  <div class='ocr_page' id='page_1' title='image "/cluster/home/n/w/nwhite01/storage/ocr_20150623/104/njp.32101077772885/011.png"; bbox 0 0 1945 3073; ppageno 0'>
   <div class='ocr_carea' id='block_1_1' title="bbox 187 163 963 202">
    <p class='ocr_par' dir='ltr' id='par_1_1' title="bbox 187 163 963 196">
     <span class='ocr_line' id='line_1_1' title="bbox 187 163 963 196; baseline -0.004 0"><span class='ocrx_word' id='word_1_1' title='bbox 187 165 217 196; x_wconf 81' lang='lat' dir='ltr'><strong>li</strong></span> <span class='ocrx_word' id='word_1_2' title='bbox 762 163 898 194; x_wconf 85' lang='grc' dir='ltr'><strong>ΡΗΟΤΠ</strong></span> <span class='ocrx_word' id='word_1_3' title='bbox 913 163 963 193; x_wconf 76' lang='lat' dir='ltr'><strong>PA‘</strong></span> 
     </span>
    </p>
   </div>
   <div class='ocr_carea' id='block_1_2' title="bbox 1013 163 1812 202">
    <p class='ocr_par' dir='ltr' id='par_1_2' title="bbox 1014 163 1812 202">
     <span class='ocr_line' id='line_1_2' title="bbox 1014 163 1812 202; baseline 0.01 -8"><span class='ocrx_word' id='word_1_4' title='bbox 1014 163 1166 195; x_wconf 74' lang='lat' dir='ltr'><strong>IARCH/E</strong></span> <span class='ocrx_word' id='word_1_5' title='bbox 1185 165 1238 196; x_wconf 75' lang='grc' dir='ltr'><strong>ΟΡ.</strong></span> <span class='ocrx_word' id='word_1_6' title='bbox 1779 170 1812 202; x_wconf 71' lang='grc'><strong>12</strong></span> 
     </span>
    </p>
   </div>
   <div class='ocr_carea' id='block_1_3' title="bbox 190 221 963 263">
    <p class='ocr_par' dir='ltr' id='par_1_3' title="bbox 190 221 963 256">
     <span class='ocr_line' id='line_1_3' title="bbox 190 221 963 256; baseline -0.005 -3"><span class='ocrx_word' id='word_1_7' title='bbox 190 225 295 253; x_wconf 83' lang='lat' dir='ltr'><strong>lucidos</strong></span> <span class='ocrx_word' id='word_1_8' title='bbox 311 225 337 251; x_wconf 92' lang='lat' dir='ltr'><strong>in</strong></span> <span class='ocrx_word' id='word_1_9' title='bbox 353 223 453 251; x_wconf 81' lang='lat' dir='ltr'><strong>fretum</strong></span> <span class='ocrx_word' id='word_1_10' title='bbox 472 222 564 250; x_wconf 90' lang='lat' dir='ltr'><strong>radios</strong></span> <span class='ocrx_word' id='word_1_11' title='bbox 578 221 707 256; x_wconf 83' lang='lat' dir='ltr'><strong>dimittat,</strong></span> <span class='ocrx_word' id='word_1_12' title='bbox 726 222 774 250; x_wconf 86' lang='lat' dir='ltr'><strong>sed</strong></span> <span class='ocrx_word' id='word_1_13' title='bbox 793 222 884 250; x_wconf 83' lang='lat' dir='ltr'><strong>cruori</strong></span> <span class='ocrx_word' id='word_1_14' title='bbox 902 222 963 249; x_wconf 87' lang='lat' dir='ltr'><strong>assi-</strong></span> 
     </span>
    </p>
   </div>
   <div class='ocr_carea' id='block_1_4' title="bbox 1013 221 1811 263">
    <p class='ocr_par' dir='ltr' id='par_1_4' title="bbox 1024 223 1811 263">
     <span class='ocr_line' id='line_1_4' title="bbox 1024 223 1811 263; baseline 0.006 -13"><span class='ocrx_word' id='word_1_15' title='bbox 1024 223 1091 259; x_wconf 76' lang='grc' dir='ltr'>ἡμῖν</span> <span class='ocrx_word' id='word_1_16' title='bbox 1108 223 1248 259; x_wconf 75' lang='grc' dir='ltr'>λαμπραῖς</span> <span class='ocrx_word' id='word_1_17' title='bbox 1266 224 1327 256; x_wconf 89' lang='grc' dir='ltr'>ταῖς</span> <span class='ocrx_word' id='word_1_18' title='bbox 1342 225 1449 252; x_wconf 81' lang='grc' dir='ltr'>ἀκτῖσιν</span> <span class='ocrx_word' id='word_1_19' title='bbox 1470 225 1511 257; x_wconf 83' lang='grc' dir='ltr'><strong>είς</strong></span> <span class='ocrx_word' id='word_1_20' title='bbox 1524 225 1570 252; x_wconf 85' lang='grc' dir='ltr'><strong>τδν</strong></span> <span class='ocrx_word' id='word_1_21' title='bbox 1592 226 1676 262; x_wconf 82' lang='grc' dir='ltr'>πόρον</span> <span class='ocrx_word' id='word_1_22' title='bbox 1691 226 1811 263; x_wconf 80' lang='grc' dir='ltr'>βάλλειν,</span> 
     </span>
    </p>
   </div>
   <div class='ocr_carea' id='block_1_5' title="bbox 189 268 974 305">
    <p class='ocr_par' dir='ltr' id='par_1_5' title="bbox 189 268 974 305">
     <span class='ocr_line' id='line_1_5' title="bbox 189 268 974 305; baseline -0.005 -6"><span class='ocrx_word' id='word_1_23' title='bbox 189 272 278 305; x_wconf 83' lang='lat' dir='ltr'><strong>miles,</strong></span> <span class='ocrx_word' id='word_1_24' title='bbox 291 271 362 299; x_wconf 89' lang='lat' dir='ltr'><strong>unde</strong></span> <span class='ocrx_word' id='word_1_25' title='bbox 373 274 514 299; x_wconf 76' lang='lat' dir='ltr'><strong>cruentam</strong></span> <span class='ocrx_word' id='word_1_26' title='bbox 524 269 609 296; x_wconf 89' lang='lat' dir='ltr'><strong>maris</strong></span> <span class='ocrx_word' id='word_1_27' title='bbox 623 268 742 304; x_wconf 85' lang='lat' dir='ltr'><strong>speciem</strong></span> <span class='ocrx_word' id='word_1_28' title='bbox 753 268 853 296; x_wconf 86' lang='lat' dir='ltr'><strong>eﬁiciat</strong></span> <span class='ocrx_word' id='word_1_29' title='bbox 865 268 974 296; x_wconf 87' lang='lat' dir='ltr'><strong>intuen-</strong></span> 
     </span>
    </p>
   </div>
   <div class='ocr_carea' id='block_1_6' title="bbox 186 315 974 350">
    <p class='ocr_par' dir='ltr' id='par_1_6' title="bbox 186 315 974 350">
     <span class='ocr_line' id='line_1_6' title="bbox 186 315 974 350; baseline -0.004 -5"><span class='ocrx_word' id='word_1_30' title='bbox 186 318 258 345; x_wconf 90' lang='lat' dir='ltr'><strong>tibus</strong></span> <span class='ocrx_word' id='word_1_31' title='bbox 272 318 329 345; x_wconf 69' lang='lat' dir='ltr'><strong>haec</strong></span> <span class='ocrx_word' id='word_1_32' title='bbox 345 317 462 345; x_wconf 81' lang='lat' dir='ltr'><strong>aﬁeetio.</strong></span> <span class='ocrx_word' id='word_1_33' title='bbox 480 315 512 343; x_wconf 87' lang='lat' dir='ltr'><strong>Et</strong></span> <span class='ocrx_word' id='word_1_34' title='bbox 522 316 586 343; x_wconf 91' lang='lat' dir='ltr'><strong>hinc</strong></span> <span class='ocrx_word' id='word_1_35' title='bbox 601 315 686 343; x_wconf 84' lang='lat' dir='ltr'><strong>Rubri</strong></span> <span class='ocrx_word' id='word_1_36' title='bbox 704 315 914 350; x_wconf 76' lang='lat' dir='ltr'><strong>appellationem</strong></span> <span class='ocrx_word' id='word_1_37' title='bbox 926 322 974 342; x_wconf 80' lang='lat' dir='ltr'><strong>ex-</strong></span> 
     </span>
    </p>
   </div>
   <div class='ocr_carea' id='block_1_7' title="bbox 186 361 972 397">
    <p class='ocr_par' dir='ltr' id='par_1_7' title="bbox 186 361 972 397">
     <span class='ocr_line' id='line_1_7' title="bbox 186 361 972 397; baseline -0.005 -5"><span class='ocrx_word' id='word_1_38' title='bbox 186 365 294 392; x_wconf 78' lang='lat' dir='ltr'><strong>sistere.</strong></span> <span class='ocrx_word' id='word_1_39' title='bbox 321 363 430 391; x_wconf 87' lang='lat' dir='ltr'><strong>Tertius</strong></span> <span class='ocrx_word' id='word_1_40' title='bbox 453 363 518 390; x_wconf 88' lang='lat' dir='ltr'><strong>hinc</strong></span> <span class='ocrx_word' id='word_1_41' title='bbox 547 370 638 389; x_wconf 86' lang='lat' dir='ltr'><strong>sermo</strong></span> <span class='ocrx_word' id='word_1_42' title='bbox 657 361 802 397; x_wconf 83' lang='lat' dir='ltr'><strong>Argolicus</strong></span> <span class='ocrx_word' id='word_1_43' title='bbox 822 367 885 389; x_wconf 90' lang='lat' dir='ltr'><strong>est:</strong></span> <span class='ocrx_word' id='word_1_44' title='bbox 902 368 972 389; x_wconf 87' lang='lat' dir='ltr'><strong>ausu</strong></span> 
     </span>
    </p>
   </div>
   <div class='ocr_carea' id='block_1_8' title="bbox 185 408 972 447">
    <p class='ocr_par' dir='ltr' id='par_1_8' title="bbox 185 408 972 447">
     <span class='ocr_line' id='line_1_8' title="bbox 185 408 972 447; baseline -0.004 -8"><span class='ocrx_word' id='word_1_45' title='bbox 185 412 295 447; x_wconf 83' lang='lat' dir='ltr'><strong>quidem</strong></span> <span class='ocrx_word' id='word_1_46' title='bbox 310 419 436 446; x_wconf 86' lang='lat' dir='ltr'><strong>magnus,</strong></span> <span class='ocrx_word' id='word_1_47' title='bbox 450 411 497 438; x_wconf 84' lang='lat' dir='ltr'><strong>sed</strong></span> <span class='ocrx_word' id='word_1_48' title='bbox 513 417 646 446; x_wconf 86' lang='lat' dir='ltr'><strong>persuasu</strong></span> <span class='ocrx_word' id='word_1_49' title='bbox 661 409 762 437; x_wconf 76' lang='lat' dir='ltr'><strong>inanis.</strong></span> <span class='ocrx_word' id='word_1_50' title='bbox 775 408 843 436; x_wconf 83' lang='lat' dir='ltr'><strong>Nam</strong></span> <span class='ocrx_word' id='word_1_51' title='bbox 859 408 906 444; x_wconf 97' lang='lat' dir='ltr'><strong>qui</strong></span> <span class='ocrx_word' id='word_1_52' title='bbox 918 409 972 436; x_wconf 91' lang='lat' dir='ltr'><strong>Cli-</strong></span> 
     </span>
    </p>
   </div>
   <div class='ocr_carea' id='block_1_9' title="bbox 184 455 971 491">
    <p class='ocr_par' dir='ltr' id='par_1_9' title="bbox 184 455 971 491">
     <span class='ocr_line' id='line_1_9' title="bbox 184 455 971 491; baseline -0.004 -6"><span class='ocrx_word' id='word_1_53' title='bbox 184 459 257 485; x_wconf 82' lang='lat' dir='ltr'><strong>niam</strong></span> <span class='ocrx_word' id='word_1_54' title='bbox 287 462 428 485; x_wconf 88' lang='lat' dir='ltr'><strong>sectantur</strong></span> <span class='ocrx_word' id='word_1_55' title='bbox 457 456 599 489; x_wconf 87' lang='lat' dir='ltr'><strong>historici,</strong></span> <span class='ocrx_word' id='word_1_56' title='bbox 625 463 659 483; x_wconf 79' lang='lat' dir='ltr'><strong>ex</strong></span> <span class='ocrx_word' id='word_1_57' title='bbox 689 459 831 491; x_wconf 85' lang='lat' dir='ltr'><strong>poetarum</strong></span> <span class='ocrx_word' id='word_1_58' title='bbox 860 455 971 483; x_wconf 82' lang='lat' dir='ltr'><strong>licentia</strong></span> 
     </span>
    </p>
   </div>
   <div class='ocr_carea' id='block_1_10' title="bbox 184 501 970 538">
    <p class='ocr_par' dir='ltr' id='par_1_10' title="bbox 184 501 970 538">
     <span class='ocr_line' id='line_1_10' title="bbox 184 501 970 538; baseline -0.003 -8"><span class='ocrx_word' id='word_1_59' title='bbox 184 504 266 530; x_wconf 88' lang='lat' dir='ltr'><strong>ctiam</strong></span> <span class='ocrx_word' id='word_1_60' title='bbox 280 503 520 538; x_wconf 80' lang='lat' dir='ltr'><strong>ipsisecuritatam</strong></span> <span class='ocrx_word' id='word_1_61' title='bbox 538 502 622 534; x_wconf 83' lang='lat' dir='ltr'><strong>nacti,</strong></span> <span class='ocrx_word' id='word_1_62' title='bbox 640 501 784 536; x_wconf 84' lang='lat' dir='ltr'><strong>perhibent</strong></span> <span class='ocrx_word' id='word_1_63' title='bbox 797 509 831 528; x_wconf 83' lang='lat' dir='ltr'><strong>ex</strong></span> <span class='ocrx_word' id='word_1_64' title='bbox 845 501 927 536; x_wconf 85' lang='lat' dir='ltr'><strong>Argis</strong></span> <span class='ocrx_word' id='word_1_65' title='bbox 943 501 970 528; x_wconf 89' lang='lat' dir='ltr'><strong>in</strong></span> 
     </span>
    </p>
   </div>
   <div class='ocr_carea' id='block_1_11' title="bbox 184 546 969 583">
    <p class='ocr_par' dir='ltr' id='par_1_11' title="bbox 184 546 969 583">
     <span class='ocr_line' id='line_1_11' title="bbox 184 546 969 583; baseline -0.001 -8"><span class='ocrx_word' id='word_1_66' title='bbox 184 548 352 583; x_wconf 65' lang='lat' dir='ltr'><strong>Aitltiopiam</strong></span> <span class='ocrx_word' id='word_1_67' title='bbox 375 548 452 583; x_wconf 60' lang='lat' dir='ltr'><strong>(qua</strong></span> <span class='ocrx_word' id='word_1_68' title='bbox 465 546 611 583; x_wconf 67' lang='lat' dir='ltr'><strong>Cephenim</strong></span> <span class='ocrx_word' id='word_1_69' title='bbox 636 551 701 574; x_wconf 90' lang='lat' dir='ltr'><strong>tunc</strong></span> <span class='ocrx_word' id='word_1_70' title='bbox 725 546 843 574; x_wconf 82' lang='lat' dir='ltr'><strong>habebat</strong></span> <span class='ocrx_word' id='word_1_71' title='bbox 858 546 969 582; x_wconf 88' lang='lat' dir='ltr'><strong>nomen)</strong></span> 
     </span>
    </p>
   </div>
   <div class='ocr_carea' id='block_1_12' title="bbox 184 592 970 628">
    <p class='ocr_par' dir='ltr' id='par_1_12' title="bbox 184 592 970 628">
     <span class='ocr_line' id='line_1_12' title="bbox 184 592 970 628; baseline -0.003 -7"><span class='ocrx_word' id='word_1_72' title='bbox 184 594 312 621; x_wconf 84' lang='lat' dir='ltr'><strong>Perseum</strong></span> <span class='ocrx_word' id='word_1_73' title='bbox 329 594 362 621; x_wconf 89' lang='lat' dir='ltr'><strong>ad</strong></span> <span class='ocrx_word' id='word_1_74' title='bbox 375 594 456 621; x_wconf 86' lang='lat' dir='ltr'><strong>ﬁliam</strong></span> <span class='ocrx_word' id='word_1_75' title='bbox 468 593 569 628; x_wconf 85' lang='lat' dir='ltr'><strong>Cephei</strong></span> <span class='ocrx_word' id='word_1_76' title='bbox 584 593 752 620; x_wconf 79' lang='lat' dir='ltr'><strong>liberandam</strong></span> <span class='ocrx_word' id='word_1_77' title='bbox 769 592 930 628; x_wconf 85' lang='lat' dir='ltr'><strong>profectum,</strong></span> <span class='ocrx_word' id='word_1_78' title='bbox 944 597 970 620; x_wconf 92' lang='lat' dir='ltr'><strong>et</strong></span> 
     </span>
    </p>
   </div>
   <div class='ocr_carea' id='block_1_13' title="bbox 183 639 968 674">
    <p class='ocr_par' dir='ltr' id='par_1_13' title="bbox 183 639 968 674">
     <span class='ocr_line' id='line_1_13' title="bbox 183 639 968 674; baseline -0.003 -7"><span class='ocrx_word' id='word_1_79' title='bbox 183 641 246 668; x_wconf 86' lang='lat' dir='ltr'><strong>inde</strong></span> <span class='ocrx_word' id='word_1_80' title='bbox 255 641 288 668; x_wconf 91' lang='lat' dir='ltr'><strong>ad</strong></span> <span class='ocrx_word' id='word_1_81' title='bbox 302 640 401 668; x_wconf 85' lang='lat' dir='ltr'><strong>Persas</strong></span> <span class='ocrx_word' id='word_1_82' title='bbox 417 645 629 674; x_wconf 84' lang='lat' dir='ltr'><strong>transgressum,</strong></span> <span class='ocrx_word' id='word_1_83' title='bbox 641 647 740 666; x_wconf 87' lang='lat' dir='ltr'><strong>nomen</strong></span> <span class='ocrx_word' id='word_1_84' title='bbox 753 639 805 667; x_wconf 86' lang='lat' dir='ltr'><strong>hoc</strong></span> <span class='ocrx_word' id='word_1_85' title='bbox 819 646 835 666; x_wconf 89' lang='lat' dir='ltr'><strong>a</strong></span> <span class='ocrx_word' id='word_1_86' title='bbox 851 639 968 666; x_wconf 93' lang='lat' dir='ltr'><strong>ﬁliorum</strong></span> 
     </span>
    </p>
   </div>
   <div class='ocr_carea' id='block_1_14' title="bbox 182 685 969 721">
    <p class='ocr_par' dir='ltr' id='par_1_14' title="bbox 182 685 969 721">
     <span class='ocr_line' id='line_1_14' title="bbox 182 685 969 721; baseline -0.004 -7"><span class='ocrx_word' id='word_1_87' title='bbox 182 687 312 721; x_wconf 89' lang='lat' dir='ltr'><strong>quopiatn</strong></span> <span class='ocrx_word' id='word_1_88' title='bbox 330 693 392 714; x_wconf 90' lang='lat' dir='ltr'><strong>cum</strong></span> <span class='ocrx_word' id='word_1_89' title='bbox 408 685 500 713; x_wconf 84' lang='lat' dir='ltr'><strong>Persis</strong></span> <span class='ocrx_word' id='word_1_90' title='bbox 513 685 731 713; x_wconf 82' lang='lat' dir='ltr'><strong>communicasse</strong></span> <span class='ocrx_word' id='word_1_91' title='bbox 749 694 756 712; x_wconf 87' lang='lat'>:</span> <span class='ocrx_word' id='word_1_92' title='bbox 775 690 803 712; x_wconf 89' lang='lat' dir='ltr'><strong>et</strong></span> <span class='ocrx_word' id='word_1_93' title='bbox 825 689 969 719; x_wconf 86' lang='lat' dir='ltr'><strong>procreato</strong></span> 
     </span>
    </p>
   </div>
   <div class='ocr_carea' id='block_1_15' title="bbox 182 730 968 769">
    <p class='ocr_par' dir='ltr' id='par_1_15' title="bbox 182 730 968 769">
     <span class='ocr_line' id='line_1_15' title="bbox 182 730 968 769; baseline -0.003 -9"><span class='ocrx_word' id='word_1_94' title='bbox 182 733 298 769; x_wconf 89' lang='lat' dir='ltr'><strong>Erythra</strong></span> <span class='ocrx_word' id='word_1_95' title='bbox 322 732 388 764; x_wconf 86' lang='lat' dir='ltr'><strong>ﬁlio,</strong></span> <span class='ocrx_word' id='word_1_96' title='bbox 403 740 502 759; x_wconf 83' lang='lat' dir='ltr'><strong>nomen</strong></span> <span class='ocrx_word' id='word_1_97' title='bbox 525 732 559 759; x_wconf 92' lang='lat' dir='ltr'><strong>ab</strong></span> <span class='ocrx_word' id='word_1_98' title='bbox 584 732 636 759; x_wconf 92' lang='lat' dir='ltr'><strong>hoc</strong></span> <span class='ocrx_word' id='word_1_99' title='bbox 657 731 728 759; x_wconf 90' lang='lat' dir='ltr'><strong>mari</strong></span> <span class='ocrx_word' id='word_1_100' title='bbox 748 731 889 759; x_wconf 83' lang='lat' dir='ltr'><strong>indidisse.</strong></span> <span class='ocrx_word' id='word_1_101' title='bbox 906 730 968 758; x_wconf 73' lang='lat' dir='ltr'><strong>Haac</strong></span> 
     </span>
    </p>
   </div>
   <div class='ocr_carea' id='block_1_16' title="bbox 181 776 968 814">
    <p class='ocr_par' dir='ltr' id='par_1_16' title="bbox 181 776 968 814">
     <span class='ocr_line' id='line_1_16' title="bbox 181 776 968 814; baseline -0.004 -8"><span class='ocrx_word' id='word_1_102' title='bbox 181 778 297 814; x_wconf 84' lang='lat' dir='ltr'><strong>protrita</strong></span> <span class='ocrx_word' id='word_1_103' title='bbox 319 782 346 806; x_wconf 87' lang='lat' dir='ltr'><strong>et</strong></span> <span class='ocrx_word' id='word_1_104' title='bbox 362 778 483 813; x_wconf 84' lang='lat' dir='ltr'><strong>vulgaris</strong></span> <span class='ocrx_word' id='word_1_105' title='bbox 502 782 545 805; x_wconf 91' lang='lat' dir='ltr'><strong>est</strong></span> <span class='ocrx_word' id='word_1_106' title='bbox 559 777 723 813; x_wconf 81' lang='lat' dir='ltr'><strong>Argivorum</strong></span> <span class='ocrx_word' id='word_1_107' title='bbox 742 776 776 804; x_wconf 91' lang='lat' dir='ltr'><strong>de</strong></span> <span class='ocrx_word' id='word_1_108' title='bbox 789 776 883 804; x_wconf 83' lang='lat' dir='ltr'><strong>Rubro</strong></span> <span class='ocrx_word' id='word_1_109' title='bbox 899 776 968 803; x_wconf 81' lang='lat' dir='ltr'><strong>mari</strong></span> 
     </span>
    </p>
   </div>
   <div class='ocr_carea' id='block_1_17' title="bbox 180 822 967 857">
    <p class='ocr_par' dir='ltr' id='par_1_17' title="bbox 180 822 967 857">
     <span class='ocr_line' id='line_1_17' title="bbox 180 822 967 857; baseline -0.004 -5"><span class='ocrx_word' id='word_1_110' title='bbox 180 825 282 852; x_wconf 79' lang='lat' dir='ltr'><strong>fabula.</strong></span> <span class='ocrx_word' id='word_1_111' title='bbox 309 824 429 857; x_wconf 87' lang='lat' dir='ltr'><strong>Quarta,</strong></span> <span class='ocrx_word' id='word_1_112' title='bbox 457 828 485 851; x_wconf 90' lang='lat' dir='ltr'><strong>et</strong></span> <span class='ocrx_word' id='word_1_113' title='bbox 511 830 576 851; x_wconf 92' lang='lat' dir='ltr'><strong>vero</strong></span> <span class='ocrx_word' id='word_1_114' title='bbox 603 830 658 850; x_wconf 93' lang='lat' dir='ltr'><strong>non</strong></span> <span class='ocrx_word' id='word_1_115' title='bbox 680 823 717 850; x_wconf 88' lang='lat' dir='ltr'><strong>ita</strong></span> <span class='ocrx_word' id='word_1_116' title='bbox 738 823 868 850; x_wconf 88' lang='lat' dir='ltr'><strong>aberrans</strong></span> <span class='ocrx_word' id='word_1_117' title='bbox 897 822 967 850; x_wconf 86' lang='lat' dir='ltr'><strong>ratio</strong></span> 
     </span>
    </p>
   </div>
   <div class='ocr_carea' id='block_1_18' title="bbox 180 868 966 907">
    <p class='ocr_par' dir='ltr' id='par_1_18' title="bbox 180 868 966 907">
     <span class='ocr_line' id='line_1_18' title="bbox 180 868 966 907; baseline -0.003 -9"><span class='ocrx_word' id='word_1_118' title='bbox 180 871 274 907; x_wconf 87' lang='lat' dir='ltr'><strong>(quam</strong></span> <span class='ocrx_word' id='word_1_119' title='bbox 297 875 394 898; x_wconf 85' lang='lat' dir='ltr'><strong>auctor</strong></span> <span class='ocrx_word' id='word_1_120' title='bbox 416 878 449 897; x_wconf 80' lang='lat' dir='ltr'><strong>ex</strong></span> <span class='ocrx_word' id='word_1_121' title='bbox 466 868 549 897; x_wconf 81' lang='lat' dir='ltr'><strong>Persa</strong></span> <span class='ocrx_word' id='word_1_122' title='bbox 567 868 687 904; x_wconf 89' lang='lat' dir='ltr'><strong>quodam</strong></span> <span class='ocrx_word' id='word_1_123' title='bbox 702 868 777 896; x_wconf 81' lang='lat' dir='ltr'><strong>Boxo</strong></span> <span class='ocrx_word' id='word_1_124' title='bbox 795 876 825 895; x_wconf 87' lang='lat' dir='ltr'><strong>se</strong></span> <span class='ocrx_word' id='word_1_125' title='bbox 838 868 966 896; x_wconf 83' lang='lat' dir='ltr'><strong>didicisse</strong></span> 
     </span>
    </p>
   </div>
   <div class='ocr_carea' id='block_1_19' title="bbox 1024 268 1812 310">
    <p class='ocr_par' dir='ltr' id='par_1_19' title="bbox 1024 268 1812 310">
     <span class='ocr_line' id='line_1_19' title="bbox 1024 268 1812 310; baseline 0.01 -16"><span class='ocrx_word' id='word_1_126' title='bbox 1024 268 1093 295; x_wconf 73' lang='grc' dir='ltr'>ἀλλὰ</span> <span class='ocrx_word' id='word_1_127' title='bbox 1108 269 1275 305; x_wconf 80' lang='grc' dir='ltr'>παρομοίαις</span> <span class='ocrx_word' id='word_1_128' title='bbox 1288 269 1394 305; x_wconf 74' lang='grc' dir='ltr'>αἵματι,</span> <span class='ocrx_word' id='word_1_129' title='bbox 1408 270 1439 303; x_wconf 76' lang='grc' dir='ltr'><strong>ἐξ</strong></span> <span class='ocrx_word' id='word_1_130' title='bbox 1454 268 1492 298; x_wconf 84' lang='grc' dir='ltr'><strong>ὧν</strong></span> <span class='ocrx_word' id='word_1_131' title='bbox 1505 273 1562 304; x_wconf 84' lang='grc' dir='ltr'>τοῖς</span> <span class='ocrx_word' id='word_1_132' title='bbox 1576 272 1677 308; x_wconf 78' lang='grc' dir='ltr'>ὁρῶσιν</span> <span class='ocrx_word' id='word_1_133' title='bbox 1692 273 1812 310; x_wconf 78' lang='grc' dir='ltr'><strong>ὕφαιμον</strong></span> 
     </span>
    </p>
   </div>
   <div class='ocr_carea' id='block_1_20' title="bbox 1024 315 1810 359">
    <p class='ocr_par' dir='ltr' id='par_1_20' title="bbox 1024 315 1810 359">
     <span class='ocr_line' id='line_1_20' title="bbox 1024 315 1810 359; baseline 0.009 -18"><span class='ocrx_word' id='word_1_134' title='bbox 1024 316 1245 350; x_wconf 77' lang='grc' dir='ltr'><strong>παρασκευάζειν</strong></span> <span class='ocrx_word' id='word_1_135' title='bbox 1263 315 1293 343; x_wconf 81' lang='grc' dir='ltr'>τὸ</span> <span class='ocrx_word' id='word_1_136' title='bbox 1305 316 1390 350; x_wconf 83' lang='grc' dir='ltr'>πάθος</span> <span class='ocrx_word' id='word_1_137' title='bbox 1404 318 1454 353; x_wconf 84' lang='grc' dir='ltr'>τὴν</span> <span class='ocrx_word' id='word_1_138' title='bbox 1467 319 1516 353; x_wconf 84' lang='grc' dir='ltr'>τῆς</span> <span class='ocrx_word' id='word_1_139' title='bbox 1531 318 1667 359; x_wconf 82' lang='grc' dir='ltr'><strong>θαλάττης</strong></span> <span class='ocrx_word' id='word_1_140' title='bbox 1680 319 1810 356; x_wconf 78' lang='grc' dir='ltr'>ἔμφασιν,</span> 
     </span>
    </p>
   </div>
   <div class='ocr_carea' id='block_1_21' title="bbox 1023 361 1811 400">
    <p class='ocr_par' dir='ltr' id='par_1_21' title="bbox 1023 361 1811 400">
     <span class='ocr_line' id='line_1_21' title="bbox 1023 361 1811 400; baseline 0.009 -14"><span class='ocrx_word' id='word_1_141' title='bbox 1023 361 1151 388; x_wconf 85' lang='grc' dir='ltr'>κάκεῖθεν</span> <span class='ocrx_word' id='word_1_142' title='bbox 1175 361 1307 397; x_wconf 81' lang='grc' dir='ltr'>Ἐρυθρὰν</span> <span class='ocrx_word' id='word_1_143' title='bbox 1318 362 1564 398; x_wconf 84' lang='grc' dir='ltr'>κατονομάζεσθαι.</span> <span class='ocrx_word' id='word_1_144' title='bbox 1581 364 1678 400; x_wconf 80' lang='grc' dir='ltr'>Τρίτος</span> <span class='ocrx_word' id='word_1_145' title='bbox 1692 366 1720 393; x_wconf 93' lang='grc' dir='ltr'>δέ</span> <span class='ocrx_word' id='word_1_146' title='bbox 1736 367 1811 394; x_wconf 79' lang='grc' dir='ltr'>ἐστιν</span> 
     </span>
    </p>
   </div>
   <div class='ocr_carea' id='block_1_22' title="bbox 1022 405 1809 447">
    <p class='ocr_par' dir='ltr' id='par_1_22' title="bbox 1022 405 1809 447">
     <span class='ocr_line' id='line_1_22' title="bbox 1022 405 1809 447; baseline 0.009 -16"><span class='ocrx_word' id='word_1_147' title='bbox 1022 405 1037 431; x_wconf 85' lang='grc' dir='ltr'><strong>ό</strong></span> <span class='ocrx_word' id='word_1_148' title='bbox 1057 405 1213 441; x_wconf 74' lang='grc' dir='ltr'><strong>Ἀργολικὸς</strong></span> <span class='ocrx_word' id='word_1_149' title='bbox 1227 406 1247 421; x_wconf 87' lang='grc'><strong>¹²</strong></span> <span class='ocrx_word' id='word_1_150' title='bbox 1277 406 1367 441; x_wconf 88' lang='grc' dir='ltr'>λόγος,</span> <span class='ocrx_word' id='word_1_151' title='bbox 1383 407 1413 439; x_wconf 82' lang='grc' dir='ltr'>ὃς</span> <span class='ocrx_word' id='word_1_152' title='bbox 1430 408 1488 435; x_wconf 79' lang='grc' dir='ltr'>ἐστι</span> <span class='ocrx_word' id='word_1_153' title='bbox 1502 407 1592 444; x_wconf 82' lang='grc' dir='ltr'>(φησὶ)</span> <span class='ocrx_word' id='word_1_154' title='bbox 1604 411 1637 445; x_wconf 82' lang='grc' dir='ltr'>τῇ</span> <span class='ocrx_word' id='word_1_155' title='bbox 1654 409 1704 446; x_wconf 82' lang='grc' dir='ltr'>μὲν</span> <span class='ocrx_word' id='word_1_156' title='bbox 1722 411 1809 447; x_wconf 81' lang='grc' dir='ltr'>τόλμῃ</span> 
     </span>
    </p>
   </div>
   <div class='ocr_carea' id='block_1_23' title="bbox 1023 450 1810 492">
    <p class='ocr_par' dir='ltr' id='par_1_23' title="bbox 1023 450 1810 492">
     <span class='ocr_line' id='line_1_23' title="bbox 1023 450 1810 492; baseline 0.009 -15"><span class='ocrx_word' id='word_1_157' title='bbox 1023 450 1123 486; x_wconf 83' lang='grc' dir='ltr'>μέγας,</span> <span class='ocrx_word' id='word_1_158' title='bbox 1136 453 1170 487; x_wconf 85' lang='grc' dir='ltr'>τῇ</span> <span class='ocrx_word' id='word_1_159' title='bbox 1183 451 1205 478; x_wconf 87' lang='grc' dir='ltr'>δ’</span> <span class='ocrx_word' id='word_1_160' title='bbox 1226 452 1373 487; x_wconf 79' lang='grc' dir='ltr'><strong>ἀποδείξει]</strong></span> <span class='ocrx_word' id='word_1_161' title='bbox 1384 453 1406 469; x_wconf 86' lang='grc'><strong>¹³</strong></span> <span class='ocrx_word' id='word_1_162' title='bbox 1423 453 1559 487; x_wconf 76' lang='grc' dir='ltr'>κενός.ζοί</span> <span class='ocrx_word' id='word_1_163' title='bbox 1578 455 1633 491; x_wconf 83' lang='grc' dir='ltr'><strong>γὰρ</strong></span> <span class='ocrx_word' id='word_1_164' title='bbox 1650 456 1716 492; x_wconf 80' lang='grc' dir='ltr'>περὶ</span> <span class='ocrx_word' id='word_1_165' title='bbox 1726 456 1810 484; x_wconf 81' lang='grc' dir='ltr'>Κλει·</span> 
     </span>
    </p>
   </div>
   <div class='ocr_carea' id='block_1_24' title="bbox 1021 496 1809 536">
    <p class='ocr_par' dir='ltr' id='par_1_24' title="bbox 1021 496 1809 536">
     <span class='ocr_line' id='line_1_24' title="bbox 1021 496 1809 536; baseline 0.008 -13"><span class='ocrx_word' id='word_1_166' title='bbox 1021 496 1082 523; x_wconf 88' lang='grc' dir='ltr'>νιαν</span> <span class='ocrx_word' id='word_1_167' title='bbox 1107 498 1238 533; x_wconf 81' lang='grc' dir='ltr'>ἱστορικοί</span> <span class='ocrx_word' id='word_1_168' title='bbox 1259 507 1352 532; x_wconf 85' lang='grc' dir='ltr'>φασιν,</span> <span class='ocrx_word' id='word_1_169' title='bbox 1380 499 1434 526; x_wconf 72' lang='grc' dir='ltr'><strong>ἀπὸ</strong></span> <span class='ocrx_word' id='word_1_170' title='bbox 1446 499 1496 534; x_wconf 85' lang='grc' dir='ltr'>τῆς</span> <span class='ocrx_word' id='word_1_171' title='bbox 1518 500 1665 536; x_wconf 78' lang='grc' dir='ltr'>ποιητικῆς</span> <span class='ocrx_word' id='word_1_172' title='bbox 1686 501 1809 534; x_wconf 71' lang='grc' dir='ltr'>ἐξουσίας</span> 
     </span>
    </p>
   </div>
   <div class='ocr_carea' id='block_1_25' title="bbox 1021 543 1808 582">
    <p class='ocr_par' dir='ltr' id='par_1_25' title="bbox 1021 543 1808 582">
     <span class='ocr_line' id='line_1_25' title="bbox 1021 543 1808 582; baseline 0.008 -12"><span class='ocrx_word' id='word_1_173' title='bbox 1021 543 1068 570; x_wconf 78' lang='grc' dir='ltr'>καὶ</span> <span class='ocrx_word' id='word_1_174' title='bbox 1084 543 1159 570; x_wconf 73' lang='grc' dir='ltr'>αὐτοὶ</span> <span class='ocrx_word' id='word_1_175' title='bbox 1174 543 1267 572; x_wconf 78' lang='grc' dir='ltr'>ἄδειαν</span> <span class='ocrx_word' id='word_1_176' title='bbox 1277 545 1417 578; x_wconf 78' lang='grc' dir='ltr'>λαὸόντες,</span> <span class='ocrx_word' id='word_1_177' title='bbox 1433 545 1463 579; x_wconf 66' lang='grc' dir='ltr'><strong>ἐξ</strong></span> <span class='ocrx_word' id='word_1_178' title='bbox 1476 546 1594 582; x_wconf 80' lang='grc' dir='ltr'>’Δργους</span> <span class='ocrx_word' id='word_1_179' title='bbox 1612 548 1652 579; x_wconf 84' lang='grc' dir='ltr'>εις</span> <span class='ocrx_word' id='word_1_180' title='bbox 1664 549 1808 576; x_wconf 77' lang='grc' dir='ltr'>Αἰθιοπίαν</span> 
     </span>
    </p>
   </div>
   <div class='ocr_carea' id='block_1_26' title="bbox 1022 589 1808 627">
    <p class='ocr_par' dir='ltr' id='par_1_26' title="bbox 1022 589 1808 627">
     <span class='ocr_line' id='line_1_26' title="bbox 1022 589 1808 627; baseline 0.008 -12"><span class='ocrx_word' id='word_1_181' title='bbox 1022 589 1155 624; x_wconf 78' lang='grc' dir='ltr'>(ἐκαλεῖτο</span> <span class='ocrx_word' id='word_1_182' title='bbox 1166 589 1194 616; x_wconf 78' lang='grc' dir='ltr'>δὲ</span> <span class='ocrx_word' id='word_1_183' title='bbox 1208 590 1268 616; x_wconf 83' lang='grc' dir='ltr'>τότε</span> <span class='ocrx_word' id='word_1_184' title='bbox 1285 590 1425 626; x_wconf 83' lang='grc' dir='ltr'>Κηφηνία)</span> <span class='ocrx_word' id='word_1_185' title='bbox 1442 593 1653 627; x_wconf 81' lang='grc' dir='ltr'>παραγεγονότα</span> <span class='ocrx_word' id='word_1_186' title='bbox 1667 594 1715 620; x_wconf 78' lang='grc' dir='ltr'><strong>ἐπὶ</strong></span> <span class='ocrx_word' id='word_1_187' title='bbox 1729 593 1808 621; x_wconf 81' lang='grc' dir='ltr'><strong>λύσει</strong></span> 
     </span>
    </p>
   </div>
   <div class='ocr_carea' id='block_1_27' title="bbox 1020 635 1807 673">
    <p class='ocr_par' dir='ltr' id='par_1_27' title="bbox 1020 635 1807 673">
     <span class='ocr_line' id='line_1_27' title="bbox 1020 635 1807 673; baseline 0.005 -11"><span class='ocrx_word' id='word_1_188' title='bbox 1020 635 1071 669; x_wconf 81' lang='grc' dir='ltr'>τῆς</span> <span class='ocrx_word' id='word_1_189' title='bbox 1100 635 1218 670; x_wconf 77' lang='grc' dir='ltr'><strong>Κηφέως</strong></span> <span class='ocrx_word' id='word_1_190' title='bbox 1238 635 1373 672; x_wconf 79' lang='grc' dir='ltr'>θυγατρὸς</span> <span class='ocrx_word' id='word_1_191' title='bbox 1389 637 1435 663; x_wconf 82' lang='grc' dir='ltr'>τὸν</span> <span class='ocrx_word' id='word_1_192' title='bbox 1460 637 1579 673; x_wconf 83' lang='grc' dir='ltr'><strong>Περσέα,</strong></span> <span class='ocrx_word' id='word_1_193' title='bbox 1600 639 1706 666; x_wconf 84' lang='grc' dir='ltr'>ὲκεῖθεν</span> <span class='ocrx_word' id='word_1_194' title='bbox 1724 639 1752 666; x_wconf 81' lang='grc' dir='ltr'>δὲ</span> <span class='ocrx_word' id='word_1_195' title='bbox 1766 640 1807 672; x_wconf 76' lang='grc' dir='ltr'>εἰς</span> 
     </span>
    </p>
   </div>
   <div class='ocr_carea' id='block_1_28' title="bbox 1020 681 1807 720">
    <p class='ocr_par' dir='ltr' id='par_1_28' title="bbox 1020 681 1807 720">
     <span class='ocr_line' id='line_1_28' title="bbox 1020 681 1807 720; baseline 0.006 -12"><span class='ocrx_word' id='word_1_196' title='bbox 1020 681 1127 716; x_wconf 83' lang='grc' dir='ltr'><strong>Πέρσας</strong></span> <span class='ocrx_word' id='word_1_197' title='bbox 1150 682 1321 717; x_wconf 79' lang='grc' dir='ltr'><strong>μεταστάντα</strong></span> <span class='ocrx_word' id='word_1_198' title='bbox 1337 682 1368 716; x_wconf 61' lang='grc'><strong>’⁸,</strong></span> <span class='ocrx_word' id='word_1_199' title='bbox 1392 683 1510 718; x_wconf 83' lang='grc' dir='ltr'><strong>Πέρσαις</strong></span> <span class='ocrx_word' id='word_1_200' title='bbox 1529 684 1577 720; x_wconf 77' lang='grc' dir='ltr'>μὲν</span> <span class='ocrx_word' id='word_1_201' title='bbox 1591 685 1646 712; x_wconf 85' lang='grc' dir='ltr'><strong>ἀπό</strong></span> <span class='ocrx_word' id='word_1_202' title='bbox 1664 694 1736 718; x_wconf 91' lang='grc' dir='ltr'>τινος</span> <span class='ocrx_word' id='word_1_203' title='bbox 1753 686 1807 713; x_wconf 80' lang='grc' dir='ltr'>τῶν</span> 
     </span>
    </p>
   </div>
   <div class='ocr_carea' id='block_1_29' title="bbox 1019 729 1808 767">
    <p class='ocr_par' dir='ltr' id='par_1_29' title="bbox 1019 729 1808 767">
     <span class='ocr_line' id='line_1_29' title="bbox 1019 729 1808 767; baseline 0.005 -12"><span class='ocrx_word' id='word_1_204' title='bbox 1019 729 1139 763; x_wconf 83' lang='grc' dir='ltr'>ἐγγόνων</span> <span class='ocrx_word' id='word_1_205' title='bbox 1150 730 1198 764; x_wconf 79' lang='grc' dir='ltr'>τῆς</span> <span class='ocrx_word' id='word_1_206' title='bbox 1213 730 1337 765; x_wconf 72' lang='grc' dir='ltr'>κλήσεως</span> <span class='ocrx_word' id='word_1_207' title='bbox 1367 730 1526 766; x_wconf 81' lang='grc' dir='ltr'>μεταδοῦναι</span> <span class='ocrx_word' id='word_1_208' title='bbox 1536 751 1544 764; x_wconf 84' lang='grc'><em>,</em></span> <span class='ocrx_word' id='word_1_209' title='bbox 1557 730 1690 767; x_wconf 88' lang='grc' dir='ltr'>Ἐρύθραν</span> <span class='ocrx_word' id='word_1_210' title='bbox 1702 731 1731 758; x_wconf 76' lang='grc' dir='ltr'>δὲ</span> <span class='ocrx_word' id='word_1_211' title='bbox 1744 741 1808 766; x_wconf 78' lang='grc' dir='ltr'>γεν-</span> 
     </span>
    </p>
   </div>
   <div class='ocr_carea' id='block_1_30' title="bbox 1019 775 1806 814">
    <p class='ocr_par' dir='ltr' id='par_1_30' title="bbox 1019 775 1806 814">
     <span class='ocr_line' id='line_1_30' title="bbox 1019 775 1806 814; baseline 0.004 -12"><span class='ocrx_word' id='word_1_212' title='bbox 1019 775 1101 810; x_wconf 86' lang='grc' dir='ltr'>νῆσαι</span> <span class='ocrx_word' id='word_1_213' title='bbox 1118 776 1185 809; x_wconf 81' lang='grc' dir='ltr'>υἱὸν,</span> <span class='ocrx_word' id='word_1_214' title='bbox 1198 776 1246 803; x_wconf 76' lang='grc' dir='ltr'>καὶ</span> <span class='ocrx_word' id='word_1_215' title='bbox 1261 776 1292 809; x_wconf 75' lang='grc' dir='ltr'>ἐξ</span> <span class='ocrx_word' id='word_1_216' title='bbox 1304 776 1410 804; x_wconf 80' lang='grc' dir='ltr'>ἐκείνου</span> <span class='ocrx_word' id='word_1_217' title='bbox 1425 778 1459 812; x_wconf 84' lang='grc' dir='ltr'>τῇ</span> <span class='ocrx_word' id='word_1_218' title='bbox 1473 777 1596 814; x_wconf 76' lang='grc' dir='ltr'><strong>Θαλάσσῃ</strong></span> <span class='ocrx_word' id='word_1_219' title='bbox 1610 778 1632 794; x_wconf 74' lang='grc'><strong>³⁵</strong></span> <span class='ocrx_word' id='word_1_220' title='bbox 1646 778 1696 814; x_wconf 85' lang='grc' dir='ltr'>τὴν</span> <span class='ocrx_word' id='word_1_221' title='bbox 1708 777 1806 813; x_wconf 80' lang='grc' dir='ltr'>κλῆσιν</span> 
     </span>
    </p>
   </div>
   <div class='ocr_carea' id='block_1_31' title="bbox 1018 821 1807 860">
    <p class='ocr_par' dir='ltr' id='par_1_31' title="bbox 1018 821 1807 860">
     <span class='ocr_line' id='line_1_31' title="bbox 1018 821 1807 860; baseline 0.004 -13"><span class='ocrx_word' id='word_1_222' title='bbox 1018 821 1182 857; x_wconf 83' lang='grc' dir='ltr'>παρασχεῖν.</span> <span class='ocrx_word' id='word_1_223' title='bbox 1199 821 1326 853; x_wconf 80' lang='grc' dir='ltr'>Τοιοῦτος</span> <span class='ocrx_word' id='word_1_224' title='bbox 1344 821 1393 857; x_wconf 72' lang='grc' dir='ltr'>μὲν</span> <span class='ocrx_word' id='word_1_225' title='bbox 1415 822 1462 849; x_wconf 85' lang='grc' dir='ltr'>καὶ</span> <span class='ocrx_word' id='word_1_226' title='bbox 1477 823 1491 850; x_wconf 82' lang='grc' dir='ltr'>ὁ</span> <span class='ocrx_word' id='word_1_227' title='bbox 1509 822 1666 858; x_wconf 69' lang='grc' dir='ltr'>Ἀργολικὸς</span> <span class='ocrx_word' id='word_1_228' title='bbox 1680 823 1746 858; x_wconf 78' lang='grc' dir='ltr'>περὶ</span> <span class='ocrx_word' id='word_1_229' title='bbox 1754 823 1807 860; x_wconf 84' lang='grc' dir='ltr'><strong>τῆς</strong></span> 
     </span>
    </p>
   </div>
   <div class='ocr_carea' id='block_1_32' title="bbox 1025 867 1806 904">
    <p class='ocr_par' dir='ltr' id='par_1_32' title="bbox 1025 867 1806 904">
     <span class='ocr_line' id='line_1_32' title="bbox 1025 867 1806 904; baseline 0.005 -11"><span class='ocrx_word' id='word_1_230' title='bbox 1025 867 1159 902; x_wconf 82' lang='grc' dir='ltr'>Ἐρυθρᾶς</span> <span class='ocrx_word' id='word_1_231' title='bbox 1173 867 1310 904; x_wconf 78' lang='grc' dir='ltr'>θαλάσσης</span> <span class='ocrx_word' id='word_1_232' title='bbox 1332 868 1502 903; x_wconf 84' lang='grc' dir='ltr'>σχεδιασμός.</span> <span class='ocrx_word' id='word_1_233' title='bbox 1525 869 1659 904; x_wconf 81' lang='grc' dir='ltr'><strong>Τέταρτος</strong></span> <span class='ocrx_word' id='word_1_234' title='bbox 1671 869 1700 896; x_wconf 76' lang='grc' dir='ltr'>δὲ</span> <span class='ocrx_word' id='word_1_235' title='bbox 1718 870 1740 886; x_wconf 86' lang='grc'><strong>¹⁶</strong></span> <span class='ocrx_word' id='word_1_236' title='bbox 1756 869 1806 897; x_wconf 76' lang='grc' dir='ltr'>καὶ</span> 
     </span>
    </p>
   </div>
   <div class='ocr_carea' id='block_1_33' title="bbox 179 910 963 952">
    <p class='ocr_par' dir='ltr' id='par_1_33' title="bbox 179 914 963 950">
     <span class='ocr_line' id='line_1_33' title="bbox 179 914 963 950; baseline -0.003 -7"><span class='ocrx_word' id='word_1_237' title='bbox 179 916 308 950; x_wconf 80' lang='lat' dir='ltr'><strong>aﬂirmat,</strong></span> <span class='ocrx_word' id='word_1_238' title='bbox 327 920 355 943; x_wconf 86' lang='lat' dir='ltr'><strong>et</strong></span> <span class='ocrx_word' id='word_1_239' title='bbox 377 915 470 950; x_wconf 85' lang='lat' dir='ltr'><strong>lingua</strong></span> <span class='ocrx_word' id='word_1_240' title='bbox 493 919 520 942; x_wconf 90' lang='lat' dir='ltr'><strong>et</strong></span> <span class='ocrx_word' id='word_1_241' title='bbox 540 920 631 942; x_wconf 91' lang='lat' dir='ltr'><strong>mente</strong></span> <span class='ocrx_word' id='word_1_242' title='bbox 644 914 754 942; x_wconf 63' lang='lat' dir='ltr'><strong>Graecos</strong></span> <span class='ocrx_word' id='word_1_243' title='bbox 767 914 900 947; x_wconf 87' lang='lat' dir='ltr'><strong>imitante,</strong></span> <span class='ocrx_word' id='word_1_244' title='bbox 920 915 963 948; x_wconf 85' lang='lat' dir='ltr'><strong>qui</strong></span> 
     </span>
    </p>
   </div>
   <div class='ocr_carea' id='block_1_34' title="bbox 1013 910 1803 952">
    <p class='ocr_par' dir='ltr' id='par_1_34' title="bbox 1019 913 1803 952">
     <span class='ocr_line' id='line_1_34' title="bbox 1019 913 1803 952; baseline 0.004 -12"><span class='ocrx_word' id='word_1_245' title='bbox 1019 913 1123 949; x_wconf 82' lang='grc' dir='ltr'>ἀληθής</span> <span class='ocrx_word' id='word_1_246' title='bbox 1135 914 1210 940; x_wconf 74' lang='grc' dir='ltr'>ἐστιν</span> <span class='ocrx_word' id='word_1_247' title='bbox 1220 934 1228 946; x_wconf 88' lang='lat'><strong>,</strong></span> <span class='ocrx_word' id='word_1_248' title='bbox 1245 913 1275 941; x_wconf 84' lang='grc' dir='ltr'>ὃν</span> <span class='ocrx_word' id='word_1_249' title='bbox 1289 914 1371 946; x_wconf 80' lang='grc' dir='ltr'>αὐτὸς</span> <span class='ocrx_word' id='word_1_250' title='bbox 1386 915 1407 931; x_wconf 88' lang='lat'><strong>&quot;</strong></span> <span class='ocrx_word' id='word_1_251' title='bbox 1424 915 1566 951; x_wconf 80' lang='grc' dir='ltr'>μεμάθηκε</span> <span class='ocrx_word' id='word_1_252' title='bbox 1580 915 1656 951; x_wconf 88' lang='grc' dir='ltr'><strong>παρά</strong></span> <span class='ocrx_word' id='word_1_253' title='bbox 1673 916 1780 952; x_wconf 82' lang='grc' dir='ltr'>Πέρσου</span> <span class='ocrx_word' id='word_1_254' title='bbox 1794 924 1803 932; x_wconf 90' lang='grc'><strong>·</strong></span> 
     </span>
    </p>
   </div>
   <div class='ocr_carea' id='block_1_35' title="bbox 178 960 967 996">
    <p class='ocr_par' dir='ltr' id='par_1_35' title="bbox 178 960 967 996">
     <span class='ocr_line' id='line_1_35' title="bbox 178 960 967 996; baseline 0 -8"><span class='ocrx_word' id='word_1_255' title='bbox 178 962 273 989; x_wconf 84' lang='lat' dir='ltr'><strong>relicta</strong></span> <span class='ocrx_word' id='word_1_256' title='bbox 291 961 381 996; x_wconf 90' lang='lat' dir='ltr'><strong>patria</strong></span> <span class='ocrx_word' id='word_1_257' title='bbox 395 961 512 988; x_wconf 85' lang='lat' dir='ltr'><strong>Athenis</strong></span> <span class='ocrx_word' id='word_1_258' title='bbox 532 960 615 988; x_wconf 88' lang='lat' dir='ltr'><strong>vitam</strong></span> <span class='ocrx_word' id='word_1_259' title='bbox 630 960 726 995; x_wconf 86' lang='lat' dir='ltr'><strong>egerit)</strong></span> <span class='ocrx_word' id='word_1_260' title='bbox 751 967 785 987; x_wconf 81' lang='lat' dir='ltr'><strong>ex</strong></span> <span class='ocrx_word' id='word_1_261' title='bbox 809 960 967 988; x_wconf 88' lang='lat' dir='ltr'><strong>narratione</strong></span> 
     </span>
    </p>
   </div>
   <div class='ocr_carea' id='block_1_36' title="bbox 178 1005 964 1042">
    <p class='ocr_par' dir='ltr' id='par_1_36' title="bbox 178 1005 964 1042">
     <span class='ocr_line' id='line_1_36' title="bbox 178 1005 964 1042; baseline -0.003 -7"><span class='ocrx_word' id='word_1_262' title='bbox 178 1007 270 1035; x_wconf 63' lang='lat' dir='ltr'><strong>Persae</strong></span> <span class='ocrx_word' id='word_1_263' title='bbox 281 1007 339 1035; x_wconf 68' lang='lat' dir='ltr'><strong>haec</strong></span> <span class='ocrx_word' id='word_1_264' title='bbox 354 1012 395 1035; x_wconf 90' lang='lat' dir='ltr'><strong>est</strong></span> <span class='ocrx_word' id='word_1_265' title='bbox 409 1017 415 1034; x_wconf 91' lang='lat'>:</span> <span class='ocrx_word' id='word_1_266' title='bbox 433 1006 565 1042; x_wconf 84' lang='lat' dir='ltr'><strong>Erythras</strong></span> <span class='ocrx_word' id='word_1_267' title='bbox 578 1005 687 1041; x_wconf 82' lang='lat' dir='ltr'><strong>quidem</strong></span> <span class='ocrx_word' id='word_1_268' title='bbox 702 1005 861 1041; x_wconf 77' lang='lat' dir='ltr'><strong>fuitgenere</strong></span> <span class='ocrx_word' id='word_1_269' title='bbox 873 1006 964 1039; x_wconf 88' lang='lat' dir='ltr'><strong>Persa,</strong></span> 
     </span>
    </p>
   </div>
   <div class='ocr_carea' id='block_1_37' title="bbox 179 1052 965 1089">
    <p class='ocr_par' dir='ltr' id='par_1_37' title="bbox 179 1052 965 1089">
     <span class='ocr_line' id='line_1_37' title="bbox 179 1052 965 1089; baseline -0.003 -8"><span class='ocrx_word' id='word_1_270' title='bbox 179 1054 252 1081; x_wconf 84' lang='lat' dir='ltr'><strong>ﬁlius</strong></span> <span class='ocrx_word' id='word_1_271' title='bbox 279 1053 401 1089; x_wconf 76' lang='lat' dir='ltr'><strong>Myosaei,</strong></span> <span class='ocrx_word' id='word_1_272' title='bbox 420 1054 466 1088; x_wconf 93' lang='lat' dir='ltr'><strong>qui</strong></span> <span class='ocrx_word' id='word_1_273' title='bbox 496 1053 580 1080; x_wconf 81' lang='lat' dir='ltr'><strong>animi</strong></span> <span class='ocrx_word' id='word_1_274' title='bbox 606 1053 751 1088; x_wconf 63' lang='lat' dir='ltr'><strong>praesentia</strong></span> <span class='ocrx_word' id='word_1_275' title='bbox 777 1057 805 1080; x_wconf 94' lang='lat' dir='ltr'><strong>et</strong></span> <span class='ocrx_word' id='word_1_276' title='bbox 829 1052 855 1079; x_wconf 83' lang='lat' dir='ltr'><strong>vi</strong></span> <span class='ocrx_word' id='word_1_277' title='bbox 883 1059 965 1087; x_wconf 87' lang='lat' dir='ltr'><strong>opum</strong></span> 
     </span>
    </p>
   </div>
   <div class='ocr_carea' id='block_1_38' title="bbox 177 1096 966 1134">
    <p class='ocr_par' dir='ltr' id='par_1_38' title="bbox 177 1096 966 1134">
     <span class='ocr_line' id='line_1_38' title="bbox 177 1096 966 1134; baseline -0.004 -8"><span class='ocrx_word' id='word_1_278' title='bbox 177 1099 337 1134; x_wconf 60' lang='lat' dir='ltr'><strong>praeclaram</strong></span> <span class='ocrx_word' id='word_1_279' title='bbox 361 1098 414 1125; x_wconf 89' lang='lat' dir='ltr'><strong>sibi</strong></span> <span class='ocrx_word' id='word_1_280' title='bbox 444 1098 676 1126; x_wconf 81' lang='lat' dir='ltr'><strong>existimationem</strong></span> <span class='ocrx_word' id='word_1_281' title='bbox 704 1097 884 1133; x_wconf 85' lang='lat' dir='ltr'><strong>comparavit.</strong></span> <span class='ocrx_word' id='word_1_282' title='bbox 911 1096 966 1124; x_wconf 86' lang='lat' dir='ltr'><strong>Do-</strong></span> 
     </span>
    </p>
   </div>
   <div class='ocr_carea' id='block_1_39' title="bbox 178 1144 967 1180">
    <p class='ocr_par' dir='ltr' id='par_1_39' title="bbox 178 1144 967 1180">
     <span class='ocr_line' id='line_1_39' title="bbox 178 1144 967 1180; baseline 0 -9"><span class='ocrx_word' id='word_1_283' title='bbox 178 1151 296 1180; x_wconf 90' lang='lat' dir='ltr'><strong>musque</strong></span> <span class='ocrx_word' id='word_1_284' title='bbox 307 1144 368 1179; x_wconf 87' lang='lat' dir='ltr'><strong>ejus</strong></span> <span class='ocrx_word' id='word_1_285' title='bbox 385 1151 439 1171; x_wconf 93' lang='lat' dir='ltr'><strong>non</strong></span> <span class='ocrx_word' id='word_1_286' title='bbox 454 1144 575 1179; x_wconf 86' lang='lat' dir='ltr'><strong>procula</strong></span> <span class='ocrx_word' id='word_1_287' title='bbox 591 1144 670 1176; x_wconf 92' lang='lat' dir='ltr'><strong>mari,</strong></span> <span class='ocrx_word' id='word_1_288' title='bbox 684 1148 781 1172; x_wconf 90' lang='lat' dir='ltr'><strong>contra</strong></span> <span class='ocrx_word' id='word_1_289' title='bbox 799 1144 904 1171; x_wconf 83' lang='lat' dir='ltr'><strong>insulas</strong></span> <span class='ocrx_word' id='word_1_290' title='bbox 920 1144 967 1171; x_wconf 82' lang='lat' dir='ltr'><strong>de-</strong></span> 
     </span>
    </p>
   </div>
   <div class='ocr_carea' id='block_1_40' title="bbox 178 1189 965 1227">
    <p class='ocr_par' dir='ltr' id='par_1_40' title="bbox 178 1189 965 1227">
     <span class='ocr_line' id='line_1_40' title="bbox 178 1189 965 1227; baseline -0.001 -9"><span class='ocrx_word' id='word_1_291' title='bbox 178 1196 266 1219; x_wconf 89' lang='lat' dir='ltr'><strong>sertas</strong></span> <span class='ocrx_word' id='word_1_292' title='bbox 283 1191 349 1227; x_wconf 92' lang='lat' dir='ltr'><strong>(non</strong></span> <span class='ocrx_word' id='word_1_293' title='bbox 365 1191 477 1226; x_wconf 88' lang='lat' dir='ltr'><strong>quidem</strong></span> <span class='ocrx_word' id='word_1_294' title='bbox 494 1191 546 1218; x_wconf 90' lang='lat' dir='ltr'><strong>hac</strong></span> <span class='ocrx_word' id='word_1_295' title='bbox 561 1195 732 1226; x_wconf 87' lang='lat' dir='ltr'><strong>tempestate,</strong></span> <span class='ocrx_word' id='word_1_296' title='bbox 756 1191 802 1218; x_wconf 89' lang='lat' dir='ltr'><strong>sed</strong></span> <span class='ocrx_word' id='word_1_297' title='bbox 823 1198 876 1225; x_wconf 91' lang='lat' dir='ltr'><strong>qua</strong></span> <span class='ocrx_word' id='word_1_298' title='bbox 896 1189 965 1217; x_wconf 84' lang='lat' dir='ltr'><strong>Medi</strong></span> 
     </span>
    </p>
   </div>
   <div class='ocr_carea' id='block_1_41' title="bbox 178 1236 965 1273">
    <p class='ocr_par' dir='ltr' id='par_1_41' title="bbox 178 1236 965 1273">
     <span class='ocr_line' id='line_1_41' title="bbox 178 1236 965 1273; baseline -0.001 -9"><span class='ocrx_word' id='word_1_299' title='bbox 178 1237 322 1272; x_wconf 86' lang='lat' dir='ltr'><strong>imperium</strong></span> <span class='ocrx_word' id='word_1_300' title='bbox 338 1237 483 1270; x_wconf 88' lang='lat' dir='ltr'><strong>tenebant,</strong></span> <span class='ocrx_word' id='word_1_301' title='bbox 501 1238 613 1273; x_wconf 88' lang='lat' dir='ltr'><strong>quando</strong></span> <span class='ocrx_word' id='word_1_302' title='bbox 626 1238 707 1265; x_wconf 83' lang='lat' dir='ltr'><strong>etiam</strong></span> <span class='ocrx_word' id='word_1_303' title='bbox 723 1236 855 1272; x_wconf 85' lang='lat' dir='ltr'><strong>Erythras</strong></span> <span class='ocrx_word' id='word_1_304' title='bbox 869 1243 965 1264; x_wconf 91' lang='lat' dir='ltr'><strong>nosce-</strong></span> 
     </span>
    </p>
   </div>
   <div class='ocr_carea' id='block_1_42' title="bbox 177 1281 965 1318">
    <p class='ocr_par' dir='ltr' id='par_1_42' title="bbox 177 1281 965 1318">
     <span class='ocr_line' id='line_1_42' title="bbox 177 1281 965 1318; baseline 0 -8"><span class='ocrx_word' id='word_1_305' title='bbox 177 1282 290 1318; x_wconf 87' lang='lat' dir='ltr'><strong>batur).</strong></span> <span class='ocrx_word' id='word_1_306' title='bbox 317 1282 453 1317; x_wconf 85' lang='lat' dir='ltr'><strong>Tempore</strong></span> <span class='ocrx_word' id='word_1_307' title='bbox 483 1287 574 1310; x_wconf 85' lang='lat' dir='ltr'><strong>autem</strong></span> <span class='ocrx_word' id='word_1_308' title='bbox 605 1282 722 1310; x_wconf 85' lang='lat' dir='ltr'><strong>hiberno</strong></span> <span class='ocrx_word' id='word_1_309' title='bbox 741 1283 774 1309; x_wconf 90' lang='lat' dir='ltr'><strong>ad</strong></span> <span class='ocrx_word' id='word_1_310' title='bbox 796 1281 965 1317; x_wconf 83' lang='lat' dir='ltr'><strong>Pasargadas</strong></span> 
     </span>
    </p>
   </div>
   <div class='ocr_carea' id='block_1_43' title="bbox 178 1326 964 1363">
    <p class='ocr_par' dir='ltr' id='par_1_43' title="bbox 178 1326 964 1363">
     <span class='ocr_line' id='line_1_43' title="bbox 178 1326 964 1363; baseline 0 -9"><span class='ocrx_word' id='word_1_311' title='bbox 178 1328 384 1363; x_wconf 82' lang='lat' dir='ltr'><strong>commigrabat,</strong></span> <span class='ocrx_word' id='word_1_312' title='bbox 402 1332 431 1355; x_wconf 88' lang='lat' dir='ltr'><strong>et</strong></span> <span class='ocrx_word' id='word_1_313' title='bbox 449 1327 501 1356; x_wconf 87' lang='lat' dir='ltr'><strong>sub</strong></span> <span class='ocrx_word' id='word_1_314' title='bbox 512 1332 602 1355; x_wconf 92' lang='lat' dir='ltr'><strong>ortum</strong></span> <span class='ocrx_word' id='word_1_315' title='bbox 617 1328 690 1355; x_wconf 85' lang='lat' dir='ltr'><strong>veris</strong></span> <span class='ocrx_word' id='word_1_316' title='bbox 703 1327 738 1355; x_wconf 86' lang='lat' dir='ltr'><strong>ad</strong></span> <span class='ocrx_word' id='word_1_317' title='bbox 755 1335 811 1354; x_wconf 86' lang='lat' dir='ltr'><strong>rem</strong></span> <span class='ocrx_word' id='word_1_318' title='bbox 828 1335 906 1355; x_wconf 89' lang='lat' dir='ltr'><strong>suam</strong></span> <span class='ocrx_word' id='word_1_319' title='bbox 922 1326 964 1354; x_wconf 81' lang='lat' dir='ltr'><strong>fa-</strong></span> 
     </span>
    </p>
   </div>
   <div class='ocr_carea' id='block_1_44' title="bbox 178 1373 964 1406">
    <p class='ocr_par' dir='ltr' id='par_1_44' title="bbox 178 1373 964 1406">
     <span class='ocr_line' id='line_1_44' title="bbox 178 1373 964 1406; baseline 0 -6"><span class='ocrx_word' id='word_1_320' title='bbox 178 1374 312 1401; x_wconf 88' lang='lat' dir='ltr'><strong>miliarem</strong></span> <span class='ocrx_word' id='word_1_321' title='bbox 324 1373 440 1404; x_wconf 82' lang='lat' dir='ltr'><strong>redibat,</strong></span> <span class='ocrx_word' id='word_1_322' title='bbox 464 1378 520 1400; x_wconf 93' lang='lat' dir='ltr'><strong>tum</strong></span> <span class='ocrx_word' id='word_1_323' title='bbox 534 1373 614 1400; x_wconf 82' lang='lat' dir='ltr'><strong>aliam</strong></span> <span class='ocrx_word' id='word_1_324' title='bbox 629 1373 665 1401; x_wconf 89' lang='lat' dir='ltr'><strong>ob</strong></span> <span class='ocrx_word' id='word_1_325' title='bbox 683 1373 828 1401; x_wconf 87' lang='lat' dir='ltr'><strong>utilitatetn</strong></span> <span class='ocrx_word' id='word_1_326' title='bbox 840 1394 848 1406; x_wconf 94' lang='lat'><strong>,</strong></span> <span class='ocrx_word' id='word_1_327' title='bbox 863 1377 920 1400; x_wconf 91' lang='lat' dir='ltr'><strong>turn</strong></span> <span class='ocrx_word' id='word_1_328' title='bbox 935 1378 964 1401; x_wconf 93' lang='lat' dir='ltr'><strong>ut</strong></span> 
     </span>
    </p>
   </div>
   <div class='ocr_carea' id='block_1_45' title="bbox 176 1419 964 1456">
    <p class='ocr_par' dir='ltr' id='par_1_45' title="bbox 176 1419 964 1456">
     <span class='ocr_line' id='line_1_45' title="bbox 176 1419 964 1456; baseline 0 -10"><span class='ocrx_word' id='word_1_329' title='bbox 176 1421 297 1456; x_wconf 83' lang='lat' dir='ltr'><strong>aliquam</strong></span> <span class='ocrx_word' id='word_1_330' title='bbox 321 1420 383 1447; x_wconf 62' lang='lat' dir='ltr'><strong>vitae</strong></span> <span class='ocrx_word' id='word_1_331' title='bbox 405 1427 462 1447; x_wconf 65' lang='lat' dir='ltr'><strong>sua:</strong></span> <span class='ocrx_word' id='word_1_332' title='bbox 489 1420 654 1455; x_wconf 85' lang='lat' dir='ltr'><strong>voluptatem</strong></span> <span class='ocrx_word' id='word_1_333' title='bbox 677 1420 730 1447; x_wconf 87' lang='lat' dir='ltr'><strong>hac</strong></span> <span class='ocrx_word' id='word_1_334' title='bbox 748 1419 964 1447; x_wconf 89' lang='lat' dir='ltr'><strong>commutatione</strong></span> 
     </span>
    </p>
   </div>
   <div class='ocr_carea' id='block_1_46' title="bbox 177 1465 964 1501">
    <p class='ocr_par' dir='ltr' id='par_1_46' title="bbox 177 1465 964 1501">
     <span class='ocr_line' id='line_1_46' title="bbox 177 1465 964 1501; baseline 0.001 -8"><span class='ocrx_word' id='word_1_335' title='bbox 177 1466 340 1501; x_wconf 78' lang='lat' dir='ltr'><strong>indulgeret.</strong></span> <span class='ocrx_word' id='word_1_336' title='bbox 351 1466 434 1501; x_wconf 81' lang='lat' dir='ltr'><strong>Atqui</strong></span> <span class='ocrx_word' id='word_1_337' title='bbox 446 1473 508 1493; x_wconf 89' lang='lat' dir='ltr'><strong>cum</strong></span> <span class='ocrx_word' id='word_1_338' title='bbox 527 1465 554 1493; x_wconf 95' lang='lat' dir='ltr'><strong>in</strong></span> <span class='ocrx_word' id='word_1_339' title='bbox 571 1470 695 1493; x_wconf 90' lang='lat' dir='ltr'><strong>armenta</strong></span> <span class='ocrx_word' id='word_1_340' title='bbox 710 1466 771 1501; x_wconf 85' lang='lat' dir='ltr'><strong>ejus</strong></span> <span class='ocrx_word' id='word_1_341' title='bbox 785 1467 879 1494; x_wconf 88' lang='lat' dir='ltr'><strong>leones</strong></span> <span class='ocrx_word' id='word_1_342' title='bbox 892 1467 964 1494; x_wconf 92' lang='lat' dir='ltr'><strong>irru-</strong></span> 
     </span>
    </p>
   </div>
   <div class='ocr_carea' id='block_1_47' title="bbox 175 1511 964 1548">
    <p class='ocr_par' dir='ltr' id='par_1_47' title="bbox 175 1511 964 1548">
     <span class='ocr_line' id='line_1_47' title="bbox 175 1511 964 1548; baseline 0.001 -9"><span class='ocrx_word' id='word_1_343' title='bbox 175 1512 268 1547; x_wconf 89' lang='lat' dir='ltr'><strong>ptionc</strong></span> <span class='ocrx_word' id='word_1_344' title='bbox 287 1511 370 1544; x_wconf 82' lang='lat' dir='ltr'><strong>facta,</strong></span> <span class='ocrx_word' id='word_1_345' title='bbox 383 1512 528 1539; x_wconf 89' lang='lat' dir='ltr'><strong>nonnullas</strong></span> <span class='ocrx_word' id='word_1_346' title='bbox 542 1519 674 1547; x_wconf 90' lang='lat' dir='ltr'><strong>equarum</strong></span> <span class='ocrx_word' id='word_1_347' title='bbox 695 1513 842 1548; x_wconf 81' lang='lat' dir='ltr'><strong>agrestium</strong></span> <span class='ocrx_word' id='word_1_348' title='bbox 863 1513 964 1541; x_wconf 88' lang='lat' dir='ltr'><strong>intere-</strong></span> 
     </span>
    </p>
   </div>
   <div class='ocr_carea' id='block_1_48' title="bbox 175 1557 961 1592">
    <p class='ocr_par' dir='ltr' id='par_1_48' title="bbox 175 1557 961 1592">
     <span class='ocr_line' id='line_1_48' title="bbox 175 1557 961 1592; baseline 0 -7"><span class='ocrx_word' id='word_1_349' title='bbox 175 1558 299 1590; x_wconf 87' lang='lat' dir='ltr'><strong>missent,</strong></span> <span class='ocrx_word' id='word_1_350' title='bbox 317 1557 429 1592; x_wconf 70' lang='lat' dir='ltr'><strong>reliquae</strong></span> <span class='ocrx_word' id='word_1_351' title='bbox 444 1557 534 1584; x_wconf 85' lang='lat' dir='ltr'><strong>adhuc</strong></span> <span class='ocrx_word' id='word_1_352' title='bbox 556 1557 718 1589; x_wconf 88' lang='lat' dir='ltr'><strong>incolumes,</strong></span> <span class='ocrx_word' id='word_1_353' title='bbox 737 1559 961 1586; x_wconf 82' lang='lat' dir='ltr'><strong>consternatione</strong></span> 
     </span>
    </p>
   </div>
   <div class='ocr_carea' id='block_1_49' title="bbox 1017 956 1804 998">
    <p class='ocr_par' dir='ltr' id='par_1_49' title="bbox 1017 956 1804 998">
     <span class='ocr_line' id='line_1_49' title="bbox 1017 956 1804 998; baseline 0.006 -13"><span class='ocrx_word' id='word_1_354' title='bbox 1017 958 1099 991; x_wconf 81' lang='grc' dir='ltr'>Βόξος</span> <span class='ocrx_word' id='word_1_355' title='bbox 1122 956 1190 994; x_wconf 78' lang='grc' dir='ltr'>δ’ἧν</span> <span class='ocrx_word' id='word_1_356' title='bbox 1215 959 1303 995; x_wconf 88' lang='grc' dir='ltr'>τούτῳ</span> <span class='ocrx_word' id='word_1_357' title='bbox 1321 959 1417 996; x_wconf 71' lang='grc' dir='ltr'>ὄνομα,</span> <span class='ocrx_word' id='word_1_358' title='bbox 1435 961 1535 996; x_wconf 81' lang='grc' dir='ltr'>φησίν·</span> <span class='ocrx_word' id='word_1_359' title='bbox 1554 960 1583 988; x_wconf 79' lang='grc' dir='ltr'>ὃν</span> <span class='ocrx_word' id='word_1_360' title='bbox 1607 961 1654 988; x_wconf 77' lang='grc' dir='ltr'>καὶ</span> <span class='ocrx_word' id='word_1_361' title='bbox 1670 961 1734 997; x_wconf 75' lang='grc'><strong>[718</strong></span> <span class='ocrx_word' id='word_1_362' title='bbox 1755 961 1804 998; x_wconf 61' lang='grc' dir='ltr'>ιι]</span> 
     </span>
    </p>
   </div>
   <div class='ocr_carea' id='block_1_50' title="bbox 1016 1003 1805 1042">
    <p class='ocr_par' dir='ltr' id='par_1_50' title="bbox 1016 1003 1805 1042">
     <span class='ocr_line' id='line_1_50' title="bbox 1016 1003 1805 1042; baseline 0.005 -12"><span class='ocrx_word' id='word_1_363' title='bbox 1016 1003 1153 1040; x_wconf 82' lang='grc' dir='ltr'>έλληνίσαι</span> <span class='ocrx_word' id='word_1_364' title='bbox 1167 1003 1292 1039; x_wconf 87' lang='grc' dir='ltr'>γλῶσσαν</span> <span class='ocrx_word' id='word_1_365' title='bbox 1314 1005 1334 1021; x_wconf 83' lang='grc'><strong>¹⁸</strong></span> <span class='ocrx_word' id='word_1_366' title='bbox 1349 1006 1397 1032; x_wconf 75' lang='grc' dir='ltr'>καὶ</span> <span class='ocrx_word' id='word_1_367' title='bbox 1410 1006 1533 1042; x_wconf 82' lang='grc' dir='ltr'>γνώμην,</span> <span class='ocrx_word' id='word_1_368' title='bbox 1545 1006 1592 1034; x_wconf 82' lang='grc' dir='ltr'>καὶ</span> <span class='ocrx_word' id='word_1_369' title='bbox 1601 1008 1662 1038; x_wconf 86' lang='grc' dir='ltr'>ταῖς</span> <span class='ocrx_word' id='word_1_370' title='bbox 1675 1006 1805 1042; x_wconf 79' lang='grc' dir='ltr'>Ἀθήναις</span> 
     </span>
    </p>
   </div>
   <div class='ocr_carea' id='block_1_51' title="bbox 1015 1050 1803 1089">
    <p class='ocr_par' dir='ltr' id='par_1_51' title="bbox 1015 1050 1803 1089">
     <span class='ocr_line' id='line_1_51' title="bbox 1015 1050 1803 1089; baseline 0.005 -12"><span class='ocrx_word' id='word_1_371' title='bbox 1015 1050 1128 1077; x_wconf 83' lang='grc' dir='ltr'>λιπόντα</span> <span class='ocrx_word' id='word_1_372' title='bbox 1139 1051 1188 1087; x_wconf 82' lang='grc' dir='ltr'>τὴν</span> <span class='ocrx_word' id='word_1_373' title='bbox 1204 1052 1323 1086; x_wconf 82' lang='grc' dir='ltr'>πατρίδα</span> <span class='ocrx_word' id='word_1_374' title='bbox 1333 1052 1477 1088; x_wconf 78' lang='grc' dir='ltr'>ὲμσιιῖιναι.</span> <span class='ocrx_word' id='word_1_375' title='bbox 1490 1053 1586 1088; x_wconf 81' lang='grc' dir='ltr'>Ἔλεγε</span> <span class='ocrx_word' id='word_1_376' title='bbox 1601 1053 1628 1080; x_wconf 79' lang='grc' dir='ltr'>δὲ</span> <span class='ocrx_word' id='word_1_377' title='bbox 1641 1053 1656 1080; x_wconf 82' lang='grc' dir='ltr'>ὁ</span> <span class='ocrx_word' id='word_1_378' title='bbox 1668 1053 1716 1080; x_wconf 79' lang='grc' dir='ltr'><strong>τοῦ</strong></span> <span class='ocrx_word' id='word_1_379' title='bbox 1730 1053 1803 1089; x_wconf 84' lang='grc' dir='ltr'>Πέρ-</span> 
     </span>
    </p>
   </div>
   <div class='ocr_carea' id='block_1_52' title="bbox 1015 1097 1801 1134">
    <p class='ocr_par' dir='ltr' id='par_1_52' title="bbox 1015 1097 1801 1134">
     <span class='ocr_line' id='line_1_52' title="bbox 1015 1097 1801 1134; baseline 0.006 -11"><span class='ocrx_word' id='word_1_380' title='bbox 1015 1105 1063 1124; x_wconf 85' lang='grc' dir='ltr'>σου</span> <span class='ocrx_word' id='word_1_381' title='bbox 1095 1097 1174 1132; x_wconf 84' lang='grc' dir='ltr'>λόγος</span> <span class='ocrx_word' id='word_1_382' title='bbox 1198 1097 1297 1126; x_wconf 83' lang='grc' dir='ltr'>ταῦτα.</span> <span class='ocrx_word' id='word_1_383' title='bbox 1321 1099 1427 1126; x_wconf 83' lang='grc' dir='ltr'>Γίνεται</span> <span class='ocrx_word' id='word_1_384' title='bbox 1446 1107 1489 1131; x_wconf 88' lang='grc' dir='ltr'><strong>τις</strong></span> <span class='ocrx_word' id='word_1_385' title='bbox 1511 1100 1572 1126; x_wconf 86' lang='grc' dir='ltr'>κατ’</span> <span class='ocrx_word' id='word_1_386' title='bbox 1594 1099 1737 1134; x_wconf 82' lang='grc' dir='ltr'>εὐτολμίαν</span> <span class='ocrx_word' id='word_1_387' title='bbox 1752 1100 1801 1129; x_wconf 69' lang='grc' dir='ltr'>καὶ</span> 
     </span>
    </p>
   </div>
   <div class='ocr_carea' id='block_1_53' title="bbox 1016 1142 1801 1181">
    <p class='ocr_par' dir='ltr' id='par_1_53' title="bbox 1016 1142 1801 1181">
     <span class='ocr_line' id='line_1_53' title="bbox 1016 1142 1801 1181; baseline 0.006 -13"><span class='ocrx_word' id='word_1_388' title='bbox 1016 1142 1130 1169; x_wconf 82' lang='grc' dir='ltr'>πλοῦτον</span> <span class='ocrx_word' id='word_1_389' title='bbox 1145 1143 1296 1179; x_wconf 76' lang='grc' dir='ltr'>εὐδοκιμῶν</span> <span class='ocrx_word' id='word_1_390' title='bbox 1314 1144 1447 1180; x_wconf 87' lang='grc' dir='ltr'>Ἐρύθρας</span> <span class='ocrx_word' id='word_1_391' title='bbox 1462 1144 1559 1181; x_wconf 71' lang='grc' dir='ltr'>ὄνομα,</span> <span class='ocrx_word' id='word_1_392' title='bbox 1575 1145 1653 1180; x_wconf 85' lang='grc' dir='ltr'>γένος</span> <span class='ocrx_word' id='word_1_393' title='bbox 1668 1145 1717 1181; x_wconf 78' lang='grc' dir='ltr'><strong>μὲν</strong></span> <span class='ocrx_word' id='word_1_394' title='bbox 1732 1145 1801 1181; x_wconf 87' lang='grc' dir='ltr'>Πέρ-</span> 
     </span>
    </p>
   </div>
   <div class='ocr_carea' id='block_1_54' title="bbox 1015 1187 1802 1226">
    <p class='ocr_par' dir='ltr' id='par_1_54' title="bbox 1015 1187 1802 1226">
     <span class='ocr_line' id='line_1_54' title="bbox 1015 1187 1802 1226; baseline 0.005 -12"><span class='ocrx_word' id='word_1_395' title='bbox 1015 1195 1076 1223; x_wconf 83' lang='grc' dir='ltr'>σης,</span> <span class='ocrx_word' id='word_1_396' title='bbox 1096 1187 1153 1220; x_wconf 80' lang='grc' dir='ltr'>υίὸς</span> <span class='ocrx_word' id='word_1_397' title='bbox 1170 1188 1199 1216; x_wconf 78' lang='grc' dir='ltr'>δὲ</span> <span class='ocrx_word' id='word_1_398' title='bbox 1212 1189 1361 1223; x_wconf 81' lang='grc' dir='ltr'><strong>Μυοζαίου⁹</strong></span> <span class='ocrx_word' id='word_1_399' title='bbox 1378 1190 1511 1217; x_wconf 86' lang='grc' dir='ltr'>κατοικῶν</span> <span class='ocrx_word' id='word_1_400' title='bbox 1526 1191 1555 1218; x_wconf 78' lang='grc' dir='ltr'>δὲ</span> <span class='ocrx_word' id='word_1_401' title='bbox 1568 1191 1703 1226; x_wconf 81' lang='grc' dir='ltr'>θαλάττης</span> <span class='ocrx_word' id='word_1_402' title='bbox 1717 1191 1738 1207; x_wconf 83' lang='grc'><strong>¹¹</strong></span> <span class='ocrx_word' id='word_1_403' title='bbox 1752 1191 1802 1226; x_wconf 79' lang='grc' dir='ltr'>μὲν</span> 
     </span>
    </p>
   </div>
   <div class='ocr_carea' id='block_1_55' title="bbox 1013 1233 1800 1273">
    <p class='ocr_par' dir='ltr' id='par_1_55' title="bbox 1013 1233 1800 1273">
     <span class='ocr_line' id='line_1_55' title="bbox 1013 1233 1800 1273; baseline 0.006 -13"><span class='ocrx_word' id='word_1_404' title='bbox 1013 1234 1044 1261; x_wconf 86' lang='grc' dir='ltr'>οὐ</span> <span class='ocrx_word' id='word_1_405' title='bbox 1060 1233 1164 1270; x_wconf 75' lang='grc' dir='ltr'>πόρρω,</span> <span class='ocrx_word' id='word_1_406' title='bbox 1178 1236 1351 1263; x_wconf 83' lang='grc' dir='ltr'>κατεναντίον</span> <span class='ocrx_word' id='word_1_407' title='bbox 1362 1236 1393 1263; x_wconf 77' lang='grc' dir='ltr'>δὲ</span> <span class='ocrx_word' id='word_1_408' title='bbox 1409 1237 1498 1272; x_wconf 84' lang='grc' dir='ltr'>νήσων</span> <span class='ocrx_word' id='word_1_409' title='bbox 1510 1237 1623 1273; x_wconf 68' lang='grc' dir='ltr'>ἐρήμων</span> <span class='ocrx_word' id='word_1_410' title='bbox 1634 1237 1722 1264; x_wconf 82' lang='grc' dir='ltr'>οὐσῶν</span> <span class='ocrx_word' id='word_1_411' title='bbox 1732 1238 1756 1254; x_wconf 82' lang='grc'><strong>¹⁰</strong></span> <span class='ocrx_word' id='word_1_412' title='bbox 1768 1238 1800 1266; x_wconf 86' lang='grc' dir='ltr'>οὺ</span> 
     </span>
    </p>
   </div>
   <div class='ocr_carea' id='block_1_56' title="bbox 1013 1278 1802 1318">
    <p class='ocr_par' dir='ltr' id='par_1_56' title="bbox 1013 1278 1802 1318">
     <span class='ocr_line' id='line_1_56' title="bbox 1013 1278 1802 1318; baseline 0.008 -14"><span class='ocrx_word' id='word_1_413' title='bbox 1013 1278 1072 1312; x_wconf 82' lang='grc' dir='ltr'>νῦν,</span> <span class='ocrx_word' id='word_1_414' title='bbox 1085 1279 1142 1306; x_wconf 86' lang='grc' dir='ltr'>ἀλλ’</span> <span class='ocrx_word' id='word_1_415' title='bbox 1155 1279 1202 1306; x_wconf 81' lang='grc' dir='ltr'><strong>ἐπὶ</strong></span> <span class='ocrx_word' id='word_1_416' title='bbox 1215 1280 1266 1316; x_wconf 86' lang='grc' dir='ltr'>τῆς</span> <span class='ocrx_word' id='word_1_417' title='bbox 1280 1281 1381 1316; x_wconf 88' lang='grc' dir='ltr'><strong>Μήδων</strong></span> <span class='ocrx_word' id='word_1_418' title='bbox 1395 1282 1541 1317; x_wconf 83' lang='grc' dir='ltr'>ἡγεμονίας</span> <span class='ocrx_word' id='word_1_419' title='bbox 1556 1290 1563 1298; x_wconf 81' lang='grc'><em>”</em></span> <span class='ocrx_word' id='word_1_420' title='bbox 1579 1282 1640 1309; x_wconf 75' lang='grc' dir='ltr'>τότε</span> <span class='ocrx_word' id='word_1_421' title='bbox 1654 1283 1708 1318; x_wconf 86' lang='grc' dir='ltr'><strong>γὰρ</strong></span> <span class='ocrx_word' id='word_1_422' title='bbox 1723 1282 1771 1310; x_wconf 79' lang='grc' dir='ltr'>καὶ</span> <span class='ocrx_word' id='word_1_423' title='bbox 1786 1283 1802 1310; x_wconf 73' lang='grc' dir='ltr'><strong>ὁ</strong></span> 
     </span>
    </p>
   </div>
   <div class='ocr_carea' id='block_1_57' title="bbox 1019 1324 1802 1363">
    <p class='ocr_par' dir='ltr' id='par_1_57' title="bbox 1019 1324 1802 1363">
     <span class='ocr_line' id='line_1_57' title="bbox 1019 1324 1802 1363; baseline 0.008 -13"><span class='ocrx_word' id='word_1_424' title='bbox 1019 1324 1152 1360; x_wconf 85' lang='grc' dir='ltr'>Ἐρύθρας</span> <span class='ocrx_word' id='word_1_425' title='bbox 1175 1326 1350 1362; x_wconf 73' lang='grc' dir='ltr'>έγνωρίζετο,</span> <span class='ocrx_word' id='word_1_426' title='bbox 1364 1327 1394 1359; x_wconf 75' lang='grc' dir='ltr'>ὃς</span> <span class='ocrx_word' id='word_1_427' title='bbox 1414 1327 1461 1354; x_wconf 80' lang='grc' dir='ltr'><strong>τοῦ</strong></span> <span class='ocrx_word' id='word_1_428' title='bbox 1486 1328 1536 1363; x_wconf 74' lang='grc' dir='ltr'>μὲν</span> <span class='ocrx_word' id='word_1_429' title='bbox 1548 1328 1683 1363; x_wconf 85' lang='grc' dir='ltr'>χειμῶνος</span> <span class='ocrx_word' id='word_1_430' title='bbox 1702 1329 1731 1356; x_wconf 74' lang='grc' dir='ltr'><strong>έν</strong></span> <span class='ocrx_word' id='word_1_431' title='bbox 1746 1329 1802 1356; x_wconf 87' lang='grc' dir='ltr'><strong>Πα-</strong></span> 
     </span>
    </p>
   </div>
   <div class='ocr_carea' id='block_1_58' title="bbox 1014 1372 1801 1410">
    <p class='ocr_par' dir='ltr' id='par_1_58' title="bbox 1014 1372 1801 1410">
     <span class='ocr_line' id='line_1_58' title="bbox 1014 1372 1801 1410; baseline 0.005 -13"><span class='ocrx_word' id='word_1_432' title='bbox 1014 1372 1162 1407; x_wconf 85' lang='grc' dir='ltr'>σαργάδαις</span> <span class='ocrx_word' id='word_1_433' title='bbox 1182 1373 1302 1399; x_wconf 78' lang='grc' dir='ltr'>ἐποιεῖτο</span> <span class='ocrx_word' id='word_1_434' title='bbox 1320 1374 1370 1408; x_wconf 80' lang='grc' dir='ltr'>τὴν</span> <span class='ocrx_word' id='word_1_435' title='bbox 1389 1374 1506 1409; x_wconf 67' lang='grc' dir='ltr'>οῑζκησιν,</span> <span class='ocrx_word' id='word_1_436' title='bbox 1524 1373 1604 1410; x_wconf 77' lang='grc' dir='ltr'>ἔαρος</span> <span class='ocrx_word' id='word_1_437' title='bbox 1621 1373 1650 1400; x_wconf 81' lang='grc' dir='ltr'>δὲ</span> <span class='ocrx_word' id='word_1_438' title='bbox 1674 1375 1801 1410; x_wconf 72' lang='grc' dir='ltr'>μετέϐαι-</span> 
     </span>
    </p>
   </div>
   <div class='ocr_carea' id='block_1_59' title="bbox 1012 1418 1798 1456">
    <p class='ocr_par' dir='ltr' id='par_1_59' title="bbox 1012 1418 1798 1456">
     <span class='ocr_line' id='line_1_59' title="bbox 1012 1418 1798 1456; baseline 0.005 -13"><span class='ocrx_word' id='word_1_439' title='bbox 1012 1426 1057 1444; x_wconf 88' lang='grc' dir='ltr'><strong>νεν</strong></span> <span class='ocrx_word' id='word_1_440' title='bbox 1072 1418 1117 1444; x_wconf 75' lang='grc' dir='ltr'><strong>ἐπὶ</strong></span> <span class='ocrx_word' id='word_1_441' title='bbox 1133 1418 1182 1453; x_wconf 83' lang='grc' dir='ltr'><strong>τὴν</strong></span> <span class='ocrx_word' id='word_1_442' title='bbox 1203 1418 1271 1446; x_wconf 74' lang='grc' dir='ltr'>ἰδίαν</span> <span class='ocrx_word' id='word_1_443' title='bbox 1285 1420 1381 1455; x_wconf 83' lang='grc' dir='ltr'>κτῆσιν</span> <span class='ocrx_word' id='word_1_444' title='bbox 1392 1420 1445 1454; x_wconf 81' lang='grc' dir='ltr'>τῆς</span> <span class='ocrx_word' id='word_1_445' title='bbox 1455 1428 1484 1446; x_wconf 91' lang='grc' dir='ltr'><strong>τε</strong></span> <span class='ocrx_word' id='word_1_446' title='bbox 1499 1419 1582 1456; x_wconf 75' lang='grc' dir='ltr'>ἄλλης</span> <span class='ocrx_word' id='word_1_447' title='bbox 1597 1420 1677 1447; x_wconf 71' lang='grc' dir='ltr'>ἕνεκα</span> <span class='ocrx_word' id='word_1_448' title='bbox 1691 1419 1798 1456; x_wconf 82' lang='grc' dir='ltr'>χρείας,</span> 
     </span>
    </p>
   </div>
   <div class='ocr_carea' id='block_1_60' title="bbox 1012 1464 1800 1502">
    <p class='ocr_par' dir='ltr' id='par_1_60' title="bbox 1012 1464 1800 1502">
     <span class='ocr_line' id='line_1_60' title="bbox 1012 1464 1800 1502; baseline 0.005 -13"><span class='ocrx_word' id='word_1_449' title='bbox 1012 1464 1060 1490; x_wconf 77' lang='grc' dir='ltr'>καὶ</span> <span class='ocrx_word' id='word_1_450' title='bbox 1072 1464 1152 1500; x_wconf 86' lang='grc' dir='ltr'>χάριν</span> <span class='ocrx_word' id='word_1_451' title='bbox 1174 1464 1235 1492; x_wconf 80' lang='grc' dir='ltr'>τινὰ</span> <span class='ocrx_word' id='word_1_452' title='bbox 1258 1465 1296 1500; x_wconf 81' lang='grc' dir='ltr'>τῷ</span> <span class='ocrx_word' id='word_1_453' title='bbox 1318 1465 1368 1501; x_wconf 86' lang='grc' dir='ltr'><strong>βίῳ</strong></span> <span class='ocrx_word' id='word_1_454' title='bbox 1379 1465 1422 1492; x_wconf 81' lang='grc' dir='ltr'><strong>διὰ</strong></span> <span class='ocrx_word' id='word_1_455' title='bbox 1440 1466 1490 1501; x_wconf 85' lang='grc' dir='ltr'>τῆς</span> <span class='ocrx_word' id='word_1_456' title='bbox 1504 1466 1632 1501; x_wconf 79' lang='grc' dir='ltr'>τοιαύτης</span> <span class='ocrx_word' id='word_1_457' title='bbox 1646 1465 1800 1502; x_wconf 74' lang='grc' dir='ltr'>μεταϐολῆς</span> 
     </span>
    </p>
   </div>
   <div class='ocr_carea' id='block_1_61' title="bbox 1012 1509 1799 1547">
    <p class='ocr_par' dir='ltr' id='par_1_61' title="bbox 1012 1509 1799 1547">
     <span class='ocr_line' id='line_1_61' title="bbox 1012 1509 1799 1547; baseline 0.004 -12"><span class='ocrx_word' id='word_1_458' title='bbox 1012 1509 1167 1545; x_wconf 85' lang='grc' dir='ltr'>ἀπονέμων.</span> <span class='ocrx_word' id='word_1_459' title='bbox 1185 1509 1287 1537; x_wconf 84' lang='grc' dir='ltr'>Τούτου</span> <span class='ocrx_word' id='word_1_460' title='bbox 1306 1511 1448 1546; x_wconf 80' lang='grc' dir='ltr'>φορὸἀδων</span> <span class='ocrx_word' id='word_1_461' title='bbox 1464 1511 1550 1547; x_wconf 84' lang='grc' dir='ltr'>ἀγέλῃ</span> <span class='ocrx_word' id='word_1_462' title='bbox 1573 1512 1675 1547; x_wconf 80' lang='grc' dir='ltr'>μείζονι</span> <span class='ocrx_word' id='word_1_463' title='bbox 1692 1511 1799 1543; x_wconf 82' lang='grc' dir='ltr'>λέοντες</span> 
     </span>
    </p>
   </div>
   <div class='ocr_carea' id='block_1_62' title="bbox 1013 1554 1799 1592">
    <p class='ocr_par' dir='ltr' id='par_1_62' title="bbox 1013 1554 1799 1592">
     <span class='ocr_line' id='line_1_62' title="bbox 1013 1554 1799 1592; baseline 0.006 -11"><span class='ocrx_word' id='word_1_464' title='bbox 1013 1554 1209 1590; x_wconf 77' lang='grc' dir='ltr'>έπορούσαντές</span> <span class='ocrx_word' id='word_1_465' title='bbox 1220 1564 1296 1588; x_wconf 89' lang='grc' dir='ltr'>τινας</span> <span class='ocrx_word' id='word_1_466' title='bbox 1309 1557 1359 1592; x_wconf 80' lang='grc' dir='ltr'>μὲν</span> <span class='ocrx_word' id='word_1_467' title='bbox 1376 1556 1466 1584; x_wconf 85' lang='grc' dir='ltr'>αὐτῶν</span> <span class='ocrx_word' id='word_1_468' title='bbox 1479 1557 1653 1585; x_wconf 84' lang='grc' dir='ltr'>ἀπέκτειναν·</span> <span class='ocrx_word' id='word_1_469' title='bbox 1667 1559 1695 1586; x_wconf 77' lang='lat' dir='ltr'><strong>at</strong></span> <span class='ocrx_word' id='word_1_470' title='bbox 1707 1558 1735 1586; x_wconf 76' lang='grc' dir='ltr'>δὲ</span> <span class='ocrx_word' id='word_1_471' title='bbox 1750 1567 1799 1585; x_wconf 85' lang='grc' dir='ltr'>πε-</span> 
     </span>
    </p>
   </div>
   <div class='ocr_carea' id='block_1_63' title="bbox 173 1591 963 1640">
    <p class='ocr_par' dir='ltr' id='par_1_63' title="bbox 173 1602 962 1637">
     <span class='ocr_line' id='line_1_63' title="bbox 173 1602 962 1637; baseline -0.001 -7"><span class='ocrx_word' id='word_1_472' title='bbox 173 1611 206 1630; x_wconf 80' lang='lat' dir='ltr'><strong>ex</strong></span> <span class='ocrx_word' id='word_1_473' title='bbox 228 1610 257 1630; x_wconf 90' lang='lat' dir='ltr'><strong>re</strong></span> <span class='ocrx_word' id='word_1_474' title='bbox 273 1603 344 1636; x_wconf 73' lang='lat' dir='ltr'><strong>visa,</strong></span> <span class='ocrx_word' id='word_1_475' title='bbox 359 1610 408 1630; x_wconf 91' lang='lat' dir='ltr'><strong>ceu</strong></span> <span class='ocrx_word' id='word_1_476' title='bbox 423 1607 507 1630; x_wconf 69' lang='lat' dir='ltr'><strong>(nstro</strong></span> <span class='ocrx_word' id='word_1_477' title='bbox 521 1602 664 1637; x_wconf 63' lang='lat' dir='ltr'><strong>perculsae,</strong></span> <span class='ocrx_word' id='word_1_478' title='bbox 679 1603 713 1629; x_wconf 88' lang='lat' dir='ltr'><strong>ad</strong></span> <span class='ocrx_word' id='word_1_479' title='bbox 727 1610 803 1629; x_wconf 85' lang='lat' dir='ltr'><strong>mare</strong></span> <span class='ocrx_word' id='word_1_480' title='bbox 817 1610 899 1630; x_wconf 90' lang='lat' dir='ltr'><strong>cursu</strong></span> <span class='ocrx_word' id='word_1_481' title='bbox 913 1603 962 1630; x_wconf 87' lang='lat' dir='ltr'><strong>ah-</strong></span> 
     </span>
    </p>
   </div>
   <div class='ocr_carea' id='block_1_64' title="bbox 1013 1591 1796 1640">
    <p class='ocr_par' dir='ltr' id='par_1_64' title="bbox 1015 1591 1796 1640">
     <span class='ocr_line' id='line_1_64' title="bbox 1015 1591 1796 1640; baseline 0.008 -14"><span class='ocrx_word' id='word_1_482' title='bbox 1015 1600 1180 1635; x_wconf 82' lang='grc' dir='ltr'>ρισωθεῖσαι,</span> <span class='ocrx_word' id='word_1_483' title='bbox 1204 1601 1242 1638; x_wconf 82' lang='grc' dir='ltr'><strong>τῷ</strong></span> <span class='ocrx_word' id='word_1_484' title='bbox 1261 1591 1315 1629; x_wconf 52' lang='grc' dir='ltr'>ὣει</span> <span class='ocrx_word' id='word_1_485' title='bbox 1343 1603 1393 1639; x_wconf 85' lang='grc' dir='ltr'>τῆς</span> <span class='ocrx_word' id='word_1_486' title='bbox 1414 1603 1502 1638; x_wconf 74' lang='grc' dir='ltr'>ὅψεως</span> <span class='ocrx_word' id='word_1_487' title='bbox 1518 1602 1632 1640; x_wconf 70' lang='grc' dir='ltr'>ίοῘστρον</span> <span class='ocrx_word' id='word_1_488' title='bbox 1657 1604 1796 1638; x_wconf 75' lang='grc' dir='ltr'>λαϐοῦσαι,</span> 
     </span>
    </p>
   </div>
   <div class='ocr_carea' id='block_1_65' title="bbox 173 1648 961 1684">
    <p class='ocr_par' dir='ltr' id='par_1_65' title="bbox 173 1648 961 1684">
     <span class='ocr_line' id='line_1_65' title="bbox 173 1648 961 1684; baseline 0.003 -9"><span class='ocrx_word' id='word_1_489' title='bbox 173 1653 263 1684; x_wconf 79' lang='lat' dir='ltr'><strong>repto,</strong></span> <span class='ocrx_word' id='word_1_490' title='bbox 277 1656 377 1684; x_wconf 91' lang='lat' dir='ltr'><strong>magno</strong></span> <span class='ocrx_word' id='word_1_491' title='bbox 393 1649 420 1676; x_wconf 93' lang='lat' dir='ltr'><strong>in</strong></span> <span class='ocrx_word' id='word_1_492' title='bbox 439 1656 526 1683; x_wconf 80' lang='lat' dir='ltr'><strong>aquas</strong></span> <span class='ocrx_word' id='word_1_493' title='bbox 540 1648 641 1683; x_wconf 90' lang='lat' dir='ltr'><strong>impetu</strong></span> <span class='ocrx_word' id='word_1_494' title='bbox 662 1650 747 1683; x_wconf 91' lang='lat' dir='ltr'><strong>(aura</strong></span> <span class='ocrx_word' id='word_1_495' title='bbox 772 1653 828 1676; x_wconf 91' lang='lat' dir='ltr'><strong>tum</strong></span> <span class='ocrx_word' id='word_1_496' title='bbox 853 1649 922 1677; x_wconf 83' lang='lat' dir='ltr'><strong>forte</strong></span> <span class='ocrx_word' id='word_1_497' title='bbox 945 1657 961 1677; x_wconf 85' lang='lat' dir='ltr'><strong>a</strong></span> 
     </span>
    </p>
   </div>
   <div class='ocr_carea' id='block_1_66' title="bbox 173 1692 962 1729">
    <p class='ocr_par' dir='ltr' id='par_1_66' title="bbox 173 1692 962 1729">
     <span class='ocr_line' id='line_1_66' title="bbox 173 1692 962 1729; baseline 0.003 -10"><span class='ocrx_word' id='word_1_498' title='bbox 173 1694 258 1720; x_wconf 84' lang='lat' dir='ltr'><strong>terris</strong></span> <span class='ocrx_word' id='word_1_499' title='bbox 279 1692 397 1728; x_wconf 87' lang='lat' dir='ltr'><strong>atllabat)</strong></span> <span class='ocrx_word' id='word_1_500' title='bbox 416 1693 610 1727; x_wconf 76' lang='lat' dir='ltr'><strong>prolabuntur.</strong></span> <span class='ocrx_word' id='word_1_501' title='bbox 636 1693 760 1728; x_wconf 86' lang='lat' dir='ltr'><strong>Cumque</strong></span> <span class='ocrx_word' id='word_1_502' title='bbox 772 1694 850 1721; x_wconf 91' lang='lat' dir='ltr'><strong>initio</strong></span> <span class='ocrx_word' id='word_1_503' title='bbox 865 1699 962 1729; x_wconf 71' lang='lat' dir='ltr'><strong>praeter</strong></span> 
     </span>
    </p>
   </div>
   <div class='ocr_carea' id='block_1_67' title="bbox 173 1738 962 1773">
    <p class='ocr_par' dir='ltr' id='par_1_67' title="bbox 173 1738 962 1773">
     <span class='ocr_line' id='line_1_67' title="bbox 173 1738 962 1773; baseline 0.004 -9"><span class='ocrx_word' id='word_1_504' title='bbox 173 1738 252 1764; x_wconf 89' lang='lat' dir='ltr'><strong>littus</strong></span> <span class='ocrx_word' id='word_1_505' title='bbox 275 1742 425 1770; x_wconf 85' lang='lat' dir='ltr'><strong>natassent,</strong></span> <span class='ocrx_word' id='word_1_506' title='bbox 453 1744 553 1772; x_wconf 87' lang='lat' dir='ltr'><strong>pavore</strong></span> <span class='ocrx_word' id='word_1_507' title='bbox 572 1745 626 1765; x_wconf 92' lang='lat' dir='ltr'><strong>non</strong></span> <span class='ocrx_word' id='word_1_508' title='bbox 641 1738 802 1773; x_wconf 80' lang='lat' dir='ltr'><strong>desistente,</strong></span> <span class='ocrx_word' id='word_1_509' title='bbox 817 1747 831 1766; x_wconf 91' lang='lat' dir='ltr'><strong>a</strong></span> <span class='ocrx_word' id='word_1_510' title='bbox 853 1739 962 1768; x_wconf 86' lang='lat' dir='ltr'><strong>ﬂatibus</strong></span> 
     </span>
    </p>
   </div>
   <div class='ocr_carea' id='block_1_68' title="bbox 173 1783 960 1821">
    <p class='ocr_par' dir='ltr' id='par_1_68' title="bbox 173 1783 960 1821">
     <span class='ocr_line' id='line_1_68' title="bbox 173 1783 960 1821; baseline 0.004 -11"><span class='ocrx_word' id='word_1_511' title='bbox 173 1784 303 1818; x_wconf 65' lang='lat' dir='ltr'><strong>abreptae,</strong></span> <span class='ocrx_word' id='word_1_512' title='bbox 319 1783 465 1811; x_wconf 85' lang='lat' dir='ltr'><strong>diﬁiculter</strong></span> <span class='ocrx_word' id='word_1_513' title='bbox 477 1784 511 1811; x_wconf 88' lang='lat' dir='ltr'><strong>ad</strong></span> <span class='ocrx_word' id='word_1_514' title='bbox 526 1784 622 1811; x_wconf 65' lang='lat' dir='ltr'><strong>insulae</strong></span> <span class='ocrx_word' id='word_1_515' title='bbox 634 1784 756 1812; x_wconf 64' lang='lat' dir='ltr'><strong>adversm</strong></span> <span class='ocrx_word' id='word_1_516' title='bbox 770 1785 868 1821; x_wconf 65' lang='grc'><strong>4421)</strong></span> <span class='ocrx_word' id='word_1_517' title='bbox 884 1794 960 1814; x_wconf 86' lang='lat' dir='ltr'><strong>oram</strong></span> 
     </span>
    </p>
   </div>
   <div class='ocr_carea' id='block_1_69' title="bbox 173 1831 960 1864">
    <p class='ocr_par' dir='ltr' id='par_1_69' title="bbox 173 1831 960 1864">
     <span class='ocr_line' id='line_1_69' title="bbox 173 1831 960 1864; baseline 0.008 -9"><span class='ocrx_word' id='word_1_518' title='bbox 173 1833 367 1862; x_wconf 80' lang='lat' dir='ltr'><strong>emerserunt,</strong></span> <span class='ocrx_word' id='word_1_519' title='bbox 388 1837 515 1864; x_wconf 90' lang='lat' dir='ltr'><strong>unusque</strong></span> <span class='ocrx_word' id='word_1_520' title='bbox 531 1837 564 1857; x_wconf 82' lang='lat' dir='ltr'><strong>ex</strong></span> <span class='ocrx_word' id='word_1_521' title='bbox 586 1831 777 1864; x_wconf 84' lang='lat' dir='ltr'><strong>armentariis,</strong></span> <span class='ocrx_word' id='word_1_522' title='bbox 801 1832 960 1861; x_wconf 86' lang='lat' dir='ltr'><strong>adolescens</strong></span> 
     </span>
    </p>
   </div>
   <div class='ocr_carea' id='block_1_70' title="bbox 174 1875 959 1914">
    <p class='ocr_par' dir='ltr' id='par_1_70' title="bbox 174 1875 959 1914">
     <span class='ocr_line' id='line_1_70' title="bbox 174 1875 959 1914; baseline 0.006 -12"><span class='ocrx_word' id='word_1_523' title='bbox 174 1875 290 1902; x_wconf 84' lang='lat' dir='ltr'><strong>audacia</strong></span> <span class='ocrx_word' id='word_1_524' title='bbox 306 1875 479 1910; x_wconf 70' lang='lat' dir='ltr'><strong>prazcellcns,</strong></span> <span class='ocrx_word' id='word_1_525' title='bbox 495 1876 559 1903; x_wconf 93' lang='lat' dir='ltr'><strong>dum</strong></span> <span class='ocrx_word' id='word_1_526' title='bbox 570 1877 638 1904; x_wconf 87' lang='lat' dir='ltr'><strong>alias</strong></span> <span class='ocrx_word' id='word_1_527' title='bbox 656 1877 736 1904; x_wconf 84' lang='lat' dir='ltr'><strong>aliam</strong></span> <span class='ocrx_word' id='word_1_528' title='bbox 751 1885 828 1906; x_wconf 88' lang='lat' dir='ltr'><strong>armo</strong></span> <span class='ocrx_word' id='word_1_529' title='bbox 838 1885 959 1914; x_wconf 89' lang='lat' dir='ltr'><strong>prensat,</strong></span> 
     </span>
    </p>
   </div>
   <div class='ocr_carea' id='block_1_71' title="bbox 174 1921 959 1961">
    <p class='ocr_par' dir='ltr' id='par_1_71' title="bbox 174 1921 959 1961">
     <span class='ocr_line' id='line_1_71' title="bbox 174 1921 959 1961; baseline 0.009 -15"><span class='ocrx_word' id='word_1_530' title='bbox 174 1928 227 1947; x_wconf 89' lang='lat' dir='ltr'><strong>una</strong></span> <span class='ocrx_word' id='word_1_531' title='bbox 244 1922 404 1949; x_wconf 82' lang='lat' dir='ltr'><strong>transmisit.</strong></span> <span class='ocrx_word' id='word_1_532' title='bbox 420 1921 550 1957; x_wconf 86' lang='lat' dir='ltr'><strong>Erythras</strong></span> <span class='ocrx_word' id='word_1_533' title='bbox 563 1922 658 1958; x_wconf 79' lang='lat' dir='ltr'><strong>igitur,</strong></span> <span class='ocrx_word' id='word_1_534' title='bbox 671 1930 757 1958; x_wconf 84' lang='lat' dir='ltr'><strong>equas</strong></span> <span class='ocrx_word' id='word_1_535' title='bbox 773 1932 827 1952; x_wconf 87' lang='lat' dir='ltr'><strong>non</strong></span> <span class='ocrx_word' id='word_1_536' title='bbox 841 1925 959 1961; x_wconf 87' lang='lat' dir='ltr'><strong>amplius</strong></span> 
     </span>
    </p>
   </div>
   <div class='ocr_carea' id='block_1_72' title="bbox 174 1966 958 2004">
    <p class='ocr_par' dir='ltr' id='par_1_72' title="bbox 174 1966 958 2004">
     <span class='ocr_line' id='line_1_72' title="bbox 174 1966 958 2004; baseline 0.009 -12"><span class='ocrx_word' id='word_1_537' title='bbox 174 1967 248 1993; x_wconf 84' lang='lat' dir='ltr'><strong>visas</strong></span> <span class='ocrx_word' id='word_1_538' title='bbox 263 1966 442 2002; x_wconf 80' lang='lat' dir='ltr'><strong>investigans,</strong></span> <span class='ocrx_word' id='word_1_539' title='bbox 457 1967 562 2002; x_wconf 90' lang='lat' dir='ltr'><strong>primus</strong></span> <span class='ocrx_word' id='word_1_540' title='bbox 575 1968 718 1996; x_wconf 86' lang='lat' dir='ltr'><strong>hominum</strong></span> <span class='ocrx_word' id='word_1_541' title='bbox 728 1969 788 2004; x_wconf 83' lang='lat' dir='ltr'><strong>ejus</strong></span> <span class='ocrx_word' id='word_1_542' title='bbox 799 1969 852 1998; x_wconf 88' lang='lat' dir='ltr'><strong>loci</strong></span> <span class='ocrx_word' id='word_1_543' title='bbox 872 1975 958 1999; x_wconf 85' lang='lat' dir='ltr'><strong>ratem</strong></span> 
     </span>
    </p>
   </div>
   <div class='ocr_carea' id='block_1_73' title="bbox 173 2013 960 2049">
    <p class='ocr_par' dir='ltr' id='par_1_73' title="bbox 173 2013 960 2049">
     <span class='ocr_line' id='line_1_73' title="bbox 173 2013 960 2049; baseline 0.008 -11"><span class='ocrx_word' id='word_1_544' title='bbox 173 2013 319 2045; x_wconf 83' lang='lat' dir='ltr'><strong>construit,</strong></span> <span class='ocrx_word' id='word_1_545' title='bbox 336 2013 524 2047; x_wconf 66' lang='lat' dir='ltr'><strong>magnitudine</strong></span> <span class='ocrx_word' id='word_1_546' title='bbox 538 2014 646 2048; x_wconf 84' lang='lat' dir='ltr'><strong>quidem</strong></span> <span class='ocrx_word' id='word_1_547' title='bbox 660 2014 838 2049; x_wconf 77' lang='lat' dir='ltr'><strong>mediocrem,</strong></span> <span class='ocrx_word' id='word_1_548' title='bbox 852 2017 899 2044; x_wconf 90' lang='lat' dir='ltr'><strong>sed</strong></span> <span class='ocrx_word' id='word_1_549' title='bbox 914 2024 960 2044; x_wconf 82' lang='lat' dir='ltr'><strong>ro-</strong></span> 
     </span>
    </p>
   </div>
   <div class='ocr_carea' id='block_1_74' title="bbox 173 2058 958 2095">
    <p class='ocr_par' dir='ltr' id='par_1_74' title="bbox 173 2058 958 2095">
     <span class='ocr_line' id='line_1_74' title="bbox 173 2058 958 2095; baseline 0.006 -9"><span class='ocrx_word' id='word_1_550' title='bbox 173 2058 239 2086; x_wconf 89' lang='lat' dir='ltr'><strong>bore</strong></span> <span class='ocrx_word' id='word_1_551' title='bbox 249 2059 457 2086; x_wconf 83' lang='lat' dir='ltr'><strong>validissimam.</strong></span> <span class='ocrx_word' id='word_1_552' title='bbox 480 2058 584 2095; x_wconf 83' lang='lat' dir='ltr'><strong>anue,</strong></span> <span class='ocrx_word' id='word_1_553' title='bbox 602 2060 676 2088; x_wconf 92' lang='lat' dir='ltr'><strong>venti</strong></span> <span class='ocrx_word' id='word_1_554' title='bbox 693 2061 805 2089; x_wconf 89' lang='lat' dir='ltr'><strong>secundi</strong></span> <span class='ocrx_word' id='word_1_555' title='bbox 831 2066 858 2090; x_wconf 88' lang='lat' dir='ltr'><strong>et</strong></span> <span class='ocrx_word' id='word_1_556' title='bbox 881 2070 958 2090; x_wconf 90' lang='lat' dir='ltr'><strong>com-</strong></span> 
     </span>
    </p>
   </div>
   <div class='ocr_carea' id='block_1_75' title="bbox 173 2105 958 2140">
    <p class='ocr_par' dir='ltr' id='par_1_75' title="bbox 173 2105 958 2140">
     <span class='ocr_line' id='line_1_75' title="bbox 173 2105 958 2140; baseline 0.006 -9"><span class='ocrx_word' id='word_1_557' title='bbox 173 2105 247 2132; x_wconf 91' lang='lat' dir='ltr'><strong>modi</strong></span> <span class='ocrx_word' id='word_1_558' title='bbox 265 2109 387 2132; x_wconf 82' lang='lat' dir='ltr'><strong>tenorem</strong></span> <span class='ocrx_word' id='word_1_559' title='bbox 408 2107 552 2137; x_wconf 82' lang='lat' dir='ltr'><strong>nactus.in</strong></span> <span class='ocrx_word' id='word_1_560' title='bbox 562 2105 660 2134; x_wconf 79' lang='lat' dir='ltr'><strong>fretum</strong></span> <span class='ocrx_word' id='word_1_561' title='bbox 672 2106 858 2140; x_wconf 87' lang='lat' dir='ltr'><strong>descendit,et</strong></span> <span class='ocrx_word' id='word_1_562' title='bbox 868 2109 958 2136; x_wconf 90' lang='lat' dir='ltr'><strong>subito</strong></span> 
     </span>
    </p>
   </div>
   <div class='ocr_carea' id='block_1_76' title="bbox 172 2148 957 2188">
    <p class='ocr_par' dir='ltr' id='par_1_76' title="bbox 172 2148 957 2188">
     <span class='ocr_line' id='line_1_76' title="bbox 172 2148 957 2188; baseline 0.009 -14"><span class='ocrx_word' id='word_1_563' title='bbox 172 2148 246 2175; x_wconf 88' lang='lat' dir='ltr'><strong>vcnti</strong></span> <span class='ocrx_word' id='word_1_564' title='bbox 273 2156 324 2183; x_wconf 90' lang='lat' dir='ltr'><strong>ope</strong></span> <span class='ocrx_word' id='word_1_565' title='bbox 347 2154 506 2184; x_wconf 84' lang='lat' dir='ltr'><strong>provectus,</strong></span> <span class='ocrx_word' id='word_1_566' title='bbox 538 2150 637 2185; x_wconf 89' lang='lat' dir='ltr'><strong>reperit</strong></span> <span class='ocrx_word' id='word_1_567' title='bbox 660 2158 745 2186; x_wconf 86' lang='lat' dir='ltr'><strong>equas</strong></span> <span class='ocrx_word' id='word_1_568' title='bbox 770 2156 798 2179; x_wconf 91' lang='lat' dir='ltr'><strong>et</strong></span> <span class='ocrx_word' id='word_1_569' title='bbox 820 2158 957 2188; x_wconf 85' lang='lat' dir='ltr'><strong>pastorem</strong></span> 
     </span>
    </p>
   </div>
   <div class='ocr_carea' id='block_1_77' title="bbox 174 2194 957 2232">
    <p class='ocr_par' dir='ltr' id='par_1_77' title="bbox 174 2194 957 2232">
     <span class='ocr_line' id='line_1_77' title="bbox 174 2194 957 2232; baseline 0.01 -12"><span class='ocrx_word' id='word_1_570' title='bbox 174 2194 267 2222; x_wconf 90' lang='lat' dir='ltr'><strong>simul.</strong></span> <span class='ocrx_word' id='word_1_571' title='bbox 287 2194 386 2222; x_wconf 76' lang='lat' dir='ltr'><strong>Insula:</strong></span> <span class='ocrx_word' id='word_1_572' title='bbox 397 2200 486 2223; x_wconf 77' lang='lat' dir='ltr'><strong>autern</strong></span> <span class='ocrx_word' id='word_1_573' title='bbox 505 2196 686 2224; x_wconf 87' lang='lat' dir='ltr'><strong>admiratione</strong></span> <span class='ocrx_word' id='word_1_574' title='bbox 700 2202 808 2232; x_wconf 90' lang='lat' dir='ltr'><strong>captus,</strong></span> <span class='ocrx_word' id='word_1_575' title='bbox 821 2203 849 2226; x_wconf 89' lang='lat' dir='ltr'><strong>et</strong></span> <span class='ocrx_word' id='word_1_576' title='bbox 863 2199 957 2228; x_wconf 90' lang='lat' dir='ltr'><strong>urbem</strong></span> 
     </span>
    </p>
   </div>
   <div class='ocr_carea' id='block_1_78' title="bbox 173 2239 958 2279">
    <p class='ocr_par' dir='ltr' id='par_1_78' title="bbox 173 2239 958 2279">
     <span class='ocr_line' id='line_1_78' title="bbox 173 2239 958 2279; baseline 0.009 -13"><span class='ocrx_word' id='word_1_577' title='bbox 173 2239 201 2266; x_wconf 91' lang='lat' dir='ltr'><strong>in</strong></span> <span class='ocrx_word' id='word_1_578' title='bbox 219 2245 298 2274; x_wconf 89' lang='lat' dir='ltr'><strong>portu</strong></span> <span class='ocrx_word' id='word_1_579' title='bbox 313 2242 490 2269; x_wconf 86' lang='lat' dir='ltr'><strong>accommode</strong></span> <span class='ocrx_word' id='word_1_580' title='bbox 501 2241 634 2276; x_wconf 80' lang='lat' dir='ltr'><strong>fundavit,</strong></span> <span class='ocrx_word' id='word_1_581' title='bbox 646 2247 673 2270; x_wconf 91' lang='lat' dir='ltr'><strong>et</strong></span> <span class='ocrx_word' id='word_1_582' title='bbox 685 2250 718 2271; x_wconf 82' lang='lat' dir='ltr'><strong>ex</strong></span> <span class='ocrx_word' id='word_1_583' title='bbox 734 2244 855 2279; x_wconf 90' lang='lat' dir='ltr'><strong>opposita</strong></span> <span class='ocrx_word' id='word_1_584' title='bbox 870 2245 958 2273; x_wconf 92' lang='lat' dir='ltr'><strong>conti-</strong></span> 
     </span>
    </p>
   </div>
   <div class='ocr_carea' id='block_1_79' title="bbox 1013 1646 1800 1687">
    <p class='ocr_par' dir='ltr' id='par_1_79' title="bbox 1013 1646 1800 1687">
     <span class='ocr_line' id='line_1_79' title="bbox 1013 1646 1800 1687; baseline 0.01 -16"><span class='ocrx_word' id='word_1_585' title='bbox 1013 1646 1060 1672; x_wconf 82' lang='grc' dir='ltr'><strong>ὲπὶ</strong></span> <span class='ocrx_word' id='word_1_586' title='bbox 1076 1646 1124 1682; x_wconf 81' lang='grc' dir='ltr'><strong>τήν</strong></span> <span class='ocrx_word' id='word_1_587' title='bbox 1139 1647 1274 1675; x_wconf 90' lang='grc' dir='ltr'>θάλατταν</span> <span class='ocrx_word' id='word_1_588' title='bbox 1285 1649 1441 1684; x_wconf 79' lang='grc' dir='ltr'>ἠλαύνοντο,</span> <span class='ocrx_word' id='word_1_589' title='bbox 1456 1651 1504 1677; x_wconf 72' lang='grc' dir='ltr'>καὶ</span> <span class='ocrx_word' id='word_1_590' title='bbox 1518 1648 1563 1686; x_wconf 81' lang='grc' dir='ltr'><strong>(ἦν</strong></span> <span class='ocrx_word' id='word_1_591' title='bbox 1576 1651 1630 1687; x_wconf 85' lang='grc' dir='ltr'><strong>γὰρ</strong></span> <span class='ocrx_word' id='word_1_592' title='bbox 1645 1651 1717 1687; x_wconf 79' lang='grc' dir='ltr'>αὔρα</span> <span class='ocrx_word' id='word_1_593' title='bbox 1729 1652 1800 1679; x_wconf 85' lang='grc' dir='ltr'>κατὰ</span> 
     </span>
    </p>
   </div>
   <div class='ocr_carea' id='block_1_80' title="bbox 1011 1691 1800 1733">
    <p class='ocr_par' dir='ltr' id='par_1_80' title="bbox 1011 1691 1800 1733">
     <span class='ocr_line' id='line_1_80' title="bbox 1011 1691 1800 1733; baseline 0.009 -15"><span class='ocrx_word' id='word_1_594' title='bbox 1011 1691 1096 1729; x_wconf 88' lang='grc' dir='ltr'>τύχην</span> <span class='ocrx_word' id='word_1_595' title='bbox 1107 1693 1250 1729; x_wconf 81' lang='grc' dir='ltr'>ἀπόγαιος)</span> <span class='ocrx_word' id='word_1_596' title='bbox 1260 1695 1421 1730; x_wconf 83' lang='grc' dir='ltr'>εὐμεγέθεις</span> <span class='ocrx_word' id='word_1_597' title='bbox 1432 1697 1600 1732; x_wconf 77' lang='grc' dir='ltr'>ἐμπεσοῦσαι</span> <span class='ocrx_word' id='word_1_598' title='bbox 1612 1699 1667 1729; x_wconf 86' lang='grc' dir='ltr'>τοῖς</span> <span class='ocrx_word' id='word_1_599' title='bbox 1681 1697 1800 1733; x_wconf 82' lang='grc' dir='ltr'>ῥείθροις</span> 
     </span>
    </p>
   </div>
   <div class='ocr_carea' id='block_1_81' title="bbox 1013 1739 1799 1778">
    <p class='ocr_par' dir='ltr' id='par_1_81' title="bbox 1013 1739 1799 1778">
     <span class='ocr_line' id='line_1_81' title="bbox 1013 1739 1799 1778; baseline 0.008 -14"><span class='ocrx_word' id='word_1_600' title='bbox 1013 1739 1082 1773; x_wconf 84' lang='grc' dir='ltr'>μετὰ</span> <span class='ocrx_word' id='word_1_601' title='bbox 1109 1739 1248 1774; x_wconf 85' lang='grc' dir='ltr'>πτοήσεως</span> <span class='ocrx_word' id='word_1_602' title='bbox 1262 1740 1296 1766; x_wconf 86' lang='grc' dir='ltr'><strong>τά</strong></span> <span class='ocrx_word' id='word_1_603' title='bbox 1316 1740 1367 1775; x_wconf 82' lang='grc' dir='ltr'>μὲν</span> <span class='ocrx_word' id='word_1_604' title='bbox 1392 1742 1490 1777; x_wconf 86' lang='grc' dir='ltr'>πρῶτα</span> <span class='ocrx_word' id='word_1_605' title='bbox 1503 1742 1579 1777; x_wconf 83' lang='grc' dir='ltr'><strong>παρά</strong></span> <span class='ocrx_word' id='word_1_606' title='bbox 1597 1742 1647 1776; x_wconf 84' lang='grc' dir='ltr'>τὴν</span> <span class='ocrx_word' id='word_1_607' title='bbox 1664 1742 1717 1778; x_wconf 88' lang='grc' dir='ltr'>γῆν</span> <span class='ocrx_word' id='word_1_608' title='bbox 1732 1743 1799 1778; x_wconf 78' lang='grc' dir='ltr'>ἐνή-</span> 
     </span>
    </p>
   </div>
   <div class='ocr_carea' id='block_1_82' title="bbox 1011 1784 1799 1824">
    <p class='ocr_par' dir='ltr' id='par_1_82' title="bbox 1011 1784 1799 1824">
     <span class='ocr_line' id='line_1_82' title="bbox 1011 1784 1799 1824; baseline 0.006 -14"><span class='ocrx_word' id='word_1_609' title='bbox 1011 1792 1098 1819; x_wconf 88' lang='grc' dir='ltr'>χοντο,</span> <span class='ocrx_word' id='word_1_610' title='bbox 1118 1784 1165 1811; x_wconf 83' lang='grc' dir='ltr'>τοῦ</span> <span class='ocrx_word' id='word_1_611' title='bbox 1188 1785 1216 1811; x_wconf 79' lang='grc' dir='ltr'>δὲ</span> <span class='ocrx_word' id='word_1_612' title='bbox 1237 1785 1365 1821; x_wconf 87' lang='grc' dir='ltr'>δείματος</span> <span class='ocrx_word' id='word_1_613' title='bbox 1378 1787 1408 1813; x_wconf 84' lang='grc' dir='ltr'>οὗ</span> <span class='ocrx_word' id='word_1_614' title='bbox 1430 1787 1559 1823; x_wconf 87' lang='grc' dir='ltr'>λήγοντος</span> <span class='ocrx_word' id='word_1_615' title='bbox 1574 1787 1799 1824; x_wconf 80' lang='grc' dir='ltr'>έξεκυμάνθησαν</span> 
     </span>
    </p>
   </div>
   <div class='ocr_carea' id='block_1_83' title="bbox 1010 1829 1797 1869">
    <p class='ocr_par' dir='ltr' id='par_1_83' title="bbox 1010 1829 1797 1869">
     <span class='ocr_line' id='line_1_83' title="bbox 1010 1829 1797 1869; baseline 0.008 -15"><span class='ocrx_word' id='word_1_616' title='bbox 1010 1829 1057 1855; x_wconf 86' lang='grc' dir='ltr'>καὶ</span> <span class='ocrx_word' id='word_1_617' title='bbox 1074 1829 1151 1864; x_wconf 84' lang='grc' dir='ltr'>μόλις</span> <span class='ocrx_word' id='word_1_618' title='bbox 1165 1829 1212 1856; x_wconf 74' lang='grc' dir='ltr'><strong>ἐπὶ</strong></span> <span class='ocrx_word' id='word_1_619' title='bbox 1231 1830 1262 1856; x_wconf 85' lang='grc' dir='ltr'>τὸ</span> <span class='ocrx_word' id='word_1_620' title='bbox 1276 1831 1326 1865; x_wconf 87' lang='grc' dir='ltr'>τῆς</span> <span class='ocrx_word' id='word_1_621' title='bbox 1339 1831 1453 1867; x_wconf 81' lang='grc' dir='ltr'>ἀντικρὺ</span> <span class='ocrx_word' id='word_1_622' title='bbox 1467 1833 1548 1868; x_wconf 87' lang='grc' dir='ltr'>νήσου</span> <span class='ocrx_word' id='word_1_623' title='bbox 1563 1834 1648 1868; x_wconf 80' lang='grc' dir='ltr'>πέρας</span> <span class='ocrx_word' id='word_1_624' title='bbox 1665 1833 1797 1869; x_wconf 79' lang='grc' dir='ltr'>διεσώθη-</span> 
     </span>
    </p>
   </div>
   <div class='ocr_carea' id='block_1_84' title="bbox 1011 1874 1799 1915">
    <p class='ocr_par' dir='ltr' id='par_1_84' title="bbox 1011 1874 1799 1915">
     <span class='ocr_line' id='line_1_84' title="bbox 1011 1874 1799 1915; baseline 0.009 -16"><span class='ocrx_word' id='word_1_625' title='bbox 1011 1882 1070 1905; x_wconf 87' lang='grc' dir='ltr'>σαν,</span> <span class='ocrx_word' id='word_1_626' title='bbox 1090 1874 1149 1907; x_wconf 84' lang='grc' dir='ltr'>ένὺς</span> <span class='ocrx_word' id='word_1_627' title='bbox 1160 1875 1215 1902; x_wconf 87' lang='grc' dir='ltr'>τῶν</span> <span class='ocrx_word' id='word_1_628' title='bbox 1230 1876 1349 1904; x_wconf 84' lang='grc' dir='ltr'>αἰπόλων</span> <span class='ocrx_word' id='word_1_629' title='bbox 1363 1878 1469 1904; x_wconf 86' lang='grc' dir='ltr'>νεανίου</span> <span class='ocrx_word' id='word_1_630' title='bbox 1489 1879 1536 1905; x_wconf 83' lang='grc' dir='ltr'>καὶ</span> <span class='ocrx_word' id='word_1_631' title='bbox 1555 1879 1642 1915; x_wconf 83' lang='grc' dir='ltr'>τόλμῃ</span> <span class='ocrx_word' id='word_1_632' title='bbox 1655 1879 1799 1915; x_wconf 86' lang='grc' dir='ltr'>διαφέρον-</span> 
     </span>
    </p>
   </div>
   <div class='ocr_carea' id='block_1_85' title="bbox 1009 1920 1799 1960">
    <p class='ocr_par' dir='ltr' id='par_1_85' title="bbox 1009 1920 1799 1960">
     <span class='ocr_line' id='line_1_85' title="bbox 1009 1920 1799 1960; baseline 0.009 -15"><span class='ocrx_word' id='word_1_633' title='bbox 1009 1927 1054 1950; x_wconf 86' lang='grc' dir='ltr'><strong>τος</strong></span> <span class='ocrx_word' id='word_1_634' title='bbox 1068 1920 1336 1956; x_wconf 78' lang='grc' dir='ltr'>συμπεραιωθέντος,</span> <span class='ocrx_word' id='word_1_635' title='bbox 1360 1923 1454 1949; x_wconf 78' lang='grc' dir='ltr'>ἄλλοτε</span> <span class='ocrx_word' id='word_1_636' title='bbox 1472 1923 1555 1960; x_wconf 81' lang='grc' dir='ltr'>ἄλλης</span> <span class='ocrx_word' id='word_1_637' title='bbox 1568 1924 1622 1951; x_wconf 80' lang='grc' dir='ltr'>τῶν</span> <span class='ocrx_word' id='word_1_638' title='bbox 1640 1924 1723 1960; x_wconf 83' lang='grc' dir='ltr'>ὤμων</span> <span class='ocrx_word' id='word_1_639' title='bbox 1736 1925 1799 1951; x_wconf 85' lang='grc' dir='ltr'>άντ-</span> 
     </span>
    </p>
   </div>
   <div class='ocr_carea' id='block_1_86' title="bbox 1009 1966 1797 2005">
    <p class='ocr_par' dir='ltr' id='par_1_86' title="bbox 1009 1966 1797 2005">
     <span class='ocr_line' id='line_1_86' title="bbox 1009 1966 1797 2005; baseline 0.008 -14"><span class='ocrx_word' id='word_1_640' title='bbox 1009 1966 1148 2000; x_wconf 86' lang='grc' dir='ltr'>εχομένου.</span> <span class='ocrx_word' id='word_1_641' title='bbox 1179 1966 1208 1993; x_wconf 82' lang='grc'><strong>’0</strong></span> <span class='ocrx_word' id='word_1_642' title='bbox 1219 1966 1264 1994; x_wconf 83' lang='grc' dir='ltr'>οὖν</span> <span class='ocrx_word' id='word_1_643' title='bbox 1278 1967 1412 2004; x_wconf 87' lang='grc' dir='ltr'>Ἐρύθρας</span> <span class='ocrx_word' id='word_1_644' title='bbox 1422 1969 1511 2004; x_wconf 78' lang='grc' dir='ltr'>ζητῶν</span> <span class='ocrx_word' id='word_1_645' title='bbox 1521 1970 1570 2002; x_wconf 81' lang='grc' dir='ltr'>τὰς</span> <span class='ocrx_word' id='word_1_646' title='bbox 1585 1970 1616 1996; x_wconf 88' lang='grc' dir='ltr'>οὐ</span> <span class='ocrx_word' id='word_1_647' title='bbox 1630 1970 1797 2005; x_wconf 85' lang='grc' dir='ltr'>φαινομένας</span> 
     </span>
    </p>
   </div>
   <div class='ocr_carea' id='block_1_87' title="bbox 1009 2012 1794 2052">
    <p class='ocr_par' dir='ltr' id='par_1_87' title="bbox 1009 2012 1794 2052">
     <span class='ocr_line' id='line_1_87' title="bbox 1009 2012 1794 2052; baseline 0.005 -13"><span class='ocrx_word' id='word_1_648' title='bbox 1009 2012 1145 2049; x_wconf 75' lang='grc' dir='ltr'>φορϐάδας</span> <span class='ocrx_word' id='word_1_649' title='bbox 1172 2014 1283 2050; x_wconf 82' lang='grc' dir='ltr'>πρῶτος</span> <span class='ocrx_word' id='word_1_650' title='bbox 1309 2015 1363 2042; x_wconf 86' lang='grc' dir='ltr'><strong>τῶν</strong></span> <span class='ocrx_word' id='word_1_651' title='bbox 1388 2016 1478 2043; x_wconf 78' lang='grc' dir='ltr'>ἐκεῖσε</span> <span class='ocrx_word' id='word_1_652' title='bbox 1513 2016 1621 2050; x_wconf 88' lang='grc' dir='ltr'>σχεδίαν</span> <span class='ocrx_word' id='word_1_653' title='bbox 1646 2016 1767 2052; x_wconf 76' lang='grc' dir='ltr'>ἐπήξατο</span> <span class='ocrx_word' id='word_1_654' title='bbox 1785 2035 1794 2049; x_wconf 86' lang='grc'><em>,</em></span> 
     </span>
    </p>
   </div>
   <div class='ocr_carea' id='block_1_88' title="bbox 1010 2059 1796 2096">
    <p class='ocr_par' dir='ltr' id='par_1_88' title="bbox 1010 2059 1796 2096">
     <span class='ocr_line' id='line_1_88' title="bbox 1010 2059 1796 2096; baseline 0.004 -11"><span class='ocrx_word' id='word_1_655' title='bbox 1010 2059 1120 2094; x_wconf 82' lang='grc' dir='ltr'>μεγέθει</span> <span class='ocrx_word' id='word_1_656' title='bbox 1149 2059 1200 2095; x_wconf 78' lang='grc' dir='ltr'>μὲν</span> <span class='ocrx_word' id='word_1_657' title='bbox 1235 2060 1391 2095; x_wconf 81' lang='grc' dir='ltr'>σύμμετρον</span> <span class='ocrx_word' id='word_1_658' title='bbox 1408 2080 1416 2094; x_wconf 89' lang='grc'><strong><em>,</em></strong></span> <span class='ocrx_word' id='word_1_659' title='bbox 1442 2062 1475 2096; x_wconf 78' lang='grc' dir='ltr'>τῇ</span> <span class='ocrx_word' id='word_1_660' title='bbox 1502 2060 1616 2095; x_wconf 89' lang='grc' dir='ltr'>δυνάμει</span> <span class='ocrx_word' id='word_1_661' title='bbox 1642 2060 1671 2088; x_wconf 80' lang='grc' dir='ltr'>δὲ</span> <span class='ocrx_word' id='word_1_662' title='bbox 1704 2061 1796 2096; x_wconf 85' lang='grc' dir='ltr'>στερί-</span> 
     </span>
    </p>
   </div>
   <div class='ocr_carea' id='block_1_89' title="bbox 1008 2105 1795 2143">
    <p class='ocr_par' dir='ltr' id='par_1_89' title="bbox 1008 2105 1795 2143">
     <span class='ocr_line' id='line_1_89' title="bbox 1008 2105 1795 2143; baseline 0.004 -13"><span class='ocrx_word' id='word_1_663' title='bbox 1008 2112 1062 2140; x_wconf 80' lang='grc' dir='ltr'><strong>φην</strong></span> <span class='ocrx_word' id='word_1_664' title='bbox 1076 2105 1135 2137; x_wconf 49' lang='grc' dir='ltr'><strong>κ’,</strong></span> <span class='ocrx_word' id='word_1_665' title='bbox 1151 2105 1199 2132; x_wconf 84' lang='grc' dir='ltr'>καὶ</span> <span class='ocrx_word' id='word_1_666' title='bbox 1219 2105 1309 2132; x_wconf 80' lang='grc' dir='ltr'>λασὼν</span> <span class='ocrx_word' id='word_1_667' title='bbox 1332 2106 1426 2133; x_wconf 78' lang='grc' dir='ltr'>στάσιν</span> <span class='ocrx_word' id='word_1_668' title='bbox 1454 2105 1546 2142; x_wconf 82' lang='grc' dir='ltr'>οὐρίου</span> <span class='ocrx_word' id='word_1_669' title='bbox 1565 2106 1614 2133; x_wconf 75' lang='grc' dir='ltr'>καὶ</span> <span class='ocrx_word' id='word_1_670' title='bbox 1635 2107 1795 2143; x_wconf 87' lang='grc' dir='ltr'>συμμέτρου</span> 
     </span>
    </p>
   </div>
   <div class='ocr_carea' id='block_1_90' title="bbox 1007 2150 1794 2188">
    <p class='ocr_par' dir='ltr' id='par_1_90' title="bbox 1007 2150 1794 2188">
     <span class='ocr_line' id='line_1_90' title="bbox 1007 2150 1794 2188; baseline 0.004 -12"><span class='ocrx_word' id='word_1_671' title='bbox 1007 2150 1163 2186; x_wconf 87' lang='grc' dir='ltr'>πνεύματος</span> <span class='ocrx_word' id='word_1_672' title='bbox 1181 2151 1287 2186; x_wconf 80' lang='grc' dir='ltr'>ἀφῆκεν</span> <span class='ocrx_word' id='word_1_673' title='bbox 1301 2151 1342 2183; x_wconf 78' lang='grc' dir='ltr'><strong>είς</strong></span> <span class='ocrx_word' id='word_1_674' title='bbox 1363 2152 1409 2179; x_wconf 78' lang='grc' dir='ltr'>τὸν</span> <span class='ocrx_word' id='word_1_675' title='bbox 1424 2152 1508 2187; x_wconf 86' lang='grc' dir='ltr'>πόρον</span> <span class='ocrx_word' id='word_1_676' title='bbox 1522 2160 1530 2168; x_wconf 77' lang='grc' dir='ltr'><strong><em>ο</em></strong></span> <span class='ocrx_word' id='word_1_677' title='bbox 1545 2152 1614 2188; x_wconf 77' lang='grc' dir='ltr'>ταχὺ</span> <span class='ocrx_word' id='word_1_678' title='bbox 1629 2152 1658 2179; x_wconf 78' lang='grc' dir='ltr'>δὲ</span> <span class='ocrx_word' id='word_1_679' title='bbox 1679 2152 1726 2179; x_wconf 81' lang='grc' dir='ltr'>τοῦ</span> <span class='ocrx_word' id='word_1_680' title='bbox 1743 2152 1794 2179; x_wconf 87' lang='grc' dir='ltr'>κύ-</span> 
     </span>
    </p>
   </div>
   <div class='ocr_carea' id='block_1_91' title="bbox 1009 2195 1792 2234">
    <p class='ocr_par' dir='ltr' id='par_1_91' title="bbox 1009 2195 1792 2234">
     <span class='ocr_line' id='line_1_91' title="bbox 1009 2195 1792 2234; baseline 0.003 -12"><span class='ocrx_word' id='word_1_681' title='bbox 1009 2204 1093 2231; x_wconf 88' lang='grc' dir='ltr'>ματος</span> <span class='ocrx_word' id='word_1_682' title='bbox 1120 2196 1200 2224; x_wconf 73' lang='grc' dir='ltr'>αὒιὺν</span> <span class='ocrx_word' id='word_1_683' title='bbox 1227 2197 1402 2233; x_wconf 84' lang='grc' dir='ltr'>προώσαντος</span> <span class='ocrx_word' id='word_1_684' title='bbox 1427 2195 1492 2234; x_wconf 75' lang='grc' dir='ltr'>εὗρε</span> <span class='ocrx_word' id='word_1_685' title='bbox 1521 2199 1571 2234; x_wconf 77' lang='grc' dir='ltr'>μὲν</span> <span class='ocrx_word' id='word_1_686' title='bbox 1593 2199 1659 2231; x_wconf 85' lang='grc' dir='ltr'>τοὺς</span> <span class='ocrx_word' id='word_1_687' title='bbox 1683 2199 1792 2230; x_wconf 80' lang='grc' dir='ltr'>ἵππους,</span> 
     </span>
    </p>
   </div>
   <div class='ocr_carea' id='block_1_92' title="bbox 1008 2239 1794 2280">
    <p class='ocr_par' dir='ltr' id='par_1_92' title="bbox 1008 2239 1794 2280">
     <span class='ocr_line' id='line_1_92' title="bbox 1008 2239 1794 2280; baseline 0.001 -12"><span class='ocrx_word' id='word_1_688' title='bbox 1008 2239 1071 2277; x_wconf 71' lang='grc' dir='ltr'>εὗρε</span> <span class='ocrx_word' id='word_1_689' title='bbox 1086 2241 1114 2269; x_wconf 83' lang='grc' dir='ltr'>δὲ</span> <span class='ocrx_word' id='word_1_690' title='bbox 1130 2242 1175 2270; x_wconf 77' lang='grc' dir='ltr'>τὸν</span> <span class='ocrx_word' id='word_1_691' title='bbox 1188 2243 1283 2279; x_wconf 85' lang='grc' dir='ltr'>νομέα.</span> <span class='ocrx_word' id='word_1_692' title='bbox 1306 2244 1457 2280; x_wconf 81' lang='grc' dir='ltr'>Θαυμάσας</span> <span class='ocrx_word' id='word_1_693' title='bbox 1468 2244 1496 2271; x_wconf 86' lang='grc' dir='ltr'>δὲ</span> <span class='ocrx_word' id='word_1_694' title='bbox 1513 2244 1561 2280; x_wconf 81' lang='grc' dir='ltr'><strong>τὴν</strong></span> <span class='ocrx_word' id='word_1_695' title='bbox 1576 2244 1658 2279; x_wconf 87' lang='grc' dir='ltr'>νῆσον</span> <span class='ocrx_word' id='word_1_696' title='bbox 1678 2243 1725 2270; x_wconf 86' lang='grc' dir='ltr'>καὶ</span> <span class='ocrx_word' id='word_1_697' title='bbox 1745 2243 1794 2269; x_wconf 85' lang='grc' dir='ltr'>πό-</span> 
     </span>
    </p>
   </div>
   <div class='ocr_carea' id='block_1_93' title="bbox 172 2286 963 2326">
    <p class='ocr_par' dir='ltr' id='par_1_93' title="bbox 172 2286 956 2322">
     <span class='ocr_line' id='line_1_93' title="bbox 172 2286 956 2322; baseline 0.01 -11"><span class='ocrx_word' id='word_1_698' title='bbox 172 2290 254 2313; x_wconf 86' lang='lat' dir='ltr'><strong>uente</strong></span> <span class='ocrx_word' id='word_1_699' title='bbox 267 2286 305 2313; x_wconf 87' lang='lat' dir='ltr'><strong>rei</strong></span> <span class='ocrx_word' id='word_1_700' title='bbox 323 2286 478 2314; x_wconf 70' lang='lat' dir='ltr'><strong>domesticae</strong></span> <span class='ocrx_word' id='word_1_701' title='bbox 496 2287 587 2322; x_wconf 87' lang='lat' dir='ltr'><strong>inopia</strong></span> <span class='ocrx_word' id='word_1_702' title='bbox 606 2288 762 2317; x_wconf 86' lang='lat' dir='ltr'><strong>laborantes</strong></span> <span class='ocrx_word' id='word_1_703' title='bbox 772 2290 837 2317; x_wconf 91' lang='lat' dir='ltr'><strong>illuc</strong></span> <span class='ocrx_word' id='word_1_704' title='bbox 849 2290 956 2319; x_wconf 87' lang='lat' dir='ltr'><strong>habita-</strong></span> 
     </span>
    </p>
   </div>
   <div class='ocr_carea' id='block_1_94' title="bbox 1013 2286 1795 2326">
    <p class='ocr_par' dir='ltr' id='par_1_94' title="bbox 1013 2288 1795 2326">
     <span class='ocr_line' id='line_1_94' title="bbox 1013 2288 1795 2326; baseline 0.001 -12"><span class='ocrx_word' id='word_1_705' title='bbox 1013 2288 1095 2324; x_wconf 85' lang='grc' dir='ltr'>λισμα</span> <span class='ocrx_word' id='word_1_706' title='bbox 1111 2289 1158 2315; x_wconf 72' lang='grc' dir='ltr'><strong>ἐπὶ</strong></span> <span class='ocrx_word' id='word_1_707' title='bbox 1173 2288 1283 2325; x_wconf 83' lang='grc' dir='ltr'>λιμένος</span> <span class='ocrx_word' id='word_1_708' title='bbox 1298 2290 1426 2326; x_wconf 83' lang='grc' dir='ltr'>εὐκαίρου</span> <span class='ocrx_word' id='word_1_709' title='bbox 1459 2290 1595 2326; x_wconf 73' lang='grc' dir='ltr'>ἱδρύσατο,</span> <span class='ocrx_word' id='word_1_710' title='bbox 1620 2290 1667 2317; x_wconf 75' lang='grc' dir='ltr'>καὶ</span> <span class='ocrx_word' id='word_1_711' title='bbox 1691 2290 1723 2316; x_wconf 83' lang='grc' dir='ltr'>ὲκ</span> <span class='ocrx_word' id='word_1_712' title='bbox 1741 2288 1795 2323; x_wconf 86' lang='grc' dir='ltr'>τῆς</span> 
     </span>
    </p>
   </div>
   <div class='ocr_carea' id='block_1_95' title="bbox 173 2333 957 2371">
    <p class='ocr_par' dir='ltr' id='par_1_95' title="bbox 173 2333 957 2371">
     <span class='ocr_line' id='line_1_95' title="bbox 173 2333 957 2371; baseline 0.01 -12"><span class='ocrx_word' id='word_1_713' title='bbox 173 2337 229 2359; x_wconf 87' lang='lat' dir='ltr'><strong>tttm</strong></span> <span class='ocrx_word' id='word_1_714' title='bbox 243 2333 394 2360; x_wconf 84' lang='lat' dir='ltr'><strong>transtulit.</strong></span> <span class='ocrx_word' id='word_1_715' title='bbox 413 2333 503 2369; x_wconf 81' lang='lat' dir='ltr'><strong>Atque</strong></span> <span class='ocrx_word' id='word_1_716' title='bbox 521 2335 584 2363; x_wconf 87' lang='lat' dir='ltr'><strong>inde</strong></span> <span class='ocrx_word' id='word_1_717' title='bbox 603 2336 684 2363; x_wconf 83' lang='lat' dir='ltr'><strong>etiam</strong></span> <span class='ocrx_word' id='word_1_718' title='bbox 710 2337 814 2365; x_wconf 88' lang='lat' dir='ltr'><strong>insulas</strong></span> <span class='ocrx_word' id='word_1_719' title='bbox 831 2344 957 2371; x_wconf 65' lang='lat' dir='ltr'><strong>caeteras,</strong></span> 
     </span>
    </p>
   </div>
   <div class='ocr_carea' id='block_1_96' title="bbox 171 2378 959 2418">
    <p class='ocr_par' dir='ltr' id='par_1_96' title="bbox 171 2378 959 2418">
     <span class='ocr_line' id='line_1_96' title="bbox 171 2378 959 2418; baseline 0.01 -13"><span class='ocrx_word' id='word_1_720' title='bbox 171 2378 323 2406; x_wconf 89' lang='lat' dir='ltr'><strong>cultoribus</strong></span> <span class='ocrx_word' id='word_1_721' title='bbox 341 2387 450 2413; x_wconf 85' lang='lat' dir='ltr'><strong>vacuas,</strong></span> <span class='ocrx_word' id='word_1_722' title='bbox 471 2381 655 2409; x_wconf 87' lang='lat' dir='ltr'><strong>habitatorum</strong></span> <span class='ocrx_word' id='word_1_723' title='bbox 677 2383 830 2418; x_wconf 76' lang='lat' dir='ltr'><strong>frequentia</strong></span> <span class='ocrx_word' id='word_1_724' title='bbox 853 2385 886 2412; x_wconf 88' lang='lat' dir='ltr'><strong>ad</strong></span> <span class='ocrx_word' id='word_1_725' title='bbox 907 2385 959 2413; x_wconf 92' lang='lat' dir='ltr'><strong>hu-</strong></span> 
     </span>
    </p>
   </div>
   <div class='ocr_carea' id='block_1_97' title="bbox 172 2424 959 2466">
    <p class='ocr_par' dir='ltr' id='par_1_97' title="bbox 172 2424 959 2466">
     <span class='ocr_line' id='line_1_97' title="bbox 172 2424 959 2466; baseline 0.011 -16"><span class='ocrx_word' id='word_1_726' title='bbox 172 2424 313 2451; x_wconf 83' lang='lat' dir='ltr'><strong>manitatis</strong></span> <span class='ocrx_word' id='word_1_727' title='bbox 338 2425 440 2453; x_wconf 91' lang='lat' dir='ltr'><strong>cultum</strong></span> <span class='ocrx_word' id='word_1_728' title='bbox 470 2427 601 2454; x_wconf 83' lang='lat' dir='ltr'><strong>traduxit.</strong></span> <span class='ocrx_word' id='word_1_729' title='bbox 628 2427 746 2456; x_wconf 91' lang='lat' dir='ltr'><strong>Tantum</strong></span> <span class='ocrx_word' id='word_1_730' title='bbox 769 2430 855 2465; x_wconf 86' lang='lat' dir='ltr'><strong>igitur</strong></span> <span class='ocrx_word' id='word_1_731' title='bbox 867 2430 959 2466; x_wconf 68' lang='lat' dir='ltr'><strong>gloriae</strong></span> 
     </span>
    </p>
   </div>
   <div class='ocr_carea' id='block_1_98' title="bbox 172 2470 959 2511">
    <p class='ocr_par' dir='ltr' id='par_1_98' title="bbox 172 2470 959 2511">
     <span class='ocr_line' id='line_1_98' title="bbox 172 2470 959 2511; baseline 0.01 -14"><span class='ocrx_word' id='word_1_732' title='bbox 172 2478 205 2497; x_wconf 83' lang='lat' dir='ltr'><strong>ex</strong></span> <span class='ocrx_word' id='word_1_733' title='bbox 222 2470 305 2498; x_wconf 88' lang='lat' dir='ltr'><strong>rebus</strong></span> <span class='ocrx_word' id='word_1_734' title='bbox 323 2472 418 2507; x_wconf 86' lang='lat' dir='ltr'><strong>gestis,</strong></span> <span class='ocrx_word' id='word_1_735' title='bbox 443 2473 513 2507; x_wconf 82' lang='lat' dir='ltr'><strong>apud</strong></span> <span class='ocrx_word' id='word_1_736' title='bbox 539 2473 636 2509; x_wconf 86' lang='lat' dir='ltr'><strong>vulgus</strong></span> <span class='ocrx_word' id='word_1_737' title='bbox 660 2475 714 2502; x_wconf 89' lang='lat' dir='ltr'><strong>sibi</strong></span> <span class='ocrx_word' id='word_1_738' title='bbox 730 2477 913 2511; x_wconf 75' lang='lat' dir='ltr'><strong>comparavit,</strong></span> <span class='ocrx_word' id='word_1_739' title='bbox 928 2482 959 2505; x_wconf 90' lang='lat' dir='ltr'><strong>ut</strong></span> 
     </span>
    </p>
   </div>
   <div class='ocr_carea' id='block_1_99' title="bbox 174 2516 958 2554">
    <p class='ocr_par' dir='ltr' id='par_1_99' title="bbox 174 2516 958 2554">
     <span class='ocr_line' id='line_1_99' title="bbox 174 2516 958 2554; baseline 0.013 -13"><span class='ocrx_word' id='word_1_740' title='bbox 174 2522 250 2543; x_wconf 75' lang='lat' dir='ltr'><strong>mare</strong></span> <span class='ocrx_word' id='word_1_741' title='bbox 268 2516 351 2550; x_wconf 87' lang='lat' dir='ltr'><strong>illud,</strong></span> <span class='ocrx_word' id='word_1_742' title='bbox 369 2519 557 2553; x_wconf 81' lang='lat' dir='ltr'><strong>magnitudine</strong></span> <span class='ocrx_word' id='word_1_743' title='bbox 571 2519 720 2554; x_wconf 88' lang='lat' dir='ltr'><strong>inﬁnitum,</strong></span> <span class='ocrx_word' id='word_1_744' title='bbox 738 2529 834 2550; x_wconf 88' lang='lat' dir='ltr'><strong>omnes</strong></span> <span class='ocrx_word' id='word_1_745' title='bbox 856 2523 890 2550; x_wconf 85' lang='lat' dir='ltr'><strong>ad</strong></span> <span class='ocrx_word' id='word_1_746' title='bbox 906 2531 958 2551; x_wconf 90' lang='lat' dir='ltr'><strong>no-</strong></span> 
     </span>
    </p>
   </div>
   <div class='ocr_carea' id='block_1_100' title="bbox 173 2564 957 2601">
    <p class='ocr_par' dir='ltr' id='par_1_100' title="bbox 173 2564 957 2601">
     <span class='ocr_line' id='line_1_100' title="bbox 173 2564 957 2601; baseline 0.011 -14"><span class='ocrx_word' id='word_1_747' title='bbox 173 2565 257 2588; x_wconf 85' lang='lat' dir='ltr'><strong>stram</strong></span> <span class='ocrx_word' id='word_1_748' title='bbox 275 2570 361 2597; x_wconf 89' lang='lat' dir='ltr'><strong>usque</strong></span> <span class='ocrx_word' id='word_1_749' title='bbox 374 2568 481 2591; x_wconf 57' lang='lat' dir='ltr'><strong>aetatem</strong></span> <span class='ocrx_word' id='word_1_750' title='bbox 491 2564 660 2599; x_wconf 69' lang='lat' dir='ltr'><strong>Erythraeum</strong></span> <span class='ocrx_word' id='word_1_751' title='bbox 673 2566 818 2601; x_wconf 85' lang='lat' dir='ltr'><strong>appellent.</strong></span> <span class='ocrx_word' id='word_1_752' title='bbox 832 2566 957 2597; x_wconf 84' lang='lat' dir='ltr'><strong>Nominis</strong></span> 
     </span>
    </p>
   </div>
   <div class='ocr_carea' id='block_1_101' title="bbox 173 2606 958 2649">
    <p class='ocr_par' dir='ltr' id='par_1_101' title="bbox 173 2606 958 2649">
     <span class='ocr_line' id='line_1_101' title="bbox 173 2606 958 2649; baseline 0.011 -16"><span class='ocrx_word' id='word_1_753' title='bbox 173 2606 257 2641; x_wconf 86' lang='lat' dir='ltr'><strong>igitur</strong></span> <span class='ocrx_word' id='word_1_754' title='bbox 270 2609 389 2636; x_wconf 87' lang='lat' dir='ltr'><strong>rationes</strong></span> <span class='ocrx_word' id='word_1_755' title='bbox 404 2610 539 2637; x_wconf 65' lang='lat' dir='ltr'><strong>distinctae</strong></span> <span class='ocrx_word' id='word_1_756' title='bbox 557 2610 593 2637; x_wconf 86' lang='lat' dir='ltr'><strong>ita</strong></span> <span class='ocrx_word' id='word_1_757' title='bbox 609 2618 639 2638; x_wconf 91' lang='lat' dir='ltr'><strong>se</strong></span> <span class='ocrx_word' id='word_1_758' title='bbox 655 2611 765 2640; x_wconf 86' lang='lat' dir='ltr'><strong>habent.</strong></span> <span class='ocrx_word' id='word_1_759' title='bbox 790 2612 857 2640; x_wconf 79' lang='lat' dir='ltr'><strong>Nam</strong></span> <span class='ocrx_word' id='word_1_760' title='bbox 878 2613 958 2649; x_wconf 87' lang='lat' dir='ltr'><strong>longe</strong></span> 
     </span>
    </p>
   </div>
   <div class='ocr_carea' id='block_1_102' title="bbox 173 2653 957 2695">
    <p class='ocr_par' dir='ltr' id='par_1_102' title="bbox 173 2653 957 2695">
     <span class='ocr_line' id='line_1_102' title="bbox 173 2653 957 2695; baseline 0.008 -15"><span class='ocrx_word' id='word_1_761' title='bbox 173 2653 245 2680; x_wconf 83' lang='lat' dir='ltr'><strong>aliud</strong></span> <span class='ocrx_word' id='word_1_762' title='bbox 261 2658 313 2688; x_wconf 87' lang='lat' dir='ltr'><strong>est,</strong></span> <span class='ocrx_word' id='word_1_763' title='bbox 338 2655 361 2682; x_wconf 90' lang='lat' dir='ltr'><strong>si</strong></span> <span class='ocrx_word' id='word_1_764' title='bbox 381 2654 504 2691; x_wconf 72' lang='lat' dir='ltr'><strong>Erytltra:</strong></span> <span class='ocrx_word' id='word_1_765' title='bbox 520 2664 595 2684; x_wconf 85' lang='lat' dir='ltr'><strong>mare</strong></span> <span class='ocrx_word' id='word_1_766' title='bbox 610 2657 713 2685; x_wconf 78' lang='lat' dir='ltr'><strong>dixeris</strong></span> <span class='ocrx_word' id='word_1_767' title='bbox 725 2677 733 2690; x_wconf 92' lang='lat'><strong>,</strong></span> <span class='ocrx_word' id='word_1_768' title='bbox 752 2665 833 2693; x_wconf 88' lang='lat' dir='ltr'><strong>quam</strong></span> <span class='ocrx_word' id='word_1_769' title='bbox 849 2659 872 2686; x_wconf 89' lang='lat' dir='ltr'><strong>si</strong></span> <span class='ocrx_word' id='word_1_770' title='bbox 889 2659 957 2695; x_wconf 81' lang='lat' dir='ltr'><strong>Ery-</strong></span> 
     </span>
    </p>
   </div>
   <div class='ocr_carea' id='block_1_103' title="bbox 173 2699 954 2738">
    <p class='ocr_par' dir='ltr' id='par_1_103' title="bbox 173 2699 954 2738">
     <span class='ocr_line' id='line_1_103' title="bbox 173 2699 954 2738; baseline 0.009 -13"><span class='ocrx_word' id='word_1_771' title='bbox 173 2699 264 2726; x_wconf 82' lang='lat' dir='ltr'><strong>thrum</strong></span> <span class='ocrx_word' id='word_1_772' title='bbox 285 2699 368 2735; x_wconf 85' lang='lat' dir='ltr'><strong>(quod</strong></span> <span class='ocrx_word' id='word_1_773' title='bbox 387 2701 477 2731; x_wconf 82' lang='lat' dir='ltr'><strong>Latini</strong></span> <span class='ocrx_word' id='word_1_774' title='bbox 492 2700 616 2730; x_wconf 83' lang='lat' dir='ltr'><strong>Rubrum</strong></span> <span class='ocrx_word' id='word_1_775' title='bbox 644 2702 774 2738; x_wconf 88' lang='lat' dir='ltr'><strong>vertunt).</strong></span> <span class='ocrx_word' id='word_1_776' title='bbox 799 2702 857 2731; x_wconf 81' lang='lat' dir='ltr'><strong>Hoc</strong></span> <span class='ocrx_word' id='word_1_777' title='bbox 882 2705 954 2732; x_wconf 90' lang='lat' dir='ltr'><strong>enim</strong></span> 
     </span>
    </p>
   </div>
   <div class='ocr_carea' id='block_1_104' title="bbox 1006 2334 1792 2372">
    <p class='ocr_par' dir='ltr' id='par_1_104' title="bbox 1006 2334 1792 2372">
     <span class='ocr_line' id='line_1_104' title="bbox 1006 2334 1792 2372; baseline -0.001 -10"><span class='ocrx_word' id='word_1_778' title='bbox 1006 2335 1155 2370; x_wconf 79' lang='grc' dir='ltr'>ἀντιπέραν</span> <span class='ocrx_word' id='word_1_779' title='bbox 1170 2335 1234 2367; x_wconf 83' lang='grc' dir='ltr'>τοὺς</span> <span class='ocrx_word' id='word_1_780' title='bbox 1253 2335 1423 2372; x_wconf 78' lang='grc' dir='ltr'>ἀποροῦντας</span> <span class='ocrx_word' id='word_1_781' title='bbox 1435 2336 1494 2372; x_wconf 81' lang='grc' dir='ltr'>βίου</span> <span class='ocrx_word' id='word_1_782' title='bbox 1517 2334 1688 2372; x_wconf 84' lang='grc' dir='ltr'>μετενεγκὼν</span> <span class='ocrx_word' id='word_1_783' title='bbox 1698 2334 1792 2361; x_wconf 71' lang='grc' dir='ltr'>ἐπόλι-</span> 
     </span>
    </p>
   </div>
   <div class='ocr_carea' id='block_1_105' title="bbox 1006 2382 1795 2419">
    <p class='ocr_par' dir='ltr' id='par_1_105' title="bbox 1006 2382 1795 2419">
     <span class='ocr_line' id='line_1_105' title="bbox 1006 2382 1795 2419; baseline 0.003 -11"><span class='ocrx_word' id='word_1_784' title='bbox 1006 2390 1062 2414; x_wconf 86' lang='grc' dir='ltr'>σεν,</span> <span class='ocrx_word' id='word_1_785' title='bbox 1078 2382 1183 2409; x_wconf 76' lang='grc' dir='ltr'>ἐκεῖθέν</span> <span class='ocrx_word' id='word_1_786' title='bbox 1197 2391 1226 2409; x_wconf 91' lang='grc' dir='ltr'><strong>τε</strong></span> <span class='ocrx_word' id='word_1_787' title='bbox 1240 2383 1289 2410; x_wconf 78' lang='grc' dir='ltr'>καὶ</span> <span class='ocrx_word' id='word_1_788' title='bbox 1302 2382 1351 2415; x_wconf 86' lang='grc' dir='ltr'><strong>τὰς</strong></span> <span class='ocrx_word' id='word_1_789' title='bbox 1365 2383 1446 2415; x_wconf 77' lang='grc' dir='ltr'>ἄλλας</span> <span class='ocrx_word' id='word_1_790' title='bbox 1460 2384 1559 2418; x_wconf 87' lang='grc' dir='ltr'>νήσους</span> <span class='ocrx_word' id='word_1_791' title='bbox 1576 2384 1696 2419; x_wconf 77' lang='grc' dir='ltr'>ἐρήμους</span> <span class='ocrx_word' id='word_1_792' title='bbox 1709 2382 1795 2415; x_wconf 79' lang='grc' dir='ltr'>οὗσας</span> 
     </span>
    </p>
   </div>
   <div class='ocr_carea' id='block_1_106' title="bbox 1006 2427 1794 2464">
    <p class='ocr_par' dir='ltr' id='par_1_106' title="bbox 1006 2427 1794 2464">
     <span class='ocr_line' id='line_1_106' title="bbox 1006 2427 1794 2464; baseline 0.001 -11"><span class='ocrx_word' id='word_1_793' title='bbox 1006 2427 1156 2463; x_wconf 71' lang='grc' dir='ltr'>ἀνθρώπιον</span> <span class='ocrx_word' id='word_1_794' title='bbox 1177 2428 1316 2463; x_wconf 75' lang='grc' dir='ltr'>οἰκήσεσιν</span> <span class='ocrx_word' id='word_1_795' title='bbox 1344 2429 1525 2464; x_wconf 75' lang='grc' dir='ltr'>ἐξημέρωσε·</span> <span class='ocrx_word' id='word_1_796' title='bbox 1550 2429 1599 2456; x_wconf 76' lang='grc' dir='ltr'>καὶ</span> <span class='ocrx_word' id='word_1_797' title='bbox 1626 2427 1794 2464; x_wconf 85' lang='grc' dir='ltr'>τηλικαύτην</span> 
     </span>
    </p>
   </div>
   <div class='ocr_carea' id='block_1_107' title="bbox 1005 2474 1792 2512">
    <p class='ocr_par' dir='ltr' id='par_1_107' title="bbox 1005 2474 1792 2512">
     <span class='ocr_line' id='line_1_107' title="bbox 1005 2474 1792 2512; baseline -0.003 -11"><span class='ocrx_word' id='word_1_798' title='bbox 1005 2474 1084 2507; x_wconf 80' lang='grc' dir='ltr'>δόξαν</span> <span class='ocrx_word' id='word_1_799' title='bbox 1100 2475 1132 2501; x_wconf 84' lang='grc' dir='ltr'>ὲκ</span> <span class='ocrx_word' id='word_1_800' title='bbox 1144 2475 1198 2502; x_wconf 87' lang='grc' dir='ltr'>τῶν</span> <span class='ocrx_word' id='word_1_801' title='bbox 1213 2476 1388 2511; x_wconf 87' lang='grc' dir='ltr'>πραχθέντων</span> <span class='ocrx_word' id='word_1_802' title='bbox 1410 2475 1517 2509; x_wconf 81' lang='grc' dir='ltr'>πολλοῖς</span> <span class='ocrx_word' id='word_1_803' title='bbox 1540 2476 1709 2512; x_wconf 78' lang='grc' dir='ltr'>ἐνεποίησεν,</span> <span class='ocrx_word' id='word_1_804' title='bbox 1722 2474 1792 2501; x_wconf 80' lang='grc' dir='ltr'>ὥστε</span> 
     </span>
    </p>
   </div>
   <div class='ocr_carea' id='block_1_108' title="bbox 1006 2520 1792 2557">
    <p class='ocr_par' dir='ltr' id='par_1_108' title="bbox 1006 2520 1792 2557">
     <span class='ocr_line' id='line_1_108' title="bbox 1006 2520 1792 2557; baseline -0.003 -10"><span class='ocrx_word' id='word_1_805' title='bbox 1006 2521 1056 2556; x_wconf 79' lang='grc' dir='ltr'>τὴν</span> <span class='ocrx_word' id='word_1_806' title='bbox 1066 2521 1155 2547; x_wconf 78' lang='grc' dir='ltr'>ἐκεῖσε</span> <span class='ocrx_word' id='word_1_807' title='bbox 1169 2521 1315 2555; x_wconf 79' lang='grc' dir='ltr'>θάλατταν,</span> <span class='ocrx_word' id='word_1_808' title='bbox 1330 2522 1412 2548; x_wconf 79' lang='grc' dir='ltr'>οὖσαν</span> <span class='ocrx_word' id='word_1_809' title='bbox 1423 2521 1538 2557; x_wconf 80' lang='grc' dir='ltr'>ἀπειρον</span> <span class='ocrx_word' id='word_1_810' title='bbox 1550 2522 1663 2557; x_wconf 85' lang='grc' dir='ltr'>μεγέθει</span> <span class='ocrx_word' id='word_1_811' title='bbox 1679 2521 1712 2553; x_wconf 71' lang='grc' dir='ltr'><strong>ιι,</strong></span> <span class='ocrx_word' id='word_1_812' title='bbox 1725 2520 1792 2546; x_wconf 82' lang='grc' dir='ltr'>πάν-</span> 
     </span>
    </p>
   </div>
   <div class='ocr_carea' id='block_1_109' title="bbox 1005 2565 1791 2605">
    <p class='ocr_par' dir='ltr' id='par_1_109' title="bbox 1005 2565 1791 2605">
     <span class='ocr_line' id='line_1_109' title="bbox 1005 2565 1791 2605; baseline -0.003 -12"><span class='ocrx_word' id='word_1_813' title='bbox 1005 2575 1054 2599; x_wconf 81' lang='grc' dir='ltr'><strong>τας</strong></span> <span class='ocrx_word' id='word_1_814' title='bbox 1070 2567 1110 2594; x_wconf 76' lang='grc' dir='ltr'>ἔτι</span> <span class='ocrx_word' id='word_1_815' title='bbox 1125 2567 1172 2594; x_wconf 76' lang='grc' dir='ltr'>καὶ</span> <span class='ocrx_word' id='word_1_816' title='bbox 1187 2567 1248 2595; x_wconf 88' lang='grc' dir='ltr'>καθ’</span> <span class='ocrx_word' id='word_1_817' title='bbox 1263 2568 1337 2604; x_wconf 80' lang='grc' dir='ltr'>ἡμᾶς</span> <span class='ocrx_word' id='word_1_818' title='bbox 1349 2567 1528 2603; x_wconf 74' lang='grc' dir='ltr'>ἐπονομάζειν</span> <span class='ocrx_word' id='word_1_819' title='bbox 1535 2567 1677 2605; x_wconf 84' lang='grc' dir='ltr'>Ἐρυθράν.</span> <span class='ocrx_word' id='word_1_820' title='bbox 1691 2566 1729 2592; x_wconf 77' lang='grc' dir='ltr'><strong>Τὰ</strong></span> <span class='ocrx_word' id='word_1_821' title='bbox 1741 2565 1791 2600; x_wconf 76' lang='grc' dir='ltr'>μὲν</span> 
     </span>
    </p>
   </div>
   <div class='ocr_carea' id='block_1_110' title="bbox 1004 2611 1790 2650">
    <p class='ocr_par' dir='ltr' id='par_1_110' title="bbox 1004 2611 1790 2650">
     <span class='ocr_line' id='line_1_110' title="bbox 1004 2611 1790 2650; baseline -0.004 -10"><span class='ocrx_word' id='word_1_822' title='bbox 1004 2613 1051 2640; x_wconf 76' lang='grc' dir='ltr'>οὖν</span> <span class='ocrx_word' id='word_1_823' title='bbox 1066 2614 1140 2640; x_wconf 79' lang='grc' dir='ltr'>αττια</span> <span class='ocrx_word' id='word_1_824' title='bbox 1160 2614 1211 2649; x_wconf 84' lang='grc' dir='ltr'>τῆς</span> <span class='ocrx_word' id='word_1_825' title='bbox 1235 2613 1357 2650; x_wconf 85' lang='grc' dir='ltr'>κλήσεως</span> <span class='ocrx_word' id='word_1_826' title='bbox 1371 2614 1467 2649; x_wconf 77' lang='grc' dir='ltr'>ἔχοντα</span> <span class='ocrx_word' id='word_1_827' title='bbox 1484 2613 1614 2650; x_wconf 83' lang='grc' dir='ltr'>διαφοράν</span> <span class='ocrx_word' id='word_1_828' title='bbox 1629 2614 1640 2647; x_wconf 83' lang='grc'><strong><em>&lt;</em></strong></span> <span class='ocrx_word' id='word_1_829' title='bbox 1651 2613 1721 2647; x_wconf 82' lang='grc' dir='ltr'>μέγα</span> <span class='ocrx_word' id='word_1_830' title='bbox 1735 2611 1790 2647; x_wconf 84' lang='grc' dir='ltr'><strong>γὰρ</strong></span> 
     </span>
    </p>
   </div>
   <div class='ocr_carea' id='block_1_111' title="bbox 1004 2656 1790 2695">
    <p class='ocr_par' dir='ltr' id='par_1_111' title="bbox 1004 2656 1790 2695">
     <span class='ocr_line' id='line_1_111' title="bbox 1004 2656 1790 2695; baseline -0.005 -9"><span class='ocrx_word' id='word_1_831' title='bbox 1004 2659 1035 2686; x_wconf 80' lang='grc' dir='ltr'>τὸ</span> <span class='ocrx_word' id='word_1_832' title='bbox 1049 2659 1237 2695; x_wconf 81' lang='grc' dir='ltr'>παραλλάττον</span> <span class='ocrx_word' id='word_1_833' title='bbox 1247 2659 1365 2695; x_wconf 84' lang='grc' dir='ltr'>Ἐρύθρα</span> <span class='ocrx_word' id='word_1_834' title='bbox 1379 2660 1515 2688; x_wconf 78' lang='grc' dir='ltr'>θάλατταν</span> <span class='ocrx_word' id='word_1_835' title='bbox 1528 2659 1616 2687; x_wconf 77' lang='grc' dir='ltr'>εἰπεῖν</span> <span class='ocrx_word' id='word_1_836' title='bbox 1626 2657 1643 2692; x_wconf 82' lang='grc' dir='ltr'>ἢ</span> <span class='ocrx_word' id='word_1_837' title='bbox 1655 2656 1790 2683; x_wconf 84' lang='grc' dir='ltr'>θάλατταν</span> 
     </span>
    </p>
   </div>
   <div class='ocr_carea' id='block_1_112' title="bbox 1012 2701 1789 2742">
    <p class='ocr_par' dir='ltr' id='par_1_112' title="bbox 1012 2701 1789 2742">
     <span class='ocr_line' id='line_1_112' title="bbox 1012 2701 1789 2742; baseline -0.004 -10"><span class='ocrx_word' id='word_1_838' title='bbox 1012 2705 1154 2741; x_wconf 69' lang='grc' dir='ltr'>Ἐρυθρὰν·</span> <span class='ocrx_word' id='word_1_839' title='bbox 1176 2705 1207 2732; x_wconf 83' lang='grc' dir='ltr'><strong>τδ</strong></span> <span class='ocrx_word' id='word_1_840' title='bbox 1225 2705 1274 2741; x_wconf 82' lang='grc' dir='ltr'>μὲν</span> <span class='ocrx_word' id='word_1_841' title='bbox 1290 2705 1345 2742; x_wconf 80' lang='grc' dir='ltr'><strong>γὰρ</strong></span> <span class='ocrx_word' id='word_1_842' title='bbox 1357 2706 1403 2733; x_wconf 72' lang='grc' dir='ltr'>τὸν</span> <span class='ocrx_word' id='word_1_843' title='bbox 1420 2707 1443 2722; x_wconf 80' lang='grc'><strong>²²</strong></span> <span class='ocrx_word' id='word_1_844' title='bbox 1459 2705 1640 2742; x_wconf 83' lang='grc' dir='ltr'>κυριεύσαντα</span> <span class='ocrx_word' id='word_1_845' title='bbox 1661 2701 1789 2738; x_wconf 86' lang='grc' dir='ltr'>σημαίνει</span> 
     </span>
    </p>
   </div>
   <div class='ocr_carea' id='block_1_113' title="bbox 816 2759 1167 2790">
    <p class='ocr_par' dir='ltr' id='par_1_113' title="bbox 816 2759 1167 2790">
     <span class='ocr_line' id='line_1_113' title="bbox 816 2759 1167 2790; baseline 0.011 -4"><span class='ocrx_word' id='word_1_846' title='bbox 816 2759 933 2788; x_wconf 78' lang='lat' dir='ltr'><strong>VARle</strong></span> <span class='ocrx_word' id='word_1_847' title='bbox 962 2761 1167 2790; x_wconf 77' lang='lat' dir='ltr'><strong>LECTIONES.</strong></span> 
     </span>
    </p>
   </div>
   <div class='ocr_carea' id='block_1_114' title="bbox 172 2815 721 2884">
    <p class='ocr_par' dir='ltr' id='par_1_114' title="bbox 172 2815 721 2884">
     <span class='ocr_line' id='line_1_114' title="bbox 206 2815 718 2850; baseline 0.004 -10"><span class='ocrx_word' id='word_1_848' title='bbox 206 2816 229 2831; x_wconf 88' lang='grc'><strong>¹¹</strong></span> <span class='ocrx_word' id='word_1_849' title='bbox 246 2815 423 2850; x_wconf 76' lang='grc' dir='ltr'>ἀργολογικὸς</span> <span class='ocrx_word' id='word_1_850' title='bbox 437 2816 469 2843; x_wconf 86' lang='grc' dir='ltr'><strong>Α.</strong></span> <span class='ocrx_word' id='word_1_851' title='bbox 524 2816 546 2832; x_wconf 74' lang='grc'><strong>’⁸</strong></span> <span class='ocrx_word' id='word_1_852' title='bbox 557 2816 580 2843; x_wconf 78' lang='grc' dir='ltr'>δ’</span> <span class='ocrx_word' id='word_1_853' title='bbox 595 2815 718 2850; x_wconf 76' lang='grc' dir='ltr'>ἀποδείξε</span> 
     </span>
     <span class='ocr_line' id='line_1_115' title="bbox 172 2850 721 2884; baseline 0.004 -8"><span class='ocrx_word' id='word_1_854' title='bbox 172 2857 222 2884; x_wconf 74' lang='grc' dir='ltr'>ττῃ</span> <span class='ocrx_word' id='word_1_855' title='bbox 237 2857 266 2881; x_wconf 83' lang='grc' dir='ltr'>ς.</span> <span class='ocrx_word' id='word_1_856' title='bbox 306 2850 327 2866; x_wconf 71' lang='grc'><strong>⁸⁸</strong></span> <span class='ocrx_word' id='word_1_857' title='bbox 341 2851 380 2878; x_wconf 80' lang='grc' dir='ltr'>δέ.</span> <span class='ocrx_word' id='word_1_858' title='bbox 430 2851 451 2868; x_wconf 82' lang='grc'><strong>³⁷</strong></span> <span class='ocrx_word' id='word_1_859' title='bbox 465 2851 546 2882; x_wconf 73' lang='grc' dir='ltr'>αὐτὸς</span> <span class='ocrx_word' id='word_1_860' title='bbox 562 2859 617 2878; x_wconf 90' lang='lat' dir='ltr'><strong>om.</strong></span> <span class='ocrx_word' id='word_1_861' title='bbox 633 2852 662 2878; x_wconf 75' lang='lat' dir='ltr'><strong>li.</strong></span> <span class='ocrx_word' id='word_1_862' title='bbox 714 2853 721 2868; x_wconf 91' lang='grc'>¹</span> 
     </span>
    </p>
   </div>
   <div class='ocr_carea' id='block_1_115' title="bbox 170 2877 439 2914">
    <p class='ocr_par' dir='ltr' id='par_1_115' title="bbox 170 2877 439 2914">
     <span class='ocr_line' id='line_1_116' title="bbox 170 2877 439 2914; baseline 0.007 -2"><span class='ocrx_word' id='word_1_863' title='bbox 170 2877 297 2913; x_wconf 56' lang='lat' dir='ltr'><strong>Iacui-iatn</strong></span> <span class='ocrx_word' id='word_1_864' title='bbox 313 2877 393 2914; x_wconf 84' lang='lat' dir='ltr'><strong>habet</strong></span> <span class='ocrx_word' id='word_1_865' title='bbox 406 2887 439 2914; x_wconf 79' lang='grc' dir='ltr'><strong>Α.</strong></span> 
     </span>
    </p>
   </div>
   <div class='ocr_carea' id='block_1_116' title="bbox 749 2860 920 2886">
    <p class='ocr_par' dir='ltr' id='par_1_116' title="bbox 749 2860 920 2886">
     <span class='ocr_line' id='line_1_117' title="bbox 749 2860 920 2886; baseline 0.012 -9"><span class='ocrx_word' id='word_1_866' title='bbox 749 2860 871 2886; x_wconf 63' lang='grc' dir='ltr'>γλωτταν</span> <span class='ocrx_word' id='word_1_867' title='bbox 890 2861 920 2885; x_wconf 86' lang='grc' dir='ltr'>ς.</span> 
     </span>
    </p>
   </div>
   <div class='ocr_carea' id='block_1_117' title="bbox 524 2815 1792 2879">
    <p class='ocr_par' dir='ltr' id='par_1_117' title="bbox 524 2815 1792 2879">
     <span class='ocr_line' id='line_1_118' title="bbox 524 2815 1792 2867; baseline -0.002 -25"><span class='ocrx_word' id='word_1_868' title='bbox 524 2816 546 2832; x_wconf 73' lang='grc'><strong>’⁸</strong></span> <span class='ocrx_word' id='word_1_869' title='bbox 557 2816 580 2843; x_wconf 78' lang='grc' dir='ltr'>δ’</span> <span class='ocrx_word' id='word_1_870' title='bbox 595 2815 742 2867; x_wconf 48' lang='grc' dir='ltr'>ἀποδείξεὶ]</span> <span class='ocrx_word' id='word_1_871' title='bbox 761 2816 799 2857; x_wconf 56' lang='grc' dir='ltr'><strong>δὲ.</strong></span> <span class='ocrx_word' id='word_1_872' title='bbox 808 2816 871 2853; x_wconf 80' lang='grc' dir='ltr'>δόξῃ</span> <span class='ocrx_word' id='word_1_873' title='bbox 884 2818 917 2844; x_wconf 75' lang='grc' dir='ltr'><strong>Α.</strong></span> <span class='ocrx_word' id='word_1_874' title='bbox 955 2817 977 2833; x_wconf 76' lang='grc'><strong>⁸⁸</strong></span> <span class='ocrx_word' id='word_1_875' title='bbox 993 2818 1162 2860; x_wconf 66' lang='grc' dir='ltr'>μεταστάντα</span> <span class='ocrx_word' id='word_1_876' title='bbox 1177 2819 1198 2845; x_wconf 79' lang='grc' dir='ltr'>Α</span> <span class='ocrx_word' id='word_1_877' title='bbox 1214 2828 1221 2847; x_wconf 90' lang='lat'><strong>:</strong></span> <span class='ocrx_word' id='word_1_878' title='bbox 1239 2819 1307 2855; x_wconf 84' lang='grc' dir='ltr'>μετὰ</span> <span class='ocrx_word' id='word_1_879' title='bbox 1321 2819 1407 2860; x_wconf 69' lang='grc' dir='ltr'>ταῦτα</span> <span class='ocrx_word' id='word_1_880' title='bbox 1426 2828 1455 2851; x_wconf 84' lang='grc' dir='ltr'>ς.</span> <span class='ocrx_word' id='word_1_881' title='bbox 1472 2818 1590 2853; x_wconf 73' lang='grc' dir='ltr'>ἐκγόνων</span> <span class='ocrx_word' id='word_1_882' title='bbox 1602 2817 1634 2845; x_wconf 86' lang='lat' dir='ltr'><strong>B.</strong></span> <span class='ocrx_word' id='word_1_883' title='bbox 1672 2817 1694 2834; x_wconf 88' lang='lat'><strong><em>“</em></strong></span> <span class='ocrx_word' id='word_1_884' title='bbox 1710 2817 1792 2845; x_wconf 85' lang='grc' dir='ltr'>θαλά.</span> 
     </span>
     <span class='ocr_line' id='line_1_119' title="bbox 524 2852 1790 2879; baseline 0.002 -2"><span class='ocrx_word' id='word_1_885' title='bbox 524 2860 546 2879; x_wconf 75' lang='grc' dir='ltr'>&gt;ς</span> <span class='ocrx_word' id='word_1_886' title='bbox 562 2859 617 2878; x_wconf 86' lang='lat' dir='ltr'><strong>om.</strong></span> <span class='ocrx_word' id='word_1_887' title='bbox 633 2852 662 2878; x_wconf 78' lang='lat' dir='ltr'><strong>li.</strong></span> <span class='ocrx_word' id='word_1_888' title='bbox 714 2853 721 2868; x_wconf 92' lang='grc'>¹</span> <span class='ocrx_word' id='word_1_889' title='bbox 749 2860 871 2879; x_wconf 64' lang='grc' dir='ltr'>γλωτταν</span> <span class='ocrx_word' id='word_1_890' title='bbox 890 2861 920 2879; x_wconf 74' lang='grc' dir='ltr'>ς.</span> <span class='ocrx_word' id='word_1_891' title='bbox 975 2853 996 2869; x_wconf 81' lang='grc'><strong>¹³</strong></span> <span class='ocrx_word' id='word_1_892' title='bbox 1020 2853 1153 2879; x_wconf 71' lang='grc' dir='ltr'>θαλατταν</span> <span class='ocrx_word' id='word_1_893' title='bbox 1172 2862 1202 2879; x_wconf 70' lang='grc' dir='ltr'>ς.</span> <span class='ocrx_word' id='word_1_894' title='bbox 1240 2855 1264 2871; x_wconf 74' lang='grc' dir='ltr'><strong><em>ὀ</em></strong></span> <span class='ocrx_word' id='word_1_895' title='bbox 1283 2855 1370 2879; x_wconf 69' lang='grc' dir='ltr'>οὖα-ων</span> <span class='ocrx_word' id='word_1_896' title='bbox 1388 2863 1459 2879; x_wconf 86' lang='lat' dir='ltr'><strong>corr.</strong></span> <span class='ocrx_word' id='word_1_897' title='bbox 1476 2855 1508 2879; x_wconf 81' lang='grc' dir='ltr'><strong>Δ.</strong></span> <span class='ocrx_word' id='word_1_898' title='bbox 1547 2853 1581 2869; x_wconf 77' lang='grc'><strong>³⁸·</strong></span> <span class='ocrx_word' id='word_1_899' title='bbox 1597 2861 1647 2879; x_wconf 80' lang='lat' dir='ltr'><strong>pro</strong></span> <span class='ocrx_word' id='word_1_900' title='bbox 1661 2853 1790 2879; x_wconf 67' lang='grc' dir='ltr'>στεοίςιην</span> 
     </span>
    </p>
   </div>
   <div class='ocr_carea' id='block_1_118' title="bbox 488 2853 1790 2926">
    <p class='ocr_par' dir='ltr' id='par_1_118' title="bbox 488 2853 1790 2926">
     <span class='ocr_line' id='line_1_120' title="bbox 488 2853 1790 2889; baseline 0.001 -12"><span class='ocrx_word' id='word_1_901' title='bbox 488 2853 546 2882; x_wconf 65' lang='grc' dir='ltr'>ὒτὺς</span> <span class='ocrx_word' id='word_1_902' title='bbox 562 2859 617 2878; x_wconf 88' lang='lat' dir='ltr'><strong>om.</strong></span> <span class='ocrx_word' id='word_1_903' title='bbox 633 2853 662 2878; x_wconf 78' lang='lat' dir='ltr'><strong>li.</strong></span> <span class='ocrx_word' id='word_1_904' title='bbox 714 2853 735 2868; x_wconf 78' lang='grc'><strong>¹¹¹</strong></span> <span class='ocrx_word' id='word_1_905' title='bbox 749 2853 871 2886; x_wconf 68' lang='grc' dir='ltr'>γλῶτταν</span> <span class='ocrx_word' id='word_1_906' title='bbox 890 2861 920 2885; x_wconf 86' lang='grc' dir='ltr'>ς.</span> <span class='ocrx_word' id='word_1_907' title='bbox 975 2853 996 2869; x_wconf 81' lang='grc'><strong>¹³</strong></span> <span class='ocrx_word' id='word_1_908' title='bbox 1020 2853 1153 2880; x_wconf 84' lang='grc' dir='ltr'>θάλατταν</span> <span class='ocrx_word' id='word_1_909' title='bbox 1172 2862 1202 2886; x_wconf 82' lang='grc' dir='ltr'>ς.</span> <span class='ocrx_word' id='word_1_910' title='bbox 1240 2853 1264 2871; x_wconf 61' lang='grc' dir='ltr'><strong>⁵ο</strong></span> <span class='ocrx_word' id='word_1_911' title='bbox 1283 2855 1370 2881; x_wconf 73' lang='grc' dir='ltr'>οὐσῶν</span> <span class='ocrx_word' id='word_1_912' title='bbox 1388 2863 1459 2881; x_wconf 86' lang='lat' dir='ltr'><strong>corr.</strong></span> <span class='ocrx_word' id='word_1_913' title='bbox 1476 2855 1508 2880; x_wconf 83' lang='lat' dir='ltr'><strong>A.</strong></span> <span class='ocrx_word' id='word_1_914' title='bbox 1547 2853 1581 2869; x_wconf 79' lang='lat'><strong>’°&#39;</strong></span> <span class='ocrx_word' id='word_1_915' title='bbox 1597 2861 1647 2888; x_wconf 92' lang='lat' dir='ltr'><strong>pro</strong></span> <span class='ocrx_word' id='word_1_916' title='bbox 1661 2853 1790 2889; x_wconf 68' lang='grc' dir='ltr'>στερίφην</span> 
     </span>
     <span class='ocr_line' id='line_1_121' title="bbox 488 2886 1789 2926; baseline 0.001 -14"><span class='ocrx_word' id='word_1_917' title='bbox 488 2887 508 2902; x_wconf 82' lang='grc'><strong>²¹</strong></span> <span class='ocrx_word' id='word_1_918' title='bbox 526 2886 627 2922; x_wconf 79' lang='grc' dir='ltr'>μεγέθη</span> <span class='ocrx_word' id='word_1_919' title='bbox 643 2895 674 2919; x_wconf 76' lang='grc' dir='ltr'>ς.</span> <span class='ocrx_word' id='word_1_920' title='bbox 722 2887 744 2903; x_wconf 78' lang='grc'><strong>¹¹</strong></span> <span class='ocrx_word' id='word_1_921' title='bbox 757 2887 801 2914; x_wconf 83' lang='grc' dir='ltr'><strong>τὸν</strong></span> <span class='ocrx_word' id='word_1_922' title='bbox 822 2888 884 2915; x_wconf 87' lang='lat' dir='ltr'><strong>add.</strong></span> <span class='ocrx_word' id='word_1_923' title='bbox 911 2889 944 2916; x_wconf 80' lang='grc' dir='ltr'><strong>Δ.</strong></span> <span class='ocrx_word' id='word_1_924' title='bbox 969 2887 1019 2923; x_wconf 81' lang='grc' dir='ltr'>τῆς</span> <span class='ocrx_word' id='word_1_925' title='bbox 1049 2887 1183 2924; x_wconf 78' lang='grc' dir='ltr'>θαλάττης</span> <span class='ocrx_word' id='word_1_926' title='bbox 1212 2889 1245 2924; x_wconf 81' lang='grc' dir='ltr'><strong>Δ,</strong></span> <span class='ocrx_word' id='word_1_927' title='bbox 1265 2890 1314 2926; x_wconf 76' lang='grc' dir='ltr'>τῆς</span> <span class='ocrx_word' id='word_1_928' title='bbox 1336 2889 1473 2925; x_wconf 81' lang='grc' dir='ltr'>θαλάσσης</span> <span class='ocrx_word' id='word_1_929' title='bbox 1489 2889 1508 2915; x_wconf 88' lang='grc' dir='ltr'><strong><em>Β</em></strong></span> <span class='ocrx_word' id='word_1_930' title='bbox 1525 2897 1532 2916; x_wconf 93' lang='lat'>:</span> <span class='ocrx_word' id='word_1_931' title='bbox 1547 2889 1596 2924; x_wconf 85' lang='grc' dir='ltr'><strong>τὴν</strong></span> <span class='ocrx_word' id='word_1_932' title='bbox 1609 2888 1742 2916; x_wconf 70' lang='grc' dir='ltr'>θάλατταν</span> <span class='ocrx_word' id='word_1_933' title='bbox 1757 2894 1789 2918; x_wconf 80' lang='grc' dir='ltr'>ς.</span> 
     </span>
    </p>
   </div>
  </div>
