1945 3073
147 172 181 205 15

725 172 858 204 ΡΗΟΤΙΙ
877 173 1132 204 PATRIARCILE
1145 175 1199 205 CP.

1749 175 1782 208 16

146 233 241 255 tatam.
274 227 303 254 lo
344 230 473 261 praeterea
515 226 598 254 ﬁliam
629 227 718 254 amnis
751 227 857 260 fuisse,
891 225 937 254 sed

991 235 1040 262 σης
1055 228 1085 254 τὸ
1100 228 1229 255 Ποντικὸν
1243 228 1363 263 πέλαγος
1378 237 1385 244 ·
1400 229 1449 265 ἀφ’
1466 238 1501 266 ης
1518 230 1565 258 καὶ
1578 231 1625 258 τὸν
1645 231 1784 269 Βόσπορον

147 278 261 302 cornuta
305 272 383 300 bovis
424 271 529 305 forma,
569 280 631 300 cum
667 272 737 300 asilo
777 273 935 308 agitaretur,

148 320 290 347 Ponticum
312 326 388 346 mare
416 319 625 352 transcurrisse,
663 319 736 346 unde
765 323 793 347 et
813 319 938 354 Bospho-

147 375 196 395 rus
210 373 310 394 nomen
325 365 472 400 acceperit.
490 366 523 393 Et
533 365 662 393 Caeneum
678 365 832 400 Lapitham,
847 366 937 400 primo

146 414 291 448 virginem,
314 413 386 440 circa
407 412 558 447 pubertatis
577 420 664 439 annos
677 419 711 439 ex
731 412 850 439 femineo
870 419 937 439 sexu

148 462 175 487 in
199 460 306 487 virilem
338 459 552 493 transmigrasse
567 468 573 485 :
590 463 672 493 atque
696 458 729 486 ad
754 462 936 493 postremum,

147 515 210 535 cum
227 514 243 533 a
257 506 399 533 centauris
413 505 533 532 abietum
549 505 662 532 incussu
679 504 881 537 verberaretur,
900 505 939 531 vi-

147 561 211 580 vum
228 558 255 580 et
271 557 393 580 erectum
411 551 531 579 subiisse
556 557 667 579 terram.
686 551 720 578 Et
737 550 859 584 Ledam,
879 552 939 586 ejus

147 607 209 634 qua:
225 599 251 626 in
267 598 399 631 feminam
420 598 496 625 cadit
507 597 706 633 procreationis
724 597 796 629 loco,
814 597 937 624 nativum

147 646 287 682 peperisse
299 652 381 672 ovum
401 653 409 671 :
427 644 498 671 unde
513 643 600 671 l‘orma
621 644 666 671 illa
683 648 722 671 tot
738 643 837 678 pugnis
856 650 939 678 expe-

148 693 209 725 tita,
224 692 339 724 Helena.
354 691 480 726 inquam,
496 690 638 718 eﬂ‘ormata
654 691 699 717 sit.
726 689 831 717 llellem
856 690 938 716 etiam

148 744 175 767 ct
189 738 322 766 Phrixum
340 737 434 766 arietis
449 737 564 772 pedibus
586 737 719 769 volantes,
735 736 861 764 confecto
877 744 940 763 cur-
964 756 969 764 .

148 794 192 817 su.
219 792 294 812 mare
311 783 377 811 illud
394 783 428 810 ad
447 787 594 818 utrumque
609 783 685 810 littus
701 791 807 817 usque,
836 782 941 810 lielles-

148 835 260 864 pontum
274 829 307 856 tle
317 837 345 856 se
355 829 523 855 nominasse.
539 827 609 860 Quid
621 827 694 862 quod
710 826 841 855 liercules
856 827 940 854 etiam

148 881 224 904 vasta
240 877 339 907 maria,
353 875 398 902 ubi
412 874 540 902 maxima:
555 875 685 901 oriuntur
703 878 890 908 tempestates,
911 873 938 900 in

148 922 200 949 olla
213 928 341 948 emensus
353 921 389 948 sit
402 930 408 947 ε
423 927 450 947 et
463 920 583 947 Africam
598 920 727 947 sementis
743 924 769 947 et
784 927 861 954 aqua:
874 919 939 946 vite—

148 975 202 1002 que
217 970 355 1002 expertem
371 966 448 994 solus
457 967 609 1001 peragrarit
622 974 628 992 :
649 969 676 993 et
687 965 721 993 ab
733 965 842 993 Atlante
858 971 940 993 tantae

147 1014 346 1049 magnitudinis
375 1017 403 1040 et.
433 1012 576 1048 gravitatis
611 1013 745 1039 mundum
772 1012 798 1039 in
818 1020 847 1040 se
863 1020 940 1039 rece-

149 1061 220 1097 perit
234 1068 241 1087 :
255 1067 309 1087 non
321 1060 394 1095 quod
407 1059 566 1086 mandatum
581 1059 703 1090 haberet,
722 1058 770 1086 sed
788 1064 894 1086 tantunt
910 1063 941 1086 ut

149 1107 263 1142 gratiam
276 1105 375 1133 iniret?
390 1104 460 1138 Quid
472 1106 544 1140 quod
562 1103 659 1141 M311
680 1103 790 1139 Orphei,
806 1105 940 1133 citharam

151 1153 296 1188 pulsantis,
315 1151 430 1186 vestigia
443 1156 552 1178 montes
563 1156 590 1178 ct
605 1151 722 1185 scopuli,
735 1158 829 1178 amore
841 1156 867 1178 et
882 1156 940 1179 stu-

149 1200 196 1227 dio
207 1199 319 1227 musica:
334 1198 431 1226 sectati
444 1198 456 1225 ?
477 1197 510 1224 Et
524 1204 619 1224 carnes
632 1197 715 1224 boum
729 1198 794 1225 solis
809 1197 880 1225 inter
896 1206 941 1225 as-

149 1246 266 1274 sandum
277 1252 374 1272 vocem
395 1244 538 1271 hominum
554 1242 703 1271 intellectui
720 1244 828 1271 obviam
849 1243 940 1271 edide-

149 1291 226 1319 rint?
251 1291 284 1319 Et
309 1290 381 1326 quod
406 1290 462 1316 vita
489 1288 622 1322 defuncti,
651 1296 700 1323 per
716 1289 813 1322 otium,
845 1296 940 1316 omnes

149 1337 260 1372 generis
273 1342 417 1364 sermones
433 1343 495 1362 eum
514 1334 610 1370 Ulysse
634 1335 759 1366 credant,
779 1342 811 1363 ex
828 1334 937 1363 informi

150 1382 246 1410 umbra
261 1381 399 1416 proprium
411 1380 492 1408 faciei
505 1381 705 1415 agnoscentes?
717 1381 826 1416 Aliiquc
841 1381 938 1408 horum

149 1429 255 1460 bibant,
268 1434 330 1455 cum
342 1434 393 1454 nec
405 1427 483 1454 alvus
498 1435 549 1454 nec
568 1427 630 1462 gula
649 1431 732 1454 restet
746 1437 752 1454 :
768 1427 813 1454 alii
834 1427 938 1454 ferrum

150 1477 343 1505 extimescant,
361 1472 546 1500 vulnerationi
566 1477 657 1499 tamen
675 1480 730 1500 non
757 1474 875 1509 amplius
889 1474 939 1501 ob-

151 1518 245 1547 noxii?
268 1518 397 1546 Nonnulli
416 1525 513 1545 saxum
539 1518 668 1550 volvant,
687 1526 805 1553 quorum
823 1527 938 1554 corpora

148 1568 205 1603 jam
217 1568 280 1595 olitn
293 1565 513 1602 conﬂagrarunt?
522 1566 613 1601 Aliqui
629 1566 710 1593 etiam
722 1568 767 1602 jus
778 1567 871 1595 dicant
884 1577 937 1595 ca:-

150 1615 237 1645 teris,
256 1613 301 1640 ubi
324 1617 416 1640 tamen
432 1612 501 1639 nihil
528 1612 693 1647 iniuriarum
718 1617 761 1640 est
783 1613 938 1649 reliquum?

149 1659 220 1692 Quid
239 1659 348 1686 laudent
370 1658 444 1692 quod
469 1665 564 1685 eorum
584 1658 632 1692 qui
656 1666 709 1685 non
728 1660 846 1693 amplius
863 1665 939 1692 sunt,

149 1705 299 1733 simulacra
319 1705 346 1731 iu
360 1703 457 1739 cymba
475 1703 625 1738 trajieiant,
654 1703 794 1732 Charonte
809 1705 940 1733 nauclero

148 1756 176 1777 et
195 1750 388 1785 gubernatore,
406 1753 436 1776 ut
450 1756 486 1776 ne
502 1749 639 1777 submersi
655 1749 746 1778 denuo
764 1751 870 1779 funeris
885 1752 940 1780 ela-

151 1797 224 1824 tione
233 1802 304 1830 opus
320 1795 459 1822 habeant?
483 1793 517 1822 Et
531 1796 604 1830 quod
622 1795 740 1825 AlceSIis
754 1818 762 1830 ,
777 1803 805 1825 et
818 1797 939 1826 Protesi-

149 1842 219 1875 laus,
234 1846 262 1868 et
275 1840 396 1868 Glaucus
407 1861 414 1873 ,
440 1843 506 1875 post
520 1840 582 1867 vitae
598 1842 679 1868 linem
697 1844 831 1877 surgant?
848 1842 939 1879 Siqui-

148 1888 210 1916 dem
238 1889 312 1916 illam
338 1888 472 1916 Hercules
486 1888 611 1921 reducit,
639 1888 722 1916 istum
749 1890 843 1916 uxoris
862 1897 940 1917 amor

148 1934 326 1967 exstimulat,
346 1935 421 1962 ltuuc
449 1939 526 1961 vates
546 1942 601 1961 una
628 1933 754 1962 defessus
771 1937 885 1962 excitat.
906 1935 939 1963 Et

147 1982 222 2016 quod
240 1980 411 2015 Amphiarai,
429 1979 485 2007 vita
505 1980 599 2007 adhuc
615 1980 732 2016 integra.
758 1988 860 2016 corpus
884 1990 938 2009 una

148 2036 210 2056 cum
221 2028 300 2063 equis
312 2030 340 2054 et
357 2033 442 2054 curru
458 2027 541 2054 tellus
557 2025 718 2054 absorbeat?
734 2025 765 2054 Et
779 2027 852 2062 quod
871 2028 938 2055 den-

148 2074 222 2101 tibus
245 2080 261 2100 e
278 2071 377 2100 Cadmi
401 2072 522 2100 dracone
548 2073 734 2101 disseminatis
756 2074 806 2100 viri
829 2075 938 2106 armati,

148 2121 273 2154 interque
281 2127 311 2146 se
325 2119 524 2154 depugnantes,
538 2119 723 2146 enascantur?
739 2118 772 2146 Et
793 2119 865 2154 quod
887 2119 940 2147 Ta-

148 2169 199 2200 los,
220 2167 320 2195 Minois
336 2172 443 2200 custos,
462 2170 504 2194 tcr
519 2173 573 2193 uno
589 2165 713 2201 quolibet
723 2166 766 2194 die
778 2171 862 2194 totam
885 2167 940 2195 cir-

146 2214 331 2242 cumambulet
346 2213 469 2246 Cretam,
493 2218 547 2241 tam
563 2213 642 2248 longe
662 2212 769 2248 lateque
784 2218 936 2248 patentem,

987 274 1129 310 εἰληφέναι
1148 274 1197 310 τὴν
1212 275 1321 310 κλῆσιν.
1342 276 1404 302 Ἔτι
1424 276 1530 304 Καινέα
1545 277 1591 304 τὸν
1611 278 1737 314 Λαπίδην
1753 280 1784 306 τὸ

989 321 1040 356 μὲν
1059 321 1107 347 ἀπ’
1141 321 1230 356 ἀρχῆς
1268 320 1396 356 γενέσθαι
1419 321 1560 358 παρθένον
1577 324 1626 351 καὶ
1652 325 1782 358 γυναῖκα,

987 367 1128 402 ἡϐήσαντα
1141 367 1170 393 δὲ
1180 367 1221 398 εἰς
1235 367 1320 403 ἄνδρα
1333 368 1512 404 μεταστῆναι,
1528 369 1559 396 τὸ
1575 369 1597 395 δ’
1613 368 1733 397 ὕστατον
1742 373 1783 404 είς

988 414 1036 449 τὴν
1053 413 1105 449 γῆν
1116 413 1168 440 ὑπὸ
1181 413 1237 440 τῶν
1251 414 1418 449 Κενταύρων
1429 414 1589 448 καταδῦναι,
1599 416 1660 447 ταῖς
1673 416 1784 449 ἐλάταις

987 459 1167 493 τυπτόμενον,
1187 459 1267 495 ὀρθόν
1280 468 1309 486 τε
1329 460 1377 486 καὶ
1404 458 1504 491 ζῶντα.
1525 461 1582 487 Καὶ
1611 461 1702 496 Λήδαν
1732 462 1782 497 μὲν

988 505 1049 532 ἀντὶ
1061 506 1111 540 τῆς
1124 504 1297 540 καθηκούσης
1318 506 1429 539 γυναικὶ
1445 505 1604 537 τεκνώσεως
1623 506 1677 533 ὼοῦ
1692 508 1782 534 τεκεῖν

988 551 1080 583 φύσιν,
1092 552 1121 583 ἐς
1134 548 1164 578 οὗ
1175 551 1205 577 τὸ
1219 551 1409 587 περιμάχητον
1422 549 1502 585 εἶδος,
1518 551 1686 588 τὴνἘλένην
1699 553 1781 588 λέγω.

987 596 1148 632 τυπωθῆναι
1162 605 1169 613 ο
1181 597 1230 633 τὴν
1242 597 1270 624 δὲ
1288 597 1387 632 Ἕλλην
1405 598 1453 625 καὶ
1468 598 1566 633 Φρίξον
1577 600 1622 625 ἐπὶ
1633 599 1712 634 κριοῦ
1725 601 1782 631 τοῖς

989 643 1053 669 ποσὶ
1085 644 1253 679 πετομένους
1277 644 1317 677 ¹²,
1355 644 1401 670 τὸν
1439 645 1524 679 πόρον
1563 646 1780 677 κατανύσαντας.

993 688 1074 726 [1528
1094 689 1140 726 R.]
1160 692 1210 725 τὴν
1230 690 1273 724 ἐφ’
1293 690 1411 726 ἑκάτερα
1425 690 1561 717 θάλατταν
1586 690 1782 727 Ἑλλήσποντον

991 736 1038 770 ἀφ’
1054 736 1158 763 ἑαυτῶν
1172 736 1195 752 ³³
1206 736 1497 772 προσαγορεῦσαι.’1’δν
1503 736 1525 763 δ’
1542 737 1678 772 Ἠρακλέα
1689 737 1782 764 καὶτὰ

992 784 1096 818 πελάγη
1125 784 1186 818 μὲν,
1203 781 1233 809 οὗ
1252 784 1377 818 μέγιστοι
1398 782 1545 818 χειμῶνες,
1561 784 1589 810 ὲν
1604 783 1698 818 λέϐητι
1721 783 1782 810 δια-

992 829 1079 861 πλεῖν,
1092 829 1156 865 [720
1170 829 1214 865 Η.]
1230 829 1279 865 τὴν
1294 829 1322 856 δὲ
1340 829 1444 864 Λιϐύην
1456 829 1576 865 ἄσπορον
1586 829 1698 865 ἄνυδρον
1714 829 1782 856 ἀπό-

994 885 1088 912 ρευτον
1111 876 1289 912 ὑπάρχουσαν
1316 876 1395 910 μόνον
1420 875 1607 911 διεξέρχεσθαι
1631 875 1665 909 ³ι,
1691 875 1730 912 τῷ
1753 875 1781 902 δὲ

995 922 1123 949 ’Ἄτλαντι
1139 922 1185 948 τὸν
1207 922 1365 958 τηλικοῦτον
1377 922 1548 955 διαδέξασθαι
1564 923 1677 957 κόσμον,
1696 923 1783 959 πρόσ-

994 977 1087 1003 ταγμα
1119 968 1143 984 ³⁵
1162 967 1212 1003 μὲν
1233 968 1282 994 οὐκ
1296 967 1402 1003 ἔχοντα,
1419 969 1498 1004 χάριν
1519 970 1546 996 δὲ
1560 969 1712 1004 τιθέμενον.
1728 970 1784 996 Καὶ

994 1014 1032 1050 τῷ
1052 1015 1101 1049 μὲν
1122 1014 1217 1050 Ὀρφεῖ
1234 1014 1403 1048 κιθαρίζοντι
1424 1015 1468 1042 διὰ
1483 1015 1662 1050 φιλομουσίαν
1683 1016 1717 1042 τα
1730 1015 1781 1051 ὅρη

993 1060 1101 1091 καὶτὰς
1117 1060 1220 1095 πέτρας
1241 1059 1406 1092 ἀκολουθεῖν,
1431 1061 1500 1096 κρέα
1520 1061 1547 1087 δὲ
1570 1061 1716 1095 ὀπτώμενα
1728 1060 1782 1087 τῶν

1001 1104 1092 1131 Ἡλίου
1107 1104 1177 1139 βοῶν
1196 1105 1288 1139 φωνὴν
1302 1105 1445 1140 προΐεσθαι
1459 1106 1514 1137 τοῖς
1528 1106 1682 1141 ἀνθρώποις
1706 1114 1783 1133 συνε-

992 1148 1053 1183 τήν.
1068 1147 1128 1174 Τῶν
1142 1148 1170 1174 δὲ
1186 1148 1394 1184 μετηλλαχότων
1410 1149 1456 1176 τὸν
1472 1149 1528 1185 βίον
1545 1150 1591 1176 ἐπὶ
1607 1149 1704 1186 σχολῆς
1714 1151 1781 1185 πρὸς

999 1193 1130 1221 Ὀδυσσέα
1152 1193 1340 1230 διεξέρχεσθαι
1359 1197 1518 1230 παντοδαπῆ
1536 1197 1558 1212 ³⁸
1577 1197 1735 1232 ἀδολεσχίαν
1749 1198 1782 1224 ὲκ

991 1240 1042 1275 ἰῆς
1054 1240 1178 1276 ἀμόρφου
1200 1241 1278 1273 σκιᾶς
1294 1241 1324 1268 τὸ
1343 1241 1392 1277 τῆς
1407 1242 1494 1277 ὅψεως
1510 1242 1693 1277 γινώσκοντας
1709 1243 1783 1270 ἰδίω-

994 1295 1044 1322 μα,
1060 1288 1105 1313 καὶ
1118 1287 1181 1318 τοὺς
1209 1287 1257 1322 μὲν
1277 1287 1366 1315 αὐτῶν
1379 1288 1434 1315 ἀπὺ
1451 1288 1499 1315 τοῦ
1515 1289 1603 1316 πίνειν
1620 1289 1650 1315 οὐ
1666 1289 1779 1322 κοιλίας,

991 1333 1023 1359 οὐ
1039 1332 1169 1368 βρόγχους
1189 1333 1310 1369 ἔχοντας,
1331 1335 1442 1370 ἑτέρους
1456 1335 1484 1361 δὲ
1495 1335 1636 1370 φοϐεῖσθαι
1651 1334 1696 1362 τὸν
1708 1335 1782 1372 σίδη-

993 1387 1040 1415 ρον
1054 1379 1146 1406 οὐκέτι
1163 1379 1184 1396 δ”
1205 1380 1372 1416 δυναμένους
1382 1382 1531 1417 τρωθῆναι,
1547 1382 1625 1414 τινὰς
1639 1382 1667 1409 δὲ
1682 1383 1782 1417 πέτρον

992 1425 1096 1452 κυλίειν
1106 1426 1161 1453 τῶν
1174 1427 1308 1461 σωμάτων
1321 1428 1406 1454 πάλαι
1415 1429 1675 1464 κατακεκαυμένων,
1687 1429 1782 1461 ἄλλους

992 1470 1022 1498 δὲ
1047 1471 1168 1503 δικάζειν
1189 1473 1294 1507 ἑτέροις
1310 1473 1471 1508 τεθνηκόσιν
1493 1474 1663 1510 ἀδικήματος
1675 1475 1784 1507 οὐδενὸς

993 1517 1162 1552 ὑπάρχοντος
1178 1526 1185 1533 ·
1210 1518 1240 1544 τὸ
1254 1518 1278 1545 δ’
1294 1518 1418 1553 ἔσχατον,
1439 1519 1494 1546 τῶν
1511 1520 1604 1546 οὐκέτι
1617 1521 1701 1547 ὄντων
1719 1522 1782 1553 τοὺς

992 1563 1094 1594 τύπους
1109 1565 1137 1591 ἐν
1157 1564 1287 1599 πορθμίδι
1308 1565 1441 1598 διαπλεῖν,
1458 1565 1570 1601 ἔχοντας
1582 1567 1699 1602 Χάρωνα
1716 1566 1781 1594 ναύ-

992 1609 1093 1644 κληρον
1116 1610 1163 1636 καὶ
1180 1610 1411 1647 κυδερνήτην,ῖνα
1426 1611 1464 1648 μὴ
1477 1613 1716 1647 καταστραφέντες
1735 1615 1783 1640 ὲκ-

991 1656 1080 1690 φορᾶς
1094 1655 1255 1682 ὲπιδέωνται
1268 1655 1359 1684 πάλιν.
1374 1657 1430 1684 Καὶ
1444 1657 1494 1692 τὴν
1512 1657 1561 1692 μὲν
1574 1657 1722 1693 ’Ἄλκηστιν
1736 1659 1782 1685 καὶ

991 1701 1183 1737 Πρωτεσίλαον
1218 1703 1265 1729 καὶ
1293 1702 1415 1730 Γλαῦκον
1440 1704 1671 1739 τετελευτηκότας
1702 1705 1783 1732 πάλιν

990 1748 1151 1782 ἀναστῆναι,
1166 1747 1217 1783 τὴν
1231 1748 1281 1784 μὲν
1296 1749 1340 1784 ὑφ’
1359 1749 1527 1785 Ἡρακλέους
1540 1750 1703 1785 ἀναχθεῖσαν
1714 1771 1721 1783 ,
1737 1751 1782 1779 τὸν

991 1793 1019 1821 δὲ
1037 1794 1080 1821 διὰ
1099 1795 1145 1821 τὸν
1169 1795 1220 1831 τῆς
1239 1796 1369 1830 γυναικὸς
1386 1797 1408 1812 ³⁸
1433 1796 1534 1832 ἔρωτα.
1557 1797 1602 1823 τὸν
1618 1797 1646 1824 δὲ
1663 1798 1715 1824 ὑπὸ
1733 1798 1782 1825 τοῦ

992 1841 1117 1875 μάντεως
1132 1840 1178 1866 τοῦ
1194 1841 1462 1876 συγκατορυχθέντος
1476 1851 1485 1858 ·
1500 1842 1547 1869 τοῦ
1561 1842 1590 1869 δὲ
1611 1841 1782 1879 Ἀμφιαράου

989 1884 1092 1917 ζῶντος
1106 1885 1136 1912 τὸ
1149 1885 1230 1921 σῶμα
1252 1888 1452 1920 καταδέξασθαι
1472 1889 1541 1924 μετὰ
1561 1889 1615 1916 τῶν
1630 1889 1722 1916 ἵππων
1735 1892 1783 1916 καὶ

988 1930 1036 1957 τοῦ
1056 1931 1152 1966 δίφρου
1173 1932 1222 1967 τὴν
1237 1932 1301 1967 γῆν.
1317 1933 1377 1959 Ἔτι
1392 1934 1482 1960 τοίνυν
1498 1934 1607 1966 ὀδόντας
1622 1936 1654 1962 ἐκ
1670 1936 1781 1969 Κάδμου

992 1977 1133 2013 σπαρῆναι
1146 1978 1305 2013 δράκοντος,
1317 1980 1349 2005 ὲκ
1360 1979 1389 2006 δὲ
1400 1980 1504 2006 τούτων
1515 1980 1625 2011 ὁπλίτας
1642 1981 1780 2007 ἀνατεῖλαι

992 2024 1163 2058 μαχομένους
1191 2024 1326 2060 ἀλλήλοις.
1355 2025 1406 2050 Τὸν
1435 2025 1463 2051 δὲ
1491 2024 1585 2052 Τάλων
1607 2026 1652 2052 τὸν
1672 2026 1780 2060 φύλακα

989 2070 1037 2096 ’τοῦ
1052 2071 1073 2086 ³⁹
1088 2071 1164 2096 Μίνω
1175 2072 1235 2105 τρὶς
1249 2071 1301 2104 μὲν
1311 2071 1340 2096 ὲν
1352 2071 1443 2106 ἡμέρᾳ
1455 2072 1544 2098 πᾶσαν
1558 2073 1716 2107 περιπολεῖν
1730 2073 1780 2109 τὴν

990 2115 1112 2151 Κρήτην,
1130 2115 1296 2150 τηλικαύτην
1313 2114 1407 2147 οὖσαν,
1423 2116 1481 2151 κτὴν
1498 2117 1526 2143 δὲ
1541 2117 1614 2153 ζωὴν
1631 2118 1712 2152 μόνον
1726 2119 1780 2146 τῶν

991 2160 1119 2196 ἐμψύχων
1145 2160 1240 2187 τοῦτον
1263 2161 1292 2187 ὲν
1311 2161 1351 2195 τῷ
1377 2162 1473 2197 σφυρῴ
1485 2163 1646 2198 κεκτῆσθαι.
1662 2164 1715 2190 Καὶ
1732 2164 1780 2191 τοῦ

990 2207 1067 2234 Μίνω
1083 2207 1110 2233 δὲ
1128 2208 1270 2242 ἀμήχανον
1284 2205 1355 2235 εἶναι
1376 2208 1533 2243 παραλῦσαι
1547 2210 1592 2236 τὸν
1615 2210 1683 2245 βίον,
1700 2211 1725 2237 εί
1742 2211 1779 2246 μή

147 2263 277 2297 solusque
296 2261 479 2288 animatorum
495 2260 522 2287 in
541 2259 597 2287 talo
620 2259 703 2287 vitam
720 2259 880 2294 possideat?
905 2261 937 2288 Et

991 2262 1031 2285 τις
1044 2254 1119 2289 αὐτῷ
1134 2254 1194 2286 ζέον
1211 2253 1283 2290 ὕδωρ
1298 2255 1442 2290 καταχέαι.
1459 2256 1531 2291 Πρὸς
1543 2257 1648 2288 τούτοις
1663 2257 1714 2284 ὑπὸ
1731 2258 1781 2292 μὲν

146 2308 220 2344 quod
236 2306 318 2334 Minoi
334 2307 390 2334 vita
401 2305 527 2340 abrumpi
545 2310 674 2340 nequeat,
688 2305 740 2332 nisi
754 2306 816 2340 quis
829 2306 936 2334 ferven—

147 2361 201 2382 tem
216 2355 239 2382 ei
258 2360 358 2389 aquam
370 2351 513 2380 adundat?
527 2352 568 2379 Ad
586 2352 642 2379 lucc
660 2352 732 2387 quod
753 2353 937 2381 incarnatione

147 2403 246 2430 Medea:
266 2403 430 2430 immutatus
445 2407 528 2428 senex
544 2400 640 2427 hircus
658 2400 690 2426 ad
702 2399 872 2434 juventuleui
891 2409 936 2428 re-

148 2449 239 2482 dierit,
253 2453 279 2475 et
295 2456 309 2475 a
327 2447 484 2474 Peliadibus
499 2446 624 2474 incoctus
637 2445 672 2473 sit
690 2450 766 2481 pater
778 2466 785 2478 ,
811 2451 841 2474 ut
865 2446 938 2481 reju»

148 2493 322 2523 venesceret?
337 2493 369 2520 Et
380 2492 454 2528 quod
469 2497 524 2519 tres
535 2500 604 2519 anus
613 2491 763 2519 Phorcides
772 2493 854 2520 unius
865 2492 934 2519 oculi

147 2549 198 2570 usu
215 2542 299 2568 vitam
314 2541 435 2575 exigant,
450 2538 648 2566 indissolubilis
659 2539 729 2565 inter
740 2546 770 2565 se
781 2537 844 2566 ﬁdei
858 2546 936 2566 cout-

147 2592 285 2616 mutantes
303 2586 412 2614 vieem'l
437 2586 504 2612 item
529 2585 603 2620 quod
617 2584 741 2611 Arcadiae
765 2585 886 2612 cultores
910 2590 937 2612 et

148 2635 255 2665 Atticm.
271 2632 414 2667 terrigenae
428 2632 484 2659 sint
500 2635 528 2658 et
547 2634 651 2665 praeter
666 2634 792 2657 naturam
812 2630 888 2657 orti?
904 2630 937 2656 Et

147 2681 221 2717 quod
242 2683 360 2708 mactata
383 2678 411 2706 in
427 2677 524 2705 Aulide
540 2677 631 2705 vivam
649 2684 679 2704 se
693 2676 849 2704 exhibuerit
863 2677 935 2712 apud

989 2300 1038 2335 τῆς
1062 2301 1183 2336 Μηδείας
1209 2300 1325 2337 γέροντα
1345 2302 1423 2337 κριὸν
1448 2303 1565 2337 ἐπῳδαῖς
1593 2304 1781 2338 μεταπεσόντα

990 2347 1049 2374 νέον
1061 2347 1189 2381 γενέσθαι
1208 2348 1299 2379 πάλιν,
1316 2348 1368 2374 ὑπὸ
1381 2348 1409 2374 δὲ
1423 2349 1478 2375 τῶν
1500 2348 1637 2375 Πελιάδων
1662 2349 1782 2384 καθεψη-

990 2393 1071 2429 θῆναι
1085 2394 1131 2420 τδν
1145 2395 1252 2430 πατέρα
1274 2394 1385 2428 Πελίαν,
1406 2395 1449 2421 ἵνα
1463 2395 1576 2430 γένηται
1593 2395 1663 2427 νέος.
1681 2396 1738 2428 Τὰς
1754 2396 1781 2422 δὲ

989 2441 1121 2477 Φορκίδας
1136 2441 1211 2476 τρεῖς
1235 2441 1284 2476 μὲν
1301 2441 1385 2473 οὔσας
1401 2441 1510 2477 γραίας,
1535 2441 1575 2468 ἐνὶ
1592 2441 1620 2468 δὲ
1638 2443 1782 2478 χρωμένας

988 2487 1133 2522 ὀφθαλμῷ,
1151 2487 1288 2522 διεξάγειν
1301 2487 1347 2514 τὸν
1362 2487 1419 2522 βίον
1432 2486 1530 2514 ἄλυτον
1544 2488 1610 2523 παρ¹
1623 2487 1645 2503 ⁸⁸
1659 2487 1781 2521 ἀλλήλων

990 2535 1061 2562 κατὰ
1087 2534 1170 2570 μέρος
1195 2534 1382 2570 ἀμειὸομένας
1398 2533 1499 2560 πίστιν.
1528 2534 1589 2560 Ἔτι
1613 2533 1640 2560 δὲ
1655 2535 1717 2564 τοὺς
1730 2534 1779 2567 τὴν

997 2581 1142 2617 Ἀρκαδίαν
1157 2581 1299 2612 οἰκοῦντας
1326 2580 1373 2607 καὶ
1390 2579 1440 2615 τὴν
1461 2579 1587 2615 Ἀττικὴν
1606 2579 1730 2613 γηγενεῖς
1749 2586 1778 2604 τε

991 2626 1119 2655 εἶναικαὶ
1132 2627 1207 2662 παρὰ
1222 2627 1303 2661 φύσιν
1315 2626 1467 2660 γεγονέναι.
1484 2626 1539 2652 Kal.
1552 2626 1600 2660 τὴν
1620 2624 1668 2658 μὲν
1684 2623 1712 2649 ἐν
1727 2624 1780 2649 Αὖ-

990 2674 1043 2701 λίδι
1068 2675 1218 2709 σφαγεῖσαν
1236 2674 1265 2699 ὲν
1290 2673 1407 2709 Ταύροις
1422 2672 1593 2707 ἀναφανῆναι
1609 2669 1710 2702 ζῶσαν,
1730 2671 1780 2705 τὴν

772 2743 889 2771 VABIIE
906 2743 1109 2772 LECTIONI‘LS.

183 2807 206 2823 ³¹
221 2815 266 2834 an.
284 2805 457 2842 πετομένουῗ
482 2840 487 2842 _
506 2804 590 2842 "_&tp’
607 2804 712 2831 ἑαυτῶν
725 2804 909 2842 Δέλλήσ·ποντον
920 2804 956 2842 ΔΒ.

1003 2804 1026 2820 ³⁸
1042 2803 1197 2838 διέρχεσθαι
1217 2811 1248 2835 ς.
1301 2803 1324 2819 ³⁵
1339 2803 1503 2838 πρόσταγμα
1521 2801 1581 2836 μὲνί
1610 2808 1781 2838 προστεταγ-

149 2843 217 2878 μένα
231 2843 263 2869 Δ.
301 2842 324 2858 ³⁸
339 2836 608 2878 παντοδαπῂνλΒδςὲκ
624 2855 658 2878 :-
670 2836 853 2878 γινώσκοντας
862 2855 902 2878 7
915 2840 938 2865 ὰς

991 2838 1044 2874 τοῦι
1060 2836 1228 2878 γινιῦσκοντα
1247 2853 1282 2878 -—_-
1293 2836 1410 2878 αἵματος
1423 2837 1611 2878 lletnsterhus.
1628 2836 1743 2878 L‘ucian.
1761 2842 1779 2866 I,

186 2878 249 2928 rA407
266 2887 292 2904 α.
342 2878 364 2921 ’ξ
381 2875 528 2928 οὺκέξιγοὺ
546 2875 574 2903 Β.

160 2914 170 2928 ⁸
185 2913 283 2940 ἄλυτον
298 2914 362 2948 παρ’
378 2921 432 2941 om.
447 2913 479 2938 Α.

72 2992 86 3000 γι
126 2988 147 3000 λ

625 2875 647 2891 ³⁸
663 2875 710 2902 τὸν
727 2875 774 2911 τῆς
787 2873 828 2910 γ.]
844 2874 892 2910 τῆς
916 2883 943 2909 γ.
963 2875 1008 2902 τὸν
1021 2873 1054 2902 Α.

1107 2874 1128 2890 ³⁸³
1143 2873 1231 2901 τὰλων
1248 2874 1293 2900 τὸν
1316 2871 1424 2908 φύλακα
1445 2871 1492 2901 τοῦ
1516 2873 1538 2898 Λ
1565 2881 1572 2899 :
1596 2871 1727 2898 ίταλωςδν
1749 2877 1780 2901 ς.
