1945 3073
186 117 218 149 i7
746 120 1009 151 BIBLIO’I‘HECA.
1021 133 1056 138 —
1074 120 1155 151 COD.
1175 121 1252 151 CCL.
1777 118 1811 151 18

181 175 204 202 δ’
216 175 246 201 ἐν
258 174 454 210 Πελοποννήσῳ
465 175 728 203 καταποντισθεῖσαν
745 177 799 203 ὑπὸ
811 177 859 203 τοῦ
870 176 974 213 πατρὸς

1025 176 1149 205 Tauros?
1164 176 1197 204 Et
1215 176 1289 211 quod
1309 175 1336 202 in
1352 175 1541 210 Peloponneso
1565 175 1635 203 mari
1652 175 1777 204 demersa
1792 185 1808 204 a

188 222 325 256 Ἀκρισίου
338 223 372 257 τῇ
387 221 508 259 παραλία
522 223 554 258 τῇ
568 223 704 258 Σεριφίων
720 223 824 258 ἀϐλαϐῆ
840 223 910 258 μετὰ
923 222 971 249 τοῦ

183 268 300 304 βρέφους
317 270 494 303 προσπεσεῖν.
510 268 562 295 Τὸν
575 269 599 295 δ’
623 268 676 295 ὑπὸ
686 268 824 296 Μενελάου
838 270 910 297 κατὰ
924 269 972 305 τὴν

184 314 353 349 μονομαχίαν
375 314 426 350 ήδη
450 314 639 351 χειρούμενον,
656 314 785 350 ἐξαίφνης
799 315 971 350 ἁρπαγέντα,

181 361 213 387 ὲν
225 359 265 395 τῷ
279 359 395 395 Θαλάμῳ
416 359 543 393 γενέσθαι
560 360 628 396 πρὸς
646 360 790 388 συνουσίαν
803 360 913 395 ἕτοιμον
927 359 973 386 δν-

181 415 228 438 τα,
246 406 302 433 τῶν
315 405 409 432 δεινῶν
422 405 552 433 ἁπάντων
566 405 787 441 ἐπιλελησμένον.
802 406 855 433 Τοῦ
869 406 897 433 δὲ
913 405 973 432 δουρ

183 451 299 488 ptio-aro
320 452 400 483 κύτος
412 451 463 479 οὐκ
481 452 525 486 ἐφ’
542 451 640 478 ἁλώσει
654 453 833 487 συμπαγῆναι
855 452 971 485 πόλεως,

185 497 246 523 ἀλλ’
261 497 309 523 ἐπὶ
334 497 467 533 προδοσίᾳ
487 497 543 523 τῶν
560 497 625 533 περὶ
650 497 696 524 τὸν
709 497 840 525 Ὀδυσσέα
864 497 910 524 καὶ
926 497 972 525 τὸν

182 542 372 578 Νεοπτόλεμον
388 551 397 559 ·
424 542 553 577 τοιαύτην
578 543 592 569 ὁ
623 543 725 578 τρόπος
755 543 972 579 ὑπογράφειτὴν

184 587 310 621 εὐήθειαν
361 587 409 614 καὶ
447 585 495 614 τοῦ
545 587 800 620 κατασκευάσαντος
849 588 972 623 τεχνίτου

183 634 232 660 καὶ
257 634 312 661 τῶν
337 634 480 669 ἐμϐάντων
497 633 520 650 ⁸¹
536 634 671 670 ἀριστέων
698 634 746 661 καὶ¹
759 634 815 662 τῶν
842 634 973 666 ὑποδεξα-

185 680 275 715 μένων
299 681 339 712 et;
380 680 430 715 τὴν
459 680 529 707 ιδὶαν
565 680 654 707 πόλιν.
682 681 744 708 Ἐπὶ
771 679 898 714 τούτοις,
931 681 973 708 ὅτι

181 725 229 752 τὸν
252 725 414 760 τηλικοῦτον
437 726 552 762 οὐρανὸν
567 727 637 761 μετὰ
649 726 704 754 τῶν
727 728 756 753 ὲν
775 726 851 761 αὐτῷ
867 726 972 761 διατρι-

182 772 286 799 ϐόντων
299 772 369 799 θεῶν
385 774 442 804 τοῖς
459 773 535 805 ἰδίοις
550 774 564 800 ὁ
582 773 684 805 Ἀτλας
697 773 783 808 ὤμοις
801 773 972 809 ὑπειληφὼς,

181 818 258 852 ὅμως
267 819 316 850 τὰς
326 818 498 854 καλουμένας
507 819 679 850 Ἀτλαντίδας
695 820 922 855 ὲτικνοποιήσατο
931 819 955 836 ⁴¹
964 828 972 835 '

183 865 245 901 [721
268 865 314 901 ιι]
327 866 395 901 ὅπερ
424 866 576 901 ἀμήχανον.
592 866 654 892 ’Ὁτι
678 865 726 902 τὴν
746 866 857 894 ἃπασαν
881 867 974 894 οζκου-
991 857 1012 886 Β

185 911 270 947 μένην
291 911 412 944 ὠκεανὸς
447 912 609 948 περικυκλοϊ
633 913 760 948 φρουρῶν
780 913 829 940 καὶ
855 913 975 948 συνέχων

183 959 240 989 τοῖς
252 957 351 985 ἑαυτοῦ
369 958 504 994 ῥεύμασιν
513 966 521 974 ·
535 958 617 994 [1529
637 958 684 995 R.]
698 956 729 985 οὗ
745 960 820 994 (pridi!
832 959 920 994 πέραν
932 960 974 987 oi-

185 1006 243 1031 κεῖν
259 1005 308 1036 τὰς
327 1005 465 1040 Γοργόνας
484 1005 616 1037 Ἡσίοδος.
630 1005 693 1032 Ὀτι
706 1005 761 1033 τῶν
782 1005 881 1041 ἡρώων
901 1006 975 1038 τινὲς

183 1048 277 1083 ἀπαθῆ
291 1049 342 1084 τὴν
356 1049 490 1084 διαμονὴν
508 1050 562 1077 τῶν
577 1050 712 1085 σωμάτων
727 1050 749 1066 ⁸³
763 1051 974 1086 διαφυλάττουσι

183 1095 272 1123 πάντα
288 1096 335 1122 τὸν
349 1096 446 1131 χρόνον
458 1097 487 1123 ὲν
501 1097 560 1129 ταῖς
574 1097 708 1133 μακάρων
719 1098 822 1133 νήσοις,
839 1097 872 1129 ἃς
886 1098 975 1130 οὐδεὶς

183 1144 286 1179 κυρίως
309 1144 450 1179 ἱστόρηκε.
471 1145 528 1172 Καὶ
549 1144 637 1172 ταῦτα
651 1145 701 1179 μὲν
717 1144 757 1176 εις
771 1144 874 1180 ἄπορον
891 1154 973 1173 κατα-

185 1190 337 1225 στρέφοντα
357 1190 437 1223 δόξαν
464 1191 576 1223 πολλαῖς
597 1191 645 1219 καὶ
671 1190 726 1217 τῶν
739 1190 877 1224 γυναικῶν
899 1191 976 1219 e510-

185 1243 233 1268 γον
246 1235 269 1251 ⁵⁸
289 1236 459 1271 παραδίδωσι
484 1237 639 1273 χλευασμὸν
654 1238 688 1265 ⁸³.
721 1238 782 1265 Τῶν
799 1238 823 1265 δ’
854 1236 888 1264 αὖ
905 1238 974 1265 θεῶν

185 1281 244 1313 πῶς
268 1283 484 1318 παραδεξώμεθα
499 1284 522 1300 ⁸⁸
546 1284 592 1311 τὸν
616 1285 665 1319 μὲν
684 1285 713 1311 ἐν
736 1284 817 1320 μηρῷ
836 1285 976 1321 καταρρα-

184 1327 269 1360 φέντα
286 1328 435 1363 τραφῆναι.
453 1328 502 1363 τὴν
518 1329 546 1356 δὲ
559 1330 592 1365 τῇ
609 1329 656 1356 τοῦ
676 1330 737 1361 Διὸς
760 1330 865 1365 κεφαλῇ
885 1330 975 1366 κοιλίᾳ

185 1371 350 1406 χρήσασθαι,
380 1372 428 1400 τδν
452 1373 481 1400 δὲ
506 1373 572 1400 ἄνευ
593 1373 641 1401 τοῦ
666 1374 768 1408 πατρὶς
795 1374 974 1409 τελειωθῆναι

188 1417 272 1452 (λέγω
299 1417 331 1453 δὴ
355 1418 399 1444 τὸν
421 1419 598 1454 Ἥφαιστον),
620 1420 667 1447 τὸν
692 1419 721 1447 δὲ
752 1420 845 1446 Ἠλιον
868 1420 912 1446 διὰ
926 1420 975 1451 τὰς

194 1461 311 1497 Ἀτρέως
324 1463 363 1494 εἰς
376 1463 498 1498 Θυέστην
521 1464 636 1500 πράξεις
652 1465 702 1500 τὴν
719 1464 768 1499 μὲν
785 1464 861 1491 δύσιν
877 1465 972 1493 ἀνατο-

185 1508 235 1543 λὴν
246 1509 365 1544 ποιῆσαι,
377 1511 428 1545 τὴν
441 1510 469 1537 δὲ
484 1510 617 1546 ἀνατολὴν
628 1510 716 1539 δύσιν.
735 1511 806 1546 Πρὸς
823 1511 851 1537 δὲ
870 1510 975 1543 τούτοις

191 1554 347 1583 Ἀπόλλωνα
370 1555 421 1590 μὲν
444 1556 492 1583 καὶ
510 1556 666 1585 Ποσειδῶνα
679 1558 708 1583 ἐν
729 1557 814 1593 Τροίᾳ
827 1557 976 1592 θητεύσαν-

184 1610 234 1633 τας
258 1602 382 1630 ἐνιαυτὸν
395 1603 552 1638 οἰκοδομίας
575 1603 794 1639 ἀποστερηθῆναι
819 1603 915 1638 μισθὸν
928 1603 976 1630 καὶ

186 1647 358 1683 βουτροφίας,
371 1650 432 1680 ταῖς
453 1649 619 1681 δεινοτάταις
633 1649 686 1676 ὑπὸ
699 1649 885 1684 Λαομέδοντος
897 1658 978 1685 περι-

186 1695 319 1727 πεσόντας
333 1696 470 1729 ἀπειλαῖς,
492 1697 619 1724 Διόνυσον
638 1696 668 1723 δὲ
691 1696 744 1723 ὑπὸ
760 1697 920 1730 Λυκούργου
932 1697 976 1724 διὰ

185 1742 269 1775 φόϐον
280 1743 302 1758 ⁸⁷
313 1742 531 1778 καταδιωχθέντα
546 1744 586 1775 εἰς
602 1744 654 1779 τὴν
671 1743 806 1771 θάλατταν
818 1743 885 1778 πρὸς
899 1743 976 1770 Θέτιν

185 1789 366 1824 καταφυγεῖν,
391 1788 463 1822 Πρὸς
490 1788 520 1815 δὲ
547 1789 654 1821 τούτοις
681 1789 750 1825 έρινί
764 1789 834 1823 ὑπὲρ
862 1788 976 1821 κάλλους

185 1834 356 1869 καταστῆναι
387 1834 461 1866 θεαῖς
487 1831 573 1868 ⁸⁸,ὧν
602 1836 707 1871 ἑκάστη
734 1835 783 1871 μὲν
802 1836 915 1868 ἐδέκαζε
930 1836 977 1863 τὸν

187 1880 282 1915 κριτὴν
292 1881 348 1912 τοῖς
358 1881 424 1915 παρ’
438 1881 519 1916 ἑαυτῇ
530 1881 636 1917 δώροις,
650 1881 694 1908 ἶνα
705 1881 805 1917 παρίδῃ
820 1882 851 1908 τὸ
861 1882 975 1915 δῖκαιον,

186 1927 300 1964 οὐδεμιᾷ
325 1929 353 1955 δὲ
368 1929 572 1964 παρηκολούθει
595 1929 626 1955 τὺ
637 1929 862 1964 συμπεσούμενον
879 1929 911 1956 ἐκ
926 1930 976 1964 τῆς

185 1973 302 2009 κρίσεως
316 1974 402 2006 τέλος.
419 1975 480 2001 Ἔτι
491 1975 521 2001 τὸ
546 1976 595 2010 μὲν
621 1974 736 2010 Ἀθηνᾶς
751 1975 864 2010 μέγεθος
879 1976 920 2007 είς
931 1984 977 2010 χε-

184 2019 286 2052 λιδόνος
297 2020 504 2056 συγκαταϐῆναι
523 2021 546 2038 δ’
562 2021 656 2055 ϐγιων,
670 2021 700 2047 τὸ
716 2021 745 2048 δὲ
758 2020 805 2047 τοῦ
820 2021 879 2052 Διὸς
896 2019 977 2053 ἀξίω-

186 2075 226 2100 μα
252 2067 293 2098 είς
306 2066 409 2093 κύκνου
431 2067 634 2102 κατασταλῆναι
655 2066 743 2100 τάξιν,
762 2067 792 2093 τὸ
809 2066 837 2093 δὲ
855 2066 905 2101 τῆς
922 2067 976 2102 Δή-

186 2119 292 2147 μητρος
314 2112 337 2129 ¹⁰
355 2112 453 2144 κάλλος
476 2113 516 2144 εἰς
530 2112 580 2148 τὴν
603 2112 748 2148 αἰσχίστην
776 2112 976 2147 μετασταθῆναι

183 2157 314 2185 διάθεσιν.
331 2157 382 2185 Τὸν
409 2159 438 2185 δὲ
458 2159 640 2194 νομιζόμενον
657 2158 788 2193 μέγιστον
806 2158 855 2186 Δία
865 2157 976 2185 ἐπιϐου-

1022 228 1099 258 patre
1114 223 1216 255 Arisio,
1233 221 1422 257 Seriphiorum
1437 222 1574 249 littoribus
1595 222 1740 250 incolumis
1755 231 1808 250 una

1022 277 1084 298 cum
1106 268 1209 297 infante
1223 268 1378 304 appulerit?
1398 267 1433 294 Et
1448 268 1521 302 quod
1543 275 1558 294 a
1575 267 1698 295 Menelao
1711 269 1737 295 in
1753 269 1810 295 sin-

1021 314 1110 350 gulari
1126 314 1277 342 certamine
1291 314 1346 349 iam
1371 315 1503 342 subactus
1514 334 1521 346 ,
1541 319 1603 349 post
1622 314 1807 349 arreptionem

1022 361 1154 393 subitam,
1166 365 1290 388 versetur
1304 361 1332 388 in
1346 361 1478 392 thalamo,
1492 361 1525 387 ad
1543 361 1715 395 complexum
1731 368 1812 395 para-

1023 411 1078 440 tus,
1089 413 1117 435 et
1128 408 1219 436 omnis
1229 408 1335 436 adversi
1349 415 1431 436 casus
1438 407 1538 444 464a
1553 408 1654 435 oblitus
1662 407 1679 434 ‘?.
1691 407 1724 434 Et
1736 407 1811 442 quod

1022 455 1104 490 lignei
1123 455 1186 489 equi
1211 455 1412 490 receptaculum
1438 462 1494 482 non
1523 454 1556 481 ad
1582 454 1810 490 expugnationem

1023 501 1099 529 urbis
1117 501 1154 529 sit
1168 506 1351 536 compactum,
1366 501 1412 529 sed
1424 501 1459 528 ob
1468 501 1649 535 proditionem
1663 501 1767 536 Ulyssis
1785 505 1813 528 et

1023 547 1205 583 Neoptolemi,
1231 547 1441 583 sociorumque?
1468 547 1535 575 Vide
1560 547 1649 582 qualis
1663 547 1715 574 hoc
1729 546 1812 575 modo

1024 594 1142 622 stultitia
1157 594 1363 629 depingatur,et
1371 594 1486 624 artiﬁcis
1497 593 1543 629 qui
1552 601 1652 629 equum
1664 593 1811 626 exstruxit,

1023 645 1051 668 et
1065 648 1221 676 procerum,
1236 641 1284 676 qui
1297 640 1371 668 hunc
1397 640 1529 672 inierunt,
1546 646 1573 667 et
1586 640 1705 672 civium,
1721 639 1768 675 qui
1784 639 1810 666 in
1824 666 1825 669 η

1022 687 1162 722 propriam
1178 687 1274 714 urbem
1289 686 1414 714 eumdem
1431 687 1628 720 susceperunt!
1658 685 1733 713 Adde
1757 685 1811 717 his,

1023 733 1098 768 quod
1113 733 1213 760 caelum
1225 737 1280 760 tam
1294 737 1416 765 vastum,
1432 732 1487 760 diis
1497 732 1523 759 in
1535 739 1568 759 eo
1577 730 1812 760 commorantibus

1025 778 1084 806 suis
1098 778 1176 806 Atlas
1191 778 1315 806 humeris
1328 779 1482 813 exceperit,
1505 782 1532 805 et
1546 777 1705 805 Atlandides
1720 781 1810 804 tamen

1025 825 1165 860 genuerit,
1189 825 1263 860 quod
1286 824 1343 852 ﬁeri
1359 825 1435 852 nullo
1448 828 1538 860 potest
1558 823 1651 851 modo.
1672 822 1750 856 Quod
1767 830 1814 849 or-

1025 871 1087 899 bem
1106 875 1192 899 totum
1209 870 1336 899 Oceanus
1348 871 1512 898 circumluat
1526 875 1553 898 et
1569 870 1689 902 ambiat,
1718 875 1812 897 custo-

1024 917 1105 945 diens
1113 925 1175 945 eum
1185 916 1305 945 ﬂuxibus
1318 917 1376 945 suis
1389 922 1417 945 et
1430 917 1584 948 continens,
1597 916 1676 951 cujus
1691 920 1814 944 extrema

1024 963 1167 998 Gorgones
1182 963 1304 991 accolam
1318 963 1453 991 Hesiodus
1465 962 1549 990 canit.
1565 962 1598 989 Et
1609 962 1682 997 quod
1697 961 1812 988 heroum

1025 1009 1149 1037 nonnulli
1176 1017 1322 1044 corporum
1347 1010 1584 1039 incolumitatem,
1611 1013 1687 1036 extra
1716 1016 1813 1035 omnes

1024 1055 1203 1088 adiectiones,
1219 1059 1391 1088 conservant,
1423 1055 1451 1083 in
1467 1055 1610 1082 beatorum
1634 1054 1732 1081 insulis
1753 1062 1759 1080 :
1779 1053 1814 1080 de

1024 1101 1125 1136 quibus
1138 1105 1228 1129 tamen
1243 1109 1324 1129 nemo
1332 1101 1399 1129 certi
1413 1101 1514 1136 aliquid
1530 1101 1669 1128 memoria:
1683 1100 1814 1135 prodidit.

1025 1147 1090 1176 Bato
1115 1148 1198 1184 igitur
1213 1156 1275 1176 cum
1301 1149 1328 1176 in
1353 1149 1451 1176 dubias
1473 1153 1500 1176 et
1521 1148 1664 1183 perplexas
1687 1147 1815 1174 desinant

1025 1195 1180 1230 opiniones.
1198 1195 1291 1223 multis
1307 1195 1390 1222 etiam
1402 1202 1417 1222 e
1428 1202 1495 1222 sexu
1509 1194 1637 1221 muliebri
1656 1193 1742 1221 risum
1759 1200 1813 1219 non

1025 1241 1232 1276 improbabilem
1261 1241 1383 1269 tradunt.
1419 1241 1553 1268 Caeterum
1584 1240 1618 1267 de
1646 1239 1699 1267 diis
1727 1246 1814 1273 nugas

1025 1286 1165 1322 quomodo
1181 1285 1370 1321 accipiamus?
1396 1286 1473 1319 Quod
1505 1285 1630 1313 videlicet
1648 1284 1759 1319 quidam
1776 1283 1815 1310 fe—

1024 1331 1097 1359 mori
1117 1332 1224 1359 iusutus
1241 1331 1274 1358 ad
1290 1331 1476 1358 maturitatem
1493 1329 1646 1364 pervenerit
1662 1338 1669 1356 :
1689 1328 1814 1364 quaedam

1024 1376 1101 1406 Jovis
1117 1378 1206 1412 capite
1216 1383 1266 1411 pro
1286 1376 1399 1403 matrice
1417 1376 1452 1403 sit
1476 1375 1545 1403 usa?
1575 1375 1607 1402 Et
1620 1374 1730 1409 quidem
1755 1375 1815 1401 sine

1024 1422 1272 1458 patre(Vulcanum
1286 1422 1402 1456 dico)sit
1415 1421 1572 1456 perfectus?
1584 1421 1661 1454 Quod
1678 1420 1736 1451 Sol,
1750 1427 1814 1454 pro-

1025 1474 1086 1504 pter
1099 1468 1231 1495 neiariam
1245 1468 1319 1495 Atrei
1343 1468 1371 1494 in
1395 1467 1540 1502 Thyestem
1567 1467 1754 1501 impietatem,
1781 1474 1814 1494 ex

1026 1522 1125 1542 occasu
1142 1518 1245 1547 ortum,
1265 1519 1293 1541 et
1309 1521 1340 1541 ex
1357 1518 1420 1541 ortu
1435 1521 1564 1540 occasum
1580 1512 1695 1540 fecerit?
1719 1518 1816 1547 praeter

1028 1568 1061 1588 ea
1088 1561 1160 1596 qttod
1175 1561 1271 1595 Apollo
1285 1566 1311 1588 et
1325 1559 1466 1595 Neptunus
1478 1581 1485 1592 ,
1503 1559 1592 1587 locata
1614 1560 1686 1594 apud
1703 1559 1814 1594 Trojam

1028 1607 1199 1634 mercenaria
1213 1614 1295 1640 Opera
1316 1614 1364 1640 per
1380 1613 1482 1633 annum
1496 1625 1504 1637 ,
1531 1610 1714 1640 praeterquam
1740 1605 1816 1640 quod

1028 1651 1217 1679 :ediiicationis
1229 1655 1256 1678 et
1274 1650 1418 1678 ministerii
1434 1651 1578 1685 pastoralis
1596 1651 1721 1678 mercede
1740 1650 1815 1677 frau-

1031 1698 1175 1731 darentur,
1191 1698 1372 1725 atrocissimis
1391 1697 1586 1724 Laomedontis
1608 1696 1693 1724 minis
1718 1696 1816 1730 objecti

1027 1744 1103 1772 sint?
1119 1745 1151 1771 Et
1162 1744 1235 1779 quod
1245 1743 1369 1771 Bacchus
1382 1751 1397 1771 a
1411 1743 1536 1778 Lycurgo
1550 1742 1761 1778 perterrefactus
1773 1743 1816 1770 fu-

1027 1793 1161 1824 gatusque
1175 1789 1202 1815 in
1218 1796 1304 1820 mare.
1320 1788 1453 1816 'l‘hetidos
1467 1796 1547 1823 opem
1571 1789 1743 1823 implorarit?
1758 1788 1818 1816 iluc

1031 1835 1158 1866 accedit,
1173 1834 1246 1869 quod
1261 1834 1307 1862 lite
1324 1834 1358 1862 de
1379 1834 1474 1861 forma:
1500 1835 1635 1869 elegantia
1663 1835 1735 1861 inter
1751 1834 1817 1862 deas

1027 1884 1099 1911 orta,
1114 1886 1286 1914 unaquaeque
1301 1880 1461 1907 muneribus
1477 1879 1535 1906 suis
1555 1879 1674 1913 iudicem
1692 1887 1818 1906 corrum-

1026 1933 1092 1961 pere
1104 1925 1233 1958 studeat,
1253 1929 1281 1952 et
1295 1925 1401 1952 nullam
1426 1931 1516 1953 tamen
1539 1925 1637 1953 harum
1654 1931 1818 1960 assequatur

1027 1972 1090 2000 linis
1104 1980 1137 1999 ex
1155 1972 1208 1999 hoc
1219 1971 1325 2006 judicio
1340 1976 1500 1999 eventurus.
1523 1971 1593 2004 lmo,
1605 1972 1754 1999 Minervam
1777 1972 1817 1999 fa-

1026 2018 1165 2049 bulantur,
1184 2023 1286 2052 quanta
1301 2022 1403 2053 quanta
1417 2022 1475 2050 est,
1489 2018 1516 2044 in
1529 2018 1685 2045 hirundinis
1701 2025 1818 2052 corpus-

1027 2064 1118 2092 culum
1139 2072 1168 2091 se
1188 2064 1326 2091 abdidisse
1340 2084 1348 2096 ,
1365 2068 1393 2092 et
1406 2064 1576 2098 maiestatem
1593 2063 1669 2092 Jovis
1694 2072 1710 2091 a
1725 2061 1815 2099 cygni

1026 2110 1115 2139 forma
1129 2111 1211 2138 veluti
1231 2111 1257 2138 in
1273 2110 1397 2138 ordinem
1412 2111 1562 2141 redactam,
1580 2114 1609 2137 et
1621 2110 1732 2138 Cereris
1752 2111 1814 2146 pul-

1026 2156 1210 2184 chritudinem
1226 2156 1253 2183 in
1267 2155 1455 2191 turpissimum
1473 2156 1617 2183 transiisse
1630 2155 1763 2182 habitum.
1783 2157 1818 2184 Et

183 2203 317 2238 λευθῆναι
336 2203 387 2239 μὲν
402 2204 455 2230 ὑπὸ
468 2203 516 2230 τοῦ
545 2203 763 2238 ἀναγκαιοτάτου
780 2203 829 2238 τῆς
846 2202 974 2237 γυναικὸς

1028 2203 1135 2235 Jovem,
1156 2202 1202 2237 qui
1218 2210 1267 2237 pro
1282 2201 1403 2229 maximo
1419 2201 1544 2234 habetur,
1561 2209 1576 2228 a
1590 2202 1708 2229 maxime
1723 2209 1817 2229 neces-

185 2249 314 2284 ἀδελφοῦ,
329 2249 448 2285 σωθῆναι
462 2250 491 2276 δὲ
504 2249 556 2276 ὑπὸ
569 2249 625 2276 τῶν
636 2249 779 2285 ἐχθίστων,
794 2249 866 2283 λέγω
879 2248 911 2284 δὴ
921 2248 976 2275 τῶν

186 2295 308 2322 Τιτάνιον
324 2304 332 2310 ·
355 2296 402 2327 οὓς
420 2296 572 2328 ἀναϐάντας
597 2297 630 2323 ὲκ
652 2296 706 2323 τῶν
722 2295 832 2330 δεσμῶν
852 2296 900 2324 καὶ
924 2295 971 2322 τοῦ

186 2341 300 2372 σκότους
332 2342 380 2368 καὶ.
402 2342 453 2376 τῆς
480 2343 570 2369 ἐκεῖσε
597 2341 732 2377 φυλακῆς,
748 2341 796 2368 ἐπὶ
816 2341 865 2377 τὴν
880 2342 975 2377 χρείαν

185 2387 356 2421 παρέσχοντο
386 2386 554 2422 φοϐήσαντες
575 2388 637 2418 τοὺς
657 2386 721 2420 περὶ
744 2386 789 2412 τὸν
812 2386 976 2417 Ποσειδῶνα,

184 2432 338 2467 καταϐῆναι
369 2432 450 2458 πάλιν
471 2431 604 2463 ἑκουσίως
629 2432 670 2462 εἰς
689 2431 735 2457 τὸν
763 2431 908 2466 ’Δχέροντα
929 2431 977 2458 καὶ

183 2479 231 2506 τὸν
244 2479 325 2515 ’ᾼδου
340 2480 362 2495 ⁵⁸
386 2480 477 2506 τόπον.
497 2480 557 2506 Ἔτι
578 2480 628 2514 τὴν
643 2479 692 2514 μὲν
703 2478 863 2513 Ἀφροδίτην
878 2486 977 2512 τιτρω-

187 2526 324 2561 σκομένην
349 2525 402 2552 ὑπὸ
415 2526 514 2560 θνητῆς
532 2525 673 2560 δυνάμεως
685 2545 693 2558 ,
723 2524 768 2550 τὸν
779 2524 802 2549 δ’
820 2523 906 2558 Ἀρην
918 2524 977 2550 δεσ-

185 2571 323 2606 μούμενον
337 2571 382 2597 ὑπ’
399 2572 478 2598 Ὠτου
490 2572 537 2598 καὶ
556 2570 712 2605 Ἐφιάλτου,
733 2569 779 2595 τὸν
791 2568 819 2594 δὲ
843 2568 927 2604 "AS-qv
942 2569 975 2602 ⁵³,

184 2620 214 2645 ἐν
230 2615 254 2652 ᾧ
267 2618 342 2652 τόπῳ
365 2617 415 2653 τὴν
441 2617 579 2652 βασιλείαν
608 2615 691 2651 εἶχεν,
716 2615 804 2642 ἐκεῖσε
824 2615 869 2649 ὑφ’
887 2615 975 2650 Ἥρα-

1027 2249 1111 2280 sario,
1124 2248 1218 2275 uxoris
1235 2255 1376 2283 germano,
1389 2246 1504 2275 insidias
1515 2251 1669 2282 expertum,
1682 2251 1710 2274 ct
1724 2255 1816 2274 serva-

1025 2297 1085 2323 tum
1109 2300 1174 2320 esse
1188 2300 1203 2320 a
1231 2293 1351 2320 maxime
1370 2292 1466 2319 invisis
1480 2312 1487 2324 ,
1513 2291 1669 2325 Titanibus,
1685 2292 1816 2327 inquam;

1026 2340 1073 2375 qui
1086 2339 1190 2373 egressi
1208 2347 1223 2367 e
1238 2339 1354 2368 vinculis
1368 2344 1395 2366 et
1410 2339 1547 2371 tertianis,
1573 2343 1600 2366 et
1617 2347 1679 2374 quae
1700 2338 1755 2366 illic
1775 2344 1817 2366 est

1025 2386 1166 2418 custodia,
1185 2390 1329 2420 postquam
1356 2386 1384 2413 in
1411 2385 1504 2420 fugam
1529 2386 1653 2419 conjecto
1675 2384 1813 2419 Neptuno,

1029 2439 1141 2467 operam
1157 2432 1195 2460 illi
1210 2437 1365 2465 navassent,
1386 2437 1483 2467 sponte
1497 2433 1529 2458 ad
1552 2432 1651 2468 4441]
1673 2433 1815 2459 Acheron-

1028 2483 1084 2506 tem
1104 2483 1132 2506 et
1152 2477 1275 2507 Plutonis
1289 2486 1402 2513 regnum
1415 2478 1506 2506 denuo
1517 2485 1547 2505 se
1564 2477 1726 2513 receperint.
1743 2477 1814 2505 Tum

1028 2523 1160 2551 Venerem
1175 2524 1285 2551 mortali
1296 2531 1376 2550 manu
1390 2524 1511 2552 sauciam
1527 2532 1535 2551 :
1550 2528 1578 2551 et
1592 2523 1705 2551 Martem
1719 2524 1754 2551 ab
1767 2523 1818 2551 0to

1027 2575 1055 2597 et
1071 2570 1196 2604 Ephialte
1212 2570 1329 2597 vinculis
1341 2571 1531 2603 constrictum,
1547 2576 1574 2597 et
1590 2570 1677 2599 Ditem
1693 2571 1720 2598 in
1733 2578 1817 2605 regno

1027 2622 1090 2649 suo,
1102 2615 1135 2644 ab
1143 2614 1259 2644 Hercule
1272 2616 1379 2652 sagittis
1388 2616 1485 2649 ictum,
1496 2615 1524 2643 in
1539 2617 1674 2646 maximos
1685 2615 1816 2644 incidisse

822 2705 940 2733 V'ARLIE
959 2705 1163 2734 LECTIONES.

239 2768 261 2784 “
278 2768 405 2803 ἐμϐατῶν
421 2767 452 2795 Β.
499 2767 522 2783 ⁸⁸
535 2767 766 2803 ἐπαιδοποιήσατο
780 2766 812 2793 Β.

181 2804 206 2820 ⁸³
221 2803 368 2839 χλευασμῷ
385 2804 415 2831 Β.

861 2765 884 2781 ⁵³
897 2765 946 2800 τὴν
959 2764 1090 2801 διαμονὴν
1120 2766 1175 2793 τῶν
1203 2765 1349 2801 σωμάτων]
1361 2766 1396 2793 τὰ
1426 2766 1540 2801 σώματα
1565 2765 1595 2792 Β.

454 2803 476 2819 ⁵⁸
489 2801 712 2837 παραδεξαίμεθα
725 2811 755 2834 ς.
765 2801 956 2837 καταραφ-ἐντα
966 2801 988 2828 Α
1002 2811 1008 2826 :
1021 2801 1230 2836 καταραφθέντα

1647 2765 1670 2782 ⁴⁵
1700 2765 1816 2802 εὐλόγῳ.

1252 2811 1283 2834 ς.
1320 2800 1348 2817 ⁵⁷ί
1357 2801 1440 2836 φόϐου
1453 2800 1483 2834 ςί.
1521 2800 1630 2836 ⁴³νθεοίς
1641 2801 1674 2830 Λ,
1711 2801 1733 2818 ⁸⁵
1747 2800 1817 2830 συὶ-

185 2835 360 2867 καταϐαίνὲιν
376 2841 408 2866 Α.
445 2839 467 2855 ⁵ο
486 2835 669 2873 δημήτραςᾹ.
704 2838 725 2854 ⁸³
743 2836 806 2873 ᾅδου
826 2836 865 2864 υς
881 2835 932 2872 ᾄδῃ
949 2845 978 2868 ς.
999 2836 1022 2864 Δ
1039 2835 1140 2864 illiillth
1151 2837 1260 2871 habeat,
1277 2844 1331 2865 non
1349 2835 1443 2873 liquet.
1481 2837 1503 2853 "
1520 2835 1625 2871 αῖδηΑ.
