1952 3072
153 140 186 173 19
727 146 859 177 PIIOTII
879 147 945 177 PA'I

1002 147 1133 177 ARCIL‘E
1147 147 1202 178 ΕΡ.
1741 145 1778 177 20

151 198 291 226 cruciatus
312 208 318 226 :
334 203 362 226 et
375 199 526 227 Vulcanum
539 208 554 227 a
570 201 713 230 cacumine
728 203 791 230 caeli
803 203 940 238 deiectum

1002 203 1087 235 ιλέους
1106 203 1268 237 τοξευθέντα
1294 203 1354 234 ταῖς
1373 201 1517 237 μεγίσταις
1546 200 1675 237 ἀλγηδόσι
1702 209 1781 236 περι-

153 244 180 271 in
193 243 337 277 Lemnum,
352 253 406 272 non
420 246 524 281 absque
539 246 649 275 laesione
663 249 785 283 corporis
804 253 831 277 et
846 249 941 278 dolore

151 295 275 319 extremo
291 300 298 318 ε
319 295 348 318 et
361 291 496 320 Iunonem
517 300 532 320 a
549 291 616 321 Jove
641 301 802 329 suspensam
822 295 940 332 alligatis

152 337 263 371 utrique
278 338 338 373 pedi
358 338 505 366 incudibus
518 339 658 368 maximis.
675 340 839 369 Summatim
850 362 858 374 ,
874 342 940 370 deos

151 383 284 412 adulteria
293 384 473 417 committere,
485 384 600 413 fulmine
615 384 702 419 feriri,
720 386 854 421 loripedes
867 394 939 421 esse,

151 429 234 458 furtis
253 438 423 465 assuescere,
452 432 488 459 ab
515 431 674 459 hominibus
687 432 788 460 virtute
803 433 939 468 superari,

152 476 305 509 procaciter
322 477 484 511 conviciari,
500 477 616 513 injurias
629 482 749 513 patrare,
776 484 878 507 sortem
893 479 942 507 de-

152 523 271 558 pl0rare,
283 527 310 551 et
328 524 436 552 tandem
452 524 554 553 nullius
566 524 717 553 aﬂectionis
725 526 861 554 immunes
870 533 941 559 esse.

153 577 169 596 a
196 576 250 604 qua
282 576 334 596 nos
367 570 518 604 perturbati
534 570 646 598 deorum
661 578 740 606 opem
768 571 941 599 invocamus.

151 614 245 648 Quare
258 615 305 650 qui
322 615 380 643 haec
398 615 553 644 fabularum
570 620 696 652 portenta
711 617 869 645 hominibus
881 624 943 645 cre-

152 661 239 688 denda
255 665 431 696 proponunt.
460 665 515 688 tam
540 661 634 696 procul
660 669 676 689 a
698 663 815 690 veritate
832 662 941 696 remoti,

153 713 219 733 num
239 710 319 741 putas
329 706 477 741 magistros
489 705 541 734 ﬁde
555 706 652 742 dignos
665 707 727 736 aliis
737 706 868 736 docendis
882 715 943 736 esse

152 752 339 786 judicandOS?
365 752 434 780 Dum
462 753 504 780 tot
532 758 561 781 et
591 753 692 781 talibus
727 753 944 789 Agatharcliidcs

153 798 287 833 exemplis
302 799 484 826 narrationem
501 799 534 827 de
542 799 644 826 Perseo
657 799 690 827 ad
706 798 813 827 fabulas
830 799 943 834 relegat,

155 853 206 872 nec
222 845 292 872 mari
309 845 403 873 Rubro
429 853 445 873 a
475 845 530 873 lilio
556 846 649 874 Persei
679 853 779 874 nomen
799 846 944 875 obvenisse

153 891 246 918 tradit.

190 934 253 963 Car.
276 935 310 962 V.
330 934 498 962 Fabularum
520 935 582 970 ﬁnis
597 936 747 965 delectatio.
764 951 799 958 -——
815 936 884 964 Hinc
900 944 945 964 se-

154 981 245 1017 ipsum
269 981 297 1008 in
312 988 394 1009 causa
414 981 466 1009 sibi
482 989 542 1009 esse
555 987 584 1008 ut
603 982 794 1018 redarguatur,
817 983 944 1016 ostendit,

153 1031 300 1062 propterea
314 1026 387 1061 quod
408 1026 443 1053 ad
468 1026 568 1054 seriam
592 1034 687 1054 rerum
711 1032 849 1061 gestarum
888 1032 946 1055 tra-

154 1074 315 1106 ctationem,
331 1069 518 1100 tabulatorum
532 1073 670 1101 licentiam
683 1074 817 1101 traducat.
831 1073 900 1101 Nam
910 1074 946 1102 ab

155 1121 209 1148 Itac
232 1119 256 1148 si
275 1120 339 1155 quis
363 1119 504 1147 refellendi
526 1119 647 1147 studium
671 1120 806 1152 detrahat,
840 1120 945 1147 nullam

155 1166 305 1194 relicturus
321 1171 363 1193 est
379 1166 521 1193 materiam
537 1166 675 1198 viliorem,
692 1166 799 1194 sublata
814 1165 945 1193 nimirum

154 1211 219 1238 ﬁde.
235 1209 324 1243 Quam
340 1209 414 1237 enim
433 1210 469 1237 ob
484 1217 596 1237 causam
615 1217 669 1237 non
679 1209 780 1237 damno
797 1209 944 1237 Homerum

155 1257 266 1292 (inquit)
291 1257 362 1291 quod
384 1256 461 1284 lovis
486 1262 514 1284 et
526 1256 645 1290 Neptuni
665 1256 811 1284 dissidium
833 1257 945 1288 asserit,

155 1311 220 1331 cum
239 1303 298 1331 ﬁeri
315 1311 369 1330 non
386 1303 486 1338 possit,
502 1308 531 1330 ut
554 1303 637 1330 homo
657 1302 781 1330 mortalis
802 1302 881 1330 (idem
895 1302 947 1330 hac

154 1350 183 1377 in
208 1353 287 1385 parte
319 1354 444 1382 astruat;
465 1356 516 1377 nec
541 1348 694 1377 Hesiodum‘
706 1348 841 1384 vitupero,
864 1348 946 1376 deum

156 1396 361 1430 generationem
392 1402 531 1430 exponere
563 1402 677 1428 ausum;
705 1401 756 1421 nec
785 1393 944 1430 Eschylum

157 1443 281 1476 increpo,
298 1441 371 1476 quod
387 1441 414 1468 in
427 1439 715 1476 plerisquementitur,
731 1444 759 1467 et.
773 1440 868 1474 multa,
884 1448 947 1476 qua:

155 1487 268 1515 concedi
294 1494 434 1522 nunquam
459 1491 584 1521 possunt.
604 1487 631 1513 in
651 1486 755 1514 litteras
772 1487 876 1521 refert;
896 1495 947 1515 nec

991 250 1086 276 πεσεῖν
1098 257 1107 264 -
1124 249 1169 276 τὺν
1188 248 1217 275 δὲ
1242 248 1405 283 ’Ἠφαιστον,
1421 246 1475 274 ἀπὸ
1488 245 1535 274 τοῦ
1548 246 1620 273 κατὰ
1632 246 1680 273 τδν
1694 246 1782 282 ὀὐρα-

991 296 1037 322 νὸν
1054 294 1246 330 άπορριφέντα
1261 293 1356 329 ὕψους,
1373 294 1414 325 εἰς
1437 292 1547 328 Λῆμνον
1561 292 1702 328 ἐνεχθῆναι
1722 293 1781 319 δια-

992 341 1118 377 κείμενον
1141 340 1262 376 ἐσχάτως
1278 343 1287 351 ·
1306 339 1356 374 τῆς
1369 339 1392 366 δ’
1409 339 1499 374 Ἥρας
1513 339 1565 366 ὑπὸ
1577 339 1626 366 τοῦ
1641 339 1702 371 Διὸς
1717 348 1767 374 κρε

993 384 1118 421 μαμένης
1129 385 1153 401 ⁸³
1184 385 1216 411 ὲκ
1240 383 1295 411 τῶν
1310 383 1399 410 ποδῶν
1424 383 1567 417 ἔκδεθῆναι
1593 382 1782 417 παμμεγέθεις

992 431 1127 466 ἄκμονας.
1151 429 1276 457 Καθόλου
1300 429 1328 456 δὲ
1350 428 1428 460 θεοὺς
1442 428 1466 445 ⁵⁸
1479 427 1666 463 μοιχεύοντας,
1680 435 1781 463 κεραυ-

992 477 1151 512 νουμένους,
1174 475 1352 507 κυλλόποδας,
1374 474 1502 502 κλέπτειν
1528 474 1710 508 εἰθισμένους,
1736 473 1782 500 άν-

993 521 1111 558 θρώπων
1136 521 1368 557 ἀσθενεστέρους,
1400 519 1555 555 προχείρως
1582 518 1782 554 λοιδοροῦντας,

992 568 1164 600 ἀδικοῦντας,
1178 567 1443 604 μεμψιμοιροῦντας,
1462 566 1549 602 πέρας
1562 565 1671 596 οὐθενὸς
1685 564 1709 580 ⁸⁸
1730 564 1784 590 πά-

993 615 1057 646 θους
1068 615 1147 647 ἐκτὸς
1157 613 1342 646 καθεστῶτας,
1355 612 1400 647 ὑφ’
1410 609 1448 640 ὧν
1458 612 1538 648 ἡμεῖς
1549 610 1628 646 ὀχλού
1632 618 1709 646 μενοι
1720 609 1783 640 τοὺς

994 660 1073 693 θεοὺς
1089 660 1302 695 ἐπικαλούμεθα.
1324 660 1355 687 Οἱ
1367 657 1413 686 οὖν
1427 659 1462 686 τὰ
1478 658 1592 685 τοιαῦτα
1604 657 1783 693 τερατευόμε-

994 716 1046 740 νοι,
1060 707 1156 744 πόρρω
1175 707 1225 739 τῆς
1246 706 1377 742 ἀληθείας
1394 705 1544 740 ἱστάμενοι,
1569 704 1620 730 οὐκ
1629 703 1663 730 ἂν
1673 702 1783 737 ’ἑτέροις

993 753 1096 789 ταύτην
1109 753 1279 788 εἰσηγεῖσθαι
1295 752 1413 788 κριθεῑεν
1429 751 1463 778 ἂν
1474 750 1617 783 ἀξιόλογοι,
1634 749 1683 776 Διὰ
1694 749 1783 775 τοιού-

994 807 1049 826 των
1063 798 1110 825 καὶ
1125 798 1261 825 τοσούτων
1278 796 1478 832 Ἀγαθαρχίδης
1492 795 1526 822 τὰ
1541 794 1606 831 περὶ
1619 794 1665 820 τὸν
1677 791 1785 828 Περσέα

995 844 1036 876 είς
1046 844 1156 880 ὁμοίους
1171 844 1286 878 ἀπάγων
1297 844 1321 860 ⁵⁸
1338 842 1451 878 μύθους,
1463 841 1523 868 οὐδὲ
1538 840 1588 877 τὴν
1603 839 1739 876 Ἐρυθρὰν
1752 840 1785 866 ὲκ

995 890 1043 917 τοῦ
1063 891 1157 922 παιδὸς
1170 890 1253 917 αὐτοῦ
1267 889 1400 925 κληθῆναι
1411 888 1527 915 δίδωσιν.

1033 937 1096 964 Ὅτι
1109 936 1200 969 αὐτὸς,
1216 936 1309 972 φησὶν,
1325 934 1415 971 ἑαυτῷ
1433 934 1518 965 αἴτιος
1534 933 1697 960 καθίσταται
1710 930 1786 965 ἐλέγ-

996 991 1052 1019 χων
1065 983 1078 1009 ὁ
1092 982 1142 1018 τὴν
1158 982 1212 1009 τῶν
1229 981 1385 1017 μυθοποιῶν
1398 980 1523 1013 ἐξουσίαν
1537 979 1576 1011 είς
1589 976 1786 1014 πραγματικὴν

997 1028 1065 1066 [722
1091 1028 1138 1065 IL]
1159 1029 1285 1065 μετάγων
1296 1029 1318 1045 ⁵⁷
1333 1027 1479 1063 ἐνάργειαν
1491 1027 1514 1043 ⁸⁸
1529 1035 1537 1042 ·
1555 1024 1589 1062 ἦς
1601 1025 1633 1052 ἀν
1645 1032 1686 1055 τις
1699 1023 1786 1058 ἀφέλῃ

996 1077 1043 1104 τὸν
1094 1077 1203 1111 ἔλεγχον
1219 1096 1227 1108 ,
1264 1076 1341 1103 οὐδὲν
1392 1075 1582 1110 εὐτελέστερον
1630 1071 1787 1106 καταλείψει

997 1124 1075 1157 γένος
1102 1123 1151 1158 τῆς
1183 1123 1300 1154 πίστεως
1329 1122 1462 1158 ἠρμένης.
1485 1120 1563 1147 Ἐπεὶ
1595 1119 1638 1146 διὰ
1656 1119 1716 1145 τίνα
1744 1118 1787 1144 αἰ-

996 1170 1057 1196 τίαν
1069 1170 1193 1205 Ὂμηρον
1207 1169 1258 1195 οὐκ
1270 1168 1384 1200 εὐθύνω,
1401 1167 1461 1199 Διὸς
1474 1168 1521 1194 καὶ
1536 1165 1702 1196 Ποσειδῶνος
1714 1163 1786 1200 φρά-

997 1215 1078 1248 ζοντα
1089 1214 1312 1251 διαφορὰνῌῧὸἓ
1328 1213 1387 1250 IL],
1401 1213 1530 1240 ἀδύνατον
1548 1210 1684 1247 ἀνθρώπῳ
1695 1210 1787 1237 πίστιν

998 1261 1177 1298 παραδοῦναιδ
1192 1260 1368 1296 οὺδ¹Ἦσιόδῳ
1383 1260 1529 1294 μέμφομαι
1540 1257 1638 1293 δηλοῦν
1650 1256 1787 1291 τολμῶντι

998 1306 1067 1334 θεῶν
1082 1307 1207 1342 γένεσιν·
1220 1306 1275 1333 οὐδ’
1289 1305 1423 1341 Αἰσχύλον
1449 1305 1611 1340 ὲπιπλήττω
1627 1303 1732 1333 πολλοῖς
1746 1301 1788 1328 δι-

997 1353 1164 1389 εψευσμένον
1187 1352 1329 1380 καὶπολλὰ
1343 1352 1535 1387 συγγράφοντα
1551 1350 1606 1376 τῶν
1626 1347 1788 1383 ἀσυγχωρή-

996 1407 1070 1425 των*
1092 1398 1147 1424 οὐδ’
1168 1397 1315 1433 Εὐριπίδου
1343 1396 1489 1433 κατηγορῶ
1515 1395 1555 1431 τῷ
1582 1394 1631 1430 μὲν
1649 1393 1788 1430 Ἀρχελάῳ

998 1443 1218 1480 περιτεθεικότος
1238 1443 1288 1475 τὰς
1305 1443 1431 1478 Τημένου
1452 1442 1577 1478 πράξεις,
1591 1440 1636 1467 τὸν
1650 1440 1679 1467 δὲ
1692 1440 1788 1474 Τειρε-

999 1490 1060 1517 σίαν
1073 1489 1224 1525 βεὸιωκότα
1237 1489 1451 1524 παρεισάγοντος
1463 1488 1543 1515 πέντε
1551 1486 1652 1521 γενεῶν
1664 1485 1744 1511 πλέον
1752 1485 1787 1512 ιν.

155 1532 316 1569 Euripidem
332 1539 442 1566 accuso,
454 1533 527 1568 quod
545 1532 681 1560 Archelao
693 1533 788 1560 tribuit
804 1542 848 1561 res
864 1542 878 1561 a
893 1533 945 1562 To-

1002 1536 1061 1563 ούδὲ
1078 1536 1142 1567 τοὺς
1158 1535 1254 1567 ἄλλους
1281 1536 1321 1567 είς
1340 1534 1499 1569 ἐπιτίμησιν
1519 1534 1578 1568 άγω
1592 1531 1748 1562 διασκευαῖς
1761 1531 1790 1557 ἐν

155 1588 239 1608 meno
266 1585 369 1616 gestas,
398 1584 426 1607 et
455 1579 591 1607 Tiresiam
614 1579 641 1607 in
669 1579 777 1608 theatro
799 1581 945 1616 plusquam

156 1626 281 1661 quinque
305 1630 400 1653 aetates
425 1625 480 1653 vita
499 1625 673 1660 complexum
700 1626 868 1660 introducit;
897 1634 948 1655 nec

999 1585 1056 1615 τοῖς
1067 1583 1186 1618 δράμασι
1198 1582 1353 1617 χρωμένους
1360 1580 1517 1613 ἀδυνάτοις;
1531 1579 1593 1606 Ὀτι
1606 1579 1660 1610 πᾶς
1675 1577 1791 1613 ποιητὴς

999 1627 1180 1664 ψυχαγωγίας
1196 1627 1213 1663 ἢ
1227 1626 1357 1662 ἀληθείας
1371 1626 1430 1653 ἐστὶ
1443 1626 1602 1660 στοχαστής.

157 1673 220 1701 aliis
243 1674 312 1701 vitio
328 1676 415 1704 verto,
432 1672 505 1707 quod
520 1676 652 1707 apparatu
688 1672 716 1699 in
752 1671 907 1701 fabularum
929 1676 1040 1703 actione
1066 1679 1182 1703 utuntur
1207 1673 1308 1700 virium
1341 1672 1491 1700 excedente
1523 1668 1708 1699 humanarum
1731 1677 1791 1698 mo-

156 1721 245 1749 dum?
259 1719 329 1754 Quia
340 1720 431 1747 omnis
449 1724 528 1754 poeta
550 1719 637 1754 magis
658 1719 807 1754 voluptatis
830 1727 945 1755 scopum
965 1729 1048 1757 quam
1064 1722 1187 1750 veritatis
1201 1721 1253 1750 sibi
1268 1720 1439 1756 propositum
1453 1719 1545 1746 habet.

193 1766 258 1794 CAP.
279 1765 324 1793 Vl.
338 1765 403 1798 Qum
420 1769 491 1799 terra
508 1765 658 1799 elephantos
673 1765 815 1801 producat.
832 1782 868 1787 —
885 1766 947 1794 Ele-

159 1813 288 1848 phantos,
313 1811 411 1840 scribit
435 1815 543 1844 auctor,
564 1811 696 1839 Indorum
717 1817 790 1840 terra
805 1812 901 1846 nutrit,
922 1817 949 1840 et

162 1859 335 1895 (Etltiopum,
364 1866 426 1894 quae
444 1857 638 1886 Thebanorum
666 1858 734 1887 ﬁnes
755 1860 876 1895 attingit,
898 1867 949 1888 nec

159 1914 215 1934 non
232 1905 325 1941 Libya.

193 1952 261 1981 Car.
276 1951 332 1979 VII.
348 1951 461 1987 Egypti
472 1951 581 1978 limites.
595 1964 625 1971 -
637 1949 761 1982 Quatuor
775 1949 837 1978 inde
856 1951 950 1987 perhi-

160 1999 207 2026 bet
237 1997 374 2025 Iimitibus
407 1997 556 2033 Egyptum
580 2003 643 2024 esse
670 1995 804 2023 inclusam
828 2005 835 2024 :
862 2005 878 2024 a
905 2005 950 2026 se-

161 2043 327 2079 ptentrione,
345 2043 457 2079 pelago:
474 2043 509 2070 ab
529 2047 591 2070 ortu
603 2048 632 2070 et
649 2049 762 2076 occasu,
775 2042 908 2072 desertis:
923 2048 951 2072 et

161 2099 176 2117 a
192 2089 317 2123 meridie,
334 2089 461 2125 gentibus
474 2088 645 2124 Ethiopum.

207 2135 342 2163 Austerus
378 2134 422 2162 hic
446 2141 537 2163 sermo
556 2134 608 2170 (I),
642 2134 690 2163 sed
723 2135 862 2164 salutaris.
891 2135 950 2164 0s-

1038 1769 1099 1796 Ὂτι
1125 1768 1172 1796 καλ⁵
1187 1768 1235 1803 τὴν
1262 1766 1375 1802 Ἰνδικὴν
1398 1766 1491 1801 χώραν
1513 1764 1663 1799 ἐλέφαντας
1681 1761 1792 1798 τρέφειν

1001 1815 1078 1851 φησὶ,
1093 1816 1140 1842 καὶ
1153 1815 1203 1851 τὴν
1212 1812 1366 1846 Αίθιοπίαν,
1382 1813 1400 1848 ἢ
1411 1813 1466 1843 τοῖς
1481 1811 1608 1847 Θηῦαίων
1619 1808 1703 1845 ὁρίοις
1718 1807 1792 1834 ἐστὶν

1001 1862 1111 1898 ὅμορος,
1123 1860 1171 1888 καὶ
1183 1860 1215 1896 δὴ
1231 1860 1278 1888 καὶ
1295 1859 1345 1896 τὴν
1360 1857 1476 1894 Λιϐύην.

1038 1951 1099 1978 ὀτι
1113 1949 1243 1985 τέτταρες
1257 1949 1281 1965 ⁶⁰
1293 1947 1371 1975 τόποι
1388 1946 1439 1983 τὴν
1460 1946 1598 1980 Αἴγυπτον
1612 1941 1792 1978 περιειλήφα-

1002 2005 1055 2030 σιν,
1075 1996 1129 2023 ἀπὸ
1150 1995 1199 2031 μὲν
1219 1995 1269 2030 τῆς
1281 1994 1384 2028 ἄρκτου
1399 1992 1431 2019 τὸ
1457 1991 1585 2025 πέλαγος,
1600 1989 1647 2016 ἀπ’
1660 1985 1793 2031 ἀνατολῆς

1000 2042 1029 2069 δὲ
1054 2041 1103 2068 καὶ
1126 2040 1228 2072 δύσεως
1249 2038 1381 2075 ἐρημίαι,
1410 2036 1464 2064 ἀπὸ
1481 2035 1511 2062 δὲ
1542 2035 1594 2069 τῆς
1619 2030 1794 2068 μεσημϐρίας

1001 2089 1140 2120 Αἰθίοπες.

1038 2136 1181 2172 Δύστηρὸς
1195 2137 1209 2162 ὁ
1230 2134 1320 2169 λόγος,
1341 2132 1409 2160 ἀλλὰ
1430 2131 1576 2167 σωτήριος.
1593 2126 1727 2163 Δηλοῦται
1739 2124 1794 2160 γὰρ

162 2181 284 2209 tenditur
304 2181 378 2209 enim
402 2189 456 2208 non
479 2179 578 2216 Msa
605 2180 759 2213 mmstitiae,
778 2181 826 2209 sed
854 2186 945 2210 custo-

1003 2184 1033 2212 οὺ
1051 2170 1151 2218 λύπης,
1168 2181 1235 2209 ἀλλὰ
1252 2179 1377 2215 φυλακῆς
1400 2178 1505 2210 ἕνεκεν,
1522 2176 1570 2203 καὶ
1583 2174 1632 2210 τὴν
1647 2172 1743 2208 ἡδονὴν
1763 2172 1794 2218 εκ

161 2228 216 2256 dia:
239 2227 346 2263 gratia;
379 2231 406 2255 et
431 2235 464 2254 ex
493 2227 619 2255 oratione
648 2227 818 2262 voluptatem
851 2233 948 2256 sustu-

163 2275 205 2306 lit,
219 2281 253 2301 ne
264 2280 298 2301 ex
312 2273 393 2301 rebus
406 2273 523 2308 gratiam
539 2273 628 2308 adepti
639 2281 689 2308 pro
701 2273 783 2302 bouis
799 2274 870 2301 mala
886 2282 952 2303 con-

164 2326 314 2355 sequamur
340 2319 401 2346 :vel
420 2326 468 2354 per
491 2317 589 2346 Jovem
613 2320 656 2346 vel
679 2320 757 2353 deos,
788 2324 816 2348 et
839 2328 895 2348 non
922 2321 950 2348 in

163 2365 256 2393 medio
266 2365 355 2401 posita
371 2365 497 2400 quaedam
510 2365 693 2394 remittamus.

201 2412 301 2439 Privati
328 2419 393 2439 vero
413 2411 524 2440 divitias
550 2412 632 2448 longe
658 2412 862 2448 profundiores,
892 2414 952 2443 sine

164 2458 276 2493 negotio
288 2463 332 2486 est
349 2458 457 2486 diﬁicile
468 2466 590 2486 servare.
608 2458 651 2486 Tu
667 2467 731 2487 vero
746 2459 845 2488 horum
867 2466 896 2488 et
912 2461 952 2488 si-

167 2503 274 2533 milium
297 2505 432 2532 bouorum
455 2504 642 2533 hereditatem
662 2505 795 2541 consequi
818 2511 845 2534 te
869 2513 952 2542 posse

1003 2229 1059 2257 τῶν
1073 2217 1161 2263 λόγων
1174 2226 1271 2264 ἦρκεν,
1295 2227 1370 2257 ὅπως
1385 2226 1434 2259 τῆς
1449 2224 1480 2250 ὲκ
1493 2222 1548 2250 τῶν
1559 2219 1733 2255 πραγμάτων
1743 2217 1794 2264 χάῖ

1004 2284 1078 2312 ριτος
1093 2262 1278 2305 ἀπολαύοντες
1300 2272 1436 2308 μηδέποτε
1459 2270 1521 2296 ἀντὶ
1547 2267 1595 2294 τοῦ
1613 2265 1747 2312 βελτίονος

1002 2308 1094 2358 χεῖρον
1107 2320 1260 2357 αἱρώμεθα,
1275 2319 1292 2354 ἢ
1316 2318 1383 2353 πρὸς
1405 2316 1477 2349 Διὸς,
1492 2315 1539 2342 καὶ
1560 2313 1641 2345 θεῶν,
1658 2311 1702 2338 ἴνα
1727 2308 1796 2345 μηδὲ

1002 2369 1058 2397 τῶν
1073 2370 1102 2396 ἐν
1119 2368 1194 2404 μέσῳ
1209 2367 1346 2402 κειμένων
1362 2365 1421 2391 ἔνια
1433 2362 1588 2398 παρίωμεν,

1048 2399 1163 2443 ’ἰδιώτου
1178 2399 1228 2450 μὲν
1238 2399 1332 2440 ούσίαν
1345 2410 1436 2447 μικρῷ
1448 2408 1598 2445 βαθυτέραν
1611 2399 1797 2441 ἀπραγμόνως

1005 2461 1122 2498 χαλεπὸν
1132 2461 1154 2477 ⁸¹
1169 2459 1302 2487 διασῶσαι
1311 2465 1319 2473 ⁶
1334 2457 1366 2484 σὺ
1381 2457 1410 2483 δὲ
1423 2454 1558 2482 τοσούτων
1573 2452 1620 2479 καὶ
1630 2450 1797 2498 τηλικούτων

1005 2494 1190 2543 κληρονομίαν
1207 2504 1317 2540 ἀγαθῶν
1333 2502 1458 2534 καθέξειν
1483 2499 1568 2536 χωρὶς
1588 2498 1709 2533 ἀγωνίας
1721 2494 1797 2523 ἑλπί-

797 2582 915 2611 νΑιιιΑ]
938 2583 1144 2614 LECTIONES.

219 2655 244 2670 ⁸³
271 2654 450 2689 κρεμαμένης
466 2654 486 2681 Β
510 2659 538 2683 et
563 2662 636 2682 corr.
665 2655 686 2680 Δ
714 2662 721 2681 :

167 2724 190 2741 “
203 2724 332 2760 τέσσαρες
348 2732 380 2757 ς.
418 2723 439 2740 ⁸⁵
454 2723 522 2760 ἀπρ.
537 2727 595 2750 εστὶ
607 2723 725 2758 χαλεπὸν
736 2733 767 2756 ς.

749 2655 948 2691 κρημναμένης
962 2664 993 2687 ς.
1040 2655 1065 2671 ⁸⁵
1075 2690 1079 2691 7
1091 2654 1189 2691 θεοὺς..
1200 2661 1262 2691 om._

167 2689 190 2740 ρ.
207 2687 306 2734 ιιᾶγων
322 2687 353 2721 ἐς.
366 2687 372 2689 ⁷
392 2687 556 2740 ⁸⁷ἐμίτάγων
608 2700 613 2716 :
629 2689 734 2740 ὲξάγίυν
748 2687 779 2721 gl
797 2687 840 2706 ""
852 2687 991 2726 ἐνέργειαν
1006 2699 1036 2723 ς.
1054 2689 1133 2717 οὐθὲν
1149 2689 1193 2716 ΑΒ
1209 2699 1217 2716 ;
1237 2687 1313 2715 οὐδὲν
1331 2695 1362 2720 ς.

1364 2651 1387 2667 ιι
1409 2649 1515 2680 οὐδενὸς
1548 2647 1578 2674 B.
1642 2642 1796 2680 "anér'gv

1409 2686 1432 2702 ”
1450 2677 1530 2712 πλέον
1544 2683 1624 2711 πέντε
1649 2678 1750 2716 γενεῶν
1765 2677 1795 2704 Β.

924 2782 1042 2812 NOTAE.

211 2851 251 2887 α)
271 2850 321 2880 Hic
335 2856 419 2881 multa
436 2851 536 2880 omissa
549 2856 612 2881 sunt
629 2851 663 2881 ab
678 2852 824 2889 interprete
839 2858 864 2882 ct
876 2853 903 2882 in
921 2854 1015 2882 Gimca
1030 2854 1094 2882 edit.
1110 2853 1193 2882 Henr.
1208 2852 1304 2888 Steph.
