1945 3073
206 119 239 152 21
767 128 1032 162 BIBLIOTHECA.
1047 145 1083 149 —
1095 133 1177 164 COD.
1199 134 1276 164 CCL.
1799 141 1835 173 52

207 179 283 213 (ste;
299 181 348 208 καὶ
361 179 448 208 ταῦτα
463 181 608 216 γινώσκων
622 184 663 211 ὅτι
682 185 797 213 κάκεῖνα
812 187 862 222 μὲν
881 187 896 214 ὁ
916 188 975 224 νόμι

1057 190 1110 218 ςῑιιο
1139 193 1291 219 certamine
1315 192 1452 222 conﬁdis?
1482 195 1633 229 praesertim
1657 203 1720 224 cum
1752 196 1825 225 scias

207 226 246 262 τῷ
261 227 426 263 κτησαμένῳ
439 227 626 263 διαφυλάττει,
638 230 726 258 ταῦτα
738 231 767 258 δὲ
787 234 802 259 ὸ
820 233 929 270 σίδηρος
945 235 975 270 ἀς

1071 237 1124 265 ιιοά
1141 237 1183 266 lex
1198 239 1349 273 possidenti
1367 239 1412 267 illa
1432 247 1586 274 conservet,
1602 242 1659 270 haec
1669 243 1773 270 ferrum
1784 251 1835 270 au-

205 273 324 307 αιρεῖται
342 273 398 300 τῶν
411 273 625 312 ἀσθενεστέρων.

1049 283 1100 310 fert
1114 283 1148 311 de
1163 284 1396 314 imbecillioribus.

242 321 304 368 ὀτι
315 321 407 368 φησὶν,
429 322 476 349 Ἐκ
487 323 585 350 πολλοῦ
595 325 691 360 χρόνου
701 327 898 363 προειληφότες
913 328 997 363 ἐσμὲν

1085 330 1197 364 Sumus,
1212 331 1310 367 inquit.
1328 333 1429 367 multo,
1443 337 1564 368 tempore
1579 333 1606 361 in
1624 334 1674 361 hac
1689 334 1833 367 sententia,

203 365 245 392 δτι
258 366 309 398 τὰς
322 367 379 394 τῶν
395 368 534 397 δυναστῶν
549 370 640 405 φιλίας
668 371 683 397 ὀ
698 373 795 408 καιρὸς
815 374 971 409 σφραγίζετ‹

1065 383 1146 409 egnm
1162 376 1297 404 amicitias
1312 377 1347 404 ab
1363 377 1509 405 occasione
1533 377 1688 405 conﬁrmari
1712 382 1739 405 et
1754 377 1833 409 solvi,

204 411 251 440 καὶ
265 412 334 445 λύει.
352 415 399 441 καὶ
413 415 464 450 τὴν
478 416 529 451 σὴν
543 416 673 452 ἀσχολίαν
690 418 763 455 ἄλλῳ
779 419 889 447 δίδωσιν
908 422 972 458 ἀφοε

1064 423 1076 446 t
1088 425 1162 446 tuam
1177 420 1385 454 occupationem
1406 421 1483 448 alteri
1497 421 1563 448 dare
1578 426 1782 456 argumentum,
1800 429 1832 448 ex

204 458 269 494 μὴν,
284 459 374 492 αὔξων
399 461 447 488 καὶ
461 461 564 496 φθίνων
585 463 620 490 τὰ
638 464 789 500 πράγματα
812 465 842 498 ἐξ
859 467 972 502 ἀλλήλων

1067 462 1113 490 liis
1129 471 1174 491 res
1200 467 1325 499 augendo
1345 469 1372 492 et
1391 464 1549 492 minuendo.
1577 464 1626 491 Hic
1638 464 1719 492 verbo
1746 465 1833 492 conti-

210 506 240 534 '0
261 507 312 543 μὲν
331 507 371 544 τῷ
395 508 467 543 λόγῳ
489 509 611 545 συνεχῶς
628 511 820 547 χαριζόμενος,
837 513 869 540 τὸ
889 514 920 541 ἐκ
937 514 978 542 τῶ

1066 513 1144 537 enter
1165 509 1344 545 gratilicatus,
1364 517 1455 538 rerum
1475 514 1614 545 gestarum
1641 510 1731 545 ,(idcm
1751 518 1831 538 exce-

203 553 292 589 ἐργων
304 554 417 581 δυνατὸν
431 555 615 590 ὑπερϐαίνων,
627 557 714 584 πολλὰ
729 558 902 594 διαψεύδεται
911 566 920 576 ⁸
937 561 951 587 ὁ
964 560 971 587 ί

1064 563 1125 587 ens.
1143 555 1211 584 falsa
1235 562 1447 584 commemorat:
1463 556 1508 584 ille
1521 556 1619 584 amicis
1634 557 1661 584 in
1675 557 1831 584 societatem

203 599 421 638 πωσλαμὸάνων
433 602 455 618 ⁸⁸
476 603 541 634 τοὺς
563 603 646 630 αὐτοῦ
665 604 760 638 φίλους
781 605 879 640 βουλῆς
898 615 971 634 κοινιι

1064 601 1152 630 onsilii
1166 603 1297 630 adhibitis
1312 608 1433 638 tempore
1443 603 1611 638 ejuscemodi
1629 610 1718 638 neque
1731 611 1832 638 urgen-

200 646 265 678 νοὺς
291 646 320 672 ἐν
351 648 458 682 καιροῖς
480 649 652 684 τηλικούτοις
678 650 709 676 οὐ
734 650 782 677 τοῦ
797 651 819 668 ⁸³
836 652 886 687 τὴν
904 652 968 688 ὀρμὶ

1066 656 1080 675 s
1107 648 1237 684 impetum
1252 649 1345 684 exigit.
1361 649 1429 683 Quis
1454 650 1527 677 enim
1551 650 1620 677 adeo
1644 657 1742 685 expers
1766 657 1833 677 con-

200 691 353 725 ἐπώσοντος
365 694 461 722 δεῖται.
477 695 526 727 Τίς
542 696 596 731 γὰρ
610 696 698 729 οὓτως
712 697 838 730 ἄϐουλος,
851 698 882 730 ὃς
898 699 929 726 τὺ
951 699 968 726 δι

1063 693 1111 726 ilii,
1133 694 1180 729 qui
1206 696 1240 723 ab
1263 696 1348 723 altero
1376 696 1442 731 quid
1458 696 1511 723 sibi
1528 697 1650 723 videatur
1666 703 1831 731 cognoscere

199 737 266 764 κοῠν
280 738 355 774 αὑτῷ
372 740 439 776 παρ’
455 741 550 777 ἐτέρου
567 741 690 777 βούλεται
706 743 813 778 μαθεῖν,
834 744 882 772 καὶ
904 754 964 772 ποιε

1061 740 1118 772 elit,
1133 741 1195 768 etin
1209 742 1300 769 dubiis
1320 742 1437 770 consilio
1462 742 1501 769 nti
1513 742 1648 778 explentis
1662 742 1829 770 desiderium

198 783 245 811 τὸν
258 785 411 821 σύμϐουλον
424 787 477 814 τῶν
491 788 687 825 ἀπορουμένων
700 791 849 827 συνήγορον
866 793 916 827 τῆς
931 793 966 820 ἐπ

1062 785 1149 813 )sius?
1162 785 1191 813 Si
1207 787 1279 814 enim
1295 787 1425 815 dominus
1442 787 1589 821 bonorum,
1605 796 1660 816 non
1674 788 1830 816 succumbit

199 830 316 866 θυμίας;
344 833 369 859 εί
395 833 451 868 γὰρ
474 835 488 861 ὁ
512 834 608 870 κύριος
632 836 688 863 τῶν
714 838 850 865 τοσούτων
879 838 967 872 ἀγαθιῖ

1063 831 1184 866 upidilati
1198 839 1293 860 eorum
1311 833 1358 868 qui
1377 841 1489 869 cogunt.
1512 834 1624 862 Beatum
1641 834 1760 870 praedico
1773 835 1831 862 haec

198 878 332 914 κρείττων
346 866 407 907 ἐστὶν
419 866 470 915 τῆς
491 866 642 917 ἐπιθυμίας
660 883 710 918 τῆς
733 883 788 911 τῶν
808 866 966 919 βιαζομένωε

1063 877 1240 911 assidentem,
1253 879 1348 906 tollere
1358 884 1450 907 autem
1465 888 1518 907 non
1528 887 1640 915 possum
1656 881 1741 908 armis
1752 888 1831 908 coac-

199 923 355 958 μακαρίσαι
379 924 429 959 μὲν
452 925 507 961 ἔχω
525 926 573 953 τοῦ
587 926 674 955 ταῦτα
689 929 860 964 κεκτημένου
884 929 934 965 τὴν
946 929 967 956 ἐι

1062 931 1098 956 is,
1114 929 1252 960 sumptus.
1269 924 1339 958 Quid
1353 926 1436 960 igitur
1452 926 1570 954 arduum
1588 927 1722 954 actionem
1738 927 1764 954 in
1783 935 1830 954 va-

198 969 302 1001 ουσίαν,
331 970 480 1004 ἀφελέσθαι
506 972 536 999 δὲ
556 974 615 1004 τοῖς
636 973 729 1005 ὅπλοις
753 974 918 1010 βιασάμενος
942 976 966 1003 τὲ

1062 977 1107 996 um
1124 977 1263 998 rumorem
1278 971 1424 1004 adducere,
1440 979 1559 1006 spesque
1572 973 1668 999 inanes
1683 973 1828 1000 reveritum

198 1016 330 1051 χορηγίας
344 1017 375 1044 οὐ
393 1016 521 1052 δύναμαι.
540 1018 573 1045 Τί
596 1018 643 1046 οὖν
664 1019 806 1055 ἀμήχανον
827 1020 927 1057 πρᾶξιν
950 1029 963 1047 ε

1060 1017 1128 1044 tisse
1150 1024 1205 1051 pra:
1221 1017 1326 1045 caeteris
1342 1018 1489 1053 periculis?
1506 1018 1559 1046 Sed
1584 1019 1738 1054 percellunt
1753 1018 1828 1047 (ὗε-ως

197 1061 280 1097 κενὴν
303 1062 469 1097 ἐπαγγελίαν
484 1064 507 1080 ⁶⁴
525 1064 616 1099 ἄγειν,
634 1066 681 1092 καὶ
691 1065 741 1097 τὰς
755 1066 869 1102 ἀδήλους
881 1067 965 1094 ἐλπίδι

1059 1069 1091 1090 os
1107 1061 1263 1098 IEthiopes.
1285 1063 1374 1097 Quare
1385 1065 1397 1091 ?
1410 1064 1550 1099 nigredine
1559 1069 1586 1093 et
1598 1064 1693 1093 formae
1702 1064 1827 1093 diﬂ‘eren-

196 1107 253 1134 τῶν
280 1108 421 1144 προδήλων
451 1110 582 1137 κινδύνων
606 1111 686 1138 πλέον
708 1112 898 1146 εὐλαϐεῖσθαι;
914 1113 964 1141 Ἀλλ

1063 1116 1089 1136 a.
1114 1108 1174 1136 Non
1193 1110 1301 1137 excedit
1315 1111 1446 1145 puerilem
1462 1116 1569 1139 mtatem
1584 1111 1628 1140 hic
1643 1117 1734 1140 metus
1757 1113 1827 1147 apml

196 1155 416 1190 καταπλήξονται
432 1157 496 1189 τοὺς
510 1157 645 1193 Ἕλληνας
662 1158 687 1185 οἱ
701 1158 840 1191 Αἰθίοπες.
857 1160 935 1193 Τίνι;
955 1169 964 1187 1

1060 1161 1161 1184 ostros.
1178 1155 1207 1183 ln
1226 1156 1305 1185 bellis
1325 1164 1390 1184 vero
1407 1157 1657 1193 grandioribusque
1669 1159 1825 1186 contentio-

198 1200 263 1236 [723
274 1201 320 1237 IL]
331 1202 446 1238 μελανία
457 1203 504 1229 καὶ
514 1205 548 1239 τῇ
563 1204 724 1241 παραλλαγῇ
737 1205 788 1240 τῆς
805 1207 920 1241 μορφῆς.
933 1207 966 1233 Ut!

1061 1201 1131 1234 ibus,
1160 1209 1214 1229 non
1247 1202 1316 1230 facie
1340 1208 1388 1230 aut
1413 1203 1515 1236 colore,
1534 1203 1581 1231 sed
1603 1203 1728 1235 audacia,
1752 1209 1780 1231 et
1800 1212 1829 1232 re

197 1246 358 1282 ὑπερϐαίνει
372 1248 422 1283 τὴν
432 1248 480 1275 τοῦ
492 1250 588 1281 παιδὸς
600 1250 710 1284 ἡλικίαν
724 1251 787 1287 παρ’
798 1251 864 1286 ἡμῖν
876 1252 890 1278 ὁ
901 1251 965 1279 τοιοὶ

1060 1246 1151 1273 Iilitari
1163 1254 1207 1275 res
1220 1247 1415 1283 dijudicantur.
1436 1248 1493 1284 Ego
1514 1256 1580 1276 vero
1597 1257 1612 1277 a
1627 1257 1683 1285 quo
1694 1250 1738 1277 die
1749 1257 1828 1278 cons-

196 1302 241 1325 τος
257 1293 349 1328 φόϐος.
372 1295 416 1321 Ἑν
438 1295 467 1322 δέ
486 1297 544 1327 τοῖς
559 1296 688 1332 πολέμοις
705 1298 753 1325 καὶ
768 1299 830 1330 ταῖς
841 1299 863 1314 ⁸⁵
882 1299 964 1333 μείζω

1063 1296 1137 1320 tutus
1151 1301 1212 1321 sum
1228 1298 1303 1322 tutor
1324 1294 1450 1329 corporis
1468 1296 1518 1326 tui,
1530 1302 1592 1321 cum
1606 1295 1716 1330 juvenis
1731 1296 1827 1323 admo-

197 1339 340 1374 διαφοραῖς
366 1341 417 1368 οὐκ
444 1341 505 1376 δψει
533 1342 582 1369 καὶ
605 1342 742 1378 χρώματι,
767 1344 854 1380 τόλμῃ
885 1344 914 1371 δὲ
940 1353 965 1372 at:

1059 1347 1103 1367 um
1120 1347 1207 1373 esses,
1222 1340 1362 1375 totiusque
1383 1341 1470 1375 regni,
1496 1341 1530 1368 ab
1544 1340 1590 1368 illo
1611 1342 1703 1369 statim
1724 1341 1751 1368 in
1769 1349 1827 1368 mn-

200 1387 350 1422 στρατηγίᾳ
372 1386 407 1413 τὰ
427 1388 579 1423 πράγματα
600 1389 733 1424 κρίνεται.
756 1389 827 1425 Ἐγὼ
850 1391 872 1417 δ’
890 1391 937 1426 ἀφ’
954 1389 968 1427 ἦ

1058 1393 1121 1413 num
1148 1393 1192 1414 me
1217 1386 1338 1414 laborem
1356 1387 1474 1422 conieci.
1487 1387 1660 1421 Quemnam?
1679 1387 1716 1415 lis
1729 1387 1776 1423 qui
1800 1388 1826 1415 in

199 1433 308 1468 ἡμέρας
325 1433 342 1468 ἡ
359 1433 427 1469 τύχη
440 1442 474 1469 με
490 1435 658 1471 κατέστησεν
670 1436 817 1472 ἐπίτροπον
832 1437 879 1464 τοῦ
894 1437 967 1473 σῶμα

1059 1432 1176 1467 oluptate
1188 1438 1335 1461 versantur
1348 1441 1501 1469 repugnare
1512 1439 1594 1470 atque
1612 1434 1758 1470 indignari,
1774 1442 1827 1462 non

199 1487 246 1510 τος
261 1479 308 1506 τοῦ
321 1479 376 1510 σοῦ.
396 1480 456 1507 νέου
471 1481 611 1514 παντελῶς
624 1481 710 1515 ὗντος,
724 1483 772 1510 καὶ
788 1483 838 1519 τῆς
857 1484 922 1520 ὅλης
941 1484 967 1520 βο

1058 1480 1184 1507 icultatcs
1199 1480 1246 1507 tibi
1267 1480 1387 1514 primum
1399 1480 1563 1513 auferendo,
1587 1480 1634 1508 sed
1650 1480 1826 1518 imperitiam,

198 1525 311 1557 σιλείας,
326 1525 373 1552 ἀπ’
394 1526 503 1561 ἐκείνης
519 1526 600 1559 εὐθὺς
615 1527 704 1563 μέγαν
718 1528 830 1564 ἐμαυτῷ
842 1530 923 1556 πόνον
937 1530 966 1556 ἐτ

1062 1531 1072 1553 ι
1089 1526 1171 1554 tantis
1188 1525 1267 1553 bonis
1281 1527 1402 1561 prudens
1426 1526 1540 1559 fruaris,
1555 1535 1610 1554 non
1629 1534 1756 1562 peccans.
1771 1527 1828 1556 Hoc

196 1571 293 1598 ἐόαλον
305 1571 338 1599 ⁸⁸.
354 1572 423 1599 Τίνα
437 1572 545 1606 τοῦτονς
564 1574 620 1604 τοῖς
642 1573 712 1609 πρὸς
727 1574 825 1610 ἡδονὴν
847 1575 964 1610 ὁμιλοῦσι

1061 1572 1112 1599 nim
1129 1571 1298 1607 quaerebam,
1311 1572 1398 1608 patris
1414 1577 1512 1601 nactus
1525 1573 1743 1601 benevolentiam
1759 1577 1829 1601 tem-

195 1616 384 1644 ἐναντιοῦσθαι
411 1618 458 1644 καὶ
479 1618 676 1654 δυσχεραίνειν,
701 1619 749 1646 σοῦ
772 1620 882 1656 πρῶτον
903 1621 963 1648 αύτι

1059 1625 1103 1644 ore
1115 1618 1298 1649 conciliatam.
1315 1626 1370 1646 non
1382 1618 1549 1647 adulationis
1560 1619 1715 1647 irrisionem
1730 1627 1827 1655 oppor-

195 1663 426 1698 περιαιρούμενος
448 1664 478 1691 οὐ
500 1665 550 1700 τὴν
571 1664 695 1697 ἐξουσίαν
717 1665 786 1693 ἀλλὰ
798 1667 849 1702 τὴν
863 1666 963 1701 ἄγνοια

1062 1665 1158 1692 ntitate
1169 1670 1317 1693 assuetam.
1335 1665 1402 1693 Novi
1417 1667 1538 1694 enimut
1550 1666 1649 1702 4451)
1665 1672 1729 1694 natu
1745 1675 1827 1702 gran-

195 1710 241 1737 ῐνα
260 1709 316 1736 τῶν
340 1709 476 1737 τοσούτων
497 1710 608 1745 ἀγαθῶν
628 1711 742 1746 φρονῶν·
759 1712 928 1749 ἀπολαύσῃς,
948 1723 963 1748 μ

1058 1711 1110 1744 ior,
1124 1711 1329 1747 nndtarumque
1341 1719 1431 1739 rerum
1443 1712 1639 1747 experientiam
1650 1719 1826 1745 consecutus,

193 1756 398 1792 διαμαρτάνων.
415 1756 501 1783 Τοῦτο
521 1756 576 1792 γὰρ
591 1757 704 1793 ἐζήτουν
724 1758 827 1794 πατρὸς
847 1759 917 1794 ἔχων
939 1759 961 1785 εί

1058 1765 1087 1786 er
1108 1758 1322 1785 assentationem
1346 1765 1406 1792 eos,
1423 1758 1471 1793 qui
1498 1759 1663 1786 excellerent
1684 1759 1826 1794 dignitate,

193 1810 270 1829 νοιαν
291 1802 391 1838 χρόνου
413 1803 624 1838 στοχαζομένην,
651 1804 682 1830 οὐ
707 1804 823 1836 κόλακος
845 1804 961 1840 είρωνείι

1059 1811 1176 1839 agnaque
1191 1804 1273 1831 simul
1288 1804 1413 1832 funditus
1428 1804 1515 1832 deleta
1528 1805 1687 1836 Cassandri.
1702 1805 1827 1840 Lysima-

193 1848 283 1884 καιρῷ
295 1848 524 1884 προσομιλοῦσαν.
535 1849 616 1885 [1555
627 1849 673 1886 R.]
683 1847 749 1877 Οῐδα
761 1850 826 1886 γὰρ,
835 1851 961 1886 πρεσϐύτι

1058 1850 1093 1882 hi,
1121 1853 1148 1877 et
1175 1850 1333 1884 Alexandri,
1357 1855 1432 1878 tanta
1454 1858 1517 1878 cum
1535 1851 1649 1885 fuerint,
1674 1850 1826 1883 Medorum,

198 1902 241 1928 ρος
250 1894 288 1920 ὢν
303 1894 350 1921 καὶ
361 1894 467 1921 πολλῶν
478 1894 609 1930 ἔμπειρος
625 1894 745 1929 γεγονὼς
755 1896 966 1930 πραγμάτων,δι

1059 1902 1180 1930 yrorum,
1198 1899 1226 1922 et
1245 1894 1391 1923 Persarum
1417 1905 1424 1923 :
1448 1900 1478 1923 ut
1492 1903 1583 1931 neque
1597 1895 1706 1931 generis
1723 1896 1827 1923 semina

194 1941 257 1970 τοὺς
269 1939 404 1967 θωπεύειν
414 1940 646 1976 ἐπιϐεϐλημένους
656 1941 719 1972 τοὺς
731 1941 759 1967 ἐν
769 1942 828 1973 ταῖς
838 1941 962 1977 ὑπεροχα

1059 1941 1209 1976 aliquerint,
1226 1949 1281 1969 non
1306 1941 1366 1969 sine
1382 1949 1478 1970 causa.
1493 1941 1601 1970 Juvene
1616 1941 1689 1969 enim
1703 1949 1751 1976 per
1761 1946 1827 1969 aeta-

193 1985 242 2012 καὶ
261 1986 312 2017 τὰς
326 1985 459 2021 μεγίστας
476 1985 616 2021 βασιλείας
631 1985 715 2021 ἄρδην
729 1986 916 2022 ἀνῃρημένας,
935 1987 961 2014 τί

1058 1994 1092 2014 :m
1105 1994 1196 2014 rerum
1211 1987 1350 2022 imperito,
1364 1987 1464 2015 celebri
1481 1995 1545 2015 vero
1563 1988 1590 2015 in
1604 1987 1736 2023 peccatis,
1757 1988 1826 2015 nihil

193 2031 366 2066 Κασάνδρου,
389 2031 440 2066 τὴν
462 2031 633 2066 Λυσιμάχου.
650 2031 698 2066 τὴν
717 2031 892 2068 Ἀλεξάνδρου
910 2033 959 2068 τηλ

1057 2040 1127 2068 eque
1148 2033 1302 2068 promptius
1323 2032 1357 2060 ad
1382 2033 1500 2068 lapsum,
1524 2041 1612 2068 neque
1632 2032 1825 2068 periculosius.

192 2076 297 2112 καύτην
309 2075 403 2109 οὖσαν,
418 2077 467 2113 τὴν
486 2078 597 2113 Μήδων,
613 2078 662 2113 τὴν
674 2078 778 2113 Σύρων,
793 2078 842 2114 τήν
861 2079 958 2115 Περσῶ

1061 2078 1190 2105 lexander
1205 2078 1288 2113 igitur
1306 2078 1392 2105 armis
1408 2078 1537 2110 invictus,
1556 2078 1584 2105 in
1601 2078 1663 2105 vitae
1677 2082 1826 2105 consuetu-

192 2123 263 2149 ὥστε
278 2123 345 2159 μηδέ
358 2123 471 2159 σπέρμα
486 2123 698 2158 καταλελεῖφθαι
713 2125 735 2140 ⁵⁷
748 2124 796 2151 τοῦ
811 2125 916 2159 γένους.
927 2126 960 2152 Oi

1057 2125 1100 2152 ine
1126 2123 1178 2152 fuit
1201 2124 1358 2152 inﬁrmior:
1387 2123 1546 2151 laudatione
1570 2123 1642 2151 enim
1659 2127 1757 2158 captus
1772 2128 1824 2155 est,

191 2168 316 2203 ἀλόγως·
336 2170 397 2196 νέου
423 2171 478 2205 γὰρ
497 2170 583 2197 πολλὰ
605 2171 654 2205 μὲν
681 2170 843 2205 ἀγνοοῦντος
867 2171 912 2198 διὰ
934 2172 959 2198 τ’]

1057 2171 1244 2207 ppellatnsque
1260 2170 1378 2205 Jupiter.
1395 2178 1448 2198 non
1469 2178 1500 2198 se
1519 2169 1694 2200 subsannari.
1713 2169 1761 2197 sed
1776 2169 1825 2197 ho-

191 2215 313 2250 ἡλικίαν,
330 2216 527 2252 εύλογουμένου
545 2215 574 2242 δὲ
591 2216 638 2243 ἐπὶ
654 2217 711 2248 τοῖς
725 2217 924 2253 ἁμαρτήμασιν
936 2218 959 2244 oi

1059 2218 1128 2245 arari
1150 2217 1339 2245 existimabat.
1361 2216 1496 2251 Expetitis
1519 2216 1554 2244 iis
1575 2223 1636 2251 quae
1651 2216 1711 2244 ﬁeri
1727 2216 1827 2250 nequi-

189 2260 236 2287 διν
264 2261 472 2298 σφαλερώτερον
499 2262 560 2289 οὐδὲ
587 2262 831 2296 ἐπικινδυνότερον.
862 2262 891 2289 '0
917 2263 957 2297 γοὶ

690 2262 831 2296 ἱυνότερον.
862 2262 891 2289 '0
917 2263 983 2297 γοῦν
1036 2267 1142 2295 verant,
1159 2267 1264 2290 naturae
1278 2262 1328 2290 fuit
1345 2263 1458 2292 oblitus.

195 2307 385 2343 Ἀλέξανδρος,
401 2309 536 2344 ἀήττητος
549 2307 587 2335 ῶν
601 2309 631 2335 ἐν
659 2309 717 2340 τοῖς
746 2308 851 2340 ὅπλοις,
878 2308 1076 2342 ἀσθενέστατος
1104 2307 1139 2346 ἢν
1168 2311 1198 2336 ἐν
1219 2310 1280 2341 ταῖς
1305 2309 1445 2343 ὁμιλίαις·
1473 2308 1601 2344 ἡλίσκετο
1615 2308 1671 2344 γὰρ
1695 2308 1748 2335 ὑπὸ
1769 2308 1827 2336 τῶν

190 2355 322 2388 ἐπαίνων,
338 2356 386 2382 καὶ
401 2356 469 2388 Ζεὺς
483 2356 651 2391 καλούμενος
670 2356 701 2382 οὺ
724 2355 904 2391 χλευάζεσθαι
926 2356 1052 2392 ἐνόμιζεν
1084 2357 1154 2384 ἀλλὰ
1189 2357 1333 2392 τιμᾶσθαι,
1349 2356 1404 2382 τῶν
1423 2355 1473 2391 μὲν
1490 2354 1632 2382 ἀδυνάτων
1668 2354 1823 2390 ἐπιθυμῶν,

188 2401 241 2436 τῆς
253 2401 282 2428 δὲ
295 2401 404 2436 φύσεως
420 2401 641 2438 ἐπιλελησμένος.

228 2448 314 2476 Ὀταν
333 2449 348 2475 ὁ
367 2448 533 2484 δημαγωγὸς
556 2449 613 2480 τοῖς
631 2447 738 2480 πολλοῖς
756 2447 926 2482 διαλέγηται,
944 2448 982 2484 μὴ

1069 2446 1184 2481 Quando
1200 2452 1293 2475 orator
1311 2453 1372 2473 cnm
1388 2446 1489 2481 populo
1509 2445 1650 2479 disseruit,
1667 2453 1722 2474 non
1742 2446 1824 2483 amici

188 2496 241 2531 τὴν
254 2495 301 2522 τοῦ
313 2495 390 2530 φίλου
407 2495 486 2528 τάξιν
500 2494 723 2530 ὑποστησάμενος
738 2493 806 2521 ἀλλὰ
817 2494 866 2529 τὴν
879 2494 927 2521 τοῦ
939 2503 955 2521 κ

1055 2493 1081 2521 ad
1096 2492 1247 2520 adulatoria
1261 2499 1406 2527 personam
1421 2491 1573 2524 sustinens,
1600 2491 1687 2526 plebis
1703 2490 1823 2527 impetus

188 2542 285 2574 λακος,
302 2542 319 2577 ἡ
338 2541 392 2568 τῶν
408 2541 494 2577 δχλων
521 2541 593 2576 ὁρμὴ
620 2540 771 2576 βεὸαιωτὴν
792 2539 913 2567 λαϐοῦσα
934 2539 956 2567 τί

1054 2539 1234 2572 onsiliarium,
1262 2539 1309 2574 qui
1332 2539 1359 2565 in
1375 2543 1488 2573 peccato
1511 2538 1689 2566 conﬁrmaret
1714 2543 1822 2571 nactus,

188 2587 329 2623 ἁμαρτίας
354 2587 400 2614 τὸν
423 2587 574 2622 σύμὸουλον
592 2585 725 2621 ἀνέτρεψε
746 2585 797 2622 τὴν
816 2585 905 2613 πόλιν.
927 2586 954 2612 Ἐ

1055 2586 1127 2613 rbem
1141 2585 1249 2613 evertit.
1274 2585 1402 2613 Imminet
1418 2584 1491 2613 enim
1505 2584 1680 2612 adversarius
1702 2592 1758 2611 non
1777 2592 1823 2611 reo

189 2634 309 2668 σήκπτει
323 2633 378 2668 γὰρ
393 2634 408 2660 ὁ
427 2633 522 2668 μῶμος
534 2633 564 2659 οὐ
580 2632 652 2659 κατὰ
667 2632 722 2658 τῶν
741 2631 875 2658 ὑπαιτίων
891 2632 956 2667 μόνο

1053 2637 1152 2665 mtutn,
1168 2632 1215 2660 sed
1231 2636 1259 2660 et
1272 2632 1315 2663 iis,
1337 2632 1469 2660 adversus
1484 2638 1555 2666 quos
1571 2631 1674 2659 invidia
1691 2630 1742 2665 ipsi
1762 2631 1821 2658 adi-

188 2679 259 2706 ὰλλὰ
273 2680 321 2707 καὶ
336 2677 377 2712 οἷς
395 2678 429 2706 ἃν
447 2680 461 2705 ό
476 2679 572 2714 φθόνος
588 2678 664 2715 αὺτῷ
687 2678 737 2715 τὴν
752 2677 846 2713 ἔφοδον
869 2677 956 2713 προοδι

1052 2685 1092 2704 im
1126 2677 1280 2705 adornavit.
1305 2676 1353 2704 Vel
1382 2680 1527 2705 accusator
1551 2676 1624 2704 enim
1651 2675 1737 2702 vincit
1765 2683 1820 2703 non

824 2754 942 2783 VARIE
963 2754 1170 2785 LECTIONES.

255 2828 278 2843 θ’
305 2825 507 2863 προλαμϐάνων
531 2826 568 2863 Α.
630 2827 652 2843 ⁸³
679 2827 708 2855 οὗ
736 2826 796 2863 τοῦ]
807 2825 890 2855 αὑτοῦ
920 2827 951 2854 Α.
1000 2826 1022 2843 ⁸⁵
1045 2825 1217 2861 ἀπαγγελίαν
1227 2824 1260 2854 Α.
1312 2826 1334 2842 ⁸⁵
1350 2827 1415 2857 ταῖς
1435 2832 1490 2853 om.
1507 2826 1539 2852 Α.
1591 2822 1777 2854 ⁸⁸ὲπέσαλλον
1790 2833 1825 2858 ς.

187 2864 211 2880 ⁸⁷
232 2860 378 2900 σπέρματα
393 2860 609 2897 καταλειφθῆναι
626 2870 655 2894 ς.
