1945 3073
143 129 181 162 23
725 128 854 159 ΡΗΟΤΙ]
872 127 927 158 ΡΑ⁷

981 127 1125 158 [ARCH/E
1144 129 1198 159 CP.
1740 127 1776 160 ‘24

145 187 229 216 modo
253 196 373 221 reorum,
398 188 447 216 sed
478 188 560 216 etiam
585 187 723 214 interdum
748 186 927 222 potentiorum

985 186 1138 219 ποιήσαιτο.
1173 185 1208 212 Ἦ
1226 186 1248 201 ³⁵
1278 186 1375 222 κρατεί
1401 186 1455 220 γὰρ
1488 186 1503 212 ὁ
1528 185 1626 222 μῶμος
1657 186 1687 213 οὗ
1720 187 1773 214 τῶν

146 235 345 263 accusationes.
376 234 524 269 Pestqtmm
555 233 657 261 invidia
684 233 769 260 telum
805 232 934 260 acerbum

145 282 250 317 jaciens
270 282 405 316 persuasit
416 288 471 309 non
487 288 548 309 esse
562 288 595 308 eo
609 280 722 315 dignum
735 278 854 307 facinus.

185 413 304 442 Utuntur
317 419 345 441 et
358 414 501 450 Etliiopes
519 415 547 442 in
568 415 672 443 bellicis
690 415 822 451 periculis
837 415 934 451 ingen-

142 459 218 487 tibus
235 459 307 493 teiis,
322 460 451 488 brevibus
461 468 527 488 vero
541 460 658 495 jaculis;
675 461 702 488 in
717 468 828 495 summa
847 468 932 489 arun-

142 506 216 534 dinis
231 512 308 541 parte
323 513 373 541 pro
388 507 461 535 ferro
482 508 629 543 oblongum
650 507 735 543 figura
751 508 866 542 lapidem
881 515 934 543 pos

143 556 224 584 nunt,
240 551 352 581 funibus
367 554 547 582 constrictum
560 575 568 587 ,
583 558 696 582 acutum
710 562 791 590 supra
807 555 931 588 modum,

142 599 256 627 venenis
269 606 335 627 vero
348 600 499 629 mortiferis
512 601 639 629 tinctum.

179 688 352 724 Ptolemaus,
377 691 425 724 ait,
450 691 483 719 ad
507 691 608 720 bellum
635 697 730 721 contra
748 692 891 729 Ethiopes
914 701 931 721 e

142 734 247 763 Gracia
258 736 422 772 quingentos
445 738 552 772 equites
572 739 747 774 conscripsit.
766 740 804 768 De
826 740 869 768 bis
884 740 932 776 qui

143 779 172 806 in
187 779 274 814 prima
296 781 354 808 acie
369 783 503 810 versaturi
525 788 613 816 erant,
642 788 670 812 et
700 791 797 819 agmen
810 784 931 819 ducturi,

142 832 259 854 numero
275 832 395 861 centum,
415 835 462 856 eos
477 829 663 864 singularibus
683 831 814 859 instruxit
833 832 929 860 amis.

143 870 254 900 Name:
265 873 331 907 ipsis
344 878 371 901 et
385 874 465 909 equis
476 880 565 903 vestes
577 876 609 904 ad
624 877 687 911 pilci
700 877 812 905 modum
826 879 930 906 consti-
946 866 968 895 Β

142 922 232 952 putas,
247 926 315 953 quas
332 927 408 947 casas
428 920 455 947 in
470 921 581 955 regione
606 922 651 949 illa
668 928 778 956 vocant,
793 924 929 958 attribuit,

142 969 171 991 ut
189 969 275 992 totum
290 970 388 1000 praeter
403 967 498 994 oculos
513 972 706 1003 contegeretur
721 977 833 1005 corpus.

188 1067 231 1094 Ex
243 1067 310 1095 libro
323 1069 415 1103 quinto
429 1069 644 1105 Agat/xarchidis,
659 1072 692 1100 de
704 1075 774 1101 mari
790 1073 889 1103 Rubro.

176 1146 242 1175 Cn.
263 1147 330 1174 Vlll.
347 1163 383 1170 -
400 1148 525 1185 Plerique
547 1151 630 1179 etiam
657 1152 832 1186 politlcorum
857 1156 929 1183 viro-

139 1200 202 1220 rum
228 1201 261 1220 ac
286 1198 428 1229 poetarum
456 1196 626 1232 dubitarunt,
652 1199 791 1233 quomodo
816 1208 931 1229 summa

140 1240 322 1274 quorumdam
339 1241 509 1270 calamitates
533 1243 566 1270 iis
579 1245 625 1279 qui
642 1249 719 1273 extra
736 1247 856 1280 perientia
873 1255 931 1282 po-

140 1285 187 1313 siti
203 1291 275 1317 suat.
293 1287 420 1315 decenter
430 1289 588 1318 nuntianda:
605 1290 659 1318 sint
676 1300 683 1318 :
701 1299 816 1326 quorum
833 1294 930 1322 modus

139 1337 195 1357 non
217 1329 298 1358 facile
314 1331 419 1368 'Msa
448 1333 613 1367 inclarescit,
645 1336 698 1363 nisi
730 1337 833 1373 aliquis
861 1347 931 1374 pren-

139 1378 273 1405 struxerit
284 1386 395 1406 causam
414 1380 448 1407 iis
463 1388 525 1416 quae
537 1382 697 1416 aperiuntur
708 1385 927 1413 convenientem.

142 1420 291 1457 Olynthum
309 1428 337 1451 et
354 1423 463 1452 Thebas
478 1426 575 1460 oppida
596 1427 651 1454 duo
673 1428 758 1460 clara,
787 1429 928 1465 Philippus

139 1471 168 1494 et
189 1466 343 1495 Alexander
369 1469 539 1503 diripientes,
569 1471 629 1498 solo
654 1479 808 1507 aequarunt.
849 1473 928 1507 Quod

138 1510 242 1538 malum
268 1519 329 1538 cum
352 1517 450 1546 praeter
474 1520 549 1548 spem
572 1515 714 1548 acciderit.
740 1524 868 1553 magnum
894 1519 928 1546 de

138 1556 256 1591 imperio
275 1557 367 1584 multis
393 1558 476 1586 etiam
511 1559 614 1588 Grzecis
637 1566 768 1589 terrorem
799 1564 926 1597 incussit,

140 1601 290 1636 multisque
306 1603 465 1632 oratoribus
482 1603 591 1632 dicendi
606 1607 749 1634 materiam
766 1610 928 1644 suppedita-

138 1646 188 1679 vit,
216 1652 245 1674 ut
262 1647 431 1676 calamitates
450 1651 559 1684 proprie
581 1652 768 1679 ostenderent.
789 1654 844 1680 Alii
862 1662 928 1690 ergo

139 1698 168 1721 ut
181 1694 344 1722 videbantur
361 1702 442 1730 super
458 1695 510 1724 hac
522 1705 550 1724 re
561 1698 707 1733 allegorice
720 1708 752 1728 ac
770 1701 853 1730 variis
866 1703 927 1731 dia-

139 1739 218 1769 lectis
235 1739 344 1768 abunde
362 1740 500 1775 dixerunt,
518 1742 566 1770 alii
583 1751 647 1770 vero
661 1745 849 1774 vehementius
863 1756 928 1775 con-

138 1790 218 1812 sueto
239 1793 326 1817 more.
354 1786 520 1822 proprieque
545 1788 618 1823 loqui
647 1790 728 1818 rebus
756 1792 850 1820 arduis
872 1802 926 1821 non

139 1829 387 1866 subterfugiebant.
419 1830 569 1868 Utriusque
596 1834 644 1861 tibi
671 1837 778 1870 generis
803 1839 927 1873 exempla

137 1875 286 1911 proferam,
305 1881 334 1904 ut
357 1877 461 1904 formas
477 1885 492 1905 e
514 1881 723 1913 comparatione
745 1889 924 1917 cogitescens,

138 1923 192 1950 utri
207 1923 306 1951 melius
330 1928 379 1950 aut
399 1923 520 1952 deterius
543 1925 646 1960 dicant,
678 1932 724 1956 tuo
742 1927 847 1963 judicio
869 1931 927 1959 col-

136 1969 215 2005 ligas.

172 2060 304 2097 Hegesias
316 2062 426 2097 quidem
445 2063 617 2091 eversionem
634 2065 743 2092 urbium
764 2073 836 2102 saepe
849 2075 926 2095 com-

137 2115 294 2136 memorans
305 2108 383 2136 exilis
391 2113 450 2137 est:
464 2110 563 2138 nolens
577 2111 650 2138 enim
665 2116 787 2146 tempore
803 2114 926 2149 singula-

135 2153 185 2180 tim
202 2161 355 2192 recensere,
376 2155 491 2184 studens
504 2163 568 2184 vero
590 2158 748 2185 necessario
770 2159 797 2185 in
817 2160 925 2187 acerbis

135 2197 255 2232 leporem
271 2198 385 2226 nimium
405 2199 546 2231 adhibere.
566 2202 609 2227 sui
631 2202 784 2236 argumenti
807 2211 919 2238 scopum

134 2245 304 2280 aliquantum
327 2247 493 2282 assequitur,
516 2248 564 2276 sed
582 2255 636 2275 non
661 2256 710 2283 pro
725 2249 763 2276 rei
778 2250 921 2286 dignitate,

134 2292 366 2327 quemadmodum
393 2294 419 2321 in
450 2295 508 2322 suis
538 2295 711 2322 orationibus
737 2297 922 2325 convincitur.

133 2337 220 2372 Quale
228 2338 294 2367 illud
305 2348 312 2366 :
324 2338 394 2366 Urbe
405 2339 499 2367 relicta
510 2348 604 2367 nomen
613 2341 815 2375 acquisit‘imus.
827 2343 924 2379 Specui

134 2384 217 2421 igitur
230 2385 301 2413 hoc:
315 2385 486 2414 aﬂ'ectionem
507 2394 679 2422 nequaquam
694 2393 795 2419 movet.
815 2390 863 2417 sed
887 2391 925 2418 si-

133 2430 337 2465 gniﬁcasionem
357 2432 465 2459 tacitam
487 2431 580 2466 infert,
598 2439 626 2461 et
646 2433 672 2460 in
690 2434 761 2462 dictu
781 2435 923 2470 inquirere

133 2478 217 2514 cogis.
232 2477 285 2506 Ubi
304 2478 379 2507 enim
403 2479 610 2514 ambiguitatem
624 2482 766 2509 sententiae
781 2482 867 2515 videt,
885 2482 923 2510 ibi

133 2523 168 2551 de
193 2524 329 2553 sermonis
352 2526 487 2560 gravitate
508 2527 625 2556 remisit.
643 2526 756 2560 Quare?
783 2528 847 2563 quia
880 2528 924 2556 di-

136 2573 211 2597 ctum
238 2570 311 2598 clare
334 2571 533 2606 perspiciendo,
549 2573 634 2600 animi
649 2581 817 2602 consensum
832 2574 926 2609 depre-

135 2615 255 2644 hendere
268 2615 344 2644 licet.
356 2617 512 2651 Postposita
529 2626 595 2646 vero
609 2620 815 2654 perspicuitate,
835 2627 924 2655 neque

132 2659 176 2690 vis
200 2665 249 2689 aut
277 2662 410 2697 splendor
436 2664 528 2692 verbis
542 2665 655 2692 subesse
676 2669 776 2699 potest.
797 2663 867 2692 Hinc
890 2665 924 2692 de

986 230 1120 258 ὑπαιτίων
1151 231 1232 266 μόνον
1246 231 1279 263 ⁶⁹,
1304 231 1363 258 ἀλλ’
1389 230 1446 258 ἔσθ’
1469 231 1514 258 ὅτε
1544 231 1592 258 καὶ
1622 231 1676 257 τῶν
1708 231 1772 258 ἐπι-

986 277 1177 313 κρατεστέρων
1199 277 1298 310 αἰτίας,
1319 277 1430 305 ἐπειδὰν
1452 278 1469 305 ὁ
1488 277 1586 311 φθόνος
1616 277 1714 312 π.κρὸν
1743 277 1774 304 τὸ

985 323 1061 359 βέλος
1088 324 1167 358 ἀφεὶς
1183 324 1438 360 προκατειργάσατο
1464 323 1510 350 τὸν
1531 324 1582 350 οὐκ
1599 323 1672 356 ἄξιον
1694 323 1774 350 τοῦτο

985 371 1140 398 πείσεσθαι.

1019 417 1146 453 Χρῶνται
1159 417 1188 443 δὲ
1205 417 1251 444 ἐπὶ
1264 416 1319 444 τῶν
1337 416 1469 444 κινδύνων
1481 417 1536 444 τῶν
1553 416 1708 451 πολεμικῶν
1724 416 1772 442 Αἰ-

984 463 1078 495 θίοπες
1102 464 1159 495 τοῖς
1185 463 1235 498 μὲν
1254 462 1343 496 τόξοις
1367 463 1506 498 μεγάλοις,
1526 462 1640 498 βραχέσι
1663 462 1693 488 δὲ
1715 462 1772 493 τοῖς

983 509 1083 541 ὀιστοῖς
1094 517 1101 524 ·
1113 509 1162 536 ἐπὶ
1171 509 1200 536 δὲ
1214 509 1266 544 τῆς
1279 509 1367 545 ἄκρας
1376 508 1422 536 τοῦ
1435 509 1559 543 καλάμου
1573 507 1699 543 κερκίδος
1711 507 1772 534 ἀντὶ

982 555 1031 583 τοῦ
1043 555 1152 591 σιδήρου
1163 555 1333 591 παραμήκης
1343 554 1382 590 τῷ
1391 555 1469 590 τύπῳ
1480 553 1553 586 λίθος
1566 553 1770 588 ἀνεπήρικται,

983 601 1089 637 νεύροις
1104 601 1279 636 ἐσφιγμένος,
1292 601 1356 634 ὀξὺς
1374 600 1424 636 μὲν
1440 600 1591 636 ὑπερὸολῇ,
1612 598 1770 634 φαρμάκοις

981 648 1012 675 δὲ
1024 647 1186 683 θανασίμοις
1196 647 1382 684 βεὸαμμένος.

1020 695 1081 721 ὀτι
1104 694 1282 728 Πτολεμαῖος,
1297 693 1390 729 φησὶν,
1410 693 1451 726 εἰς
1473 693 1520 719 τὸν
1539 692 1612 720 κατὰ
1633 690 1772 718 Αἰθιόπων

983 739 1101 775 πόλεμον
1123 738 1178 766 ἀπὸ
1197 740 1248 775 τῇς
1268 738 1392 770 Ἑλλάδος
1415 737 1611 769 πεντακοσίους
1631 735 1771 768 συνέλεξεν

983 786 1088 819 ἰππεῖς,
1113 781 1151 812 ὧν
1173 785 1230 817 τοῖς
1253 784 1472 819 προκινδυνεύειν
1492 783 1619 820 μέλλουσι
1639 782 1686 809 καὶ
1703 781 1771 809 καθ-

981 831 1153 868 ηγουμένοις,
1165 831 1196 858 τὸ
1211 830 1313 866 πλῆθος
1325 828 1400 857 οὖσιν
1414 830 1521 863 ἑκατὸν,
1539 827 1675 864 ὁπλισμοῦ
1690 836 1769 863 περι-

982 878 1064 914 ἔθηκε
1075 878 1176 914 τρόπον
1186 885 1194 893 ·
1212 877 1309 909 στολὰς
1323 877 1377 913 γὰρ
1394 877 1487 908 αὐτοῖς
1500 885 1529 903 τε
1542 876 1590 903 καὶ
1606 876 1662 907 τοῖς
1676 875 1770 905 ἵπποις

980 924 1101 952 ἀνέδωκε
1123 924 1250 960 πιλητάς,
1275 923 1309 956 ἃς
1334 924 1359 950 οἱ
1385 924 1456 951 κατὰ
1481 923 1532 958 τὴν
1547 922 1640 958 χώραν
1660 921 1770 956 ἐκείνην

982 970 1218 1006 προσαγορεύουσι
1230 970 1339 1004 πάσας,
1348 970 1420 997 ὥστε
1435 969 1490 997 πᾶν
1500 969 1633 1005 κρύπτειν
1646 967 1676 994 τὺ
1686 967 1767 1002 σῶμα

981 1016 1052 1053 πλὴν
1065 1016 1120 1044 τῶν
1134 1016 1292 1052 ὀφθαλμῶν.

981 1074 1047 1107 1724
1060 1073 1107 1110 H.]
1129 1073 1181 1100 Ἐκ
1193 1073 1257 1110 τῆς
1281 1072 1542 1110 έ-Ἀτναθαρχίδου
1559 1071 1694 1106 ἱστορίας
1713 1069 1768 1104 τῆς

1134 1109 1201 1143 περὶ
1214 1109 1273 1142 τὴν
1287 1107 1434 1143 Ἐρυθρὰν
1453 1107 1627 1136 θάλασσαν.

1018 1156 1079 1183 ’Ὁτι
1093 1156 1196 1189 πολλοὶ,
1208 1155 1288 1191 φησὶ,
1302 1155 1350 1182 καὶ
1363 1154 1418 1181 τῶν
1435 1153 1583 1181 πολιτικῶν
1596 1152 1701 1189 ἀνδρῶν
1724 1150 1772 1179 καὶ

980 1203 1035 1230 τῶν
1047 1202 1152 1238 ποίημα
1163 1201 1344 1238 γεγραφότων
1356 1201 1542 1236 διηπορήκασι
1556 1199 1615 1231 πῶς
1626 1198 1675 1230 τὰς
1687 1198 1771 1233 ὑπερ-

981 1248 1130 1279 ϐαλλούσας
1142 1248 1166 1264 ⁷ο
1185 1247 1269 1278 ὲνίοις
1285 1245 1420 1282 ἁκληρίας
1438 1245 1484 1272 τὸν
1500 1244 1578 1276 ἐκτὸς
1603 1243 1659 1270 τῶν
1679 1242 1770 1270 κινδύ.

980 1304 1032 1323 νων
1043 1295 1168 1330 κείμενον
1181 1293 1342 1329 πρεπόντως
1355 1291 1533 1327 ὲξαγγελτέον
1543 1299 1550 1306 ο
1562 1287 1601 1317 ὧν
1609 1289 1623 1316 ὀ
1632 1289 1732 1325 τρόπος
1739 1288 1769 1316 οὑ

980 1342 1039 1369 λίαν
1060 1341 1157 1375 γένοιτ’
1174 1339 1208 1367 ἂν
1231 1338 1366 1375 ἐμφανὴς,
1387 1338 1413 1364 εί
1437 1338 1474 1374 μή
1494 1346 1538 1369 τις
1559 1335 1716 1368 ὑποτάξαι-ε’
1735 1335 1769 1361 άν

979 1387 1124 1414 ἀκόλουθον
1132 1385 1222 1413 αἰτίαν
1230 1386 1251 1401 ⁷¹
1264 1387 1321 1417 τοῖς
1329 1383 1570 1421 ὲμφανιζομένοις.
1583 1381 1712 1410 Ὄλυνθον
1722 1382 1770 1408 καὶ

979 1433 1070 1469 Θήϐας
1082 1433 1128 1459 δύο
1141 1432 1234 1463 πόλεις
1245 1430 1367 1463 ἐνδόξους
1390 1429 1562 1465 Ἀλέξανδρος
1578 1428 1625 1455 καὶ
1637 1427 1770 1458 Φίλιππος

978 1479 1177 1514 διαρπάσαντες
1198 1477 1324 1505 καθεῖλον
1340 1477 1381 1508 εἰς
1398 1476 1506 1511 ἔδαφος.
1523 1474 1560 1502 Τὸ
1572 1474 1601 1502 δὲ
1617 1474 1705 1501 δεινὸν
1722 1473 1769 1500 τοῦ

980 1524 1200 1556 συντελεσθέντος
1213 1523 1276 1559 παρ’
1289 1522 1386 1550 ἐλπίδα
1401 1520 1557 1557 προσπεσὸν
1572 1521 1620 1547 καὶ
1633 1520 1687 1546 τῶν
1707 1519 1769 1547 Ἐλ-

978 1570 1068 1604 λήνων
1089 1568 1194 1601 πολλοῖς
1211 1568 1331 1603 ἁγωνίαν
1345 1567 1410 1603 περὶ
1426 1566 1481 1594 τῶν
1492 1566 1560 1593 ὅλων
1578 1564 1701 1601 μεγάλην
1718 1564 1768 1591 ἐπ-

979 1615 1103 1650 έστησεν,
1123 1615 1170 1641 καὶ
1190 1614 1244 1640 τῶν
1261 1614 1384 1650 ρητόρων
1401 1612 1450 1639 οὐκ
1470 1612 1571 1646 ὀλίγοις
1593 1611 1673 1645 λόγου
1697 1619 1768 1646 παρ-

978 1662 1058 1697 έσχεν
1073 1661 1201 1697 ἀφορμὴν
1222 1661 1262 1692 εἰς
1283 1661 1314 1688 τὸ
1330 1659 1450 1695 δηλῶσαι
1464 1658 1500 1686 τὰ
1514 1657 1700 1694 πεπραγμένα
1720 1657 1768 1684 τοῦ

978 1707 1083 1740 πάθους
1094 1707 1214 1739 οἰκείως.
1229 1706 1379 1742 Εἰρήκασιν
1396 1705 1443 1732 οὖν
1456 1705 1521 1740 περὶ
1535 1704 1631 1731 τούτου
1639 1703 1686 1730 τοῦ
1699 1704 1769 1739 πρά-

977 1761 1083 1788 γματος
1102 1752 1178 1779 ἄλλοι
1202 1752 1253 1787 μὲν
1270 1750 1459 1786 ἁλληγορικῶς
1479 1750 1517 1785 τῷ
1537 1749 1631 1785 τρόπῳ
1648 1748 1695 1775 καλ⁹
1709 1749 1768 1779 ταῖς

976 1798 1138 1831 διαλέκτοις,
1153 1797 1192 1830 ὠς
1208 1796 1328 1829 δοκοῦσι,
1346 1795 1494 1831 περιττῶς,
1510 1796 1535 1822 οἰ
1550 1795 1573 1822 δ’
1589 1793 1768 1830 ὲμὸριθέστευ

978 1853 1036 1881 ρον,
1051 1844 1086 1871 τὰ
1100 1843 1204 1879 συνήθη
1221 1843 1269 1870 καὶ
1287 1843 1337 1874 τὰς
1356 1842 1531 1879 κυριολογίας
1553 1841 1582 1867 ἐν
1601 1841 1658 1872 τοῖς
1671 1841 1767 1870 δεινοῖς

976 1892 1007 1919 οὐ
1020 1891 1197 1925 πεφευγότες.
1217 1889 1363 1925 Ἐκατέρου
1377 1889 1406 1915 δέ
1424 1896 1465 1915 σοι
1481 1886 1664 1925 προοισόμεθα
1677 1894 1769 1921 παρα-

976 1937 1111 1973 δείγματα
1122 1937 1227 1971 γένους,
1244 1936 1288 1962 ἵνα
1298 1935 1361 1967 τοὺς
1374 1934 1552 1970 χαρακτῆρας
1567 1934 1599 1960 εκ
1609 1931 1767 1968 παραϐολῆς

975 1983 1076 2011 ἐπιδὼν
1090 1984 1114 2000 ’³
1131 1983 1194 2015 τοὺς
1208 1983 1319 2018 ἄμεινον
1345 1982 1392 2009 καὶ
1409 1980 1563 2008 τούναντίον
1579 1979 1707 2010 εἰπόντας
1723 1978 1767 2004 ἐπ’

975 2031 1071 2062 αὐταῖς
1081 2029 1166 2066 εὕρῃς
1182 2030 1204 2046 ⁷⁸
1219 2031 1279 2061 ταῖς
1291 2028 1477 2064 δοκιμασίαις.

1013 2075 1095 2112 [1556
1104 2075 1151 2112 3.]
1165 2075 1299 2109 Ἡγησίας
1313 2075 1362 2110 μὲν
1370 2071 1417 2101 οὖν
1429 2072 1559 2104 πολλάκις
1570 2072 1621 2106 τῆς
1631 2070 1767 2102 ἀπωλείας

976 2120 1153 2156 μεμνημένος
1173 2120 1228 2146 τῶν
1248 2118 1353 2146 πόλεων
1374 2117 1486 2154 εὐτελής
1507 2119 1590 2145 ἐστιν.
1612 2116 1642 2144 Ὀ
1659 2116 1714 2152 γὰρ
1730 2115 1768 2151 μὴ

976 2166 1061 2194 θέλων
1074 2167 1130 2197 τοῖς
1146 2165 1252 2201 καιροῖς
1265 2164 1374 2195 οἰκείως
1387 2163 1571 2198 διαλέγεσθαι,
1587 2162 1679 2198 ζητῶν
1693 2162 1721 2188 δὲ
1738 2161 1769 2193 ἐξ

935 2225 962 2256 D
975 2212 1097 2247 ἀνάγκης
1121 2211 1150 2238 ὲν
1171 2209 1302 2246 αὐστηρῷ
1322 2209 1466 2245 πράγματι
1484 2209 1644 2245 κομψότητα
1658 2208 1768 2256 διαιραί-

974 2267 1040 2289 νειν,
1053 2257 1098 2284 τοῦ
1114 2258 1164 2293 μὲν
1181 2256 1246 2284 ἰδίου
1256 2256 1417 2293 ζηλώματος
1431 2257 1456 2273 ⁷⁸
1468 2256 1514 2284 ἐπὶ
1529 2256 1612 2283 ποσὸν
1624 2254 1765 2290 τυγχάνει,

973 2303 1023 2336 τῆς
1036 2302 1066 2329 δὲ
1076 2302 1131 2328 τῶν
1140 2302 1333 2338 ὑποκειμένων
1343 2302 1422 2335 ἀξίας
1432 2302 1464 2329 οὺ
1475 2300 1637 2336 στοχάζεται
1646 2308 1653 2315 ⁸
1670 2299 1746 2326 ὥσπε
1750 2307 1766 2334 ρ

973 2345 1051 2379 οὗτος
1069 2348 1098 2374 ὲν
1116 2348 1173 2379 τοῖς
1197 2347 1281 2375 αὑτοῦ
1303 2348 1429 2383 φωρᾶται
1451 2347 1550 2382 λόγοις.
1573 2343 1636 2373 Οἷον
1651 2345 1768 2378 ὀνομα

974 2392 1187 2428 κατελάϐομεν,
1198 2394 1289 2421 πόλιν
1308 2393 1538 2425 καταλιπόντες.
1551 2392 1651 2419 Σκόπει
1665 2391 1765 2418 τοίνυν.

975 2438 1061 2466 Τοῦτο
1075 2439 1161 2471 πάθος
1177 2440 1227 2475 μὲν
1244 2440 1372 2475 οὐδαμῶς
1387 2440 1471 2471 ποιεῖ,
1487 2438 1555 2466 ἀλλὰ
1569 2439 1681 2473 συνάγει
1696 2438 1766 2474 πρὸς

974 2485 1024 2521 τὴν
1039 2485 1159 2520 ἔμφασιν
1170 2486 1218 2513 καὶ
1232 2487 1304 2513 ποιεῖ
1314 2486 1406 2521 ζητεῖν
1417 2485 1444 2512 τί
1457 2485 1541 2519 λέγει.
1556 2482 1594 2513 Οὗ
1606 2485 1661 2521 γὰρ
1677 2486 1711 2513 ἄν
1725 2495 1767 2518 τις

974 2533 1007 2567 τῇ
1028 2531 1126 2567 γνώμῃ
1150 2531 1299 2567 δισταγμὸν
1320 2531 1514 2567 ἐνεργάσηται,
1540 2532 1631 2558 ἐκεῖσε
1651 2532 1705 2558 ἀπὸ
1719 2531 1767 2558 τοῦ

974 2578 1054 2612 λόγου
1070 2578 1101 2604 τὸ
1116 2577 1202 2605 δεινὸν
1217 2577 1318 2612 ἀφῆκε.
1334 2577 1384 2604 Διὰ
1400 2577 1427 2602 τί
1438 2585 1446 2610 ;
1462 2576 1525 2603 ὀτι
1545 2577 1576 2603 τὺ
1589 2577 1672 2612 ῥηθὲν
1686 2578 1715 2604 ὲν
1728 2576 1767 2611 τῷ

975 2623 1070 2657 σαφῶς
1087 2623 1189 2657 γνῶναι
1204 2621 1253 2649 καὶ
1263 2623 1312 2657 τὴν
1326 2622 1499 2657 συμπάθειαν
1515 2623 1574 2650 ἐστι
1589 2622 1680 2651 λαϐεῖν
1691 2630 1697 2637 ·
1714 2623 1728 2648 ό
1743 2622 1766 2648 δ’

978 2667 1131 2703 ὑστερήσας
1150 2667 1198 2694 τοῦ
1222 2666 1325 2701 σαφοῦς
1356 2667 1551 2695 ἀπολέλειπται
1574 2668 1621 2694 καὶ
1645 2666 1694 2701 τῆς
1719 2667 1765 2693 εν-

767 2763 884 2793 νΑιυΕ
900 2765 1106 2795 LECTIONES.

193 2823 216 2840 ⁸⁸
234 2823 264 2859 ἢ]
282 2823 328 2851 καὶ
345 2824 431 2855 ἄλλως
447 2833 499 2859 mg.
519 2824 552 2851 A.
605 2823 627 2840 ’θ
645 2825 731 2859 μόνων
747 2825 778 2852 Α.

828 2826 850 2841 "°
868 2826 1073 2860 ύπερὸαλούσας
1088 2837 1119 2860 ς.

1171 2827 1191 2843 ⁷ί
1207 2826 1298 2854 αἰτίαν
1312 2826 1461 2856 ἀκόλουθον
1473 2836 1503 2859 ς.
1541 2825 1562 2842 ⁷³
1577 2823 1688 2861 ἐπιδὼν]
1703 2825 1750 2853 ἐπὶ

136 2859 274 2895 τεσσάρων
290 2861 322 2888 Α.
361 2860 383 2877 ⁷³
397 2860 479 2896 εὕρῃς
497 2860 515 2886 Β
533 2869 539 2888 ;
553 2859 644 2896 εὖροες
658 2868 687 2892 τ.
726 2861 748 2877 ⁷⁸
761 2860 932 2899 ζηλώματος]
946 2859 1104 2899 δηλώματοέ
1117 2864 1139 2890 Λ
1155 2872 1163 2891 :
1183 2862 1340 2899 ζητήματος
1356 2871 1386 2896 ς·-
