1945 3073
131 113 166 147 25

132 169 288 206 αργείαςπ.
315 167 381 196 Εἶτα
402 170 494 204 ὅμοιον
519 169 585 205 περὶ
604 169 731 205 θηϐαίων
760 170 837 205 φησὶ,
870 169 925 196 Τὸν

132 216 320 252 τὰρμέτιοντα
330 215 514 250 φωνήσοντα
527 216 621 242 τόπον
638 215 758 250 ἄφωνον
769 216 788 249 ἡ
803 222 920 250 συμφο-

129 261 169 295 ρὰ
182 261 336 295 πεποίηκε.
351 260 436 288 Πάλιν
451 261 496 287 ἐπ’
508 260 665 293 Ὀλυνθίων,
680 261 731 288 Ἐκ
737 260 923 295 μυριάνδρου

134 308 247 340 πόλεως
271 306 415 341 ἐξῆλθον,
442 306 637 341 ἐπιστραφεὶς
659 306 685 334 δ’
711 306 808 334 οὐκέτ’
830 306 923 335 εἶδον.

139 353 259 388 Ἐζὴτεις
271 353 294 369 ⁷⁸
307 353 336 380 δὲ
350 353 395 386 τίς
418 352 449 379 τὺ
469 353 518 388 μὲν
533 353 588 388 γὰρ
605 353 698 389 ῥηθὲν,
718 353 771 380 ὑπὸ
794 353 924 389 τοιαύτην

134 398 251 433 ἔμφασιν
267 397 426 431 πεπτωκὸς,
442 398 619 433 πεπλάνηκεν
629 398 709 434 ὴμῶν
722 398 777 426 ἀπὸ
789 398 836 426 τοῦ
853 408 923 435 προ-

135 444 261 480 κειμένου
291 445 342 480 τὴν
373 444 498 480 γνώμην.
528 446 575 472 Δεῖ
602 444 631 472 δὲ
660 445 707 473 τὸν
736 444 924 482 οῑκτιζόμενον

135 491 236 526 ἀφέντα
264 491 329 523 τοὺς
355 491 532 527 ἀστεϊσμοὺς,
552 491 583 518 τὸ
599 492 717 526 πρᾶγμα
737 491 881 527 σημαίνειν
902 487 925 526 ᾧ

134 538 272 565 (ιίκειωται
293 537 324 565 τὸ
351 537 449 569 πάθος,
472 539 496 564 εί
521 537 614 574 μέλλοι
625 538 649 554 ⁷⁷
669 537 708 573 μὴ
721 539 754 573 τῇ
775 538 847 571 λέξει
867 538 926 566 δια-

136 584 258 618 κοσμεῖν,
274 583 344 610 ἀλλὰ
358 583 397 619 τῷ
412 584 463 617 τῆς
475 584 617 620 συμφορᾶς
628 584 709 619 αἰτίῳ
722 583 925 620 προσεδρεύειν.

140 629 211 658 Ἀλλ’
223 629 268 664 ἐφ’
284 630 379 665 ἓτερον
400 629 480 658 ίτέον.

168 675 361 710 Ἀλέξανδρε,
376 675 426 703 καὶ
440 675 464 691 ⁷⁸
479 674 533 702 τὸν
546 674 778 710 Ἐπαμινώνδαν
788 674 925 710 νόμισον,

136 720 249 755 ὁρῶντα
268 720 305 748 τὰ
317 721 449 755 λείψανα
463 720 518 754 τῆς
539 721 665 754 πόλεως,
685 721 822 754 παρόντα
843 729 890 755 μοι
903 719 927 736 ⁷⁸

136 767 352 794 συνικετεύειν.
361 766 472 802 Δί’τημα
484 765 534 801 μὲν
544 766 725 801 μειρακιῶδες
734 766 780 792 καὶ
787 765 928 801 μεταφορὰ

138 815 252 850 σκληρὰ,
277 815 309 842 τὸ
333 815 362 842 δὲ
387 815 551 851 σκυθρωπὸν
572 816 622 851 τῆς
644 814 771 850 πράξεως
795 813 926 850 ἄρρητον.

139 863 217 890 Ἄλλο
235 871 244 879 ·
268 862 418 897 Βασιλικῇ
432 863 527 897 μανίᾳ
543 862 608 899 [725
635 862 670 898 Η]
691 863 928 897 προσπταίσασα

137 910 222 943 πόλις
241 909 406 944 τραγῳδίας
429 909 616 943 ἐλεεινοτέρα
640 909 756 944 γέγονε.
779 908 852 944 Πρὸς
873 909 928 935 πᾶν

140 956 237 990 μᾶλλον
253 956 270 991 ἢ
287 955 318 982 τὸ
334 955 456 990 καθῆκον
472 957 588 991 σοφιστῇ
602 955 771 991 ἡτοιμάσθαι
791 955 927 990 φαίνεται,

137 1001 196 1028 ὅθεν
211 1002 235 1018 ⁸⁸
251 1002 284 1028 οὐ
300 1001 362 1028 λίαν
385 1001 499 1028 ἅπτεται
525 1001 571 1028 τοῦ
590 1001 792 1038 προκειμένου·
810 999 929 1036 χαλεπὸν

138 1047 188 1082 γὰρ
201 1044 279 1082 οἶμαι
293 1046 421 1082 χαλεποῖς
432 1045 593 1082 πράγμασιν
606 1046 779 1082 μωκωμένην
789 1045 929 1072 διάλεκτον

138 1092 296 1128 ἐφορᾶσθαι.
324 1091 424 1120 Ἀλλο·
445 1092 475 1119 Tl
496 1091 544 1119 δεῖ
563 1091 666 1126 λέγειν
686 1091 860 1123 Ὀλυνθίους
879 1090 930 1119 καί

139 1140 295 1175 θηϐαίους,
313 1136 363 1167 οἷα
378 1138 455 1166 κατὰ
473 1138 582 1171 πόλεις
596 1137 803 1170 ἀποθανόντες
818 1137 929 1163 πεπόν-

139 1186 236 1217 θασιν;
247 1184 361 1220 Ἕτερον
370 1183 560 1219 παραπλήσιον
572 1182 718 1213 κολακείας
731 1182 781 1208 οὑκ
796 1181 920 1216 εὐσχήμο

139 1239 183 1262 νος
206 1231 253 1258 καὶ
281 1230 411 1265 εὐηθείας
426 1229 575 1265 ἐχόμενον·
601 1228 726 1262 Ὅμοιον
749 1227 928 1260 πεποίηκας,

144 1277 333 1311 Ἀλέξανδρε,
347 1275 446 1309 Θήϐας
459 1274 670 1308 κατασκάψας,
682 1274 722 1306 ὡς
736 1272 774 1300 ἂν
782 1273 808 1300 sl
820 1274 836 1300 ό
851 1273 926 1306 Ζεὺς

138 1323 171 1350 ἐκ
191 1323 247 1358 τῆς
265 1324 329 1350 κατ’
342 1322 474 1357 οὐρανὸν
485 1321 608 1357 μερίδος
623 1320 746 1347 ἐκϐάλοι
763 1319 821 1353 τὴν
836 1319 930 1354 σελή-

139 1378 206 1403 νην.
223 1369 439 1404 ’Υπολείπομαι
452 1369 507 1403 γὰρ
526 1366 580 1394 τὸν
594 1367 684 1400 ἣλιον
697 1366 762 1399 ταῖς
778 1365 928 1399 Ἀθήναις.

141 1415 198 1442 Δύο
213 1415 267 1450 γὰρ
285 1413 371 1442 αὗται
385 1415 490 1446 πόλεις
504 1412 558 1448 τῆς
576 1412 724 1445 Ἑλλάδος
739 1410 820 1447 ἦσαν
833 1412 928 1446 ὄψεις.

140 1460 190 1487 Διὸ
204 1460 226 1476 ⁸⁸
242 1460 366 1494 καὶπερὶ
382 1459 439 1494 τῆς
458 1459 560 1493 ἑτέρας
574 1457 690 1494 ἀγωνιῶ
702 1458 762 1485 νῦν
770 1458 803 1484 ⁸³.
826 1457 857 1484 '0
872 1457 931 1492 μὲν

139 1506 194 1542 γὰρ
215 1504 259 1540 εἷς
276 1506 375 1534 αὐτῶν
395 1506 552 1541 ὀφθαλμὸς
575 1506 595 1539 ἡ
615 1504 674 1531 τῶν
694 1504 828 1538 Θηϐαιων
848 1503 931 1531 ἐκκέ-

138 1563 245 1581 κοπται
257 1554 281 1570 ⁸⁸
294 1554 393 1586 πόλις.
416 1553 494 1588 Ἐμοὶ
510 1552 561 1587 μὲν
577 1549 624 1579 οὖν
637 1550 777 1578 σκώπτειν
788 1551 802 1577 ὁ
817 1551 840 1567 ³⁸
853 1559 930 1585 σοφι-

140 1600 203 1635 στὴς
215 1600 289 1627 δοκεῖ
308 1600 352 1627 διὰ
366 1599 482 1631 τούτων,
496 1600 547 1625 οὐκ
561 1597 742 1633 ὀλοφύρεσθαι
755 1597 811 1624 τῶν
826 1597 932 1624 πόλεων

139 1646 185 1681 τὴν
200 1646 297 1682 τύχην,
313 1646 362 1673 καὶ
380 1647 492 1675 σκοπεῖν
508 1645 567 1676 πῶς
581 1645 615 1672 ἂν
629 1645 745 1680 τάχιστα
765 1643 932 1678 συγκόψαιτο

138 1692 181 1718 τὸν
200 1692 292 1726 λόγον,
310 1692 342 1718 οὐ
358 1691 418 1723 πῶς
428 1692 452 1707 ⁸⁵
467 1691 497 1718 τὸ
511 1691 597 1723 πάθος
615 1690 668 1717 ὑπὸ
682 1690 731 1726 τὴν
746 1690 807 1725 ὄψιν
832 1689 932 1724 ἀγάγοι

138 1735 180 1763 διὰ
190 1736 240 1771 τῆς
256 1737 415 1771 ἐναργείας.
427 1736 537 1772 Ἕτερον
549 1736 643 1770 ὅμοιον
655 1744 663 1752 ο
681 1736 716 1763 Al
732 1735 766 1762 δὲ
780 1736 886 1768 πόλεις
902 1736 932 1762 αἱ

139 1784 273 1817 πλησίον
288 1783 414 1810 ἔκλαιον
434 1782 493 1816 τὴν
512 1783 613 1815 πόλιν,
630 1782 740 1817 ὁρῶσαι
755 1782 813 1816 τὴν
829 1783 933 1816 πρότε-

136 1836 193 1862 ρον
206 1826 309 1856 οὖσαν
327 1828 425 1856 οὐκέτ’
440 1827 549 1856 οὖσαν.
566 1828 599 1855 Εἰ
611 1837 652 1861 τις
666 1826 712 1855 οὖν
733 1830 789 1860 τοῖς
803 1828 933 1863 Θηϐαίοις

138 1874 184 1900 καὶ
213 1876 271 1907 τοῖς
298 1874 447 1906 Ὀλυνθίοις
473 1874 539 1910 παρ’
564 1873 650 1910 αὐτὴν
676 1874 727 1910 τὴν
751 1874 852 1901 ἆλωσιν
881 1874 931 1906 τὰς

139 1920 280 1954 περιόδους
292 1920 397 1952 ταύτας
413 1920 612 1956 συναχθόμενος
625 1920 648 1936 ⁸⁸
661 1920 748 1954 ἔλεγε,
761 1919 886 1947 δοκοῦσιν
900 1920 933 1947 ἄν

139 1973 183 1999 μοι
203 1966 322 1999 γελάσαι
343 1966 390 1993 τὸν
410 1966 555 2002 γράψαντα
574 1966 622 1993 καὶ
640 1967 742 2001 τρόπον
760 1967 821 1993 τινὰ
843 1966 934 1993 αὐτῶν

138 2010 285 2040 ὑπολαϐεῖν
312 2012 489 2047 ἀθλιώτερον.
515 2012 613 2039 Ἀλλου
630 2012 653 2027 ⁸⁷
672 2011 768 2046 γένους
787 2011 932 2046 ἁψώμεθα,

136 2057 180 2084 τὸν
192 2059 278 2086 αὑτὸν
295 2058 446 2094 ἡγούμενοι
463 2059 595 2094 σοφιστήν
606 2065 613 2073 ·
637 2057 742 2084 Δεινὸν
758 2056 816 2091 τὴν
834 2055 935 2091 χώραν

137 2103 274 2139 ἄσπορον
301 2102 380 2132 εῖναι
409 2105 467 2140 τὴν
487 2105 560 2138 τοὺς
587 2103 742 2138 σπαρτοὺς
770 2103 933 2131 τεκοῦσαν.

142 2149 210 2176 Ἀλλ’
221 2151 274 2187 οὐχ
288 2150 378 2183 οὕτως
393 2151 406 2177 ὁ
417 2150 602 2186 Δημοσθένης,
614 2146 645 2177 οὗ
661 2149 710 2186 τὴν
728 2149 843 2185 γνώμην
858 2146 935 2181 οὗτος

138 2194 182 2221 ἐπὶ
201 2197 235 2222 τὺ
252 2198 347 2232 χεῖρον
362 2196 497 2231 μετέθηκε
508 2203 516 2211 ⁸
530 2196 631 2231 γράφει
647 2195 772 2222 δὲδεινὸν
787 2194 936 2230 μηλόϐοτον

138 2242 267 2272 γενέσθαι
281 2242 332 2277 τὴν
346 2242 483 2277 Ἀττικὴν,
493 2242 510 2278 ἢ
520 2241 618 2276 πρώτη
631 2242 687 2273 τοῖς
700 2241 789 2273 ἄλλοις
803 2241 936 2277 ἐξήνεγκε

140 2287 181 2313 τὸν
191 2288 302 2323 ἥμερον
313 2288 431 2320 καρπόν,
452 2287 482 2315 '0
496 2288 524 2314 δὲ
537 2288 627 2323 φήσας
637 2287 723 2314 δεινὸν
736 2286 805 2314 εἶναι
819 2287 868 2322 τὴν
883 2288 937 2323 γῆν

138 2332 257 2369 ἄσπορον
288 2334 418 2368 γενέσθαι
432 2333 456 2350 ⁸⁵
472 2333 522 2369 τὴν
540 2334 607 2365 τοὺς
632 2333 771 2368 σπαρτοὺς
791 2333 935 2366 τεκοῦσαν,

137 2378 169 2405 ἐκ
178 2379 234 2406 τῶν
249 2380 397 2415 ὀνομάτων
408 2380 457 2416 τὴν
469 2380 627 2407 ἐναντίωσιν
644 2379 768 2415 εἴληφεν,
785 2380 835 2406 οὐκ
847 2381 879 2406 ὲκ
887 2379 937 2406 τοῦ

137 2425 315 2460 πράγματος.
338 2426 385 2453 Διὸ
409 2427 457 2453 καὶ
475 2425 635 2462 ψυχρότητα
659 2427 778 2461 ἐσχάτην
798 2425 935 2461 ἐμφαίνει,

139 2469 217 2506 [1537
235 2472 286 2509 R.]
301 2472 397 2509 ὥσπερ
408 2474 456 2501 καὶ
470 2473 659 2509 Ἐρμησιάνας
674 2473 698 2489 ⁸⁸
713 2473 726 2498 ὁ
747 2472 798 2508 τὴν
820 2472 937 2506 ’Δθῆναν

137 2518 321 2554 ἐγκωμιάσας
337 2519 435 2553 οὕτως,
448 2520 503 2548 Ἕκ
512 2520 568 2555 γὰρ
577 2518 662 2552 τῆς-’⁸
675 2519 729 2546 τοῦ
737 2519 805 2552 Διὸς
818 2527 939 2554 γεγενηο

135 2564 210 2599 μένῃ
223 2565 366 2601 κεφαλῆς
378 2567 497 2600 εἰκότως
509 2566 571 2601 ἕχει
588 2564 644 2600 τῆς
664 2564 856 2600 εὐδαιμονίας
868 2565 901 2592 τὸ
914 2565 936 2581 ⁹¹

689 114 954 146 BIBLIOTHECA.
965 127 1000 134 ·-
1016 115 1097 147 COD.
1120 118 1200 150 CCL.

939 173 964 200 Α
978 170 1116 201 Thebanis
1135 172 1169 200 ad
1192 173 1319 201 eumdem
1346 174 1458 202 modum
1481 174 1616 210 loquitur:
1649 177 1766 207 Maxime

974 217 1044 244 enim
1058 217 1146 245 locum
1167 218 1340 252 clamantem,
1360 224 1462 247 mutum
1477 221 1618 248 calamitas
1635 223 1765 250 reddidit.

975 263 1094 291 Rursum
1110 264 1143 292 de
1160 263 1316 300 Olynthiis:
1339 265 1404 293 Veni
1416 275 1449 293 ea:
1458 267 1521 294 urbe
1537 267 1709 302 Myriandro,
1725 278 1768 297 re—

973 317 1062 337 uersus
1082 319 1135 337 non
1151 311 1266 347 amplius
1290 311 1364 339 uidi:
1381 314 1482 348 qumris
1501 314 1652 349 quidnam?
1678 314 1767 350 Ipsum

974 357 1047 383 enim
1069 356 1172 385 dictum
1187 359 1341 393 emphasim
1366 359 1519 395 requirens,
1541 361 1567 387 in
1581 368 1701 388 errorem
1717 370 1769 389 no-

974 407 1060 429 strum
1079 402 1214 437 judicium
1242 404 1329 432 duxit.
1352 404 1432 432 Decet
1450 405 1522 432 enim
1541 406 1715 433 miserantem
1735 407 1769 434 ab

976 449 1107 477 asteismo
1129 450 1277 484 abstinere,
1306 458 1363 479 rem
1387 451 1531 486 designare
1548 460 1609 486 qua:
1631 452 1769 480 aﬂ‘ectionl

975 497 1085 532 propria
1108 501 1161 530 est,
1187 497 1210 524 si
1235 497 1356 525 dictione
1376 502 1524 526 oruaturus
1552 498 1599 531 sit,
1622 499 1669 526 sed
1697 499 1771 527 cala-

977 542 1082 571 mitatis
1109 550 1201 572 causae
1220 542 1384 571 serviturus.
1407 542 1460 571 Sed
1483 543 1520 571 ad
1538 543 1592 571 alia
1616 544 1769 579 proceden-

978 588 1055 616 dum.

1013 677 1036 704 0
1052 677 1213 712 Alexander,
1233 677 1446 713 Epaminondam
1466 679 1592 707 existima
1621 680 1768 714 conspectis

978 724 1050 751 urbis
1073 723 1203 759 reliquiis,
1227 730 1381 759 prwsentem
1413 734 1464 752 non
1481 727 1657 761 eomprecari.
1681 728 1770 755 Accu-

979 770 1049 797 satio
1062 770 1173 804 quidem
1186 771 1328 806 juvenilis,
1345 777 1373 800 et
1386 772 1484 808 M61;
1502 772 1570 800 dura
1587 773 1729 800 translatio
1744 778 1772 800 et

981 817 1067 845 tristis
1079 817 1196 845 actionis
1210 823 1338 852 aspectus
1351 818 1407 846 dici
1421 826 1476 846 non
1487 824 1587 854 potest.
1605 819 1684 846 Aliud
1698 828 1705 846 :
1723 819 1773 847 Re-

979 864 1024 900 gia
1046 864 1152 891 insania
1173 864 1237 891 urbe
1259 873 1360 897 euersa,
1388 865 1569 892 miserandum
1586 867 1670 900 magis
1692 874 1771 901 quam

980 911 1111 945 lragtedia
1132 910 1312 945 spectaculum
1338 911 1430 938 dedit:
1456 912 1490 938 ad
1519 912 1636 946 quodvis
1669 912 1771 946 potius,

979 963 1062 991 quam
1078 956 1197 983 rhetoris
1221 963 1324 984 munus
1347 960 1441 992 aptum
1461 957 1579 990 videtur,
1604 958 1674 984 nihil
1694 957 1773 984 valde

979 1003 1012 1030 ad
1030 1010 1087 1030 rem
1102 1002 1242 1037 pertinens
1258 1002 1376 1039 attingit.
1395 1002 1507 1030 Diliicile
1526 1003 1599 1042 enim
1615 1007 1681 1038 puto
1697 1003 1769 1030 dilli-

979 1048 1089 1076 cillimis
1103 1048 1185 1076 rebus
1205 1048 1351 1076 ridiculum
1368 1048 1577 1077 accommodare
1605 1056 1769 1076 sermonem.

981 1094 1083 1121 Aliud:
1109 1093 1180 1127 Quid
1212 1095 1308 1121 attinet
1338 1102 1545 1121 commemorare
1578 1094 1719 1130 Olynthios
1746 1099 1773 1122 et

981 1139 1129 1172 Thebanos,
1145 1148 1205 1175 qua:
1214 1148 1261 1174 per
1273 1139 1395 1175 singulas
1409 1139 1486 1167 urbes
1499 1141 1640 1168 morientes
1656 1141 1772 1176 perpessi

979 1190 1040 1212 sunt
1051 1185 1064 1212 .9
1073 1185 1154 1212 Aliud
1168 1185 1258 1213 simile
1269 1185 1437 1213 adulationis
1451 1193 1506 1213 non
1518 1186 1651 1220 pulchrae,
1666 1192 1693 1213 et
1706 1186 1773 1213 sim-

979 1231 1127 1266 plicitatem
1146 1231 1250 1259 habens
1267 1240 1273 1258 :
1287 1230 1380 1258 Simile
1399 1232 1475 1266 quid,
1492 1231 1654 1265 Alexander,
1669 1232 1769 1266 fecisti,

982 1276 1084 1304 Thebas
1112 1285 1173 1304 cum
1193 1278 1332 1310 diruisses,
1347 1286 1378 1305 ac
1393 1279 1416 1305 si
1439 1277 1546 1313 Jupiter
1564 1286 1597 1305 ea:
1611 1279 1702 1314 aliqua
1714 1280 1773 1307 οωιὶ

979 1328 1055 1358 parte
1069 1323 1161 1350 lunam
1189 1324 1352 1352 sustulisset.
1372 1324 1503 1359 Relinque
1518 1325 1588 1352 enim
1604 1325 1711 1352 Athenis
1728 1334 1772 1352 so—

982 1369 1053 1396 lent:
1073 1369 1133 1396 dum
1150 1369 1220 1396 enim
1233 1370 1275 1396 tua
1294 1370 1414 1398 ciuitates
1436 1370 1547 1398 Gracia:
1562 1376 1622 1397 sunt
1639 1371 1725 1403 ocelli,
1749 1377 1773 1398 et

981 1413 1034 1439 duo
1048 1413 1080 1440 de
1099 1413 1184 1440 altera
1201 1413 1350 1442 certabant.
1378 1415 1453 1441 Alter
1466 1415 1536 1442 enim
1555 1415 1660 1442 evulsus
1681 1415 1774 1442 oculus

981 1465 1030 1491 est,
1049 1459 1155 1486 Tltebw.
1174 1459 1239 1486 Mihi
1254 1460 1364 1495 quidem
1385 1461 1474 1495 jocari
1499 1461 1621 1495 sophista
1642 1462 1717 1489 hisce
1733 1462 1774 1489 vi-

983 1504 1073 1535 detur,
1096 1511 1149 1530 non
1173 1503 1316 1539 deplorare
1339 1504 1416 1531 urbis
1450 1503 1599 1537 fortunam,
1621 1510 1647 1531 et
1671 1505 1775 1538 videre,

985 1549 1124 1585 quomodo
1136 1549 1300 1577 brevissime
1315 1558 1471 1578 sermonem
1487 1550 1649 1578 abscindat:
1667 1556 1695 1578 et
1705 1558 1775 1585 quoo

985 1595 1067 1622 modo
1081 1595 1132 1623 sub
1152 1600 1292 1630 aspectum
1318 1595 1502 1633 calamitatem
1521 1595 1604 1622 ducat
1624 1595 1776 1630 perspicui-

987 1645 1041 1668 tate
1056 1641 1202 1669 sermonis.
1216 1641 1297 1668 Aliud
1313 1641 1378 1676 quid
1395 1641 1505 1669 simile:
1525 1640 1608 1668 Urbes
1622 1641 1714 1668 vicinae
1730 1649 1776 1668 ae-

985 1687 1083 1722 ﬂebunt
1099 1687 1201 1720 urbem,
1217 1695 1275 1722 qua,
1297 1688 1370 1722 prior
1391 1687 1624 1721 [uisset,uidentes
1642 1688 1703 1722 jam
1723 1696 1777 1714 non

985 1740 1050 1759 esse.
1076 1731 1105 1759 Si
1130 1732 1192 1767 quis
1217 1732 1300 1767 igitur
1314 1731 1453 1760 Thebanis
1485 1739 1532 1760 aut
1552 1732 1689 1769 Olynthiis
1725 1734 1778 1760 sub

985 1777 1072 1813 ipsam
1084 1778 1252 1805 eversionem
1273 1778 1429 1813 hujusmodi
1449 1779 1576 1813 periodos
1591 1780 1718 1806 collectas
1735 1787 1777 1806 τοίη

986 1824 1110 1857 citasset,
1138 1824 1296 1852 viderentur
1318 1825 1385 1852 mihi
1405 1825 1567 1860 scriptorem
1593 1825 1723 1856 derisuri.
1749 1831 1777 1852 et

986 1871 1190 1906 quodammodo
1198 1871 1369 1899 miseriorem
1382 1871 1449 1906 ipsis
1460 1872 1658 1899 existimatum
1678 1871 1776 1898 luisse.

986 1917 1067 1946 Aliud
1094 1925 1180 1952 genus
1211 1917 1388 1952 attingemus,
1418 1918 1470 1945 rati
1488 1917 1576 1952 ipsum
1604 1917 1775 1952 sophistam:

987 1964 1083 1996 Grave,
1098 1964 1232 1998 regionem
1251 1963 1368 1991 sterilem
1393 1971 1459 1995 esse,
1474 1972 1532 1999 qua:
1556 1968 1630 1991 satas
1655 1963 1773 1990 homines

986 2011 1087 2047 genuit.
1106 2010 1160 2038 Sed
1180 2017 1233 2037 non
1251 2010 1291 2037 sic
1314 2009 1520 2042 Domesthenes,
1541 2009 1622 2044 cujus
1647 2010 1693 2036 ille
1714 2017 1778 2037 seu-

988 2057 1102 2085 tentiam
1124 2056 1288 2084 deteriorem
1313 2056 1411 2084 reddit.
1428 2056 1531 2083 Scribit
1547 2056 1620 2083 enim
1658 2056 1777 2082 Atticam

987 2102 1080 2129 ovium
1104 2101 1161 2129 ﬁeri
1181 2109 1322 2136 pascuum,
1344 2108 1405 2129 esse
1415 2109 1507 2136 grave,
1537 2107 1598 2134 qum
1611 2100 1700 2135 prima
1716 2106 1781 2127 ante

988 2149 1056 2176 alias
1069 2149 1184 2176 sativum
1201 2147 1327 2183 producit
1344 2147 1474 2175 fructum.
1486 2147 1531 2174 Ille
1543 2154 1609 2174 vero
1622 2147 1687 2174 dum
1710 2147 1780 2176 dixit

951 2208 975 2238 ο
989 2203 1070 2230 grave
1084 2202 1155 2228 esse,
1168 2199 1269 2222 terram
1284 2193 1458 2222 infecundam
1475 2201 1545 2225 esse,
1562 2201 1623 2228 quae
1642 2197 1716 2221 satos
1727 2194 1779 2221 ho~

987 2242 1076 2269 mines
1088 2241 1257 2276 produxerit,
1270 2249 1286 2268 e
1301 2241 1391 2268 verbis
1402 2241 1550 2276 pugnantia
1569 2240 1662 2273 sumit,
1680 2249 1733 2268 non
1745 2249 1779 2268 ex

988 2295 1027 2314 re.
1041 2286 1111 2314 llinc
1129 2290 1157 2314 et
1178 2286 1352 2322 frigiditatem
1376 2294 1511 2313 summam
1524 2286 1654 2314 ostendit.
1678 2287 1780 2319 Quem-

987 2332 1135 2360 admodum
1171 2332 1350 2360 Ermesianax
1376 2332 1422 2367 qui
1451 2332 1490 2359 sic
1527 2333 1649 2359 Athenas
1686 2332 1780 2359 lauda-

987 2381 1027 2407 vit
1050 2388 1058 2407 :
1087 2379 1131 2407 Ea:
1153 2379 1228 2407 lovis
1251 2380 1320 2407 enim
1337 2380 1423 2414 capite
1448 2384 1590 2415 prognata,
1608 2381 1702 2407 merito
1727 2380 1780 2407 tale

989 2426 1066 2453 habet
1085 2431 1164 2459 caput
1180 2426 1328 2461 felicitatis.
1346 2425 1380 2453 Et
1404 2434 1411 2453 :
1429 2426 1494 2460 Quis
1510 2427 1593 2460 possit
1614 2426 1678 2461 Cyri
1694 2426 1779 2453 dona-

992 2472 1088 2499 tionem
1106 2471 1210 2507 ἄκυρον
1223 2471 1338 2506 (nomini
1350 2471 1410 2506 ejus
1429 2479 1483 2498 non
1499 2471 1720 2506 respondentem)
1734 2471 1780 2505 [a-

993 2517 1118 2546 cere?Et
1140 2518 1229 2545 simile
1250 2516 1318 2544 hoc:
1336 2516 1400 2544 Hau:
1422 2517 1464 2544 via
1479 2517 1609 2551 quomodo
1630 2516 1701 2543 inuia
1726 2519 1776 2547 est,

991 2564 1034 2590 via
1057 2563 1220 2598 adjacente?
1240 2561 1317 2590 Talia
1335 2562 1427 2590 omnia
1453 2562 1554 2597 (inquit
1569 2560 1778 2597 Agatarchides)

794 2631 913 2661 VARUS
934 2629 1140 2660 LECTlONES.

171 2704 195 2722 "'
207 2703 355 2739 ἐνεργείας
372 2712 429 2738 mg.
453 2704 478 2721 '"
496 2704 609 2739 ἐζήτουν
621 2704 652 2731 A.
691 2704 714 2720 "
729 2703 822 2739 μέλλοι
839 2704 859 2729 Α
876 2710 884 2730 :
898 2702 995 2739 μέλλον
1011 2711 1042 2739 ς.
1076 2701 1104 2739 λ⁷⁸
1119 2701 1166 2739 καὶ
1182 2700 1245 2739 add.
1335 2701 1357 2717 ⁷³
1372 2709 1420 2739 μοι
1493 2700 1577 2739 μὴμς.
1616 2700 1639 2716 ³ο
1653 2699 1777 2739 φαίνεται

138 2738 197 2766 ὅθεν
212 2739 236 2766 A
251 2738 261 2766 έ
277 2739 363 2773 φάναι
379 2740 455 2766 οὐδὲν
475 2748 505 2771 ς.
539 2738 564 2755 ⁷⁸¹
579 2740 620 2766 διὸ
636 2739 657 2766 Β
669 2748 679 2768 :
696 2738 742 2766 δύο
757 2748 788 2772 ς.
834 2739 857 2753 ¹¹’

140 2774 160 2810 Α
172 2783 179 2788 ·
195 2775 246 2801 καὶ
260 2774 276 2810 ᾤ
293 2782 324 2806 ς’.
362 2774 386 2791 ⁸⁸
402 2775 433 2800 οὒ
447 2774 516 2810 πῶς]
535 2774 656 2810 ὅπως

139 2844 152 2869 ὁ
169 2851 226 2872 om.
241 2846 276 2871 A.
319 2844 342 2861 ’°
354 2845 404 2881 τῆς
421 2853 476 2874 om.
492 2847 524 2873 A.
563 2845 584 2861 "
601 2844 631 2871 τὸ
647 2849 708 2880 post
721 2846 767 2872 καὶ
779 2844 841 2873 add.
862 2844 896 2872 A.

874 2735 987 2772 ἀγωνιῶ
1001 2737 1048 2765 νῦν
1069 2737 1091 2764 Α
1106 2746 1113 2764 :
1133 2736 1256 2771 ἀγωνιῶν
1271 2735 1304 2772 ᾖν
1320 2745 1350 2768 ς.

705 2774 728 2790 ⁸⁸
743 2773 946 2809 συναχθομένας

139 2809 161 2824 ⁸⁸
174 2809 311 2842 γενέσθαι
332 2817 386 2836 om.
403 2809 434 2836 Β.
459 2806 596 2844 σπαρτοὺς
616 2809 636 2835 Β
655 2814 682 2836 et
695 2817 768 2837 corr.
784 2806 827 2836 A'E
844 2806 968 2843 καρποὺς
980 2817 1010 2841 ς.
1048 2808 1072 2824 ⁸³
1092 2806 1279 2844 Ἑρμησιάναξ

1399 2736 1422 2752 ⁸³
1440 2735 1641 2762 ὲκκεκόλαπται
1653 2737 1687 2762 Α.
1725 2735 1747 2751 ⁸⁵
1762 2737 1777 2762 ὁ

1045 2773 1066 2788 ⁵⁷
1080 2768 1162 2800 ἄλλου
1175 2787 1210 2793 -
1223 2768 1354 2806 ἁψώμεθα
1369 2770 1390 2797 Β
1404 2791 1412 2802 ,
1431 2771 1488 2797 ἀλλ’
1504 2768 1539 2806 ,οὗ
1550 2770 1726 2806 --ᾏὰψόμεθα
1742 2779 1774 2804 ς.

1307 2780 1354 2798 sua
1369 2780 1390 2797 Ι.)
1404 2791 1412 2802 ,
1431 2780 1486 2797 αλκ
1508 2780 1539 2797 ου
1550 2786 1572 2790 --
1600 2780 1726 2805 αψομευα
1742 2780 1774 2804 ς,

1286 2780 1441 2844 Γὲρμησίας
1453 2807 1466 2833 ὀ
1479 2805 1571 2838 νάξιος
1580 2804 1601 2831 Β
1612 2811 1639 2834 et
1654 2814 1726 2834 corr.
1739 2808 1774 2834 Α.

962 2775 995 2800 Α.
