1952 3072
170 148 203 181 31

750 143 884 176 ΡΗΟΤΙῙ
897 142 1036 174 ΡΑΤΗῘΑ
1041 141 1154 172 ΒοΗιΕ
1168 141 1223 171 CP.

1767 132 1804 165 32

171 213 241 234 auro
255 212 398 240 prsgnans
412 204 544 240 devergit.
562 203 602 231 llli
617 203 701 238 igitur
715 202 823 238 lychnis
834 201 867 229 ad
884 200 961 228 fron-

1022 199 1090 234 ρλεΰι
1103 198 1143 233 τῷ
1157 195 1375 228 λευκανθίζοντι·
1392 193 1440 221 καὶ
1461 190 1603 226 πολλαχῶς
1623 197 1803 225 κατασχημα-

173 256 214 278 tes
228 250 347 284 alligatis
359 247 475 282 lapidem
492 247 611 282 caedunt,
625 247 743 275 candore
753 246 824 280 ejus,
837 250 865 272 ut
878 252 958 277 vena,

171 297 293 325 deducti.
315 295 348 322 Et
368 295 413 322 ubi
438 292 522 322 variis
546 294 636 321 modis
658 293 745 328 posita
770 291 824 319 illis
844 298 960 326 corpora

172 343 371 372 eﬂ'ormarunt,
394 341 421 368 in
442 346 541 367 terram
567 338 718 374 fragmenta
741 338 889 372 dejiciunt.
907 345 959 364 non

173 395 222 421 pro
235 388 277 415 sui
292 387 400 414 roboris
424 385 518 413 habitu
533 405 540 417 ,
564 385 610 412 sed
633 385 667 411 ad
690 384 799 411 oculum
820 382 938 417 praefecti
953 402 961 414 ,

173 434 218 468 qui
235 433 346 460 verbera
357 432 390 459 ab
404 431 591 467 increpatione
605 438 659 457 non
675 429 803 464 seiungit.
818 428 899 455 Pueri
913 435 962 454 au-

174 483 227 505 tem
241 477 413 511 impuberes,
437 476 463 503 in
482 475 626 503 cuniculos
645 475 679 501 ab
698 474 751 501 illis
764 474 879 501 effossos
893 472 963 499 irre-

174 528 297 558 ptantes,
311 522 392 550 etiam
408 521 528 556 lapillos,
541 520 574 547 de
588 520 719 555 proiectis
732 519 819 546 multo
832 518 962 546 collectos

175 569 277 600 labore,
293 569 364 595 intra
379 568 480 595 ostium
497 567 651 601 deportant.
665 565 706 593 Ab
718 565 760 592 bis
775 572 858 600 porro
871 571 962 596 senes,

172 619 201 641 et
217 614 357 641 hominum
381 613 563 641 invalidorum
579 613 657 640 turba
672 632 679 642 ,
702 611 821 646 lapidem
844 610 964 638 transfe-

174 665 255 692 runt,
275 664 302 687 et
316 660 477 686 translatum
490 659 690 694 inspectoribus
708 657 775 692 (qui
789 658 896 691 epoplei
916 664 965 683 vo-

174 707 282 739 cantur)
292 706 430 733 exhibent.
448 704 515 732 Nam
527 705 573 739 qui
587 709 651 732 sunt
664 705 733 730 intra
750 704 860 738 triginta
877 710 965 730 annos

174 758 202 779 et
211 752 486 787 roborespectabiles,
495 751 633 778 mortariis
641 758 655 778 e
662 757 729 778 saxo
737 749 866 784 acceptis,
876 749 965 784 pistil-

174 798 201 825 lo
221 798 302 825 enixe
328 798 459 833 subigunt
480 802 508 825 et
530 797 663 832 pinsunt,
688 800 718 823 ut
736 795 886 822 maximum
904 795 966 822 inde

175 844 321 871 frustulum
347 852 401 870 non
423 844 536 871 excedat
559 850 664 871 ervum.
687 841 757 869 Tum
780 844 875 868 eadem
899 841 966 868 liora

1012 245 1137 275 τίσαντες
1153 244 1207 270 τῶν
1226 242 1362 277 σωμάτων
1376 240 1428 271 τὰς
1443 239 1541 270 θέσεις,
1557 236 1756 265 καταῦάλλουσι
1769 235 1804 262 τὰ

1012 290 1177 326 θραύσματα
1191 289 1212 305 ²⁹
1229 289 1269 320 εἰς
1287 287 1395 321 ἔδαφος,
1412 285 1443 312 οὐ
1461 285 1529 318 πρὸς
1545 283 1595 318 τὴν
1613 282 1680 309 ἰδίαν
1702 281 1759 313 ἕξιν
1774 289 1805 307 τε

1013 336 1061 364 καὶ
1073 335 1197 369 δύναμιν,
1213 333 1281 360 ἀλλὰ
1297 332 1364 367 πρὸς
1376 330 1513 366 ὀφθαλμὸν
1526 328 1683 360 ἐπιστάτου,
1697 327 1805 361 πληγῆς

1012 382 1062 417 τὴν
1080 381 1237 415 ἐπιτίμησιν
1261 378 1388 405 οὐδέποτε
1408 376 1580 412 χωρίζοντος.
1601 374 1634 400 Οἱ
1654 373 1683 400 δὲ
1709 372 1805 407 ἄνηϐοι

1015 428 1110 459 παῖδες
1130 428 1169 457 εἰς
1192 427 1255 457 τοὺς
1275 425 1328 452 ὑπὸ
1350 423 1453 450 τούτων
1468 421 1633 457 ὸρυχθέντας
1654 419 1806 452 ὑπονόμους

1016 472 1196 507 εἰσδυόμενοι,
1210 472 1256 498 καὶ
1271 471 1320 505 τὴν
1332 469 1431 505 χόλικα
1453 468 1507 495 τῶν
1524 466 1693 502 ριπτομὲνων
1708 464 1807 491 ἐπιπό-

1017 527 1070 550 νως
1084 519 1107 535 ¹⁹
1129 517 1315 550 συλλέγοντες,
1337 515 1416 546 ὲκτδς
1435 514 1488 541 τῶν
1511 512 1630 547 στομίων
1652 510 1805 546 κομίζουσι.

1017 564 1096 598 Παρὰ
1108 563 1136 590 δὲ
1153 563 1256 590 τούτων
1270 562 1297 588 οἴ
1310 570 1341 588 τε
1357 560 1538 596 πρεσϐύτεροι
1555 559 1603 585 καὶ
1617 557 1672 584 τῶν
1684 555 1807 582 ἀσθενῶν

1017 611 1042 638 οἱ
1063 610 1155 637 πολλοὶ
1175 610 1222 636 τὸν
1240 609 1314 636 λίθον
1333 608 1533 643 μεταφέρουσι·
1552 603 1764 640 μετακομίζουσι
1779 602 1808 628 δὲ

1017 654 1090 684 οὗτοι
1105 657 1161 687 τοῖς
1179 654 1358 689 καλουμένοις
1382 652 1582 680 incurrebant“.
1607 651 1686 687 [1541
1704 649 1750 685 3.]
1775 649 1809 675 0i.

1018 703 1073 738 γὰρ
1088 701 1162 733 ὲντδς
1178 701 1233 728 τῶν
1242 701 1389 736 τριάκοντα
1401 698 1469 725 ἐτῶν
1485 698 1599 728 καὶτοῖς
1614 696 1696 723 εῐδεσι
1710 703 1810 730 καρτειν

1020 749 1062 784 ρο).
1093 748 1193 782 ὅλμους
1214 747 1332 777 λιθίνους
1361 744 1559 780 παρειληφότες
1588 743 1682 777 ὑπέρῳ
1706 741 1810 777 σιδηρῷ

1019 795 1178 822 πτίσσουσιν
1194 792 1379 828 ἐπιστρεφῶς,
1393 791 1441 818 καὶ
1457 791 1619 825 ποιήσαντες
1633 788 1663 814 τὴ
1682 787 1810 822 μέγιστον

1019 840 1122 877 τρύφος
1144 839 1233 875 ὀρόῦῳ
1252 837 1444 872 παραπλήσιον
1468 835 1536 871 πρὸς
1557 834 1607 870 τὴν
1627 833 1712 868 αὐτὴν
1735 832 1810 868 ὥραν

174 889 362 916 admetiuntur
376 888 448 915 aliis.
468 888 558 915 Labor
574 888 618 914 hic
639 892 681 915 est
701 886 864 914 feminarum
878 906 886 919 ,
907 893 967 921 quae

1022 884 1221 921 ἀπομετροῦσιν
1246 882 1360 918 ἑτέροις.
1379 879 1462 912 Οὗτος
1483 881 1512 907 δέ
1532 881 1607 906 ἐστιν
1626 879 1641 905 ό
1658 879 1739 909 πόνος
1755 877 1810 903 τῶν

175 939 230 959 una
248 940 310 959 cutn
327 932 434 959 maritis
457 936 504 959 aut
526 931 687 967 parentibus
705 931 732 957 in
746 930 883 966 ergastula
901 935 967 958 sunt

175 978 309 1006 abductae.
324 978 420 1006 Plures
436 978 508 1005 enim
524 978 620 1005 ordine
638 978 715 1004 molae
733 977 891 1012 agitantur,
908 976 968 1011 qui-

175 1022 227 1050 bus
254 1023 356 1058 pistum
383 1023 459 1050 illum
489 1023 604 1058 lapidem
631 1023 803 1058 subjiciunt,
828 1027 855 1050 et
886 1026 970 1050 terna:

175 1069 306 1103 utrinque
320 1070 353 1096 ad
369 1077 454 1096 unum
471 1069 645 1096 contnsionis
662 1070 746 1096 ictum
762 1073 883 1097 astantes
894 1089 901 1100 ,
916 1073 968 1094 tam

175 1114 250 1142 findo
274 1115 434 1149 succinctu,
461 1120 492 1142 ut
514 1115 572 1142 Sola
585 1115 711 1149 corporis
731 1114 856 1149 pudenda
874 1118 970 1140 conte—

177 1166 259 1195 gant,
284 1161 410 1188 molendo
441 1161 605 1188 incumbunt
631 1165 658 1188 et
679 1168 712 1188 eo
736 1168 823 1195 usque
846 1160 969 1188 molunt.

177 1207 242 1234 dum
258 1207 358 1234 tradita
376 1207 443 1242 ipsis
466 1215 594 1234 mensura
615 1207 778 1242 similaginis
803 1208 836 1234 ad
859 1207 969 1234 modum

176 1253 284 1280 redacta
301 1253 392 1280 fuerit.
411 1252 459 1280 llis
476 1253 557 1288 igitur
574 1253 729 1285 universis,‘
744 1254 791 1288 qui
801 1261 862 1280 eam
882 1253 972 1280 fortu-

177 1308 220 1327 mc
233 1305 333 1327 sortem
349 1300 484 1331 tolerant,
500 1307 573 1327 mors
587 1300 641 1326 vita
654 1304 696 1326 est
712 1299 868 1334 optabilior.
891 1299 912 1326 Α
929 1299 970 1326 fe-

178 1347 270 1373 mineo
283 1353 350 1374 sexu
371 1345 510 1381 pulverem
530 1346 566 1373 ita
586 1346 731 1373 subactum
750 1345 890 1379 excipiunt
903 1345 948 1372 alii
962 1365 970 1377 ,

177 1391 276 1428 M81:
301 1399 372 1426 quos
397 1392 539 1426 selangeos
567 1391 720 1419 nominant.
750 1391 875 1418 Artiﬁces
907 1393 972 1418 sunt

180 1438 218 1464 illi
231 1446 348 1472 quorum
361 1438 387 1465 in
401 1437 530 1465 facultate
553 1441 595 1465 est
611 1437 663 1465 hoc
674 1437 755 1472 regia:
766 1437 890 1464 utilitatis
903 1444 971 1471 opus

147 1489 150 1494 ‘
180 1485 213 1511 ad
230 1485 309 1512 ﬁnem
323 1485 482 1520 perducere.
501 1484 630 1520 Operatio
646 1485 682 1511 ita
695 1492 725 1511 se
744 1483 834 1510 habet.
853 1483 972 1510 Marmor

179 1531 218 1558 ita
239 1531 425 1558 commolitum
445 1531 472 1558 in
489 1530 582 1558 tabula
604 1529 765 1563 eﬂ‘undunt,
787 1529 840 1556 lata
861 1529 970 1563 quidem

179 1582 205 1603 et
219 1576 252 1604 ad
265 1582 365 1604 rectam
382 1577 532 1604 sectionem
546 1576 640 1610 polita,
653 1583 713 1610 qua:
726 1580 815 1602 tamen
829 1583 880 1602 non
896 1581 971 1602 recto

180 1622 313 1650 incumbit
327 1623 397 1655 loco,
414 1622 461 1650 sed
474 1623 599 1657 exiguam
615 1620 828 1648 declinationem
845 1620 980 1647 liabetJn‘

180 1668 232 1697 hac
253 1670 394 1703 pulverem
405 1689 413 1701 ,
430 1668 516 1695 affusa
533 1675 604 1702 aqua
621 1688 628 1700 ,
645 1667 772 1694 manibus
789 1671 881 1694 terunt
895 1666 973 1693 initio

179 1715 276 1743 leviter
298 1715 397 1742 deinde
420 1715 552 1749 pressius.
580 1714 670 1745 Unde,
685 1712 783 1747 opinor
797 1732 804 1745 ,
831 1713 972 1740 terrestria

181 1761 337 1793 eliquanlur
351 1765 378 1786 et
393 1759 427 1786 ad
446 1759 558 1786 tabulati
573 1764 667 1785 nutum
683 1758 818 1786 defluunt.
836 1758 864 1785 ld
881 1763 972 1784 autem

181 1807 254 1841 quod
268 1806 388 1833 validum
402 1810 444 1833 est
455 1810 482 1833 et
496 1805 598 1840 aliquid
613 1805 706 1840 pollet,
723 1805 749 1832 in
766 1804 974 1840 lignofsubsistit

181 1852 330 1880 immobile.
347 1852 414 1879 Cum
436 1852 519 1887 igitur
534 1852 629 1878 crebro
650 1851 730 1886 aquis
745 1851 888 1878 materiam
905 1850 974 1877 eluit

182 1899 340 1934 selangeus,
353 1898 475 1934 spongiis
488 1897 616 1924 mollibus
629 1901 656 1924 et
669 1897 760 1924 densis
772 1904 893 1923 marmor
908 1896 974 1922 levi-

181 1950 223 1973 ter
237 1949 381 1978 attrectat,
403 1950 431 1972 et
445 1944 589 1978 aliquando
606 1951 732 1978 premens
744 1963 752 1975 ,
769 1942 840 1977 quod
857 1945 914 1969 leve
932 1947 975 1970 est

181 1997 209 2019 et
225 1993 328 2022 laxum,
344 1991 502 2026 fungositati
516 1990 697 2025 implicatum,
714 1997 729 2017 e
744 1997 860 2017 caverna
884 1994 975 2016 extra-

183 2038 223 2068 hit
236 2044 264 2065 et
279 2038 390 2073 abjicit,
410 2037 483 2072 quod
497 2045 560 2063 vero
574 2044 656 2071 grave
674 2040 717 2063 est
729 2041 763 2070 ‘et
777 2035 920 2070 splendet,
946 2035 974 2061 in

181 2085 273 2115 tabula
289 2091 423 2112 secretum
442 2083 585 2118 relinquit,
601 2083 665 2118 quia
682 2086 794 2117 propter
810 2082 974 2116 gravitatem

183 2137 281 2160 natura
300 2132 370 2158 haud
389 2130 468 2158 facile
493 2129 601 2157 mobilis
627 2129 651 2156 ei
676 2129 780 2156 subest.
812 2127 869 2155 lloc
894 2128 975 2162 igitur

184 2180 266 2208 modo
285 2179 428 2214 selangeus
458 2184 600 2213 postquam
618 2176 679 2204 auri
696 2180 819 2203 ramenta
839 2183 975 2210 expurga-

183 2226 223 2254 vit
236 2245 244 2257 ,
262 2225 420 2253 cantoribus
435 2224 616 2251 transmittit:
639 2223 685 2258 qui
701 2222 783 2250 simul
797 2229 829 2250 ac
848 2226 973 2250 coactum

184 2271 250 2299 illud
270 2272 303 2298 ad
329 2279 484 2298 mensuram
507 2274 534 2298 et
558 2270 655 2297 libram
672 2272 858 2304 acceperunt,
884 2270 910 2296 in
929 2276 977 2296 vas

185 2315 335 2344 immittunt
349 2315 432 2342 ﬁctile
448 2335 456 2347 ,
476 2319 503 2342 et
524 2314 558 2341 ad
578 2313 760 2340 multitudinis
773 2312 975 2348 proportionem

185 2362 276 2389 bolum
291 2361 394 2396 plumbi
407 2365 433 2387 et
448 2360 512 2387 salis
526 2367 648 2394 grumos,
663 2358 869 2394 pauxillumque
881 2357 975 2385 stanni

185 2412 212 2435 et
225 2406 356 2434 furfurem
373 2406 553 2434 ltordeaceutn
568 2406 731 2433 admiscent.
755 2404 825 2432 Hine
847 2404 977 2440 imposito

185 2453 257 2487 quod
271 2453 339 2480 bene
351 2456 425 2487 tegat
434 2452 573 2486 operculo,
586 2456 613 2480 et
631 2452 751 2486 undique
769 2450 933 2483 circumlito,
948 2450 976 2477 in

186 2499 296 2526 fornace
309 2503 441 2533 coquunt,
453 2499 511 2526 dies
520 2499 643 2533 quinque
655 2503 681 2525 et
691 2497 801 2525 totidem
812 2501 906 2524 noctes
917 2496 976 2523 sine

187 2544 399 2572 intermissione.
421 2544 551 2579 Sequenti
568 2545 697 2578 deinceps
714 2542 758 2570 die
770 2562 779 2576 ,
798 2542 873 2577 justa
891 2546 978 2569 mate-

187 2590 235 2618 riae
254 2591 381 2619 ustulata:
400 2590 606 2626 refrigeratione
625 2589 761 2622 adhibita,
787 2588 815 2616 in
833 2587 975 2616 vasculum

984 1559 1008 1591 C

992 2234 1013 2262 Β

1019 931 1158 967 γυναικῶν
1173 930 1226 957 τῶν
1237 930 1276 961 είς
1289 928 1338 959 τὰς
1349 927 1472 962 φυλακὰς
1483 925 1700 960 συναπηγμένων
1713 923 1809 959 ἀνδρα·

1020 987 1063 1006 σιν
1077 978 1094 1013 ἢ
1109 975 1230 1012 γονεῦσι.
1250 975 1314 1012 [7‘28
1328 974 1375 1010 IL]
1390 973 1477 1001 Μύλοι
1493 973 1546 1008 γὰρ
1560 971 1625 1006 ἑξῆς
1639 971 1748 1002 πλείους
1765 970 1813 1004 βε-

1020 1024 1148 1060 δήκασιν,
1167 1023 1209 1057 ἐφ’
1223 1021 1269 1054 οὒς
1290 1021 1336 1047 τὸν
1349 1019 1513 1053 ἐπτισμὲνον
1531 1017 1707 1046 ὲπιῦάλλουσι
1723 1016 1810 1042 λίοον·

1020 1071 1068 1098 καὶ
1082 1069 1258 1105 παραστᾶσαι
1270 1068 1344 1102 τρεῖς
1359 1066 1530 1101 ἑκατέρωθεν
1544 1064 1612 1099 πρὸς
1622 1063 1671 1098 τὴν
1686 1062 1750 1098 μίαν
1762 1061 1812 1087 κὼ-

1021 1123 1076 1150 πην
1087 1115 1120 1148 ",
1133 1113 1217 1144 οὕτως
1235 1112 1388 1147 ἐζωσμέναι
1408 1110 1620 1145 δυσπροσόπτως
1643 1108 1713 1135 ὥστε
1732 1107 1813 1142 μόνον

1020 1161 1070 1196 τὴν
1096 1160 1227 1195 αἰσχύνην
1252 1157 1299 1184 τοῦ
1325 1158 1451 1192 σώματος
1480 1155 1623 1191 κρύπτειν,
1649 1153 1812 1188 ἁλήθουσινο

1021 1206 1151 1242 ἁλήθουσι
1171 1205 1200 1232 δὲ
1222 1205 1274 1236 ἕως
1300 1204 1352 1231 ὑπὸ
1374 1203 1419 1230 τὸν
1435 1203 1484 1237 τῆς
1506 1201 1672 1237 σεμιδάλεως
1695 1200 1778 1226 τόπον
1791 1199 1813 1214 ’⁸

1021 1253 1092 1289 ἀχθῇ
1102 1253 1133 1279 τὸ
1148 1251 1299 1287 παραδοθὲν
1315 1249 1423 1285 μέτρον.
1443 1245 1523 1275 Οὗτοι
1537 1248 1636 1279 πάντες
1646 1247 1670 1274 οἱ
1681 1245 1728 1272 τὸν
1739 1247 1815 1280 εἰρη-

1021 1298 1103 1333 μένον
1132 1297 1180 1332 τῆς
1204 1296 1289 1332 τύχης
1315 1294 1414 1330 κλῆρον
1444 1293 1605 1324 ὑπελθόντες
1628 1292 1815 1326 ποθεινότερον

1021 1344 1113 1379 έχουσι
1127 1342 1173 1369 τοῦ
1190 1341 1248 1377 βίου
1270 1341 1315 1368 τὸν
1333 1340 1459 1367 θάνατον.
1474 1339 1554 1374 Παρὰ
1570 1339 1599 1365 δὲ
1619 1337 1666 1364 τοῦ
1685 1337 1779 1373 θήλεος
1791 1337 1815 1353 ’⁵

1021 1391 1117 1425 γένους
1129 1388 1296 1423 διαδέχονται
1314 1387 1365 1422 μὲν
1381 1386 1411 1412 τὸ
1430 1384 1663 1420 κατειργασμένον
1677 1384 1702 1410 oi.
1717 1382 1816 1409 καλού-

1023 1443 1099 1471 μενοι
1113 1434 1241 1469 σηλαγείς
1253 1433 1277 1447 ’⁸
1287 1440 1294 1447 ·
1307 1432 1362 1458 εἰσὶ
1373 1431 1394 1457 δ’
1407 1427 1480 1458 οὗτοι
1495 1431 1614 1464 τεχνῖται
1630 1428 1698 1463 πρὸς
1716 1427 1746 1454 τὸ
1763 1427 1815 1454 πέ-

1025 1490 1074 1517 ρας
1088 1480 1167 1514 ἄγειν
1180 1479 1324 1514 δυνάμενοι
1335 1477 1384 1512 τὴν
1400 1476 1543 1512 βασιλικὴν
1557 1475 1661 1511 χρείαν.
1684 1475 1715 1500 Ἦ
1728 1473 1756 1500 δὲ
1768 1473 1816 1508 ἐρ-

1023 1527 1107 1563 γασία
1117 1526 1240 1560 τοιαύτη.
1256 1523 1463 1551 Καταϐἀλλουσι
1480 1523 1530 1557 τὴν
1545 1520 1734 1556 ἀληλεσμένην
1747 1520 1816 1555 μάρ-

1025 1582 1111 1609 μαρον
1131 1573 1178 1599 ἐπὶ
1203 1571 1309 1601 σανίδος
1324 1569 1456 1600 πλατείας
1475 1568 1525 1602 μὲν
1547 1567 1593 1594 καὶ
1613 1566 1817 1600 κατεξυσμένης

1024 1621 1064 1652 είς
1081 1619 1190 1646 εὐθεῖαν
1205 1616 1302 1652 τομὴν,
1322 1616 1372 1642 οὐκ
1390 1616 1418 1641 ἐν
1434 1614 1501 1650 ὀρθῇ
1517 1614 1544 1640 δὲ
1564 1613 1641 1649 χώρᾳ
1657 1611 1815 1647 βεϐηκυίας,

1023 1666 1092 1694 ἀλλὰ
1118 1665 1220 1700 μικρὰν
1246 1662 1362 1698 ἐχούσης
1382 1661 1528 1688 ἐπίκλισιν.
1548 1657 1615 1686 Εἶτα
1633 1658 1817 1693 καταχέοντες

1024 1713 1097 1748 ὕδωρ
1120 1711 1247 1746 τρίϐουσι
1270 1710 1331 1740 ταῖς
1353 1708 1443 1743 χερσὶ,
1461 1707 1495 1733 τὰ
1511 1706 1607 1741 πρῶτα
1627 1705 1678 1740 μὲν
1696 1704 1815 1738 κούφως,

1024 1758 1120 1786 ἔπειτα
1131 1758 1152 1773 ’⁷
1174 1755 1273 1792 μᾶλλον
1287 1755 1358 1788 ὅθεν,
1370 1752 1458 1787 οἶμαι,
1473 1753 1504 1779 τὺ
1521 1752 1570 1787 μὲν
1584 1751 1607 1768 ⁸⁸
1620 1751 1720 1785 γεῶδες
1733 1752 1818 1785 ὲκτη⁴

1025 1806 1139 1841 κόμενον
1165 1803 1332 1838 συναπορρεῖ
1353 1800 1426 1828 κατὰ
1442 1801 1491 1834 τὴν
1509 1799 1630 1825 ἐπίνοιαν
1645 1797 1692 1824 τοῦ
1711 1795 1820 1823 σανιδώ-

1027 1860 1122 1888 ματος,
1135 1849 1166 1877 τὸ
1178 1849 1200 1876 δ’
1211 1848 1303 1883 ἰσχύον
1315 1848 1336 1863 ²⁹
1351 1846 1398 1873 καὶ
1411 1845 1523 1873 δυνατὸν
1535 1845 1581 1871 ἐπὶ
1593 1844 1639 1871 τοῦ
1652 1843 1730 1876 ξύλου
1743 1843 1819 1878 μένει

1025 1897 1163 1930 ἀκίνητον.
1181 1893 1315 1924 Πολλάκις
1336 1891 1364 1918 δὲ
1386 1892 1442 1923 τοῖς
1460 1890 1553 1917 ὕδασιν
1569 1890 1726 1921 ἀποπλύνας
1738 1890 1752 1915 ὁ
1770 1897 1821 1915 κα-

1024 1942 1156 1977 λούμενος
1176 1940 1329 1976 σηλαγγεὺς
1351 1938 1557 1974 μεταλαμόάνει
1578 1936 1713 1971 σπόγγους
1734 1935 1820 1970 μαλα-

1026 1990 1091 2020 κοὺς
1115 1988 1163 2014 καὶ
1189 1987 1320 2017 πυκνοὺς,
1338 1982 1379 2016 οἷς
1395 1984 1585 2019 ἐφαπτόμενος
1606 1982 1654 2017 τῆς
1673 1981 1820 2017 μαρμάρου

1026 2033 1136 2067 κούφως
1162 2032 1210 2058 καὶ
1231 2029 1330 2057 θλίϐων
1352 2031 1399 2056 ὲπὶ
1419 2029 1501 2055 ποσὸν
1518 2028 1547 2055 τὸ
1564 2027 1612 2063 μὲν
1639 2026 1757 2061 ἐλαφρὸν
1774 2027 1821 2052 καὶ

1026 2080 1124 2116 χαῦνον
1139 2076 1342 2113 ὲμπλεκόμενον
1360 2075 1415 2106 τοῖς
1435 2073 1610 2110 ἀραιώμασιν
1631 2072 1686 2099 ἀπὸ
1702 2072 1751 2107 τῆς
1768 2072 1816 2106 σή.

1027 2132 1130 2161 ραγγος
1154 2123 1286 2156 ἀναφέρει
1309 2120 1356 2147 καὶ
1375 2120 1511 2155 ἐκρίπτει,
1526 2119 1557 2145 τὸ
1572 2118 1600 2145 δὲ
1620 2116 1750 2153 ἐμϐριθὲς
1774 2116 1820 2142 καὶ

1028 2170 1136 2198 στίλϐον
1154 2169 1201 2195 ἐπὶ
1213 2168 1261 2203 τῆς
1279 2166 1384 2198 σανίδος
1396 2164 1616 2202 ἀποκεκριμένον
1630 2164 1652 2179 ³⁰
1666 2163 1820 2194 ἀπολείπει,

1027 2217 1187 2251 δυσκινήτου
1203 2214 1248 2241 διὰ
1261 2214 1292 2240 eo
1303 2214 1324 2229 ³¹
1339 2213 1421 2248 βάρος
1436 2212 1485 2247 τῆς
1498 2210 1627 2245 τοιαύτης
1641 2209 1748 2244 φύσεως
1760 2208 1823 2235 ὑποο

1028 2262 1168 2298 κειμένης.
1187 2259 1280 2290 Οὕτως
1288 2257 1335 2286 οὖν
1349 2255 1426 2289 οὗτος
1441 2259 1455 2284 ὁ
1467 2257 1621 2292 σηλαγγεὶις
1633 2254 1822 2290 περικαθάρας

1027 2310 1062 2336 τὰ
1084 2309 1219 2344 ψήγματα
1241 2307 1287 2334 τοῦ
1313 2305 1415 2342 χρυσοῦ
1440 2303 1609 2339 παραδίδωσι
1625 2302 1680 2334 τοῖς
1697 2301 1820 2336 ἑψηταῖς.

1028 2358 1060 2384 Οἱ
1074 2357 1103 2383 δὲ
1117 2356 1247 2387 λαϐόντες
1266 2353 1357 2389 μέτρῳ
1368 2361 1399 2379 τε
1413 2351 1461 2378 καὶ
1478 2349 1592 2386 σταθμῷ
1611 2350 1642 2376 τὺ
1653 2349 1823 2384 συνηγμένον

1028 2403 1069 2434 εἰς
1084 2402 1169 2436 ἄγγος
1192 2398 1346 2435 κεραμεοῦν
1368 2397 1505 2428 ἐνέϐαλον,
1530 2397 1577 2422 καὶ
1600 2395 1728 2430 μίξαντες
1753 2394 1822 2421 κατὰ

1029 2449 1109 2483 λόγον
1122 2446 1170 2473 τοῦ
1181 2446 1301 2481 πλήθους
1315 2444 1440 2480 μολίὸδου
1455 2442 1540 2478 βῶλον
1551 2442 1598 2469 καὶ
1609 2441 1736 2477 χόνδρους
1750 2441 1822 2467 ἁλῶν

1031 2495 1077 2522 καὶ
1093 2493 1257 2528 κασσιτέρου
1274 2491 1360 2527 βραχὺ
1373 2489 1421 2517 καὶ
1433 2489 1552 2525 κρίθινον
1568 2488 1631 2515 πίτυ
1637 2498 1692 2524 ρον,
1706 2489 1822 2516 κᾶπειτα

1030 2540 1170 2571 ἐπιθέντες
1181 2538 1301 2573 ἐπίθεμα
1312 2536 1404 2568 καλῶς
1414 2535 1589 2571 ἡρμοσμένον
1603 2535 1650 2562 καὶ
1660 2534 1791 2562 πάντοθεν
1800 2533 1822 2548 ³³

1030 2586 1186 2622 χρίσαντες,
1202 2583 1312 2619 ’ἐψουσιν
1327 2583 1355 2609 ὲν
1369 2581 1478 2617 καμίνῳ
1495 2582 1578 2608 πέντε
1592 2581 1697 2618 ἡμέρας
1710 2580 1756 2607 καὶ
1772 2577 1821 2609 τὰς

823 2679 942 2707 νΑῐίιιΕ
973 2677 1175 2707 LECTlONES.

241 2770 263 2786 ιν
279 2765 425 2803 θραύματα
439 2770 490 2803 _pr.
510 2762 542 2788 Δ.

593 2763 616 2778 ¹⁰
634 2761 765 2793 ὲπιτόνως
780 2760 813 2788 Δ.
829 2761 851 2776 ¹¹
867 2758 1015 2786 ὲποπεῦσιν
1026 2759 1057 2788 Β.
1095 2759 1119 2774 ²¹
1130 2757 1228 2793 σιδηρᾷ
1240 2756 1272 2783 Β.
1312 2755 1446 2793 “fdi:th
1455 2753 1714 2793 -δυσπροεόπτίης
1728 2766 1762 2793 ἶ
1774 2751 1822 2793 μό·
1855 2775 1863 2783 ,

189 2813 234 2832 νον
244 2804 267 2831 Α
278 2787 643 2837 ζ’ἱξῗδσπροσιίιπως
653 2787 786 2837 έ-μόνῆν
867 2796 890 2811 ⁸⁸
905 2795 958 2822 ὑπὸ
973 2810 1008 2837 τ
1021 2793 1114 2837 τόπον]
1128 2787 1205 2837 ἑςσέζ
1216 2787 1317 2837 Ζτρόπον
1335 2787 1468 2837 ΙξίυιΙοίΊιε
1483 2787 1592 2837 ἓίοιιιιιε
1607 2788 1634 2837 Ξ,
1657 2789 1718 2837 l3.‘l
1737 2787 1760 2837 :3
1774 2787 1820 2837 θη-

190 2831 258 2870 λεως
275 2847 305 2870 ς.
355 2831 378 2853 ίε
394 2831 556 2870 σηλλαγχεῖς
573 2841 602 2870 ς,
653 2833 675 2848 ’⁷
689 2831 784 2860 ἔπειτα
808 2831 836 2858 δὲ
854 2839 882 2867 μ.
900 2839 931 2863 ς.

192 2875 213 2892 ιι
227 2868 257 2902 1:5
267 2868 329 2902 add.
348 2872 378 2900 Β.
422 2868 457 2884 ⁷³*
469 2868 635 2904 πανταχόθεν
654 2876 684 2900 ς.

981 2831 1003 2847 ³⁸
1020 2830 1070 2866 μὲν
1085 2827 1141 2857 oin.
1157 2828 1186 2856 Β.
1225 2827 1250 2844 ¹⁹
1266 2827 1375 2862 ισχυρδν
1392 2834 1421 2859 ς.

1483 2827 1504 2842 ³ο
1520 2823 1766 2859 ἀποκεκρυμμένον
1788 2823 1820 2849 Α.
