1945 3073
175 173 215 205 33
739 176 1004 209 BIBLIOTIIECA.
1024 191 1058 197 —
1074 178 1155 208 COD.
1169 177 1247 208 CCL.
1777 178 1812 210 34

176 233 240 264 ἴσας
258 230 369 263 νύκτας,
395 229 472 257 οὐθὲν
484 231 507 247 ³³
528 231 720 266 διαλείποντες.
742 235 782 271 Τῇ
801 235 824 262 δ’
849 237 960 273 ἐχομένης

1019 237 1091 264 aliud
1111 237 1275 270 extrahunt,
1295 235 1417 270 nihilque
1439 243 1530 264 rerum
1548 235 1629 264 simul
1649 235 1810 271 injectarum

175 276 335 312 σύμμετρον
357 277 391 311 τῇ
413 278 601 314 πεπνρωμὲνῃ
616 280 801 314 προσάγοντες
823 280 903 315 ψύξιν
928 283 968 314 εἰς

173 323 287 356 ἀγγεῖον
301 322 473 357 κατήραοαν,
486 322 552 349 ἄλλο
569 324 619 359 μὲν
635 324 689 351 τῶν
705 326 968 362 συνεμϐεὸλημένων

174 369 253 395 οὐθὲν
269 369 452 403 εὑρίσκοντες,
467 369 534 396 αὐτὸ
550 369 573 386 ³⁸
589 371 618 397 δὲ
637 369 683 398 τοῦ
700 372 813 407 χρυσίου
831 373 862 400 τὸ
879 374 965 409 χὺμα,

174 415 306 451 βραχεῖαν
320 415 433 451 εἰληφὸς
455 417 592 444 ἀπουσίαν
613 417 667 444 ἀπὺ
686 419 733 445 τοῦ
753 419 908 455 ψήγματος.
935 421 968 448 Ἡ

175 462 225 497 μὲν
241 459 287 488 οὖν
308 461 377 497 πρὸς
401 463 457 493 τοῖς
480 462 621 498 μετάλλοις
639 464 762 492 ἀπώλεια
782 465 837 492 τῶν
860 466 967 494 πολλῶν

175 505 310 540 στομάτων
321 506 390 540 πρὸς
402 505 433 532 τὸ
444 506 528 542 ῥηθὲν
537 508 615 540 τέλος
627 509 768 543 κομίζεται
778 511 827 546 τὴν
838 511 964 546 διέξοδον,

176 553 270 588 σχεδὸν
292 554 375 588 αὐτῆς
396 555 446 588 τῆς
461 555 569 589 φύσεως
582 556 759 594 δεικνυούσης
776 560 818 586 ὅτι
832 560 879 587 τοῦ
897 570 965 596 χρυ-

175 602 235 628 σίου
252 603 428 638 συμὸέὸηκεν
442 604 576 640 ὑπάρχειν
594 606 642 633 καὶ
658 607 709 642 τὴν
719 607 826 642 γένεσιν
837 609 966 637 ἐπίπονον

174 648 222 674 καὶ
232 648 281 684 τὴν
296 649 419 685 φυλακὴν
444 651 583 686 σφαλερὰν
599 652 647 679 καὶ
667 653 716 688 τὴν
741 655 861 690 σπουδὴν
886 655 965 690 μεγί-

175 701 243 728 στην
255 694 301 721 καὶ
313 694 363 730 τὴν
378 695 476 730 χρῆσιν
497 696 595 731 ἡδονῆς
621 696 668 723 καὶ
693 697 782 732 λύπης
810 698 862 725 ἀνὰ
884 699 965 734 μέσον

176 741 316 776 κειμένην,
334 741 385 777 τήν
405 751 435 768 τε
454 742 586 778 ἐργασίαν
609 743 709 778 τρόπον
724 744 785 771 τινὰ
803 744 850 771 τοῦ
870 745 966 779 γένους

175 787 369 822 ἀρχαιοτάτην.
386 787 506 822 Εὕρηται
522 788 570 823 μὲν
582 787 637 822 γὰρ
651 788 703 815 ὑπὸ
719 787 775 815 τῶν
789 789 905 824 πρώτων
918 790 963 816 τοῦ

174 833 257 859 τόπου
270 832 405 868 βασιλέων
421 833 475 859 τῶν
490 833 629 868 μετάλλων
645 833 661 868 ἠ
678 834 768 868 φύσις,
784 835 887 862 διέλιπε
898 835 920 851 ³⁵
935 835 965 862 δὲ

174 877 325 913 ὲνεργοῦσά
340 886 404 904 ποτε
420 879 469 913 μὲν
485 878 622 905 Αἰθιόπων
640 878 704 915 [⁵129
714 879 760 916 Η.]
783 881 829 907 ἐπὶ
848 881 897 916 τὴν
913 881 962 908 Αἰ-

174 930 277 955 γυπτον
298 922 420 957 πλήθους
438 922 610 954 συνελθόντος
627 925 675 950 καὶ
700 924 786 951 πολλὰ
806 925 855 957 τὰς
872 926 963 958 πόλεις

175 968 222 1003 ἔτη
235 969 440 1004 φρουρήσαντος
456 968 512 1004 (ὑφ’
522 965 560 996 ὧν
579 970 627 996 καὶ
637 970 659 986 ³⁸
673 970 707 997 τὰ
723 971 879 1005 Μεμνόνεια
902 981 965 999 συν-

173 1015 329 1042 τετελέσθαι
353 1016 443 1050 φασὶ),
460 1016 525 1042 ποτὲ
542 1016 571 1043 δὲ
588 1016 688 1051 Μήδων
710 1018 758 1044 καὶ
774 1018 888 1053 Περσῶν
904 1019 965 1046 ὲπι-

174 1062 379 1096 κρατησάντων.
396 1062 578 1098 Εὑρίσκονται
592 1063 622 1089 δὲ
641 1064 681 1092 ἔτι
704 1064 750 1091 καὶ
771 1064 833 1091 καθ’
844 1065 920 1100 ἡμᾶς
934 1066 964 1092 ὲν

172 1109 228 1140 τοῖς
251 1109 390 1143 χρυσείοις
416 1110 471 1141 ¹τοῖς
490 1110 538 1136 ὑπ’
550 1111 663 1138 ἐκείνων
681 1110 926 1137 κατασκευασθεῖσι
940 1109 962 1126 ³⁷

174 1153 255 1189 [1544
266 1153 312 1191 ΒΑ]
329 1155 471 1190 λατομίδες
487 1156 537 1190 μὲν
549 1157 658 1192 χαλκαῖ,
668 1156 713 1184 διὰ
730 1156 761 1183 τὸ
779 1157 863 1192 μήπω
876 1156 926 1191 τὴν
939 1156 961 1172 ³⁸

172 1199 220 1225 τοῦ
246 1200 359 1234 σιδήρου
387 1200 448 1227 κατ’
474 1201 577 1228 ἐκεῖνον
606 1202 651 1229 τὸν
676 1202 771 1238 χρόνον
796 1201 961 1237 ὲγνωρίσθαι

172 1245 276 1281 χρείαν,
293 1246 362 1272 ὀστᾶ
373 1246 402 1273 δὲ
420 1246 573 1282 ἀνθρώπων
588 1248 691 1276 ἄπιστα
707 1249 746 1284 τῷ
761 1248 870 1284 πλήθει,
885 1256 961 1274 πτω-

173 1292 265 1326 μάτων
285 1292 366 1328 (ὖπερ
389 1292 463 1324 εἰκὸς
487 1293 610 1327 γίνεσθαι
623 1293 645 1310 ³⁵
664 1295 715 1321 οὐκ
736 1294 834 1329 ὀλίγων
858 1294 888 1320 ὲν
905 1294 961 1325 τοῖς

1019 281 1183 311 inveniunt.
1203 285 1300 313 praeter
1315 281 1439 308 eamdem
1454 281 1514 308 auri
1537 288 1658 308 massam
1670 282 1727 316 jam
1745 290 1813 310 con.

1018 326 1127 359 llatam,
1151 335 1213 362 quae
1235 335 1252 354 a
1272 327 1355 354 scobe
1370 327 1484 362 pristina
1503 335 1557 355 non
1575 328 1690 355 multum
1706 328 1808 356 deﬁcit.

1019 373 1081 401 Haec
1103 373 1195 408 itaque
1219 374 1253 400 ad
1283 372 1390 401 iodinas
1409 373 1470 401 illas
1493 380 1640 409 corporum
1659 374 1809 402 multorum

1017 420 1145 454 perditio,
1161 419 1194 447 ad
1209 427 1282 453 eum,
1297 427 1378 455 quem
1390 420 1458 453 dixi,
1471 419 1552 448 ﬁnem
1566 420 1669 448 exitum
1681 421 1808 453 sortitur,

1017 465 1075 501 ipsa
1092 473 1176 502 prepc
1195 472 1294 494 natura
1318 467 1522 495 demoustrante
1534 487 1542 500 ,
1564 471 1592 494 et
1605 467 1808 502 generationem

1017 512 1075 539 auri
1091 512 1268 544 laboriosam,
1283 517 1310 540 et
1331 512 1484 540 custodiam
1499 512 1632 539 lubricam
1645 532 1652 546 ,
1667 517 1694 540 et
1707 512 1810 540 seduli-

1016 563 1099 586 tatem
1114 559 1261 585 maximam
1283 566 1354 590 esse,
1369 566 1505 594 usumque
1520 558 1547 586 in
1559 559 1648 586 medio
1660 559 1808 593 voluptatis

1016 609 1043 632 et
1062 605 1231 640 aegritudinis
1248 605 1409 632 consistere.
1437 604 1593 632 Elaboratio
1614 609 1703 632 autem
1724 605 1808 640 hujus

1017 651 1124 686 generis
1139 651 1342 686 quodammodo
1360 651 1553 686 antiquissima
1569 656 1620 679 est.
1636 652 1704 679 Nam
1721 659 1736 678 a
1750 653 1807 687 priv

1016 696 1069 724 mis
1082 697 1133 726 loci
1147 697 1256 731 regibus
1277 697 1385 724 inventa
1400 702 1442 724 est
1455 704 1486 724 ea
1502 697 1604 724 metalli
1623 702 1730 725 natura.
1755 697 1808 724 De-

1017 741 1117 776 siltque
1133 742 1161 768 in
1178 747 1241 769 actu
1257 750 1317 770 esse
1335 747 1391 770 tum
1403 761 1412 775 ,
1431 742 1542 777 quando
1557 742 1717 777 Ethiopum
1739 742 1805 770 olim

1015 793 1112 821 agmen
1130 785 1275 822 (Egyptum
1292 787 1461 820 incursavit,
1484 791 1511 815 et
1527 787 1619 814 multis
1631 788 1711 815 anuis
1724 788 1805 815 urbes

1015 831 1165 859 custoditas
1186 833 1319 867 praesidiis
1342 833 1400 860 suis
1428 833 1531 865 tenuit,
1554 841 1568 860 a
1585 833 1685 869 449]
1704 834 1806 869 quibus

1015 877 1096 904 etiam
1109 877 1261 905 Memnonia
1273 886 1334 907 csse
1343 879 1460 914 perfecta
1474 884 1636 911 memorant,
1650 885 1705 906 tum
1718 887 1804 914 quan-

979 917 1000 944 Β
1016 924 1051 950 do
1063 923 1132 951 Medi
1144 929 1170 951 et
1180 924 1269 952 Persae
1279 932 1370 952 rerum
1385 925 1569 959 potiebantur.
1584 926 1618 953 Et
1630 926 1803 960 reperiuntur

1015 970 1098 997 etiam
1115 974 1276 1005 tempestate
1291 976 1384 998 nostra
1400 972 1426 998 in
1442 972 1604 999 aurifodiuis
1619 973 1726 1000 illorum
1745 980 1804 999 ma-

1015 1015 1134 1043 nul‘actis
1147 1036 1155 1047 .
1183 1016 1272 1044 mallei
1288 1017 1407 1044 incisorii
1432 1025 1464 1044 ex
1486 1024 1539 1044 aere
1554 1017 1619 1052 (qui
1633 1018 1802 1052 temporibus

1016 1062 1071 1089 illis
1084 1061 1149 1089 ferri
1167 1070 1233 1089 usus
1246 1063 1390 1090 admodum
1403 1063 1518 1098 exiguus
1529 1065 1605 1097 erat)
1629 1067 1656 1090 et
1676 1071 1738 1090 ossa
1753 1064 1805 1090 ho~

1018 1109 1122 1136 minum
1148 1109 1299 1136 incredibili
1316 1109 1488 1137 multitudine
1503 1119 1510 1137 :
1535 1114 1731 1144 proptereaque
1748 1117 1800 1136 non

1014 1156 1093 1189 pauci
1112 1155 1138 1181 in
1156 1155 1291 1182 cuniculis
1307 1156 1360 1182 illis
1376 1155 1448 1182 laxis
1462 1161 1489 1182 et
1504 1156 1653 1183 crustaceis
1678 1156 1723 1188 (ut
1743 1155 1801 1183 ﬁeri

1014 1200 1153 1235 probabile
1163 1202 1214 1235 est)
1225 1201 1458 1236 opprimebantur.
1473 1201 1559 1228 Tanta
1574 1202 1727 1229 fodinarum
1744 1209 1802 1228 ma-

1015 1247 1129 1282 gnitudo
1141 1252 1193 1280 est,
1208 1252 1235 1275 et
1247 1248 1359 1283 obliqua
1375 1248 1558 1283 profunditate
1573 1247 1606 1275 ad
1621 1256 1697 1275 mare
1710 1248 1798 1282 ipsum

1015 1295 1180 1328 perungunt.

171 1337 280 1372 χαύνοις
298 1339 345 1366 καὶ
360 1339 530 1368 πλακὼδεσιν
546 1341 692 1377 ὑπονόμοις
701 1343 856 1377 γενομένων
867 1342 903 1374 ⁸ο,
935 1340 1086 1376 τηλικαῦτα
1104 1342 1133 1369 δὲ
1154 1342 1317 1378 ὀρυγμάτων
1345 1342 1459 1378 μεγέθη,
1492 1342 1539 1370 καὶ
1550 1342 1719 1369 διατείνοντα
1753 1341 1801 1376 βά-

173 1385 248 1412 θεσιν
258 1386 429 1421 ἐπικαρσίοις
443 1387 487 1413 ἐπ’
499 1387 585 1421 αὐτὴν
600 1388 649 1424 τὴν
664 1388 801 1415 Θάλασσαν
815 1388 849 1414 ⁸¹.

209 1433 271 1460 ’Ότι
295 1434 369 1469 παρὰ
392 1435 443 1469 τὴν
459 1436 546 1462 νότιον
560 1436 611 1471 τῆς
632 1436 772 1471 Αἰγύπτου
790 1437 878 1463 κλίσιν
896 1436 960 1462 τέσ-

173 1479 246 1514 σαρά
264 1480 322 1506 ἐστι
347 1479 418 1514 φῦλα
442 1481 476 1507 τὰ
492 1481 618 1516 μέγιστα,
636 1482 666 1508 τὺ
690 1483 739 1518 μὲν
753 1484 812 1514 τοῖς
830 1484 961 1518 ποταμοῖς

169 1525 405 1560 παρεζευγμένον,
421 1526 436 1553 ὃ
452 1527 560 1563 σπείρει
578 1529 702 1564 σήσαμον
715 1529 764 1555 καὶ
783 1527 911 1565 κέγχρον,
930 1529 960 1555 τὸ

169 1571 199 1598 δὲ
213 1572 278 1607 περὶ
291 1572 342 1604 τὰς
357 1572 455 1608 λίμνας
480 1574 582 1605 οἰκοῦν,
602 1575 616 1601 ὃ
634 1575 682 1601 τοῦ
701 1575 825 1610 καλάμου
843 1575 892 1602 καὶ
910 1575 960 1610 τῆς

170 1617 237 1652 ὕλης
250 1617 368 1645 ἅπτεται
384 1619 433 1654 τῆς
446 1619 565 1655 ἁπαλῆς,
579 1621 610 1646 τὸ
624 1620 653 1647 δὲ
666 1621 729 1657 είκῇ
746 1620 932 1656 πλανώμενον,
945 1621 959 1647 ὃ

170 1663 254 1698 σαρκὶ
269 1663 318 1690 καὶ
331 1664 449 1698 γάλακτι
466 1666 649 1700 παραπέμπει
663 1667 708 1693 τὸν
732 1666 799 1702 βίον,
826 1667 856 1693 τὸ
875 1667 905 1693 δὲ
926 1667 960 1694 ὲκ

168 1709 220 1742 τῆς
237 1709 374 1744 παραλίας
398 1710 570 1746 ὁρμώμενον,
594 1713 658 1744 τοὺς
683 1712 810 1747 ίχθύας⁴¹
831 1712 958 1748 ἁγρεῦον.

169 1755 256 1782 Τοῦτο
269 1756 298 1783 δὲ
312 1756 344 1782 τδ
358 1756 437 1791 γένος
460 1757 518 1792 ἔχει
536 1758 586 1793 μὲν
601 1758 664 1785 οὔτε
680 1760 771 1791 πόλεις
789 1759 851 1786 οὔτε
868 1759 960 1794 χώρας

168 1800 226 1827 οὔτ’
242 1802 326 1837 ἄλλης
349 1804 475 1838 ὲντέχνου
502 1805 677 1840 κατασκευῆς
701 1805 864 1840 ὑπογραφὴν
881 1805 960 1832 οὐδε-

171 1845 238 1880 μίαν
247 1846 280 1878 ⁸³,
299 1847 358 1873 ἐστὶ
372 1847 400 1873 δὲ
412 1847 467 1874 τῶν
484 1848 653 1881 ὑπολοίπων,
669 1850 708 1882 ὡς
720 1849 785 1877 ένιοί
801 1859 886 1885 φασι,
911 1850 961 1886 μέ-

172 1901 282 1926 γιστον·
309 1895 366 1921 ἀπὸ
390 1894 445 1932 γὰρ
463 1895 599 1927 Δύταίων,
616 1897 643 1924 οἶ
666 1897 712 1924 τὸν
733 1897 847 1933 ἔσχατον
875 1897 960 1933 μυχὸν

170 1940 356 1973 κατοικοῦσιν,
378 1941 408 1969 ὃν
434 1943 469 1978 τῇ
490 1943 596 1978 μεγάλῃ
604 1943 628 1960 ⁸⁸
643 1943 800 1980 συμϐέῦηκε
819 1944 960 1979 συγκλείε-

170 1985 234 2011 σθαι
257 1985 376 2022 Θαλάττῃ
387 2006 395 2019 ,
424 1987 506 2024 μέχρι
519 1989 569 2024 τῆς
587 1989 702 2025 Ἰνδικῆς
717 1990 764 2017 καὶ
788 1990 957 2025 Κεδρωσίας.

169 2030 211 2057 ἔτι
229 2031 259 2057 δὲ
275 2031 432 2067 Γερμανίας
454 2034 501 2060 καὶ
515 2034 628 2069 Περσῶν
649 2036 696 2062 καὶ
709 2035 764 2062 τῶν
775 2037 832 2067 τοῖς
846 2036 959 2071 εἰρημέ-

168 2084 226 2106 νοις
238 2075 346 2110 γένεσιν
362 2077 552 2114 ὑποκειμένων
568 2080 670 2114 νήσων,
692 2080 852 2116 ἰχθυοφάγοι
868 2081 959 2117 πάντῃ

167 2123 371 2157 κατοικοῦσι⁴⁵,
394 2125 494 2159 γυμνοὶ
521 2126 571 2160 μιν
586 2127 663 2159 δντες
686 2128 774 2160 αὐτοὶ,
801 2127 909 2162 γυμνὰς
929 2128 958 2155 δὲ

167 2168 277 2203 ἔχοντες
299 2169 350 2201 τὰς
371 2171 524 2204 γυναῖκας,
553 2173 647 2208 κοινήν
665 2173 693 2200 δὲ
711 2173 816 2200 τέκνων
838 2174 956 2208 γένεσιν,

167 2213 208 2239 ἔτι
223 2213 252 2240 δὲ
267 2214 363 2249 ἡδονῆς
382 2215 432 2250 μὲν
447 2217 496 2243 καὶ
519 2218 601 2244 πόνου
627 2219 746 2253 φυσικὴν
763 2219 871 2254 ἔχοντες
885 2219 958 2254 γνῶ-

168 2267 221 2291 σιν,
237 2260 361 2296 αἰσχρῶν
375 2261 404 2288 δὲ
420 2262 470 2289 καί⁵
495 2263 587 2290 καλῶν
601 2264 662 2291 οὐδὲ
674 2264 724 2300 τὴν
737 2265 883 2301 ἐλαχίστην
898 2266 956 2293 εἰσ-

1045 1433 1112 1461 CAP.
1137 1433 1193 1462 ΧΠ.
1214 1433 1252 1460 De
1273 1433 1342 1460 victu
1370 1433 1528 1467 ιΕιΙιίοριιηι
1549 1433 1623 1468 infra
1642 1432 1800 1468 1Egyptum.

1012 1481 1099 1516 Deque
1111 1486 1185 1516 genie
1195 1489 1253 1514 quae
1271 1481 1335 1508 solis
1350 1481 1466 1516 piscibus
1484 1482 1614 1508 uescitur:
1629 1487 1654 1508 et
1667 1481 1798 1516 quomodo

1011 1535 1053 1554 eos
1072 1527 1177 1560 capiat,
1197 1527 1276 1561 inque
1300 1526 1386 1553 cibum
1406 1532 1500 1554 vertat.
1520 1542 1557 1546 —
1576 1527 1616 1554 Ad
1645 1527 1799 1555 Australi-ru

1011 1573 1119 1608 tEgypti
1145 1573 1251 1608 plagam
1272 1577 1390 1605 quatuor
1412 1577 1476 1599 sunt
1501 1573 1641 1600 hominum
1673 1574 1799 1600 nationes

1015 1619 1148 1645 maximat.
1165 1617 1254 1644 Prima
1271 1617 1358 1644 ﬂuviis
1374 1617 1522 1652 adjuncta,
1541 1626 1602 1652 quae
1621 1626 1758 1646 sesamum
1772 1625 1800 1646 ct

1012 1664 1116 1690 milium
1134 1663 1209 1690 serit.
1238 1663 1362 1690 Secunda
1380 1671 1440 1698 qute
1459 1663 1569 1697 paludes
1589 1664 1687 1692 accolit
1700 1684 1707 1696 ,
1725 1667 1799 1692 cala-

1011 1716 1141 1743 mumque
1156 1713 1183 1735 et
1199 1708 1324 1735 siivuiam
1341 1709 1503 1735 teneriorem
1518 1709 1616 1743 carpit.
1631 1708 1722 1736 Tertia
1738 1717 1801 1743 qua:

1010 1758 1114 1782 temere
1129 1755 1181 1781 huc
1195 1754 1258 1781 illuc
1269 1754 1388 1786 oberrat,
1397 1755 1582 1790 carnibusque
1594 1759 1620 1782 et
1633 1755 1702 1782 lacte
1715 1755 1800 1782 vitam

1010 1801 1137 1828 traducit.
1147 1800 1248 1834 Quarta
1261 1808 1293 1827 ex
1311 1800 1449 1828 littoribus
1464 1802 1548 1829 maris
1558 1809 1667 1837 egressa
1680 1803 1796 1836 piscium

1010 1845 1149 1873 venationi
1164 1845 1213 1873 dat
1228 1853 1350 1880 operam.
1366 1845 1422 1873 Hoc
1437 1855 1522 1881 genus
1539 1855 1588 1874 nec
1603 1847 1685 1875 urbes
1700 1847 1800 1881 habet,

1010 1900 1062 1920 nec
1075 1893 1218 1927 regiones,
1236 1900 1285 1920 nec
1299 1893 1384 1919 ullum
1400 1897 1546 1928 apparatus
1559 1893 1702 1922 'artiﬁciosi
1718 1895 1799 1921 rudi-

1010 1945 1143 1966 mentum.
1166 1939 1215 1966 Est
1230 1939 1299 1966 inler
1314 1944 1409 1966 caetera
1420 1959 1428 1972 ,
1452 1943 1479 1966 ut
1495 1939 1606 1974 quidam
1623 1945 1799 1972 asseverant.

1009 1986 1173 2013 maximum.
1191 1984 1259 2012 Nam
1275 1985 1310 2013 ab
1326 1986 1428 2013 Antaeis
1439 2005 1446 2017 ,
1470 1986 1515 2021 qui
1531 1986 1564 2013 ad
1581 1991 1732 2014 extremum
1752 1995 1798 2014 sc-

1010 2039 1132 2065 cessum,
1151 2036 1228 2059 vasto
1241 2032 1376 2059 inclusum
1391 2032 1469 2063 mari,
1486 2032 1519 2059 ad
1536 2032 1639 2059 Indiam
1652 2038 1679 2060 et
1691 2032 1800 2060 Gedro-

1009 2077 1078 2104 siam
1096 2083 1123 2104 et
1138 2077 1320 2110 ,Germauiam
1337 2082 1348 2095 τε
1377 2081 1404 2104 et
1418 2076 1515 2104 Persas
1527 2097 1535 2109 ,
1556 2077 1714 2112 insulasque
1738 2085 1800 2104 me-

1009 2121 1120 2149 moratis
1139 2121 1267 2156 gentibus
1293 2121 1433 2156 subjectas
1465 2130 1551 2157 usque
1571 2122 1716 2155 habitant,
1738 2123 1797 2150 ich-

1010 2167 1156 2203 thyophagi
1177 2167 1318 2203 (homines
1333 2175 1366 2195 ex
1380 2168 1500 2202 piscibus
1514 2168 1677 2204 victitantes)
1697 2169 1801 2204 ubique

1008 2213 1145 2242 domicilia
1160 2222 1208 2242 sua
1223 2215 1323 2242 habent
1337 2224 1344 2241 :
1365 2215 1410 2250 qui
1427 2215 1508 2247 nudo,
1520 2219 1573 2242 lam
1590 2215 1697 2243 feminas
1712 2224 1794 2251 quam

1008 2261 1058 2287 viri
1071 2280 1078 2293 ,
1096 2266 1158 2288 sunt
1172 2268 1300 2296 corpore,
1321 2266 1348 2288 et
1360 2269 1534 2289 communem
1549 2262 1651 2290 sobolis
1667 2271 1794 2297 procrea-

166 2306 316 2340 φερόμενοι
331 2306 448 2335 ἔννοιαν.
476 2309 588 2341 Τούτοις
609 2310 637 2336 δὲ
653 2310 687 2337 τὰ
713 2311 762 2345 μὲν
784 2311 920 2346 ἀγχιόαθῆ
928 2311 952 2328 ⁸ο

1013 2306 1109 2333 tionem
1124 2307 1234 2335 habent.
1258 2306 1380 2334 Naturali
1392 2308 1503 2342 quidem
1525 2308 1671 2342 voluptatis
1690 2314 1718 2335 et
1736 2317 1794 2335 mo-

165 2350 247 2377 πάντ’
263 2351 323 2378 ἐστὶ
339 2353 407 2387 πρὸς
420 2353 465 2380 τὸν
483 2353 540 2389 βίον
555 2354 696 2389 ἀλλότρια,
713 2356 912 2391 παραπλησίως
926 2357 955 2384 δὲ

165 2397 201 2423 τὰ
229 2398 421 2433 παρακείμενα
443 2401 563 2435 μακραῖς
583 2401 663 2437 ῂὸσιο
691 2401 776 2436 θήραν
806 2402 862 2438 γὰρ
892 2402 955 2430 οὔτε

169 2441 264 2476 ἰχθύος
289 2441 347 2469 οὔτ’
374 2443 454 2471 ἄλλου
478 2445 574 2479 γένους
598 2447 780 2482 ὸμοιοπαθοῦς
807 2447 955 2483 ἁδροτέραν

167 2486 356 2521 παραδίδωσιν
375 2488 392 2523 ἡ
414 2488 504 2515 τοιάδε
517 2489 624 2525 χέρσος.
640 2490 675 2516 Αἰ
688 2491 716 2518 δὲ
734 2492 856 2527 οἰκήσεις
871 2493 956 2520 πᾶσιν

165 2530 306 2559 ἓκκεινται
330 2534 386 2565 τοῖς
406 2535 563 2569 εἰρημένοις
587 2536 664 2571 παρὰ
677 2536 726 2568 τὰς
741 2538 849 2573 ῥαχίας,
865 2538 893 2565 αἶ
908 2539 956 2566 καὶ

165 2577 294 2610 κοιλάδας
309 2579 420 2614 βαθείας
437 2580 529 2616 ἔχουσι
552 2581 599 2609 καὶ
623 2582 769 2618 φάραγγας
791 2585 953 2621 ἀνωμάλους

166 2624 215 2650 καὶ
231 2627 360 2659 στεγνοὺς
368 2626 390 2642 ⁸⁷
404 2627 529 2660 αὐλῶνας
548 2629 595 2656 καὶ
613 2629 724 2662 σκολιὰς
741 2631 887 2667 ἐκτροπάς.
903 2629 953 2661 Ὧν

203 2696 215 2712 ε
231 2691 312 2722 Forte
339 2694 482 2730 legendum
510 2701 563 2731 est,
582 2696 764 2725 Carmaniam.

1007 2353 1092 2380 lesliae
1105 2353 1260 2388 cognitione
1276 2363 1283 2380 :
1304 2354 1349 2381 sed
1369 2354 1490 2388 turpium
1505 2358 1533 2382 et
1551 2355 1728 2382 honestorum
1743 2363 1794 2382 nec

1007 2397 1121 2425 minima
1136 2398 1243 2432 praediti
1261 2398 1370 2425 notitia.
1385 2397 1433 2426 llis
1448 2399 1506 2426 loca
1527 2400 1609 2426 maris
1622 2401 1743 2434 proxima
1761 2402 1798 2428 ad.

1007 2444 1090 2470 vitam
1107 2443 1314 2471 sustentandam
1331 2448 1430 2470 cuncta
1447 2448 1510 2471 sunt
1532 2444 1632 2472 aliena.
1657 2445 1797 2473 Consimi-

1006 2498 1069 2526 liter
1089 2500 1171 2526 etiam
1196 2507 1258 2534 qua:
1281 2500 1387 2535 magnis
1418 2501 1556 2529 littoribus
1579 2502 1713 2537 adjacent.
1739 2505 1798 2533 Nec

1008 2546 1082 2572 enim
1100 2546 1183 2580 piscis
1194 2566 1202 2578 .
1217 2553 1269 2573 nec
1282 2547 1394 2575 alterius
1414 2548 1521 2583 generis
1532 2555 1650 2584 captura:
1661 2551 1793 2584 obnoxii,

1008 2590 1154 2618 continens
1170 2591 1225 2618 illic
1245 2593 1414 2620 venationem
1435 2594 1537 2628 praebet
1553 2595 1719 2625 uberiorem.
1740 2596 1795 2624 iia-

1007 2635 1127 2664 bitacula
1141 2643 1232 2665 autem
1247 2631 1353 2667 cunctis
1365 2640 1488 2675 exposita
1502 2645 1566 2669 sunt
1579 2642 1613 2670 ad
1629 2644 1792 2678 crepidines.

817 2745 934 2775 VARI/{'3
955 2747 1162 2777 LECTIONES.

201 2795 224 2842 f’
238 2796 359 2842 ορδὲηις,
377 2798 405 2842 ’⁸⁸
417 2799 631 2842 ebrio—sitne};
645 2801 676 2828 A:
693 2802 926 2842 αὐτοὶῖείληφῲς
941 2814 972 2838 ς.
993 2807 1016 2823 ³⁸
1030 2807 1146 2834 διέλειπε
1160 2807 1190 2835 Β.
1211 2807 1234 2823 ³⁸
1250 2808 1298 2835 καὶ
1313 2808 1376 2836 add.
1392 2810 1424 2837 Α.
1445 2811 1468 2826 ³⁷
1481 2811 1793 2842 ὲν-κατασκευασθεῖσι

163 2838 222 2871 om.
308 2833 331 2849 ⁸⁸
351 2834 435 2871 μήπω
450 2835 500 2870 τὴν
511 2835 533 2861 Α
547 2844 554 2863 :
622 2831 678 2863 που
695 2845 726 2869 ς.

164 2867 189 2882 ⁸¹
205 2867 330 2908 ἰχθῦςνς.
353 2867 357 2868 ν
370 2867 391 2884 ³³
404 2867 534 2905 οὐδεμίαν
549 2867 709 2933 ὑπογραφὴν

164 2910 323 2930 χατοικουσι
335 2911 390 2931 om.
404 2906 437 2932 Α.
474 2906 498 2922 ⁵⁸
515 2906 616 2933 ἀγγιὸα
636 2907 663 2933 ni
682 2907 709 2933 βο

164 2906 323 2930 κατοικοῦσι
335 2911 390 2931 om.
404 2906 437 2932 A.
474 2906 498 2922 ‘°
515 2906 664 2942 ἀγχιὸαθῆ]
681 2907 748 2943 βάθη
768 2916 808 2944 pr.
828 2912 860 2937 A.

774 2839 796 2854 ³⁹
812 2841 935 2872 γίνεσθαι
948 2842 970 2868 Α
984 2850 991 2868 :

1006 2842 1110 2880 γίνεται
1126 2852 1156 2875 ς.
1193 2843 1228 2880 ﬂ"
1245 2843 1309 2880 li_liri_
1321 2845 1481 2880 γινομένων.
1532 2847 1553 2862 ⁵¹
1571 2846 1707 2874 θάλατταν
1722 2857 1754 2880 ς.

717 2873 755 2918 ΑΒ.
769 2874 815 2918 Αξδ
830 2875 859 2918 ἱξν
872 2873 1044 2918 τῆ-μεγάλῖῃ]
1057 2878 1114 2918 ὄντι
1129 2873 1242 2918 μεγάλε)
1253 2878 1283 2905 Β,
1300 2873 1434 2918 Θαλάττης
1449 2881 1481 2918 ΒΔ
1554 2873 1790 2918 ὑποκειμένων-..π

899 2912 920 2928 ”⁷
939 2912 1079 2948 στεγνοῦς]
1094 2912 1202 2946 στενοὺς
1218 2913 1238 2939 Β
1257 2921 1319 2941 cum
1338 2912 1456 2943 Diodoro
1467 2916 1494 2950 5,
1513 2917 1557 2944 iii.
