1945 3073
148 160 181 194 3'1
709 160 973 192 BIBLIOTHECA.
992 174 1027 181 -ε
1040 162 1122 193 COD.
1135 163 1211 194 CCL.
1655 177 1658 180 ‘
1744 164 1780 196 38

145 217 197 247 τάς
211 214 262 250 μὲν
274 213 423 246 κόπτοντες
437 214 482 241 ἐπὶ
499 213 656 250 πετρώδους
666 215 762 248 τόπου,
776 216 810 247 ἂς
824 216 852 243 δὲ
868 224 938 242 κατ-

997 217 1183 245 comminuunt
1196 218 1267 250 loco,
1284 218 1383 253 partim
1400 218 1530 246 dentibus
1557 218 1719 252 coniiciunt,
1734 220 1781 248 be-

147 262 328 299 εργαζόμενοι
342 261 386 288 διὰ
401 261 456 288 τῶν
486 261 613 294 ὀδόντων,
627 263 685 294 τοῖς
712 262 864 296 φωλεύουσι
883 262 939 289 τῶν

149 309 252 344 θηρίων
274 307 326 344 τὴν
357 307 445 343 αὐτὴν
472 307 592 335 διάθεσιν
620 307 799 343 λαμϐάνουσι.
818 307 897 343 Ποτῷ
913 308 943 335 δὲ

148 355 216 382 πολὺ
231 353 452 390 θαυμασιωτέρῳ
474 353 607 389 χρῶνται.
627 354 687 381 Ἐπὶ
704 354 753 389 μὲν
769 353 824 390 γὰρ
848 354 943 381 τέττα-

149 410 200 437 ρας
216 401 329 437 ἡμέρας
351 401 423 436 πρὸς
451 401 514 432 ταῖς
541 400 639 436 θήραις
667 400 787 435 γίνονται
810 400 943 436 καὶπρὸς

147 448 231 484 ᾠδαῖς
261 447 410 483 ἀνάρθροις
439 448 487 474 καὶ
517 447 588 482 πρὸς
612 448 672 479 ταῖς
701 447 857 478 συνουσίαις
883 447 961 487 ταῖς.

148 494 260 526 παιδιᾶς
271 495 295 511 ⁸⁵
321 494 403 530 χάριν
426 494 598 529 γινομέναις,
614 494 660 520 ὑπ’
675 493 782 526 οὐδενὸς
804 493 943 529 περισπὼο

151 550 240 576 μενοι,
255 540 300 567 διά
313 540 364 576 τὴν
377 540 511 567 εὐκοπίαν
524 540 574 576 τῆς
584 540 689 576 τροφῆς
699 541 762 575 ’τῆς
775 540 803 567 δὲ
816 540 945 576 πέμπτης

149 587 367 623 ἱπιλασούσης⁶⁶
395 587 549 623 ἐξορμῶσιν
575 588 616 619 εἰς
640 587 690 622 τὴν
707 587 845 622 ὑπώρειαν
861 585 943 614 ποτοῦ

149 633 245 669 χάριν,
276 634 318 664 εἰς
346 632 396 664 τὰς
422 633 569 669 συρρύσεις
584 632 639 660 τῶν
658 633 792 669 νομάδων,
810 634 878 669 πρὸς
900 631 946 666 αἷς

152 680 202 706 καὶ
212 680 235 696 ⁸⁷
251 679 286 706 τὰ
300 680 388 715 κτήνη
402 679 572 711 ποτίζουσιν.
591 679 736 715 Ἐσπέριος
746 679 805 716 [751
821 679 868 716 H.]
884 679 912 706 δὲ
927 680 944 716 ὴ

149 726 249 762 πορεία
278 726 397 760 γίνεται.
428 726 639 758 Κατανύσαντες
650 727 672 742 ⁸⁸
697 726 725 753 δὲ
747 726 787 758 είς
814 726 864 758 τὰς
880 735 946 754 ποτ-

151 772 247 808 ίστρας
268 771 326 799 τῶν
345 772 474 808 νομάδων
491 771 538 799 τοῦ
561 772 730 809 κοιλώματος
754 772 847 808 κύκλῳ
869 781 947 809 περι-

150 819 284 854 έστησαν,
300 817 351 845 εἰτ’
367 819 586 855 ἀπερεισάμενοι
598 819 648 851 τὰς
661 821 756 856 χεῖρας
772 819 814 852 εἰς
830 820 880 855 τὴν
894 820 947 855 γῆν

151 865 201 893 καὶ
214 865 307 897 θέντες
321 865 357 892 τά
377 865 480 899 γόνατα
493 865 589 901 βοηδδν
603 866 736 899 πίνουσιν,
753 867 783 894 οὐ
798 867 867 903 πρὸς
880 864 946 903 μίαν

149 912 293 946 ἀναπνοῆς
320 911 410 947 όρμὴν
420 932 428 945 ,
442 911 511 939 ἀλλὰ
527 912 656 944 πολλάκις
679 913 778 945 αὐτοὺς
792 913 946 940 ἀναπαύον-

150 966 207 988 τες.
235 957 295 992 Πλη
303 957 442 993 ρὼσαντες
457 957 485 984 δὲ
502 958 552 990 τὰς
566 958 673 990 κοιλίας
694 959 749 986 τῶν
763 959 855 995 ὑγρῶν
878 959 946 986 καθ-

150 1004 224 1039 άπερ
252 1004 364 1037 ἀγγεῖα.
390 1003 458 1040 πρὶς
481 1003 617 1031 θάλατταν
640 1005 716 1040 μόλις
745 1005 944 1041 ἀποχωροῦσιν.

151 1048 221 1076 Εῐτα
242 1049 452 1082 ἐπανελθόντες,
467 1050 576 1086 ἐκείνην
591 1051 641 1086 μὲν
653 1051 702 1087 τὴν
715 1052 821 1088 ἡμέραν
831 1052 946 1085 ἕκαστος

150 1094 214 1121 οὔτε
251 1094 347 1130 ἰχθύος
366 1094 429 1121 οὔτε
446 1094 528 1122 άλλου
553 1096 628 1128 τινὸς
652 1097 773 1131 γεύεται,
800 1098 889 1125 κεῖται
916 1097 946 1125 δὲ

151 1141 327 1177 ὑπεργέμων
344 1141 394 1168 καὶ
416 1141 563 1174 δύσπνους,
579 1142 649 1169 ὥστε
674 1140 745 1171 εἰναι
767 1144 867 1179 τρόπον
884 1144 945 1172 τινὰ

149 1188 191 1224 τῷ
215 1188 352 1225 μεθύοντι
370 1188 592 1224 παραπλήσιον⁶⁹
607 1189 638 1216 τὺ
654 1189 752 1225 βάρος·
777 1190 832 1217 ἀπὸ
849 1190 878 1217 δὲ
895 1191 946 1226 τῆς

151 1235 287 1271 ιχομένης
303 1235 356 1262 ἐπὶ
373 1234 423 1269 τὴν
438 1235 593 1271 εἰρημένην
608 1235 715 1263 δίαιταν
729 1236 871 1271 ἐπανάγει.
891 1237 947 1264 Καὶ

152 1281 234 1309 τοῦτο
262 1281 359 1317 κύκλῳ
379 1280 425 1308 διά
445 1281 503 1317 βίου
522 1281 638 1316 γίνεται,
661 1281 729 1318 πρὸς
744 1281 873 1317 ἀσχολίαν
898 1283 946 1310 καὶ

154 1328 298 1364 μέριμναν
313 1327 420 1359 οὐδενὸς
441 1327 652 1355 ἀποὸλεπόντων
668 1327 757 1355 αὐτῶν
771 1328 945 1364 πράγματος.

152 1373 212 1400 Καὶ
228 1373 371 1408 νοσήμασι
389 1372 439 1408 μὲν
460 1372 504 1400 διὰ
522 1372 572 1407 τὴν
597 1371 736 1408 ἁπλότητα
760 1372 810 1408 τῆς
840 1373 946 1408 διαίτης

153 1418 285 1450 σπανίοις
304 1418 511 1454 περιπίπτουσι,
527 1418 648 1454 τοσούτῳ
662 1418 685 1445 δ’
708 1418 873 1454 ἀφαιροῦσιν
891 1419 946 1446 ἀπὸ

151 1463 205 1491 τοῦ
221 1463 320 1500 χρόνου
333 1463 387 1490 τῶν
398 1463 478 1497 ἑτῶν,
497 1464 612 1500 ὅσῳπερ
627 1463 803 1499 ἀπονωτέραν
816 1463 872 1491 τῶν
889 1463 945 1490 λοι-

154 1509 216 1537 πῶν
231 1509 330 1546 ἔχουσα
345 1510 396 1546 τὴν
411 1511 595 1547 ἀναστροφήν.

194 1654 267 1682 Ἀλλ’
297 1647 334 1681 ot.
351 1654 401 1690 μὲν
428 1654 504 1686 me;
529 1654 584 1681 τῶν
610 1655 712 1682 στενῶν
743 1655 793 1687 τὰς
823 1655 944 1690 οἰκήσεις

154 1700 263 1736 ἔχοντες
280 1701 441 1736 ἰχθυοφάγοι
465 1701 538 1728 οὓτω
555 1701 765 1736 καταγίνονται·
790 1701 814 1727 ot
840 1700 868 1726 δὲ
894 1700 944 1736 τὴν

154 1748 234 1779 ἐκτὸς
246 1747 270 1763 ⁷⁸
296 1748 432 1783 παραλίαν
453 1747 618 1782 κεκτημένοι
634 1748 721 1782 ἄγρας
736 1747 785 1783 μὲν
800 1747 945 1782 ἐνδελεχῶς

153 1793 286 1827 τοιαύτης
313 1793 488 1829 εὐποροῦσιν,
506 1793 590 1828 ὑγροῦ
608 1794 629 1821 δ’
652 1793 745 1826 ἀπλῶς
769 1794 800 1820 οὺ
822 1794 944 1820 δέονται⁸

153 1840 414 1876 προσενεγκάμενοι
426 1840 454 1867 δὲ
468 1841 514 1867 τὸν
532 1840 609 1876 ἰχθὺν
621 1840 746 1876 ἔγχυλον,
758 1839 827 1867 ὥστε
843 1840 945 1875 μικρὰν

155 1885 225 1913 εἶναι
251 1886 306 1913 τῶν
324 1886 408 1921 ὠμῶν
432 1887 482 1922 τὴν
504 1887 694 1923 παραλλαγὴν,
717 1887 766 1922 οὺχ
783 1885 839 1914 οἷον
863 1887 944 1915 ποτὸν

153 1932 342 1968 ἐπιζητοῦσιν,
369 1932 427 1959 ἀλλ’
454 1933 514 1960 οὐδὲ
537 1933 642 1960 ἔννοιαν
666 1933 761 1968 έχουσι
773 1933 821 1959 τοῦ
837 1933 943 1967 γένους.

152 1979 271 2014 Φέρουσι
286 1978 315 2004 δὲ
328 1977 439 2010 ἀλύπως
453 1979 528 2014 ᾶπερ
542 1979 634 2011 αὐτοῖς
642 1979 664 1994 ⁷³
679 1979 727 2005 ἀπ’
742 1979 829 2014 ἀρχῆς
842 1979 858 2014 ἠ
874 1978 943 2014 τύχη

153 2025 359 2061 παραδέδωκεν.

191 2071 275 2108 [1548
291 2070 337 2108 3.]
353 2071 414 2099 Ὀτι
431 2071 494 2103 τοὺς
512 2072 542 2098 ἒν
557 2072 614 2103 τοῖς
629 2071 787 2107 εἰρημένοις
799 2071 893 2102 τόποις
905 2071 945 2098 οἰ-

153 2117 271 2150 κοῦντάς
283 2126 349 2153 φησι
365 2118 433 2153 πρὸς
449 2119 505 2149 τοῖς
521 2118 677 2153 εἰρημένοις
695 2117 735 2144 ἐτι
749 2117 816 2153 μηδὲ
830 2117 900 2154 πρὸς
910 2117 946 2145 τὰ

154 2166 277 2201 μέγιστα
290 2165 346 2193 τῶν
361 2166 427 2201 παρ’
445 2167 512 2201 ἡμῖν
530 2165 626 2193 δεινῶν
642 2166 740 2202 ὁμοίαν
754 2167 821 2202 ἡμῖν
829 2167 851 2182 τί
874 2165 946 2201 ἔχειν

154 2211 206 2247 τὴν
222 2212 340 2240 ἔννοιαν.
353 2211 424 2238 Οὔτε
446 2211 501 2246 γὰρ
521 2211 631 2247 σίδηρον
646 2212 708 2238 κατ’
722 2211 812 2238 αὐτῶν
835 2210 947 2246 ἐπαιρό-

995 263 1111 291 stiarum
1125 271 1186 298 qua).
1200 264 1227 291 in
1241 264 1364 292 latibulis
1378 267 1638 292 versantur'morem
1656 270 1683 292 et
1705 266 1782 300 inge-

993 309 1071 336 nium
1084 313 1322 344 repraesentantes.
1334 309 1404 337 Potu
1420 313 1510 337 autem
1523 310 1603 344 longe
1613 310 1782 338 mirabiliore

995 359 1120 382 utuntur.
1137 355 1178 382 Ad
1197 360 1315 391 quatuor
1330 356 1402 383 enim
1419 356 1477 383 dies
1488 356 1644 391 piscationi.
1654 361 1681 384 et
1694 357 1783 384 canti-

995 400 1063 429 lenis
1089 409 1155 429 sane
1185 402 1342 435 inconditis,
1372 407 1398 429 et
1427 402 1571 435 sodalitiis,
1599 403 1665 436 ludi,
1696 403 1783 438 gratia

995 447 1142 481 institutis,
1172 452 1287 480 vacant.
1315 448 1391 476 nulla
1423 455 1452 476 re
1480 449 1605 476 distracti
1636 457 1643 476 :
1671 453 1784 484 propter

995 501 1131 521 summam
1150 494 1272 522 alimenti
1291 494 1406 529 paramli
1422 494 1596 522 facultatem.
1619 493 1672 522 Sed
1689 495 1783 522 immi-

996 544 1079 568 nente
1089 541 1145 575 jam
1166 541 1209 568 die
1224 541 1332 576 quinto,
1350 541 1376 568 in
1398 541 1538 576 regionem
1561 541 1700 568 montibus
1716 541 1783 568 sub-

993 588 1108 623 iectam.
1133 593 1215 624 potus
1236 596 1319 617 causa
1344 594 1454 622 exeunt,
1486 590 1520 617 ad
1555 590 1704 618 nomadum
1723 592 1783 625 (pa-

996 634 1116 669 storum)
1147 635 1232 668 rivos,
1259 643 1315 670 quo
1341 643 1439 670 pecora
1472 643 1522 663 sua
1559 640 1654 670 potum
1690 640 1783 671 agunt.

995 679 1133 707 Profectio
1149 686 1240 707 autem
1253 680 1298 707 illa
1312 681 1341 708 fit
1355 685 1476 716 tempore
1488 681 1655 716 vespertino.
1666 680 1785 708 Proinde

996 733 1059 754 cum
1082 727 1115 753 ad
1133 727 1247 762 aquaria
1271 727 1419 755 nomadum
1440 726 1619 760 diverterunt,
1642 727 1731 754 lacum
1756 726 1785 754 in

996 772 1092 800 orbem
1114 774 1306 801 circumstant.
1331 772 1429 801 Postea
1454 773 1582 801 manibus
1610 774 1696 802 humo
1717 781 1785 801 con-

997 817 1080 852 nixis,
1103 823 1131 846 et
1151 817 1229 846 ﬂexis
1255 818 1381 854 genibus,
1405 818 1488 846 boum
1511 826 1588 846 more
1604 818 1713 852 bibunt,
1728 826 1784 846 non

997 871 1054 892 uno
1078 864 1270 899 respirationis
1291 864 1405 899 impetu,
1440 864 1487 892 sed
1511 865 1610 892 crebro
1632 865 1784 900 interquie-

999 910 1114 938 scendo.
1131 910 1178 937 Sic
1202 910 1249 938 ubi
1264 918 1313 938 ceu
1333 911 1407 938 dolia
1426 915 1535 939 ventres
1558 911 1666 946 liquore
1687 911 1785 946 imple-

996 961 1104 990 verunt,
1115 956 1148 984 ad
1161 964 1236 984 mare
1246 956 1389 984 difficulter
1399 957 1462 984 inde
1472 957 1635 985 abscedunt.
1646 957 1782 985 Postridie

996 1009 1079 1037 quam
1095 1001 1242 1030 deventum
1258 1006 1299 1029 est
1313 1009 1356 1035 eo,
1372 1009 1460 1037 neque
1481 1002 1516 1029 de
1531 1003 1617 1038 pisce,
1641 1011 1731 1038 neque
1747 1004 1782 1031 de

996 1055 1027 1076 re
1042 1047 1108 1081 alia,
1122 1047 1268 1083 quisquam
1283 1052 1384 1083 gustat.
1401 1047 1455 1075 Sed
1470 1048 1568 1083 plenus
1579 1055 1660 1083 supra
1674 1047 1784 1075 modum

995 1098 1022 1122 et
1035 1093 1182 1122 difﬁculter
1195 1094 1330 1122 anhelans
1345 1094 1464 1130 quisque
1483 1095 1607 1128 recubat,
1623 1095 1700 1123 ebrio
1717 1103 1787 1130 qua-

995 1139 1140 1168 damtenus
1152 1161 1160 1174 ,
1174 1141 1320 1176 gravedine
1336 1141 1450 1175 scilicet,
1465 1141 1606 1169 assimilis.
1623 1142 1787 1177 lnsequente

995 1187 1106 1215 demum
1120 1187 1164 1214 die
1181 1187 1215 1215 ad
1230 1193 1389 1216 consuetam
1404 1188 1494 1215 victus
1513 1188 1648 1215 rationem
1668 1187 1784 1216 reditur.

996 1233 1064 1267 Hoc,
1081 1233 1156 1261 velut
1180 1233 1256 1261 orbis
1279 1234 1470 1262 circumrotati
1492 1234 1610 1267 vicibus,
1633 1241 1682 1270 per
1698 1238 1784 1262 totam

996 1279 1102 1314 agitant
1124 1279 1219 1311 vitam,
1245 1279 1356 1306 nemine
1380 1286 1413 1307 ex
1427 1279 1496 1314 ipsis
1520 1279 1554 1307 ad
1575 1280 1784 1314 occupationem

995 1329 1043 1352 aut
1054 1332 1149 1353 curam
1165 1325 1268 1360 negotii
1294 1325 1471 1360 respiciente.
1491 1325 1520 1353 In
1541 1326 1652 1353 morbos
1676 1331 1787 1362 propter

996 1371 1087 1400 victus
1110 1371 1319 1407 simplicitatem
1344 1379 1424 1400 raros
1442 1372 1594 1401 incidunt:
1622 1378 1786 1408 tantumque

997 1417 1031 1445 de
1045 1426 1160 1446 numero
1176 1426 1312 1447 annorum
1327 1420 1467 1453 auferunt,
1483 1425 1587 1456 quanto
1605 1421 1692 1456 magis
1703 1428 1785 1455 quam

997 1463 1090 1491 caeteri
1110 1463 1215 1498 absque
1240 1465 1382 1493 laboribus
1407 1470 1516 1493 atatem
1533 1470 1628 1501 agunt.
1649 1467 1689 1494 Ad
1714 1467 1787 1494 hunc

997 1509 1091 1543 itaque
1107 1510 1232 1542 modum,
1259 1511 1307 1544 qui
1333 1511 1406 1538 intra
1429 1511 1523 1540 fauces
1546 1516 1573 1539 et
1597 1513 1718 1540 locorum
1737 1521 1787 1540 an-

998 1554 1104 1589 gustias
1132 1554 1211 1582 sedes
1243 1554 1362 1589 habent,
1394 1555 1593 1591 ichthyopbagi
1622 1558 1705 1584 vitam
1738 1558 1787 1586 de-

995 1605 1071 1635 gum.

1031 1657 1096 1685 CAP.
1118 1657 1190 1685 XIV.
1218 1658 1257 1686 De
1278 1659 1478 1694 ichthyopltagi:
1499 1668 1550 1687 non
1573 1661 1734 1689 sitientibus.
1751 1676 1787 1684 —-

995 1703 1030 1730 At
1057 1703 1102 1736 qui
1127 1703 1297 1730 exteriorem
1325 1703 1377 1731 sibi
1405 1711 1481 1731 oram
1515 1705 1666 1739 vindicant,
1681 1707 1787 1741 piscatu

995 1749 1153 1784 huiusmodi
1179 1749 1320 1777 abundant
1349 1755 1492 1785 perpetuo.
1537 1750 1658 1779 Humore
1695 1757 1786 1781 autem

996 1802 1111 1830 prorsus
1139 1803 1194 1823 non
1221 1796 1324 1823 habent
1338 1803 1417 1831 opus.
1443 1796 1558 1830 Quando
1585 1798 1658 1825 enim
1681 1800 1786 1833 piscem

996 1841 1086 1869 adhuc
1121 1842 1310 1869 succulentum
1339 1843 1535 1875 comederunt,
1557 1852 1611 1871 non
1636 1845 1717 1872 modo
1737 1853 1788 1880 po-

995 1892 1054 1915 tum
1083 1895 1136 1915 non
1154 1889 1307 1923 requirunt,
1336 1889 1383 1916 sed
1409 1897 1460 1917 nec
1478 1891 1587 1925 generis
1621 1890 1701 1925 hujus
1731 1899 1789 1918 no-

996 1934 1085 1963 titiam
1100 1939 1148 1962 aut
1175 1935 1369 1970 cogitationem
1405 1935 1517 1970 habent,
1532 1936 1687 1972 animtsque
1714 1942 1789 1965 tran-

977 1981 1089 2016 tquillis
1103 1981 1194 2009 ferunt
1208 1989 1379 2017 quaecunque
1394 1982 1430 2010 ab
1444 1982 1524 2010 initio
1539 1983 1653 2012 fortuna
1677 1984 1718 2012 eis
1731 1989 1789 2012 tra-

997 2028 1077 2056 didit.

1030 2075 1096 2103 CAP.
1111 2073 1170 2102 XV.
1186 2073 1225 2102 De
1253 2074 1362 2110 aput/tia
1380 2075 1633 2111 t'clttltyophagarum
1658 2085 1788 2112 quorum-

998 2121 1114 2148 dam.—
1123 2121 1152 2148 In
1167 2121 1235 2149 locis
1252 2127 1316 2149 ante
1328 2122 1411 2150 dictis
1422 2127 1576 2154 versantes,
1588 2131 1638 2150 nec
1649 2123 1786 2150 maximo-

996 2175 1059 2196 rum
1076 2168 1118 2204 (ut
1137 2167 1210 2196 inter
1233 2175 1285 2196 nos
1305 2167 1452 2205 habentur)
1464 2169 1599 2196 malorum
1613 2177 1788 2198 communem

999 2213 1104 2250 5505
1132 2214 1275 2242 nobiscum
1307 2214 1447 2242 notionem
1484 2219 1512 2242 et
1533 2222 1645 2244 sensum
1674 2216 1788 2245 habent.

158 2265 241 2293 μενον
271 2257 395 2292 φεύγειν,
428 2257 489 2284 οὒτε
519 2257 741 2293 προπηλακισμῷ
763 2257 945 2293 ἐρεθίζεσθαι,

998 2260 1055 2288 Nec
1066 2260 1138 2288 enim
1155 2260 1260 2288 ferrum
1277 2265 1373 2288 contra
1390 2268 1420 2288 se
1434 2260 1561 2288 strictum
1578 2265 1605 2288 et
1622 2261 1788 2289 intentatum

155 2301 219 2330 οὕτε
232 2302 297 2334 τοὺς
326 2302 363 2338 μὴ
386 2302 541 2338 πάσχοντας
555 2303 613 2334 τοῖς
638 2303 773 2338 πάσχουσι
791 2311 945 2337 συναγανα-

154 2349 250 2376 κτεῖψ
267 2348 326 2376 ἀλλ’
343 2348 371 2375 εἰ
390 2357 417 2376 τι
431 2349 537 2383 γένοιτο
549 2348 615 2384 περὶ¹
629 2348 727 2380 αὐτοὺς
739 2347 769 2381 ὲξ
787 2347 945 2383 ἀλλοφύλων

153 2393 286 2428 τοιοῦτον,
305 2394 435 2429 βλέπουσι
452 2394 503 2430 μὲν
524 2390 629 2421 οὗτοι⁷³
651 2394 753 2426 ἀτενῶς
769 2394 809 2426 εἰς
821 2394 852 2421 τδ
871 2395 946 2429 γινόο

154 2448 238 2475 μενον
254 2440 302 2467 καὶ
318 2440 368 2472 τὰς
386 2439 509 2475 κεφαλὰς
526 2439 650 2467 πύκναη
666 2439 831 2473 διανεύουσι,
847 2440 902 2468 τῶν
915 2440 945 2468 at

153 2486 321 2522 εἰθισμένων
349 2487 487 2522 ἀνθρώπῳ
509 2486 578 2522 πρὸς
600 2485 746 2522 ἄνθρωπον
756 2486 778 2502 ⁷³
808 2486 869 2513 οὐδὲ
895 2487 946 2522 τὴν

153 2531 302 2567 ἐλαχίστην
315 2532 432 2560 διδόασιν
452 2533 569 2560 ἔννοιαν.
589 2532 671 2560 Ὅθεν
687 2531 781 2567 (φησὶν
796 2533 810 2559 ό
823 2540 947 2568 συγ-(ρα-

152 2577 234 2612 φεϋς)
252 2577 342 2613 ἔγωγε
371 2578 476 2614 νομίζω
505 2578 574 2614 μηδὲ
599 2578 764 2614 χαρακτῆρσι
792 2577 947 2613 εΰγνωστον

152 2623 227 2660 ἔχειν
256 2624 367 2660 αὐτοὺς,
399 2624 507 2661 ἐθισμῷ
528 2625 558 2652 δὲ
587 2625 637 2652 καὶ
661 2624 778 2660 νεύματι
805 2625 883 2660 ἠχοις
917 2634 947 2652 τε

999 2306 1151 2342 refugiunt.
1169 2314 1220 2334 nec
1232 2307 1400 2334 contumelia
1417 2306 1553 2342 injuriave
1568 2308 1721 2340 irritantur,
1739 2317 1789 2336 nec

999 2352 1101 2388 integri
1123 2352 1248 2380 adversis
1266 2353 1379 2380 casibus
1403 2351 1563 2380 alfectorum
1578 2353 1667 2381 vicem
1683 2355 1787 2388 dolent,

998 2398 1047 2427 sed
1062 2399 1086 2427 si
1100 2399 1156 2427 talo
1168 2399 1310 2434 quidpiam
1326 2399 1360 2426 ab
1375 2399 1538 2435 alienigenis
1558 2401 1632 2428 circa
1651 2408 1700 2428 eos
1723 2408 1790 2428 con-

998 2446 1088 2482 tingit,
1106 2445 1220 2473 intentis
1234 2445 1344 2481 quidem
1357 2446 1450 2474 oculis
1458 2446 1493 2474 ad
1507 2447 1611 2475 factum
1623 2447 1787 2483 respiciunt,

997 2497 1025 2520 et
1039 2492 1153 2520 crebros
1176 2492 1242 2519 dant
1266 2496 1350 2519 nutus
1374 2492 1527 2527 capitibus,
1553 2497 1582 2521 at
1604 2500 1700 2520 eorum
1727 2501 1789 2528 quae

998 2538 1081 2565 homo
1106 2539 1178 2566 circa
1206 2537 1343 2565 hominem
1368 2538 1459 2567 facere
1482 2539 1562 2570 solet,
1587 2547 1622 2567 ne
1646 2539 1788 2567 minimam

998 2585 1108 2620 quidem
1144 2584 1411 2612 animadversionem
1449 2586 1578 2621 produnt.
1615 2585 1692 2614 Unde
1721 2586 1788 2614 mihi

1000 2631 1103 2666 (inquit
1118 2629 1227 2666 auctor)
1247 2637 1281 2658 ne
1295 2630 1405 2667 signum
1421 2631 1532 2667 quidem
1557 2632 1661 2660 notitiae
1683 2635 1788 2660 certum

786 2733 904 2763 VARIE
921 2734 1124 2765 LECTIONES.

185 2823 210 2840 "
225 2823 356 2856 παιδείας
369 2823 400 2852 Β.
441 2825 464 2842 ⁸⁸
478 2825 661 2858 ἐπιϐαλούσης
675 2826 708 2854 Α.

766 2826 788 2843 ⁸⁷
803 2828 852 2864 καὶ
866 2835 922 2855 om.
939 2828 973 2855 Α.
989 2828 1127 2864 ἑσπερίοις
1142 2829 1173 2858 Β.

1228 2831 1251 2847 ’⁸
1268 2831 1468 2863 καταλύσαντες
1484 2840 1515 2864 ς.
1567 2832 1589 2848 ⁶⁹
1600 2833 1790 2886 παραπλησιον

1239 2867 1261 2883 ⁷³
1275 2867 1354 2886 Samii
1363 2867 1473 2886 υῆιιηίηυ
1485 2868 1550 2886 in“:
1562 2875 1605 2886 nm
1705 2870 1715 2886 τ
1743 2866 1790 2886 λῖκ-

1743 2879 1790 2898 ου-

186 2834 210 2840 -ν
225 2834 356 2856 παιοειας
371 2834 400 2852 υ.
441 2834 464 2842 συ
478 2834 607 2852 επιοαλου
649 2835 661 2858 ς
675 2834 708 2854 Α.
766 2834 786 2843 “’
803 2834 852 2854 και
866 2835 922 2855 om.
939 2834 973 2855 Α.
989 2834 1127 2864 ἑσπερίοις
1143 2834 1173 2858 Β.
1228 2834 1251 2847 ’⁸
1268 2834 1468 2863 καταλύσαντες
1484 2840 1515 2864 ς.
1567 2834 1589 2848 "
1600 2841 1638 2860 πα
1658 2841 1667 2860 ι

147 2858 190 2903 τῷ
203 2859 332 2903 μεθύογτι
347 2867 378 2891 ς.
455 2860 574 2902 succi-8:
588 2834 665 2903 :35
677 2871 708 2903 ς..
723 2870 738 2903 Ἀ
746 2862 796 2903 "ﬁ
811 2863 881 2899 τύχῃ
891 2867 959 2903 _ant_e
971 2864 1065 2903 αὐτοῖς
1078 2865 1201 2903 ponitB:
1239 2867 1261 2883 "
1275 2867 1354 2903 δεινῶ
1363 2867 1473 2903 νόμοίαν
1485 2868 1550 2903 ἡμῖν
1562 2875 1618 2896 om.

147 2902 191 2920 τοι
205 2893 231 2921 VA
249 2893 332 2922 ςοῠτε
349 2903 380 2926 ς.
417 2895 439 2912 ⁷⁸
451 2896 546 2932 πυκνῷ
557 2905 589 2928 ς.

643 2897 666 2914 ’³⁵
691 2897 827 2935 ἀνθρώπῳ
845 2897 919 2935 ’πρὸς
936 2899 1091 2936 ἄνθρωπον]
1116 2900 1271 2937 ἀνθρώποις
1298 2902 1328 2931 Β.
