1945 3073
175 200 210 231 39
306 204 313 211 ‘
755 193 887 226 PHOTII
904 191 967 223 PA'I

1022 192 1161 223 ARCI—IE
1173 192 1230 223 ΟΡ.
1771 189 1808 222 40

175 257 287 287 habere.
315 255 363 283 sed
389 253 606 288 assuefactione,
622 258 650 282 et
673 257 755 286 nutu,
779 252 912 287 sonisque
935 259 967 279 ac

1022 251 1068 278 καὶ
1089 251 1225 286 μιμητικῇ
1242 249 1357 286 δηλώσει
1370 249 1482 276 διοικεῖν
1508 249 1597 277 πάντα
1615 249 1649 276 τὰ
1671 247 1739 285 πρὸς
1762 249 1809 275 τὸν

175 303 325 331 imitatrice
341 302 556 337 signiﬁcatione,
595 305 695 328 cuncta
719 299 746 327 in
771 299 828 326 vita
852 297 969 326 admini-

177 355 267 378 strare
283 349 423 377 videntur.

175 407 240 435 CAP.
257 405 326 433 XVI.
346 405 383 433 De
410 414 461 432 non
482 403 631 432 sitientibus
653 402 854 439 ichtliyophagis
885 406 910 429 et
936 401 969 429 de

435 441 524 476 phocis
541 447 633 466 rarum
646 439 721 473 quid.

212 496 426 533 lchthyophagis
438 495 520 531 (quos
534 502 590 522 non
605 493 683 522 sitire
695 492 767 521 fama
780 497 831 528 est)
847 491 966 524 ﬁnitimi,

179 552 230 572 ceu
250 543 410 571 inviolabile
428 542 564 569 sancitum
581 541 621 568 eis
632 539 721 568 foedus
735 540 770 566 sit
783 546 845 566 eum
861 538 967 574 phocis,

177 599 229 619 nec
253 586 304 624 ipsi
333 589 436 624 phocas
455 588 568 620 la:dunt,
594 594 646 614 nec
668 587 703 614 ab
725 585 781 613 illis
802 589 968 613 uocumento

180 638 338 666 adiciuntur
360 646 368 664 :
392 637 448 663 imo
473 636 554 663 etiam
575 636 680 670 praedas
699 634 771 662 inter
792 642 821 662 se
844 632 968 661 venatori

177 686 310 721 integras,
327 688 354 712 et
372 683 535 711 insidiarum
553 683 700 714 itnmunes,
719 686 867 715 utrumque
882 686 968 715 genus

176 731 310 763 custodit,
333 734 359 758 et
382 729 419 756 ita
447 734 569 756 mutuam
590 727 661 754 inter
687 734 717 754 se
738 725 968 754 consuetudinem

175 775 289 806 habent,
305 779 335 801 ut
359 773 404 800 vix
422 773 561 805 homines,
582 771 630 806 qui
657 778 720 798 cum
746 769 906 797 hominibus
930 768 968 796 ita

176 821 334 848 convictum
351 824 445 852 agant,
464 818 652 845 inveniantur.

209 865 274 893 Car.
295 863 379 891 XVII.
406 863 568 890 Habitacula
585 862 838 898 icht/iyoplmgorum
856 865 881 889 et
893 861 969 897 fune-

174 911 256 938 ratio.
281 927 316 931 —
341 910 408 937 Pars
440 909 673 944 ichthyophagum
702 915 752 943 pro
782 908 967 936 tabernaculis
982 929 1004 958 Β

176 958 277 985 habent
289 964 398 992 specus,
417 964 470 983 non
484 962 641 994 conversos.
651 954 684 982 ad
693 954 846 986 meridiem,
858 959 967 989 propter

175 1004 356 1032 immodicum
383 1007 495 1035 :estum,
526 1001 574 1029 sed
605 1002 631 1028 in
659 1001 767 1037 plagam
798 1001 966 1029 contrariam

175 1057 298 1078 aversos.
315 1049 384 1077 Pars
400 1049 452 1077 sub
466 1048 550 1076 costis
563 1048 693 1084 piscium,
710 1047 810 1082 quihus
838 1047 905 1082 algae
929 1047 968 1074 in-

175 1101 346 1128 sternuutur,
358 1096 468 1130 degunt.
490 1095 541 1121 Alil
559 1094 675 1122 vertices
702 1094 836 1121 olivarum
854 1094 924 1120 inter
939 1100 969 1121 se

176 1149 317 1170 connexos
335 1149 385 1177 pro
397 1140 548 1168 domiciliis
562 1144 706 1175 usurpant.
725 1138 753 1166 Id
772 1143 865 1166 autem
881 1145 968 1174 genus

181 1189 262 1217 oliva:
290 1188 412 1215 fructum
439 1187 496 1214 edit
529 1187 592 1214 nuci
623 1189 760 1213 castanea:
788 1185 967 1220 persimilem.

177 1236 280 1268 Quarta
295 1242 363 1270 gens
378 1233 611 1269 ichthyophagum
635 1233 716 1259 talem
736 1231 877 1259 habitandi
903 1238 970 1258 con-

177 1281 353 1309 suetudinem
377 1280 468 1306 habet.
494 1279 648 1306 Itnmeusus
669 1285 760 1305 arenae
787 1277 913 1305 cumulus
935 1284 970 1304 ex

177 1327 253 1354 omni
268 1333 326 1353 aevo
345 1331 494 1360 congestus
504 1329 556 1356 est,
574 1324 663 1352 instar
674 1323 786 1350 montis.
802 1322 882 1357 Isque
896 1326 969 1350 totus

178 1381 193 1401 a
209 1373 291 1400 ﬂuctu
307 1377 442 1408 perpetuo
457 1372 577 1399 alluente
593 1371 790 1402 condensatur,
809 1374 841 1398 ut
861 1377 876 1397 a
898 1369 969 1397 mole

178 1420 270 1454 aliqua
289 1419 398 1454 generis
413 1423 441 1445 et
453 1422 560 1445 naturae
576 1417 669 1449 unius,
682 1421 793 1452 propter
802 1423 892 1443 areme
903 1423 970 1443 con-

178 1465 330 1492 cretionem
349 1463 414 1490 nihil
442 1462 560 1489 dill‘erat.
581 1462 651 1489 Ilinc
673 1461 810 1489 cuniculis
826 1461 858 1487 ad
881 1460 969 1495 longi-

179 1510 304 1538 tudinem
314 1509 366 1536 viri
379 1508 459 1540 actis,
469 1516 530 1543 qua:
542 1508 568 1535 in
580 1507 688 1543 fastigio
703 1512 777 1538 sunt.
793 1507 970 1534 iudurescere

177 1560 206 1584 et
220 1556 283 1583 lecti
304 1563 383 1583 usum
399 1554 521 1589 praebere
542 1553 646 1586 sinunt,
671 1558 782 1589 propter
806 1560 887 1588 quam
912 1551 969 1580 dixi

1020 297 1088 333 βίον.

1021 385 1090 420 Περὶ
1107 384 1167 412 τῶν
1178 385 1296 420 ἁδίψων
1316 384 1519 452 ἰχθὲἕὲςάγων,
1536 384 1585 411 καὶ
1605 383 1665 410 τῶν
1687 383 1806 419 φωκῶν,

1416 428 1462 447 ον.

1416 428 1462 447 ον.

1058 479 1120 505 ’Ὁτι
1137 478 1215 513 φησὶ,
1241 477 1359 511 Πλησίον
1377 476 1434 504 τῶν
1458 476 1562 511 ἀδίψων
1580 475 1756 511 ἰχθυοφάγων
1782 478 1808 504 οι

1020 523 1226 556 κατοικοῦντες,
1235 523 1331 559 ὥσπερ
1345 522 1530 558 ἀπαραδάτων
1539 522 1562 538 ⁷⁸
1571 523 1693 550 σπονδῶν
1706 523 1811 559 μεταξὺ

1019 569 1151 597 τεθέντων
1168 569 1259 596 αὐτῶν
1273 577 1304 594 τε
1320 568 1367 595 καὶ
1380 568 1436 595 τῶν
1450 568 1549 603 φωκῶν
1560 587 1568 599 ,
1582 567 1645 595 οὔτε
1664 568 1741 595 αὐτοὶ
1759 569 1810 601 τὰς

1019 616 1115 651 φώκας
1129 616 1261 648 σίνονται,
1283 616 1337 642 οὐδ’
1353 615 1400 642 ὑπ’
1417 615 1530 642 ἐκείνων
1543 613 1616 643 οὗτοι
1632 615 1810 651 βλάπτονται,

1019 663 1088 691 ἀλλὰ
1100 663 1149 690 καὶ
1161 662 1286 698 ἀλλήλων
1299 662 1386 697 θήρας
1409 661 1655 694 ἀνεπισουλεύτους
1668 662 1707 696 τῷ
1723 662 1810 698 θηρά-

1020 718 1097 737 σαντι
1111 709 1242 745 ἑκάτερον
1257 709 1336 743 γένος
1351 709 1480 744 συντηρεῖ
1489 728 1497 740 ,
1511 709 1559 734 καὶ
1575 708 1810 744 συναναστρέφον-

1018 766 1064 783 ται
1077 756 1164 788 οὕτως
1179 755 1306 791 ἀλλήλοις
1328 755 1367 787 ὡς
1383 755 1460 791 μόλις
1476 755 1509 783 ἂν
1524 755 1662 792 εὑρεθεῖεν
1673 755 1743 791 πρὸς
1762 756 1810 783 άν·

1019 802 1147 838 θρώπους
1160 811 1193 828 συ
1197 801 1343 837 μδιοῦντες
1357 801 1406 829 ἄνθ
1411 810 1507 837 ρωποι.

1055 849 1120 886 [752
1138 848 1184 885 IL]
1204 849 1267 876 Ὀτι
1289 848 1344 875 τῶν
1370 848 1554 883 ίχθυοφάγων.
1581 849 1673 885 φησὶν,
1707 850 1732 876 οἰ
1759 850 1811 885 μὲν

1019 895 1183 930 σκηνώμασι
1204 896 1261 926 τοῖς
1285 894 1429 930 σπηλαίοις
1442 915 1449 928 ,
1469 894 1500 921 οὐ
1516 895 1717 930 τετραμμένοις
1739 895 1808 930 πρὸς

1020 942 1196 978 μεσημϐρίαν
1211 941 1255 968 διὰ
1269 941 1300 968 τὸ
1317 941 1463 975 πνιγῶδες,
1486 941 1556 970 ἀλλὰ
1570 943 1625 973 τοῖς
1643 942 1808 978 ἀπεστραμ-

1020 991 1114 1027 μένοις
1131 991 1228 1025 αὐτὴν,
1244 990 1383 1025 χρῶνται·
1405 991 1429 1017 οἱ
1443 990 1471 1017 δὲ
1487 990 1540 1017 ὑπὸ
1554 991 1615 1022 ταῖς
1627 990 1682 1017 τῶν
1708 990 1809 1025 ἰχθύων

1019 1038 1164 1074 πλευραῖς,
1183 1038 1274 1073 φυκία
1288 1037 1480 1070 ἐπιϐάλλοντες
1494 1038 1586 1069 αὐτοῖς
1596 1046 1602 1053 ·
1611 1038 1637 1064 οἱ
1652 1038 1680 1064 δὲ
1694 1038 1743 1069 τὰς
1754 1037 1810 1064 τῶν

1019 1085 1118 1113 ἐλαιῶν
1130 1084 1254 1121 κορυφὰς
1269 1084 1401 1120 ἀλλήλαις
1417 1084 1599 1117 συνάπτοντες
1615 1083 1674 1111 sita.
1688 1084 1809 1119 χρῶνται

1020 1129 1196 1166 σκηνώμασι.
1215 1130 1272 1165 Τὴν
1287 1130 1316 1157 δὲ
1335 1130 1464 1165 τοιαύτην
1477 1129 1571 1156 ὲλαίαν
1586 1129 1694 1166 καρπὸν
1714 1129 1809 1165 φέρειν

1020 1175 1088 1210 φησι
1105 1175 1282 1211 κασταναϊκῷ
1298 1175 1394 1211 καρύῳ
1409 1175 1603 1211 προσεμφερῆ,
1620 1175 1656 1202 Τὸ
1671 1175 1699 1201 δὲ
1711 1175 1808 1210 τέταρ-

1019 1228 1066 1247 τον
1081 1220 1137 1247 τῶν
1154 1220 1330 1256 ίχθυοφάγων
1352 1221 1432 1255 γένος
1454 1221 1504 1256 τὴν
1518 1221 1624 1255 οἴκησιν
1644 1221 1701 1256 ἔχει
1714 1221 1808 1248 τοιαύ-

1019 1274 1080 1302 την.
1096 1267 1207 1302 ’Δμμου
1225 1267 1325 1302 φόρτος
1343 1267 1459 1299 ἄπλετος
1474 1267 1507 1294 ὲκ
1520 1266 1569 1293 τοῦ
1584 1267 1684 1298 παντὸς
1697 1267 1807 1300 αἰῶνος,

1019 1312 1078 1348 ὄρει
1093 1313 1298 1348 παραπλήσιος,
1316 1312 1494 1348 σεσώρευται,
1512 1313 1560 1340 καὶ
1570 1313 1652 1344 πᾶςπ
1668 1310 1744 1343 οὗτος
1755 1312 1809 1339 ὑπὸ

1019 1357 1068 1385 τοῦ
1084 1358 1301 1394 πῳσὸάλλοντος
1315 1359 1359 1385 ἀεὶ
1375 1358 1499 1394 κύματος
1515 1358 1640 1393 σκληρῶς
1655 1358 1810 1393 πεπιλημέο

1020 1412 1065 1437 νος
1073 1404 1107 1436 ⁷⁸,
1120 1403 1192 1431 ὥστε
1205 1404 1357 1440 ὁμογενοῦς
1370 1404 1453 1439 ὄγκου
1467 1405 1514 1432 καὶ
1527 1404 1590 1440 μίαν
1606 1404 1688 1439 φύσιν
1703 1404 1810 1440 ἔχοντος

1019 1451 1065 1478 διὰ
1092 1452 1143 1486 τὴν
1173 1451 1247 1487 μίξιν
1276 1453 1324 1478 κα)⁸
1348 1451 1508 1487 συμπλοκὴν
1531 1452 1581 1486 τῆς
1604 1451 1698 1486 ἄμμου
1727 1451 1810 1486 μηδὲν

1019 1496 1235 1532 παραλλάσσειν.
1257 1495 1324 1524 Εἶτα
1343 1497 1497 1532 ὑπονόμους
1518 1498 1611 1529 αὐτοῖς
1628 1497 1811 1532 ἀνδρομήκεις

1020 1544 1173 1579 ὀρύττουσι,
1199 1543 1245 1570 τὸν
1274 1544 1324 1579 μὲν
1350 1543 1423 1570 κατὰ
1448 1544 1572 1578 κορυφήν
1599 1543 1682 1577 ὄγκον
1710 1543 1810 1575 ἐῶντες

180 1602 379 1630 eonnexionem
395 1610 402 1628 :
416 1601 462 1628 scd
482 1600 509 1627 in
525 1600 682 1635 pavimento
695 1599 820 1626 infcriori
835 1599 967 1633 oblongos

1022 1588 1186 1624 ὠχυρῶσθαι
1214 1587 1262 1615 καὶ
1289 1588 1396 1621 στέγειν
1419 1588 1464 1614 διὰ
1491 1588 1540 1621 τῆς
1570 1588 1720 1623 εἰρημένης
1747 1596 1811 1614 συν-

179 1648 284 1674 ducunt
305 1651 413 1672 meatus
434 1644 560 1679 undique
582 1644 654 1670 inter
675 1650 736 1670 sese
756 1642 920 1677 perforatas.
936 1640 966 1668 In

178 1693 234 1726 his,
250 1693 426 1726 aliquatenus
441 1690 475 1717 ad
492 1689 643 1724 penetralia
663 1693 744 1716 vento
758 1688 883 1722 exposita
907 1687 967 1713 luce

179 1738 312 1769 admissa,
329 1738 450 1771 quietem
464 1735 588 1770 capiunt.
606 1733 635 1761 Si
655 1733 767 1768 quando
779 1738 869 1759 autem
883 1731 967 1759 maris

178 1782 323 1810 inundatio
337 1781 437 1810 oritur,
460 1778 592 1814 pradam,
612 1785 668 1812 quo
687 1777 807 1805 diximus
823 1777 914 1808 modo,
933 1783 968 1803 ex

179 1827 334 1862 piscatione
348 1825 507 1860 acquirunt.
523 1823 578 1851 Nec
588 1823 643 1850 ulla
656 1830 723 1850 sane
738 1822 886 1849 morientes
901 1829 967 1848 cura

176 1874 338 1908 dignantur,
357 1878 420 1899 cum
439 1877 516 1897 mens
539 1869 648 1896 illorum
666 1868 852 1896 misericordia
868 1866 967 1902 451a

177 1921 275 1954 (quam
293 1917 386 1952 opinio
405 1916 502 1952 gignit)
515 1923 569 1942 non
584 1915 727 1942 adiciatur.
748 1913 812 1940 Ideo
832 1913 968 1948 projectos

175 1965 271 2000 jacere
283 1965 388 1996 sinunt,
406 1964 495 1989 donec
511 1961 692 1996 reciprocatio
715 1965 800 1987 metus
817 1959 913 1987 oborta
939 1959 968 1985 in

179 2018 257 2038 mare
273 2010 345 2041 illos,
363 2016 454 2036 escam
470 2008 604 2043 piscibus,
618 2006 772 2035 abstulerit.

213 2095 280 2123 Car.
299 2093 393 2121 XVIII.
415 2092 479 2120 Indi
494 2093 602 2127 quidam
622 2096 712 2126 sponte
731 2092 801 2124 nati,
826 2099 872 2118 seu
890 2090 968 2118 terri-

176 2149 260 2178 geme.
275 2139 454 2167 —-Nounulli
481 2137 644 2175 [Indorum]
669 2138 716 2173 qui
733 2145 766 2165 ex
791 2138 860 2164 mari
887 2138 968 2165 victi-

180 2192 249 2220 tant,
261 2195 329 2214 ευιιι
339 2186 402 2213 aliis
414 2186 496 2213 etiam
513 2185 566 2212 hoc
578 2185 664 2211 multo
680 2183 843 2211 insolentius
856 2183 966 2216 habent,

179 2238 207 2261 et
223 2232 297 2267 quod
323 2233 350 2258 in
372 2230 488 2258 rationis
507 2228 588 2256 ﬁdem
610 2236 665 2255 non
692 2227 772 2255 facile
798 2229 879 2255 cadit.
899 2227 967 2254 Nam

1022 1634 1132 1665 δέσεως,
1151 1634 1183 1660 ὲκ
1197 1633 1226 1660 δὲ
1238 1633 1286 1660 τοῦ
1302 1633 1424 1660 κάτωθεν
1438 1633 1554 1667 ἐδάφους
1567 1633 1746 1668 παραμήκεις
1762 1633 1811 1659 αὑ-

1021 1680 1109 1712 λῶνας
1126 1679 1406 1715 κατασκευαζόμενοι,
1434 1679 1502 1715 πρὸς
1528 1679 1661 1714 ἀλλήλους
1677 1679 1810 1706 πάντοθεν

1021 1726 1267 1762 συντετρημένους,
1281 1727 1311 1752 ἐν
1325 1723 1365 1758 οἷς
1379 1725 1449 1757 τέως
1463 1726 1512 1760 μέν
1521 1734 1592 1757 τινος
1601 1726 1623 1742 ⁷³
1635 1726 1669 1752 τὰ
1683 1727 1752 1761 πρὸς
1764 1726 1812 1752 τὸν

1021 1773 1123 1808 ἄνεμον
1138 1772 1309 1807 φωτίσαντες
1324 1773 1437 1806 ἄγουσιν
1449 1772 1578 1807 ἡσυχίαν,
1591 1772 1661 1799 ἐπὰν
1678 1772 1706 1798 δὲ
1719 1772 1810 1807 πλημ-

1021 1820 1105 1855 μυρὶς
1119 1819 1232 1855 ἐπέλθῃ,
1247 1818 1282 1845 τὰ
1298 1818 1367 1854 πρὸς
1390 1818 1440 1853 τὴν
1459 1819 1547 1853 ἄγραν
1555 1818 1589 1851 ⁸ο,
1603 1819 1640 1850 ὡς
1654 1819 1701 1845 καὶ
1716 1818 1811 1853 προεί·

1021 1874 1115 1900 ρηται,
1133 1864 1402 1900 παρασκευάζονται.
1417 1864 1486 1896 Τοὺς
1504 1865 1595 1900 μέντοι
1613 1873 1645 1899 γε
1659 1864 1810 1891 τελευτῶν-

1019 1919 1069 1942 τας
1091 1910 1182 1938 αὐτῶν
1205 1910 1334 1945 οὐδεμιᾶς
1351 1909 1460 1943 ἀξιοῦσι
1475 1911 1615 1946 ’προνοίας1
1630 1911 1724 1945 ἀπαθῆ
1741 1911 1811 1947 πρὸς

1020 1957 1065 1984 τὸν
1079 1957 1112 1984 ὲκ
1122 1956 1201 1992 δόξης
1215 1956 1290 1983 ἔλεον
1312 1957 1479 1992 κεκτημένοι
1494 1957 1544 1992 τὴν
1560 1957 1674 1993 γνώμην
1684 1966 1692 1973 ·
1704 1957 1745 1984 διὸ
1765 1958 1811 1984 καὶ

1020 2002 1128 2030 κεῖσθαι
1151 2002 1314 2039 ὲῤῥιμένους
1327 2003 1420 2036 ἐῶσιν,
1436 2003 1489 2034 ἕως
1504 2002 1537 2030 ἂν
1552 2003 1681 2038 ἄμπωτις
1697 2003 1810 2034 τούτους

1019 2050 1076 2080 τοῖς
1093 2048 1209 2084 ἰχθύσιν.

1057 2096 1119 2122 Ὀτι
1135 2096 1218 2130 φησὶν
1235 2095 1322 2127 ένίους
1335 2095 1390 2122 τῶν
1406 2094 1460 2122 ἀπὸ
1473 2095 1522 2130 τῆς
1539 2094 1672 2129 θαλάττης
1685 2095 1810 2131 σιτουμέ-

1019 2150 1074 2170 νων
1089 2143 1158 2177 μετὰ
1174 2142 1228 2169 τῶν
1245 2142 1333 2169 ἄλλων
1348 2142 1397 2168 καὶ
1412 2141 1492 2168 τοῦτο
1506 2140 1579 2176 ἔχειν
1592 2141 1809 2177 παραδοξότερον

1019 2188 1068 2215 καὶ
1082 2189 1121 2220 εἰς
1137 2187 1249 2223 λογικὴν
1262 2187 1461 2223 καταχωρῆσαι
1477 2187 1572 2214 πίστιν
1585 2188 1614 2214 οὐ
1627 2188 1728 2223 ῥᾴδιον,
1739 2187 1808 2215 Οὔτε

1018 2234 1073 2270 γὰρ
1089 2233 1171 2260 πόθεν
1188 2234 1228 2265 εἰς
1243 2233 1289 2259 τὸν
1304 2233 1405 2268 χῶρον,
1420 2234 1450 2260 ὲν
1462 2229 1485 2260 ὦ
1501 2233 1622 2260 οἰκοῦσιν
1634 2234 1763 2269 ἀφίκοντο
1772 2234 1806 2268 δί,

179 2280 250 2306 unde
265 2283 312 2305 aut
326 2277 464 2313 quomodo
479 2277 507 2303 in
526 2276 628 2307 locum,
651 2275 700 2302 ubi
720 2282 792 2302 nunc
808 2281 964 2308 versantur,

1022 2280 1092 2306 ἐστιν
1107 2278 1269 2313 ἐπιγνῶναι,
1283 2278 1345 2305 οὔτε
1360 2279 1434 2311 ὅπως
1447 2279 1542 2314 λισσῆς
1553 2280 1602 2314 μὲν
1618 2279 1722 2315 πέτρας
1739 2279 1808 2306 ἄνω.

181 2324 370 2361 pervenerint,
391 2322 551 2358 cognitione
570 2321 680 2357 assequi
700 2329 755 2349 non
779 2321 852 2349 licet.
872 2321 965 2356 Siqui-

175 2373 239 2400 dem
253 2371 340 2399 ardua
352 2375 379 2398 et
395 2373 532 2405 praerupta
549 2369 590 2396 eis
606 2372 681 2403 petra
694 2375 744 2396 ceu
755 2368 822 2403 jngo
833 2368 965 2395 continuo

176 2418 328 2453 impendet,
338 2421 366 2444 et
383 2415 533 2451 praecipitia
548 2415 683 2442 montium
699 2422 730 2442 ex
749 2415 862 2450 obliquo
876 2419 966 2441 trans-

178 2465 234 2493 itus
251 2464 388 2495 adimunt,
407 2466 435 2490 et
465 2461 578 2497 pelagus
589 2469 698 2489 omnem
713 2469 746 2489 ex
764 2462 879 2488 adverso
900 2468 967 2488 con-

176 2513 309 2540 tinentem
328 2510 513 2542 disterminat.
535 2513 566 2536 ut
589 2509 710 2544 pedestri
735 2509 834 2536 itinere
852 2509 966 2535 omnino

176 2558 263 2595 (quod
277 2557 344 2591 dixi)
361 2556 427 2584 illuc
443 2555 530 2583 veniri
553 2563 609 2583 non
635 2556 733 2591 possit,
751 2560 778 2583 et
795 2554 902 2583 ratibus
917 2561 966 2583 aut

177 2605 288 2637 lembis,
303 2604 339 2631 ob
361 2603 497 2631 defectum
517 2610 609 2630 rerum
629 2603 700 2638 apud
724 2610 775 2630 nos
792 2602 965 2634 usitalarum,

175 2660 255 2688 atque
271 2651 307 2678 sit
325 2650 444 2678 dillicile.
467 2649 534 2683 Quae
553 2657 616 2677 cum
633 2649 670 2676 ita
693 2657 724 2677 se
746 2649 876 2682 habeant,
899 2649 965 2676 reli-

178 2704 264 2732 quum
287 2701 338 2728 est,
364 2700 394 2723 ut
409 2695 528 2729 dicatur,
552 2694 699 2730 indigenas
717 2702 788 2727 esse,
812 2694 860 2730 qui
883 2694 966 2730 primi

1019 2327 1064 2354 θεν
1076 2325 1293 2361 ὲπεζευγμένης,
1309 2326 1343 2352 ἔκ
1357 2325 1473 2360 πλαγίου
1490 2325 1517 2352 δὲ
1532 2326 1662 2362 κρημνῶν
1673 2326 1792 2362 ἀφαιρου
1806 2342 1810 2345 -

1019 2372 1108 2408 μένων
1133 2371 1182 2403 τὰς
1204 2372 1350 2406 παρόδους,
1367 2373 1419 2407 τὴν
1437 2372 1466 2399 δὲ
1484 2373 1616 2400 ἀπέναντι
1633 2373 1724 2399 πᾶσαν
1747 2373 1807 2409 ὁρί-

1019 2417 1152 2450 ζοντοςη,
1162 2416 1255 2454 [1349
1274 2417 1325 2454 IL]
1340 2417 1355 2444 δ
1369 2418 1447 2445 mi."
1467 2418 1536 2454 πεζῇ
1567 2419 1618 2454 μὲν
1635 2418 1723 2446 ἐλθεῖν
1739 2427 1809 2446 παν-

1018 2462 1104 2494 τελῶς
1119 2462 1167 2498 (ὡς
1182 2459 1271 2499 εἷπον)
1294 2463 1437 2496 ἀδύνατον,
1455 2463 1574 2498 σχεδίαις
1596 2464 1618 2490 δ’
1635 2464 1737 2500 ὁμοίως
1752 2465 1808 2491 ἀπ-

1019 2508 1083 2545 ορίᾳ
1095 2508 1149 2535 τῶν
1165 2509 1230 2544 παρ’
1245 2510 1310 2544 ἡμῖν
1326 2509 1356 2542 ἐξ
1378 2509 1436 2536 ῐσου
1451 2509 1563 2545 ἄπορον.
1578 2510 1688 2537 Τούτων
1707 2510 1735 2537 δὲ
1759 2510 1809 2545 ὑφ-

1019 2555 1157 2588 εστώτων,
1182 2556 1260 2591 φησὶ,
1285 2555 1378 2582 λοιπὸν
1403 2557 1490 2582 εἰπεῖν
1514 2557 1552 2588 ὼς
1576 2556 1728 2591 αὐθιγενεῖς
1742 2557 1806 2588 εἰσι,

1020 2602 1163 2637 μνήμην⁸⁸
1171 2601 1217 2628 τοῦ
1235 2601 1344 2637 πρώτου
1358 2602 1519 2637 σπέρματος
1531 2603 1563 2628 οὐ
1575 2602 1712 2634 λαϐόντες,
1728 2602 1770 2628 ἀεὶ
1777 2601 1807 2628 δὲ

1020 2648 1192 2683 ὑπάρχοντες
1202 2667 1210 2680 ,
1226 2647 1255 2674 ὃν
1267 2647 1370 2683 τρόπον
1394 2647 1459 2674 ἔνιοι
1476 2648 1530 2675 τῶν
1546 2648 1721 2684 καλουμένων
1740 2645 1807 2683 dipl-

1022 2703 1104 2722 σαντο
1115 2694 1248 2729 φυσικῶν.

822 2783 940 2812 νᾹίὶῐιΕ
958 2783 1160 2813 LECTIONES.

230 2845 254 2862 "'
273 2845 381 2872 ἀϐάτων
403 2853 435 2877 ς.
491 2845 514 2861 ⁷⁷
533 2845 588 2876 πᾶς
614 2844 676 2872 add.
693 2843 725 2871 Δ.

178 2879 284 2915 ἁφῆκον
302 2889 332 2913 ς.

179 2915 204 2931 ³⁸
219 2916 331 2951 μνήμην
349 2917 370 2943 A
386 2925 394 2943 :
414 2915 505 2951 λύμην
521 2925 551 2948 ς.

782 2843 806 2860 ⁷⁵
825 2843 1017 2879 πεπιλωμένος
1030 2853 1060 2877 ς.
1072 2874 1078 2880 _

386 2879 571 2924 ιιρριζοντος]
595 2879 642 2907 τοῦ
666 2879 802 2914 πελάγους
833 2877 969 2915 ὁρίζοντος
992 2877 1157 2910 Hudsonusc
1171 2877 1291 2909 Diodoro
1310 2879 1366 2910 Sic.

1111 2845 1133 2861 ⁷⁰
1148 2853 1221 2877 τινες
1247 2844 1276 2872 Β.
1324 2845 1347 2861 ⁶⁰
1361 2845 1379 2872 ά
1398 2845 1465 2881 ορὰν
1479 2844 1513 2872 Δ.
1565 2843 1588 2859 ⁸¹
1602 2843 1734 2878 ἀφίκοντο
1759 2843 1783 2872 Δ
1799 2853 1807 2872 :

1111 2887 1157 2909 use
1171 2877 1291 2909 Diodoro
1310 2879 1366 2909 Sic.
1428 2881 1474 2908 20.
1510 2879 1535 2896 ⁸³
1553 2878 1568 2905 δ
1580 2879 1638 2909 καὶ]
1659 2880 1753 2908 malim
1769 2878 1806 2908 οἰ.

1403 2878 1474 2914 (20.
1510 2879 1535 2896 ⁸³
1553 2878 1568 2905 δ
1580 2879 1638 2917 καὶ]
1659 2880 1753 2908 malim
1769 2878 1806 2908 οἰ.
