1945 3073
162 166 198 199 45

717 155 980 187 BIBLIOTHECA.
995 169 1031 174 —
1046 156 1128 187 COD.
1147 156 1222 188 CCL.

1742 162 1778 194 46

160 214 343 250 ἁπαλωτάτην
363 214 430 250 ὕλην
453 213 618 250 ἀμέλγοντες
645 213 776 249 εὐμαρῶς
793 212 940 240 σιτοῦνται.

1010 213 1113 241 tenixe
1134 221 1258 242 summos
1277 213 1386 250 assequi
1402 222 1493 244 ramos
1515 217 1694 248 contendunt.
1712 217 1781 247 Hinc

160 261 294 297 Τοιαύτην
306 260 335 287 δὲ
348 261 381 287 ἐκ
391 258 440 287 τοῦ
451 259 553 291 παντὸς
568 258 627 294 βίου
644 258 807 294 πεποίηνται
817 257 867 293 τὴν
877 258 944 290 saw,

161 310 231 337 ὥστε
244 309 293 336 καὶ
306 308 341 335 τὰ
352 307 403 342 τῆς
423 306 581 342 ἀναδρομῆς
597 305 711 333 ἄπιστον
727 305 800 341 ἔχειν
813 305 863 340 τὴν
881 304 946 332 θέαν

160 357 207 383 καὶ
231 355 282 390 τὴν
305 353 445 381 συντονίαν
461 352 493 379 οὗ
515 351 616 387 χειρῶν
640 351 721 388 μόνον
736 351 783 378 καὶ
807 349 947 377 δακτύλων

162 402 209 429 καὶ
236 399 336 432 ποδῶν,
359 398 427 426 ἀλλὰ
449 398 497 425 καὶ
520 398 575 425 τῶν
600 396 692 433 μερῶν
712 397 767 423 τῶν
792 395 947 422 ὑπολοίπων

163 447 265 479 ἁπλῶς.
282 444 466 480 Μεταπηδῶσι
488 443 544 480 γὰρ
567 444 692 479 εὐπόρως
711 442 760 471 ἀπ’
778 442 859 470 ἄλλου
878 442 946 478 πρὸς

162 494 256 529 ἓτερον
267 493 418 528 ἁκρέμονα,
435 490 483 518 καὶ
496 490 560 521 τοὺς
573 489 687 521 κλάδους
708 488 831 524 ἀλλήλων
849 488 947 516 πολλά-

162 547 208 571 κις
219 539 248 565 ἐν
262 539 319 569 τοῖς
334 535 579 572 ἐπισφαλεστάτοις
591 535 684 566 τόποις
702 533 891 569 ἀφαιροῦνται,
901 533 948 559 καὶ

163 584 277 612 τοιαῦτα
290 583 476 611 ἐνδείκνυνται
488 582 559 609 ὥστε
574 580 620 608 τδν
637 580 726 608 ἰδόντα
740 579 821 607 αὑτὸν
837 579 886 614 μέν
901 579 946 605 ἐκ-

164 630 344 668 πλήττεσθαι,
369 629 407 666 μὴ
423 629 515 665 μέντοι
536 628 648 664 θαρρεῖν
671 627 712 659 είς
734 626 798 658 τοὺς
816 625 948 659 ἀπείρους

164 675 346 711 ἐξαγγέλλειν.
366 675 421 702 Καὶ
439 674 528 702 πάντα
550 673 580 700 δὲ
594 672 691 700 κλάδον
705 673 763 704 τοῖς
783 671 888 698 ὀδοῦσιν
902 669 949 704 ἑγ-

163 720 244 757 χυλον
276 718 493 755 κατεργάζονται
521 717 571 745 καὶ
594 718 655 749 ταῖς
680 716 796 748 κοιλίαις
822 715 949 751 εὐπόρως

164 765 327 794 πέττουσι³·
345 765 428 802 [1555
443 764 488 801 8.]
513 764 605 791 καὶτὸ
625 763 724 798 σφαλὲν
746 762 849 791 ἄνωθεν
868 761 948 797 σῶμα

162 813 207 840 διὰ
217 813 266 848 τὴν
282 812 426 848 ἰσχνότητα
447 810 478 838 οὐ
496 810 608 847 βαρείας
620 809 749 845 τυγχάνει
762 809 812 844 τῆς
827 807 947 843 πληγῆς.

164 855 245 886 Οὗτοι
261 858 291 885 δέ
307 857 406 894 γυμνοὶ
430 857 480 894 μέν
502 857 555 884 εἱσι
572 856 684 889 πάντες,
706 855 825 891 χρῶνται
840 854 869 881 δέ
890 862 949 880 κοι-

164 885 241 938 νοῖς⁸
255 885 438 936 καίτέκνοις
459 904 508 931 καὶ
527 902 646 938 γυναιξὶ,
661 885 812 937 πολεμοῦσι
833 900 863 927 δὲ
886 899 951 936 περὶ
963 885 988 916 Β

164 951 221 978 τῶν
235 951 327 978 τόπων
341 949 497 986 ἀλλήλοις⁸,
517 948 729 985 μεταλλάττουσι
745 947 774 974 δὲ
790 947 815 973 οἱ
828 946 951 973 πλεῖστοι

166 997 238 1033 λιμῷ
247 997 416 1033 πιεζόμενοι,
427 995 635 1032 γλαυκωμάτων
651 993 717 1030 περὶ
733 993 769 1020 τὰ
781 993 950 1029 πεντήκοντα.

166 1045 214 1080 ἔτη
227 1045 284 1077 τοῖς
298 1043 419 1079 ὄμμασιν
436 1043 644 1079 ἐπιτρεχόντων.

290 1111 362 1146 Περὶ
379 1111 440 1139 τῶν
451 1110 623 1146 λεγομένων
641 1108 828 1145 κυνηγετῶν.

203 1166 270 1203 [755
282 1166 328 1203 H.]
337 1166 399 1194 Ὅτι
415 1165 486 1203 μετὰ
498 1166 562 1197 τοὺς
575 1165 737 1202 εἰρημένους
753 1164 824 1191 εισὶν
836 1164 860 1190 οἱ
875 1162 952 1199 παρὰ

167 1214 224 1244 τοῖς
243 1212 388 1248 ἐγχωρίοις
404 1211 546 1246 λεγόμενοι
558 1210 725 1246 κυνηγέται.
742 1206 823 1237 Οὗτοι
841 1209 888 1236 διὰ
904 1208 954 1245 τὴν

169 1258 225 1284 τῶν
238 1258 340 1294 θηρίων
354 1257 452 1293 φορὰν,
461 1257 494 1292 ἢν
508 1257 522 1283 ὁ
538 1256 619 1288 τόπος
630 1255 746 1283 ἄπλετον
760 1255 850 1290 φέρει,
860 1256 889 1282 ἐν
898 1256 956 1287 τοῖς

169 1303 291 1339 δένδρεσι
307 1303 358 1338 μὲν
375 1302 531 1338 σκηνοῦσιν,
544 1301 575 1335 ἐξ
587 1301 698 1337 ἐνέδρας
709 1301 737 1328 δέ
746 1301 909 1337 ἀγρεύοντες
920 1301 956 1328 τὰ

171 1349 254 1385 θηρία
267 1349 371 1385 τροφὴν
385 1349 494 1380 ἐαυτοῖς
509 1347 596 1375 ταῦτα
612 1347 760 1375 ποιοῦνται.
775 1347 836 1374 Εἰσὶ
850 1348 898 1374 καὶ
911 1355 956 1374 το-

172 1396 247 1429 ξείας
265 1397 456 1432 ἐπιστήμονες.
478 1396 562 1424 Ἔπὰν
585 1396 614 1423 δέ
636 1397 723 1432 θήρας
747 1396 882 1431 ἀπορῶσι,
901 1397 958 1427 τοῖς

172 1439 292 1474 δέρμασι
304 1440 359 1467 τῶν
374 1441 625 1477 προτεθηραμένων
644 1441 694 1477 τὴν
717 1441 821 1469 ἔνδειαν
833 1440 958 1476 ἀναπλη-

175 1485 263 1520 potiar,
289 1485 431 1522 βρέξαντες
457 1487 506 1519 τὰς
531 1487 635 1522 βύρσας
658 1487 705 1514 καὶ
725 1486 789 1514 ἐπ”
808 1487 959 1523 ἀνθρακίαν

174 1530 278 1566 κούφην
292 1531 466 1563 ἐπιϐαλόντες
478 1552 486 1565 ,
502 1529 563 1559 εἶτα
576 1531 752 1564 σποδίσαντες
767 1532 815 1559 καὶ
830 1533 870 1564 εἰς
889 1532 958 1559 διαί-

174 1586 249 1613 ρεσιν
262 1579 317 1614 ἀγα
323 1579 424 1613 γόντες.

350 1681 420 1715 Περὶ
434 1677 494 1708 τῶν
507 1681 784 1716 Ἐλεφαντοφάγων.

210 1735 274 1763 Ὅτι
290 1736 360 1771 μετὰ
375 1736 439 1768 τοὺς
454 1737 626 1772 εἰρημένους,
639 1736 707 1763 πολὺ
719 1736 823 1762 τούτων
835 1734 961 1770 ἀφεστῶ-

174 1789 220 1812 τες
234 1781 282 1808 καὶ
296 1781 365 1817 πρὸς
382 1781 501 1817 ἐσπέραν
517 1781 618 1817 μᾶλλον
633 1781 835 1812 ἀνατείνοντες,
855 1780 924 1807 εἰσὶν
936 1780 962 1807 οἳ

177 1828 210 1853 ἑκ
225 1827 274 1862 τῆς
287 1826 343 1854 τῶν
357 1826 512 1861 ἐλεφάντων
526 1826 614 1862 θήρας
625 1827 671 1854 τὸν
689 1826 746 1863 βίον
760 1826 913 1854 ποιοῦνται.
929 1826 962 1853 Ol

178 1873 229 1906 μὲν
247 1873 300 1900 ἀπὸ
321 1873 442 1908 δένδρου,
467 1874 510 1909 ἐφ’
534 1870 557 1908 ᾧ
578 1873 711 1909 κάθηνται
728 1873 893 1905 σκοποῦντες
912 1873 963 1905 τὰς

178 1918 310 1954 παρόδους
325 1919 380 1946 τῶν
399 1919 513 1955 Θηρίων,
528 1920 588 1952 ταῖς
602 1919 650 1954 μὲν
665 1919 744 1955 χερσὶ
756 1919 806 1955 τῆς
819 1919 903 1955 οὐρᾶς
916 1919 963 1945 λα-

177 1964 297 1999 ϐόμενοι,
312 1966 368 1996 τοῖς
384 1966 448 1992 ποσὶ
471 1965 500 1992 δέ
514 1966 599 2001 πρὸςτ
617 1966 664 1992 τὸν
678 1965 765 2002 μηρὸν
787 1965 834 1992 τὸν
856 1965 964 2001 ἀριστε-

179 2010 226 2044 ρδν
248 2011 452 2038 ἐπιὸαινουσιν·
474 2008 534 2039 εἶτα
553 2012 675 2044 πελέκει,
690 2012 720 2038 ὃν
742 2011 896 2047 ἐπιτήδειον
915 2012 964 2039 καὶ

177 2057 286 2092 ἕτοιμον
299 2057 401 2093 ἔχουσι,
416 2058 466 2093 τὴν
477 2057 568 2091 δεξιὰν
585 2058 671 2092 ἰγνὺν,
686 2058 803 2089 πυκναῖς
815 2058 876 2089 ταῖς
893 2057 965 2092 πλη.

176 2104 241 2136 γαίς
257 2103 404 2138 χρώμενοι,
426 2104 648 2139 νευροκοποῦσιν,
662 2102 734 2130 οὕτω
751 2103 779 2130 δέ
795 2103 912 2135 ἐκτενῶς
930 2104 964 2138 τῇ

178 2149 230 2183 μὲν
246 2149 447 2185 καταφέροντες
467 2151 501 2185 τῇ
517 2150 546 2177 δὲ
559 2150 609 2185 τῆς
634 2149 718 2186 οὐρᾶς
730 2148 906 2184 κρατοῦντες,
927 2148 966 2180 ὠς

177 2194 263 2221 ἄθλου
278 2195 459 2230 προκειμένου
470 2195 521 2231 τῆς
535 2195 623 2232 ψυχῆς
632 2195 664 2231 ’ἢ
677 2196 730 2231 γὰρ
740 2196 900 2223 ἀποκτεῖναι
912 2194 964 2230 χρὴ

178 2241 194 2276 ῆ
210 2228 355 2276 τελευτᾷν,
371 2228 454 2278 ἀλλην
468 2228 515 2269 τοῦ
532 2228 630 2278 καιροῦ
646 2228 763 2275 διέξοδον
779 2242 829 2268 οὐκ
844 2228 964 2276 ἔχοντοςξ
981 2228 1004 2258 D

185 2287 271 2313 Ἐπὰν
287 2287 335 2314 δὲ’
345 2288 375 2314 τὸ
391 2288 460 2320 ζῶον
477 2289 510 2316 ἐκ
526 2289 575 2324 τῆς
590 2288 696 2324 πληγῆς
708 2289 755 2315 καὶ
767 2287 817 2323 τῆς
830 2288 966 2323 αἱμορρα-

179 2331 242 2365 γίας
271 2332 360 2368 πέσῃ,
384 2333 409 2360 οί
439 2334 609 2369 συνθηραταὶ
638 2333 834 2369 παραγίνονται
862 2333 909 2359 ἐπὶ
935 2333 966 2359 τδ

180 2377 350 2414 πτῶμα,καὶ
363 2379 409 2406 τοῦ
425 2379 520 2416 θηρίου
533 2380 633 2412 ζῶντος
649 2379 689 2406 ἔτι
703 2379 923 2415 παρατέμνοντες
935 2380 967 2406 ἐκ

180 2424 236 2451 τῶν
248 2424 380 2452 ὀπισθίων
395 2426 445 2458 τὰς
465 2426 569 2462 σάρκας
590 2425 767 2461 εὐωχοῦνται,
784 2425 829 2452 τὸν
854 2424 967 2460 ἔσχατον

179 2469 228 2496 τοῦ
250 2471 488 2506 καταπονηθέντος
512 2471 600 2502 οὕτως
625 2471 815 2506 ὑπομένοτος⁹
841 2470 968 2497 θάνατον.

193 2515 257 2542 Δλλ¹
270 2517 296 2543 οἱ
311 2517 360 2552 μὲν
376 2517 445 2552 μετὰ
459 2518 507 2545 τοῦ
521 2517 635 2553 ἐσχάτου
649 2517 773 2544 κινδύνου
787 2517 969 2552 ἐλεφαντοθῆ-

180 2571 228 2598 ραι
240 2563 374 2590 τοιοῦτοι·
388 2565 477 2600 ἐτεροι
492 2565 521 2592 δὲ
535 2565 655 2601 θηρῶσιν
670 2565 768 2596 αὐτοὺς
779 2563 876 2596 οὕτως·
887 2564 970 2600 Τρεῖς

179 2609 278 2644 ἄνδρες
294 2609 325 2637 ἓν
342 2609 393 2645 μὲν
407 2610 515 2646 ἔχοντες
531 2611 618 2644 τόξον,
639 2610 747 2642 ὀϊστοὺς
770 2610 798 2637 δὲ
824 2609 936 2642 πλείους
945 2610 967 2626 ¹⁰

998 258 1125 291 decerpta
1136 260 1315 295 virgultarum
1327 261 1484 294 tenerrima,
1495 262 1556 289 sine
1568 261 1677 290 fastidio
1687 264 1781 293 edunt.

998 303 1119 339 Eamque
1134 313 1167 332 ex
1184 309 1239 332 tota
1253 305 1304 333 sibi
1316 306 1368 333 vita
1381 306 1567 335 habitudinem
1581 315 1785 344 compararunt,

999 355 1028 377 ut
1043 351 1210 379 incredibilis
1223 351 1259 379 sit
1268 352 1326 379 visa
1340 352 1448 380 illorum
1465 353 1492 380 in
1511 353 1623 382 arbores
1637 362 1784 388 excursus,

996 401 1024 424 et
1038 397 1107 425 mira
1122 405 1176 425 non
1192 402 1297 425 tantum
1312 406 1456 431 manuum,
1469 399 1616 435 digitorum
1630 406 1658 428 et
1673 401 1783 436 pedum,

997 443 1044 471 sed
1066 443 1094 471 in
1108 443 1264 471 universum
1282 449 1442 472 caeterorum
1468 453 1576 481 quoque
1599 447 1783 475 membrorum

997 489 1145 517 contentio.
1159 488 1227 516 Nam
1242 490 1368 525 expedite
1379 491 1412 518 de
1424 498 1501 519 ramo
1513 491 1541 519 in
1556 500 1663 520 ramum
1687 495 1778 521 transi-

997 535 1068 562 liunt
1083 555 1091 568 ,
1130 539 1158 563 et
1191 535 1259 563 alter
1291 536 1368 564 alteri
1393 537 1533 572 termites,
1559 540 1640 567 etiam
1665 540 1691 568 in
1716 541 1783 569 locis

997 581 1246 615 periculosissimis,
1269 582 1372 617 eripit:
1403 587 1431 611 et
1456 584 1481 611 id
1507 591 1593 619 genus
1617 586 1670 614 alia
1687 592 1781 614 osten-

997 628 1067 657 tant,
1085 629 1114 652 ut
1128 625 1176 660 qui
1190 625 1272 658 videt,
1287 625 1345 661 ipse
1361 627 1469 662 quidem
1486 632 1597 664 stupore
1621 631 1784 664 percellatur

998 671 1045 698 sed
1060 668 1209 706 inexpertis
1225 673 1371 701 enuntiare
1391 681 1446 701 non
1462 675 1544 702 ausit.
1561 674 1617 704 Nec
1634 677 1782 712 quidquam

998 716 1102 745 frondis
1115 721 1157 746 est
1172 718 1248 746 succi
1269 718 1392 753 plenum,
1408 720 1482 754 quod
1509 720 1637 749 dentibus
1659 729 1783 750 commo-

998 762 1076 790 litum
1092 770 1146 791 non
1166 769 1339 800 concoquant
1352 765 1523 794 ventriculis.
1541 765 1670 802 Corporis
1681 776 1714 795 ex
1729 768 1785 796 alte

999 808 1102 844 delapsi
1138 817 1192 837 non
1220 810 1312 846 gravis
1330 814 1371 838 est
1383 811 1462 846 plaga
1487 817 1598 847 propter
1624 813 1786 841 exilitatem.

1000 854 1070 883 Nudi
1078 860 1142 884 sunt
1155 864 1261 889 omnes,
1276 858 1485 893 communisque
1499 858 1553 886 illis
1566 858 1670 887 sobolis
1685 864 1711 887 et
1724 867 1779 887 uxo

1003 909 1063 929 rum
1080 903 1204 930 educatio
1223 907 1251 930 et
1272 903 1387 932 fructus.
1412 903 1456 931 Fit
1475 909 1504 931 ut
1523 905 1556 932 de
1580 905 1647 932 locis
1671 905 1742 933 inter
1761 914 1791 934 se

1001 947 1170 983 belligerem.
1185 948 1311 984 Plerique
1328 957 1383 984 prae
1396 950 1521 985 angustia
1536 950 1616 978 famis
1629 952 1711 979 vitam
1726 959 1790 980 cum

1003 999 1091 1023 morte
1109 999 1294 1029 commutant,
1307 996 1416 1031 quando
1438 995 1606 1031 glaucomata
1628 997 1671 1032 (ad
1687 1006 1790 1026 annum

1004 1040 1031 1069 id
1052 1040 1308 1076 quinquagesimum
1321 1041 1439 1077 accidit)
1452 1042 1546 1070 oculos
1568 1042 1720 1070 incursant.

1002 1107 1066 1136 CAP.
1078 1106 1175 1135 XXIV.
1201 1107 1238 1135 De
1254 1108 1287 1135 iis
1300 1116 1364 1143 quos
1380 1107 1522 1136 Venatores
1537 1108 1634 1136 incolae
1645 1109 1791 1144 appellant.

1040 1164 1079 1192 De
1094 1164 1254 1192 Venetorum
1267 1170 1353 1200 gente,
1363 1173 1422 1200 qua
1435 1166 1514 1193 etiam
1528 1167 1606 1194 coriis
1625 1168 1749 1196 vescitur.
1758 1184 1792 1190 -

1005 1211 1072 1240 POst
1091 1212 1147 1245 jam
1171 1212 1337 1247 descriptos,
1352 1218 1415 1240 sunt
1431 1220 1501 1247 quos
1523 1212 1673 1242 Venatores
1696 1215 1792 1243 incolae

1007 1258 1161 1284 nominant.
1174 1256 1206 1284 Hi
1219 1261 1330 1292 propter
1347 1257 1498 1285 belluarum
1514 1257 1698 1293 frequentiam
1715 1261 1790 1295 (nam

996 1303 1171 1332 innumeras
1195 1303 1247 1331 fert
1272 1303 1360 1339 regio)
1386 1303 1413 1330 in
1437 1304 1586 1333 arboribus
1613 1306 1792 1334 contubernia

1008 1348 1129 1376 habent:
1146 1347 1193 1376 sed
1208 1355 1241 1376 ex
1255 1349 1361 1376 insidiis
1379 1348 1479 1384 4521»
1507 1348 1579 1377 feras
1603 1349 1724 1384 capiunt,
1742 1358 1793 1379 ca-

1008 1399 1124 1430 ptasque
1139 1395 1190 1423 sibi
1217 1395 1376 1423 alimentum
1394 1395 1506 1423 faciunt.
1528 1396 1683 1432 Sagittariaa
1704 1397 1786 1425 etiam

1009 1439 1077 1467 artis
1112 1439 1213 1474 peritia
1247 1439 1350 1467 valent.
1385 1439 1414 1467 Si
1446 1440 1548 1469 accidit
1580 1446 1609 1469 ut
1638 1442 1793 1470 venationis

1010 1489 1143 1519 proventu
1161 1489 1284 1518 careant,
1297 1484 1414 1520 pellibus
1431 1490 1495 1513 ante
1508 1491 1651 1521 captorum
1670 1485 1793 1522 inopiam

1011 1529 1131 1564 explent.
1149 1529 1231 1556 Goria
1260 1529 1334 1557 enim
1359 1529 1521 1562 madefacta,
1544 1529 1649 1558 levibus
1675 1530 1794 1558 admotis

1013 1577 1119 1611 prunis,
1133 1576 1253 1604 obruunt
1268 1577 1371 1604 cinere.
1386 1576 1475 1612 Atque
1489 1577 1527 1604 ita
1540 1581 1612 1605 tosta
1629 1578 1663 1605 ad
1679 1577 1794 1606 divisio-

1010 1630 1074 1649 nem
1088 1622 1253 1657 producunt.

1150 1680 1217 1708 CAP.
1232 1679 1316 1708 XXV.
1333 1680 1370 1707 De
1387 1679 1640 1716 Elephantopltagis.

1048 1735 1087 1764 De
1102 1735 1342 1772 Elephanlophagis
1358 1736 1485 1772 variaque
1500 1738 1593 1765 horum
1613 1739 1796 1767 venatione.—

1014 1782 1172 1817 Sequuntur
1187 1783 1248 1816 hos,
1263 1783 1309 1810 sed
1325 1790 1373 1817 per
1389 1783 1563 1811 intervallum
1581 1784 1649 1811 satis
1671 1784 1796 1820 longum.

1013 1833 1042 1856 et
1065 1828 1176 1856 occasui
1197 1828 1284 1864 magis
1302 1828 1412 1863 objecti,
1438 1828 1486 1863 qui
1509 1836 1543 1856 ex
1561 1829 1734 1865 elephantum
1750 1838 1798 1858 ve-

1014 1875 1126 1902 natione
1147 1874 1249 1902 victum
1272 1874 1430 1908 acquirunt.
1446 1875 1516 1902 Nam
1543 1880 1608 1902 sunt
1629 1883 1662 1903 ex
1688 1876 1732 1904 his
1750 1877 1798 1912 qui

1015 1921 1167 1948 insidentes
1179 1920 1281 1952 arbori,
1295 1920 1447 1948 helluarum
1463 1922 1596 1950 transitus
1609 1923 1796 1957 speculantur:

1014 1965 1143 2000 factoque
1166 1965 1314 2000 perniciter
1340 1964 1485 1999 descensu,
1513 1967 1641 1994 manibus
1664 1968 1799 2003 complexi

1015 2013 1142 2045 caudam,
1164 2016 1190 2039 et
1211 2012 1326 2046 pedibus
1346 2012 1373 2039 in
1395 2011 1483 2040 femen
1509 2013 1654 2041 sinistrum
1676 2015 1799 2046 connixi.

1015 2058 1292 2093 bipennis.‘aptas-ad
1315 2057 1368 2085 hoc
1392 2060 1420 2086 et
1440 2062 1553 2093 paratae,
1577 2058 1681 2086 crebris
1700 2059 1801 2087 ictibus

1016 2105 1129 2140 poplitis
1145 2104 1236 2132 dextri
1260 2111 1360 2131 nervos
1382 2104 1552 2131 succidunt:
1579 2109 1690 2139 tamque
1712 2105 1802 2132 valide

1019 2151 1071 2178 hac
1090 2150 1205 2177 vulnera
1221 2149 1353 2181 inferunt,
1378 2148 1440 2176 illac
1456 2149 1571 2176 caudam
1595 2153 1699 2181 tenent,
1717 2157 1801 2185 quant

1018 2198 1041 2225 si
1055 2198 1086 2224 dc
1103 2197 1157 2223 vita
1173 2201 1310 2223 certamen
1327 2195 1363 2223 sit
1378 2195 1542 2222 institutum.
1556 2196 1609 2221 Aut
1623 2196 1696 2222 enim
1717 2196 1803 2223 inter-

1017 2242 1156 2270 imendum
1184 2246 1248 2274 est,
1266 2245 1313 2268 aut
1336 2241 1535 2276 oppetendum,
1560 2241 1696 2276 siquidem
1719 2241 1802 2269 alium

1016 2288 1148 2323 temporis
1166 2287 1210 2315 hic
1231 2287 1363 2315 articulus
1387 2286 1490 2314 exitum
1509 2295 1561 2314 non
1580 2287 1716 2322 patefacit.
1733 2287 1801 2315 Pro—

1018 2333 1092 2367 lapsa
1114 2332 1197 2366 igitur
1218 2338 1252 2358 ex
1270 2332 1428 2358 continente
1450 2338 1581 2366 percussu
1607 2335 1633 2358 et
1660 2330 1803 2366 sanguinis

1018 2377 1153 2414 proﬂuvio
1181 2378 1284 2409 bestia,
1313 2377 1387 2404 illico
1414 2377 1568 2404 venationis
1597 2378 1712 2404 comites
1738 2381 1804 2403 sunt

1018 2429 1130 2460 prasto,
1153 2424 1275 2459 dumque
1294 2423 1385 2451 adhuc
1405 2423 1481 2454 vivit.
1497 2431 1594 2451 carnes
1617 2431 1650 2451 ex
1671 2423 1805 2459 posterio-

1021 2471 1097 2498 ribus
1115 2475 1241 2498 resecant
1257 2479 1263 2496 ε
1283 2473 1311 2496 et
1331 2468 1446 2496 hilarem
1460 2469 1493 2496 ad
1509 2469 1619 2496 modum
1633 2469 1696 2496 inde
1710 2468 1806 2496 convi-

1019 2522 1128 2544 vanttlr.
1145 2518 1234 2550 Atque
1255 2515 1313 2542 fera
1333 2515 1370 2542 ita
1388 2515 1491 2542 domita
1511 2515 1622 2549 longum
1644 2519 1670 2542 et
1685 2519 1805 2542 atrocem

1021 2563 1163 2590 interitum
1178 2561 1308 2589 sustinet.
1323 2560 1369 2588 Sic
1386 2568 1452 2596 ergo
1471 2568 1501 2589 se
1520 2561 1621 2588 habent
1641 2560 1711 2589 inter
1734 2560 1806 2594 peri-

1021 2607 1081 2636 cula
1099 2612 1222 2635 extrema
1236 2607 1412 2642 elephantum
1428 2611 1583 2635 venatores.
1601 2606 1673 2634 Sunt
1697 2606 1742 2633 alii
1758 2606 1806 2641 qui

1808 2230 1828 2251 μ

180 2656 381 2691 κεχρισμένους
404 2658 437 2693 τῇ
461 2657 527 2693 χολῇ
556 2657 611 2684 τῶν
636 2657 737 2692 δφεων,
772 2656 915 2683 ἐστᾶσιν¹¹
941 2657 956 2682 ἐκ

1025 2653 1160 2681 diversam
1175 2660 1223 2681 eos
1236 2653 1360 2688 capiendi
1380 2653 1513 2679 rationem
1536 2653 1643 2680 ineunt.
1662 2651 1720 2678 Viri
1733 2652 1806 2678 enim

181 2700 280 2737 δρυμῷ
295 2702 371 2738 παρὰ
390 2702 440 2735 τὰς
466 2702 521 2730 τῶν
536 2702 639 2739 θηρίων
652 2702 797 2735 διεξόδους.
819 2702 903 2729 Ἐπὰν
921 2700 956 2728 οὗη

1026 2700 1107 2732 terni,
1124 2707 1179 2727 uno
1193 2699 1322 2727 instructi
1339 2706 1417 2731 arcu,
1433 2703 1460 2726 et
1479 2700 1587 2733 sagittis
1607 2699 1741 2733 pluribus,
1757 2705 1808 2724 an-

833 2779 950 2808 VARIIE
976 2779 1180 2808 LECTIONES.

863 2838 874 2854 ι
893 2838 1026 2874 ἀλλήλους
1041 2837 1070 2864 n.

218 2836 230 2852 ⁸
244 2836 376 2874 πέπτουσι
392 2846 423 2870 ς.
461 2837 590 2874 [κοινοῖς
606 2838 724 2874 χρῶνται
739 2838 767 2864 δέ
779 2847 810 2870 ς.

665 2874 687 2889 ¹⁹
699 2874 726 2900 δὲ
744 2875 789 2902 καὶ
804 2873 913 2905 πλείους
926 2881 955 2905 ς.

1640 2834 1687 2861 ιδι
1703 2843 1759 2863 om.
1776 2835 1809 2866 B.

180 2869 383 2907 ’ὑπομένοντας
396 2869 427 2905 ς.
445 2872 493 2900 τοῦ
510 2873 574 2900 add.
593 2869 625 2900 A".

1119 2837 1130 2852 θ
1142 2836 1196 2872 ἐπ’]
1211 2838 1240 2868 ἐς
1255 2837 1287 2864 Β.
1334 2837 1344 2852 ⁷
1361 2837 1428 2872 πρός
1447 2837 1469 2864 Α
1486 2835 1542 2867 εὼς
1558 2844 1588 2867 ς.

995 2873 1016 2888 ¹¹
1034 2873 1142 2900 ἑστᾶσιν
1155 2873 1176 2899 Α
1190 2881 1197 2899 :
1219 2873 1325 2900 ἱστᾶσιν
1342 2880 1372 2903 ς.
