1945 3073
178 166 213 199 39

748 157 880 188 ΡΗΟΤΠ
895 155 1144 186 ΡΑΤΒΙΑΒΟΗΕ
1161 156 1215 186 CP.

1754 155 1788 186 40

174 223 268 257 guium
285 220 347 248 l'elle
370 218 471 250 tinctis,
488 217 522 244 ad
545 217 634 244 exitus
659 216 810 243 belluarum
837 216 862 242 in
887 215 954 241 saltu

1014 213 1132 249 προσάγῃ
1147 213 1208 240 τὸυ
1233 212 1313 246 ζῶον,
1328 213 1343 239 ὀ
1359 212 1407 247 μὲν
1426 209 1467 244 εἷς
1483 212 1594 248 κατέχει
1611 211 1640 239 σὺ
1657 212 1732 246 τόξον
1750 212 1789 248 τῷ

174 267 339 296 consistunt.
357 263 386 291 Si
402 271 455 298 qua
475 262 558 297 igitur
572 261 687 293 accedit,
705 269 776 288 unus
789 267 880 287 arcum
894 258 955 294 pedi

174 313 313 340 admotum
330 313 413 342 tenet,
429 308 483 335 duo
496 307 593 342 reliqui
609 314 714 334 summa
728 306 753 332 vi
771 310 857 333 ttacto
872 313 956 332 nervo

174 357 256 384 telum
272 355 409 386 emittunt,
425 353 458 380 ad
474 354 544 379 latus
562 352 681 379 medium
709 351 788 378 unice
809 350 955 382 directum,

174 408 205 429 ut
230 402 264 429 ad
295 401 425 428 interiora
449 398 608 433 complexus
632 400 767 432 penetret,
788 400 815 424 et
840 395 957 422 devexus

175 449 235 476 illas
255 451 328 475 secet
355 454 386 474 ac
411 445 534 472 vulneret
549 448 650 478 partes.
676 441 744 469 llinc
766 445 870 469 tantum
893 441 958 468 [erm

175 498 329 521 monstrum
350 492 444 520 dolore
467 490 629 518 convulsum
653 493 680 516 et
704 488 853 523 agitatum,
880 487 958 514 elan-

175 540 279 575 guescit
293 543 320 566 et
343 537 504 573 procumbit.
521 535 640 563 Tertium
663 542 774 569 quoque
795 533 958 567 Elephanto-

176 586 294 620 phagum
311 589 397 618 genus
421 585 477 611 est,
502 580 548 614 qui
573 580 645 606 hunc
671 577 823 605 venationis
847 578 958 604 modum

177 632 288 658 servant
304 635 311 654 :
325 627 440 660 Quando
468 626 624 660 elephantes
648 624 682 651 ad
707 624 859 651 satietatem
877 622 958 657 pasti,

175 677 296 704 cubitum
309 682 338 702 se
349 673 496 708 recipiunt,
512 679 566 699 non
583 671 658 698 humi
675 669 883 705 procumbentes
897 669 958 696 dor-

175 724 274 755 miunt,
296 721 342 749 sed
362 720 545 748 crassissimis
567 723 595 746 et
616 717 743 745 maximis
766 716 909 744 arboribus
930 723 960 743 se

176 769 324 799 acclinant,
341 771 370 793 ut
390 766 486 801 pedes.
503 764 589 800 stipiti
612 762 740 798 proximi,
768 767 846 789 terra:
866 761 960 789 leviter

177 814 339 845 innitantur,
355 816 382 839 et
402 811 472 838 latus
497 810 567 843 quod
592 814 677 837 totutn
696 815 795 841 corpus
818 807 930 842 excipit,
944 813 960 833 a

176 858 248 893 ligno
262 861 440 888 sustentetur,
456 856 548 889 itaque
558 853 656 889 4.5311
668 860 722 879 non
735 853 873 879 sincerum
888 851 962 878 hunc

181 892 227 929 seti
242 901 424 929 adulterinum
435 899 536 927 dixeris
549 898 664 926 cubandi
677 898 785 924 modum
799 906 806 924 :
820 901 960 932 propterea
970 892 996 919 Ἠ

174 949 249 983 quod
277 955 374 975 somno
405 944 575 982 profundiori
607 944 733 978 adjuncta
765 943 801 970 sit
815 943 961 970 vehemens

179 993 334 1022 sollicitudo
348 997 376 1020 et
394 996 484 1019 metus
506 991 595 1024 exitii,
616 990 688 1025 quod
715 991 870 1025 prolapsum
890 990 962 1017 illico

176 1039 289 1074 excipit,
306 1042 416 1073 propter
433 1038 585 1064 naturalem
611 1036 731 1072 erigendi
749 1043 809 1063 sese
828 1036 962 1070 impoten-

178 1085 255 1113 tiam.
278 1084 348 1119 Ergo
372 1083 418 1118 qui
445 1084 508 1110 vita:
529 1091 561 1109 ex
589 1083 686 1109 horutn
710 1085 807 1108 venatu
834 1082 962 1108 alimenta

178 1135 313 1164 quaerunt,
329 1129 356 1156 in
372 1128 530 1156 nemoribus
545 1127 785 1162 circumvagando,
806 1127 962 1161 ubicunque

178 1177 271 1205 bestia:
283 1176 466 1203 observarunt
479 1174 578 1205 cubile,
595 1181 718 1201 aversam
734 1173 840 1200 arboris
859 1178 961 1208 partem

177 1232 255 1252 serra
275 1223 409 1254 incidunt,
433 1221 498 1248 dum
513 1229 563 1248 nec
585 1226 640 1248 tota
662 1220 787 1252 inclinet,
808 1227 858 1247 nec
873 1219 961 1246 valida

178 1271 260 1298 nimis
269 1275 296 1298 et
309 1269 386 1296 ﬂrtna
398 1272 516 1300 maneat,
527 1267 575 1295 sed
586 1267 619 1295 ad
631 1267 760 1302 exiguum
775 1265 962 1294 tantummodo

179 1316 327 1351 impulsum
345 1318 438 1342 restet.
461 1313 554 1341 Bellua
578 1313 661 1348 igitur
687 1320 702 1339 ο
725 1312 835 1347 pascuis
855 1318 962 1339 reversa

179 1371 240 1390 cum
254 1362 287 1390 ad
303 1360 486 1389 assuefactam
502 1360 622 1387 cubandi
634 1359 779 1387 stationem
795 1365 824 1386 se
836 1358 962 1393 applicat,

179 1408 272 1442 stipite
297 1406 441 1434 confestim
468 1406 593 1433 dill'racto
618 1405 759 1438 evertitur,
782 1404 816 1432 ad
840 1409 962 1439 paratam

179 1453 341 1480 venantibus
355 1460 461 1480 coenam
477 1452 611 1487 exposita.
628 1451 797 1478 Posteriores
811 1450 882 1477 enim
900 1457 962 1476 mox

180 1505 277 1526 carnes
294 1497 463 1530 rescindunt,
481 1502 508 1524 et
523 1497 576 1523 vita
591 1503 653 1523 cum
670 1495 803 1530 sanguine
819 1494 961 1526 exhausta,

179 1548 276 1570 callem
293 1542 414 1571 defuncti
435 1542 568 1575 membra,
581 1541 617 1568 ad
638 1548 718 1569 suum
734 1540 851 1576 quisque
869 1547 959 1572 usum,
975 1562 997 1592 ο

179 1589 322 1616 distributa
335 1587 471 1615 auferunt.

215 1679 272 1707 Hos
291 1678 441 1706 Vcnatores
457 1676 619 1704 Ptoletnmus
636 1684 683 1703 rex
696 1675 806 1711 Ευριὶ
825 1675 914 1702 edicto
928 1675 962 1702 ab

179 1726 353 1760 elephantum
378 1725 450 1752 caede
473 1723 609 1750 abstinere
637 1722 728 1755 iussit,
755 1727 783 1748 ut
809 1721 887 1749 vivos
909 1721 962 1749 sibi

181 1772 303 1802 haberet,
320 1771 460 1805 multaque
480 1774 506 1796 ct
529 1768 709 1796 admiratione
733 1767 812 1801 digna
835 1767 875 1795 eis
896 1775 961 1802 pro-

181 1818 265 1844 misit.
281 1817 338 1843 Non
353 1816 434 1843 modo
447 1820 538 1842 tamen
554 1822 606 1842 non
623 1814 866 1849 persuasit,verum
880 1814 962 1841 etiam

179 1871 242 1891 cum
261 1868 317 1890 toto
335 1862 444 1898 Egypti
455 1869 538 1896 regno
555 1869 584 1888 se
600 1865 760 1896 praesentem
776 1860 849 1887 hunc
860 1861 962 1888 victum

182 1917 234 1936 non
254 1912 458 1944 permutaturos
481 1913 552 1939 esse,
583 1906 618 1933 ab
643 1906 697 1933 illis
723 1912 885 1940 responsum
915 1912 962 1933 ac-

180 1955 261 1990 cepit.

199 2011 262 2039 CAP.
278 2009 373 2038 XXVI.
393 2024 430 2031 —
453 2008 492 2036 De
515 2008 671 2071 git/{iopum
690 2008 902 2044 Struthiophagis
921 2013 946 2036 et

536 2052 607 2071 tmts.

536 2052 607 2071 tmts.

216 2092 254 2120 De
266 2091 450 2120 Venatoribus
466 2090 520 2123 his,
539 2098 609 2125 quos
622 2089 758 2117 Nomados
773 2089 894 2124 impuros
911 2097 963 2116 no-

181 2139 285 2166 minare
305 2138 404 2168 solent,
425 2144 489 2171 pars
516 2136 639 2171 quaedam
655 2135 687 2162 ad
708 2134 903 2176 Occidentem,
929 2135 964 2163 ab

182 2185 356 2219 jEtltiopibus
372 2183 478 2216 avulsa,
495 2182 576 2217 degit.
593 2187 620 2209 et
638 2180 707 2208 Simi
729 2186 861 2209 vocantur
879 2191 886 2209 :
901 2189 964 2216 pars

1006 259 1069 286 ποδὶ
1082 259 1320 294 προσὸεὸηκὼςη,
1340 259 1364 286 οι
1379 259 1407 286 δὲ
1420 259 1467 286 δύο
1482 258 1532 293 τὴν
1545 258 1644 293 νευρὰν
1659 258 1792 286 ἑλκύσαν-

1005 314 1051 338 τες
1067 306 1099 332 ἐκ
1116 305 1165 341 τῆς
1179 306 1287 341 ἁπάσης
1310 305 1369 340 βίας
1383 305 1494 340 ἀφῆκαν
1507 305 1537 331 τὺ
1562 304 1649 339 βέλος,
1667 305 1716 332 ἕνα
1728 315 1791 332 σκο-

1006 351 1057 378 πὸν
1071 351 1179 387 ἔχοντες
1203 352 1249 378 ἐπὶ
1262 351 1349 386 μέσην
1364 351 1414 386 τὴν
1427 351 1560 386 πλευρὰν,
1583 350 1654 377 ὥστε
1663 351 1791 378 διανύσαι

1006 399 1055 433 τῆς
1081 398 1212 433 περιοχῆς
1237 398 1311 428 ὲντὺς
1331 398 1381 424 ικαὶ
1401 397 1466 429 τοὺς
1486 397 1604 432 κυρτοὺς
1625 399 1720 432 τεμεῖν
1743 396 1791 424 καὶ

1006 444 1112 479 τρῶσαι
1125 444 1225 475 τόπους
1235 451 1242 458 ·
1268 442 1373 469 ἐκεῖθεν
1389 442 1419 469 τὸ
1432 441 1591 477 τηλικοῦτον
1604 442 1697 478 θηρίον
1712 442 1792 469 ἐλαυ-

1007 490 1120 524 νόμενόν
1133 498 1162 516 τε
1179 489 1228 516 xui.
1241 488 1462 524 σπαραττόμενον
1472 487 1611 514 διαλύεται
1623 489 1672 515 καὶ
1681 487 1790 515 πίπτει.

1008 535 1106 571 Τρίτον
1125 535 1153 562 δέ
1168 535 1226 562 ἐστι
1242 535 1320 569 γένος
1336 534 1582 569 ἐλεφαντοφάγων,
1603 534 1617 560 ὃ
1637 534 1749 561 tme
1766 533 1792 560 οἱ

1008 582 1155 616 ἐλέφαντες
1181 582 1232 616 τῆς
1260 581 1347 616 νόμης
1378 580 1582 615 ὲμφορηθὲντες
1605 579 1678 615 ’πρὸς
1702 579 1792 606 ὕπνον

1008 628 1161 664 τραπέσθαι
1176 627 1307 663 ζητῶσιν,
1317 642 1353 647 —
1365 627 1415 654 οὐκ
1433 627 1480 653 ἐπὶ
1497 627 1549 661 γῆς
1568 626 1596 652 δὲ
1610 626 1794 657 ἀναπεσόντες

1005 674 1150 706 ὑπνοῦσιν,
1167 674 1236 701 ἀλλά
1254 674 1310 705 τοῖς
1325 673 1492 708 παχυτάτοις
1508 673 1555 700 καὶ
1574 673 1714 708 μέγιστοις
1734 671 1794 698 δένυ

1009 719 1085 755 δρεσι
1099 719 1360 754 προσανακλίνοντες
1373 718 1497 750 ἑαυτοὺς,
1515 718 1586 745 ὥστε
1599 717 1662 750 τοὺς
1683 718 1732 752 μὲν
1747 717 1794 743 δύο

1010 765 1094 796 πόδας
1111 764 1174 796 τοὺς
1196 764 1309 798 πλησίον
1328 763 1375 790 τοῦ
1385 763 1406 779 ¹⁶
1427 763 1568 797 στελέχους
1585 762 1653 796 πρὸς
1672 762 1721 797 τὴν
1740 761 1793 796 γῆν

1010 810 1135 846 ἐλαφρῶς
1146 810 1346 845 ὑπερείδεσοαι,
1363 809 1412 845 τὴν
1423 809 1451 836 δὲ
1467 809 1588 844 πλευρὰν
1602 808 1633 835 τὸ
1643 809 1699 834 πᾶν
1713 807 1794 842 σῶμα

1011 856 1193 892 ἐκδεχομένην
1206 856 1328 891 ὀχεῖσθαι
1341 855 1437 892 πρδςυ
1448 857 1480 891 τῇ
1492 855 1572 890 φύσει
1585 853 1631 880 τοῦ
1649 853 1738 886 ξύλου,
1747 853 1796 879 καὶ

1011 902 1106 929 τοῦτον
1121 901 1167 929 τὸν
1183 901 1282 937 τρόπον
1295 901 1346 936 τῆς
1370 901 1559 936 καταφορᾶς¹⁸
1580 900 1725 934 τυγχάνειν
1745 899 1796 926 οὐκ

1011 947 1173 984 εἰλικρινοῦς
1188 947 1255 974 ἀλλὰ
1267 947 1507 984 παρεψευσμένης,
1516 946 1560 974 διὰ
1572 946 1602 973 τδ
1616 945 1795 980 προσκεῖσθαι

1011 996 1067 1026 τοῖς
1081 994 1191 1029 βαθέσιν
1207 994 1301 1024 ὕπνοις
1319 993 1383 1029 [75G
1396 992 1443 1029 ιι]
1461 992 1580 1027 ἀγωνίαν
1595 992 1718 1027 ἰσχυρὰν⁷
1731 991 1796 1025 φθο-

1013 1041 1062 1076 ρᾶς
1080 1040 1264 1076 ὑποκειμένης
1279 1040 1451 1075 παραχρῆμα
1476 1039 1514 1075 τῷ
1539 1039 1666 1073 σφαλέντι
1684 1038 1729 1065 διὰ
1747 1038 1797 1072 τὴν

1013 1087 1123 1114 ἔκλυσιν
1136 1086 1185 1122 τὴν
1201 1088 1329 1121 φυσικήν.
1346 1086 1427 1122 [1556
1444 1085 1488 1121 ιι]
1502 1085 1533 1112 Oi
1546 1083 1593 1112 οὖν
1610 1085 1663 1111 ἀπὸ
1676 1085 1725 1118 τῆς
1734 1083 1797 1110 τού-

1012 1141 1066 1160 των
1083 1133 1170 1168 Θήρας
1184 1133 1230 1159 τὸν
1248 1132 1303 1167 βίον
1323 1132 1492 1167 ποιούμενοι,
1508 1131 1571 1163 τοὺς
1585 1131 1704 1166 δρυμοὺς
1718 1138 1797 1165 περι-

1012 1179 1186 1214 πλανώμενοι
1203 1179 1249 1205 καὶ
1265 1179 1315 1212 τὴν
1327 1178 1375 1205 τοῦ
1390 1177 1485 1212 θηρίου
1503 1178 1598 1212 κοίτην
1623 1176 1796 1212 ἐπισημηνά-

1014 1234 1099 1260 μενοι,
1113 1225 1146 1251 ὲκ
1165 1224 1219 1251 τῶν
1232 1224 1344 1251 ὄπισθεν
1355 1223 1403 1250 τοῦ
1422 1223 1530 1258 δένδρου
1545 1223 1637 1250 τόπων
1658 1222 1796 1257 πρίουσιν,

1012 1271 1065 1302 ἕως
1081 1270 1114 1298 ἂν
1129 1271 1197 1306 μήτε
1213 1270 1292 1305 κλίνῃ
1314 1270 1344 1296 τὸ
1363 1270 1417 1296 πᾶν
1437 1270 1506 1304 μήτε
1531 1269 1621 1304 ἰσχῦον
1638 1269 1708 1302 ἄγαν
1728 1267 1797 1304 [καὶ

1015 1315 1136 1351 ἰσχυρὸν]
1153 1315 1340 1345 ἀπολείποιτο,
1356 1315 1423 1350 μένῃ
1438 1314 1465 1340 δὲ
1476 1315 1496 1330 ¹⁷
1513 1313 1657 1350 ἑστηκδςη
1673 1315 1718 1340 ἐπὶ
1729 1313 1796 1349 βρα-

1013 1362 1090 1397 χείας
1114 1361 1212 1398 ῥοπῆς.
1236 1361 1273 1387 Τὸ
1290 1361 1318 1387 δὲ
1337 1360 1408 1392 ζῶον
1431 1359 1486 1386 ἀπὸ
1507 1360 1556 1394 τῆς
1580 1360 1665 1395 νομῆς
1687 1360 1732 1385 ἐπὶ
1750 1359 1797 1386 τὸν

1014 1407 1117 1443 συνήθη
1131 1407 1181 1442 τῆς
1192 1407 1284 1442 κοίτης
1299 1407 1382 1433 τόπον
1397 1405 1608 1441 ἀνακλινόμενον
1625 1405 1755 1439 αἰφνίδιόν
1766 1413 1796 1430 τε

1013 1454 1109 1480 πίπτει
1125 1453 1172 1480 τοῦ
1186 1453 1263 1486 ξύλου
1279 1453 1454 1484 κλασθέντος,
1479 1451 1527 1478 καὶ
1546 1452 1720 1488 πρόκειται¹⁸
1739 1451 1797 1482 τοῖς

1014 1499 1151 1535 θηράσασι
1171 1499 1277 1526 δεῖπνον
1306 1499 1430 1534 ἕτοιμον·
1444 1498 1494 1529 τὰς
1507 1498 1560 1533 γὰρ
1577 1497 1731 1528 ὀπισθίας¹⁰
1750 1496 1798 1523 κό-

1013 1545 1113 1580 ψαντες
1138 1542 1210 1572 οὗτοι
1231 1546 1353 1580 σάρκας,
1378 1544 1425 1571 καὶ
1448 1545 1610 1579 ποιήσαντες
1635 1543 1745 1578 ἔξαιμον
1767 1541 1798 1569 τὺ

1013 1591 1092 1624 ζῶον,
1107 1589 1167 1618 εἷτα
1181 1591 1289 1627 νεκρὸν,
1306 1591 1374 1628 πρὸς
1388 1592 1436 1626 τὴν
1458 1590 1556 1618 ἑαυτοῦ
1575 1590 1798 1626 χρείαν-’ἐκαπτς

1012 1639 1046 1666 τὰ
1067 1639 1134 1674 μέλη
1153 1638 1312 1675 διαιροῦσιν.

1049 1686 1109 1713 Ὀτι
1118 1685 1229 1717 τούτους
1240 1686 1303 1717 τοὺς
1322 1685 1466 1720 κυνηγοὺς
1484 1684 1656 1719 Πτολεμαῖος
1679 1684 1694 1710 ὸ
1711 1681 1798 1717 Αίγύ-

1012 1739 1080 1758 meo
1096 1731 1222 1766 βασιλεὺς
1235 1730 1404 1765 ἀποσχέσθαι
1420 1730 1441 1745 ¹¹
1462 1729 1510 1756 τοῦ
1524 1729 1606 1764 φόνου
1620 1728 1673 1754 τῶν
1687 1728 1798 1763 ἐλεφάν-

1012 1785 1067 1804 των
1081 1776 1232 1812 παραινῶν,
1258 1776 1291 1802 ἶν’
1305 1776 1362 1811 ἔχοι
1376 1777 1398 1792 ⁸³
1410 1775 1491 1807 αὐτὸς
1518 1774 1631 1806 ζῶντας,
1650 1774 1698 1801 καὶ
1714 1774 1798 1800 πολλὰ

1013 1823 1060 1850 καὶ
1076 1821 1219 1857 Θαυμαστὰ
1234 1822 1326 1854 αὐτοῖς
1351 1820 1574 1855 ὑπισχνούμενος,
1590 1820 1621 1846 οὺ
1647 1819 1725 1854 μόνον
1748 1820 1798 1846 οὐκ

1013 1869 1132 1901 ἔπεισεν,
1146 1867 1204 1894 ἀλλ’
1219 1867 1274 1894 οὐδ’
1289 1867 1323 1894 ἂν
1333 1867 1383 1902 τὴν
1401 1866 1464 1901 ὃλην
1478 1864 1644 1898 ἀλλάξασθαι
1661 1864 1799 1900 βασιλείαν

1014 1913 1081 1949 πρὸς
1094 1913 1140 1940 τὸν
1156 1912 1291 1940 ἐνεστῶτα
1300 1913 1322 1928 ’⁸
1339 1911 1395 1947 βίον
1409 1911 1540 1938 εἰπόντων
1556 1910 1702 1945 ἀπόκρισιν
1717 1910 1799 1945 ἢκου-

1015 1968 1071 1986 σεν.

1014 2013 1085 2049 Περὶ
1106 2015 1254 2042 Δίθιόπων
1280 2013 1341 2042 τῶν
1363 2014 1469 2057 Σιμῶν,
1498 2013 1547 2040 καί
1573 2012 1633 2039 τῶν
1657 2013 1799 2045 Στρουθο-

1352 2057 1464 2082 scarum.

1052 2097 1113 2123 Ὅτι
1127 2095 1182 2122 τῶν
1199 2094 1334 2130 Κυνηγῶν
1353 2094 1463 2126 τούτων,
1480 2093 1525 2125 οὒς
1539 2094 1562 2120 οἱ
1578 2092 1703 2129 Νομάδες
1729 2093 1798 2120 ἀκα-

1015 2142 1130 2177 θάρτους
1146 2142 1236 2168 καλεῖν
1251 2141 1372 2173 εἰώθασι,
1388 2139 1420 2166 τὺ
1433 2140 1483 2175 μὲν
1496 2140 1564 2175 πρὸς
1578 2141 1698 2175 ἑσπέραν
1725 2140 1795 2166 ἀπό-

1016 2196 1128 2223 σπασμα
1139 2186 1273 2214 Αἰθιόπων
1287 2185 1451 2220 νέμεταιοῦς
1467 2185 1580 2212 καλοῦσι
1590 2186 1700 2221 Σιμοὺς,
1716 2186 1750 2212 τὰ
1771 2186 1798 2212 δὲ

181 2231 304 2266 quaedam
328 2229 429 2256 Austro
453 2228 570 2263 objacet,
595 2236 662 2263 gens
678 2235 732 2254 non
756 2227 793 2254 ita
809 2235 920 2263 magna,
938 2228 960 2255 hi

1020 2234 1087 2268 πρὸς
1115 2231 1286 2268 μεσημϐρίαν
1311 2231 1340 2258 οὐ
1367 2232 1438 2267 μέγα
1465 2232 1551 2265 ἔθνος,
1586 2233 1610 2258 οί
1637 2231 1798 2266 καλούμενοι

182 2275 386 2310 Struthiophagi
410 2278 615 2308 nuncupantur.
633 2272 699 2300 Nam
716 2273 883 2301 struthiones
896 2274 971 2310 arti-.

182 2323 244 2349 licio
267 2326 295 2349 et
326 2321 390 2348 dolo
418 2320 556 2354 clavisque
586 2319 730 2353 subigunt,
763 2319 835 2346 unde
862 2319 961 2346 vivant.

180 2368 283 2396 Carnes
298 2367 371 2394 enim
389 2366 465 2394 cibos
489 2366 636 2400 pellcsque,
653 2365 810 2392 indumenta
828 2369 854 2393 et
872 2365 963 2392 lectis-

180 2414 270 2442 ternia
291 2413 438 2441 sulliciunt.
465 2412 564 2439 Inl'ensi
588 2416 652 2438 sunt
676 2411 719 2439 his
737 2412 815 2444 Simi,
838 2411 962 2446 bellaque

182 2459 315 2487 inferunt.
331 2459 449 2494 Orygum
471 2458 600 2485 cornibus
627 2463 740 2486 utuntur
766 2459 793 2485 hi
819 2465 868 2493 pro
889 2457 960 2485 telis.

180 2505 299 2533 Grandia
321 2505 393 2532 enim
419 2509 483 2532 suttt
508 2510 535 2532 et
557 2505 589 2532 ad
613 2504 787 2532 incidendum
820 2507 960 2538 peracuta.

180 2551 265 2586 Hegio
278 2550 323 2578 illa
335 2551 362 2577 in
378 2558 474 2585 magna
492 2550 569 2585 copia
584 2550 685 2577 animal
702 2549 753 2576 hoc
770 2548 865 2576 nutrit.

317 2607 382 2634 CAP.
398 2606 503 2633 XXVII.
522 2622 555 2627 —
573 2606 612 2633 l)e
627 2605 830 2640 Acridopltagt's.

215 2654 317 2689 Exiguo
343 2654 406 2681 inde
429 2653 571 2681 intervallo
602 2652 731 2687 tlisjuncti
761 2656 825 2679 sunt
848 2651 962 2679 Acrido-

1018 2277 1227 2314 Στρουθοφάγοι,
1240 2277 1264 2303 οἳ
1278 2277 1379 2310 ταύτας
1403 2279 1484 2314 τέχνῃ
1499 2279 1545 2305 καὶ
1561 2278 1628 2313 δόλῳ
1644 2278 1690 2304 καὶ
1716 2278 1799 2313 ῥοπά-

1015 2321 1071 2353 λοις
1086 2321 1247 2357 θηρεύοντες
1273 2321 1305 2348 ὲκ
1325 2322 1428 2350 τούτων
1458 2323 1556 2358 βιοῦσι,
1576 2323 1727 2358 σιτούμενοι
1749 2325 1798 2358 μὲν

1015 2366 1065 2399 τὰς
1089 2367 1203 2401 σάρκας,
1227 2366 1331 2393 ὲνδύσει
1345 2367 1373 2393 δὲ
1403 2368 1449 2394 καὶ
1479 2368 1606 2402 στρωμνῇ
1630 2368 1685 2398 τοῖς
1711 2368 1799 2393 αὐτῶν

1015 2412 1151 2448 χρώμενοι
1162 2412 1288 2448 δέρμασι.
1307 2413 1507 2448 Πολεμοΰμενοι
1522 2413 1550 2440 δὲ
1571 2412 1622 2439 ὑπὸ
1638 2413 1692 2439 τῶν
1707 2411 1799 2447 Σιμῶν

1015 2455 1088 2486 οὗτοι
1103 2460 1158 2491 τοῖς
1172 2459 1226 2486 τῶν
1250 2460 1358 2495 ὀρύγων
1378 2461 1488 2496 κέρασιν
1513 2459 1605 2491 ὅπλοις
1633 2459 1751 2498 χρῶνται
1765 2461 1796 2492 ’⁵,

1017 2504 1143 2540 μεγάλοις
1175 2505 1221 2531 καὶ
1245 2506 1387 2540 τμητικοῖς
1415 2504 1492 2531 οὖσι⁹
1518 2505 1613 2540 τρέφει
1635 2506 1664 2532 δὲ
1689 2505 1800 2541 ἠχωρὰ

1015 2550 1186 2585 πολυπληοὲς
1200 2551 1231 2577 τὸ
1257 2551 1325 2583 ζῶον
1339 2551 1427 2578 τοῦτο.

1252 2605 1321 2640 Περὶ
1341 2605 1566 2641 Ἀκριδοφάνων.

1053 2653 1115 2679 Ὅτι
1128 2652 1182 2679 τῶν
1207 2653 1358 2687 εἰρημένων
1371 2652 1401 2678 οὺ
1427 2652 1495 2679 πολὺ
1519 2651 1662 2683 διεστῶτές
1686 2651 1755 2678 είσιν
1777 2651 1802 2677 οι

816 2728 935 2756 VARI/ﬁ
954 2728 1157 2757 LECTIONES.

228 2801 250 2817 "
262 2801 291 2828 τὸ
305 2807 367 2836 post
383 2801 491 2835 κατέχει
508 2800 570 2827 add.
584 2799 614 2826 Δ.
636 2835 643 2836 7
664 2800 686 2815 "
699 2799 910 2836 προσῦεὸοηκώς
924 2808 954 2831 ς.

170 2837 278 2870 μμένους
379 2837 402 2851 ιι
413 2836 540 2870 τυγχάνει
554 2843 582 2866 ς.
612 2835 644 2871 _”
672 2836 741 2871 μένῃ
765 2835 805 2863 Β;
826 2835 949 2871 μένεις.

178 2869 202 2888 ’³
219 2871 357 2903 ὀπισθίους
368 2871 399 2898 Β.
434 2869 653 2904 ’νάποσχείσθαι
665 2879 695 2901 ς.

1003 2800 1023 2815 ¹⁸
1035 2801 1097 2831 τοὺς
1119 2799 1231 2834 πλησίον
1248 2799 1294 2826 τοῦ
1310 2799 1331 2826 Α
1346 2809 1352 2826 :
1367 2799 1414 2826 τοῦ
1425 2798 1539 2834 πλησίον
1555 2807 1584 2830 ς’.

1634 2798 1655 2813 ¹¹
1669 2805 1800 2833 προειρη-

1005 2835 1026 2854 ¹⁸
1045 2835 1161 2869 ἑστηκὸς
1185 2836 1207 2860 Α
1235 2845 1242 2862 :

1273 2836 1320 2861 καὶ
1335 2836 1449 2870 ἕστηκεν
1465 2843 1498 2870 νς.
1536 2834 1557 2849 ¹⁹
1583 2833 1740 2868 πρόσκειται
1770 2841 1799 2867 ς.

734 2843 741 2870 ι
765 2835 805 2863 Β;
825 2835 901 2896 ἴένει
920 2843 949 2866 ς.
1005 2835 1161 2875 ’ξέστηκός
1185 2836 1207 2860 Α
1235 2845 1242 2862 :
1273 2836 1320 2861 καὶ
1335 2836 1449 2870 ἕστηκεν
1468 2843 1498 2865 ς.
1536 2835 1557 2849 ¹⁹

734 2871 755 2886 ﬂ
769 2870 817 2905 ἔχῃ
853 2890 859 2897 -
899 2870 921 2885 ’³
936 2871 1074 2904 ὲφεπωτα
1092 2879 1122 2902 ς.
1161 2870 1183 2886 ⁸⁸
1198 2870 1314 2906 χρῶνται
1330 2871 1376 2897 καὶ
1394 2869 1518 2905 μεγάλοις
1537 2877 1566 2900 ς.
