1945 3073
158 170 186 203 41
709 174 938 205 BIBLIOTHEC

994 188 1023 193 -
1038 175 1119 206 COD.
1137 176 1214 207 CCL.
1734 178 1769 209 42

163 228 365 264 Ἀκριδοφάγοι·
386 228 417 256 τδ
430 229 458 256 δὲ
472 228 548 262 ἔθνος
571 230 733 267 βραχύτεροι
750 232 800 266 μὲν
813 232 868 259 τῶν
885 232 939 259 λοι-

994 233 1082 268 phagi,
1096 241 1162 269 gens
1175 234 1281 262 caeteris
1299 233 1420 261 brevior.
1436 234 1522 261 Tenui
1546 234 1617 261 enim
1639 240 1666 263 et
1689 236 1776 263 maci-

158 275 220 306 πῶν,
241 275 325 310 ἰσχνοὶ
347 275 376 302 δὲ
394 276 450 308 τοῖς
471 276 555 304 ετδεσι
570 297 579 310 ,
603 278 718 313 μέλανες
743 278 772 305 δὲ
796 279 935 312 ἐξαισίοις.

164 320 225 347 Ὑπὸ
238 320 266 346 δὲ
277 320 330 356 τὴν
342 321 453 356 ἐαρινὴν
478 322 633 358 ἰσημερίαν,
657 324 701 350 ὅτε
729 323 805 356 λίϐες
833 324 856 341 ¹⁸
872 324 937 360 παρ’

156 366 242 398 αὐτοῖς
263 366 311 393 καὶ
327 365 438 402 ζέφυροι
456 369 580 401 πνέουσι,
607 369 793 404 παμμεγεθιΒν
817 369 938 405 ἀκρίδων

156 413 252 447 πλῆθος
269 412 409 448 ἀμύθητον
419 414 451 440 ὲκ
464 414 515 449 τῆς
531 415 712 450 ἀνιστορήτου
729 415 862 450 μετὰτῶν
873 415 939 442 ἀνέ-

157 467 208 493 μων
223 458 403 493 παραγίνεται
420 458 523 494 χώρας,
537 461 570 495 τῇ
591 460 640 495 μὲν
655 460 768 495 δυνάμει
797 461 847 496 τῆς
869 461 938 496 πτή-

156 511 218 535 σεως
230 504 283 531 τῶν
300 504 414 539 ὀρνίθων
432 506 531 541 μικρὸν
559 506 758 541 παραλλάττον,
777 507 880 541 μακρὸν
907 507 937 533 δὲ

154 549 191 584 τῷ
204 550 322 585 σώματι.
353 551 419 577 Ἀπὸ
431 551 526 578 τούτου
538 551 585 578 τοῦ
601 552 670 584 ζώου
687 553 832 587 τρέφονται
846 553 936 580 πάντα

155 597 197 622 τὸν
218 597 323 632 χρόνον,
337 597 424 628 ἄλλως
452 606 482 624 τε
503 597 609 630 τούτοις
632 598 679 625 καὶ
699 599 938 634 τεταριχευμένοις

154 641 294 677 χρώμενοι.
339 643 442 678 Καπνῷ
472 643 500 670 δὲ
522 644 625 675 ταύτας
638 645 660 660 ’⁸
680 644 810 680 θηρῶσιν,
839 646 872 671 ὲκ
892 644 939 671 τοῦ

154 687 232 722 ἀέρος
242 687 290 714 ἐπὶ
306 687 359 723 γῆν
371 688 582 724 καταφέροντες.
599 685 677 716 Οὗτοι
693 689 788 724 κοῦφοι
805 689 853 724 μὲν
867 687 936 717 εἶναι

153 732 272 766 λέγονται
287 734 333 760 καὶ
348 735 404 765 τοῖς
421 734 500 760 ποσὶν
515 733 646 769 ὀξύτεροι,
672 734 739 767 ζῶσι
754 735 783 761 δὲ
797 735 828 761 οὺ
846 735 938 762 πλεῖον

152 779 350 813 τεσσαράκοντα
365 779 442 812 ὲτῶν,
459 779 543 816 ξηρᾶς
558 779 747 811 κοινωνοῦντες
760 780 866 812 τελείως
881 789 941 816 τρο-

154 824 213 859 φῆς.
229 823 381 850 τελευτῶσι
412 824 440 850 δὲ
453 824 498 851 τοῦ
523 824 571 860 ζῇν
597 824 764 860 ἀθλιώτερον
777 833 784 840 ·
799 825 858 860 ἅμα
886 826 940 861 γὰρ

154 869 313 905 πλησιάζειν
329 869 360 896 τὸ
374 870 461 905 γῆρας
476 870 617 903 ἐγγίνεται
643 871 699 902 τοῖς
712 870 834 905 σώμασιν
851 870 941 897 αὐτῶν

154 916 278 950 πτερωτὰ
290 916 355 952 γένη
376 915 504 951 φθειρῶν,
522 915 583 952 [757
600 916 646 952 1L]
661 917 742 952 ὅμοια
768 917 817 952 μὲν
832 917 872 952 τῷ
895 917 942 944 τύ·
957 905 979 934 Β

153 971 194 996 πῳ
206 963 262 993 τοῖς
284 962 413 998 κρότωσι,
429 962 526 998 βραχεῖ
540 963 562 978 ’⁸
578 963 608 989 δὲ
628 963 731 990 ἐλάττω
748 963 803 990 τῶν
835 964 864 989 ὲν
884 964 940 995 τοῖς

154 1008 215 1035 κυσὶ
234 1007 417 1044 φαινομένων,
435 1009 575 1044 ἀρχόμενα
601 1009 651 1044 μὲν
666 1009 720 1036 ἀπὸ
748 1009 794 1036 τοῦ
825 1008 940 1045 στήθους

153 1054 199 1080 καὶ
219 1055 269 1089 τῆς
285 1053 402 1087 κοιλίας,
415 1055 601 1090 ὲπινεμόμενα
617 1054 645 1081 δὲ
659 1055 798 1090 συντόμως
811 1055 881 1090 μετὰ
891 1053 938 1081 τοῦ

153 1101 251 1132 παντὸς
268 1099 413 1136 προσώπου
428 1100 478 1136 τὴν
490 1101 664 1135 ἐπιφάνειαν.
682 1100 714 1127 Οἳ
729 1100 763 1127 τὰ
778 1101 828 1135 μὲν
845 1100 941 1136 πρῶτα

152 1148 207 1179 τοῖς
228 1146 281 1174 ὑπὸ
307 1147 403 1182 ψώρας
431 1146 623 1182 ἠρεθισμένοις
650 1147 751 1182 ὁμοίως
777 1147 937 1180 διάκεινται,

154 1193 265 1229 ὕστερον
281 1192 303 1219 δ’
329 1193 466 1225 ἐπιπόνως
490 1193 606 1225 ἑαυτοὺς
635 1194 853 1229 σπαράττουσιν·
881 1191 940 1221 εἶτα

151 1239 199 1266 τοῦ
215 1239 315 1271 πάθους
333 1241 373 1271 εἰς
387 1239 478 1275 ἀκμὴν
491 1239 648 1274 ἑλκομένου,
664 1239 711 1266 καὶ
733 1239 802 1274 μετά
815 1239 864 1273 τῆς
886 1239 940 1265 τῶν

153 1286 253 1321 θηρίων
268 1286 409 1320 ἐκφύσεως
422 1287 468 1313 καὶ
493 1286 599 1313 λεπτῶν
618 1285 809 1321 ἀναχεομένων
835 1285 941 1321 [χώρων

154 1332 356 1368 ἀκαρτερήτους
371 1333 535 1367 ὑφίστασθαι
549 1332 612 1363 τοὺς
625 1331 735 1363 ἀθλίους
747 1332 796 1362 τὰς
812 1332 833 1347 ’³
843 1331 941 1367 δριμύ-

151 1386 235 1412 τητας
251 1378 402 1413 συμϐαίνει.
423 1375 501 1404 Οὗτοι
512 1377 561 1412 μὲν
581 1374 627 1404 οὖν
644 1377 666 1392 ³ο
683 1375 738 1403 εἴτε
753 1376 816 1408 τοὺς
831 1377 935 1412 χυμοὺς

152 1424 208 1450 εἴτε
222 1423 273 1458 τὴν
284 1424 387 1459 τροφὴν
405 1423 461 1449 εἴτε
485 1423 530 1449 τὸν
546 1422 616 1458 ἀέρα
641 1423 692 1457 τῆς
710 1422 810 1453 κακίας
834 1422 942 1457 ἔχοντες

153 1470 252 1502 αἴτιον,
267 1468 351 1501 οὕτως
365 1469 539 1496 ἀπόλλυνται.
805 1458 810 1460 Δ

181 1525 251 1560 Περὶ
267 1525 322 1560 τῆς
337 1525 563 1568 πλησιαζρύοςης
580 1525 678 1560 χώρας
694 1525 757 1558 τοῖς
783 1524 912 1560 Ἀκριδο-

486 1569 604 1596 φαγοις.

188 1617 270 1654 [H557-
284 1617 329 1654 Κ]
351 1617 410 1644 Ὀτι
435 1617 489 1644 τῶν
508 1617 721 1653 Ἀκριδοφάγων,
746 1616 940 1653 φησὶν,’ἀστυ-

154 1663 253 1698 γείτων
270 1663 347 1699 χώρα
362 1663 446 1698 πολλὴ
466 1663 511 1690 κα)⁵
536 1663 619 1698 νομὰς
632 1663 730 1698 ἔχουσα
755 1662 874 1697 ποικιλίᾳ
884 1663 942 1689 διας

155 1709 302 1744 φερούσας,
323 1708 425 1746 ἕρημος
441 1708 469 1735 δὲ
486 1708 586 1740 τελέως
602 1709 651 1735 καὶ
669 1708 737 1735 πᾶσι
755 1709 812 1739 τοῖς
839 1707 942 1742 περιοί-

155 1763 215 1786 κοις
229 1755 342 1788 ἄϐατος,
361 1755 412 1781 οὐκ
429 1754 475 1781 ἀπ’
490 1755 578 1789 ἀρχῆς
593 1754 748 1781 σπανίσασα
771 1753 941 1789 ἀνθρωπίνου

156 1801 264 1836 γένους,
285 1801 343 1828 ἀλλ’
367 1801 420 1828 ὑπὸ
451 1800 569 1836 πλήθους
597 1800 712 1827 ἀπίστου
731 1799 868 1836 σκορπίων
896 1800 942 1826 καὶ

155 1846 328 1880 φαλαγγίων,
347 1846 381 1878 ἃς
400 1845 599 1882 τετραγνάθους
619 1844 796 1880 ὀνομάζουσιν
821 1844 842 1860 ³⁸
866 1844 942 1871 ἔνιοι.

157 1891 245 1918 Τοῦτο
274 1892 328 1927 γὰρ
346 1892 376 1918 τὺ
404 1891 487 1926 φῦλον
506 1891 538 1918 ἔκ
563 1899 635 1922 τινος
663 1891 817 1926 ὲπομΰρίας
835 1891 944 1924 λέγουσι

153 1938 335 1970 ἐπιπολάσαι,
363 1938 411 1964 καὶ
439 1937 495 1964 τῶν
517 1936 694 1964 ἐνοικούντων
722 1937 792 1971 πρὸς
811 1936 843 1963 τὸ
861 1936 945 1963 κακὸν

155 1984 294 2019 ἀντισχεῖν
320 1983 352 2010 οὐ
377 1984 543 2019 δυναμένων,
582 1983 650 2010 ἀλλὰ
682 1984 754 2017 φυγῇ
769 1982 833 2008 ’τῶν
859 1983 881 1998 ³³
900 1982 946 2008 ὲκ-

155 2029 356 2057 πεσόντωντοῦ
379 2029 490 2065 ὀλέθρου
505 2030 556 2065 τὴν
572 2029 708 2064 σωτηρίαν
731 2029 791 2055 ἀντὶ
815 2029 864 2064 τῆς
891 2036 945 2055 πα-

154 2077 247 2113 τρίδος
264 2077 399 2112 ἑλομένων
424 2076 527 2112 ἔρημον
547 2076 576 2109 ἐξ
592 2077 696 2103 ἐκείνου
721 2076 818 2110 γένους
843 2074 948 2110 ἀνθρώ-

155 2131 217 2150 πων
234 2122 282 2158 τὴν
293 2122 385 2158 χώραν
396 2122 590 2157 ὑπολειφθῆναι
605 2123 637 2148 ³³.
649 2122 703 2149 Καὶ
720 2121 794 2156 μυῶν
807 2121 947 2156 δὲ’πλῆθος

154 2168 322 2204 ἀρουραίων,
333 2169 371 2201 ὠς
384 2170 439 2201 τοῖς
448 2169 471 2184 ³⁸
486 2169 551 2204 περὶ
557 2169 579 2185 ³⁸
594 2168 708 2195 Ἰταλίαν
718 2167 750 2200 ⁸⁸,
762 2167 810 2195 καὶ
825 2166 949 2202 στρουθοὶ

155 2215 190 2242 τὰ
206 2214 354 2250 σπέρματα
366 2214 554 2246 κατεσθίοντες
568 2214 606 2246 ὡς
619 2215 682 2249 περὶ
699 2213 819 2249 Μηδίαν,
835 2214 884 2240 καὶ
902 2212 948 2248 βά-

988 279 1062 307 lento
1077 284 1139 308 sunt
1152 280 1276 315 corporis
1293 279 1398 312 habitu,
1414 284 1440 307 et
1454 285 1529 307 extra
1556 281 1666 308 modum
1692 282 1773 316 nigri.

988 324 1138 359 Appetente
1168 325 1333 360 aequinoctio
1367 332 1464 356 verno.
1498 325 1681 352 inenarrabile
1700 325 1775 352 locu-

989 375 1091 398 starum
1107 371 1306 406 praegrandium
1320 378 1425 406 agmen,
1436 379 1470 398 ex
1481 371 1561 399 terris
1580 372 1700 398 nondum
1712 380 1774 406 per-

989 415 1129 451 vestigatis
1155 423 1210 443 una
1234 423 1295 443 cum
1323 416 1411 444 ventis
1431 416 1552 449 advolat,
1574 422 1601 444 et
1620 416 1646 443 vi
1665 417 1774 451 quidem

989 462 1108 495 volatus,
1120 462 1154 489 ab
1167 462 1263 490 avibus
1276 470 1374 498 parum
1387 463 1506 497 variant,
1520 463 1567 490 sed
1582 470 1697 498 corpore
1715 471 1778 498 per-

990 509 1117 536 multum.
1146 508 1186 536 Ex
1206 509 1258 536 hoc
1287 509 1385 536 insecti
1413 516 1512 544 genere
1535 509 1633 543 quovis
1654 513 1776 542 tempore

989 554 1108 586 aluntur,
1133 561 1195 581 cum
1219 554 1280 581 aliis
1305 555 1403 586 modis,
1425 558 1482 581 tum
1504 556 1586 581 etiam
1609 553 1637 580 in
1661 553 1775 581 salitura

989 605 1149 635 praeparato.
1165 599 1262 636 $53!)
1279 599 1416 627 Venantur
1439 607 1497 632 eas,
1511 599 1588 626 l‘umo
1606 607 1639 626 ex
1656 607 1719 626 aere
1741 599 1774 625 ad

990 650 1091 672 terram
1110 646 1282 680 degravatas.
1297 645 1391 679 Agiles
1405 652 1466 673 esse
1480 645 1670 679 perhibentur.
1684 648 1711 670 et
1729 651 1776 677 pe-

990 691 1071 720 dibus
1096 692 1250 720 celeriores.
1288 691 1387 718 Verum
1421 691 1492 718 ultra
1526 690 1561 717 ιο
1601 696 1688 716 annos
1720 696 1774 715 non

990 739 1095 766 vivunt.
1111 739 1215 765 Etenim
1229 738 1311 765 simul
1327 746 1359 765 ac
1374 738 1481 765 senium
1504 737 1638 768 imminet,
1659 736 1687 762 in
1714 742 1776 762 cor-

991 785 1104 819 poribus
1134 784 1255 818 ipsorum
1283 784 1391 811 volatile
1417 783 1603 818 pediculorunt
1629 790 1715 817 genus
1739 781 1777 807 in-

991 830 1112 858 nascitur
1128 830 1177 864 (2).
1193 829 1297 856 Ricinis
1325 830 1350 856 hi
1374 836 1428 855 non
1447 828 1605 860 dissimiles,
1624 826 1670 854 sed
1694 826 1775 861 paulo

994 875 1114 902 minores
1137 879 1202 902 sunt
1229 875 1340 906 muscis,
1366 881 1426 909 qua:
1451 874 1479 900 in
1504 873 1617 900 canibus
1633 875 1774 907 apparent.

993 921 1129 956 incipiunt
1143 929 1158 948 a
1173 920 1330 955 praecordiis
1346 925 1372 947 et
1388 920 1458 951 alvo,
1480 922 1507 946 et
1524 926 1633 946 onmem
1648 917 1774 952 protinus

990 967 1163 1002 superficiem
1180 965 1307 1000 corporis
1326 973 1389 992 cum
1409 969 1464 992 tota
1487 963 1557 992 facie
1580 964 1773 998 depascuntur.

990 1013 1031 1040 illi
1043 1013 1126 1048 igitur
1141 1012 1230 1046 primo
1243 1011 1332 1039 aﬁecti
1352 1014 1427 1042 sunt,
1446 1014 1475 1037 ut
1488 1017 1557 1044 quos
1581 1008 1687 1036 scabies
1706 1015 1773 1043 pru-

991 1059 1045 1086 ritu
1063 1066 1113 1086 suo
1127 1058 1245 1085 lacessit.
1261 1057 1362 1084 Verum
1379 1055 1513 1090 temporis
1525 1062 1656 1082 successu
1670 1054 1774 1088 aliquo,

990 1113 1046 1134 non
1080 1106 1183 1139 absque
1213 1103 1340 1132 molestia
1359 1103 1464 1137 seipsoe
1482 1102 1618 1129 lacerant.
1655 1099 1775 1126 Tandem

991 1152 1089 1179 morbo
1109 1152 1160 1178 ltoc
1174 1152 1208 1178 ad
1223 1151 1408 1177 maturitatem
1420 1152 1552 1180 extracto,
1566 1150 1665 1182 praeter
1676 1149 1776 1181 pustu-

991 1198 1079 1226 iarum
1095 1197 1277 1232 eruptionem,
1291 1200 1318 1224 et
1334 1196 1424 1224 tenuis
1440 1195 1526 1222 saniei
1543 1194 1684 1227 eﬂluxum,
1704 1192 1777 1220 into-

991 1244 1116 1272 lerabilcs
1141 1244 1277 1271 sustinere
1306 1243 1469 1270 acerbitates
1493 1241 1607 1268 miseros
1631 1239 1775 1274 contingit.

993 1291 1091 1318 Talem
1101 1291 1192 1325 itaque
1206 1290 1347 1317 interitum
1370 1288 1438 1323 (sive
1462 1288 1586 1323 corporis
1608 1287 1696 1320 succi,
1718 1286 1777 1313 sive

992 1338 1164 1368 alimentum,
1177 1341 1223 1364 aut
1239 1337 1323 1364 etiam
1341 1343 1397 1367 acr,
1414 1335 1482 1363 vitio
1493 1339 1520 1362 et
1533 1333 1700 1369 corruptioni
1715 1332 1778 1360 huic

992 1391 1103 1412 causam
1118 1381 1246 1418 prmbeat)
1261 1381 1444 1416 Acridophagi
1458 1380 1623 1408 sortiuntur.

1079 1528 1145 1555 CAP.
1164 1526 1282 1555 XXVIII.
1302 1526 1389 1553 ——'De
1408 1526 1511 1560 regione
1530 1525 1693 1551 contermina

1286 1561 1488 1596 Acridophagis.

1026 1620 1065 1648 De
1077 1621 1181 1656 regione
1190 1620 1294 1647 deserta
1303 1625 1409 1654 propter
1431 1623 1561 1652 serpentes
1577 1621 1602 1643 et
1625 1616 1778 1650 plmlangia.

998 1681 1020 1686 -
1039 1666 1215 1693 Contemtina
1245 1665 1298 1693 illis
1320 1669 1362 1692 est
1390 1663 1463 1699 regio
1486 1663 1610 1698 quaedam
1635 1661 1754 1696 spatiosa
1772 1681 1780 1693 ,

992 1718 1054 1745 quae,
1073 1711 1142 1738 mira
1169 1711 1278 1746 quidem
1300 1716 1465 1744 pascuorum
1484 1708 1614 1734 varietate
1642 1706 1780 1737 abundat,

994 1757 1040 1786 sed
1059 1757 1165 1785 deserta
1189 1761 1234 1784 est
1249 1756 1372 1787 omnino,
1389 1755 1526 1789 nullisque
1547 1761 1580 1781 eo
1595 1753 1692 1781 incolis
1709 1757 1783 1787 patet.

994 1812 1132 1836 accessus,
1147 1811 1201 1831 non
1213 1803 1285 1838 quod
1302 1803 1337 1830 ab
1348 1802 1426 1829 initio
1440 1801 1526 1828 defuit
1541 1801 1565 1828 ei
1581 1808 1666 1835 genus
1680 1805 1783 1826 morta-

995 1850 1071 1882 lium,
1091 1849 1139 1877 sed
1154 1849 1227 1884 quod
1243 1848 1413 1876 incredibilis
1427 1848 1465 1875 ibi
1483 1847 1635 1882 frequentia
1647 1850 1687 1873 cst
1706 1853 1783 1872 scor-

995 1896 1106 1931 pionum
1124 1899 1151 1922 ct
1171 1894 1387 1929 pltalangiorum.
1405 1892 1636 1926 Quadrimaxillas
1658 1890 1782 1918 nonnulli

995 1945 1094 1969 vocant.
1116 1941 1166 1968 hos
1186 1948 1301 1972 vermes,
1320 1947 1423 1974 eosque
1444 1947 1478 1967 ex
1497 1938 1624 1966 imbrium
1641 1945 1666 1964 \u
1688 1941 1715 1964 ct
1734 1944 1781 1963 co-

996 1988 1040 2022 pia
1058 1986 1224 2013 redundasse
1239 1989 1362 2012 narrant.
1379 1984 1503 2019 Cumque
1518 1984 1614 2011 incola:
1629 1983 1697 2017 pesti
1717 1982 1783 2009 huic

997 2033 1124 2061 resistere
1138 2040 1192 2060 non
1207 2032 1335 2064 valerent,
1351 2032 1469 2067 fugaque
1483 2031 1577 2066 elapsi,
1597 2030 1683 2057 exsilii
1710 2029 1784 2055 salu-

998 2084 1051 2107 tem
1065 2080 1158 2114 patria:
1173 2078 1350 2111 anteferrent,
1369 2078 1469 2105 factum
1495 2085 1555 2105 esse
1583 2081 1611 2103 ut
1626 2077 1733 2102 deserta
1750 2075 1784 2101 ab

998 2125 1155 2152 hominibus
1169 2128 1241 2152 terra
1257 2132 1290 2151 ex
1308 2131 1340 2151 eo
1365 2128 1486 2157 tempore
1511 2122 1720 2156 relinqueretur.
1740 2119 1786 2146 Sic

998 2170 1080 2198 etiam
1091 2170 1210 2198 murium
1219 2169 1307 2204 copia,
1324 2173 1354 2196 ut
1368 2169 1395 2196 in
1407 2168 1480 2195 italia
1496 2172 1524 2195 ct
1537 2174 1663 2202 passeres
1679 2165 1783 2193 semina

999 2216 1207 2247 devorantcs,ut
1220 2216 1247 2242 in
1263 2214 1360 2247 Media,
1374 2218 1402 2242 et
1417 2222 1491 2241 rana
1501 2213 1575 2248 quod
1593 2211 1784 2247 Aphthariatis

155 2269 266 2296 τραχοι,
280 2260 295 2287 ὃ
308 2260 402 2295 γέγονε
418 2260 551 2296 περὶτοὺς
578 2260 749 2295 Αὐταριάτας
760 2260 793 2276 ⁸⁷·
817 2259 865 2286 καὶ
896 2259 939 2286 uni

1001 2271 1052 2291 usu
1064 2263 1150 2295 venit,
1167 2266 1194 2290 et
1216 2262 1326 2290 leonum
1350 2262 1554 2289 increbrescens
1576 2259 1733 2290 multitudo,
1755 2261 1786 2285 ut

155 2307 274 2334 λεόντων
288 2307 510 2334 ἐπιπολασάντων
521 2306 612 2337 πόλεις
627 2304 839 2341 μετανέστησαν,
852 2305 889 2337 ὼς
904 2307 938 2331 ἐπ

1002 2310 1028 2337 in
1044 2307 1147 2340 Africa,
1160 2315 1242 2335 causa
1256 2307 1331 2334 fuere
1350 2312 1379 2333 ut
1397 2306 1522 2334 civitates
1549 2306 1602 2332 alio
1619 2305 1786 2340 commigra-

154 2352 262 2388 Λιὸύης
275 2361 282 2368 ·
299 2354 345 2380 καὶ
359 2353 444 2379 πολλὰ
460 2352 528 2380 ἄλλα
537 2353 560 2369 ⁸⁸
576 2352 723 2379 ἀνέλπιστα
738 2351 812 2386 πάθη
830 2351 939 2378 καταλα-

1001 2358 1071 2382 rent.
1095 2353 1240 2388 Multaque
1263 2353 1323 2380 alim
1344 2352 1512 2380 calamitates
1533 2351 1679 2386 insperata:
1696 2357 1784 2378 tents

155 2399 242 2427 ϐόντα
256 2401 356 2433 πολλὰς
371 2401 464 2436 χώρας
482 2401 536 2428 τῶν
547 2401 697 2436 οἰκητόρων
714 2400 910 2436 ἐξηρήμωσαν.

391 2458 460 2492 Περὶ
473 2460 496 2485 Κ
499 2457 688 2492 υναμολγῶν.

192 2508 256 2535 Ὅτι
273 2505 394 2537 ὕστατοι,
411 2507 488 2540 φησι,
503 2505 557 2532 τῶν
570 2506 638 2540 πρὸς
654 2504 827 2540 μεσημϐρίαν
842 2505 950 2532 οἰκούν-

154 2562 212 2582 των
229 2553 298 2579 είσὶν
317 2551 365 2583 οὓς
375 2551 506 2586 ’Έλληνες
526 2551 576 2586 μὲν
593 2551 791 2586 Κυναμολγοὺς
809 2551 947 2584 καλοῦσιν,

154 2599 215 2626 οἰδ·
232 2598 433 2632 ἀστυγείτονες,
450 2597 487 2628 ὡς
501 2596 533 2623 ἄν
549 2605 591 2628 τις
610 2595 683 2623 εἴποι
699 2597 733 2629 ³⁹,
747 2596 860 2631 ἀγρίους
876 2596 944 2632 βαρ-

999 2408 1068 2436 quas
1082 2399 1260 2434 corriperent,
1278 2398 1475 2426 habitatoribus
1488 2398 1644 2425 viduarum.

1142 2456 1218 2484 CAP.
1237 2455 1333 2483 XXIX.
1348 2470 1384 2476 —
1399 2455 1437 2482 De
1455 2454 1635 2490 Cynamalgis.

1035 2502 1177 2530 Postremo
1189 2501 1330 2528 meridiem
1344 2509 1440 2529 versus
1459 2501 1592 2532 habitant,
1614 2508 1684 2535 quos
1700 2498 1787 2527 ϐιωτὶ

1000 2548 1197 2584 Cynamolgos,
1223 2547 1343 2580 ﬁnitimi,
1367 2552 1489 2581 agrestes
1508 2552 1535 2574 et
1559 2547 1632 2573 ferus
1660 2546 1701 2581 (ut
1723 2544 1786 2580 quis

1001 2596 1039 2622 ita
1064 2593 1267 2630 interpretetur)
1298 2594 1429 2622 barbaros
1454 2594 1601 2629 appellant.
1637 2593 1669 2620 lli
1693 2599 1786 2620 comas

809 2652 927 2681 VARIIE
951 2651 1149 2681 LECTIONES.

209 2705 236 2720 "
259 2702 321 2730 libri
346 2701 448 2732 λίὸυες.
479 2699 534 2727 vid.
564 2699 675 2729 Diodor.
699 2701 726 2733 5,
756 2700 795 2728 99‘
822 2709 829 2728 :
856 2701 903 2735 qui
934 2709 997 2728 mox
1033 2700 1230 2735 παμμεγέθεις.
1280 2700 1303 2715 ¹⁶
1318 2699 1405 2727 ταῦτα
1426 2708 1467 2733 pr.
1497 2699 1528 2735 Α,
1576 2699 1598 2714 ¹⁷
1623 2695 1787 2735 auten-Irin:

156 2729 356 2771 ctiIawrdeest
369 2729 546 2771 articulus._
563 2735 585 2751 ³³
600 2729 728 2771 βραχεῖαν
740 2744 770 2767 ς.
786 2769 795 2771 _
824 2736 847 2752 ¹⁹
863 2729 912 2767 τὰς
923 2743 979 2763 οιιι.
997 2736 1029 2762 Δ.
1074 2729 1112 2771 If."
1127 2729 1173 2762 οὖν
1202 2729 1264 2763 add.
1287 2735 1316 2762 Β.
1330 2770 1337 2771 7
1355 2736 1377 2750 δι
1390 2729 1603 2771 ἐπονομάζουσιν
1612 2741 1647 2771 ς.
1682 2732 1708 2771 ι³¹
1719 2729 1787 2766 τῶν]

154 2767 265 2801 τούτων
279 2773 307 2800 Β.
363 2772 387 2788 ³³
398 2767 643 2808 ἀπολειφθῆναιὲ.
654 2767 669 2771 ”’
693 2771 715 2786 ³⁵
730 2769 797 2806 τοῖς]
814 2770 875 2803 τούς
887 2772 920 2798 Α.
979 2771 1001 2787 ³⁵
1017 2770 1092 2808 mpii
1113 2779 1176 2806 περ.
1190 2771 1221 2799 Β.
1275 2771 1297 2786 ³⁸
1310 2770 1433 2806 Μήδειαν
1448 2767 1480 2797 ,ιλ
1518 2769 1540 2785 ³⁷
1557 2767 1740 2803 Ἀφθαριάτας
1755 2775 1785 2798 ς,

155 2811 181 2825 ιι
197 2810 268 2837 ἄλλα
282 2808 345 2835 add.
360 2808 393 2834 A.
431 2806 454 2821 ιο
471 2805 537 2840 εἴπῃ
550 2814 582 2837 ς.

942 2850 1054 2878 NOTAE.

197 2902 237 2936 (-2)
252 2900 288 2928 Ει
304 2900 401 2929 Οιςιιςο
415 2898 474 2926 bwc
501 2897 618 2926 desunt:
634 2903 683 2932 pro
697 2895 821 2924 siccitate
836 2895 970 2928 alimenti,
991 2896 1128 2932 vitamque
1144 2896 1243 2924 finiunt
1259 2896 1383 2925 acerbius
1400 2903 1481 2931 quam
1500 2899 1529 2923 ut
1542 2894 1644 2922 vivant.
