1952 3072
178 186 208 218 51
749 185 878 215 ΡΗΟΤΙΙ
896 184 965 214 PAT

1023 183 1147 214 iRCHAi
1163 184 1219 215 ΟΡ,
1757 184 1791 216 52

177 241 338 277 promissas,
360 244 388 268 et
415 240 512 269 barbas
535 244 644 275 gestant
667 240 843 274 immodicas,
863 248 961 268 canes-

1023 240 1122 275 ἶάρους.
1138 239 1218 268 Οὗτοι
1231 240 1349 275 κομῆται
1375 240 1425 276 μέν
1444 240 1497 267 είσι
1527 239 1574 267 καὶ
1590 239 1724 274 πώγωνας
1743 241 1792 274 φέ-

176 295 230 322 que
249 286 350 314 multos
369 286 445 314 alunt
465 290 493 314 et
515 294 638 321 magnos.
661 286 848 323 Hyrcanorum
871 294 956 318 more.

177 338 293 367 quorum
323 338 404 366 opera
428 336 572 367 evngantes
596 332 623 359 in
649 332 815 367 provinciam
838 332 960 367 ipsorum

177 385 209 404 ex
231 377 307 404 lndia
329 377 413 407 hoves
433 382 577 405 venantur.
597 377 696 414 554a
721 378 866 406 lnnumera
887 379 961 406 enim

178 424 274 451 deinde
297 428 438 456 armenta.
465 431 480 451 a
504 424 621 452 solstitio
644 424 758 451 hiberno
784 424 818 452 ad
844 424 961 452 mediam

179 477 267 505 nsque
283 470 410 502 hiemem,
423 471 515 498 videre
528 475 580 498 est.
595 470 635 498 Ad
651 471 708 498 haac
724 470 846 499 femellas
860 479 961 499 canum

179 515 309 550 mulgent,
329 519 356 541 et
370 515 404 542 de
419 515 488 542 lacte
507 516 676 543 nutriuntur.
693 515 782 543 Nihilo
798 520 888 544 tamen
910 516 963 543 mi-

180 569 233 589 nus
255 569 288 589 ex
305 562 419 588 aliarum
446 569 556 597 quoque
580 561 699 589 ferarum
725 567 837 597 captura
857 562 963 590 vivunt.

179 605 268 641 Atque
278 606 314 634 ita
325 611 461 642 postrema
475 608 507 635 ad
519 608 659 635 meridiem
670 608 804 643 descripta
818 608 963 637 habentur.

352 664 416 692 CAP.
431 665 518 693 XXX.
535 681 570 687 -—
586 666 622 694 De
638 665 816 702 Troglodytis.

218 710 254 737 De
267 709 490 746 Troglodytarum
502 712 582 743 victu,
601 712 808 743 circumcisione,
821 712 875 739 ritu
887 713 965 746 fune-

181 756 273 787 randi,
282 757 476 791 paciﬁcatione,
485 765 586 788 somno,
598 762 682 784 morte
693 757 967 793 violarum—Troglo-

181 802 304 837 dytarum
318 811 399 837 porro
416 803 536 831 conditio
551 804 608 830 haec
620 808 671 831 est.
689 803 746 837 Qua
763 811 828 839 gens
841 804 898 831 haec
916 803 966 830 ἱιιι-

183 847 250 883 perii
266 848 352 877 forma
373 848 525 876 continetur
549 848 670 884 tyrannis
689 853 741 876 est.
759 848 873 878 Uxores.
887 853 919 884 ut.
931 849 966 876 li-

183 894 251 926 beri,
267 899 331 922 sunt
345 902 516 923 communes.
538 894 603 922 Cum
620 896 730 931 tyranni
753 896 885 923 duntaxat
899 903 967 923 con-

181 939 246 974 juge
261 947 318 966 rem
332 939 432 967 habere
444 940 571 967 vetitum.
596 939 652 968 Hoc
671 945 762 968 tamen
784 948 860 972 auso.
884 941 967 976 depo-

182 985 278 1012 nenda:
291 986 351 1012 ovis
367 985 451 1013 multa
468 985 613 1021 irrogatur.
626 985 685 1014 Mos
696 987 757 1014 vitae
770 987 841 1014 talis.
855 986 968 1020 Quando

182 1031 269 1058 hiems
282 1035 324 1058 est
343 1030 389 1066 (id
412 1031 484 1066 quod
508 1032 560 1060 sub
583 1033 727 1060 etesiarum
743 1037 849 1068 tempus
872 1038 968 1060 natura

182 1080 367 1111 comparatum
396 1077 459 1111 cst),
483 1077 537 1105 Deo
563 1078 703 1112 regionem
734 1079 857 1113 ipsorum
886 1079 968 1114 largis

182 1122 331 1149 inundante
345 1122 434 1158 aquis,
448 1130 463 1150 e
487 1124 619 1158 sanguine
634 1127 662 1151 et
679 1124 748 1150 lacte
763 1124 891 1158 pabulum
907 1125 969 1152 vita:

181 1167 304 1202 capiunt,
320 1175 380 1202 qua!
392 1168 418 1194 in
432 1176 513 1195 unam
528 1169 606 1196 misla
620 1173 784 1203 versataque
811 1169 966 1202 colluviem,

182 1213 211 1240 in
228 1213 290 1240 ollis
314 1214 347 1240 ad
369 1213 458 1248 ignem
483 1214 578 1242 leviter
593 1213 768 1242 calefaciunt.
791 1214 827 1242 At
841 1214 863 1242 si
888 1220 969 1242 aestas

182 1259 278 1292 instat,
299 1259 326 1286 in
348 1258 408 1286 udis
421 1264 566 1286 versantur
587 1258 664 1291 locis,
674 1259 708 1286 de
725 1260 824 1294 pabulo
848 1259 919 1287 inter
939 1267 970 1288 se

182 1304 380 1339 depugnantes,
392 1310 419 1332 et
431 1310 488 1332 tum
503 1312 631 1340 pecorum
644 1306 791 1334 annosiora
801 1310 829 1333 et
843 1306 968 1334 morbida

183 1349 341 1382 absumunt,
361 1349 496 1377 laniorum
515 1351 571 1385 (qui
589 1350 722 1378 immundi
743 1350 810 1386 ipsis
823 1351 969 1378 nominan-

185 1396 240 1431 tur)
254 1403 336 1431 opera
363 1401 491 1424 mactata.
513 1395 655 1424 Neminem
682 1404 714 1424 ex
740 1397 902 1425 mortalibus
925 1405 970 1433 pa-

184 1445 291 1468 rentum
315 1441 426 1468 nomine
449 1441 603 1476 dignantur,
620 1446 798 1477 praeterquam
821 1447 927 1470 laurum
943 1447 970 1470 et

184 1493 304 1513 vaccam.
327 1485 407 1513 Illum
420 1485 491 1513 enim
507 1489 610 1520 patrem
631 1505 640 1519 ,
664 1486 736 1514 hanc
757 1491 872 1515 matrem
896 1488 970 1516 voci-

185 1536 252 1559 tant.
282 1532 384 1560 Eodem
399 1532 504 1560 honore
516 1532 629 1560 arietem
651 1537 679 1561 et
697 1533 815 1565 hircum,
837 1542 970 1569 ovemque

1012 295 1105 320 ρουσιν
1121 287 1265 319 ἐξαισίους,
1290 286 1374 318 κύνας
1400 286 1429 313 δὲ
1445 287 1575 322 τρέφουσι
1605 286 1719 319 πολλοὺς
1747 286 1795 312 καὶ

1014 333 1160 368 μεγάλους,
1181 332 1281 368 ὁμοίως
1293 333 1349 364 τοῖς
1371 332 1524 368 Ὑρκανοίς,
1538 333 1585 360 καὶ
1608 333 1671 364 τοὺς
1686 332 1794 366 ἐπιφοι-

1011 379 1118 411 τῶντες
1131 379 1222 406 αὐτῶν
1239 379 1288 413 τὴν
1301 379 1393 414 χώραν
1413 379 1540 412 Ἰνδικοὺς
1557 379 1622 414 βόας
1637 379 1672 406 δι’
1705 378 1795 406 αὐτῶν

1014 425 1130 461 θηρῶσι.
1145 425 1249 461 πλῆθος
1262 425 1487 460 ἐπιφαινομένους
1501 425 1642 460 ἀμύθητον
1656 424 1711 452 ἀπὸ
1735 424 1797 460 cpe-

1014 472 1073 499 πῶν
1084 471 1246 508 χειμερινῶν
1266 471 1319 503 ἕως
1349 472 1431 507 μέσου
1453 471 1587 507 χειμῶνος
1602 471 1624 487 ⁸⁸
1636 479 1644 487 ⁸
1662 469 1721 497 εἶτα
1750 470 1798 496 καὶ

1014 519 1065 550 τὰς
1080 518 1134 545 τῶν
1147 517 1237 545 κυνῶν
1249 517 1360 553 θηλείας
1373 517 1540 552 ἀμέλγοντες
1551 516 1591 552 τῷ
1604 516 1720 551 γάλακτι
1734 516 1799 550 τρέ-

1015 572 1124 599 φονται,
1139 564 1185 590 καὶ
1199 562 1229 595 ἐξ
1255 562 1342 590 ἄλλων
1355 562 1383 589 δὲ
1399 562 1485 598 θήρας
1501 561 1589 594 ζώων.
1615 561 1671 588 Καὶ
1701 560 1736 587 τὰ
1752 560 1800 596 μὲν

1015 609 1159 637 τελευταῖα
1178 609 1232 636 τῶν
1247 609 1316 644 πρὸς
1330 608 1507 644 μεσημϐρίαν
1518 606 1641 635 τοιαῦτα.

1244 665 1316 700 Περὶ
1334 664 1559 700 Τρωγλοδυτῶν.

1055 713 1095 741 Τὰ
1113 712 1141 740 δέ
1153 712 1223 740 κατὰ
1239 713 1302 743 τοὺς
1324 711 1518 747 Τρωγλοδύτας
1540 710 1663 738 τοιαῦτα.
1687 709 1724 736 Τδ
1753 709 1802 744 μὲν

1020 760 1095 794 γένος
1109 759 1160 794 τῆς
1174 759 1330 790 συστάσεως
1344 758 1481 793 τυραννὶς,
1499 757 1527 784 αἱ
1543 757 1572 783 δὲ
1590 756 1719 790 γυναῖκες
1744 764 1802 782 κοι-

1017 805 1062 843 ναὶ
1081 805 1129 831 καὶ
1143 804 1168 830 οἱ
1192 803 1288 835 παῖδες
1301 811 1308 818 ·
1326 803 1394 838 μόνῃ
1416 802 1439 829 δ’
1466 802 1518 829 οὐκ
1536 801 1625 834 ἔξεστι
1654 801 1802 836 πλησιάσαι

1018 852 1052 886 τῇ
1071 850 1116 877 τοῦ
1133 850 1283 886 τυράννουι
1298 848 1337 884 τῷ
1349 848 1378 875 δέ
1404 848 1571 884 τολμήσαντι
1594 847 1731 882 πρόϐατον
1756 853 1804 873 κα-

1019 896 1148 924 ταθέσθαι
1162 895 1193 923 τὸ
1208 895 1345 930 ἐπιτίμιον
1359 893 1460 921 δίδοται
1473 894 1507 921 ⁴¹,
1527 894 1560 920 Ἦ
1588 893 1616 920 δὲ
1643 892 1801 928 ἀναστροφὴ

1019 941 1108 969 αὐτῶν
1120 949 1128 957 ο
1143 941 1189 968 τὸν
1203 940 1254 975 μὲν
1270 940 1336 975 παρ’
1350 940 1443 971 αὐτοῖς
1467 939 1591 974 χειμῶνα
1604 938 1673 973 (ἐστι
1686 938 1708 964 δ’
1727 934 1805 968 οὗτος

1018 987 1071 1014 ὑπὸ
1085 986 1150 1023 [758
1164 986 1211 1023 IL]
1227 987 1290 1018 τοὺς
1303 985 1427 1020 ἐτησίας)
1445 986 1537 1012 πᾶσαν
1563 983 1654 1011 αὐτῶν
1676 982 1723 1010 τοῦ
1736 982 1803 1009 Θεοῦ

1018 1034 1067 1069 τὴν
1079 1033 1171 1070 χώραν
1197 1032 1276 1059 ὕδασι
1304 1031 1416 1068 λάϐροις
1445 1030 1601 1066 ἐπέχοντος,
1626 1029 1673 1063 ἀφ’
1689 1028 1806 1064 αῐματος

1019 1078 1067 1106 καὶ
1091 1079 1226 1113 γάλακτος
1239 1078 1335 1111 ζῶσιν⁷
1355 1077 1396 1108 είς
1409 1075 1492 1103 ταύτὸ
1518 1075 1643 1111 μίξαντες
1660 1074 1707 1100 καὶ
1729 1073 1805 1100 κυλί-

1019 1133 1117 1156 σαντες
1140 1125 1169 1151 ἐν
1193 1124 1314 1158 ἀγγείοις
1335 1123 1397 1158 εικῆ
1428 1121 1647 1157 πεπυρωμένοις.
1669 1120 1753 1147 Ἐπὰν
1776 1119 1806 1146 δὲ

1019 1172 1117 1206 ἐπιστῇ
1133 1170 1164 1197 τὸ
1178 1170 1269 1206 θέρος,
1287 1170 1317 1196 ἐν
1332 1171 1388 1200 τοῖς
1403 1166 1603 1203 τελματώδεσιν
1618 1166 1805 1201 ἀναστρέφον-

1018 1227 1063 1245 ται
1077 1217 1198 1253 χωρίοις,
1216 1215 1367 1251 μαχόμενοι
1383 1214 1452 1250 πρὸς
1464 1213 1596 1249 ἀλλήλους
1611 1213 1676 1248 περὶ
1698 1212 1746 1239 τοῦ
1761 1220 1804 1246 χι-

1019 1264 1155 1299 λὼματος.
1172 1262 1228 1289 Καὶ
1243 1261 1278 1288 τὰ
1291 1260 1468 1297 πρεσϐύτερα
1481 1259 1535 1286 τῶν
1554 1259 1734 1295 βοσκημάτων
1758 1258 1805 1284 καὶ

1019 1308 1150 1336 νοσοῦντα
1178 1307 1339 1340 δαπανῶσι,
1360 1306 1405 1333 διὰ
1434 1306 1488 1332 τῶν
1502 1305 1526 1321 ⁸⁸
1553 1305 1693 1340 μαγείρων
1719 1303 1806 1330 ταῦτα

1021 1353 1184 1385 κτείνοντες,
1201 1352 1248 1384 οὓς
1265 1351 1396 1379 καλοῦσιν
1412 1350 1594 1386 ἀκαθάρτους.
1611 1347 1690 1377 Οὗτοι
1701 1348 1806 1385 ἀνθρώ-

1021 1409 1080 1428 πων
1094 1399 1144 1436 μὲν
1159 1399 1246 1426 οὐδενὶ
1262 1397 1433 1434 περιτιθέασι
1449 1397 1472 1414 ⁸³
1489 1397 1538 1432 τὴν
1551 1397 1606 1424 τῶν
1617 1396 1718 1431 γονέων
1741 1395 1807 1429 κλῆ-

1021 1446 1177 1482 σιν,ταύρῳ
1190 1445 1219 1472 δὲ
1234 1444 1282 1472 καὶ
1297 1443 1350 1479 βοῒ,
1366 1444 1412 1470 τὸν
1434 1443 1484 1479 μὲν
1515 1442 1622 1478 πατέρα
1649 1440 1806 1471 καλοῦντες,

1020 1492 1069 1528 τὴν
1083 1491 1112 1518 δὲ
1128 1490 1245 1526 μητέρα,
1260 1489 1391 1521 ὡσαύτως
1406 1487 1476 1523 κριῷ
1489 1496 1519 1514 τε
1533 1487 1581 1514 καὶ
1596 1486 1734 1522 προϐάτῳ,
1763 1485 1808 1512 διὰ

1019 1538 1052 1564 τὸ
1067 1537 1218 1572 λαμϐάνειν
1234 1535 1285 1571 τὴν
1297 1535 1401 1572 τροφὴν
1415 1534 1465 1569 τὴν
1480 1533 1541 1560 καθ’
1557 1532 1714 1568 ᾑμέραν,ού
1731 1532 1809 1567 παρά

184 1582 212 1604 et
237 1577 369 1612 capellam
393 1577 523 1605 alliciunt.
548 1577 606 1605 Hoc
620 1578 683 1606 ideo
706 1579 867 1612 observant,
895 1579 968 1613 quod

1023 1583 1075 1612 τῶν
1088 1584 1201 1615 τοκέων,
1216 1582 1284 1610 ἀλλὰ
1300 1581 1366 1616 παρ’
1375 1579 1498 1607 ἐκείνων.
1515 1575 1596 1606 Οὗτοι
1612 1578 1659 1605 καὶ
1687 1577 1772 1612 ποτῷ,
1794 1579 1809 1604 ὸ

185 1622 344 1650 alimentum
355 1630 409 1651 non
423 1631 439 1650 a
453 1623 621 1658 parentibus,
636 1624 684 1652 sed
707 1625 741 1651 ab
758 1624 812 1651 illis
837 1624 972 1659 quotidia—

186 1675 250 1695 num
278 1668 425 1703 accipiunt.
449 1667 518 1696 Potu
545 1669 632 1696 utitur
660 1669 735 1704 vulgi
758 1677 822 1704 pars
852 1669 970 1697 maxima

186 1713 285 1748 paliuri
308 1713 391 1741 herba
417 1719 564 1742 macerato.
592 1713 714 1750 Tyranni
744 1714 777 1742 de
803 1714 929 1742 confecto
955 1722 972 1742 e

185 1759 254 1787 ﬂore
267 1759 388 1795 quodam
415 1759 522 1792 bibunt,
539 1761 586 1795 qui
612 1765 733 1788 mustum
760 1760 844 1788 refert
868 1760 972 1796 impro-

186 1805 262 1833 bum.
277 1803 348 1832 Nudi
364 1813 463 1840 corpus
484 1806 631 1840 reliqttum,
648 1810 724 1834 nates
746 1805 879 1833 duntaxat
893 1806 972 1841 pelli-

187 1851 238 1881 bus
252 1852 428 1887 succingunt.
447 1852 566 1879 Membra
583 1852 706 1887 corporis
722 1851 850 1887 genitalia
865 1852 972 1879 caneris

187 1898 297 1932 quidem
312 1897 486 1935 Troglodytis
505 1899 654 1934 praecidere
675 1906 751 1926 more
765 1903 807 1926 est
819 1903 971 1933 receptum,

188 1948 215 1972 ut
231 1944 322 1972 cunctl
339 1944 428 1972 solent
444 1944 577 1980 Egyptii.
606 1944 642 1971 At
667 1951 737 1980 quos
759 1943 871 1970 mutilos
885 1943 972 1970 Gratci

187 1991 340 2023 nominant,
357 1994 442 2019 totam
464 1991 539 2018 illam
561 1994 678 2025 partem,
698 1997 780 2025 quam
803 1989 899 2024 reliqui
918 1989 973 2017 cir-

187 2036 365 2069 cumcidunt,
394 2036 526 2066 novacula
546 2035 698 2063 infantibus
730 2039 871 2069 amputare
909 2034 973 2062 reli-

187 2082 269 2118 gione
283 2087 310 2110 et
332 2090 409 2110 more
424 2082 561 2110 sancitum
575 2081 686 2108 habent.
707 2080 784 2108 Unde
805 2088 973 2115 cognomen-

188 2134 245 2157 tum
260 2127 328 2156 illud
342 2128 392 2156 sibi
407 2128 458 2163 ipsi
474 2128 676 2156 consciverunt.

223 2174 294 2203 Hinc
318 2174 489 2210 digressione
507 2174 579 2202 facta
598 2177 694 2201 auctor
717 2177 808 2199 monet
821 2179 861 2203 se,
877 2179 975 2206 quani-

186 2223 229 2251 vis
238 2222 326 2250 Attice
342 2222 479 2257 loquatur,
497 2220 616 2249 Camera:
631 2219 715 2255 (urbis
733 2219 761 2246 in
775 2217 865 2253 Creta)
883 2222 973 2246 tamen

186 2268 301 2298 dialecto
312 2266 483 2296 familiariter
495 2266 546 2294 uti.

221 2313 287 2342 inde
301 2314 335 2341 ad
351 2314 504 2341 institutum
520 2319 657 2345 reversus,
672 2320 734 2347 qua:
744 2312 818 2340 circa
829 2311 973 2340 defunctos

186 2365 269 2396 agant
297 2359 478 2396 Troglodytas,
506 2359 645 2387 edisserit.
661 2358 780 2394 Laqueis
806 2367 841 2386 ex
865 2359 974 2394 palinro

185 2407 323 2434 contextis
339 2407 409 2436 colla
426 2411 595 2436 mortuorum
612 2406 739 2435 cruribus
761 2405 884 2440 alligant.
903 2403 974 2432 Tum

185 2454 249 2481 colli
263 2458 311 2481 aut
329 2454 434 2481 tumulo
452 2453 535 2488 aliqui
554 2453 714 2489 impositos,
734 2451 885 2481 manuariis
903 2451 974 2485 lapi-

185 2500 267 2528 dibus
280 2501 413 2533 obruunt.
429 2508 485 2527 non
499 2500 602 2537 absque
627 2499 701 2527 salso
715 2498 780 2534 joco
803 2502 830 2526 et
852 2497 944 2525 derisu
962 2505 971 2525 :

186 2546 275 2577 donec
288 2546 323 2574 de
338 2546 425 2574 l'orma
438 2547 478 2574 eis
496 2546 565 2573 nihil
581 2545 698 2581 amplius
714 2545 849 2573 videatur.
860 2544 973 2578 Capreae

185 2593 286 2621 dehinc
311 2600 398 2620 cornu
424 2592 451 2620 in
485 2592 577 2627 cipum
597 2592 665 2626 ﬁxo,
690 2592 751 2619 sine
771 2590 976 2627 perturbatione

187 2639 301 2667 omnino
316 2639 418 2667 hilares
435 2639 596 2667 abscedunt.
615 2638 661 2666 Sic
676 2637 775 2674 £55.!)
794 2636 976 2665 funerationis

189 2693 269 2714 usum
281 2685 419 2721 sapienter
438 2685 587 2719 invertunt,
600 2685 735 2720 siquidem
749 2684 784 2711 ob
796 2691 840 2711 res
856 2689 975 2711 mterore

1024 1630 1072 1666 μὲν
1083 1628 1168 1660 πολὺς
1180 1628 1258 1663 ὄχλος
1272 1626 1464 1661 ἁποϐρέγματι
1491 1623 1640 1660 παλιούρου
1668 1623 1788 1659 χρῶνται
1799 1631 1807 1638 ·

1022 1677 1047 1704 oi.
1070 1676 1098 1703 δὲ
1111 1675 1240 1710 τύραννοι
1258 1673 1313 1701 ἀπό
1341 1680 1413 1703 τινος
1429 1671 1526 1703 ἄνθους
1546 1670 1743 1701 σκευασθέντθς
1764 1670 1810 1696 πί-

1021 1731 1108 1755 νουσι,
1122 1720 1314 1755 παραπλησίου
1336 1718 1466 1754 μοχθηρῷ
1480 1717 1586 1752 γλυκεῖ.
1603 1714 1705 1752 Γυμνοὶ
1728 1716 1757 1743 δὲ
1778 1716 1810 1742 τὸ

1022 1767 1086 1796 ἄλλο
1103 1766 1184 1802 σῶμα
1197 1765 1378 1800 τυγχάνοντες
1394 1764 1428 1790 τὰ
1446 1763 1520 1798 ίσχία
1535 1760 1668 1798 δέρμασίν
1686 1761 1740 1787 εισι
1768 1760 1809 1787 δι-

1023 1811 1263 1849 εζωσμένοι.Τὰδὲ
1272 1811 1360 1838 αἰδοῖα
1367 1810 1424 1841 τοῖς
1440 1809 1489 1844 μὲν
1502 1808 1593 1840 ἄλλοις
1605 1806 1809 1843 Τρωγλοδύταις

1023 1861 1097 1889 ἐστιν
1108 1859 1261 1894 είθισμένον
1271 1856 1496 1893 περιτέμνεσθαι,
1508 1855 1633 1889 καθάπερ
1645 1853 1810 1887 Αἰγυπτίους

1024 1907 1129 1938 πάντας
1140 1914 1147 1921 ·
1164 1904 1246 1941 [1560
1262 1903 1310 1940 [1.]
1323 1903 1387 1934 τοὺς
1412 1902 1436 1929 δ’
1453 1901 1507 1928 ὑπὸ
1523 1900 1578 1928 τῶν
1605 1899 1738 1935 Ἐλλήνων
1764 1907 1812 1925 κα-

1023 1952 1171 1987 λουμένους
1188 1950 1318 1982 κολοϐοὺς
1338 1949 1362 1966 ⁵⁸
1377 1949 1432 1976 πᾶν
1456 1948 1487 1974 τὸ
1514 1948 1571 1978 τοῖς
1596 1946 1700 1977 λοιποῖς
1729 1944 1811 1980 μέρος

1025 1998 1177 2034 περιτομῆς
1189 1996 1325 2032 τυγχάνον
1340 1995 1431 2030 ξυροῖς
1448 1994 1577 2029 ἀφαιρεῖν
1591 1992 1666 2018 ἐστὶν
1685 1991 1744 2022 ἔθος
1763 1999 1812 2025 νη-

1024 2042 1095 2069 πίων
1110 2042 1207 2075 δντων,
1223 2041 1254 2074 ἐξ
1267 2036 1298 2068 οὗ
1315 2039 1363 2067 καὶ
1372 2039 1422 2074 τὴν
1436 2037 1584 2073 εἰρημένην
1595 2035 1691 2071 κλῆσιν
1705 2035 1812 2065 ἑαυτοῖς

1024 2086 1198 2122 πεποίηνται.

1060 2176 1123 2203 Ὀτι
1140 2175 1273 2211 κέχρηται
1288 2175 1303 2201 ὁ
1321 2173 1507 2208 συγγραφεὺς,
1535 2169 1693 2206 ἀττικιστὴς
1723 2168 1812 2196 καίτοι

1025 2222 1074 2255 ὢν,
1091 2222 1125 2256 τῇ
1140 2221 1189 2256 τῆς
1204 2220 1344 2256 Καμάρας
1358 2219 1442 2252 λέξει,

1063 2310 1127 2337 Ὅτι
1153 2307 1398 2344 οἱ·Τρωγλοδῦται
1421 2307 1486 2342 περὶ
1511 2306 1575 2337 τοὺς
1600 2302 1811 2340 μετηλλαχότας,

1026 2356 1120 2392 φησὶν,
1133 2356 1205 2383 οὕτω
1219 2356 1379 2390 πράττουσι.
1395 2353 1461 2384 Ταῖς
1477 2353 1509 2379 ἐκ
1520 2352 1575 2378 τῶν
1598 2350 1753 2384 παλιούρων
1767 2349 1814 2375 λύο

1025 2413 1085 2439 γοις
1100 2404 1122 2420 ⁵⁵
1136 2403 1182 2430 τὸν
1195 2403 1298 2438 αὐχένα
1317 2402 1386 2437 πρὸς
1410 2401 1446 2428 τὰ
1458 2400 1540 2435 σκέλη
1567 2398 1726 2434 συνέδησαν,
1755 2395 1813 2423 εἶτα

1027 2453 1070 2479 ἐπ’
1089 2451 1168 2487 δχθον
1183 2450 1324 2481 ἐπιθέντες
1341 2448 1467 2484 βάλλουσι
1492 2445 1686 2482 χειροπληθέσι
1718 2444 1813 2476 λίθοις,

1027 2497 1165 2533 τωθασμῷ
1181 2496 1318 2533 χρώμενοι
1332 2496 1380 2522 καὶ
1394 2494 1504 2529 γέλωτι,
1530 2493 1583 2523 ἕως
1598 2493 1621 2508 ⁸⁸
1634 2491 1816 2527 ἀποκρύψωσι

1027 2544 1076 2572 τοῦ
1088 2543 1313 2578 τετελευτηκότος
1327 2541 1377 2577 τὴν
1405 2540 1513 2576 μορφήν
1531 2546 1537 2554 ·
1568 2539 1686 2566 κᾶπειτα
1713 2536 1815 2564 ἀνωθεν

1029 2589 1168 2619 ἐπιθέντες
1184 2588 1267 2623 κέρας
1282 2587 1359 2621 αἰγὸς
1375 2585 1490 2617 ἀπαθεῖς
1506 2585 1671 2612 ἀπολύονται
1681 2583 1728 2609 καὶ
1748 2589 1815 2607 παν-

1027 2635 1113 2667 τελῶς
1126 2634 1223 2670 ἱλαροί.
1240 2633 1329 2665 οὕτω,
1345 2633 1423 2667 φησὶ,
1437 2633 1498 2664 ταῖς
1512 2631 1636 2665 κηδείαις
1656 2626 1817 2662 καταχρῶν-

1029 2691 1074 2708 ται
1091 2680 1234 2716 νουνεχῶς,
1251 2680 1332 2715 είπερ
1348 2679 1386 2714 μὴ
1397 2678 1494 2705 λυπεῖν
1509 2678 1532 2694 ⁵⁷
1549 2675 1664 2706 ἑαυτοὺς
1685 2673 1731 2700 ἐπὶ
1759 2673 1816 2704 τοίς

837 2739 954 2767 VARUS
966 2738 1162 2768 LECTIONES

227 2789 251 2829 ξ’
262 2789 317 2829 ἀπὸ
327 2789 438 2829 τροπῶν
451 2787 614 2829 χειμερινῶν
632 2788 685 2819 ἓως
699 2788 782 2829 μέσου
798 2785 944 2828 χειμῶνος]
961 2785 1143 2829 «madniodum
1162 2784 1282 2829 θρεμτῆιῖ
1293 2792 1301 2816 ς
1319 2782 1421 2829 rectius
1438 2777 1627 2829 @Iliélgfiiln;
1634 2777 1667 2804 Α·
1679 2776 1790 2829 legit)

188 2825 244 2851 ἀπὸ
256 2815 314 2852 τῶν
325 2815 438 2859 θέρινῶν
451 2815 559 2861 τροπῶν
572 2824 612 2855 εἰς
632 2815 766 2858 μεᾶοὒντα
786 2815 945 2859 χ’ἑιμῶνα.’ἶ
964 2820 1126 2856 Wesseling.
1151 2820 1184 2847 ad
1200 2815 1311 2846 Diodor.
1327 2819 1354 2850 5,
1373 2818 1417 2846 5|.
1456 2817 1477 2831 “
1490 2815 1592 2857 ξέδοται
1608 2821 1639 2846 ς.

188 2862 235 2887 καὶ
248 2859 294 2887 διά
307 2868 338 2891 ς.
385 2859 408 2876 ⁵³
420 2858 608 2891 περιτιθέασιν
634 2864 695 2891 post
713 2859 814 2891 γονέων
842 2858 918 2891 punit
932 2856 960 2884 B.
1012 2856 1034 2872 δι
1051 2856 1124 2883 Ἑλλ.
1146 2855 1193 2882 καὶ
1209 2854 1325 2891 καλουμ.
1343 2862 1374 2886 ς.
1425 2852 1449 2868 ⁸⁵
1477 2851 1572 2884 λυγαις
1591 2850 1623 2876 Δ.

188 2862 235 2895 καὶ
248 2859 294 2887 διά
307 2868 338 2893 ς,
359 2856 365 2859 ”
385 2859 408 2876 ⁵³
420 2856 608 2895 περιτιθέασιν
632 2856 695 2894 post
713 2856 814 2894 γονέων
832 2856 918 2895 ’ρυιιιι
932 2856 960 2884 Β.

185 2894 252 2926 τέως
268 2903 300 2929 ς.
336 2894 360 2911 ⁸⁷
371 2894 464 2932 λύπην
473 2895 578 2927 ἑαυτοῖς
595 2903 626 2927 ς·-

1679 2813 1701 2828 “
1714 2811 1759 2838 διά
1772 2812 1815 2837 A:

1425 2852 1449 2868 “
1477 2850 1572 2884 λύγαις
1591 2850 1623 2876 Δ.
1675 2848 1698 2863 ⁵⁸
1711 2847 1763 2879 ἕως
1775 2848 1816 2873 A;
