1945 3073
162 176 196 208 53
717 174 981 205 BIBIIOTHECA.
992 186 1028 191 —
1041 172 1112 202 COD
1151 172 1229 202 CCL.
1749 170 1783 204 54

159 225 305 260 άλυπήτοις
313 226 450 260 συνέσεως
458 228 580 263 σημεῖον.
591 229 646 261 Τὰς
657 228 678 256 δ’
692 230 761 266 ὑπὲρ
768 231 818 266 τῆς
829 233 948 265 ἀναφυο-

1005 238 1101 258 vacuas
1117 236 1236 257 marore
1256 235 1286 257 se
1302 235 1356 255 non
1376 227 1495 263 allligere
1513 225 1661 262 prudentia:
1674 230 1727 254 est.
1747 225 1786 253 De

162 271 245 306 μένης
258 272 399 307 αἰφνιδίως
412 275 498 310 νομῆς
517 274 617 311 ἔχθρας
626 284 656 303 τε
672 276 720 303 καὶ
737 278 825 312 μάχας
839 277 886 304 καὶ
896 285 946 303 πο-

160 317 258 352 λέμους
275 319 365 345 αὐτῶν
386 320 455 355 πρὸς
475 320 605 357 ἀλλήλους
623 321 698 358 (οὐδὲ
714 323 768 359 γὰρ
784 323 854 358 ὑπὲρ
867 323 947 350 ἄλλου

163 363 231 395 τινὸς
249 364 380 400 μάχονται
393 365 464 400 )ἁλλ’
477 366 524 393 οὖν
539 367 642 400 ταύτας
660 368 688 395 αἱ
700 368 884 404 πρεσϐύτεραι
900 377 949 402 γυ-

159 410 252 440 ναῖκες
267 411 446 446 προπηδῶσαι
467 412 615 446 διαλύουσι,
630 414 702 441 κατὰ
713 415 743 441 τὸ
758 415 841 449 μέσον
857 414 949 441 ἐλθοῦ-

159 462 216 485 σαι,
226 456 274 481 καὶ
295 457 351 488 τοῖς
365 457 514 492 πραΰνουσι
528 458 618 493 λόγοις
629 459 692 492 τοὺς
704 460 806 495 θυμοὺς
821 460 950 495 ἀνηρεθι-

161 501 276 535 σμένους
298 503 537 532 καταστέλλουσαι.
559 505 656 540 ’Ύπνῳ
672 506 715 539 δὲ,
728 506 819 542 φησὶν,
835 507 865 533 οὒ
875 507 950 534 ’κατὰ

160 547 223 578 τοὺς
241 547 338 580 ἄλλους
355 548 410 576 τῶν
425 549 578 586 ἀνθρώπων
589 551 719 587 χρῶνται,
736 552 805 579 ἀλλὰ.
825 552 950 588 θρεμμά-

160 599 216 617 των
230 592 280 627 μὲν
292 592 392 628 πλῆθος
413 595 518 627 ἑαυτοῖς
537 595 628 632 έχουσι
649 597 841 633 συνεπόμενον,
857 598 950 625 κώδω-

161 644 211 668 νας
235 637 264 664 δὲ
291 637 421 674 ὲξέδησαν
444 641 478 667 ἐκ
501 641 556 668 τῶν
581 642 706 678 κεράτων
738 643 794 670 τῶν
825 643 949 680 ἀρρένων

162 685 281 718 πάντων,
299 686 373 719 ὅπως
388 689 402 714 ὁ
420 687 468 715 ἀπ’
484 689 574 716 αὐτῶν
588 689 673 724 ψόφος
689 689 774 726 διώκῃ
797 689 832 718 τὰ
848 690 931 726 θηρία
941 698 948 706 ·

163 731 232 758 ἐπὰν
247 731 276 758 δὲ
288 732 336 765 νὺξ
352 732 406 769 ὲπῇ
419 733 455 767 ⁵³,
473 736 513 767 είς
529 735 649 771 μάνδρας
667 736 715 772 μὲν
739 736 885 771 συνάγουσι
900 737 950 772 τὴν

163 776 248 809 λείαν,
262 777 365 805 ἄνωθεν
379 779 408 805 δὲ
426 779 602 808 ἐπιϐάλλουσι
628 782 725 816 ριποίις
750 782 783 808 ἐκ
810 781 948 817 φοινίκων.

163 821 219 848 Καὶ
231 821 259 848 αἱ
273 822 324 857 μὲν
336 825 465 857 γυναῖκες
479 825 548 859 μετὰ
567 825 622 853 τῶν
634 826 740 861 νηπίων
750 827 856 858 τούτοις
887 827 949 853 ἑπι-

163 865 316 893 6αίνουσιν·
333 868 358 894 οἱ
374 867 402 894 δὲ
427 868 525 904 ἄνδρες
551 869 625 906 πυρὰ
649 870 742 906 κύκλῳ
767 871 890 897 καίουσιν
904 870 926 887 ’δ’
939 890 948 903 ,

163 912 271 948 ᾄδοντες
285 913 417 948 πατρίους
432 914 507 946 τινὰς
529 915 641 950 μύθους,
657 916 704 942 καὶ
718 916 764 943 τὸν
775 914 858 942 ὕπνον
877 915 949 943 οὕτω

163 957 364 994 παρωθοῦνται,
383 958 507 996 [73911.]
527 961 556 987 έν
571 960 679 993 πολλοῖς
701 961 750 996 τῆς
771 961 885 997 μελέτης
905 961 950 988 διὰ

162 1005 317 1038 τάναγκαῖα
331 1004 354 1021 ⁸⁸
367 1005 416 1040 τὴν
430 1006 511 1040 φύσιν
522 1005 651 1041 νικώσης.
672 1006 756 1034 Ἐπὰν
769 1007 799 1033 δέ
812 1006 949 1040 τινες,τοῦ

164 1051 246 1078 πᾶσιν
267 1050 443 1085 ὀφειλομένου
461 1051 563 1087 γήρους
584 1051 759 1087 βαρύνοντος,
776 1051 877 1087 μηκέτι
903 1052 951 1079 δύ-

163 1105 262 1124 νωνται
276 1099 337 1129 ταῖς
353 1097 481 1133 ποίμναις
492 1097 696 1130 ἐπακολουθεῖν,
710 1097 870 1133 περιθέντες
891 1098 951 1134 βοδς

162 1142 247 1177 οὐρὰν
259 1143 324 1179 περὶ
345 1143 391 1170 τὸν
406 1143 508 1179 αὐχένα
530 1143 576 1170 τὸν
598 1143 699 1176 αὐτῶν,
727 1144 774 1170 καὶ
797 1144 844 1171 τὸν
864 1144 951 1172 ὀπίσω

161 1187 210 1215 τοῦ
225 1189 362 1224 τραχήλου
377 1189 476 1224 δεσμὸν
488 1187 518 1216 εὖ
536 1189 609 1225 μάλα
627 1189 866 1225 περισφίγξαντες,
882 1191 951 1218 ἁπό-

163 1233 255 1261 λύουσι
269 1234 317 1261 τοῦ
334 1234 402 1270 βίου,
419 1235 450 1262 Ei
463 1235 492 1262 δέ
506 1244 549 1268 τις
560 1235 650 1262 αὐτῶν
664 1236 714 1271 τὴν
725 1235 854 1272 τελευτὴν
867 1237 953 1272 ὑπερ-

165 1279 272 1312 δάλλοι,
284 1281 429 1316 παραστὰς
442 1282 457 1308 ὁ
468 1281 553 1308 θέλων
572 1281 660 1316 ἄφνω,
677 1281 715 1313 ὡς
725 1282 770 1308 ἐπ’
791 1281 884 1318 εὐνοίᾳ
905 1283 952 1309 τὸν

162 1326 242 1354 ὄκνον
263 1326 482 1363 ἀφαιρούμενος,
509 1327 642 1354 νουθετῶν
660 1328 719 1363 ἆμα
740 1327 781 1364 τῷ
810 1328 881 1364 λόγῳ
902 1329 953 1363 τῆς

163 1373 347 1411 ἀναστροφῆς,
362 1373 408 1400 διὰ
421 1373 471 1409 τῆς
484 1374 569 1409 αὐτῆς
584 1373 645 1400 ὀδοῦ
658 1374 822 1410 παρέλυσεν,
840 1375 878 1401 Ού
888 1375 952 1407 τοὺς

163 1419 354 1455 γηράσκοντας
367 1419 396 1447 δὲ
418 1420 499 1455 μόνον
516 1419 587 1447 οὕτω
610 1419 658 1447 τοῦ
680 1420 731 1456 ζῇν
757 1420 951 1454 ὑπεξάγουσιν,

164 1464 236 1492 ἀλλὰ
252 1465 298 1492 καὶ
317 1465 363 1498 οὓς
387 1465 405 1501 ἢ
418 1466 497 1498 νόσος
510 1466 644 1502 ἐπίμονος
667 1466 684 1502 ἢ
700 1466 788 1502 μελῶν
804 1475 877 1498 τινος
898 1467 953 1502 πή-

165 1519 251 1545 ρωσις
274 1512 428 1547 ἀχρήστους
444 1513 485 1545 είς
500 1512 530 1540 τδ
542 1514 602 1546 ταῖς
614 1513 729 1548 ἀγέλαις
741 1515 952 1551 παρασκευάσει

164 1557 337 1585 συνέπεσθαι.

201 1604 261 1630 Ὀτι
273 1604 353 1640 φησί’
369 1605 425 1641 Τῆς
437 1606 502 1642 ὅλης
518 1607 682 1643 οἰκουμένης
697 1608 726 1635 έν
749 1608 878 1644 τέτταρσι
901 1617 952 1636 κυ-

163 1648 326 1685 κλιζομένης
341 1651 463 1687 μέρεσιν,
476 1652 609 1688 ἀνατολῆς
621 1653 704 1688 λέγω,
722 1653 835 1687 δύσεως,
848 1655 951 1690 ἄρκτου

163 1695 211 1722 καὶ
226 1696 411 1732 μεσημὸρίας,
430 1697 464 1725 τὰ
483 1698 533 1733 μὲν
548 1699 616 1735 πρὸς
640 1699 760 1735 ἑσπέραν
777 1700 952 1736 ἐξείργασται

164 1743 253 1776 Λύκος
267 1752 297 1771 τε
315 1744 363 1770 καὶ
383 1744 510 1779 Τίμαιος,
525 1744 559 1772 τὰ
574 1745 602 1772 δὲ
628 1746 696 1781 πρὸς
719 1746 851 1778 ἀνατολὰς
871 1747 952 1774 Ἐκα-

163 1788 237 1820 ταίός
250 1790 273 1805 ¹¹
285 1797 314 1816 τε
335 1790 358 1805 ⁵³
373 1790 418 1816 καί
434 1790 565 1822 Βασιλεὺς
579 1790 614 1824 ³⁸,
634 1791 668 1817 τὰ
691 1791 720 1818 δὲ
744 1792 814 1827 πρὸς
829 1792 879 1824 τὰς
901 1793 954 1828 ἆρ-

164 1842 246 1866 κτους
264 1835 409 1870 Διόφαντος
426 1837 474 1863 καὶ
487 1837 654 1873 Δημήτριος,
669 1837 704 1864 τὰ
718 1838 747 1865 δὲ
763 1839 830 1875 πρὸς
845 1847 953 1876 μεσημ-

165 1879 257 1915 ϐρίαν,
272 1881 410 1916 φορτικὸν,
426 1882 504 1918 φησὶ,
519 1883 549 1910 τὸ
561 1882 673 1919 ἀληθὲς,
696 1884 787 1920 ἡμεῖς.

201 2023 265 2050 Ὀτι
283 2023 347 2056 τοὺς
361 2023 416 2051 τῶν
437 2023 590 2061 ἀνθρώπων
605 2025 826 2062 διαφορωτάτους
837 2027 911 2064 βίους
922 2030 954 2057 οὗ

999 277 1108 311 pascuis
1121 276 1211 304 subito
1232 274 1504 310 repullulascentibns
1516 273 1676 301 inimicitias
1691 277 1717 300 et
1732 280 1783 307 pu-

998 329 1065 358 gnas
1089 326 1171 357 atque
1198 321 1269 348 bella
1284 321 1393 356 quando
1411 320 1531 347 excitant
1546 319 1619 354 (nam
1640 319 1692 346 alia
1709 319 1743 346 de
1759 325 1788 345 re

999 368 1069 395 inter
1083 375 1113 394 se
1124 374 1177 394 non
1194 366 1346 401 dimicant),
1361 370 1491 393 matrona:
1507 369 1585 392 aetate
1593 364 1788 398 provectiores,

1000 414 1027 441 in
1045 413 1164 440 medium
1184 412 1370 448 prosilientcs,
1384 416 1521 439 certamen
1535 410 1677 440 dirimunt,
1688 413 1715 436 et
1725 417 1788 436 ver-

999 459 1042 488 bis
1055 460 1088 487 ad
1109 460 1245 488 lenitatem
1262 458 1420 493 compositis
1441 458 1563 485 irritatos
1576 456 1685 483 animos
1698 455 1787 491 repri-

1001 510 1088 534 munt.
1109 506 1242 534 Somnum
1266 513 1320 533 non
1338 513 1387 541 pro
1403 504 1519 532 aliorum
1543 503 1686 530 hominum
1712 510 1789 530 more

1000 553 1121 588 capiunt,
1140 553 1186 581 sed
1201 560 1329 588 pecorum
1352 559 1448 588 greges
1466 556 1596 586 perpetuo
1616 557 1709 578 secum
1732 548 1789 577 cir—

1000 599 1176 627 cumducunt.
1189 598 1328 634 Quotquot
1343 606 1374 626 ex
1394 598 1437 625 his
1448 601 1513 625 sunt
1522 605 1623 630 mares,
1637 596 1734 623 horum
1754 596 1789 623 de

1001 644 1130 672 cornibus
1147 644 1328 671 tintinnabula
1351 643 1533 677 suspendunt,
1551 648 1581 670 ut
1606 642 1712 670 sonitus
1738 643 1789 668 ho-

999 698 1062 718 rum
1083 690 1157 718 fures
1179 690 1307 718 abarceat
1324 689 1465 725 fugetque.
1481 688 1540 716 Jam
1562 689 1585 716 si
1601 697 1652 716 nox
1675 687 1788 722 ingruit,

1000 736 1029 764 in
1046 736 1138 764 caulas
1158 736 1275 771 praadam
1295 741 1405 771 cogunt,
1432 740 1458 763 et
1471 739 1577 763 storeas
1600 742 1615 762 e
1630 735 1728 769 palmis
1742 733 1790 760 de-

1001 788 1085 817 super
1111 781 1248 817 injiciunt.
1273 780 1332 809 Huc
1358 781 1465 808 femina:
1495 788 1558 808 cum
1582 779 1734 807 infantibus
1760 787 1790 806 se

1000 827 1144 862 recipiunt.
1160 827 1214 854 Viri
1229 832 1320 855 autetn
1334 827 1442 862 ignibus
1453 825 1630 853 circumcirca
1647 826 1770 853 accensis
1781 845 1789 858 ,

1000 876 1101 910 patrias
1117 878 1145 902 et
1169 875 1284 910 gentiles
1310 874 1443 909 quasdam
1467 873 1574 901 fabulas
1598 872 1788 905 decantando,

1001 928 1127 949 somnum
1144 928 1159 948 a
1174 928 1204 948 se
1225 921 1369 955 repellunt.
1383 921 1429 948 Sic
1451 921 1478 947 in
1503 920 1597 948 multis
1623 919 1790 947 assuefactio

1000 970 1127 994 naturam
1153 974 1202 1002 per
1222 967 1376 994 necessaria
1404 966 1528 1001 qumdam
1559 965 1652 993 vincit.
1685 964 1714 992 Si
1741 963 1790 998 qui

1001 1012 1207 1046 ingravescente
1221 1013 1298 1040 senio
1323 1012 1408 1048 (quod
1431 1011 1560 1040 omnibus
1587 1018 1620 1038 ex
1642 1018 1720 1044 aequo
1741 1011 1789 1038 de-

1001 1059 1091 1094 betur)
1107 1067 1201 1094 greges
1220 1059 1329 1094 assequi
1356 1066 1410 1085 non
1430 1057 1545 1093 possint,
1563 1057 1614 1084 hos
1633 1057 1720 1084 cauda
1740 1055 1790 1083 bo—

1001 1104 1043 1131 vis
1051 1104 1237 1139 colloinjecta,
1251 1103 1377 1138 nodoque
1389 1102 1416 1130 in
1425 1105 1525 1130 vertice
1539 1106 1614 1130 arcte
1626 1101 1790 1133 constricto,

1001 1159 1017 1179 e
1027 1151 1083 1178 vita
1096 1151 1248 1178 exsolvunt.
1265 1149 1342 1183 Quod
1357 1150 1379 1176 si
1401 1149 1463 1184 quis
1480 1156 1574 1176 eorum
1585 1148 1688 1176 exitum
1701 1155 1718 1174 e
1736 1147 1791 1174 vita

1001 1197 1110 1232 longius
1127 1196 1264 1229 extendat,
1275 1195 1432 1230 quicunque
1446 1195 1508 1222 velit
1520 1198 1628 1229 repente
1644 1193 1790 1223 assistens,

1001 1242 1080 1277 quasi
1108 1241 1295 1269 benevolentia
1323 1239 1451 1267 inductus
1480 1239 1681 1267 cunctationem
1714 1238 1790 1265 illam

1002 1291 1182 1319 summoveat,
1207 1286 1272 1314 dum
1288 1285 1416 1313 admonet
1438 1285 1519 1313 simul
1544 1289 1571 1312 et
1593 1284 1683 1319 culpat
1703 1283 1787 1318 tergi-

1002 1333 1199 1365 versationem,
1222 1333 1317 1359 eadem
1332 1331 1374 1358 via
1405 1331 1544 1358 hominem
1562 1330 1710 1358 exanimat.
1735 1328 1790 1356 Nec

1003 1379 1079 1408 senio
1094 1383 1200 1407 tantum
1213 1379 1362 1406 exhaustos
1380 1378 1417 1405 ita
1432 1386 1447 1405 e
1472 1377 1540 1404 vivis
1564 1376 1731 1408 subducunt,
1746 1383 1793 1402 ve-

1003 1434 1064 1454 rum
1093 1426 1175 1453 etiam
1199 1433 1269 1460 quos
1299 1425 1423 1459 pertinax
1446 1424 1569 1456 morbus,
1599 1427 1649 1450 aut
1676 1421 1791 1449 membri

1004 1472 1120 1507 alicujus
1139 1472 1234 1500 vitium
1254 1471 1289 1500 ad
1314 1471 1501 1500 comitandum
1529 1474 1657 1498 armenta.
1681 1469 1793 1496 inutiles

1004 1517 1100 1545 reddit.

1038 1608 1104 1636 CAP.
1113 1607 1208 1636 XXXI.
1228 1607 1264 1635 De
1272 1607 1536 1642 scriptoribusrerum
1547 1607 1576 1633 in
1589 1611 1703 1642 quatuor
1715 1614 1794 1633 mun-

1004 1654 1032 1682 di
1044 1654 1141 1689 plagis.
1154 1669 1188 1675 ——
1201 1653 1268 1681 Cum
1286 1658 1360 1681 totus
1369 1652 1525 1681 habitabilis
1541 1652 1623 1680 orbis.
1632 1657 1750 1687 quatuor
1765 1652 1793 1679 in

1004 1700 1120 1728 circuitu
1138 1700 1225 1737 plagis
1241 1699 1278 1727 sit
1295 1699 1435 1732 deﬁnitus,
1451 1704 1529 1732 ortu,
1543 1699 1665 1734 inquam,
1691 1703 1718 1726 et
1746 1705 1794 1725 oc-

1004 1753 1081 1780 casu,
1098 1746 1348 1782 septemquetrione
1363 1751 1392 1773 et
1412 1746 1526 1773 meridie
1548 1755 1555 1773 :
1572 1753 1633 1780 qua:
1650 1752 1794 1780 vesperam

1004 1792 1163 1828 respiciunt,
1183 1791 1272 1828 Lycus
1290 1796 1317 1820 et
1338 1791 1457 1819 Timaeus
1487 1794 1648 1827 exegerunt,
1674 1798 1734 1826 qua:
1759 1791 1795 1818 ad

1005 1842 1096 1867 ortum
1111 1843 1186 1871 sunt,
1202 1837 1343 1866 Hecataeus
1373 1842 1400 1866 et
1422 1836 1520 1865 Basilis
1537 1846 1543 1864 :
1564 1836 1796 1872 septentrionibus

1006 1889 1098 1912 autem
1115 1883 1252 1918 subjecta,
1266 1882 1436 1918 Diophautus
1453 1888 1481 1909 et
1495 1882 1649 1910 Demetrius
1667 1891 1674 1909 :
1690 1887 1718 1908 at
1731 1889 1796 1917 quas

1004 1930 1128 1958 meridiei
1160 1933 1226 1957 sunt
1248 1929 1374 1962 obversa,
1399 1936 1449 1956 nos
1472 1928 1521 1963 (ait
1535 1935 1654 1964 auctor),
1667 1928 1798 1963 quamvis

1005 1977 1119 2005 molesta
1133 1977 1169 2004 sit
1185 1976 1295 2008 veritas,
1314 1975 1450 2010 persecuti
1465 1983 1571 2003 sumus.

1040 2022 1105 2050 CAP.
1125 2021 1234 2057 XXXII.
1267 2021 1344 2055 Quod
1367 2029 1419 2048 non
1451 2027 1526 2048 tanta
1549 2021 1668 2048 locorum
1692 2021 1727 2048 sit
1752 2021 1796 2048 di-

165 2069 251 2101 πολὺς
265 2069 407 2106 διαμετρεῖ
424 2071 472 2098 καὶ
500 2071 613 2108 διορίζει
632 2073 726 2104 τόπος.
765 2074 813 2101 Ἐκ
835 2075 890 2111 γὰρ
905 2075 952 2111 τῆς

1005 2069 1125 2101 stantia,
1150 2074 1250 2104 quanta
1265 2076 1380 2095 morum.
1397 2083 1433 2088 —
1450 2068 1583 2103 Caeterum
1603 2067 1798 2095 diversissima:

164 2116 319 2148 Μαιώτιδος
332 2116 431 2153 λίμνης
444 2117 538 2145 πολλοὶ
555 2118 610 2145 τῶν
623 2119 827 2155 φορτιζομένων
840 2121 870 2147 ἐν
889 2128 952 2156 φορ-

1006 2115 1148 2143 hominum
1163 2114 1269 2142 vivendi
1287 2114 1408 2142 rationes
1425 2121 1478 2141 non
1497 2114 1535 2141 ita
1560 2113 1648 2149 longis
1665 2113 1795 2140 dividun-

164 2164 261 2198 τηγοῖς
274 2163 297 2179 ⁵³
311 2163 424 2195 ἀκάτοις
450 2164 590 2192 δεκαταῖοι
619 2165 743 2201 κατῆραν
763 2166 804 2198 είς
824 2166 870 2194 τδν
892 2167 952 2194 Ῥο-

1006 2167 1051 2190 tur
1077 2160 1199 2189 locorum
1218 2159 1378 2189 intervallis.
1399 2159 1467 2187 Nam
1487 2167 1521 2187 ex
1546 2159 1646 2194 palude
1674 2158 1800 2187 Maeotica

165 2209 229 2235 δίων
243 2208 352 2243 λιμένα,
372 2208 420 2243 ἀφ’
440 2205 479 2236 ὧν
496 2209 549 2236 ὑπὸ
561 2209 608 2236 τὸν
624 2211 721 2246 καιρὸν
735 2213 892 2247 τεταρταῖοι
905 2213 952 2248 μὲν

1007 2207 1085 2235 multi
1105 2207 1239 2235 onerariis
1251 2207 1327 2234 vecti
1338 2206 1463 2242 navigiis,
1481 2206 1585 2234 decima
1597 2206 1658 2233 luce
1677 2206 1706 2233 in
1721 2206 1798 2234 Rho-

166 2254 297 2288 ἀφίκοντο
311 2254 351 2286 εἰς
371 2255 422 2290 τὴν
440 2255 655 2292 Ἀλεξάνδρειαν,
675 2257 707 2283 ὲκ
721 2257 750 2284 δὲ
762 2258 865 2293 ταύτης
877 2259 952 2286 ἐναν-

1008 2253 1116 2281 diorum
1142 2257 1238 2287 portus
1258 2252 1372 2280 intrant.
1403 2252 1467 2286 lude
1492 2251 1590 2279 eadem
1613 2252 1799 2287 navigationis

165 2299 216 2334 τίῳ
235 2298 275 2333 τῷ
292 2298 409 2334 ῥεύματι
426 2300 553 2332 πλέοντες
571 2301 624 2327 ἀνὰ
633 2301 679 2328 τὸν
699 2302 821 2337 ποταμὸν
848 2303 878 2330 ὲν
907 2304 955 2331 ἆλ-

165 2344 227 2376 λαις
235 2344 300 2372 δέκα
313 2346 503 2381 παραγένοιντ⁷
513 2345 546 2373 ἃν
555 2347 586 2374 οὗ
601 2347 725 2383 χαλεπῶς
739 2349 779 2380 είς
791 2348 935 2376 Αἰθιοπίαν
947 2359 954 2366 υ

167 2389 244 2425 [1561
266 2389 314 2427 IL]
330 2391 399 2418 ὥστε
411 2393 465 2419 ἀπὸ
479 2393 530 2429 τῆς
558 2393 714 2429 ὑπερϐολῆς
727 2394 775 2421 τοῦ
791 2394 894 2432 ψύχους
917 2397 957 2429 είς

165 2436 256 2471 ἄκραν
274 2436 322 2464 τοῦ
337 2437 477 2473 καύματος
491 2439 542 2474 τὴν
556 2439 649 2475 ἀκμὴν
675 2439 714 2476 μὴ
732 2440 843 2474 πλείους
869 2442 956 2469 εἴκοσι

165 2482 290 2515 τίνεσθαι
319 2484 366 2509 καὶ
398 2484 479 2511 πέντε
507 2485 563 2515 τοῖς
594 2485 786 2521 κομιζομένοις
810 2487 957 2523 ἐνδελεχῶς

165 2529 275 2564 ἡμέρας
286 2529 321 2557 ⁵⁸.
344 2529 414 2556 Ἀλλ’
425 2531 511 2566 ὅμως,
528 2530 665 2567 τοσαύτης
679 2531 761 2567 οὔσης
773 2533 824 2568 τῆς
840 2534 958 2568 τοπικῆς

164 2575 350 2607 διαστάσεως,
364 2576 568 2612 άνυπέρὸλητον
583 2577 676 2613 ἔχουσι
695 2578 764 2614 πρὸς
777 2579 909 2614 ἀλλήλους
931 2581 963 2609 oi;

165 2620 307 2653 ἅνθρωποι
322 2620 377 2648 τῶν
400 2630 431 2648 τε
444 2622 509 2657 βίων
524 2624 571 2650 καὶ
582 2623 637 2651 τῶν
657 2623 727 2651 ἐθῶν
741 2625 789 2652 καὶ
816 2624 862 2652 τοῦ
877 2625 958 2661 ἀέρος

165 2664 216 2700 τὴν
231 2665 375 2702 διαφορὰν,
392 2666 463 2694 ὥστε
477 2668 545 2703 μηδὲ
567 2669 746 2697 πιστεύεσθαι
761 2671 826 2706 παρ’
852 2671 958 2707 ἑτέροις

165 2711 201 2737 τὰ
233 2711 300 2747 παρ’
328 2712 419 2745 ἄλλοις
430 2714 453 2730 ⁸⁷
477 2714 580 2751 συνήθη
608 2723 639 2742 τε
665 2716 713 2743 καὶ¹
740 2716 956 2752 ὁμολογούμενα,

1009 2299 1201 2329 commoditate
1219 2300 1253 2328 ad
1275 2299 1346 2327 diem
1364 2305 1491 2335 quartum
1506 2298 1605 2335 555a
1626 2299 1799 2327 Alexandriae

1010 2346 1159 2382 appellunt.
1182 2346 1224 2373 Ab
1238 2346 1290 2373 ‘nac
1305 2347 1438 2374 adversus
1455 2348 1545 2374 amnis
1563 2347 1709 2374 decursum
1733 2346 1800 2374 sub-

1011 2393 1092 2426 vecti,
1111 2393 1180 2420 intra
1193 2393 1253 2420 dies
1269 2392 1339 2420 alios
1358 2392 1463 2425 decem,
1479 2400 1534 2419 non
1551 2392 1653 2420 ditIicili
1677 2392 1797 2427 negotio,

1013 2439 1178 2474 Ethiopiam
1204 2439 1364 2474 contingere
1388 2444 1514 2473 possunt.
1537 2437 1562 2466 At
1583 2446 1692 2466 summo
1716 2439 1800 2473 igitur

1010 2485 1113 2520 frigore
1139 2484 1174 2513 ad
1197 2489 1352 2512 extremum
1374 2488 1458 2512 aestus
1485 2484 1605 2519 vigorem
1638 2483 1799 2511 continuum

1011 2531 1063 2558 iter
1078 2530 1253 2564 facientibus,
1265 2530 1437 2558 intercedunt
1449 2538 1503 2558 non
1517 2530 1606 2566 plures
1618 2530 1713 2565 viginti
1723 2531 1801 2565 quin-

1011 2584 1065 2611 que
1082 2577 1151 2604 dies.
1169 2575 1235 2603 Tam
1258 2576 1357 2611 exigua
1375 2584 1440 2604 vero
1463 2576 1590 2612 quamvis
1613 2576 1650 2604 sit
1675 2576 1799 2604 locorum

1011 2623 1151 2656 distantia,
1169 2627 1244 2651 tanta
1258 2623 1329 2652 inter
1344 2630 1374 2651 se
1395 2623 1521 2651 homines
1539 2627 1629 2650 tamen
1649 2623 1712 2650 vita:
1740 2629 1800 2649 mo-

1011 2677 1127 2704 rumque
1152 2672 1180 2696 et
1207 2669 1280 2697 aeris
1321 2669 1480 2697 discrimina
1505 2668 1616 2701 habent,
1640 2672 1668 2695 ut
1695 2667 1800 2702 majora

1010 2723 1073 2743 esse
1089 2723 1142 2742 non
1165 2715 1281 2750 possint,
1298 2714 1367 2743 adeo
1382 2719 1411 2742 ut
1425 2715 1502 2742 alteri
1519 2722 1575 2742 non
1594 2715 1717 2748 credant,
1738 2722 1801 2750 qua:

823 2774 942 2803 VARUE
961 2773 1165 2802 LECTIONES.

202 2816 227 2858 ξ’
240 2816 306 2858 rem
321 2817 506 2858 malinttnt-ﬂ.
542 2819 565 2836 “
577 2821 683 2858 καίουσι
698 2820 790 2858 κύκλῳ
805 2830 836 2854 ς.
873 2822 897 2838 ⁸ο
909 2821 1071 2858 τάναγκαῖα]
1087 2822 1142 2848 τῶν
1155 2821 1318 2858 ἀναγκαίων
1333 2822 1364 2849 Α.
1402 2822 1424 2837 "
1442 2820 1591 2858 ὑπερβάλοι
1678 2819 1701 2858 "_
1719 2818 1801 2858 Ἐκα-

169 2851 255 2888 ταίος]
268 2851 395 2884 ’Κκταίος
405 2854 438 2880 Δ.
475 2851 499 2870 ⁸³⁸
516 2863 545 2880 τε
560 2856 624 2882 add.

169 2895 242 2922 ραις.
278 2887 303 2904 ⁸⁷
314 2887 404 2921 ἄλλοις
419 2890 451 2921 A,
459 2889 584 2924 ἀλλήλοις
601 2899 630 2922 ς.

303 2855 395 2894 διίξαεῖος
405 2854 438 2894 Α,
516 2863 545 2894 τε
560 2856 624 2882 add.
645 2856 673 2884 Β.
711 2857 735 2873 ⁸⁸
748 2854 858 2889 Βάσιλις
876 2866 906 2889 ς.
945 2858 968 2874 ⁸⁸
984 2854 1132 2893 φορτηγοῖς
1151 2857 1182 2890 Β,
1196 2854 1346 2894 φορτηγαῖς
1357 2858 1380 2884 A
1396 2865 1426 2890 ς.
1462 2856 1486 2873 ¹⁶
1498 2854 1624 2892 ἡμέρας]
1642 2854 1703 2884 libri
1730 2855 1801 2892 inab
