1945 3073
146 164 182 197 59

721 162 853 193 PHOTII
869 162 929 193 PA'l

980 162 1122 194 IARCH/E
1136 163 1192 196 CP.
1724 162 1759 194 60

146 228 211 247 nere
238 219 336 246 mirum
357 219 384 246 in
410 218 520 246 modum
540 217 642 250 varios,
668 217 722 246 illis
742 218 845 246 inlocis
870 225 929 245 esse

982 219 1037 250 τοῖς
1052 217 1146 249 τόποις
1166 215 1237 244 εἶναι
1250 216 1298 244 καὶ
1318 215 1382 252 γένη
1399 216 1420 232 ⁷¹
1434 215 1589 251 θαυμαστὰ,
1607 215 1653 242 καὶ
1675 215 1766 243 πάντα

147 271 285 298 narratur,
310 265 357 299 qui
389 271 485 292 omnes
510 264 571 291 vitae
596 264 759 291 nutrimenta
773 271 807 291 ex
828 268 927 290 venatu

148 315 266 346 captent.
284 310 430 337 Enimvero
451 310 587 337 maximus
612 310 731 342 illorum,
753 309 800 344 qui
829 308 930 336 nostris

147 358 285 385 exhibitus
298 361 340 384 est
354 355 451 387 oculis,
470 355 579 390 triginta
601 354 754 381 cubitorum
775 353 928 380 videbatur.

150 399 244 426 Omnis
260 405 381 432 serpens,
396 397 478 423 etiam
498 396 678 428 vastissimas,
703 394 930 422 mansuefaclioni

149 452 178 472 se
190 443 394 471 accommodum
411 442 523 477 praebet,
542 442 564 478 si
585 438 676 476 inopia
693 441 851 468 nutrimenti
867 448 930 476 pre-

149 489 233 516 mitur
250 492 278 515 et
298 491 460 515 maceratur.
481 485 549 513 Nam
570 486 669 514 vidisse
692 492 722 513 se
744 490 838 512 auctor
852 489 932 512 testa-

150 536 206 564 tur,
228 533 274 566 qui
301 531 353 558 cibi
371 530 474 565 inopia,
490 537 599 564 semper
614 534 704 556 tamen
714 529 802 556 oculis
820 529 930 563 objecti,

149 586 213 606 cum
229 577 388 613 in_canistro
401 577 527 604 victimas
543 575 577 602 ad
594 575 758 603 desiderium
774 575 834 610 ejus
852 575 931 602 undi-

149 631 202 658 que
224 623 472 657 cireumponerent,
497 622 578 649 simul
604 627 631 648 et
657 621 740 648 animi
755 621 930 648 virulentiam

149 670 331 700 submitteret,
346 674 373 696 et
385 667 611 695 vehementiorem
624 675 693 695 escae
704 668 850 702 appetitqu
866 675 932 695 con-

149 718 260 749 ciperet,
283 714 446 748 tandemque
468 714 584 741 belluam
611 714 786 749 quantumvis
809 713 931 750 ferocem

149 765 176 787 et
198 767 308 791 saevam,
336 765 390 786 tam
407 760 525 787 cicurem
546 764 574 787 et
587 760 719 795 placidam
739 767 799 787 esse
820 760 930 792 factum,

148 810 179 833 ut
211 813 261 832 nec
287 805 380 833 mitius
402 805 473 832 inter
496 805 548 832 alia
569 810 678 838 cuncta,
704 813 754 833 nec
781 806 932 834 terribilius

148 851 295 885 quidquam
317 858 376 878 esse
395 851 546 886 judicetur.
565 851 786 878 Consentaneum
807 851 859 878 hoc
878 854 931 883 est,

981 265 1035 292 ἀπὸ
1052 264 1184 300 κυνηγίας
1198 263 1293 298 ἔχοντα
1310 263 1357 290 τὸν
1372 262 1429 298 βίον
1440 271 1447 278 ·
1462 262 1516 289 τῶν
1530 263 1622 298 μέντοι
1644 262 1696 289 ὑπὸ
1714 263 1765 298 τὴν

981 310 1129 346 ἡμετέραν,
1152 310 1245 345 φησιν,
1261 308 1324 343 δψιν
1339 308 1521 336 πεπτωκότων
1538 309 1552 335 ό
1572 308 1699 343 μέγιστος
1713 308 1764 334 πέ-

981 365 1049 393 φηνε
1074 355 1170 392 πηχῶν
1195 354 1353 391 τριάκοντα.
1377 355 1484 381 Γίνεται
1506 354 1544 387 δὲ,
1567 355 1644 389 φησι.
1675 355 1728 386 πᾶς
1738 355 1763 370 ⁷³

980 402 1050 436 ὄφις,
1066 401 1113 427 καὶ
1134 401 1148 427 ὁ
1171 401 1308 435 μέγιστος,
1327 400 1482 434 χειροήθης,
1504 398 1593 434 ἐνδείᾳ
1604 399 1658 425 τῶν
1678 399 1764 433 ἀναγ-

979 447 1064 474 καίων
1094 446 1252 481 πιεζόμενός
1273 454 1303 473 τε
1328 446 1377 472 καὶ
1395 444 1624 480 κακουχούμενος.
1639 444 1694 470 Καὶ
1709 444 1763 479 γὰρ

981 493 1027 521 καὶ⁵
1044 493 1074 519 δν
1090 493 1153 519 ἰδεῖν
1170 492 1273 524 ἐκεῖνός
1288 499 1380 527 φησιν,
1396 491 1437 518 ὅτι
1451 491 1497 517 ὅτε
1514 491 1563 526 τῆς
1579 490 1682 525 τροφῆς
1697 491 1764 517 ἁπο-

981 538 1110 574 κειμένης
1124 538 1146 554 "
1164 537 1283 573 συνεχῶς
1301 537 1361 573 ἃμα
1382 536 1428 564 τὸν
1445 536 1530 572 θυμὸν
1554 536 1696 563 ἐταπείνου
1718 536 1764 562 καὶ

980 584 1085 619 τροφῆς
1095 583 1185 619 δρεξιν
1195 583 1312 610 ἐνεποίει
1326 582 1518 618 σφοδροτέραν,
1529 581 1679 616 τηνικαῦτα
1690 581 1764 613 ἐντὸς

981 630 1028 656 τοῦ
1046 630 1202 664 πλέγματος
1216 628 1409 664 περιϐαλόντες
1423 629 1509 664 ἱερεῖα
1524 627 1593 663 πρὸς
1607 627 1655 663 τὴν
1671 626 1766 654 ἐπιθυ-

984 675 1048 711 μίαν
1072 675 1153 711 [1365
1167 674 1213 711 IL]
1234 675 1305 702 οὕτω
1332 673 1539 710 παρεσκεύασαν
1562 673 1690 709 χειροήθη
1718 673 1766 700 καὶ⁵

982 722 1071 756 πρᾶον
1086 721 1132 748 τδν
1148 721 1256 757 ἄγριον,
1269 721 1339 749 ὥστε
1365 720 1450 755 μηθὲν
1468 719 1491 736 ⁷⁵
1502 719 1557 746 τῶν
1580 718 1667 746 ἄλλων
1686 717 1765 753 νομί-

983 767 1038 799 ζειν
1051 767 1119 803 μήτε
1137 766 1312 802 ἡμερώτερον
1334 767 1402 801 μήτε
1417 765 1614 800 φοϐερώτερον,
1639 764 1764 795 εἰκότως,

982 810 1069 846 οἶμαι,
1084 814 1141 844 τοῖς
1157 812 1324 847 ὑποχειρίοις
1339 811 1394 838 τῶν
1407 811 1484 844 ζώων
1502 810 1596 837 τούτου
1613 809 1773 836 «uvam:de

982 867 1037 891 τος,
1047 858 1084 885 Τὸ
1095 858 1145 893 μὲν
1161 857 1215 894 γὰρ
1222 857 1375 885 άντιϐαἵνον
1384 856 1569 891 κακουχεῖται,
1579 855 1609 881 τὺ
1619 855 1647 881 δὲ
1662 863 1766 889 συγχω-

147 896 276 927 arbitror,
308 896 403 924 bestiis
433 896 590 930 contingere
619 895 821 924 mansuefactis.
855 895 929 931 ,Nam

981 906 1045 941 ροῦν
1071 905 1212 941 τρέφεται.
1229 904 1287 931 Πᾶν
1301 903 1330 930 δέ
1353 902 1448 938 θηρίον
1460 901 1526 937 [742
1543 900 1592 937 Η.]
1611 900 1766 927 διδάσκεται

147 942 221 976 quod
250 945 347 969 contra
382 942 467 968 tendit
491 941 561 968 male
583 941 735 974 tractatur;
763 942 834 977 quod
864 949 929 969 vero

146 989 228 1018 cedit,
247 988 375 1014 nutritur.
391 986 500 1020 Quaevis
515 987 598 1014 etiam
623 987 710 1015 bestia
733 995 828 1022 sapere
837 987 928 1021 discit,

146 1041 200 1060 non
221 1033 326 1060 ratione
347 1033 467 1060 melioris
490 1032 651 1060 electionem
673 1032 765 1064 docta,
783 1032 829 1060 sed
842 1032 930 1068 impli-

145 1084 205 1105 cata
224 1083 265 1105 est
282 1085 329 1113 per
341 1078 414 1105 vices
427 1077 564 1105 atl‘ectioni
584 1077 725 1105 memoria.

163 1126 226 1152 Car.
245 1125 322 1152 XLII.
334 1140 369 1144 —
385 1125 421 1152 De
436 1125 530 1151 calidis
547 1125 624 1158 aquis
638 1129 729 1159 sponte
747 1124 926 1152 nascentibus.

180 1171 248 1197 Cum
265 1171 348 1197 tnulta
372 1171 427 1198 sint
446 1170 640 1198 admirationis
655 1170 744 1205 plena,
758 1175 812 1197 et‘a
825 1170 929 1205 vulgari

144 1216 339 1243 consuetudine
353 1216 447 1250 procul
462 1216 596 1250 sejuncta,
616 1216 650 1243 ad
666 1216 725 1250 ipsa
740 1223 800 1250 qua:
810 1223 930 1243 comme-

144 1262 295 1289 moratione
302 1261 381 1296 digna
393 1262 527 1289 habentur
534 1262 604 1293 loca,
614 1261 714 1296 inquit,
725 1269 768 1289 me
777 1261 927 1289 conferam.

144 1307 237 1335 Primo
249 1308 340 1343 igitur,
355 1307 379 1334 si
395 1308 458 1342 quis
471 1307 505 1335 ab
522 1308 638 1335 Arsinoe
660 1307 845 1335 continentem
860 1315 929 1342 prm—

146 1354 272 1381 tercurrit
295 1353 430 1385 dextram,
451 1353 584 1386 thermae,
609 1353 733 1388 pluribus
745 1360 795 1381 ceu
818 1353 927 1386 fistulis,

144 1408 177 1427 ex
193 1400 302 1427 sublimi
317 1405 391 1435 petra
407 1400 434 1427 in
451 1407 525 1427 mare
543 1400 720 1435 percoluntur
731 1421 738 1432 ,
754 1407 814 1435 qua:
842 1407 928 1435 angu-

146 1450 205 1472 stos
229 1445 328 1472 habent
351 1450 467 1477 meatus,
487 1453 541 1472 non
560 1444 648 1472 dulcis
662 1453 748 1480 aquae,
767 1445 814 1473 sed
830 1453 930 1473 amarae

145 1491 319 1526 salsilaginis,
342 1495 369 1518 et
383 1491 467 1518 fontis
491 1491 571 1518 talem
582 1490 672 1518 sortiti
698 1496 834 1518 naturam.
849 1491 928 1518 l’ost—

144 1546 176 1564 ea
195 1545 210 1564 a
231 1537 291 1564 lacu
317 1537 414 1565 obvius
436 1535 576 1569 estNilus,
604 1537 668 1564 dum
698 1537 772 1564 rivus
795 1537 854 1572 ejus
881 1544 929 1572 per

146 1581 206 1608 laxa
231 1585 259 1608 et
275 1581 419 1616 spongiosa
435 1580 557 1616 quaedam
576 1580 603 1607 in
632 1580 721 1607 locum
739 1570 857 1608 maxime
877 1570 928 1608 hu-
942 1570 963 1599 ο

145 1627 236 1654 milem
249 1632 275 1655 et
289 1635 439 1655 concavum
467 1627 630 1654 transcurrit
661 1626 769 1662 4561).
785 1626 866 1654 Juxta
889 1627 930 1654 la-

145 1681 207 1700 eum
223 1673 248 1700 in
267 1680 363 1707 campo
378 1673 446 1700 satis
468 1673 590 1707 spatioso
602 1679 682 1700 mons
697 1680 840 1707 assurgere
857 1673 930 1700 vide-

146 1724 200 1750 tur,
221 1718 337 1745 rubricae
348 1717 456 1745 metallo
475 1717 620 1750 fecundus,
646 1718 703 1752 qui,
721 1722 750 1744 ut
765 1717 832 1744 nihil
856 1718 929 1746 aliud

146 1767 274 1793 exhibeat
290 1765 437 1799 singulare.
449 1764 584 1799 ejusmodi
599 1768 686 1791 tamen
696 1765 813 1792 colorem
825 1772 840 1792 a
852 1772 930 1793 sum-

147 1819 192 1839 mo
206 1811 307 1838 vertice
321 1810 449 1842 ostendit,
465 1810 574 1837 utoeuli
587 1809 688 1837 intente
697 1810 731 1837 ad
743 1815 848 1845 tempus
863 1818 929 1838 con-

148 1857 279 1884 tuentium
304 1856 445 1883 laedantur.
470 1855 538 1883 llinc
563 1859 658 1891 portus
678 1856 779 1891 excipit
802 1865 928 1892 magnus,

147 1904 191 1930 cui
209 1903 296 1937 primo
307 1901 402 1934 Muris,
417 1901 514 1928 deinde
525 1901 639 1929 Veneris
653 1907 861 1937 cognomentqu
880 1902 930 1931 fuit

147 1948 318 1975 attributum.
333 1946 385 1974 Ubi
401 1952 455 1974 tres
468 1946 550 1974 etiam
566 1946 664 1974 insulae
677 1952 796 1979 exstant,
812 1955 929 1982 quarum

146 1994 207 2022 dua:
233 1994 319 2020 olivas
345 1992 447 2020 habent
463 1993 575 2021 crebras
590 1997 617 2020 et
635 1992 734 2020 densas
750 2001 757 2019 :
771 2001 824 2020 una
840 1993 930 2021 minus

146 2039 256 2074 quidem
282 2039 382 2066 silvosa
401 2043 452 2071 est,
469 2038 517 2067 sed
536 2039 640 2071 avium,
661 2046 731 2074 quas
752 2039 930 2074 meleagrides

146 2090 254 2118 vocant,
273 2086 377 2121 copiam
395 2086 488 2112 nutrit.
519 2084 567 2113 His
592 2085 763 2121 propinquus
787 2089 829 2113 est
843 2085 929 2118 sinus,

145 2138 224 2166 quem
240 2131 376 2165 impurum
389 2131 542 2158 nominant.
557 2130 642 2164 Quem
657 2130 703 2157 ubi
721 2131 930 2166 praeternaviga-

146 2177 196 2210 ris,
210 2178 297 2204 insula
312 2177 507 2213 exporrigitur,
521 2177 548 2204 in
564 2178 659 2212 pelago
676 2177 739 2209 sita,
760 2177 930 2212 longitudine

145 2224 296 2250 stadiorum
324 2223 358 2251 80
374 2223 495 2257 circiter,
523 2223 635 2250 nomine
659 2222 836 2258 Serpentium.
860 2222 927 2251 Nam
943 2241 966 2270 ο

145 2270 234 2297 omnis
259 2269 366 2304 generis
389 2269 564 2304 serpentibus
580 2268 718 2303 quondam
743 2268 841 2296 referta
858 2273 927 2302 erat,

144 2313 190 2340 sed
202 2318 281 2340 (etate
295 2318 386 2340 nostra
396 2312 481 2340 libera
496 2317 548 2340 est.
566 2312 595 2339 lu
611 2312 662 2339 bac
676 2311 783 2346 lapillus
795 2312 928 2345 nascitur,

145 2361 233 2395 topazi
251 2360 360 2386 nomine
376 2359 501 2387 celebris.
519 2358 675 2386 Pellucidus
700 2363 741 2387 est
761 2365 788 2386 et
806 2359 877 2386 vitro
890 2359 930 2386 si~

144 2407 228 2438 milis,
253 2406 458 2441 jucundumque
479 2406 506 2432 in
529 2413 598 2432 auro
620 2405 772 2432 contuitum
797 2405 840 2432 sui
862 2412 929 2440 prae-

143 2453 198 2479 bet.
215 2451 273 2479 lloc
294 2451 389 2478 insulae
409 2451 587 2484 habitatores,
604 2450 652 2486 qui
671 2450 753 2478 etiam
769 2450 844 2485 regio
858 2449 928 2484 lapio

143 2497 204 2524 (lem
223 2496 313 2524 edicto
333 2496 491 2524 custodiunt
516 2501 544 2523 et
560 2496 703 2531 colligunt,
719 2496 772 2523 isto
783 2497 865 2523 modo
881 2503 929 2531 po-

143 2544 247 2570 tiuntur
260 2551 267 2569 :
278 2541 364 2570 Noctu
380 2550 428 2577 per
441 2542 514 2569 vices
524 2542 776 2578 circumvagantur,
792 2541 928 2577 ligonibus

142 2590 226 2617 variae
241 2589 435 2624 magnitudinis
455 2589 591 2617 instructi.
604 2588 673 2616 Nam
696 2589 766 2615 intra
783 2592 872 2623 petras
887 2588 928 2615 la-

143 2636 195 2670 pis,
212 2635 275 2671 quia
291 2635 409 2664 interdiu
421 2643 436 2663 a
450 2635 510 2663 luce
528 2641 683 2670 superatur,
707 2640 814 2670 propter
829 2640 927 2663 aestum

144 2689 198 2708 non
225 2682 253 2708 lit
278 2682 448 2715 manifestus,
472 2682 519 2710 sed
543 2682 794 2717 iugruente'noctis
818 2682 926 2712 umbra,

143 2728 300 2762 ubicunque
325 2728 377 2755 loci
395 2729 526 2761 nascitur,
539 2729 573 2756 ab
585 2729 659 2757 omni
670 2733 746 2764 parte
762 2727 924 2763 resplendet.

980 950 1178 987 σωφρονεῖν,οὺ
1189 949 1262 985 λόγῳ
1274 948 1324 985 τὴν
1341 947 1455 983 ἐκδοχὴν
1471 947 1518 974 τοῦ
1532 946 1686 982 κρείττονος
1698 953 1767 980 μανο

980 997 1070 1029 θάνον,
1092 995 1363 1032 παραπεπλεγμένης
1382 994 1405 1022 δ’
1424 992 1538 1026 ἐναλλὰξ
1559 992 1599 1028 τῷ
1614 991 1695 1019 πάθει
1717 991 1767 1026 τῆς

981 1043 1101 1079 μνήμης-

1102 1131 1173 1166 Περὶ
1190 1130 1304 1166 θερμῶν
1317 1129 1435 1158 ὑδάτων
1448 1128 1618 1163 αὐτοφυῶν.

1016 1178 1078 1204 ’Ὁτι
1096 1177 1173 1213 φησὶ,
1199 1175 1308 1204 Πολλῶν
1333 1174 1513 1210 ὑπαρχόντων
1535 1172 1697 1207 θαυμασίων
1719 1171 1766 1198 καὶ

979 1223 1073 1259 πόρρω
1087 1222 1223 1256 κειμένων
1239 1221 1293 1248 ἀπὸ
1305 1220 1356 1255 τῆς
1373 1218 1529 1254 συνηθείας.
1541 1217 1640 1247 αὐτοὺς
1654 1215 1766 1243 ἐπελεύ-

980 1277 1061 1303 σομαι
1078 1268 1133 1294 τῶν
1147 1267 1237 1294 τόπων
1258 1266 1320 1297 τοὺς
1340 1265 1450 1301 μνήμης
1464 1263 1567 1296 ἀξίους.
1589 1261 1699 1298 Πρῶτον
1716 1261 1766 1297 μὲν

978 1315 1026 1341 ἀπ’
1041 1313 1184 1349 Ἀρσινόης
1203 1311 1367 1348 παραθέοντι
1378 1310 1427 1346 τὴν
1447 1309 1538 1343 δεξιὰν
1551 1309 1665 1344 ῆπειρον
1677 1307 1767 1343 θερμὰ

979 1360 1100 1387 πλείοσιν
1112 1359 1204 1390 αὐλοῖς
1219 1359 1251 1385 ἐκ
1265 1358 1368 1393 πέτρας
1383 1355 1488 1391 ὑψηλῆς
1506 1356 1545 1387 εἰς
1560 1354 1695 1381 θάλατταν
1706 1354 1766 1388 διη-

979 1406 1076 1438 θεῖται,
1098 1405 1206 1436 στενοὺς
1231 1404 1327 1439 ἔχοντα
1349 1403 1460 1438 πόρους,
1477 1402 1508 1429 οὐ
1516 1401 1629 1437 γλυκέος
1653 1400 1766 1432 ὓδατος,

979 1452 1048 1479 ἀλλὰ
1060 1451 1160 1486 πικρᾶς
1172 1449 1319 1485 ἁλμυρίδος
1333 1449 1356 1465 ⁷⁵
1371 1457 1402 1475 τε
1415 1448 1463 1475 καὶ
1477 1447 1568 1483 πηγῆς
1584 1446 1666 1480 φύσιν
1684 1445 1766 1481 ἐχού-

980 1505 1029 1532 σης
1042 1495 1181 1531 τοιαύτην.
1195 1493 1263 1522 Εἶτα
1278 1494 1332 1521 ἀπὸ
1349 1493 1402 1528 τῆς
1419 1493 1517 1528 λίμνης
1539 1490 1727 1527 συμϐέϐληκεν
1745 1491 1766 1508 ⁷⁴

979 1544 994 1570 ό
1010 1543 1118 1575 Νεῖλος,
1129 1542 1224 1577 ὀχετοῦ
1237 1541 1281 1568 διά
1296 1549 1378 1567 τινων
1394 1539 1577 1574 ἀραιωμάτων
1591 1538 1632 1569 είς
1649 1538 1695 1564 τον
1709 1545 1766 1564 κοι-

979 1589 1091 1615 λότατον
1112 1587 1291 1622 ὑπερθέοντος
1316 1586 1408 1612 τόπον.
1424 1584 1542 1619 Πλησίον
1556 1583 1654 1618 δέ-τῆς
1666 1582 1765 1618 λίμνης

981 1632 1126 1669 εὐμεγέθει
1153 1632 1237 1668 πεδίῳ
1257 1631 1372 1667 βεϐηκὸς
1384 1629 1448 1665 ὅρος
1468 1629 1648 1664 ἀναφαίνεται
1665 1628 1766 1664 μιλτῶ-

979 1680 1036 1712 δες,
1049 1679 1132 1714 ἄλλην
1143 1678 1192 1715 μὲν
1201 1677 1330 1713 οὐδεμίαν
1341 1676 1517 1704 ὑποδεικνύον
1531 1675 1659 1710 ἰδιότητα,
1671 1674 1768 1710 χροιὰν

979 1726 1009 1752 δὲ
1023 1725 1151 1760 τοιαύτην
1166 1723 1220 1752 άπὸ
1243 1723 1294 1758 τῆς
1311 1723 1434 1758 κορυφῆς
1458 1722 1590 1757 σημαῖνον
1611 1720 1663 1755 τῆς
1678 1720 1767 1755 ἄκρας

979 1770 1049 1798 ὥστε
1062 1770 1118 1798 τῶν
1133 1769 1312 1801 ἀτενιζόντων
1328 1769 1378 1799 τὰς
1393 1767 1470 1802 ὄψεις
1487 1768 1533 1794 ἐπὶ
1547 1766 1628 1793 πλέον
1648 1766 1768 1801 βλάπτε-

980 1816 1052 1844 σθαι.
1075 1815 1190 1850 Ἐφεξῆς
1206 1814 1233 1841 δέ
1245 1813 1329 1848 λιμὴν
1347 1812 1434 1848 μέγας
1451 1812 1602 1847 ἐκδέχεται,
1619 1811 1648 1843 ὃς
1669 1811 1767 1846 πρότε-

979 1870 1026 1897 ρον
1042 1861 1090 1896 μὲν
1106 1861 1179 1892 Μυὺς
1200 1859 1323 1886 ἐκαλεῖτο
1338 1859 1434 1894 ὅρμος,
1450 1858 1546 1885 ἔπειτα
1567 1857 1595 1884 δέ
1607 1856 1768 1892 Ἀφροδίτης

978 1907 1135 1942 ὠνομάσθη.
1154 1906 1199 1933 Ἐν
1213 1903 1254 1937 οἷς
1270 1906 1318 1932 καὶ¹
1328 1906 1406 1941 νῆσοι
1416 1905 1490 1940 τρεῖς
1506 1905 1560 1931 εισι
1575 1903 1767 1939 προκείμεναι,

979 1949 1016 1979 ὧν
1032 1953 1061 1979 αί
1082 1951 1132 1987 μὲν
1156 1951 1262 1983 ἐλαίαις
1282 1950 1486 1984 πεπύκνωνται,
1505 1949 1555 1985 μία
1570 1949 1598 1976 δὲ
1623 1947 1704 1985 ἦττον
1719 1949 1769 1984 μὲν

979 1999 1085 2031 δασεῖα,
1097 1998 1152 2025 τῶν
1163 1997 1192 2024 δὲ
1207 1997 1384 2033 καλουμένων
1399 1995 1585 2032 μελεαγρίδων
1598 1995 1768 2030 ἐκτρέφουσα

979 2046 1093 2081 πλῆθος.
1111 2045 1223 2077 Τούτοις
1232 2045 1255 2072 δ’
1269 2044 1374 2079 ἐγγίζει
1388 2043 1499 2075 κόλπος,
1516 2043 1546 2070 ὃν
1561 2041 1689 2069 καλοῦσιν
1701 2042 1770 2069 ἀκά-

980 2090 1090 2125 θαρτον.
1108 2091 1156 2117 Ὃν
1172 2089 1395 2125 παραπλεύσαντι
1417 2088 1499 2123 νῆσος
1525 2087 1647 2114 ἔκκειται
1669 2088 1701 2123 τῇ
1719 2086 1769 2122 μὲν

980 2137 1054 2164 θέσει
1065 2136 1193 2171 πελαγία,
1208 2136 1297 2171 μῆκος
1305 2134 1405 2170 ἔχουσα
1416 2134 1531 2161 σταδίων
1545 2134 1583 2165 ὡς
1592 2133 1767 2169 ὀγδοήκοντα,

980 2183 1014 2219 ἢν
1030 2182 1156 2209 καλοῦσιν
1180 2180 1293 2216 όφιὼδη.
1314 2181 1447 2216 πρότερον
1473 2180 1522 2216 μὲν
1546 2180 1686 2214 γέμουσαν
1698 2187 1768 2205 παν-

980 2229 1060 2255 τοίων
1081 2227 1215 2263 ἑρπετῶν,
1235 2227 1278 2261 ἐφ“
1295 2226 1373 2262 ήμῶν
1388 2226 1417 2253 δέ
1432 2226 1578 2261 ἐλευθέραν
1592 2225 1705 2252 τούτων.
1723 2224 1768 2250 Ἐν

980 2273 1010 2300 δέ
1024 2272 1110 2308 ταύτῃ
1123 2272 1228 2306 γίνεται
1245 2272 1280 2307 τῇ
1296 2272 1382 2308 νήσῳ,
1397 2271 1474 2307 φησι,
1495 2272 1542 2298 καὶ
1555 2271 1586 2298 τὺ
1600 2270 1769 2304 καλούμενον

980 2317 1123 2349 τοπάζιον·
1141 2316 1199 2343 ἔστι
1212 2316 1240 2344 δὲ
1251 2316 1330 2343 τοῦτο
1339 2316 1413 2349 λίθος
1423 2316 1641 2351 διαφαινόμενος,
1656 2315 1730 2350 ὑάλῳ
1744 2316 1767 2332 ⁷⁷

981 2362 1185 2398 προσεμφερὴς,
1203 2362 1295 2397 ἡδεῖαν
1316 2362 1346 2389 ὲν
1366 2361 1460 2397 χρυσῷ
1475 2360 1591 2396 θεωρίαν
1612 2360 1769 2392 ἀποδιδούς.

981 2408 1081 2434 Τοῦτον
1093 2407 1138 2434 τὸν
1153 2407 1227 2434 λίθον
1240 2408 1265 2434 oi
1280 2408 1330 2443 τὴν
1347 2407 1429 2443 νῆσον
1443 2406 1579 2437 οἰκοῦντες
1601 2406 1649 2433 καὶ
1662 2405 1712 2441 τὴν
1727 2406 1769 2432 λί-

980 2453 1026 2480 θον
1042 2453 1174 2489 βασιλικῷ
1191 2454 1374 2488 φυλάσσοντες
1398 2453 1589 2489 προστάγματι
1613 2452 1685 2479 οὖτω
1697 2453 1769 2488 λαμ-

979 2499 1117 2526 ϐάνουσιν.
1135 2499 1181 2526 Ἐν
1205 2500 1238 2534 τῇ
1259 2499 1336 2526 νυκτὶ
1364 2499 1433 2534 πρὸς
1457 2498 1539 2533 μέρος
1562 2498 1764 2533 περιπολοῦσιν,

980 2545 1087 2580 ἔχοντες
1104 2545 1234 2578 παντοίας
1256 2547 1312 2578 τοῖς
1329 2545 1458 2581 μεγέθεσι
1479 2545 1623 2578 σκαφίδας.
1643 2546 1672 2572 '0
1687 2545 1715 2571 δέ
1737 2545 1766 2571 ἐν

979 2593 1041 2623 ταῖς
1055 2590 1169 2627 πέτραις
1184 2590 1257 2623 λίθος
1269 2591 1319 2626 τὴν
1332 2590 1381 2626 μὲν
1395 2589 1501 2625 ἡμέραν
1516 2590 1570 2617 ὑπὸ
1587 2589 1634 2617 τοῦ
1647 2590 1766 2624 φέγγους

980 2637 1166 2673 κρατούμενος
1177 2637 1221 2664 διὰ
1234 2637 1264 2664 τὺ
1280 2637 1374 2668 πνῖγος
1387 2637 1417 2662 ού
1433 2635 1537 2669 γίνεται
1551 2636 1690 2670 σύνδηλος.
1704 2634 1766 2660 σκό-

980 2692 1027 2710 του
1040 2684 1062 2699 ⁷⁸
1078 2683 1107 2710 δὲ
1130 2683 1299 2715 ἐπιστάντος,
1317 2683 1346 2709 ἐν
1360 2679 1383 2716 ᾧ
1397 2682 1456 2709 ποτ’
1478 2681 1539 2719 ᾶνῇ
1554 2680 1693 2715 πεφυκὼς,
1709 2680 1766 2706 δια-

979 2728 1082 2764 λάμπει
1103 2727 1247 2756 πάντοθεν.
1271 2728 1300 2755 '0
1319 2727 1348 2754 δὲ
1369 2726 1484 2755 συνιδὼν
1501 2726 1587 2762 φύλαξ
1605 2723 1766 2760 τηλικοῦτον

771 2798 889 2826 VARIA‘.
910 2797 1110 2826 LECTIONES.

191 2859 212 2874 "‘
226 2858 292 2893 γένη
307 2858 327 2885 Β
342 2867 348 2885 :
365 2858 438 2893 γένει
452 2866 483 2893 ς.
521 2857 545 2873 ⁷³
560 2857 614 2889 πᾶς
632 2857 713 2892 φησίν
728 2859 760 2884 Α.

144 2894 260 2929 ϐέϐηκεν
276 2902 306 2925 ς.
345 2894 367 2910 ⁷⁷
381 2892 466 2928 ὑάλῳ]
479 2893 555 2928 γάλῳ
571 2893 602 2919 Α.
642 2893 665 2910 ⁷⁵
681 2893 791 2924 σκότους
804 2893 832 2921 il.

814 2859 837 2874 "
853 2857 1053 2893 προσκειμένης
1070 2857 1102 2884 A.
1141 2855 1163 2872 "
1181 2855 1264 2892 μηδὲν
1279 2865 1310 2889 ς.

1355 2857 1378 2873 ⁷⁵
1391 2855 1554 2891 ἅλμυριάδος
1570 2855 1602 2881 Λ.
1651 2854 1674 2870 ⁷⁸
1693 2863 1762 2890 συμ-

1796 2774 1808 2797 2
