1945 3073
182 171 215 204 61
734 170 995 204 BIBLIOTHECA.
1013 186 1048 192 —
1063 174 1144 205 COD.
1165 175 1243 207 CCL.
1758 178 1794 209 62

179 223 342 259 περιέθηκεν
352 224 436 259 ἀγγος
450 226 564 262 σημείου
578 227 660 263 χάριν
676 229 741 265 περὶ
756 229 786 256 τὸ
796 230 958 264 διαστίλϐον,

1020 229 1071 264 luo
1088 231 1243 264 observato,
1261 234 1353 258 custos
1369 229 1440 266 signi
1458 238 1539 258 causa
1557 231 1583 258 id
1592 232 1662 267 quod
1673 233 1796 267 splendet

178 271 269 305 ἡλίκον
282 270 316 297 ἃν
360 271 408 297 τοῦ
426 271 611 308 θεωρουμένου
630 274 821 310 φαντάσματος
832 276 862 302 τὸ
876 275 956 310 μέγε-

178 317 240 348 θος·
265 314 324 344 εῐτα
349 317 400 352 τὴν
426 318 532 354 ἡμέραν
558 319 750 355 ἐπερχόμενος,
775 321 908 357 ἰσοπληθῆ
922 323 955 357 τῇ

178 362 364 398 προειρημένῃ
379 363 534 398 περιτεμὼν
549 364 661 400 πέτραν,
677 367 732 398 τοῖς
749 366 898 394 ἐκλεαίνειν
911 367 957 394 δυ-

178 407 306 442 ναμένοις
316 408 451 444 τεχνίταις
466 410 659 445 παραδίδωσιν.

213 453 291 480 Μετὰ
302 453 330 479 δὲ
349 453 434 481 ταῦτα
456 455 487 481 τὸ
505 455 621 490 πέλαγος
644 456 731 488 οὕτως
756 457 813 484 ἐστὶ
831 457 959 485 ταπεινὸν

180 497 250 524 ὥστε
265 499 333 534 μήτε
348 500 439 527 πλεῖον
454 501 526 528 δυεῖν
542 502 661 537 ὀργυιῶν
675 503 895 539 ἀναμετρεῖσθαι,
911 505 959 531 καὶ

182 543 287 579 χλωρὸν
308 546 451 579 πάντοθεν,
468 547 499 573 οὐ
513 548 546 582 τῇ
565 547 642 581 φύσει
651 548 705 576 τῶν
719 549 820 584 ὑγρῶν,
835 549 891 575 ἀλλ’
907 549 960 576 ὑπὸ

182 590 229 616 τοῦ
243 590 428 625 διαφαίνοντος
444 592 520 628 μνίου
531 601 561 619 τε
579 594 626 620 καὶ
648 594 750 628 φύκους
759 603 766 610 ·
779 595 840 621 ὅθεν
856 595 904 621 καὶ
915 604 963 622 κυ-

181 637 234 664 νῶν
246 637 302 672 ἔχει
321 637 472 665 θαλαττίων
487 639 671 674 ἀναρίθμητον
690 639 802 675 πλῆθος.
820 640 857 667 Δι’
869 640 903 675 ἢν
917 641 961 668 al-

181 683 242 709 τίαν
257 685 270 709 ὁ
285 683 378 719 ῥηθεὶς
400 684 484 719 πόρος
503 683 547 719 νηῒ
566 684 613 719 μὲν
631 686 724 720 μακρᾷ
745 685 792 712 καὶ
816 687 872 717 τοῖς
893 686 962 721 ἐπή-

184 738 242 764 ρεσι
255 730 277 746 ⁷⁹
292 730 394 762 πλοίοις
408 731 510 765 γίνεται
528 732 693 766 εὐάρμοστος
704 739 710 747 ’
726 731 841 766 ἀκύμων
863 740 893 758 τε
909 732 963 768 γάρ

183 774 267 807 ἐστιν,
283 775 333 802 οὐκ
345 776 378 802 ἐκ
392 775 456 811 [745
469 775 516 811 Η.]
531 775 628 803 πολλοῦ
649 776 749 803 κυλίων
764 777 810 803 τὸν
830 777 963 809 κλύδωνα,

183 821 230 846 καὶ
243 820 329 855 θήραν
355 821 454 856 ἰχθύων
475 822 660 858 παραδίδωσιν
682 823 805 851 ἄπιστον.
819 823 901 859 [I368
918 823 964 859 IL]

183 865 220 892 Τὸ
232 866 261 892 δὲ
273 867 337 902 περὶ
349 867 399 899 τὰς
412 867 611 903 ὲλεφαντηγοὺς
624 869 708 895 κακον
725 868 806 896 πολὺν
821 869 896 895 ἔλεον
908 871 964 901 τοῖς

183 911 332 946 πάσχουσιν
349 913 404 939 ἀπὸ
428 913 483 939 τῶν
504 912 628 948 ὁρώντων
655 914 821 941 ἐκκαλεῖται.
840 914 881 940 Τά
909 915 965 949 γὰρ

183 957 264 984 πλοῖα
278 957 309 983 τὸ
337 958 412 993 κῦμα
432 958 560 994 ἐξαίφνης
575 958 592 994 ἢ
622 959 711 994 πέτρᾳ
723 958 747 974 ⁸⁸
761 958 924 994 περιέθηκεν
947 959 964 990 ἦ

185 1003 251 1038 πρὸς
264 1003 381 1038 ἀμμώδη
412 1004 544 1039 συνήλασε
567 1005 707 1039 περιοχὴν,
728 1004 774 1031 καὶ
799 1004 901 1040 ἄπορον
915 1004 966 1039 τὴν

185 1049 320 1084 σωτηρίαν
331 1049 450 1085 παρέσχε
463 1050 519 1081 τοῖς
531 1050 690 1084 ἐμπλέουσι.
702 1049 749 1076 Διὺ
758 1051 793 1076 τὰ
806 1050 855 1085 μὲν
869 1049 965 1084 πρῶτα

183 1093 299 1129 ὀδυρμὸς
317 1095 379 1126 τοὺς
404 1094 583 1127 ἐπιπλέοντας
601 1097 706 1130 συνέχει
722 1096 804 1128 πολὺς
832 1096 893 1129 μὲν,
914 1096 964 1122 οὐκ

184 1139 378 1173 ἀπογινώσκων
400 1140 492 1176 δὲτὴν
514 1141 619 1175 ἀμείνω
641 1141 817 1177 προσδοκίαν·
834 1142 884 1178 ήδη
909 1143 964 1176 γάρ

184 1193 259 1216 τινας
272 1184 358 1217 οὕτως
368 1186 564 1221 ἀπενεχθέντας
572 1187 594 1203 ⁸¹
608 1187 711 1213 σέσωκε
725 1187 884 1223 πλημμυρὶς
898 1187 965 1214 ὕπο-

185 1230 303 1257 λαὸοὗσα
319 1233 375 1263 τοῖς
392 1231 542 1258 ἀνοιδοῦσιν
563 1233 702 1267 αἰφνιδίως
720 1233 752 1259 ἐκ
765 1234 814 1268 τῆς
831 1233 965 1268 θαλάττης

185 1276 275 1310 ὄγκοις
285 1285 293 1292 ·
309 1277 379 1304 ἐπὰν
393 1277 420 1303 δὲ
431 1277 503 1313 λήγῃ
512 1278 546 1304 τά
558 1278 607 1313 τῆς
620 1279 732 1314 τροφῆς,
746 1279 832 1314 μυρία
843 1279 892 1314 μὲν
901 1280 968 1306 ἀνα-

184 1322 305 1358 δέχονται
329 1323 413 1358 πάθη,
427 1324 503 1356 τέλος
525 1325 553 1350 δὲ
570 1325 593 1340 ⁸¹
609 1325 798 1356 ἀναλίσκονται
826 1325 927 1358 πάντες
949 1325 966 1361 ἢ

184 1367 255 1403 λιμῷ
269 1369 286 1402 ἢ
299 1368 356 1404 (τοῦ
370 1369 449 1404 λιμοῦ
463 1370 494 1396 τὸ
515 1371 709 1406 μακροχρόνιον
721 1371 752 1398 οὐ
768 1371 906 1407 φέροντες)
928 1370 967 1403 ξί-

186 1424 241 1450 φει,
257 1416 274 1451 ἦ
289 1416 356 1451 αὐτῇ
371 1416 492 1452 θαλάσσῃ
500 1416 524 1432 ⁸³
537 1417 607 1451 σφᾶς
618 1418 716 1450 αὐτοὺς
730 1418 946 1453 ἑπιρῤίπτοντες.

1007 280 1082 303 tanto
1092 277 1242 304 circumdat
1255 284 1329 308 vase.
1338 282 1466 311 quantam
1476 277 1541 305 visat
1554 277 1679 312 imaginis
1690 279 1795 314 magni-

1007 322 1126 349 tudinem
1137 330 1196 350 esse
1204 322 1413 350 arbitraturJ’er
1419 323 1542 350 diurnam
1552 329 1644 358 postea
1655 324 1741 351 lucem
1751 333 1797 352 ac-

1007 367 1183 400 cedens,cum
1193 368 1321 403 aequalem
1335 369 1418 403 priori
1433 369 1613 404 designationi
1622 374 1724 404 partem
1737 368 1797 397 saxi

1007 413 1117 446 excidit,
1127 414 1262 449 magistris
1272 414 1410 449 levigandi
1419 415 1513 450 peritis
1527 419 1695 451 segmentum
1703 416 1796 443 tradit-

1049 458 1113 486 Past
1149 460 1206 487 haec
1237 467 1312 487 mare
1344 461 1412 487 adeo
1447 460 1549 488 humile
1576 465 1618 488 est
1649 465 1676 488 et
1694 462 1797 497 exiguae

1011 505 1212 539 profunditatis,
1239 510 1268 532 ut
1298 514 1349 534 nec
1369 505 1447 534 binas
1476 514 1575 542 orgyas
1594 515 1719 534 mensura
1749 515 1798 534 su-

1009 556 1095 585 perel,
1124 551 1340 587 circumquaque
1364 552 1446 579 etiam
1475 552 1572 586 viride,
1589 561 1641 580 non
1662 561 1796 588 aquarum

1011 601 1121 629 natura,
1141 597 1187 624 sed
1210 604 1224 623 a
1241 605 1336 625 musco
1349 603 1376 625 et
1388 598 1459 633 alga,
1474 599 1593 626 colorem
1609 607 1688 627 suum
1705 605 1796 627 trans-

1013 642 1144 670 mittente.
1159 642 1238 671 Unde
1254 649 1281 670 et
1297 652 1397 671 canum
1418 646 1587 673 marinorum
1606 647 1795 674 innumerabi-

1013 688 1047 716 lis
1061 688 1117 715 illic
1133 693 1174 716 est
1185 689 1339 717 multitudo.
1355 690 1441 723 Quam
1453 691 1488 718 ob
1504 699 1614 719 causam
1626 693 1688 718 navi
1704 693 1793 727 longa,

1012 736 1041 759 et
1061 732 1104 759 bis
1123 739 1184 767 qua:
1203 733 1316 768 remigio
1341 740 1534 767 promoventur
1546 755 1554 766 ,
1581 735 1632 762 iter
1649 736 1710 762 illac
1735 744 1796 770 per-

1014 778 1187 805 commodum
1202 783 1243 805 est
1261 783 1288 806 et
1309 784 1419 813 aptum;
1434 784 1608 814 tempestates
1627 781 1698 808 enim
1721 781 1798 815 igno-

1015 828 1067 854 rat.
1081 831 1131 850 nec
1143 823 1240 850 ﬂuctus
1254 831 1269 851 e
1289 825 1419 859 loginquo
1433 826 1594 860 advolvitur,
1614 831 1641 854 et
1656 827 1799 854 incredibi-

1016 870 1067 897 lem
1085 870 1198 905 piscium
1212 871 1311 898 sullicit
1325 872 1452 905 praedam.
1467 872 1547 899 Circa
1562 874 1619 900 haec
1637 874 1706 906 loca,
1721 875 1793 900 navi-

981 905 1001 932 Β
1018 915 1069 942 bus
1085 923 1145 950 quae
1163 916 1322 950 elephantos
1345 917 1446 944 vehunt
1464 919 1590 945 accidens
1604 919 1796 951 infortunium,

1018 959 1051 986 ad
1066 967 1190 995 magnam
1206 966 1361 995 spectantes
1376 962 1592 990 misericordiam
1605 970 1668 998 erga
1684 964 1798 991 uillictos

1018 1011 1154 1039 provocat.
1185 1005 1297 1041 Navigia
1315 1007 1388 1034 enim
1414 1007 1515 1036 ﬂuctus
1541 1014 1650 1042 repente
1687 1010 1799 1043 scopulo

1017 1050 1107 1083 illidit,
1130 1055 1176 1078 aut
1198 1050 1296 1086 457a
1325 1052 1352 1078 in
1371 1052 1510 1087 angustias
1539 1060 1694 1085 arenarum,
1716 1053 1798 1081 veluti

1018 1103 1152 1129 carceres,
1164 1097 1322 1131 eompingit,
1347 1105 1511 1133 omnemque
1536 1098 1632 1126 salutis
1645 1099 1716 1125 viam
1730 1107 1799 1125 nuu-

1018 1142 1052 1169 tis
1075 1143 1225 1177 praecludit.
1255 1143 1316 1170 Ideo
1337 1145 1460 1178 prolixus
1483 1144 1558 1172 initio
1578 1150 1746 1179 conquestus
1766 1154 1800 1172 eo

1017 1188 1121 1215 delatos
1145 1193 1274 1223 occupat,
1293 1189 1414 1216 melioris
1432 1193 1520 1216 tamen
1545 1189 1661 1216 fortuna:
1682 1198 1729 1225 spe
1744 1198 1798 1217 non

1017 1233 1131 1267 abjecta.
1151 1232 1210 1259 Jam
1219 1234 1290 1260 enim
1301 1233 1460 1264 nonnullos.
1472 1241 1504 1260 eo
1523 1234 1691 1262 discriminis
1706 1236 1800 1262 redac-

1017 1283 1070 1310 tos,
1086 1282 1180 1310 azstus.
1206 1279 1407 1306 intumescente
1426 1287 1458 1306 ex
1481 1280 1550 1307 mari
1576 1279 1670 1312 ﬂuctu,
1690 1285 1800 1315 repente

1017 1329 1160 1359 Iusceptos
1176 1325 1304 1352 servavit.
1320 1324 1434 1358 Quando
1445 1333 1508 1353 vero
1517 1326 1644 1354 alimenta
1659 1327 1799 1359 deliciunl,

1018 1370 1167 1398 innumera:
1177 1371 1325 1398 succedunt
1336 1371 1502 1399 anxietates:
1516 1372 1602 1400 donec
1619 1373 1652 1400 ad
1674 1373 1801 1400 ultimum

1017 1424 1112 1444 omnes
1135 1417 1326 1450 absumuntur,
1345 1422 1392 1445 aut
1416 1416 1496 1450 fame,
1520 1423 1577 1452 aut,
1601 1419 1625 1446 si
1644 1419 1801 1446 diuturnam

187 1463 268 1491 famis
282 1464 367 1491 tabem
384 1472 437 1491 non
456 1464 606 1499 perferunt.
621 1472 686 1492 ense
700 1464 827 1499 confecti,
838 1469 885 1492 aut
901 1469 1051 1500 spontaneo
1067 1465 1185 1499 impulsu
1201 1464 1226 1490 in
1242 1471 1333 1499 aequor
1352 1465 1519 1499 prazcipitati.

224 1510 282 1536 Ὀτι
298 1510 374 1544 φησὶ,
391 1510 431 1537 Τὰ
449 1511 498 1546 μὲν
511 1511 563 1542 ἕως
576 1511 630 1537 τῶν
652 1511 765 1547 Ταύρων
778 1511 802 1527 ⁵⁵
823 1512 870 1538 καὶ
897 1512 964 1538 Πτο-

186 1556 311 1590 λεμαΐδος
325 1557 503 1592 ἡρμήνευται,
519 1557 552 1584 τὰ
563 1557 592 1584 δὲ
608 1558 737 1593 ἀνωτέρω
752 1557 855 1585 τούτων
869 1558 899 1584 οὐ
914 1558 966 1592 τὴν

186 1603 319 1638 τυχοῦσαν
340 1603 473 1638 λαμσάνει
489 1603 648 1638 μετάϐασιν.
674 1604 770 1630 Κεῖται
799 1604 854 1639 γὰρ
875 1603 966 1630 οὐκέτι

187 1649 220 1676 τά
240 1649 369 1675 ἐπέκεινα
392 1648 460 1684 πρὸς
484 1648 656 1684 μεσημϐρίαν
684 1649 735 1684 τῆς
759 1649 863 1684 χώρας,
884 1649 927 1675 ἀεὶ
938 1649 967 1675 δὲ

188 1695 255 1730 πρὸς
268 1695 292 1710 ⁸⁵
307 1694 357 1730 τὴν
384 1695 518 1730 ἀνατολὴν
541 1695 702 1730 ἀναστρέφει
721 1694 833 1729 μᾶλλον,
859 1694 907 1721 καὶ
920 1694 969 1726 τὰς

189 1742 267 1774 σκιὰς
281 1742 372 1777 βάλλει
385 1742 454 1773 τέως
473 1742 546 1768 δυεῖν
559 1740 640 1776 ώρῶν
656 1741 696 1772 είς
714 1740 758 1767 τὸν
785 1740 971 1774 ἀντικείμενον

188 1786 269 1813 τόπον
279 1787 330 1822 τῆς
345 1787 456 1822 ἄρκτον.
472 1786 533 1812 Ἔτι
541 1786 570 1812 δὲ
580 1787 712 1820 ποταμοῖς
722 1785 745 1801 ⁸⁸⁸
760 1787 936 1821 καταρρεῖται
948 1786 971 1803 ⁸⁷

188 1832 237 1863 τὰς
251 1833 342 1868 πηγάς
357 1832 548 1866 ἀναφαίνουσιν
572 1831 626 1859 ἀπὸ
644 1832 698 1860 τῶν
722 1832 849 1859 Ψεϐαιῶν
869 1831 971 1858 καλου-

192 1878 278 1913 μένων
289 1879 368 1914 ὀρῶν.
380 1879 435 1913 Τῆς
450 1878 478 1904 δὲ
490 1878 579 1913 χώρας
594 1879 610 1913 ή
628 1877 676 1913 μὲν
693 1878 733 1908 είς
758 1877 808 1912 τὴν
826 1878 972 1912 μεσόγειαν

191 1923 363 1950 ἀνατείνουσα
385 1923 491 1959 πλήρης
506 1923 659 1957 ἐλεφάντων
680 1923 729 1949 καὶ
755 1923 901 1958 ρινοκέρων
925 1922 972 1949 καὶ

189 1969 297 2004 ταύρων
316 1969 363 1996 καὶ
384 1969 449 2003 ὑῶν,
463 1969 498 1996 τά
528 1969 557 1995 δὲ
569 1969 608 2000 εἰς
633 1969 679 1995 τὸν
706 1968 789 2004 πόρον
820 1968 973 2003 καθήκοντα

190 2018 282 2052 νήσοις
300 2018 406 2044 ἅπαντα
429 2017 576 2044 πυκνοῦται
600 2019 634 2053 τῇ
649 2018 728 2052 φύσει
752 2017 801 2052 μὲν
827 2017 970 2052 ἀκάρποις,

191 2063 338 2097 γεμούσαις
352 2063 379 2089 δὲ
393 2063 493 2098 ὀρνέων
506 2064 700 2098 άνιστορήτους
715 2063 738 2079 ⁸⁸
758 2063 829 2095 ίδέας
845 2062 970 2097 ἐχόντων.

190 2108 228 2134 Τὸ
243 2108 271 2133 δὲ
296 2108 349 2134 ἀπὸ
372 2109 448 2135 τοῦδε
470 2109 487 2143 ἡ
519 2109 569 2144 μὲν
593 2108 712 2136 θάλαττα
749 2109 844 2144 βαθεῖά
872 2117 902 2135 τε
926 2110 973 2136 καὶ

190 2152 304 2187 πλόϊμος
320 2153 353 2184 ⁸9,
364 2154 434 2188 κήτη
457 2154 486 2180 δὲ
510 2153 566 2189 ἔχει
581 2154 732 2190 τηλικαῦτα
755 2153 825 2181 ὥστε
853 2155 973 2190 ἀγωνιᾷν

189 2199 237 2225 τὸν
255 2199 342 2226 ἰδόντα
353 2207 362 2215 ·
373 2200 403 2226 οὺ
417 2200 508 2235 μέντοι
531 2200 740 2235 διαπεφώνηκεν
752 2201 775 2217 ⁹⁰
791 2201 888 2234 οὐδεὶς,
905 2201 974 2236 πλὴν

191 2245 246 2272 τῶν
263 2246 509 2280 περιπεπτωκότων
517 2246 653 2278 ἀκουσίως
671 2248 730 2278 ταῖς
746 2247 851 2282 λοφιαῖς
867 2247 910 2274 διὰ
924 2247 974 2282 τὴν

191 2291 247 2317 τῶν
256 2290 408 2326 εἰρημένων
417 2291 538 2326 ἄγνοιαν·
553 2292 598 2319 καὶ
612 2292 665 2327 γὰρ
676 2292 736 2319 οὐδὲ
747 2292 854 2320 διώκειν
865 2292 974 2319 δύναται

1053 1511 1117 1538 CAP.
1135 1510 1224 1537 XLIII.
1238 1525 1274 1531 -—
1285 1510 1323 1536 De
1341 1511 1405 1537 locis
1419 1518 1500 1544 supra
1514 1509 1702 1538 Ptolemat'dem
1719 1516 1743 1538 et
1760 1513 1802 1538 in-

1018 1556 1136 1592 gentibus
1151 1556 1269 1583 balamis.
1281 1571 1316 1576 -—
1324 1555 1394 1583 Loca
1404 1557 1436 1583 ad
1447 1555 1552 1584 Tauros
1568 1561 1594 1583 et
1609 1556 1801 1585 Ptolemaideui

1019 1611 1106 1638 usque
1118 1603 1250 1637 explicata
1277 1608 1349 1630 sunt.
1366 1601 1414 1629 llis
1430 1606 1520 1630 autem
1541 1603 1681 1637 superiora
1701 1604 1803 1631 transi-

1021 1654 1077 1677 tum
1093 1656 1147 1676 non
1167 1649 1204 1676 ita
1223 1649 1362 1684 vulgarem
1384 1648 1542 1676 admittunt.
1571 1648 1703 1676 Ulteriora
1730 1649 1803 1677 enim

1024 1702 1076 1722 non
1090 1694 1123 1722 ad
1139 1694 1279 1722 meridiem
1290 1694 1406 1728 amplius
1424 1693 1526 1729 iacent,
1541 1694 1691 1729 sedcniagis
1702 1702 1733 1721 ac
1746 1703 1805 1721 mu-

1022 1741 1062 1777 gis
1080 1742 1113 1769 ad
1136 1746 1226 1769 ortum
1249 1748 1280 1768 se
1294 1740 1444 1773 reﬂectunt,
1461 1744 1489 1767 et
1504 1740 1614 1767 umbras
1636 1740 1706 1767 intra
1724 1741 1805 1767 horas

1023 1787 1103 1815 binas
1120 1786 1197 1821 (anni
1215 1786 1317 1821 partes)
1331 1785 1480 1821 projieiunt
1490 1785 1516 1812 in
1531 1785 1682 1820 oppositam
1695 1791 1806 1820 septen-

1023 1833 1157 1860 trionibus
1176 1832 1295 1868 plagum.
1315 1832 1418 1859 Fontes
1448 1832 1528 1859 etiam
1550 1832 1644 1863 edunt,
1661 1839 1676 1859 e
1688 1831 1806 1859 Psebazis

1023 1880 1104 1915 (quos
1117 1878 1224 1914 vocant)
1240 1879 1380 1906 montibus
1400 1878 1589 1905 scaturieutes.
1608 1877 1671 1912 Ejus
1689 1878 1806 1912 regionis

1022 1929 1135 1958 tractus,
1161 1925 1207 1960 qui
1229 1925 1430 1952 mediterranea
1455 1927 1570 1959 spectat,
1586 1923 1680 1958 plenus
1698 1928 1740 1950 est
1752 1923 1807 1950 οἰδα

1022 1971 1132 2006 pliantis
1145 1978 1177 1998 ac
1188 1969 1417 2002 rhinocerotibus,
1431 1970 1572 2004 taurisque
1584 1973 1611 1996 et
1622 1969 1727 1996 suibus.
1741 1968 1807 2001 Quae

1023 2024 1087 2045 vero
1103 2017 1136 2044 ad
1165 2017 1254 2045 sinum
1271 2016 1439 2051 pertingunt,
1463 2015 1585 2043 conferta
1606 2019 1669 2042 sunt
1689 2014 1805 2042 insulis:

1023 2062 1070 2090 sed
1096 2062 1137 2090 hae
1156 2061 1294 2089 fructuum
1314 2061 1421 2095 inopes,
1444 2061 1551 2092 avibus,
1569 2067 1684 2095 quarum
1702 2060 1807 2094 species

1024 2108 1138 2135 necdum
1174 2112 1321 2142 compertae
1340 2127 1349 2139 ,
1376 2106 1591 2141 frequentantur.
1615 2105 1688 2132 Mare
1710 2105 1808 2132 exinde

1023 2153 1188 2189 profundum
1208 2157 1251 2180 est
1275 2156 1303 2179 et
1318 2152 1481 2187 navigabile,
1511 2151 1556 2178 ubi
1579 2155 1660 2178 tantis
1674 2151 1807 2177 vastitatis

1023 2203 1095 2230 sunt,
1107 2203 1176 2231 cete,
1204 2203 1235 2225 ut
1255 2198 1394 2225 horrorem
1419 2196 1557 2224 incutiant
1582 2195 1808 2223 videnli.Nautas

1025 2249 1116 2272 tamen
1139 2243 1211 2271 baud
1222 2248 1330 2276 vexant,
1355 2243 1409 2270 nisi
1431 2243 1454 2270 si
1479 2242 1526 2277 qui
1541 2241 1620 2268 inviti
1642 2242 1669 2268 in
1694 2242 1809 2269 vertices

1025 2291 1179 2323 incurrunt,
1197 2290 1333 2325 imperitia
1349 2289 1483 2316 locorum.
1501 2287 1559 2314 Non
1568 2288 1641 2315 enim
1656 2288 1809 2316 consectari

192 2334 359 2370 θρασύτερον
372 2335 435 2367 τοὺς
450 2336 590 2370 πλέοντας,
599 2336 652 2363 τῶν
664 2337 795 2372 ὀμμάτων
805 2338 861 2369 τοῖς
870 2337 966 2372 θηρίου

1027 2341 1140 2372 possunt
1163 2336 1295 2363 audacius
1323 2336 1491 2370 navigantes,
1515 2341 1577 2361 cum
1600 2334 1696 2362 obtusa
1716 2334 1811 2361 oculo-

192 2382 419 2417 ἀμαυρουμένων,
436 2382 500 2409 ὅταν
515 2383 548 2408 ἐκ
560 2382 611 2418 τῆς
632 2382 765 2418 θαλάττης
781 2383 816 2409 τά
838 2383 973 2418 πρόσωπα

191 2427 375 2462 ἁναφαίνωσιν
387 2428 420 2454 ³⁸.

228 2472 290 2499 Ὅτι
319 2472 365 2499 τοῦ
403 2472 562 2504 Φοινικῶνπ
590 2472 624 2499 τὰ
648 2472 697 2507 μὲν
718 2472 821 2500 ἄνωθεν
849 2472 974 2508 ὁρώμενα

193 2518 306 2552 πέτραις
324 2517 402 2553 ὕψεσι
417 2519 551 2550 ποικίλαις
568 2518 723 2553 κατέχεται,
740 2520 796 2550 τοῖς
814 2519 836 2535 ⁸³
850 2519 880 2545 δὲ
907 2519 976 2554 πρὸς

193 2564 332 2591 θάλασσαν
354 2564 491 2599 διήκουσιν
512 2564 568 2600 ῂὼν
590 2564 732 2590 ὑπόκειται
759 2564 838 2599 στενή
873 2572 903 2590 τε
930 2563 977 2590 καὶ

194 2610 299 2645 μακρά,
313 2610 352 2645 Τῇ
367 2610 395 2636 δὲ
408 2610 538 2646 εἰρημένῃ
551 2609 806 2646 παραλίᾳσυνάπτει
823 2610 872 2645 μὲν
882 2609 977 2641 τόπος,

1028 2391 1088 2411 rum
1104 2384 1140 2411 sit
1151 2383 1236 2415 acies,
1247 2390 1262 2410 ο
1278 2383 1346 2409 mari
1365 2381 1558 2410 eminentibus.

1061 2473 1126 2502 CAP.
1142 2472 1223 2500 XLV.
1240 2488 1274 2494 —-
1291 2472 1328 2500 De
1344 2472 1431 2500 Nessa
1442 2477 1593 2499 aromatum
1608 2471 1765 2498 conditorio.
1776 2485 1811 2491 —

1027 2518 1141 2546 Palmeti
1156 2519 1211 2545 illic
1227 2518 1379 2552 superiora,
1390 2526 1450 2552 quae
1466 2518 1554 2545 oculis
1577 2524 1607 2544 se
1622 2517 1747 2549 oﬂ'erunt,
1762 2517 1812 2544 ob-

1028 2564 1149 2591 tinentur
1164 2571 1179 2590 a
1199 2563 1284 2598 petris
1303 2563 1465 2590 celsitudine
1483 2563 1577 2590 variis.
1603 2562 1740 2590 Porrectis
1762 2570 1813 2588 au-

1033 2613 1088 2636 tem
1102 2609 1136 2636 ad
1151 2616 1227 2636 mare
1239 2609 1316 2636 littus
1332 2609 1484 2643 subjectum
1499 2613 1542 2636 est
1551 2613 1697 2642 angustum
1713 2613 1740 2634 et
1752 2607 1812 2633 lon-

837 2666 953 2694 VARIIE
968 2666 1170 2694 LECTIONES.

230 2714 254 2730 τ’
272 2712 412 2749 ὲπήρεσι]
438 2714 578 2749 κωπήρεσι
609 2721 664 2748 mg.
688 2723 696 2740 τ
728 2713 859 2741 Diodorus
889 2713 962 2741 enini
988 2714 1026 2748 (5,
1045 2714 1090 2747 40)
1111 2712 1271 2749 επικώποις.

424 2769 431 2776 .
490 2749 511 2764 ⁸¹
531 2749 725 2783 ὲπενεχθέντας
744 2749 777 2775 Α.
829 2749 851 2764 ⁸¹
867 2749 895 2775 δὲ
915 2757 969 2776 Olli.
985 2749 1018 2776 A.
1068 2749 1092 2765 ⁸⁸
1108 2749 1226 2785 θαλάττῃ
1243 2749 1274 2775 Β.
1318 2749 1464 2783 ⁸⁸ταύρων
1489 2755 1544 2774 om.
1572 2749 1605 2776 A,
1634 2749 1741 2780 ταύρων
1765 2749 1813 2775 καὶ

422 2783 445 2799 ⁸³
461 2783 530 2820 προς
582 2784 720 2820 ιπαράᾼς.
756 2784 780 2799 ⁸⁸
793 2785 924 2820 ποταμοῖς
935 2791 990 2811 om.
1002 2785 1046 2820 ‘A.’
1060 2784 1092 2820 7"
1106 2783 1294 2820 καταρρεῖται]
1307 2783 1575 2820 καταρρύτοις-θοῇς.
1589 2781 1647 2820 A.“
1666 2780 1689 2820 1"
1704 2780 1813 2820 ἀνιστο-

757 2819 780 2855 ⁹γ⁹
794 2816 1011 2855 διαπεφώνηκενι
1025 2819 1079 2847 vid.
1106 2816 1267 2854 Wesscling.
1285 2816 1328 2847 ’νύ
1348 2816 1460 2846 Diodor.
1484 2818 1510 2851 5,
1533 2816 1577 2844 Η.

193 2750 212 2784 ἦ
238 2750 273 2783 τῇ
300 2749 386 2784 πέτρᾳ
401 2757 431 2784 ςἲ
490 2749 512 2784 δξ
531 2749 725 2784 ἐπενεχθέντας
744 2749 777 2775 Α.

193 2784 326 2818 expungit
342 2783 371 2810 Β.

195 2820 286 2854 ρήτων
298 2819 396 2854 ὀρνέων
414 2827 444 2851 ς.
498 2818 522 2834 ⁸⁹
540 2818 661 2853 πλώϊμος
674 2818 704 2846 Β.

196 2853 238 2882 ’aw
253 2853 275 2880 Β
288 2862 295 2882 :
311 2853 483 2889 ἀναφήνωσιν
497 2862 528 2886 ς,
566 2854 588 2870 ’³
601 2855 657 2885 τοῖς
671 2854 711 2882 A:
730 2854 777 2881 καὶ
787 2856 841 2886 τοῖς
861 2863 892 2886 ς.

1320 2713 1343 2755 21’
1363 2713 1379 2748 ἢ
1397 2714 1500 2755 ,πέτρᾳ
1524 2712 1617 2755 Puri
1637 2711 1740 2755 ei???
1761 2710 1780 2738 Β
1801 2723 1812 2755 .=

1068 2749 1092 2765 ⁸⁸
1108 2748 1226 2784 θαλάττῃ
1243 2749 1292 2784 Βη
1318 2747 1342 2764 ⁸⁸
1354 2747 1471 2784 ταύρων
1488 2747 1544 2774 em.
1572 2747 1605 2784 Α,
1634 2747 1741 2784 ταύρων
1765 2748 1813 2775 καὶ

1626 2814 1647 2831 ³⁸
1660 2815 1814 2850 ἀναφαίνοι-
