1945 3073
144 163 179 196 55
717 165 847 196 ΡΗΟΤΙΙ
857 165 927 195 PAT

984 165 1110 196 tRCH/E
1130 165 1184 195 (ΣΡ.
1667 182 1670 187 -
1722 163 1757 195 56

144 226 219 254 gum.
235 217 308 246 Mare
321 218 386 246 illud
402 217 510 254 attingit
519 218 607 250 locus,
621 225 701 253 quem
716 219 829 247 Nessam
842 219 925 254 (Ana-

984 229 1003 246 ιν
1037 219 1260 254 προσηγόρευσαν
1296 218 1407 253 Νῆσσαν
1431 217 1485 245 ἀπὸ
1521 217 1571 252 τῆς
1607 217 1655 244 τοῦ
1691 218 1759 249 ζώου

145 265 201 298 ten)
213 264 246 291 ab
262 264 387 291 animalis
399 263 480 298 hujus
493 263 677 295 multitudine,
696 269 862 299 nuncupant.
877 262 924 290 Ja-

143 315 187 338 cet
201 311 256 337 hare
269 310 345 344 juxta
359 311 575 344 promontorium
595 310 721 345 apprime
734 311 878 341 silvosum,
898 315 925 337 et

144 354 168 381 si
187 354 288 381 directe
303 357 449 388 spectetur,
463 354 496 381 ad
519 353 626 381 Petram
642 354 734 389 (hujus
752 354 873 382 nominis
883 354 925 381 lo-

144 400 218 434 cum)
241 404 268 426 et
289 399 462 427 Palaestinam
491 408 578 434 usque
607 401 779 435 expanditur.
803 399 832 427 In
853 400 925 427 hanc

143 445 264 472 Gerrhaai
280 450 306 472 et
323 444 421 478 IiIinaai,
435 450 462 472 et
483 453 578 472 omnes
595 445 621 472 in
646 446 799 481 propinquo
810 445 924 478 Arabes,

143 491 208 518 thus
230 490 270 525 (ut
283 490 385 526 ferunt)
400 490 532 526 557bet
556 498 646 518 rerum
663 490 843 526 fragrantium
863 498 925 519 su-

144 535 230 570 cinas,
243 543 258 563 e
273 536 408 571 superiori
423 536 563 571 provincia
589 537 742 572 deportant.

180 626 243 653 (ῘΑῐι.
259 625 340 653 XLV.
362 625 611 662 Bythemanensium
628 632 709 660 terra,
719 629 824 663 pascuis
841 629 906 664 felix
917 649 926 662 ,

144 671 188 698 ,ιεά
200 672 341 698 noxiarum
355 673 512 699 animalium
523 674 599 707 copia
612 674 716 708 infelix.
728 673 836 702 —Post
852 674 929 702 Lata-

146 718 227 744 nilem
257 718 297 752 (ut
320 717 431 753 vocant)
456 718 558 749 sinum.
588 727 668 753 quem
698 719 929 747 circumhabitant

145 763 261 796 Arabes,
282 763 540 799 Bythemanensium
570 769 641 792 terra
663 766 781 799 exsistit,
807 767 928 801 spatiosa

145 815 172 836 et
189 809 269 844 plana
287 829 295 842 ,
324 815 434 845 totaque
459 810 562 846 irrigua
585 815 613 838 et
639 811 782 846 profunda.
801 811 928 840 Gramine

146 860 251 882 tantum
269 861 296 883 et
309 857 413 883 medica
428 861 509 891 atque
524 856 591 889 loto,
606 858 638 884 ad
663 858 715 885 viri
737 863 867 886 staturam
882 867 927 887 as-

146 906 285 936 surgente.
301 902 391 929 omnis
406 903 429 929 ei
447 902 552 930 fructus
572 903 714 937 deﬁnitur;
729 911 779 931 nec
798 910 926 939 praeterea
943 897 964 925 Β

146 947 293 982 quidquam
307 948 482 983 agricolatur.
503 949 620 984 Ideoque
639 950 729 978 multae
743 951 771 977 in
787 959 818 978 ea
832 953 927 980 cameli

145 998 278 1027 agrestes,
302 994 394 1020 multa;
417 1002 559 1022 cervorum
578 999 605 1022 et
628 995 775 1023 dorcadum
802 1001 926 1031 catervae,

147 1039 223 1066 multi
242 1039 321 1066 etiam
337 1040 427 1066 ovium
443 1048 547 1074 greges,
559 1045 585 1067 et
597 1041 701 1068 inﬁnita
723 1042 815 1070 ovium
831 1047 859 1070 et
868 1051 929 1070 mu-

146 1084 232 1111 lorum
246 1089 327 1120 atque
341 1085 422 1112 boum
436 1090 567 1113 armenta.
585 1085 633 1114 His
650 1093 739 1114 autem
752 1089 834 1116 sortis
844 1089 930 1117 beata)

146 1129 296 1157 commodis
307 1129 486 1157 infortunium
507 1130 558 1158 hoc
568 1139 701 1159 annexum
713 1137 803 1166 est,ut
820 1133 930 1161 leonum

148 1173 329 1208 luporumque
349 1178 375 1201 et
398 1174 550 1209 pardalium
563 1176 669 1210 copiam
690 1177 769 1204 tellus
785 1178 927 1212 producat.

146 1218 223 1251 Quod
241 1219 322 1254 igitur
331 1221 436 1255 regioni
449 1220 609 1248 felicitatem
623 1221 713 1255 allicit,
730 1222 931 1251 habitatoribus

146 1273 228 1292 causa
248 1270 288 1292 est
304 1266 482 1294 infelicitatis.

181 1310 246 1338 CAP.
256 1311 349 1340 XLVI.
363 1312 399 1339 De
416 1312 705 1341 Batmizomanensium
716 1318 832 1342 tarra.—
842 1315 863 1341 A
873 1322 933 1350 pro-

147 1359 228 1386 ximis
252 1359 313 1387 inde
339 1360 476 1388 littoribus
503 1361 580 1389 sinus
601 1366 663 1395 est,
680 1362 713 1389 ad
726 1362 846 1397 regionis
860 1363 932 1391 illius

147 1404 279 1432 interiora
302 1405 460 1440 devergens,
478 1406 524 1441 qui
540 1406 724 1443 profunditate
740 1408 774 1435 ad
789 1409 931 1436 minimum

147 1450 182 1478 50
203 1451 352 1478 stadiorum
363 1452 583 1486 deprehenditur.
595 1452 666 1480 Intra
674 1455 842 1489 complexum
853 1455 933 1491 hujus

148 1497 195 1531 qui
220 1496 360 1528 habitant,
384 1497 676 1526 Battnizomanensium
693 1500 792 1528 habent
821 1508 931 1533 nomen,

147 1542 298 1569 bestiarum
316 1544 485 1571 terrestrium
506 1550 658 1572 venatores.
679 1545 754 1574 Ilanc
765 1550 864 1573 terram
877 1552 932 1576 tres
944 1563 967 1594 c

148 1593 300 1622 sequuntur
313 1589 420 1622 insulae,
443 1590 566 1625 pluribus
580 1591 666 1618 obviae
684 1591 826 1625 portubus.
840 1592 930 1620 Prima

147 1634 210 1662 Isidi
224 1643 301 1662 sacra
316 1643 324 1668 ;
341 1636 436 1670 altera,
456 1635 595 1669 Suceaba;
613 1638 703 1668 tertia.
729 1636 828 1673 Salydo
842 1639 933 1665 nomi-

148 1687 240 1709 natur.
273 1681 392 1709 Desertze
418 1690 524 1715 omnes,
546 1687 573 1710 et
598 1683 677 1710 olivis
706 1683 930 1712 umbroszazuou

149 1727 243 1762 quales
255 1728 326 1763 apud
338 1736 399 1760 nos,
412 1729 457 1756 sed
474 1729 527 1756 illis
539 1729 565 1755 in
577 1729 656 1762 locis,
672 1734 809 1758 crescunt.

185 1820 250 1847 CAP.
268 1818 374 1847 XLVII.
390 1819 428 1846 De
442 1820 542 1855 difficili
555 1819 669 1856 quodam
684 1822 807 1849 transitu.
817 1836 853 1843 —
867 1821 935 1850 Post

149 1865 286 1900 expositas
309 1865 365 1900 jam
392 1865 505 1897 insulas,
532 1866 607 1893 littus
635 1870 708 1901 patet
733 1867 883 1902 lapidosum
907 1873 934 1896 et

149 1919 289 1945 magnum.
306 1912 390 1938 Terra
401 1915 444 1938 est
460 1911 579 1938 Arabum
597 1912 848 1946 Thamudenorum,
872 1921 935 1948 pro-

149 1962 209 1993 pter
223 1965 303 1992 quam
316 1957 504 1991 navigantibus
521 1957 572 1984 iter
587 1963 638 1991 est,
651 1958 719 1986 ultra
748 1959 816 1986 1000
834 1959 932 1992 stadia,

149 2005 272 2032 omnium
297 2004 532 2032 molestissimum.
559 2003 617 2031 Non
629 2005 701 2032 enim
718 2010 813 2039 portus
828 2005 864 2033 ibi
881 2011 934 2039 est,

149 2050 271 2078 accessui
283 2054 309 2077 et
325 2050 433 2077 stationi
442 2050 600 2077 commodus
615 2058 687 2078 :uou
702 2051 791 2078 solum
808 2051 935 2079 anchoris

150 2100 345 2131 opportunum,
382 2103 436 2123 non
464 2100 559 2130 portus
586 2095 620 2122 ad
644 2097 850 2130 protectionem,
882 2104 934 2124 non

151 2142 257 2174 ungulae
274 2140 430 2175 vestigium,
446 2148 499 2175 quo
512 2148 561 2168 ceu
578 2140 733 2168 necessario
748 2145 830 2167 nauta
845 2141 935 2175 perfu—

150 2187 194 2222 gio
204 2185 432 2221 reeipiatur.VPost
447 2188 574 2218 hazc,non
585 2186 763 2221 continenter,
778 2187 825 2214 sed
836 2195 883 2222 per
894 2189 936 2215 in-

975 265 1159 300 πολυπληθίας
1172 266 1194 281 ³³
1207 272 1214 280 ·
1233 263 1303 298 αὓτη
1318 265 1346 290 δὲ
1361 265 1378 299 ἠ
1394 264 1490 298 Νῆσσα
1506 264 1592 290 κεῖται
1611 264 1659 297 μὲν
1678 265 1761 298 ὲγγὺς

975 311 1148 346 ἀκρωτηρίου
1162 309 1223 336 καθ’
1236 308 1388 343 ὑπερϐολὴν
1396 308 1523 340 ὑλώδους,
1538 307 1666 334 διατείνει
1673 307 1704 334 δὲ
1715 308 1761 334 ἐπ’

975 355 1082 387 εὐθείας
1096 354 1269 391 θεωρουμὲνη
1284 354 1353 389 πρός
1365 362 1395 379 τε
1407 353 1456 388 τὴν
1472 353 1579 387 Πέτραν
1593 352 1761 387 καλουμένην

975 403 1022 430 καὶ
1031 402 1081 436 τὴν
1096 401 1288 436 Παλαιστίνην,
1301 401 1341 431 είς
1354 399 1388 435 ἢν
1405 401 1530 435 Γερραῖοι
1545 399 1592 426 καὶ
1612 399 1722 426 Μιναῖοι
1735 399 1761 415 ⁸⁸

975 448 1023 475 καὶ
1030 448 1130 479 πάντες
1145 447 1170 474 oi
1180 447 1293 482 πλησίον
1312 445 1419 480 ἔχοντες
1437 446 1486 477 τὰς
1501 445 1622 479 οἰκήσεις
1639 444 1761 480 ’Ἄραϐες

974 493 1020 520 τόν
1032 501 1062 520 τε
1071 492 1229 524 λιϐανωτὸν,
1245 491 1282 522 ὡς
1295 491 1383 525 λόγος,
1402 490 1449 517 καὶ
1466 490 1500 517 τὰ
1519 489 1617 525 φορτία
1639 489 1674 516 τὰ
1689 489 1761 524 πρὸς

975 538 1088 565 εὐωδίαν
1110 537 1245 573 ἀνήκοντα
1272 535 1326 563 ἀπὸ
1348 535 1398 570 τῆς
1416 534 1506 570 χώρας
1538 535 1587 569 τῆς
1608 534 1664 561 ἄνω
1695 541 1760 561 κατ-

976 585 1099 620 άγουσιν.

1012 631 1074 657 Ὅτι
1095 629 1164 665 μετὰ
1176 629 1222 656 τὸν
1237 628 1407 663 καλούμενον
1431 627 1580 661 Λαιανίτην
1595 625 1706 658 κόλπον,
1730 625 1760 651 ὃν

979 677 1098 712 Ἄραϐες
1112 676 1306 712 περιοικοῦσιν,
1323 676 1339 711 ή
1351 674 1532 710 Βυθημανὲων
1546 673 1605 700 ἐστὶ
1618 673 1665 708 γῆ,
1676 671 1760 711 πολλή

977 731 1007 749 τε
1018 722 1065 748 καὶ
1076 721 1188 754 πεδιὰς,
1213 721 1261 748 καὶ
1282 721 1357 747 πᾶσα
1385 719 1555 754 κατάρρυτος
1581 718 1628 744 καὶ
1647 717 1758 752 βαθετα,

978 767 1114 804 ἀγρώστει
1142 767 1171 794 δὲ
1199 766 1279 802 μόνον
1308 766 1356 793 καὶ
1384 766 1484 801 μηδικῇ
1511 764 1559 791 καὶ
1583 763 1660 798 λωτῷ
1681 762 1761 798 βάθος

979 814 1147 849 ἀνδρόμηκες
1157 812 1244 847 ἔχοντι
1254 812 1309 843 πᾶς
1321 812 1336 837 ὁ
1346 810 1453 846 καρπὸς
1465 810 1533 844 αὐτῇ
1551 809 1760 844 περιγράφεται,

979 859 1072 894 ἕτερον
1085 858 1112 884 δὲ
1129 857 1246 893 γεωργεῖ
1261 855 1346 883 οὐδέν.
1361 855 1406 881 Διὸ
1420 854 1517 881 πολλα).
1534 853 1598 889 [744
1613 852 1659 888 H.]
1669 853 1717 888 μὲν
1733 854 1761 880 ὲν

979 906 1047 940 αὐτῇ
1060 904 1155 940 ἀγρίαι
1165 903 1293 939 κάμηλοι,
1308 901 1404 929 πολλαὶ
1413 902 1441 928 δὲ
1453 901 1561 935 ἐλάφων
1573 899 1762 934 καὶδορκάδων

978 952 1082 986 ἀγέλαι,
1102 950 1196 986 συχναὶ
1212 950 1241 976 δὲ
1254 951 1368 984 ποῖμναι
1392 948 1535 983 προϐάτων
1552 948 1600 974 καὶ
1624 946 1762 982 ἀμύθητος

978 997 1094 1033 ἀριθμὸς
1109 997 1228 1031 ἡμιόνων
1243 995 1292 1022 καὶ
1315 995 1395 1030 βοῶν.
1414 994 1526 1024 Τούτοις
1540 993 1569 1019 δὲ
1583 993 1639 1023 τοῖς
1661 993 1762 1026 εὐκλη-

980 1042 1097 1077 ρήμασιν
1120 1041 1143 1057 ⁸⁵
1171 1040 1356 1075 ἀντικείμενον
1371 1038 1602 1074 παραπέπλεκται
1619 1038 1642 1053 ³⁸
1664 1038 1758 1064 κακόν·

978 1087 1093 1113 λεόντων
1105 1085 1160 1121 γὰρ
1176 1085 1224 1112 καὶ
1240 1085 1330 1112 λύκων
1345 1086 1391 1111 καὶ
1405 1084 1564 1119 παρδάλεων
1584 1084 1764 1118 συναναφέρει

979 1130 1079 1165 πλῆθος
1096 1133 1111 1166 ἡ
1125 1131 1171 1166 γῆ,
1187 1131 1224 1162 ὡς
1235 1128 1304 1157 εἶναι
1317 1130 1348 1156 τὸ
1359 1130 1409 1165 τῆς
1427 1129 1517 1166 χώρας
1532 1129 1687 1164 ἐπίτευγμα
1708 1131 1764 1161 τοῖς

979 1178 1100 1212 οἱκηταῖς
1125 1176 1211 1203 αἴτιον
1231 1176 1373 1212 ἀκληρίας.

1017 1314 1097 1350 [I569
1113 1314 1161 1350 IL]
1177 1314 1244 1341 Ἀπὸ
1267 1314 1295 1341 δὲ
1316 1314 1371 1341 τῶν
1396 1313 1494 1350 ἑφεξῆς
1513 1315 1643 1349 αἱγιαλων
1668 1314 1764 1343 nam:

981 1361 1039 1387 ἐστὶ
1049 1361 1182 1393 νενευκὼς
1214 1361 1263 1396 μὲν
1284 1361 1324 1393 είς
1350 1360 1396 1387 τὸν
1419 1361 1503 1396 μυχὸν
1518 1361 1569 1396 τῆς
1589 1361 1691 1396 χώρας,
1715 1361 1764 1387 οὐκ

982 1407 1091 1434 ἔλαττον
1115 1407 1144 1434 δὲ
1169 1407 1284 1434 σταδίων
1310 1407 1495 1433 πεντακοσίων
1533 1407 1704 1433 ὑποδείκνυσι
1734 1407 1765 1433 τὸ

984 1453 1074 1488 βάθος.
1104 1455 1136 1480 Ol.
1164 1453 1192 1480 δὲ
1219 1453 1268 1489 τὴν
1292 1454 1368 1484 ἐντὸς
1386 1453 1433 1479 τοῦ
1448 1453 1549 1479 κόλπου
1571 1453 1764 1484 κατοικοῦντες

984 1499 1127 1526 καλοῦνται
1140 1500 1188 1535 μὲν
1197 1499 1424 1534 Βαντμιζομανείς,
1439 1499 1492 1525 εἰσὶ
1511 1499 1539 1525 δὲ
1553 1499 1666 1534 κυνηγοὶ
1678 1499 1732 1525 τῶν
1743 1500 1765 1515 ’⁷

984 1546 1117 1581 χερσαίων
1131 1545 1217 1577 ζώων.
1234 1545 1290 1580 Τὴν
1304 1545 1326 1571 δ’
1340 1544 1488 1580 εἰρημένην
1502 1544 1591 1579 χώραν
1609 1545 1684 1578 νῆσοι
1692 1545 1765 1578 τρεῖς

982 1591 1146 1626 ἐκδέχονται,
1162 1590 1274 1626 λιμένας
1288 1590 1414 1617 ποιοῦσαι
1427 1589 1535 1620 πλείους
1549 1597 1556 1604 ·
1572 1585 1610 1615 ὧν
1624 1589 1674 1623 τὴν
1689 1588 1765 1623 πρώ-

980 1645 1031 1672 την
1047 1637 1142 1668 Ἴσιδος
1161 1636 1236 1671 ἱερὰν
1266 1636 1421 1671 ὠνόμασαν,
1448 1635 1497 1670 τὴν
1514 1635 1542 1661 δὲ
1557 1634 1687 1668 δευτέραν
1698 1634 1766 1660 Σου-

981 1681 1086 1709 καδύαν
1096 1682 1130 1714 ⁸³,
1144 1682 1192 1717 τὴν
1205 1682 1233 1708 δὲ
1248 1682 1344 1717 τρίτην
1358 1681 1478 1712 Σαλυδὼ,
1494 1680 1613 1715 ἐρήμους
1625 1679 1653 1705 δὲ
1677 1680 1766 1711 πάσας

981 1729 1030 1758 καὶ,
1043 1728 1170 1759 συσκίους
1181 1728 1294 1760 ἐλαίαις,
1309 1727 1338 1754 οὺ
1352 1728 1410 1758 ταῖς
1425 1726 1572 1762 παρ’ἡμῖν,
1582 1725 1651 1753 ἀλλὰ
1663 1727 1723 1757 ταῖς
1738 1726 1767 1752 ὲν

981 1773 1095 1804 ἐκείνοις
1109 1773 1165 1804 τοῖς
1172 1773 1265 1803 τόποις
1277 1772 1434 1807 φυομέναις.

1017 1820 1094 1846 Μετά
1117 1819 1145 1845 δὲ
1158 1819 1207 1850 τὰς
1232 1819 1330 1853 νήσους
1354 1818 1403 1849 τὰς
1426 1817 1588 1852 ἐκκειμένας
1611 1817 1684 1844 ἔστιν
1703 1817 1767 1843 ἰδεῖν

983 1865 1105 1900 αἰγιαλὸν
1137 1864 1237 1900 λιθώδη
1265 1865 1311 1892 καὶ
1344 1865 1465 1900 μακρόνο
1483 1865 1501 1899 ἡ
1526 1864 1554 1891 δὲ
1566 1864 1641 1899 χώρα.
1660 1863 1768 1898 Θαμου-

982 1912 1068 1947 δηνῶν
1079 1912 1102 1928 ⁹⁹
1123 1911 1256 1947 ’Δράῆων.
1275 1910 1305 1936 '0
1319 1910 1347 1936 δὲ
1360 1911 1428 1945 πρὸς
1443 1911 1544 1946 ταύτην
1554 1910 1714 1947 παράπλους
1723 1909 1769 1936 ἐπὶ

984 1957 1107 1988 σταδίους
1126 1957 1181 1984 τῶν
1198 1956 1290 1992 χιλίων
1308 1957 1417 1989 πλείους
1429 1958 1538 1985 πάντων
1555 1956 1747 1992 χαλεπώτατος
1758 1965 1765 1971 ·

984 2004 1013 2030 οὐ
1026 2004 1080 2039 γὰρ
1093 2003 1176 2037 ἐστιν,
1186 2004 1235 2030 οὐκ
1251 2003 1335 2038 ἐστιν,
1351 2004 1381 2030 οὐ
1397 2004 1405 2019 ί
1420 2003 1501 2038 λιμὴν
1514 2003 1639 2038 εὔορμος,
1648 2002 1677 2029 οὐ
1689 2002 1768 2033 σάλος

984 2049 1027 2076 ἐπ’
1047 2049 1183 2084 ἀγκύρας,
1203 2049 1234 2075 οὺ
1259 2049 1358 2080 κόλπος
1387 2049 1433 2075 ἐπὶ
1448 2048 1551 2083 σκέπης
1570 2048 1592 2080 ³,
1620 2048 1649 2074 οὐ
1683 2046 1768 2082 χηλῆς

985 2094 1152 2130 ὲντύπωμα,
1182 2094 1318 2128 ἀναγκαία
1349 2093 1510 2128 καταφυγὴ,
1540 2093 1586 2120 τὸν
1614 2093 1739 2120 ναυτίλον
1759 2093 1769 2109 ³

985 2140 1139 2176 δεχόμενον.
1163 2140 1240 2167 Μετὰ
1263 2140 1349 2166 ταῦτα
1372 2140 1400 2166 δὲ
1416 2140 1466 2166 οὒκ
1481 2139 1562 2171 εὐθὺς
1574 2139 1683 2175 ἐφεξῆς,
1701 2139 1768 2167 ἀλλὰ

987 2187 1046 2223 μεθ’
1080 2187 1162 2222 ἕτερά
1198 2194 1275 2218 τινα,
1300 2185 1374 2212 ἐστιν
1400 2185 1522 2219 αἰγιαλὸς
1554 2186 1594 2217 εἰς
1618 2185 1768 2220 ὑπερδολὴι

151 2233 273 2266 tervalla,
295 2233 541 2269 littusexlenditur
560 2233 643 2259 nimis
659 2240 740 2267 quam
757 2234 909 2268 lapidosum
925 2243 930 2261 :

986 2233 1117 2268 κάθυδρος
1145 2233 1351 2266 ὲκτεινόμενος,
1387 2232 1435 2259 καὶ
1459 2232 1491 2258 τὸ
1514 2231 1770 2268 προσηγορευμένον

150 2284 177 2306 et
190 2286 266 2306 mons
281 2278 388 2306 Laenius
411 2278 629 2313 inexplicabilem
650 2278 779 2306 circuitus
801 2280 934 2315 magnitu-

152 2325 242 2351 dinem
259 2328 412 2356 ostentans,
425 2327 453 2350 et
467 2323 596 2350 arborum
623 2323 714 2351 omnis
728 2325 834 2359 generis
849 2324 934 2352 saltu-

151 2371 202 2398 bus
218 2370 345 2397 amictus.

256 2415 321 2443 CAP.
340 2414 456 2442 XLVIII.
469 2429 505 2434 --
519 2413 558 2442 De
569 2420 643 2450 gente
654 2415 827 2444 Dedebarum.

186 2461 315 2488 Finitima
329 2460 445 2488 desertis
461 2460 504 2488 his
519 2461 665 2489 montanis
675 2462 787 2490 Dedebae
801 2462 933 2496 incolunt,

152 2507 251 2543 partim
275 2506 444 2539 armentarii,
469 2506 567 2540 partim
586 2507 724 2542 agricolas,
753 2515 871 2543 quorum
887 2516 936 2543 per

152 2552 269 2581 mediam
287 2552 424 2587 regionem
442 2552 530 2580 amnis
540 2552 640 2581 labitur
655 2558 751 2581 natura
771 2553 933 2588 tripartitus,

152 2604 181 2626 et
193 2602 316 2626 ramenta
331 2598 391 2626 auri
405 2598 500 2632 defert,
517 2604 572 2626 tam
585 2600 731 2634 conspicua
754 2600 888 2633 ubertate,
906 2605 935 2628 ut

154 2644 235 2672 limus
255 2643 288 2671 ad
311 2644 380 2672 ostia
416 2649 610 2678 coacervatus,
634 2645 734 2680 ἅδεα
753 2646 849 2680 procul
873 2646 935 2673 inde

153 2690 256 2718 rutilet.
271 2690 336 2718 Loci
349 2698 521 2727 possessores
547 2692 633 2728 ignari
648 2697 712 2719 sunt
727 2692 754 2719 id
768 2700 854 2727 genus
869 2701 934 2728 ope-

986 2279 1089 2314 Δαιμδν
1103 2278 1175 2314 ὅρος,
1193 2277 1332 2313 ἀμύθητον
1349 2278 1397 2314 μὲν
1416 2279 1627 2314 ἁναφαῖνονττῆς
1653 2278 1770 2313 περιμέ-

985 2333 1050 2360 τρου
1071 2324 1122 2350 τδδ
1145 2324 1279 2359 μέγεθος,
1294 2324 1429 2356 παντοίας
1447 2324 1475 2351 δὲ
1502 2324 1568 2360 ὕλης
1596 2324 1707 2359 δρυμοῖς
1731 2324 1771 2351 δι-

987 2371 1153 2406 εζωσμένον.

1178 2418 1246 2452 Περὶ
1261 2418 1368 2452 ἔθνους
1379 2418 1439 2445 τῶν
1451 2417 1590 2445 Δεδεϐὦν.

1020 2463 1081 2491 Ὀτι
1105 2464 1155 2498 τὴν
1167 2464 1348 2499 ἀστυγείτονα
1360 2465 1409 2499 τῆς
1425 2464 1532 2498 ὀρεινῆς
1549 2464 1649 2499 χέρσου
1662 2464 1772 2491 Δεδεδαὶ

984 2510 1167 2544 κατοικοῦσιν,
1185 2511 1209 2537 οἱ
1226 2510 1275 2545 μὲν
1291 2511 1416 2546 νομάδες,
1443 2511 1467 2536 οι
1489 2511 1518 2537 δὲ
1546 2510 1655 2546 γεοῢχοι
1671 2512 1692 2538 ⁵.
1723 2507 1773 2537 Ὧν

984 2555 1055 2583 κατὰ
1069 2556 1154 2592 μέσην
1167 2557 1217 2592 τὴν
1232 2556 1325 2592 χώραν
1337 2557 1457 2591 ποταμὸς
1469 2556 1628 2592 διαφέρεται
1638 2557 1773 2593 τριμερὴς

987 2602 1036 2637 μὲν
1062 2603 1095 2638 τῇ
1113 2602 1203 2637 φύσει,
1228 2603 1327 2638 ψῆγμα
1356 2603 1385 2629 δὲ
1410 2602 1512 2638 χρυσοῦ
1533 2603 1678 2638 κατάγων,
1702 2602 1773 2629 οὕτω

989 2647 1118 2683 σύνδηλον
1137 2647 1186 2682 τὴν
1208 2647 1347 2682 δαψίλειαν
1374 2647 1442 2682 ἔχων
1467 2647 1538 2674 ὥστε
1565 2649 1614 2683 τὴν
1644 2648 1699 2674 ἰλὺν
1724 2647 1773 2681 τὴν

990 2693 1058 2728 πρὸς
1072 2694 1131 2724 ταῖς
1157 2692 1282 2724 ὲκῦολαῖς
1300 2693 1470 2730 συνηγμένην
1485 2693 1625 2729 πόρρωθεν
1645 2691 1774 2719 ἀποστίλ-

795 2739 911 2767 ΥΛΒΙΑΕ
930 2739 1131 2767 LECTIONES.

208 2786 232 2801 “
238 2785 445 2821 imkunlneslag
461 2786 494 2814 B.

158 2898 214 2918 out.
227 2890 259 2918 A.
298 2891 309 2906 '
322 2890 445 2927 γαιοῦχοι
458 2891 490 2918 Δ.

549 2786 571 2822 ν
587 2787 712 2822 Μινναῖοι
737 2787 768 2813 Β.
805 2786 827 2804 ’⁸
842 2786 1057 2822 εὐκληρήμασιν]
1069 2785 1283 2822 ἐγκλήμασινῗΑμ

158 2821 180 2858 ᾼ
195 2820 270 2858 ε-τῶν
285 2820 370 2858 τε
399 2821 423 2837 ³⁸
438 2820 639 2858 Σουκαβύανλ..
651 2822 739 2858 καδαν
754 2822 783 2855 II,
799 2822 901 2849 incerta
920 2820 1021 2858 syllaba
1047 2820 1143 2858 prima.

157 2855 240 2892 δινῶν
252 2864 283 2888 ς.
300 2891 308 2892 7
321 2857 329 2872 ¹
345 2857 375 2883 οὐ
388 2862 453 2892 ante
467 2856 551 2892 λιμήν
565 2856 629 2884 add.
642 2857 663 2886 Δ
714 2858 723 2873 ²
736 2857 886 2892 ἐπισκέπης
913 2855 956 2884 Λ’;

1335 2787 1358 2803 ⁸⁸
1371 2786 1575 2823 παραπλέκεται
1589 2787 1622 2813 Α.
1673 2787 1695 2802 ³⁷
1720 2786 1774 2812 τῶν

1193 2821 1215 2837 ’⁸
1231 2821 1418 2857 Θ‹ιμουδηνό”.ινἶ
1439 2822 1459 2848 Β
1475 2827 1501 2848 et
1516 2829 1585 2857 corr.
1603 2822 1624 2847 A
1641 2830 1647 2848 :
1664 2822 1773 2856 Θαμου-

977 2856 1127 2891 ὲπισκεπής
1143 2865 1173 2888 ς.
1212 2857 1222 2873 ³
1232 2856 1356 2885 ναυτίλον
1371 2858 1393 2884 Α
1409 2866 1415 2884 :
1433 2856 1636 2892 νςωτιλλὸμενον
1650 2865 1680 2889 ς.
1718 2857 1728 2873 ’⁸
1743 2858 1774 2883 τὸ
