1945 3073
190 157 222 187 6':
765 150 897 181 PHOTII
912 150 960 180 PA‘

1012 149 1163 181 IARCH/E
1175 149 1229 180 ΟΡ.
1764 151 1798 184 68

183 208 292 236 abditus
304 211 331 235 et
345 206 470 234 exoletus
493 210 645 234 aromatum
664 204 718 232 illis
732 203 836 232 fructus
850 209 903 235 est.
918 210 960 230 net

1019 203 1073 229 ἀπὸ
1088 203 1135 230 τοῦ
1152 202 1300 238 γεννῶντος
1323 203 1369 230 καὶ
1392 202 1536 238 τρέφοντος
1556 203 1639 238 ὃγκου
1664 204 1796 239 διακεκω-

182 261 199 280 a
217 253 329 280 materia
352 256 510 288 procreante
523 255 550 279 et
564 252 700 278 nutriente
719 255 870 285 separatus,
885 249 930 276 sed
946 256 962 276 a

183 298 273 324 divina
290 298 335 324 illa
349 297 507 324 maturitate
532 296 622 323 adhuc
639 295 748 326 ﬂorens,
765 299 792 322 et
805 302 820 321 a
836 293 961 321 familiari

183 341 347 375 proprioque
359 345 386 368 et
401 341 518 376 genuino
538 340 630 375 vigore
643 340 698 366 vim
721 339 792 365 illam
816 337 960 365 admirabi-

183 384 234 411 lem
258 385 393 417 emittens,
420 393 506 420 usque
527 385 606 417 adeo,
622 389 653 412 ut
667 384 745 412 multi
759 384 785 411 itt
799 383 962 411 oblivionem

182 431 304 458 mortalis
325 431 405 458 delati
419 430 566 463 felicitatis.
586 430 620 458 de
631 430 766 458 ambrosia
779 437 808 458 se
825 430 963 465 percipere

182 477 304 504 nonniltil
331 478 485 511 opinentur,
508 477 573 504 dum
594 484 638 504 res
659 484 757 504 nomen
775 476 808 503 ad
826 483 961 504 summam

183 522 399 555 praedicationem
415 522 541 549 idoneum
555 527 582 550 et
595 530 643 558 par
658 522 708 550 sibi
722 523 830 557 quaerit.
843 521 871 549 ltt
890 522 964 549 salti-

181 566 232 593 bus
243 573 333 593 rerum
349 567 522 594 odoralarum
533 567 668 602 serpentis
682 575 767 602 genus
779 572 822 595 est
835 567 958 594 omnium

181 611 433 643 insolentissimum,
461 612 537 647 quasi
572 612 682 640 fortuna
697 618 752 640 tam
768 613 852 648 largis
881 619 962 641 terra!

181 657 331 684 commodis
353 657 480 685 invideat.
499 661 527 685 et
543 656 615 685 bono
628 662 731 685 attexat
754 663 961 692 nocumentum,

182 709 216 729 ne
229 702 291 736 quis
303 702 381 729 bonis
393 710 520 737 prospere
534 702 706 731 aﬂluentibus
723 704 815 731 animo
834 703 962 731 eﬂ'eratur

180 748 307 782 superbo,
335 753 362 775 et
376 750 410 774 ad
433 747 512 775 linem
535 756 623 783 usque
643 749 752 784 ﬂagitiis
775 750 962 785 perpetrandis

179 793 324 829 indulgeat,
345 801 499 829 numenque
514 800 683 829 aspernetur,
702 796 749 823 sed
768 795 920 831 adjectione
935 801 962 824 et

178 840 309 867 memoria
333 841 509 868 adversorum
533 841 777 873 commonefactus,
804 841 886 868 vitam
900 849 959 869 mo-

1015 246 1154 282 ρισμένην,
1170 247 1238 274 ἀλλά
1253 247 1301 282 τὴν
1325 245 1457 274 ἀνθοῦσαν
1472 247 1525 274 ἀπὸ
1542 247 1592 282 τῆς
1606 247 1681 279 θείας
1694 248 1785 283 ἀκμῆς

1015 295 1063 320 καὶ
1076 294 1125 329 τὴν
1140 293 1195 321 ἀπὸ
1212 294 1267 321 τῶν
1278 294 1384 321 οἰκείων
1399 295 1447 321 καὶ
1463 294 1586 328 φυσικῶν
1611 293 1641 320 τὸ
1660 294 1798 329 θαυμαζό-

1015 347 1095 373 μενον
1126 339 1361 374 ἀποπέμπουσαν·
1385 338 1454 365 ῶστε
1490 338 1604 370 πολλοὺς
1640 338 1680 370 εἰς
1713 337 1800 372 λήθην

1015 384 1255 419 ἀφικομένουςτῶν
1262 384 1365 419 θνητῶν
1379 383 1574 418 εὐτυχημάτων
1587 383 1635 418 τῆς
1647 382 1799 418 ἀμϐροσίας

1016 431 1138 457 ὑπονοεῖν
1147 429 1358 465 ἀπολαμϐάνειν,
1371 429 1456 463 ϐνομα
1469 428 1516 455 τοῦ
1528 429 1691 464 πράγματος
1704 427 1799 463 ἐπιζη-

1015 476 1124 508 τοῦντος
1137 477 1235 502 οίκεῖον
1248 475 1296 510 τῆς
1304 475 1466 511 ὑπερϐολῆς.
1483 475 1551 510 Περὶ
1565 474 1593 501 δὲ
1605 474 1668 506 τοὺς
1679 474 1798 509 δρυμοὺς

1015 521 1069 548 τῶν
1084 521 1190 548 εὐωδῶν
1206 521 1284 555 γένος
1310 521 1384 548 ἐστὶν
1411 520 1498 555 ὄφεων
1519 519 1655 547 ἰδιώτατον
1676 519 1796 552 πάντων,

1014 567 1096 594 οίονεὶ
1117 566 1266 602 φθονούσης
1287 568 1341 598 τοῖς
1355 566 1443 602 ἀδροῖς
1455 565 1637 600 ἐπιτεύγμασι
1650 566 1700 601 τῆς
1712 565 1798 600 τύχης

1015 612 1062 639 καὶ
1072 611 1298 647 παραπλεκούσης
1308 611 1418 646 τάγαθῷ
1425 611 1455 638 τὸ
1464 611 1605 646 βλαϐερὸν,
1618 611 1691 641 ὅπως
1704 610 1798 645 μηδεὶς

1015 658 1054 689 είς
1068 657 1142 689 τέλος
1153 657 1301 692 ἐξυϐρίζων
1315 657 1457 689 τιτανῶδες
1473 657 1520 684 καὶ
1531 656 1703 690 κατεγνωκδς
1716 656 1738 671 ¹⁹
1749 655 1796 682 τοῦ

1015 703 1087 730 θείου
1097 703 1128 730 τὸ
1136 703 1262 739 φρόνημα
1275 703 1400 739 λαμϐάνῃ
1412 702 1465 730 τῶν
1476 702 1584 737 ἀγαθῶν
1599 702 1796 737 εὐτυχούντων,

1014 749 1173 784 παιδεύηται
1188 749 1216 775 δὲ
1238 750 1271 784 τῇ
1291 749 1440 785 παραθέσει
1456 749 1502 775 καὶ
1518 749 1612 784 μνήμῃ
1636 747 1690 774 τῶν
1717 748 1797 774 {vav—

1014 794 1090 821 τίων.
1125 793 1162 820 Τὸ
1186 794 1214 821 δὲ
1240 794 1317 828 γένος
1343 793 1397 820 τῶν
1425 793 1512 828 ὄφεων
1541 792 1640 828 χρῶμα
1669 791 1719 827 μὲν
1738 791 1796 827 ἔχει

1015 840 1171 875 φοινικοῦν,
1199 839 1286 875 μῆκος
1312 839 1340 866 δὲ
1367 839 1428 866 ὅσον
1459 838 1607 873 σπιθαμῆς,
1649 838 1740 874 δῆγμα
1766 838 1796 865 δὲ

177 886 282 913 destius
295 890 367 921 agat.
381 886 472 914 Genus
485 886 511 913 id
526 887 660 922 serpentis
674 888 764 914 colore
775 892 817 915 est
831 888 959 923 puniceo,

1016 886 1135 918 ἀνίατον,
1151 886 1183 913 ἂν
1200 887 1249 921 τῆς
1265 885 1329 921 [746
1339 885 1386 920 HJ
1399 885 1510 920 λαγόνος
1528 884 1666 919 ἀνώτερον
1680 885 1794 921 αἰμάξῃ·

176 937 204 960 et
235 933 402 968 longitudine
437 933 591 967 spithamaa,
628 941 776 968 morsuque
808 934 963 968 insanabili,

176 979 287 1014 quando
316 987 397 1014 super
421 979 465 1007 ilia
499 979 637 1007 hominem
682 980 824 1008 sauciarit.
852 979 963 1015 Plagam

175 1025 248 1052 enim
270 1024 351 1052 infert
371 1025 498 1053 assiliens
514 1025 540 1052 itt
556 1026 652 1052 altum.
678 1025 812 1053 Caeterum
827 1026 897 1060 apud
915 1026 965 1053 Sa-

178 1070 249 1097 baeos
273 1071 399 1105 stirpium
424 1070 601 1105 fragrantium
624 1071 692 1098 odor
713 1078 837 1098 summus
850 1071 962 1106 quidem

176 1121 228 1148 est,
242 1117 288 1143 sed
309 1116 435 1151 voluptas
461 1117 560 1143 minor.
583 1115 650 1143 Nam
671 1117 743 1152 quod
756 1124 771 1143 a
788 1123 871 1151 puero
891 1116 962 1144 assi-

176 1165 259 1190 duum
290 1168 341 1195 est,
366 1169 478 1190 sensum
504 1163 595 1190 minus
618 1161 700 1190 allicit
722 1168 878 1197 movetque,
906 1162 962 1189 imo

177 1209 345 1236 obtusioretn
360 1209 457 1239 reddit.
471 1209 545 1236 nulla
565 1209 627 1236 vitae
641 1209 852 1236 commutatione
867 1207 962 1242 adjun-

175 1259 230 1281 cta.
249 1254 441 1282 Verumtamen
456 1262 518 1282 cum
532 1262 585 1282 non
602 1255 637 1282 ita
660 1254 806 1282 informare
819 1261 851 1282 ac
867 1261 962 1289 regere

178 1301 260 1327 vitam
284 1301 401 1335 possint,
429 1306 457 1327 ut
473 1300 499 1327 in
525 1301 596 1327 bono
619 1308 727 1336 Semper
755 1305 827 1328 statu
854 1308 962 1336 perma-

177 1351 239 1374 neat
270 1347 418 1382 (immistus
453 1347 525 1374 enim
541 1347 655 1381 spiritus
679 1347 807 1374 facultate
833 1347 961 1374 incisoria

178 1401 279 1427 corpus
305 1392 686 1428 perll:tl,etconstipationem
712 1393 772 1428 ejus
794 1394 961 1421 moderatam

176 1440 217 1465 sic
232 1440 257 1465 in
271 1440 348 1473 plura
364 1440 477 1472 diducit,
505 1444 534 1466 ut
549 1440 582 1466 ad
598 1444 746 1467 extremam
759 1439 866 1467 tandem
886 1440 961 1467 laxa-

177 1486 277 1512 tionem
293 1485 456 1521 redigatur);
472 1486 534 1513 huic
545 1486 611 1513 vitio
625 1490 654 1514 ut
668 1486 838 1518 medeantur,
856 1485 962 1521 pausil-

177 1528 232 1554 lum
250 1529 390 1556 bituminis
403 1533 431 1556 et
443 1528 510 1556 hirci
523 1529 647 1562 barbam,
660 1530 768 1564 tegi-olis
782 1530 960 1557 succendunt.

178 1575 266 1608 Atque
284 1574 321 1601 ita
335 1574 450 1601 ttimium
481 1574 635 1610 fragrantia:
663 1579 791 1610 perpetuo
817 1575 960 1610 aspirantis

176 1627 320 1647 excessum
351 1620 525 1653 amoliuntur,
554 1625 581 1647 et
608 1621 679 1655 quod
702 1621 831 1655 voluptati
849 1621 960 1648 noxium

177 1671 229 1696 est.
252 1666 474 1700 attemperatione
494 1666 554 1700 ejus
567 1667 640 1701 quod
655 1666 798 1693 molestum
819 1666 883 1694 huic
900 1674 961 1695 esse

179 1712 296 1744 videtur,
310 1711 472 1746 reprintunt.
487 1711 562 1738 Adeo
577 1712 666 1739 omttis
681 1711 806 1745 felicitas,
820 1713 842 1740 si
856 1713 961 1741 medio-

177 1758 274 1784 critale
286 1762 313 1784 et
328 1757 400 1784 bono
424 1757 519 1784 ordine
543 1761 721 1792 gubernatur,
747 1758 830 1784 vitam
858 1759 961 1793 optime

178 1803 339 1831 transmittit
360 1812 367 1830 :
392 1807 420 1830 at
445 1803 468 1830 si
495 1803 681 1831 moderatione
709 1808 734 1830 et
761 1805 961 1839 opportunitate

176 1850 344 1882 destituitur,
370 1849 473 1876 inutilis
488 1849 547 1884 ejus
563 1850 710 1884 possessio.
732 1849 804 1878 Saba
819 1851 959 1886 oppidutn,

177 1898 260 1924 totius
274 1897 362 1932 gentis
381 1896 586 1931 appellationem
601 1896 734 1929 indicans,
753 1897 839 1924 monti
855 1897 960 1924 incum-

177 1943 217 1970 bit
231 1951 284 1970 non
296 1950 404 1977 magno,
427 1942 548 1969 omttium
560 1941 659 1978 459a
677 1943 703 1969 in
718 1943 816 1970 Arabia
834 1944 961 1976 pulcher-

177 1988 286 2015 rimum.
313 1987 371 2015 Rex
407 1987 457 2015 toti
483 1988 555 2023 genti
586 1989 731 2023 imperans,
755 1991 959 2024 praerogativam

178 2035 257 2062 habet
283 2034 309 2062 in
331 2042 461 2062 consessu
486 2041 502 2061 a
524 2035 623 2069 populo
649 2035 755 2067 scitam,
780 2043 833 2070 qua
856 2036 959 2063 honore

176 2088 227 2108 suo
253 2081 405 2116 praditam,
436 2089 489 2116 qua
515 2082 636 2109 muneris
667 2082 780 2109 omnino
808 2087 956 2117 expertem.

177 2127 286 2155 llonore
297 2128 368 2154 enim
385 2135 474 2162 regetn
493 2127 650 2162 dignantur,
677 2129 749 2162 quod
766 2129 858 2156 tnultis
875 2129 959 2164 impe«

177 2174 247 2206 ritat,
265 2178 289 2201 et
304 2174 388 2201 libero
406 2174 592 2208 quaadecernit
606 2174 718 2201 arbitrio
733 2174 798 2208 agit,
814 2174 880 2201 nulli
894 2175 959 2202 sub-

1013 933 1062 968 τὴν
1077 933 1104 960 δὲ
1117 934 1140 949 ’⁸
1154 932 1260 968 πληγὴν
1283 932 1374 959 δίδωσι
1396 931 1563 967 παλλόμενον
1577 933 1617 964 είς
1633 931 1709 967 ὕψος.
1726 932 1797 968 Παρ¹

1013 981 1105 1012 αὐτοῖς
1129 979 1157 1007 δὲ
1185 981 1241 1011 τοῖς
1264 979 1389 1010 Σαϐαίοις
1408 979 1424 1013 ἡ
1446 978 1495 1014 μὲν
1516 978 1588 1013 ὀσμὴ
1608 978 1662 1005 τῶν
1689 978 1798 1005 εὐωδῶν

1013 1026 1161 1062 ἀκροτάτη,
1179 1025 1232 1061 ἡδὲ
1247 1024 1327 1061 χάρις
1340 1025 1451 1060 ἐλλιπής
1461 1033 1468 1041 ·
1482 1025 1513 1052 τὸ
1532 1024 1586 1060 γάρ
1610 1024 1746 1060 ἐνδελεχὲς
1763 1025 1796 1052 ὲκ

1013 1071 1109 1106 νηπίου
1125 1073 1196 1098 κινεῖ
1210 1071 1259 1107 μὲν
1275 1071 1324 1106 τὴν
1340 1071 1466 1106 αῐσθησιν
1478 1069 1569 1105 ἦττον,
1582 1071 1756 1107 ἀμϐλυτέραν
1766 1071 1797 1098 δὲ

1013 1116 1223 1149 κατασκευάζει,
1239 1116 1389 1152 μεταϐολῆς
1397 1117 1452 1148 τοῖς
1460 1116 1528 1151 βίοις
1539 1117 1589 1152 οὐχ
1598 1117 1796 1152 ὑποκειμένης.

1013 1161 1051 1188 Οὐ
1076 1161 1129 1197 μὴν
1149 1161 1217 1188 ἀλλὰ
1240 1161 1370 1189 κάπειδὰν
1399 1161 1429 1188 οὐ
1456 1161 1586 1188 δύνωνται
1601 1162 1623 1178 ἰ
1647 1161 1695 1197 τὴν
1721 1161 1798 1197 ζωὴν

1014 1207 1196 1241 παιδαγωγεῖν
1224 1207 1423 1242 παραπλησίως
1437 1208 1555 1243 εὐσταθῆ
1568 1227 1576 1240 ,
1599 1208 1797 1243 διαπνεομένου

1012 1252 1059 1279 τοῦ
1074 1251 1199 1287 σώματος
1222 1253 1268 1279 ὑπ’
1284 1253 1404 1289 ἀκράτου
1420 1254 1467 1280 καὶ
1483 1254 1618 1289 τμητικῆς
1642 1254 1798 1289 δυνάμεως.

1012 1299 1060 1326 καὶ
1073 1299 1122 1335 τὴν
1140 1299 1295 1335 σύμμετρον
1310 1300 1448 1326 πύκνωσιν
1467 1299 1514 1326 ἐπὶ
1528 1299 1619 1326 πλεῖον
1631 1300 1754 1335 ἀγούσης
1774 1301 1798 1316 ¹¹

1012 1345 1082 1372 ὥστε
1098 1345 1174 1379 ἄγειν
1188 1345 1228 1378 είς
1243 1345 1351 1372 ἔκλυσιν
1367 1345 1494 1381 ἐσχάτην,
1510 1345 1569 1372 τότε
1582 1346 1613 1381 δὴ
1624 1346 1646 1361 ’³
1656 1346 1798 1381 ἀσφάλτου

1012 1391 1237 1427 παραθυμιῶντες
1267 1391 1352 1427 βραχὺ
1386 1391 1434 1418 καὶ
1463 1392 1565 1427 τράγου
1594 1392 1706 1426 πώγονα
1739 1393 1799 1424 τοῖς

1010 1436 1142 1468 τοιούτοις
1149 1436 1327 1472 ἀφαιροῦνται
1335 1436 1384 1473 τὴν
1391 1437 1459 1471 ἀγαν
1467 1436 1552 1472 εὐώδη
1564 1436 1615 1472 τῆς
1625 1438 1763 1471 ὲπιφοφᾶς
1773 1437 1800 1454 ’⁵

1012 1482 1173 1518 ὑπερϐολὴν,
1189 1484 1236 1509 καὶ
1249 1484 1282 1518 τῇ
1300 1482 1372 1518 μίξει
1381 1482 1429 1510 τοῦ
1437 1482 1577 1515 δοκοῦντος
1591 1483 1686 1510 λυπεῖν
1703 1483 1734 1510 τὸ
1746 1483 1800 1518 τῆς

1012 1528 1109 1564 ἡδονῆς
1139 1528 1269 1564 βλαϐερὸν
1296 1528 1582 1556 ὑποκαταστέλλουσιν.
1611 1527 1706 1560 Οὕτως
1723 1528 1801 1555 ἅπαν

1013 1574 1166 1610 ἐπίτευγμα
1192 1575 1321 1610 μεσότητι
1345 1575 1394 1610 μὲν
1415 1573 1461 1601 καὶ
1483 1573 1559 1606 τάξει
1587 1573 1799 1609 κυϐερνώμενον

1012 1621 1193 1657 παραπέμπει
1223 1621 1269 1648 τδν
1290 1620 1356 1656 βίον,
1386 1620 1556 1655 συμμετρίας
1582 1620 1611 1646 δὲ
1635 1620 1683 1646 καὶ
1700 1620 1799 1655 καιροῦ

1013 1667 1144 1702 στερηθὲν
1153 1668 1203 1695 οὐκ
1211 1667 1268 1703 ἔχει
1279 1667 1327 1703 τὴν
1345 1667 1440 1702 κτῆσιν
1460 1666 1630 1702 ὀνησιφόρον.
1647 1666 1683 1692 Τὸ
1697 1666 1726 1694 δὲ
1743 1666 1801 1693 τῶν

1014 1713 1139 1741 Σαϐαίων
1152 1712 1274 1740 ἀστυτοῦ
1285 1712 1386 1743 παντὸς
1397 1711 1488 1743 ἔθνους
1496 1711 1682 1746 προσηγορίαν
1698 1710 1800 1746 δηλοῦν

1013 1758 1057 1784 ἐπ’
1072 1758 1151 1793 ὅρους
1174 1758 1249 1785 ἐστὶν
1275 1758 1305 1784 οὐ
1323 1757 1450 1793 μεγάλου,
1480 1757 1548 1784 πολὺ
1569 1757 1714 1784 κάλλιστον
1742 1757 1800 1784 τῶν

1011 1803 1081 1830 κατὰ
1098 1804 1146 1838 τὴν
1168 1803 1307 1838 Ἀραϐίαν,
1323 1803 1336 1829 ὃ
1349 1803 1473 1830 καλεῖται
1499 1803 1588 1834 Σάϐας
1598 1803 1632 1830 ’⁸.
1651 1803 1736 1839 [15ῗῦ
1750 1803 1801 1840 H.]

1016 1850 1045 1876 ‘0
1059 1849 1087 1875 δὲ
1103 1848 1251 1884 βασιλεύων
1267 1849 1314 1875 τοῦ
1328 1848 1427 1880 παντὸς
1447 1849 1540 1881 ἔθνους
1555 1849 1703 1885 προεδρίαν
1729 1851 1800 1886 εχει,

1010 1895 1086 1931 παρὰ
1097 1895 1144 1922 τοῦ
1160 1894 1225 1922 λαοῦ
1238 1896 1271 1930 τῇ
1282 1897 1305 1911 ’⁸
1322 1895 1370 1930 μὲν
1381 1895 1489 1930 ἔντιμον
1503 1897 1536 1931 τῇ
1548 1896 1576 1922 δὲ
1593 1896 1801 1933 ἀκληροτάτην,

1010 1942 1119 1976 ἔντιμον
1148 1941 1198 1976 μὶν
1226 1941 1268 1968 ὅτι
1292 1941 1398 1974 πολλοῖς
1425 1942 1573 1974 ἐπιτάττει,
1606 1942 1680 1969 κατὰ.
1706 1943 1803 1979 κρίσιν

1009 1987 1196 2015 ἀνυπεύθυνον
1209 1987 1224 2014 δ
1242 1987 1368 2022 βούλεται
1383 1988 1521 2024 πράττων,
1551 1988 1672 2024 ἀκληρον
1701 1989 1731 2015 δὲ
1759 1991 1803 2016 ὅτι

1010 2032 1176 2067 παραλαϐὼν
1191 2033 1240 2067 τὴν
1253 2033 1412 2068 ἐπιμέλειαν
1422 2033 1452 2060 οὐ
1469 2032 1580 2060 δύναται
1600 2033 1684 2059 πάλιν
1700 2034 1733 2061 ὲκ
1746 2035 1804 2061 τῶν

1010 2078 1151 2114 βασιλείων
1166 2078 1292 2111 ἐξελθεῖν
1301 2079 1325 2105 εί
1337 2078 1365 2105 δὲ
1379 2079 1426 2114 μὴ,
1438 2078 1607 2112 λιθόλευστος
1623 2080 1678 2106 ὑπὸ
1690 2081 1804 2108 πάντων

1008 2126 1124 2160 γίνεται,
1138 2125 1209 2152 κατά
1240 2126 1362 2161 χρησμὸν
1394 2127 1518 2162 ἀρχαῖον,
1549 2126 1621 2153 ὥστε
1649 2125 1723 2155 εἶναι
1754 2129 1805 2165 τὴν

1009 2171 1143 2207 ὑπεροχὴν
1158 2171 1305 2206 βλαϐεράν.

172 2219 262 2254 jectus
290 2227 422 2246 censurae.
449 2218 550 2245 Exsors
580 2226 644 2245 vero
671 2223 723 2250 est.
753 2224 781 2246 et
814 2219 937 2254 quolibet
971 2219 1077 2255 privato
1107 2216 1231 2250 inferior,
1256 2217 1328 2252 quod
1360 2223 1470 2253 accepta
1497 2219 1573 2254 regni
1600 2227 1681 2253 cura,
1711 2222 1806 2256 regale

174 2267 265 2300 egredi
289 2267 418 2301 palatium
437 2266 461 2293 ei
483 2265 570 2294 nefas.
603 2266 687 2293 Secus
699 2266 722 2293 si
737 2266 795 2298 fiat,
822 2266 956 2302 lapidibus
975 2264 1104 2300 apopqu
1129 2263 1265 2292 obruitur.
1298 2264 1337 2292 lta
1366 2265 1439 2292 enim
1467 2266 1610 2300 antiqttum
1634 2267 1716 2302 jubet
1737 2277 1806 2297 ora-

174 2312 276 2340 culum.
309 2311 447 2338 Honorum
474 2313 554 2347 igitur
588 2313 734 2340 eminentia
765 2313 820 2341 illic
846 2313 953 2340 nociva.

210 2357 232 2385 Ε
247 2359 368 2384 virorum
395 2365 510 2384 numero
523 2358 556 2385 ad
576 2358 627 2385 hoc
644 2359 782 2391 destinati,
803 2364 831 2386 ut
848 2359 958 2387 domum

1048 2353 1109 2381 Τῶν
1136 2353 1164 2380 δὲ
1188 2353 1294 2389 ἀνδρῶν
1317 2353 1342 2380 οί
1366 2355 1415 2390 μὲν
1429 2355 1642 2389 καταγινόμενοι
1669 2358 1741 2393 πρὸς
1774 2359 1807 2388 τὸ

175 2409 294 2435 servent,
317 2404 415 2439 exiguo
438 2403 535 2431 fortius
559 2411 589 2432 se
613 2409 710 2438 gerunt
734 2412 815 2439 quatit
840 2404 956 2432 feminae.

175 2450 311 2476 tiontinno
346 2457 464 2484 ruantque
496 2449 553 2476 otio
580 2449 606 2477 in
636 2449 752 2477 feminas
781 2449 958 2485 degenerant.

175 2496 270 2522 (Σιριοτὶ
282 2500 309 2523 et
324 2496 405 2522 rebus
427 2495 535 2523 bellicis
553 2495 620 2523 dant
632 2503 756 2530 operam,
776 2501 803 2523 et
817 2500 901 2523 totam
915 2504 959 2524 re-

176 2542 282 2576 gionem
303 2550 384 2577 opere
405 2547 542 2575 exercent,
558 2547 585 2570 et
599 2542 721 2570 colonias
742 2542 889 2570 deducunt.
903 2542 960 2570 Ma-

174 2589 264 2623 jorutn
280 2596 352 2615 eum:
373 2588 544 2616 schediarum
574 2587 770 2624 [navicularum
786 2589 917 2616 minorum
933 2594 958 2616 ει

1009 2399 1079 2427 οίκοι
1091 2399 1114 2415 ’⁷
1130 2399 1309 2434 ἐνδιατρίϐειν
1339 2399 1425 2435 βραχύ
1450 2409 1476 2427 τι
1501 2401 1548 2427 τοῦ
1573 2402 1672 2437 θήλεος
1705 2407 1807 2440 γένους

1009 2444 1201 2480 ἀλκιμώτερον
1213 2445 1335 2479 ἄγουσιν,
1351 2445 1403 2472 ὑπὸ
1415 2445 1464 2480 τῆς
1490 2447 1622 2482 συνεχοῦς
1648 2451 1807 2485 ἀπὸγυναι-

1010 2490 1141 2526 κούμενοι
1157 2490 1299 2526 ῥᾳστώνης
1309 2498 1318 2506 ·
1339 2492 1362 2517 οἱ
1375 2491 1402 2517 δὲ
1415 2490 1490 2517 ἄλλοι
1507 2492 1542 2518 τά
1556 2501 1589 2519 τε
1600 2495 1624 2510 ’⁸
1640 2496 1711 2531 πρὸς
1723 2499 1805 2525 πόλε-

1013 2545 1062 2572 μον
1078 2537 1212 2572 μελετῶσι
1228 2536 1276 2563 καὶ
1284 2536 1333 2571 τὴν
1346 2536 1438 2572 χώραν
1453 2536 1564 2565 ἃπασαν
1574 2539 1744 2575 ἐργάζονται
1757 2546 1806 2572 καὶ

1013 2580 1170 2607 στέλλουσιν
1194 2581 1242 2608 ἀπ’
1274 2581 1361 2613 οἰκίας
1373 2581 1408 2615 ’⁸,
1435 2583 1495 2614 ταῖς
1525 2584 1636 2619 μείζοσι
1663 2589 1805 2624 χρώμενοι

816 2667 933 2695 VARLE
953 2669 1154 2700 LECTIONES.

211 2726 241 2767 "_
255 2726 433 2767 κατεγχωκῶς
456 2736 487 2767 ς.
523 2727 546 2743 ’⁸
569 2726 598 2753 δὲ
609 2734 675 2767 _om.
693 2727 803 2767 A..p0_st
820 2727 1017 2767 πληγὴνροηὶι
1032 2739 1064 2763 ς.
1102 2731 1123 2748 ³³
1141 2731 1267 2759 δύνανται
1281 2741 1313 2764 ς.
1341 2733 1364 2748 ³⁸
1375 2734 1442 2766 ἀγού

968 2765 1061 2802 αίωμα
1078 2767 1276 2802 συναγομένης.

731 2804 756 2831 ι).
771 2796 832 2824 106.
870 2798 893 2813 ’⁵
909 2796 994 2831 σαϐἂς

176 2760 311 2789 Diodorus
328 2762 366 2796 (ὅ.
382 2762 427 2797 47)
444 2763 492 2797 τῆς
517 2762 687 2797 συγκρίσεως
702 2761 757 2787 τῶν
770 2760 912 2797 ὄγκωνείς
931 2760 948 2790 ἀ

176 2798 279 2832 tnasius
294 2795 338 2832 ap.
353 2795 512 2824 Sallierfad
529 2795 627 2823 Thom.
642 2796 711 2832 Mog.

1325 2735 1364 2783 ﬂ"
1375 2735 1507 2795 ἀγούσηξ]
1521 2736 1615 2778 malim
1636 2737 1802 2777 ἀραιούσης,

1360 2768 1404 2795 δη]
1422 2769 1450 2795 δέ
1495 2790 1501 2795 .
1547 2771 1572 2786 ’⁵
1583 2775 1730 2795 αποωοηῆρ
1748 2776 1794 2795 Qui

1376 2768 1506 2809 insana:
1547 2771 1572 2786 ἰ
1583 2768 1730 2809 ἀπφῴορᾶς
1748 2768 1808 2805 s'a't'.

1091 2801 1375 2864 ’θὶἶιιῗέςῖιῖἓάςῗῆιίῇί
1387 2804 1605 2864 “£10113?”
1620 2808 1654 2835 A’
1694 2809 1717 2826 ”
1736 2813 1806 2849 πρδί

1285 2837 1291 2873 ]
1307 2837 1375 2866 libri
1394 2837 1530 2870 ἀποικίας.

175 2831 206 2857 τὸ
221 2831 290 2859 οίκοι
301 2825 477 2868 ι’νδιατρίϐειν
493 2832 519 2859 in
538 2839 591 2867 mg.
607 2825 738 2866 ponith:
770 2832 792 2847 "
807 2832 839 2859 τά
853 2833 894 2870 τε]
917 2825 1059 2867 πάντεςδλ.
1098 2837 1121 2854 ²⁹
1192 2825 1280 2869 dum;
