1945 3073
167 158 207 188 69
727 159 995 190 BIBLIO'I‘HECA.
1009 173 1045 179 -·
1062 161 1144 193 COD.
1166 163 1244 194 CCL.
1753 162 1787 194 70

170 213 298 248 σχεδίαις.
315 213 466 248 Κομίζουσι
486 213 514 240 δὲ
542 213 610 241 ἄλλα
635 224 677 248 τε,
694 216 742 242 καὶ
764 216 882 252 μάλιστα
907 217 952 243 τὸν

1008 219 1165 255 uulgarium]
1184 220 1226 247 his
1238 218 1280 246 e'st
1292 226 1369 246 usus.
1389 217 1498 246 Vehunt
1512 226 1572 246 cum
1586 219 1649 251 alia,
1666 223 1721 246 tum
1735 219 1792 245 fru-

168 259 254 294 εὐώδη
271 259 377 294 καρπὸν
390 259 437 286 τὸν
453 261 482 288 ὲν
498 261 537 295 τῷ
553 261 639 297 πέραν
654 262 789 298 φυόμενον
807 262 948 299 (ἀραϐιστὶ

167 303 231 331 es“
254 304 363 338 λέγεται
385 305 542 342 λάριμναν),
573 311 705 342 μεγίστην
744 308 841 342 ἔχοντα
853 309 873 324 ³¹
898 308 953 335 τῶν

168 348 256 375 ἄλλων
273 348 456 383 θυμιαμάτων
470 351 586 377 εὐωδίαν
596 358 603 365 ·
626 351 655 378 ὃν
667 352 690 368 ³¹
698 374 704 381 ς,
713 353 826 387 κρατεῖν
845 352 954 387 λέγεται

167 394 264 427 γένους
292 395 449 431 ἀρρωστίας
474 396 513 427 ὡς
541 397 587 423 ἐπὶ
607 397 637 424 τὸ
658 397 726 424 πολὺ
735 398 757 413 ³³
779 399 952 434 σωματικῆς.

166 439 304 475 Ούδεμίαν
321 440 349 467 δὲ
365 442 414 476 τῆς
434 443 486 477 γῆς
506 442 590 478 ἄλλην
611 443 677 478 ὓλην
700 443 846 479 φερούσης,
868 445 954 478 ἀναγ-

169 486 299 518 κάζονται
318 488 386 522 πρὸς
397 488 431 515 τὰ
447 488 509 515 καθ’
530 489 637 525 ἡμέραν
658 489 689 516 τὸ
711 490 890 525 κιννάμωμον
906 491 954 517 καὶ

169 532 218 567 τὴν
236 533 352 560 κασσίαν
366 534 465 568 καίειν,
484 535 532 562 καὶ
550 535 619 571 πρὸς
634 536 683 567 τὰς
697 536 860 568 ὑπολοίπους
873 537 903 563 ὲν
914 535 953 572 τῷ

171 578 221 613 βίῳ
237 578 352 614 χρείαςο
370 579 458 611 οὕτως
476 580 576 612 ἀνίσως
590 581 624 608 τὰ
648 581 761 617 αὕτῆς³⁸
779 583 796 617 ἡ
811 583 880 617 τύχη
905 592 953 618 με-

169 623 277 659 μέρικε,
289 626 346 656 τοῖς
360 625 410 659 μὲν
421 625 519 652 σπάνιν
532 626 588 653 τῶν
603 627 765 660 σπουδαίων,
778 630 835 660 τοῖς
844 628 873 655 δὲ
884 629 953 663 πλῆ-

169 669 216 701 θος
242 669 361 697 διδοῦσα.
389 671 449 697 Τῶν
472 671 500 698 δὲ
526 671 652 700 Σαϐαίων
675 673 795 708 χρῶνται
825 675 873 701 καὶ
895 676 953 707 τοῖς

169 715 342 751 δερματίνοις
355 717 406 744 οὐκ
431 717 517 752 ὀλίγοι
541 720 673 754 πορείοις,
700 721 881 756 διδασκούσης
903 721 953 758 τὴν

170 762 264 796 χρείαν
279 762 328 797 τῆς
340 763 521 796 ἀναπώτιδος,
541 765 643 802 καίπερ
656 767 685 793 ἐν
697 768 788 803 τρυφῇ
807 776 953 802 καταγινο-

171 807 279 841 μένους.
297 807 381 834 Οὐδὲν
400 808 455 843 γὰρ
475 810 662 847 εὐπορώτερον
684 812 808 839 Σαδαίων
821 814 869 840 καὶ
887 814 954 850 Γερ-

171 851 256 886 ῥαίων
274 850 345 879 εἶναι
374 853 448 880 δοκεῖ
467 855 555 888 γένος,
581 856 838 893 ὲκτεταμιευμὲνων
852 859 907 886 πᾶν
923 859 954 886 τὺ

1007 269 1080 292 ctum
1101 265 1244 292 odoratum
1257 264 1384 296 maxime,
1398 263 1425 290 in
1440 263 1566 291 ulteriore
1583 269 1653 291 terra
1672 269 1763 290 natum
1781 271 1788 288 :

1006 310 1121 337 Arabico
1148 309 1275 337 Lar-iiuna
1311 310 1420 337 dicitur.
1456 309 1572 336 Maxima
1603 310 1672 336 inter
1694 315 1791 338 caetera

1007 355 1183 390 thymiamata
1209 354 1358 390 fragrantia
1384 355 1514 390 praeditus
1535 360 1577 383 est
1591 365 1597 370 -
1612 363 1727 390 quorum
1748 364 1794 391 ge-

1006 408 1059 428 nus
1090 400 1275 428 inﬁrmitatem
1315 401 1438 436 corporis
1476 401 1636 436 plerumque
1675 401 1787 430 vincere

1006 446 1172 480 perhibetur.
1190 447 1275 475 Porro
1295 454 1357 475 cum
1376 447 1449 475 nulla
1469 447 1557 476 solum
1579 449 1629 475 hoc
1652 448 1705 475 alia
1726 447 1795 475 l'erat

1007 491 1078 525 ligna
1091 492 1125 519 ad
1141 499 1207 519 usus
1221 493 1408 527 quotidianus,
1423 494 1625 520 cinnamomum
1637 498 1664 521 et
1673 494 1789 521 cassiam

1007 545 1096 570 urere,
1118 542 1146 565 et
1160 539 1193 565 ad
1210 544 1322 566 cmteros
1343 539 1405 566 vita}
1426 547 1493 567 usus
1515 539 1661 574 applicare,
1684 547 1795 567 necesse

1007 584 1121 612 habent.
1147 585 1235 617 Quam
1263 585 1432 620 inaequaliter
1457 585 1527 613 bona
1550 593 1599 613 sna
1622 586 1713 613 divina
1734 593 1796 613 sors

1006 630 1163 658 distribuit!
1188 631 1235 658 His
1253 638 1344 658 rerum
1371 632 1582 665 appetendarum
1607 632 1650 658 vix
1676 631 1785 666 paucita

1006 681 1060 703 tem
1076 676 1212 708 concedit,
1228 676 1282 703 illis
1310 677 1518 703 redundantiam
1535 676 1660 711 largitur.
1686 676 1796 704 Sabao-

1006 726 1068 747 rum
1098 727 1152 747 non
1175 720 1254 754 pauci
1277 721 1411 748 coriaceis
1436 725 1550 748 utuntur
1571 721 1716 754 naviculis,
1745 721 1796 747 do—

1007 770 1085 793 cente
1108 766 1180 793 hunc
1197 773 1245 793 eos
1259 774 1340 794 usum
1376 765 1482 794 reﬂuxu
1508 767 1603 800 maris,
1625 766 1751 801 quamvis
1768 766 1796 792 in

1008 810 1074 837 luxu
1087 814 1114 837 et
1132 810 1237 838 deliciis
1260 811 1394 838 viventes.
1420 810 1497 838 Nulla
1513 811 1585 838 enim
1610 810 1714 837 Sabaeis
1729 818 1794 844 optt-

1008 853 1107 881 lentior
1129 862 1189 881 esse
1204 859 1230 881 et
1260 854 1406 888 Gerrlneis,
1433 855 1574 882 hominum
1589 856 1664 882 natio
1679 854 1796 882 videtur.

170 897 270 923 πῖπτον
289 899 330 930 είς
339 899 473 940 διαφορᾶς
484 900 563 935 λόγον
580 901 635 929 ἀπὸ
650 904 701 938 τῆς
725 903 820 936 Ἀσίας
839 905 888 931 καὶ
904 906 955 940 τῆς

1008 899 1058 933 Qui
1076 900 1210 934 quidquid
1223 900 1274 927 sub
1286 900 1423 927 calculum
1450 900 1692 935 transportationis
1713 900 1796 931 cadit,

171 942 316 978 Εὐρώπης,
331 939 411 970 οὗτοι
423 944 594 981 πολύχρυσον
608 946 657 982 τὴν
666 948 838 984 Πτολεμαίου
854 939 957 986 Συρίαν

171 990 364 1023 πεποιήκασιν,
388 986 462 1017 οὗτοι
485 992 518 1027 τῇ
552 992 684 1021 Φοινίκων
722 995 852 1031 φιλεργίᾳ
890 1004 958 1022 κατ-

172 1035 340 1062 εσκευάκασι
363 1035 513 1068 λυσιτελεῖς
538 1038 684 1073 ἐμπορίας,
701 1041 749 1067 καὶ
777 1041 861 1077 μυρία
877 1041 956 1069 ἄλλα.

173 1081 251 1106 Ἐστι
263 1080 291 1107 δὲ
311 1081 471 1109 πολυτέλεια
488 1084 555 1119 παρ’
570 1084 661 1117 αὐτοῖς
678 1085 709 1112 ού
737 1086 818 1121 μόνον
829 1086 894 1123 [747
911 1087 957 1124 Η.]

172 1127 201 1152 ὲν
213 1126 365 1162 τορεύμασι
380 1126 547 1164 θαυμαστοῖς
575 1130 623 1157 καὶ
643 1131 782 1166 ποτηρίων
799 1133 956 1165 ποικιλίαις,

173 1171 213 1198 ἔτι
229 1172 259 1198 δὲ
273 1172 372 1199 κλινῶν
387 1174 434 1200 καὶ
449 1174 586 1208 τριπόδων
597 1176 735 1211 μεγέθεσι,
748 1177 796 1204 καὶ
808 1178 863 1204 τῶν
871 1178 959 1206 ἄλλων

171 1217 226 1244 τῶν
240 1217 300 1245 κατ’
315 1218 405 1245 οἰκίαν
417 1220 483 1254 παρ’
507 1221 574 1255 ἡμῖν
604 1221 801 1257 ὲκτεινομένων
824 1222 959 1258 λαμϐάνει

173 1264 224 1298 τὴν
252 1264 417 1299 ὑπερϐολὴν,
448 1266 565 1300 πολλῶν,
605 1267 644 1299 ὡς
671 1267 755 1300 ἔοικε,
782 1270 960 1305 κεκτημένων

173 1310 305 1345 χορηγίαν
322 1311 474 1347 βασιλικήν.
489 1311 589 1345 Κίονάς
603 1321 634 1339 τε
651 1313 766 1345 πολλοὺς
779 1315 871 1346 αὐτοῖς
892 1324 959 1349 φησι

173 1356 390 1384 κατεσκευάσθαι
414 1357 578 1393 ἐπιχρύσους
608 1366 639 1385 τε
665 1359 713 1386 καὶ
727 1360 875 1396 ἀργυροῦς,
891 1361 960 1396 πρὸς

172 1401 202 1428 δὲ
217 1402 266 1428 καὶ
279 1402 330 1435 τὰς
341 1403 444 1437 ὀροφὰς
457 1404 505 1431 καὶ
528 1404 613 1439 θύρας
631 1405 741 1440 φιάλαις
762 1405 961 1442 λιθοκολλήτοις

175 1447 333 1482 ἑξειλῆφθαι
344 1448 367 1465 ³⁵
383 1450 513 1483 πυκναῖς,
528 1449 660 1482 ὡσαύτως
678 1450 725 1477 καὶ
741 1451 776 1477 τὰ
795 1452 961 1486 μεσοστύλια

177 1493 244 1520 θέαν
254 1493 325 1528 ἔχειν
337 1494 473 1530 εὐπρεπῆ.
490 1495 538 1522 καὶ
552 1495 668 1523 καθόλου
683 1497 747 1528 τοὺς
772 1497 848 1533 παρὰ
862 1497 884 1513 ³⁸
907 1497 961 1525 τῶν

177 1539 265 1566 ἄλλων
290 1540 424 1573 πλούτους
446 1541 586 1569 ἐκκεῖσθαι
605 1542 656 1577 τὴν
680 1542 813 1578 διαφορὰν
826 1543 958 1580 μεγάλην.

183 1583 263 1612 mm
276 1584 364 1612 ταῦτα
382 1585 432 1621 μὲν
450 1585 503 1618 ἓως
525 1585 574 1612 τοῦ
601 1586 663 1614 καθ’
681 1588 754 1622 ἡμᾶς
776 1588 842 1623 παρ’
867 1588 960 1621 αὐτοῖς

176 1629 376 1663 ἐπαγγέλλεται
388 1631 409 1647 ³⁷
424 1631 494 1666 βίου.
515 1631 547 1658 El
564 1631 593 1658 δὲ
617 1632 655 1668 μὴ
674 1632 768 1669 πόῤῥω
789 1633 962 1670 διεστηκυϊαν

175 1675 227 1710 τὴν
240 1675 348 1710 οτκησιν
360 1678 488 1712 κατεῖχον
500 1677 555 1704 τῶν
569 1677 618 1704 ὲπλ
643 1678 734 1704 πάντα
748 1678 831 1705 τόπον
850 1679 898 1711 τὰς
914 1679 962 1706 δυ-

1008 953 1040 972 ex
1053 946 1117 972 Asia
1129 949 1157 972 et
1173 945 1292 979 Europa,
1312 945 1484 980 dispensant.
1499 945 1530 972 Hi
1548 946 1607 973 auri
1632 945 1797 972 ditissimant

1008 990 1147 1018 Ptolemaei
1178 991 1283 1026 Syriam
1308 990 1440 1018 fecerunt.
1468 991 1500 1018 Hi
1523 991 1658 1018 sedulitati
1684 991 1798 1018 thui-

1008 1042 1072 1063 cum
1112 1035 1315 1063 lucrosissimas
1342 1035 1542 1070 negotiationes
1585 1035 1727 1066 dederunt,
1768 1041 1799 1062 ut

1009 1086 1136 1109 sexcenta
1150 1081 1202 1108 alia
1215 1087 1384 1116 praeteream.
1411 1080 1524 1115 Magnos
1542 1080 1703 1115 impendunt
1722 1088 1799 1108 sum-

1008 1130 1081 1160 ptus.
1104 1132 1158 1152 non
1177 1125 1265 1152 solum
1287 1127 1314 1152 in
1337 1129 1488 1152 toreumata
1501 1145 1509 1157 ,
1529 1130 1556 1152 et
1579 1124 1735 1159 sculpturas
1750 1125 1799 1151 ad-

1009 1171 1158 1201 mirabiles,
1167 1176 1193 1198 et
1209 1170 1367 1205 poculorum
1378 1170 1547 1202 varietatem,
1557 1170 1603 1197 sed
1616 1169 1796 1204 magniﬁcen-

1009 1217 1046 1244 tia
1060 1217 1105 1244 illa
1126 1217 1207 1244 etiam
1218 1217 1244 1244 in
1256 1217 1387 1244 lectorum
1404 1222 1431 1244 et
1446 1217 1582 1252 tripodum
1593 1216 1700 1252 [meum
1717 1224 1798 1251 genus

1009 1262 1059 1298 est]
1079 1263 1258 1297 aliorumque,
1281 1270 1342 1298 qua:
1362 1262 1433 1297 apud
1464 1270 1515 1290 nos
1536 1270 1582 1292 per
1603 1263 1676 1290 aedes
1702 1268 1799 1290 exten-

997 1309 1122 1341 .duntur,
1139 1309 1325 1344 magnitudine
1340 1308 1374 1336 ad
1389 1316 1527 1337 summum
1556 1309 1670 1344 gradum
1700 1317 1798 1336 ascen-

1010 1355 1059 1382 dit.
1086 1354 1225 1390 Siquidem
1257 1355 1346 1389 multi,
1371 1359 1402 1382 ut
1423 1355 1562 1382 aestimare
1587 1361 1640 1387 est,
1673 1361 1798 1389 sumptus

1011 1400 1114 1428 faciunt
1139 1402 1238 1436 regios.
1265 1401 1325 1429 Huc
1350 1402 1465 1436 accedit,
1477 1402 1550 1436 quod
1580 1403 1716 1430 columnae
1743 1401 1799 1429 illis

1010 1447 1147 1474 deauratte
1172 1451 1199 1474 et
1221 1451 1285 1474 tota:
1312 1451 1424 1482 argento
1452 1451 1589 1480 constant,
1621 1447 1749 1483 foresque
1773 1453 1800 1476 et

1011 1492 1118 1528 fastigia
1135 1492 1278 1520 domorum
1290 1493 1391 1520 crebrae
1403 1500 1418 1521 e
1434 1493 1549 1528 gemmis
1571 1499 1598 1522 et
1614 1495 1740 1528 pretiosis
1758 1494 1799 1521 la-

1012 1539 1121 1574 pidibus
1142 1539 1240 1574 pliialae
1259 1539 1409 1574 excipiunt.
1435 1539 1621 1567 Consimiliter
1641 1541 1723 1567 etiam
1744 1548 1801 1567 me-

1014 1584 1126 1620 sostylia
1149 1584 1187 1619 (in
1215 1585 1312 1612 mediis
1338 1585 1442 1612 aedibus
1471 1585 1616 1620 columnae)
1643 1586 1801 1613 decentissi-

1016 1638 1086 1658 mam
1103 1631 1222 1666 praebent
1239 1631 1281 1658 sui
1301 1630 1707 1666 contemplationem.Quodque
1721 1636 1802 1666 caput

1015 1678 1066 1710 rei,
1095 1677 1228 1713 quidquid
1250 1677 1321 1713 apud
1338 1677 1408 1705 alios
1439 1677 1599 1705 divitiarum
1616 1681 1667 1709 est,
1684 1678 1710 1704 id
1721 1684 1803 1704 omne

177 1719 275 1754 νάμεις
300 1721 472 1756 στρεφόντων
484 1720 518 1752 ⁸⁸,
535 1721 672 1755 οἰκονόμοι
694 1722 750 1748 τῶν
769 1722 917 1758 ἀλλοτρίων
930 1723 956 1750 ἂι

1018 1724 1060 1751 hic
1082 1731 1180 1758 magna
1198 1723 1330 1751 varietate
1350 1723 1504 1758 expositum
1531 1729 1582 1751 est.
1607 1723 1641 1750 At
1663 1724 1803 1750 enimvero

177 1765 302 1801 ὑπῆρχον
322 1766 348 1792 cl.
361 1766 453 1802 κύριοι
465 1766 520 1793 τῶν
537 1766 610 1794 ἰδίων
631 1767 732 1799 ἄθλων,
758 1767 809 1802 τῆς
824 1768 956 1804 ῥᾳθυμίας

1017 1769 1076 1797 haec
1091 1769 1123 1796 ad
1145 1774 1264 1796 nostram
1287 1777 1374 1803 usque
1392 1773 1500 1796 aetatem
1527 1768 1626 1804 559b
1645 1768 1678 1796 de
1694 1768 1747 1796 illis
1765 1768 1802 1795 ita

178 1811 365 1847 ἀδυνατούσης
378 1812 407 1838 τὸ
421 1812 565 1849 ἐλεύθερον
587 1812 673 1839 πλείω
690 1813 786 1848 χρόνον
808 1813 956 1850 διατηρεῖν.

1011 1815 1202 1850 praedicantur.
1215 1814 1270 1841 Nisi
1283 1821 1349 1841 vero
1363 1815 1442 1849 longe
1458 1814 1601 1842 submotus
1613 1814 1743 1840 haberent
1761 1820 1805 1840 se-

180 1859 230 1887 des
245 1860 279 1887 ab
293 1860 336 1887 his
354 1860 401 1896 qui
415 1860 448 1887 ad
466 1867 574 1888 omnem
596 1860 653 1888 fere
668 1861 757 1888 locum
792 1862 884 1896 copias
915 1863 1002 1895 alunt,
1023 1863 1172 1890 alienarum
1204 1866 1346 1889 curatores
1369 1868 1449 1896 opum
1475 1861 1576 1894 forent,
1600 1860 1645 1894 qui
1678 1867 1750 1886 nunc
1776 1859 1805 1886 in

180 1913 231 1933 sua
257 1907 335 1940 quasi
355 1906 467 1940 praemia
510 1906 660 1934 dominium
699 1907 827 1941 retinent,
856 1908 990 1944 siquidem
1021 1908 1126 1944 ignavia
1159 1908 1310 1935 libertatem
1355 1906 1388 1934 ad
1427 1906 1559 1939 prolixius
1611 1905 1674 1932 inde
1699 1910 1805 1939 tempus

180 1958 344 1978 conservare
361 1952 466 1986 nequit.

217 1998 297 2032 Παρά
310 1996 338 2023 δὲ
353 1996 402 2032 τὴν
417 1997 511 2032 χώραν
527 1997 631 2032 ταύτην
643 1998 662 2033 ἡ
681 1998 731 2033 μὲν
744 1998 865 2025 θάλαττα
879 1998 956 2025 λευκῦ

1053 1998 1117 2025 CAP.
1141 1995 1183 2023 LI.
1206 1995 1245 2022 De
1259 1995 1402 2030 fortunati:
1424 1995 1531 2022 Arabiae
1558 1994 1670 2025 insulis,
1685 1993 1806 2021 etmira-

180 2043 320 2078 φαίνεται,
337 2041 451 2077 ποταμῷ
475 2043 609 2079 ἐμφερὴς,
634 2043 705 2070 ὥστε
724 2043 954 2079 παραπλήττεσθα

1019 2044 1066 2071 bili
1089 2043 1147 2070 caeli
1171 2043 1285 2070 ratione.
1303 2057 1338 2062 —-
1353 2042 1455 2069 Praeter
1470 2041 1542 2068 hanc
1567 2041 1702 2075 regionem
1732 2047 1806 2066 mare

180 2089 229 2116 τοῦ
246 2088 391 2124 γινομένου
405 2089 455 2124 τὴν
470 2088 571 2122 αἰτίαν,
586 2089 664 2125 νῆσοι
687 2089 716 2116 δὲ
740 2090 899 2124 εὐδαίμονες
913 2099 956 2117 πα-

1019 2090 1186 2124 conspicilur
1200 2089 1291 2116 album
1305 2089 1338 2115 ad
1353 2088 1426 2114 ﬂuvii
1450 2087 1578 2122 speciem,
1595 2086 1633 2113 ita
1653 2091 1681 2112 ut
1694 2085 1806 2112 eﬂ'ectus

183 2136 336 2171 ράκεινται,
347 2135 376 2161 ὲν
392 2131 436 2166 αἶς
451 2134 611 2170 βοσκήματα
625 2135 712 2162 λευκὰ
726 2137 775 2170 μέν
793 2136 851 2162 ἐστι
865 2136 955 2163 πάντα

1020 2136 1102 2170 hujus
1124 2142 1234 2163 causam
1261 2134 1323 2168 quis
1346 2141 1400 2160 non
1422 2133 1482 2161 sine
1506 2138 1617 2167 stupore
1646 2130 1805 2158 demirelur.

181 2181 272 2208 οὐδενὶ
282 2180 311 2207 δὲ
323 2180 378 2207 τῶν
396 2180 510 2214 θηλειῶν
521 2181 667 2215 ἐπιφύεται
681 2180 775 2216 κέρας.
798 2181 842 2208 Ἐν
854 2182 956 2209 ταύταις

1019 2182 1161 2216 Adjunctae
1182 2184 1273 2208 autem
1290 2184 1354 2208 sunt
1374 2179 1470 2207 insula:
1492 2178 1648 2209 fortunatae,
1664 2177 1691 2203 in
1705 2176 1807 2210 quibus

182 2229 245 2258 ταῖς
269 2227 362 2262 νήσοις
390 2227 453 2254 ἰδεῖν
478 2226 552 2254 ἔστιν
575 2227 712 2263 ὁρμούσας
736 2227 891 2262 ἐμπορικὰς
913 2227 956 2254 τῶι

1020 2228 1100 2255 niveo
1113 2231 1188 2256 .sunt
1217 2227 1308 2254 colore
1332 2233 1428 2261 pecora
1452 2224 1591 2256 universa,
1605 2230 1654 2250 nec
1667 2222 1713 2249 ulli
1729 2222 1792 2249 femi

183 2273 354 2308 προσχώρων
369 2272 489 2308 σχεδίας,
510 2272 642 2305 πλείστας
657 2273 705 2307 μὲν
730 2273 833 2300 ἐκεῖθεν
852 2271 883 2301 οὒ
902 2282 955 2300 κατ

1021 2281 1117 2301 narum
1131 2281 1216 2301 cornu
1243 2272 1411 2300 adnascitur.
1426 2271 1454 2298 ln
1466 2271 1507 2298 his
1523 2269 1700 2297 mercatorias
1724 2276 1805 2296 acco-

183 2320 319 2353 εστήσατο
342 2319 418 2354 παρὰ
436 2318 482 2345 τὸν
512 2318 591 2345 Ἰνδὸν
611 2319 734 2354 ποταμὸν
752 2319 767 2345 ὸ
796 2319 954 2355 Ἀλέξανδρο

1022 2319 1109 2347 larum
1141 2326 1224 2346 naves
1247 2318 1389 2347 stationem
1417 2317 1517 2344 habere
1536 2316 1638 2348 videas,
1663 2315 1808 2349 plerasque

183 2363 369 2398 ναύσταθμον,
383 2363 465 2400 [1376
482 2362 529 2401 IL]
546 2364 597 2392 οὑκ
612 2364 705 2398 ὀλίγας
721 2365 750 2392 δὲ
767 2365 821 2392 ἀπὸ
834 2366 885 2400 τῆς
898 2366 954 2400 Περ

1023 2365 1086 2392 inde
1100 2364 1246 2400 profectas,
1263 2364 1306 2391 ubi
1318 2365 1393 2399 juxta
1409 2363 1502 2390 Indum
1519 2369 1626 2389 amnem
1640 2360 1737 2388 navale
1767 2361 1809 2387 in-

185 2409 259 2441 σίδος
270 2410 318 2436 καὶ
329 2410 492 2446 Καρμανίας
507 2410 556 2437 καὶ
567 2411 617 2445 τῆς
632 2410 765 2445 σύνεγγυς
778 2412 879 2447 πάσης.
891 2411 956 2438 Ἔστ

1023 2410 1112 2438 stituit
1134 2409 1287 2437 Alexander
1301 2417 1308 2435 :
1323 2416 1373 2436 nec
1389 2416 1488 2442 paucas
1502 2415 1518 2436 e
1532 2407 1642 2435 Perside
1656 2411 1683 2434 et
1695 2405 1810 2433 Carma-

183 2454 215 2481 δὲ
241 2454 332 2486 αὐτοῖς
367 2456 415 2482 καὶ
445 2456 480 2482 τά
502 2456 574 2483 κατὰ
599 2457 646 2483 τὸν
670 2456 785 2492 οὐρανὸν
811 2457 955 2492 θαυμασίω

1024 2456 1081 2488 nia,
1099 2461 1127 2483 et
1143 2461 1198 2483 tota
1215 2455 1371 2483 continente
1385 2454 1511 2482 ﬁnitima.

184 2501 282 2535 ἔχοντα
292 2509 300 2516 ο
317 2497 355 2527 ὧν
374 2502 433 2527 ἐστι
450 2502 497 2528 καὶ
513 2502 544 2528 τὸ
559 2502 623 2536 περὶ
635 2501 685 2537 τὴν
694 2501 796 2536 ἄρκτον
813 2502 956 2537 συμϐαῖνον

1061 2502 1188 2530 (Σωιθεῑίο
1216 2501 1298 2528 etiam
1316 2500 1369 2528 illis
1383 2500 1542 2527 mirabiliter
1558 2506 1588 2526 se
1601 2498 1710 2525 habent.
1735 2496 1809 2524 Inter

192 2544 261 2573 Ἀπὸ
285 2547 340 2582 γὰρ
365 2547 617 2583 μαιμακτηριῶνος,
641 2547 671 2579 ὃς
697 2547 794 2581 ἄγεται
814 2547 889 2583 παρὰ
915 2548 956 2574 τοί

1025 2555 1087 2582 quae
1105 2546 1231 2582 estquod
1255 2546 1329 2574 circa
1350 2553 1442 2573 ursam
1464 2545 1606 2580 contingit.
1630 2544 1696 2572 Nam
1712 2553 1726 2571 a
1744 2545 1808 2571 Mte-

193 2591 358 2627 Ἀθηναιοις,
372 2592 460 2624 οὐδεὶς
477 2592 565 2628 ἀστὴρ
579 2592 635 2619 τῶν
654 2591 724 2619 emat
738 2592 867 2627 φαίνεται
889 2593 956 2629 μέχρ

1025 2593 1190 2622 macterione
1213 2592 1283 2628 [cum
1307 2592 1452 2627 Septembri
1474 2592 1516 2619 Iu'c
1530 2600 1561 2619 ea:
1575 2596 1649 2626 parte
1675 2590 1806 2626 congruit]

186 2637 313 2672 φυλακῆς
324 2637 448 2673 πρώτης,
464 2638 493 2664 ἐν
507 2638 536 2665 δὲ
552 2637 716 2666 Ποσειδεῶνι
733 2637 815 2674 μέχρι
829 2638 956 2674 δευτέρας

1026 2647 1118 2667 mense
1136 2639 1356 2672 Atheniensium,
1380 2638 1454 2666 nulla
1469 2639 1502 2666 de
1517 2642 1618 2674 septem
1642 2639 1703 2673 ejus
1725 2637 1809 2664 stellis

823 2724 942 2753 VARle
962 2724 1165 2754 LECTIONES.

226 2787 250 2802 "
263 2786 291 2822 ξε
305 2793 361 2814 om.
374 2785 405 2813 Β.
446 2786 467 2802 ³¹
483 2786 578 2822 ἔχοντα
593 2785 618 2812 Α
631 2792 639 2812 ι
655 2784 725 2820 ἔχων
739 2793 770 2822 ς.
803 2784 833 2822 _“
845 2785 875 2811 ὃν
891 2783 911 2810 Β
923 2781 988 2822 id}!
1006 2793 1044 2822 g1
1053 2784 1146 2822 γᾷνούς
1159 2785 1185 2822 _B
1197 2790 1225 2822 et
1237 2793 1310 2822 corr.
1327 2785 1372 2822 A_‘:
1387 2784 1463 2822 γένος
1478 2793 1513 2822 ς,
1548 2784 1569 2800 ³³
1582 2782 1620 2822 ὡς
1634 2782 1680 2822 ὲιπὶ
1696 2781 1727 2822 to
1741 2781 1808 2822 πολύ

189 2829 246 2849 om.
265 2820 294 2848 Β.
333 2821 356 2837 ⁸⁸
370 2821 410 2857 τὰ,
419 2816 536 2856 aia-r7163
553 2824 581 2857 et
592 2816 705 2857 corr.'}t_
712 2829 721 2847 :
737 2816 836 2857 ᾐυτῇς
852 2828 882 2851 ς.
898 2819 944 2857 “f‘
958 2816 1327 2857 €55tlﬁé0¢t_ltiiottollﬁtotq
1342 2819 1371 2846 Β.
1392 2816 1398 2820 ⁷
1411 2820 1432 2836 "
1446 2820 1520 2854 ποιρὰ
1538 2833 1573 2838 -
1585 2816 1730 2851 πλούτουςι
1743 2816 1809 2852 παρ’

189 2856 282 2884 αὑτῶν
306 2857 363 2887 τοῖς
379 2856 432 2884 τῶν
446 2853 534 2884 ἄλλων
551 2855 675 2887 πλούτοις
687 2854 718 2883 Β.
761 2855 784 2872 ⁸⁷
796 2853 999 2889 ἀπαγγέλλεται
1012 2853 1066 2891 mg.
1105 2855 1127 2872 ³⁸
1138 2855 1198 2882 libri
1212 2853 1375 2891 τρεξρόντων.
