1945 3073
154 157 188 190 73
716 164 966 198 BIBLIOTHECA
973 190 980 198 .
990 180 1025 186 —
1040 166 1122 198 COD.
1143 168 1222 199 CCL.
1749 171 1784 201 74

153 212 330 249 γινομένης⁸¹
349 214 378 240 ὲν
395 215 428 250 τῇ
449 215 601 254 ﬂuidam“
623 216 705 257 [i577
718 220 765 256 R.]
783 222 872 249 πάντα
893 222 934 249 τὸν

992 222 1113 258 marique
1142 223 1231 250 undas
1261 222 1437 255 resorbenle,
1469 223 1543 251 omni
1578 228 1702 260 tempore
1734 227 1784 254 llo-

152 260 248 295 χρόνον
260 260 413 289 θάλλουσιν.
430 262 509 289 Ἔστι
519 263 551 289 δέ
565 273 591 290 τι
607 265 741 301 φυόμενον
753 268 846 296 αὐτόθι
870 271 942 298 κατὰ

154 305 234 340 βάθος
242 306 270 332 ὲν
278 307 337 338 ταῖς
346 307 465 341 ῥαχίαις,
476 309 588 345 μελαίνῃ
596 310 620 326 ⁸⁸
628 311 726 347 σχοίνῳ
737 322 776 339 πα
780 314 940 351 ραπλήσιον,

152 350 166 376 ὃ
178 358 258 383 φασιν
270 351 294 377 οἱ
305 351 394 382 saetas
404 354 596 387 κατοικοῦντες
607 355 705 388 Ἴσιδος
717 356 787 385 εἶναι
799 361 938 396 τρίχωμα,

153 395 270 432 μυοὼδει
291 397 432 433 πλάσματι
464 400 557 427 πίστιν
583 403 667 439 εὐήθη
694 395 865 441 περιτιθέναι
890 395 941 443 ζη-

150 443 269 476 τοῦντες.
288 445 448 481 Συμϐέϐηκε
461 446 483 474 δ’
496 447 572 483 αὐτῷ
583 452 745 488 τυπτομένῳ
763 453 814 488 μὲν
825 454 879 481 ὑπὸ
891 455 939 482 τοῦ

150 489 273 525 κύματος
289 491 465 526 κάμπτεσθαι
485 495 637 531 πολλαχῶς,
653 497 761 534 ἁπαλῆς
780 500 867 536 οὔσης
888 501 939 537 τῆς

150 535 214 571 ὅλης
223 538 355 573 περιοχῆς
371 540 420 566 καὶ
437 542 494 572 τοῖς
505 541 596 574 ἄλλοις
608 545 802 580 παραπλησίας
826 535 936 582 φυτυϊέ-

150 581 185 608 ἂν
199 582 227 609 δέ
237 592 278 615 τις
286 584 430 620 ἀποκὸψας
446 587 488 619 εἰς
497 588 544 615 τὸν
557 587 692 625 ὕπαιθρον
702 591 828 630 ἀναφήνῃ
842 593 938 627 τόπον,

151 627 261 663 σιδήρου
277 631 454 666 παραχρῆμα
472 632 577 666 γίνεται
593 634 624 662 τὸ
637 634 804 673 διῃρημένον
813 627 938 674 ’σκληρό-

149 681 238 708 τερον.

328 734 399 769 Περὶ
409 735 550 771 Αἰθίοπος
575 739 629 767 τοῦ
645 741 758 775 ἰχθύος.

192 787 254 815 Ὀτι
271 788 319 815 καὶ
340 789 416 817 ἄλλοι
443 792 493 827 μὲν
519 793 623 827 πολλοὶ,
637 797 730 832 φησὶν,
759 799 850 834 ἰχθύες
874 801 938 837 περὶ

148 832 213 864 τοὺς
229 836 447 871 προειρημένους
462 838 600 868 τίκτονται
611 843 722 877 τόπους,
738 832 937 882 παρηλλαγμέ-

993 272 1064 295 rent.
1077 268 1213 296 'Nascitur
1234 268 1278 296 hic
1298 270 1438 304 quidpiam
1456 269 1634 299 inlittoribus
1649 271 1783 306 profundo

992 321 1021 341 se
1042 314 1210 348 demittens,
1228 315 1313 350 junco
1342 317 1420 350 nigro
1447 324 1500 343 non
1528 316 1677 350 dissimile,
1708 320 1783 354 quod

992 362 1071 390 Isidis
1087 363 1213 398 capillum
1227 368 1324 390 vocant
1341 363 1446 395 incolm,
1473 363 1599 392 fabuloso
1627 370 1784 393 commento

991 407 1143 442 simplicem
1165 413 1288 437 astruere
1305 409 1384 436 [idem
1394 409 1495 436 conati.
1529 409 1598 437 Hinc
1619 411 1729 443 accidit,
1753 417 1785 440 ut

991 453 1139 488 impulsum
1156 462 1171 481 a
1184 454 1274 483 fructu
1289 456 1370 483 variis
1385 456 1501 490 agitetur
1520 456 1645 490 ﬂexibus,
1663 465 1726 485 cum
1741 462 1784 487 to-

991 505 1018 528 ta
1032 501 1090 536 ejus
1103 502 1256 530 substantia
1273 503 1309 531 sit
1322 503 1425 536 mollis,
1437 503 1599 539 cauet-isque
1612 504 1638 531 in
1661 505 1712 533 hoc
1734 513 1784 541 ge-

990 554 1055 575 nere
1067 548 1191 583 virgultis
1208 551 1380 585 respondeat.
1396 552 1430 579 At
1445 551 1468 579 si
1484 552 1546 586 quis
1563 554 1688 583 avulsum
1700 554 1727 581 in
1742 553 1785 581 lu-

990 600 1048 620 cem
1063 594 1157 621 eii‘erat
1181 595 1344 629 subdialem,
1371 605 1434 632 pars
1456 599 1501 627 illa
1528 601 1631 633 ablata,
1654 601 1785 629 continuo

989 639 1141 675 rigescens,
1161 641 1256 669 durior
1267 642 1342 671 l‘erro
1353 645 1453 673 evadit.

1171 738 1238 766 CAP.
1252 739 1321 768 LIV.
1336 741 1506 779 De/Ethiope
1516 744 1595 779 pisce.

1025 793 1116 828 Locis,
1140 804 1201 831 quze
1230 798 1368 831 recensui,
1388 806 1452 826 cum
1475 800 1522 828 alii
1534 801 1624 836 multi,
1649 803 1781 840 varioque

989 837 1094 868 naturae
1114 840 1273 870 discrimine
1302 843 1392 878 pisces
1408 851 1570 880 nascuntur,
1594 852 1651 875 tum
1670 849 1782 884 quidam

148 888 197 915 νην
211 879 319 915 ἔχοντες
333 882 382 918 τὴν
396 883 488 919 φύσιν,
504 885 611 920 γίνεται
630 889 658 916 δέ.
687 899 730 922 τις
752 879 828 926 ἰχθύς
851 879 934 929 ὑπερ-

992 885 1103 913 oii'ertur
1115 887 1261 916 immodice
1276 889 1364 925 niger,
1380 891 1414 918 ad
1427 893 1643 927 magnitudinem
1658 895 1721 929 viri,
1735 897 1781 924 cui

149 924 300 958 ϐαλλόντως
313 928 409 964 μέλας,
423 930 519 967 ἀνδρὸς
536 932 606 968 ἔχων
621 935 746 970 μέγεθος,
761 924 796 964 ’δν
811 924 940 967 καλοῦσιν

147 971 264 999 Αἰθίοπα
280 973 324 1000 διὰ
340 974 371 1001 τὸ
395 976 442 1002 καὶ
462 977 510 1004 τοῦ
523 979 671 1013 προσώπου
703 983 785 1018 σιμὸν
806 984 880 1020 ἔχειν
892 987 940 1014 τὸν

147 1016 242 1045 τύπον.
260 1019 361 1046 Τοῦτον
370 1019 393 1036 ⁸⁸
406 1023 467 1048 κατ’
483 1024 571 1059 ἀρχὰς
589 1026 640 1058 μὲν
651 1027 675 1054 οι
689 1016 872 1064 θηρεύσαντες
894 1032 940 1060 διὰ

147 1064 197 1100 τὴν
217 1065 366 1102 ὁμοιότητα
391 1068 454 1095 οὔτε
471 1070 571 1098 πωλεῖν
589 1071 684 1107 ἠξίουν
705 1074 766 1102 οὔτε
791 1078 938 1106 καταναλί-

147 1118 235 1143 σκειν,
249 1112 297 1139 τοῦ
308 1113 335 1139 δὲ
344 1114 442 1149 χρόνου
457 1117 598 1152 προϊόντος
611 1119 648 1154 ἀμ
654 1119 756 1157 φότερα
772 1123 940 1158 πράττοντες

146 1155 223 1182 οὐδὲν
236 1156 451 1193 ἁμαρτάνουσιν.

182 1201 223 1228 Τὰ
239 1202 289 1237 μὲν
304 1203 350 1230 οὖν
362 1204 433 1240 ὑπὲρ
446 1206 501 1233 τῶν
514 1206 601 1234 ἐθνῶν
613 1209 668 1236 τῶν
685 1211 856 1248 ἐκκειμένων
868 1216 937 1250 πρὸς

149 1248 333 1284 μεσημϐρίαν,
350 1251 387 1282 ὡς
401 1249 436 1287 ἦν
447 1252 490 1287 ἐφ’
515 1254 592 1290 ἡμῖν,
608 1256 637 1287 ἐν
664 1256 685 1284 ε’
703 1258 818 1294 βιϐλίοις
837 1248 937 1297 ἐπιμε-

146 1292 410 1331 λῶςιστορήκαμεν-
436 1298 505 1335 ὖπὲρ
518 1300 547 1327 δὲ
570 1302 626 1328 τῶν
649 1303 678 1330 ἐν
700 1292 774 1340 io"
800 1306 863 1342 [749
887 1292 936 1346 ιι]

149 1339 269 1374 πελάγει
280 1342 370 1377 νήσων
383 1342 497 1380 ὕστερον
507 1339 733 1384 τεθεωρημένωνξ
745 1352 793 1379 καὶ
800 1339 860 1381 τῶν
872 1339 937 1389 ἑξῆς

146 1384 245 1418 ὲθνῶν,
270 1388 318 1414 καὶ
332 1389 387 1416 τῶν
399 1391 507 1419 εὐωδῶν
517 1394 568 1420 ὅσα
598 1395 691 1431 φέρειν
714 1398 859 1434 συμϐαίνει

145 1433 329 1467 τρωγλοδῧτιν
354 1436 459 1472 χώραν.
489 1439 570 1474 ἡμεῖς
597 1442 678 1476 μὲν⁸⁸
701 1433 935 1483 παραιτησάμενοι

152 1477 204 1514 τὴν
219 1479 348 1516 ἐξήγησιν
367 1483 453 1519 ἄρδην
467 1485 700 1524 ἀπολελοεπαμεν,
715 1477 777 1518 οὔτε
793 1477 839 1521 τδν
855 1477 936 1522 πόνον

145 1524 200 1559 τῆς
212 1525 320 1561 ἡλικίας
339 1529 442 1564 ὁμοίως
467 1531 616 1569 ὑποφέρειν
640 1535 803 1574 δυναμένης,
827 1541 934 1569 πολλῶν

992 929 1131 966 ιΕιΙιίορίε
1161 940 1260 961 nomen
1283 933 1437 969 imponunt,
1462 939 1535 972 quod
1549 939 1646 967 simam
1663 941 1782 977 imagine

992 983 1043 1004 sua
1071 975 1171 1004 faciem
1200 978 1335 1008 imitatur.
1365 980 1422 1009 Hoc
1446 988 1599 1011 monstrum
1627 985 1782 1020 piscatores

991 1020 1080 1054 initio,
1108 1027 1220 1058 propter
1251 1025 1470 1060 similitudinem,
1512 1036 1562 1057 nec
1596 1031 1780 1066 vendendum,

990 1066 1088 1103 ἀ,θοὺ
1117 1076 1167 1096 nec
1191 1069 1218 1096 in
1233 1070 1296 1097 cibo
1311 1071 1510 1101 absumendum
1529 1075 1701 1110 judicabant.
1728 1077 1782 1107 Sed

991 1111 1123 1147 temporis
1154 1121 1303 1151 progressu
1339 1121 1486 1154 utrumque
1523 1120 1681 1150 iactitantes
1713 1124 1782 1152 nihil

991 1163 1115 1192 peccant.

1024 1203 1090 1232 CAP.
1119 1203 1174 1232 LV.
1208 1206 1354 1243 Epilogus,
1388 1218 1440 1245 quo
1476 1212 1606 1248 reliquam
1641 1215 1783 1244 historiam

989 1249 1024 1276 ad
1037 1249 1104 1277 alios
1119 1253 1239 1280 remittit.
1258 1270 1291 1275 —
1306 1253 1365 1282 Jam
1378 1264 1441 1291 qua:
1454 1260 1644 1289 memorabilia
1669 1267 1734 1290 sunt
1748 1263 1782 1292 de

989 1295 1116 1329 gentibus
1147 1297 1180 1324 ad
1207 1299 1349 1327 meridiem
1378 1302 1526 1337 submotis,
1560 1312 1612 1340 pro
1650 1306 1782 1337 facultate

990 1345 1096 1374 nastra,
1124 1343 1248 1378 quinque
1276 1345 1354 1374 libris
1390 1354 1518 1378 accurate
1550 1356 1615 1380 sunt
1640 1355 1778 1390 exposita.

987 1386 1092 1416 Caetera
1105 1389 1138 1416 de
1154 1389 1253 1418 insulis
1271 1391 1298 1418 in
1315 1393 1411 1429 pelago
1429 1396 1519 1424 serius
1543 1399 1660 1433 repertis
1683 1406 1711 1429 et
1734 1409 1782 1430 co-

988 1433 1084 1466 gnitis,
1101 1436 1267 1471 populisque
1280 1438 1469 1474 ulterioribus,
1488 1446 1516 1470 et
1532 1445 1617 1480 gratis
1633 1447 1778 1481 odoribus.

988 1484 1059 1512 quos
1075 1478 1238 1517 Troglodyta
1262 1483 1319 1511 edit
1338 1486 1499 1520 provincia,
1516 1478 1781 1523 commemoratione

987 1524 1122 1557 abdicata,
1132 1530 1252 1555 attexere
1264 1530 1377 1558 omnino
1389 1534 1612 1567 supersedemus.
1624 1537 1691 1565 Cum
1713 1544 1782 1569 tetas

145 1571 214 1606 ἡμῖν
229 1571 299 1608 ὑπὲρ
313 1582 343 1600 τε
354 1575 404 1610 τῆς
421 1567 618 1614 Εὐρώπης-καὶ
643 1582 693 1616 τῆς
709 1567 816 1617 ’Ἀσιας
834 1567 934 1623 ἀναγεζ

992 1567 1108 1597 laborem
1124 1572 1238 1606 perinde
1252 1574 1367 1604 suii‘erre
1384 1584 1512 1613 nequeat,
1525 1581 1667 1617 multaque
1676 1584 1710 1612 de
1722 1584 1781 1613 Eu-

144 1620 323 1654 γραμμὲνων,
337 1621 399 1649 οὔτε
426 1624 482 1651 τῶν
503 1625 708 1664 ὑπομνημάτων
735 1631 779 1658 διὰ
800 1633 850 1665 τὰς
875 1620 936 1663 κατ’

145 1664 283 1699 Αἴγυπτον
300 1668 465 1702 ἀποστάσεις
478 1672 580 1708 ἀκριϐῆ
597 1676 800 1711 παραδιδόντων
816 1664 914 1716 σκέψιν
926 1690 934 1698 ο

143 1711 160 1738 ὁ
178 1711 206 1738 δὲ
228 1714 343 1746 καὶτοῖς
365 1718 436 1744 κατὰ
452 1718 536 1755 μέρος
550 1722 710 1758 πράγμασιν
724 1711 889 1762 ἐντετευχὼς
899 1728 934 1761 ⁸⁸,

143 1758 194 1785 καὶ
219 1758 310 1794 λόγοις
334 1767 591 1800 κατεσκευασμένος
616 1769 738 1805 ἱστορίας
762 1758 859 1805 ἀξίοις,
880 1758 933 1802 καί

144 1803 309 1839 προαίρεσιν
327 1807 397 1842 ἔχων
423 1808 577 1847 δυναμένην
599 1803 682 1846 δόξαν
695 1816 770 1852 πόνῳ
793 1803 931 1854 θηρεύειν,

141 1848 195 1876 οὐκ
207 1850 348 1885 ἀφέξεται.

364 1918 517 1955 Ἀρῤιανοῦ
531 1924 720 1962 σύγγραμμα.

182 1972 243 2000 ὀτι
271 1974 425 2011 ’Λρριανδς,
454 1980 523 2016 Περὶ
544 1984 673 2018 κομητῶν
702 1986 811 2020 φύσεώς
831 1999 863 2017 τε
885 1993 934 2019 καὶ

143 2020 302 2053 συστάσεως
315 2023 363 2049 καὶ
377 2026 529 2060 φασμάτων
545 2028 710 2066 βιϐλιδάριον
730 2034 849 2069 γράψας,
867 2038 932 2065 πολ-

141 2063 385 2103 λοίς’ἁγωνίσμασι
402 2072 531 2105 πειρᾶται
547 2063 686 2103 δεικνύναι
701 2063 848 2115 δτῖμῆδιῖ
863 2063 933 2118 μήτε

140 2110 196 2137 τῶν
210 2112 322 2145 ἀγαθῶν
336 2116 406 2151 μήτε
418 2117 474 2144 τῶν
487 2119 598 2153 φαύλων
613 2122 649 2149 τὰ
663 2124 776 2152 τοιαῦτα
801 2127 933 2164 φάσματα

140 2157 389 2194 ἁποσημαίνουσιν.

989 1622 1056 1650 ropa
1070 1620 1097 1644 et
1116 1617 1181 1645 Asia
1196 1626 1211 1645 a
1229 1620 1309 1648 nobis
1325 1622 1381 1650 sint
1395 1623 1494 1652 litteris
1508 1627 1625 1661 prodita,
1643 1637 1693 1657 nec
1705 1638 1781 1658 com-

988 1662 1127 1696 mentarii,
1143 1670 1255 1701 propter
1270 1666 1462 1704 Egyptiorum
1477 1671 1656 1708 defectiones,
1673 1676 1780 1711 disqui-

988 1706 1117 1735 sitionem
1136 1715 1259 1738 exactam
1276 1713 1395 1741 tradant.
1409 1714 1460 1748 Qui
1476 1724 1540 1744 vero
1554 1722 1581 1745 et
1592 1706 1778 1754 particula-tim

987 1752 1070 1780 rebus
1082 1754 1248 1789 interfuerit,
1264 1763 1292 1785 et
1316 1759 1407 1789 verbis
1423 1762 1536 1790 historia
1556 1764 1645 1800 dignis
1673 1766 1778 1796 instru-

986 1803 1048 1827 ctus
1058 1801 1178 1829 studium
1192 1803 1329 1838 adhibeat,
1346 1806 1441 1842 gloriae
1456 1816 1504 1844 per
1515 1809 1636 1839 laborem
1648 1815 1779 1845 venando:

985 1850 1035 1878 par
1058 1850 1085 1872 et
1111 1846 1261 1882 suﬂiciens,
1280 1849 1315 1876 ab
1341 1850 1395 1879 hoc
1417 1859 1447 1878 se
1472 1855 1582 1888 negotio
1605 1863 1660 1884 non
1688 1857 1778 1886 absti-

985 1885 1070 1914 nebit.

1223 1947 1351 1976 Art/tiani
1370 1952 1535 1986 opusculum.

1016 2003 1171 2032 Arrhianus
1183 2025 1190 2038 ,
1210 2005 1238 2033 in
1260 2005 1354 2035 libello
1370 2008 1410 2036 De
1435 2016 1598 2040 cometarum
1617 2019 1724 2048 natura,
1749 2022 1775 2044 et

982 2050 1170 2078 constitutione
1189 2057 1374 2088 meteorarum,
1402 2056 1482 2084 enixe
1497 2063 1614 2087 conatur
1629 2062 1774 2091 ostendere

985 2095 1058 2123 haud
1076 2097 1226 2132 quidquam
1244 2106 1341 2126 eorum
1359 2108 1420 2135 quae
1435 2101 1506 2129 bona
1529 2111 1579 2138 per
1592 2112 1622 2133 se
1638 2110 1686 2134 aut
1703 2109 1774 2136 mala

982 2147 1050 2170 sunt
1067 2143 1224 2179 huiusmodi
1240 2147 1460 2182 apparitionibus
1478 2150 1613 2184 portendi.

593 2246 635 2274 Ea:
650 2249 859 2289 Agat/mrtltide,
879 2259 951 2292 apud
963 2255 1132 2297 Athenaeum,
1150 2264 1218 2293 libro
1231 2272 1315 2296 sexto.

175 2303 394 2340 Agatharchides
419 2309 515 2338 scribit
538 2318 554 2339 e
574 2312 710 2344 Dardanis
736 2319 856 2354 aliquem
882 2330 979 2353 servos
1002 2327 1060 2354 mill

139 2355 241 2376 eorum
255 2358 480 2388 unumquemque
494 2355 570 2390 pacis
586 2361 712 2394 tempore
725 2369 822 2395 agrum
838 2367 929 2396 colore
942 2378 949 2396 :
967 2370 1031 2399 belli
1046 2380 1062 2400 ν

138 2400 203 2421 esse
217 2394 356 2423 dominos.

1064 2335 1079 2356 e
1101 2331 1277 2366 possedisse,
1304 2335 1450 2368 quemdam
1476 2337 1559 2366 etiam
1589 2339 1680 2375 plures
1706 2351 1714 2370 :
1741 2351 1775 2372 ac

1064 2380 1124 2407 ero,
1139 2375 1245 2403 militiae
1260 2384 1360 2406 nomen
1375 2379 1451 2414 dare,
1467 2388 1590 2418 suosque
1610 2385 1665 2413 illis
1687 2386 1773 2416 duces

725 2475 803 2510 Apud
814 2479 946 2515 eumdem,
959 2482 1028 2511 libro
1043 2487 1165 2520 septimo.

173 2531 395 2584 Agatharchides
427 2537 510 2565 tradit
525 2539 635 2569 Bmotos
650 2545 784 2579 anguillas
797 2547 918 2584 C0paida

135 2581 308 2610 aspersaque
322 2578 393 2606 mola
414 2587 476 2608 cum
493 2584 629 2618 precibus,
647 2578 700 2616 diis
717 2578 860 2620 immolare
875 2602 881 2620 :

921 2559 934 2579 s
961 2552 1099 2582 inusitata:
1119 2556 1319 2591 magnitudinis
1339 2559 1492 2590 hostiarum
1518 2565 1599 2593 modo
1622 2574 1770 2603 coronare,

905 2602 939 2622 ac
964 2604 1025 2624 cum
1049 2600 1209 2635 peregrinus
1239 2603 1395 2638 quispiam,
1418 2606 1560 2642 inopinato
1581 2611 1652 2638 sacri
1670 2620 1771 2647 genere

135 2621 350 2656 obstupescens,
367 2631 417 2651 cur
432 2626 459 2653 id
476 2626 553 2656 ﬁeret
573 2630 773 2667 sciscitaretur,
798 2636 910 2666 Βωοιοε
925 2640 999 2668 aliud
1016 2621 1083 2669 nihil

1104 2645 1227 2678 potuisse
1249 2649 1427 2684 respondere,
1448 2659 1531 2687 quam
1555 2645 1691 2685 servanda
1707 2664 1770 2685 esse

765 2664 771 2667 ,
870 2664 873 2665 ,
897 2664 907 2666 ν
927 2664 999 2668 ___....
1123 2664 1227 2673 ...υ-σου
1249 2664 1293 2675 sua
1314 2664 1366 2677 uuu

132 2664 275 2699 majorum
289 2665 428 2702 instituta,
448 2677 500 2699 nec
518 2671 618 2702 decere
631 2676 767 2705 rationem
786 2680 848 2708 aliis
861 2689 891 2710 se
904 2664 1120 2714 consuetudini;
1129 2689 1224 2723 patriae
1243 2664 1366 2721 reddere.

767 2771 884 2802 VARIE
916 2777 1116 2810 LECTIONES.

177 2821 202 2837 ⁸³
232 2822 383 2865 γενομένης
407 2830 438 2854 ς.
478 2823 500 2839 ⁸⁸
514 2823 632 2863 θαλάττῃ
657 2828 686 2858 Β.
725 2831 747 2848 ⁸⁵
765 2832 860 2867 μέλανι
878 2844 908 2868 ς.
949 2837 971 2854 ’⁸⁸
987 2839 1081 2868 τοῦτον
1096 2842 1116 2868 Β
1130 2851 1136 2871 :
1152 2844 1231 2872 τοῦτο
1248 2855 1279 2878 ς.

182 2865 358 2878 ντετυνηνιιιθ
380 2867 399 2878 f-

129 2855 152 2872 “
166 2855 365 2892 ἐντετυχηκώς
380 2867 410 2890 ς.

291 2904 428 2938 Parnm.
447 2908 506 2938 Gn.
531 2908 607 2940 CIV.

1328 2849 1350 2866 ⁸⁷
1367 2850 1406 2886 τῷ
1424 2860 1479 2880 om.
1499 2853 1532 2880 A.
1553 2855 1575 2870 ⁸⁸
1592 2854 1641 2890 μὲν
1653 2856 1716 2885 add.
1732 2858 1765 2886 Δ.

1517 2935 1537 2965 3
