1945 3073
176 181 215 215 75
759 173 890 205 ΡΗΟΤῙΙ
908 171 1044 203 PATRIA

1043 170 1161 201 .RCH/E
1175 170 1230 201 ΟΡ.
1772 168 1809 199 '56

554 233 595 261 Ex
610 231 817 268 Agatharcltide,
833 230 903 265 apud
919 228 1040 256 eumdem
1057 226 1223 260 Atltemeum,
1246 223 1313 252 libro
1331 228 1434 252 octavo.

217 290 435 328 Agatharchides
458 290 528 319 libro
542 289 648 318 decimo
661 292 739 316 sexto
755 293 845 314 rerum
872 285 988 318 Europae
1005 282 1112 315 scribit,
1138 281 1246 317 Magan,
1271 280 1319 316 qui
1346 279 1473 316 regnavit
1493 286 1581 307 annos
1608 278 1810 315 quinquaginta

180 325 306 373 Cyrenis,
322 341 386 362 eum
403 333 483 362 bellis
497 341 551 361 non
579 335 760 367 occuparetur
776 334 802 356 et
818 330 881 356 luxu
895 327 1038 360 dilllueret,
1052 327 1186 354 immensa
1200 326 1294 353 carnis
1310 325 1382 352 mole
1393 329 1504 352 auctum
1519 325 1615 358 fuisse,
1632 329 1664 352 ut
1677 325 1729 353 sub
1746 325 1808 353 vita

181 368 262 408 tinem
278 378 452 414 prodigiosus
465 381 539 406 esset
553 376 678 411 corporis
693 379 786 401 tumor
801 383 807 400 :
823 372 989 407 tandemque
1003 371 1177 406 pinguedinis
1197 369 1275 405 copia
1288 369 1492 402 exanimatum,
1507 369 1607 404 partim
1621 369 1656 395 ob
1672 368 1810 402 ignaviam

181 430 208 453 et
223 411 376 458 segnitiem,
394 422 492 457 partim
506 421 540 448 ob
553 419 700 455 ingluviem
723 423 750 445 et
765 416 877 444 nimiam
890 415 944 442 cibi
958 415 1147 442 voracitatem.
1160 413 1233 440 Idem
1249 413 1345 440 scribit
1357 412 1427 439 libro
1437 412 1570 447 vigesimo
1598 411 1726 447 septimo,
1739 412 1811 447 apud

183 456 404 496 Lacedaemonios
421 466 528 502 insigne
542 465 670 501 probrum
688 463 781 494 fuisse,
794 461 818 489 si
834 461 878 488 cui
902 460 993 487 minus
1007 463 1080 486 esset
1095 457 1181 485 virilis
1196 456 1295 488 forma,
1315 460 1362 484 aut
1382 457 1505 490 corporis
1523 461 1616 484 tumor
1648 456 1675 483 in
1702 457 1812 492 aquali-

182 514 274 541 culum
289 512 427 548 projectus
442 516 469 538 et
477 499 636 545 propensus
651 507 869 542 conspiceretur,
881 511 943 531 cum
957 503 1062 530 decimo
1077 508 1186 537 quoque
1200 501 1245 528 die
1258 500 1348 528 nudos
1361 507 1391 528 se
1418 499 1534 534 juvenes
1557 499 1669 535 ephoris
1688 505 1813 528 contem—

182 543 298 592 plandos
312 543 452 587 sisterent,
465 543 511 588 qui
527 543 555 581 et
568 553 699 588 juvenum
719 549 843 586 quotidie
857 553 915 575 tum
939 546 1052 578 cubilia,
1073 550 1131 572 tum
1154 544 1283 572 vestitum
1299 544 1493 577 observabant,
1515 547 1542 571 et
1564 543 1664 571 merito
1688 545 1811 580 quidem,

183 588 313 636 quoniam
333 600 526 628 Lacedaemone
549 598 597 633 qui
623 604 734 625 carnem
756 596 790 622 ad
811 593 957 622 obsonium
985 593 1180 626 pmpararent,
1204 589 1327 621 t‘ueruttt,
1345 588 1461 615 aliarum
1487 592 1619 623 praeterea
1635 588 1811 623 cupediarum

185 631 264 675 nlhil.
280 646 352 674 ldent
364 651 458 673 auctor
468 644 539 671 libro
548 631 680 677 vigesimo
695 640 811 675 septimo
826 635 1090 666 traditNaucleidem
1100 632 1265 677 Polybiadis
1278 632 1381 677 tilium»
1394 639 1477 677 supra
1493 631 1605 677 modum
1616 632 1811 677 corpulentum

185 695 213 718 et
229 691 265 718 ob
278 689 391 717 delicias
406 695 542 720 crassum,
556 675 801 713 alaeedtemoniis
820 683 847 709 in
861 681 978 709 mediam
998 677 1160 706 concionem
1175 676 1338 711 producturo
1368 675 1464 708 fuisse,
1482 681 1509 703 et
1522 676 1630 710 publice
1642 683 1658 703 a
1671 675 1814 711 Lysandro

186 735 284 762 acerbe
307 733 482 768 objurgatum
499 719 759 765 utrvoluptuarium,
775 727 976 760 minimumque
997 722 1131 755 abfuisse,
1148 721 1215 757 quin
1232 721 1258 749 in
1281 721 1408 749 exsilium
1426 724 1564 755 ageretur,
1581 721 1663 756 idque
1689 719 1814 748 futurum

186 778 328 806 minitatos
343 765 576 806 Lacedaemonios,
603 773 656 800 nisi
690 772 775 799 vitam
802 770 974 804 corrigeret:
1001 767 1229 804 Lysandrumque
1257 770 1316 793 tum
1340 766 1471 793 recitasse
1494 765 1669 800 Agesilaum,
1690 773 1753 792 enm
1777 765 1811 792 ad

187 822 396 856 Hellespontum
421 819 552 847 barbaros
573 817 645 845 bello
669 818 816 850 premeret,
838 813 974 841 Asiaticos
997 812 1123 839 homines
1148 810 1320 845 sumptuosis
1336 810 1415 838 stolis
1432 810 1568 842 excultos,
1582 809 1629 837 sed
1644 809 1768 837 imbelles
1786 813 1815 837 et

189 853 299 893 mutiles
312 864 473 898 corporibus
490 870 551 890 esse
573 862 738 893 intueretur,
756 858 878 893 captivos
895 864 991 884 omnes
1003 855 1120 891 jnssisse
1135 854 1261 882 vestibus
1277 858 1375 881 exutos
1390 853 1423 880 ad
1447 861 1601 888 preconem
1618 853 1692 884 duci.
1710 853 1756 888 qui
1772 861 1819 880 ve-

189 910 265 937 nales
279 896 440 943 praedicaret
455 914 463 933 :
479 906 639 933 indumenta
653 911 719 931 vero
736 909 861 930 seorsum
878 900 971 933 vendi,
987 905 1017 927 ut
1031 898 1099 927 socii
1116 903 1143 925 et
1159 897 1282 925 foederati
1309 901 1507 931 cognoscerent
1522 896 1696 931 praemiorum
1724 896 1816 931 ampla

188 961 237 988 spe
265 940 398 979 adversus
415 950 540 978 homines
555 948 622 976 nihil
644 947 746 975 bellum
763 949 920 980 susceptum
937 951 1010 976 esse,
1027 943 1142 977 ideoque
1155 941 1249 969 animo
1271 941 1443 976 promptiore
1458 945 1486 968 et
1506 940 1641 968 alacriore
1669 947 1732 968 cum
1767 940 1818 968 ho-

189 997 277 1024 stibus
291 995 465 1023 dimicarent.

633 1047 676 1074 Ex
687 1045 898 1082 Agat/Iarc/Iide,
917 1043 988 1079 apud
1004 1042 1126 1070 eumdem
1138 1041 1305 1069 Athemeum.
1324 1049 1378 1068 xiv.

224 1107 306 1135 Sidas
319 1113 335 1133 a
350 1104 454 1133 Boeotis
469 1102 571 1131 Punica
592 1102 741 1135 nontinari,
761 1101 856 1129 scribit
871 1097 1087 1135 Agatltarchides
1105 1096 1176 1123 libro
1198 1095 1306 1123 decimo
1320 1103 1393 1122 nono
1412 1094 1680 1129 Europicorum,ltis
1707 1094 1822 1123 verbis:

194 1151 378 1179 Athenienses
397 1155 460 1176 cum
475 1147 578 1174 Boeotis
594 1146 628 1172 de
643 1145 763 1180 regionis
780 1144 880 1172 linibus
899 1143 1050 1176 litigabant,
1067 1149 1149 1176 quam
1167 1140 1248 1168 Sidas
1264 1140 1412 1175 appellant.
1435 1139 1640 1174 Epaminondas
1658 1139 1685 1165 in
1705 1146 1737 1165 ea
1752 1146 1824 1166 eon-

191 1194 323 1222 troversia
344 1196 434 1227 partes
453 1198 518 1218 suas
535 1189 692 1221 defendens,
719 1189 895 1222 allegansque
910 1187 971 1222 jura
989 1186 1157 1218 sua,-statim
1178 1192 1193 1211 e
1205 1184 1317 1225 sinistra
1338 1191 1433 1216 manu,
1447 1183 1522 1218 quod
1543 1182 1686 1209 occultum
1708 1183 1825 1217 gerebat

191 1236 334 1273 punicutn,
344 1226 444 1262 dextra
465 1232 557 1268 coepit,
578 1235 605 1259 et
615 1231 797 1258 Athenienses
810 1229 925 1266 rOgavit,
942 1237 997 1264 quo
1015 1230 1125 1256 nomine
1138 1232 1279 1255 vocarent.
1295 1227 1506 1262 Responderunt
1519 1226 1645 1262 111ἰ,ῥόαν
1659 1233 1719 1253 sese
1732 1226 1824 1253 nomi-

193 1270 258 1308 nare
276 1289 282 1307 :
301 1279 336 1306 At
356 1286 416 1310 nos,
431 1277 529 1312 inquit,
546 1276 629 1304 Sidan
647 1276 824 1311 appellamus.
840 1274 867 1301 In
881 1281 914 1301 eo
930 1279 1020 1300 tractu
1035 1273 1069 1300 de
1085 1280 1139 1308 quo
1155 1272 1207 1299 fuit
1223 1272 1374 1303 contentio,
1386 1271 1513 1307 plurima:
1532 1275 1598 1298 sunt
1621 1270 1685 1298 mali
1703 1270 1825 1305 punica.

193 1325 312 1359 indeque
331 1321 466 1359 principio
487 1328 585 1348 nomen
604 1325 647 1348 est
660 1319 786 1347 inditttm.
806 1318 852 1345 Sic
864 1317 1065 1353 Epaminondas
1083 1324 1195 1344 causam
1209 1315 1340 1343 obtinuit.

646 1377 688 1405 Ea:
702 1376 906 1413 Agat/tarcltide,
923 1376 993 1409 apud
1011 1373 1200 1406 Plutarchum,
1217 1371 1376 1400 Parallelis.

229 1438 335 1466 Xerxes
355 1444 477 1465 ιοοουο
509 1435 649 1462 hominum
667 1434 787 1462 exercitu
804 1434 967 1466 instructus,
985 1431 1017 1458 ad
1029 1430 1206 1458 Artemisium
1228 1429 1345 1464 appulit,
1363 1429 1482 1464 ejusque
1500 1429 1623 1465 regionis
1648 1429 1755 1457 incolas
1771 1434 1827 1456 tum

195 1482 306 1511 hostilia
321 1481 371 1508 abs
387 1487 417 1507 se
431 1477 690 1514 exspectarejussit.
704 1477 894 1509 Athenienses,
908 1477 1079 1503 conturbatis
1092 1476 1203 1507 animis.
1214 1475 1372 1509 Agesilaum
1385 1473 1579 1502 Themistoclis
1593 1474 1706 1502 fratrem
1724 1474 1826 1502 misere

196 1526 385 1561 exploratum,
416 1530 574 1558 quanquam
601 1527 678 1556 pater
700 1521 760 1555 ejus
783 1520 898 1548 Neocles
920 1522 947 1547 in
965 1521 1068 1548 somnis
1082 1520 1200 1548 vidisset
1223 1520 1298 1546 illum
1319 1519 1452 1546 ambabus
1467 1523 1622 1546 truncatum
1640 1520 1781 1546 manibus.
1799 1519 1825 1546 Is

197 1569 339 1606 Agesilaus
354 1567 400 1596 ubi
420 1563 544 1602 pervenit
559 1565 652 1592 habitu
667 1564 777 1592 Persico
794 1564 827 1591 ad
845 1564 986 1596 barbaros,
1004 1564 1175 1591 Mardonium
1194 1564 1339 1599 quemdam
1355 1563 1386 1590 de
1405 1563 1476 1597 regis
1489 1563 1681 1596 stipatoribus,
1703 1562 1825 1589 Xerxem

197 1619 273 1642 tatus
294 1621 366 1645 esse,
387 1611 536 1644 interfecit,
555 1610 825 1644 comprehensusque
839 1616 853 1635 a
872 1608 1130 1641 circumstantibus,
1149 1609 1256 1635 vinctus
1274 1607 1307 1633 ad
1329 1614 1420 1640 regem
1444 1611 1486 1633 est
1504 1607 1650 1633 adductus.
1665 1606 1739 1633 Bove
1766 1611 1827 1633 tum

198 1660 326 1686 litaturus
340 1661 398 1684 erat
423 1663 468 1683 rex
485 1655 519 1682 ad
533 1662 608 1682 aram
625 1653 706 1680 Solis.
722 1653 759 1680 Ilii
777 1652 918 1687 Agesilaus
937 1652 997 1687 igni
1023 1653 1049 1679 in
1067 1660 1114 1679 ara
1129 1652 1259 1683 excitato,
1275 1651 1400 1678 dextram
1416 1651 1549 1684 imposuit
1569 1658 1694 1682 manum,
1713 1650 1828 1677 crueia-

198 1707 312 1736 tuntque
329 1701 434 1734 absque
452 1699 506 1725 ullo
529 1697 640 1732 pertulit
659 1697 774 1732 gemitu.
795 1695 919 1723 Vinculis
941 1696 1056 1730 proinde
1081 1696 1187 1723 solutus
1213 1695 1282 1722 dixit
1299 1703 1304 1720 :
1326 1694 1407 1721 Tales
1425 1699 1488 1720 sunt
1503 1701 1599 1720 omnes
1619 1694 1807 1721 Athenienses
1823 1704 1831 1722 :

198 1746 271 1782 quod
286 1747 308 1773 si
324 1752 378 1772 non
392 1743 581 1773 credis,etiam
598 1742 737 1769 sinistram
753 1741 919 1775 imposuero.
941 1740 1057 1771 Xerxes,
1073 1743 1145 1765 metu
1161 1743 1303 1772 concepto,
1321 1738 1347 1764 itt
1367 1737 1490 1764 custodia
1509 1744 1571 1764 eum
1582 1737 1667 1771 jussit
1679 1738 1831 1766 asservari.

200 1781 325 1819 Narratio
338 1794 380 1817 est
394 1786 602 1823 Agatltarchidze
618 1786 714 1818 Samii,
731 1785 799 1812 libro
811 1784 985 1812 Persicarum
999 1791 1089 1810 rerum
1107 1781 1239 1810 secundo.

433 1831 474 1858 lix
489 1829 694 1864 Agat/zarcltide,
711 1829 781 1862 apud
797 1829 916 1856 eumdem
935 1827 1121 1860 Plutarchum,
1139 1825 1262 1861 Sympos.
1277 1825 1326 1852 lib.
1346 1833 1405 1856 \‘Ill,
1421 1830 1517 1859 quaest.
1536 1833 1574 1857 ιχ,

236 1878 316 1906 Circa
335 1876 459 1904 Rubrum
482 1881 547 1902 vero
568 1881 643 1900 mare
661 1873 777 1907 correpti
806 1874 847 1904 (ut
866 1872 1084 1907 Agatharchides
1110 1872 1215 1905 narrat)
1236 1878 1298 1898 eum
1324 1869 1385 1896 aliis
1401 1870 1532 1897 inauditis
1555 1870 1746 1899 accidentibus
1769 1875 1836 1898 sunt

200 1922 302 1954 vexati,
326 1925 382 1948 tum
403 1925 506 1953 angues
525 1917 614 1952 exigui
631 1916 687 1943 nali
702 1921 775 1947 sunt,
790 1916 836 1951 qui
852 1916 967 1943 exsertis
980 1915 1116 1950 capitibus
1127 1922 1208 1942 crura
1223 1918 1251 1942 et
1267 1914 1382 1941 brachia
1400 1915 1554 1948 perderent,
1574 1919 1601 1942 et
1627 1915 1695 1942 tacti
1722 1923 1834 1943 rursum

199 1973 311 1994 carnem
328 1964 462 1995 subirent,
482 1969 514 1988 ac
529 1969 576 1996 per
586 1961 743 1988 musculosa
758 1965 907 1995 serpentes,
921 1960 1165 1993 inilammationum
1177 1960 1231 1986 vim
1248 1960 1449 1987 intolerabilem
1464 1960 1632 1987 excitarent.
1645 1960 1734 1995 quue
1745 1962 1836 1988 morbi

200 2018 287 2046 genus
298 2009 376 2043 prius
392 2012 439 2034 aut
454 2005 591 2041 posterius
609 2004 672 2032 ullis
687 2004 748 2031 aliis
764 2004 905 2039 obtigisse,
925 2011 1007 2030 netno
1024 2001 1168 2036 comperit,
1185 2006 1215 2028 ut
1226 2006 1253 2029 et
1271 2001 1357 2028 multa
1375 2001 1439 2028 alia.

544 2060 630 2088 CCLI.
1004 2085 1026 2114 Α

1394 2058 1478 2084 ΣΝΑ¹.

426 2118 562 2145 Hierocles
579 2117 617 2144 De
631 2117 810 2144 Providentia.

236 2167 300 2201 Legi
324 2165 457 2193 Hieroclis
475 2165 574 2192 lihrunt
601 2164 639 2190 De
655 2164 836 2191 Providentia.
860 2163 926 2196 Cur,
944 2164 987 2191 iu-

201 2212 272 2246 quit,
297 2211 355 2237 haec
377 2209 424 2237 tibi
453 2209 563 2244 colligo,
586 2208 696 2242 quando
719 2208 850 2236 Platonici
876 2209 987 2244 quidam

204 2263 258 2283 non
275 2259 378 2282 rectam
401 2254 435 2281 de
450 2253 590 2280 conditore
609 2252 663 2278 Deo
677 2253 834 2287 opinionem
859 2253 988 2280 tuentur?

201 2300 261 2326 Non
283 2298 357 2326 enim
383 2298 451 2324 satis
472 2304 552 2332 posse
581 2296 663 2323 Deum
694 2297 830 2324 sustinere
856 2298 987 2324 mundum

198 2345 310 2381 propria
330 2344 431 2370 virtute
447 2348 474 2370 et
502 2343 636 2377 sapientia
654 2343 688 2369 ab
705 2347 807 2370 aeterno
831 2348 987 2377 operantem

201 2395 343 2428 putarunt.
371 2390 424 2417 Sed
449 2390 645 2424 conparatione
667 2389 792 2424 ingenitae
812 2389 942 2420 materiae,
963 2394 991 2415 et

203 2441 301 2463 natura
328 2435 362 2462 ab
390 2442 424 2462 eo
450 2442 504 2461 non
535 2433 716 2468 depcttdettte,
749 2437 868 2460 utentem
899 2435 987 2461 solum
1008 2440 1015 2446 τ

201 2489 296 2510 creare
311 2488 403 2516 posse.
423 2480 563 2515 Siquide
580 2481 672 2507 omnia
691 2480 766 2514 prius
786 2480 811 2506 itt
834 2479 906 2506 dicta
933 2487 990 2505 ma-

202 2529 272 2556 teria
286 2529 374 2563 prima
389 2533 452 2554 sunt
468 2529 599 2562 potentia,
618 2533 705 2562 eaque
731 2526 803 2553 Deus
822 2526 896 2553 velut
920 2526 990 2553 deli-

200 2580 274 2606 neet,
306 2581 340 2601 ac
365 2574 454 2601 solum
480 2573 604 2608 digerat,
628 2577 711 2607 atque
736 2580 770 2599 ex
793 2572 852 2607 ipsa
877 2573 989 2599 materia

201 2622 313 2653 educat,
329 2621 403 2656 quod
419 2627 630 2656 supervacancze
642 2619 733 2653 potius
745 2618 989 2652 essetdiligentim,

201 2675 286 2704 quam
303 2667 435 2695 bonitatis
462 2667 519 2694 Dei.
535 2667 672 2699 Quorsum
692 2665 764 2692 enim
786 2673 828 2697 ea,
851 2673 913 2700 quae
935 2673 988 2692 non

203 2714 336 2747 condidit,
351 2714 478 2750 digerere
493 2718 618 2746 conatur,
634 2719 696 2740 cum
719 2712 832 2739 omnino
849 2711 920 2739 bona
943 2719 989 2739 or—

1205 2115 1390 2149 ’Ῑεροκλέους
1402 2116 1417 2140 ό
1433 2115 1500 2148 περὶ
1515 2115 1672 2149 Προνοίας.

1076 2160 1158 2197 [1580
1168 2161 1216 2197 Κ]
1225 2161 1395 2196 ’Λνεγνώσοη
1405 2161 1437 2187 Ὶε
1444 2161 1569 2196 ροχλὲους
1576 2162 1590 2187 ὁ
1599 2162 1667 2196 περὶ
1677 2163 1839 2196 Προνοίας.

1039 2209 1095 2234 Καὶ
1116 2207 1153 2239 τί,
1171 2208 1248 2243 φησὶ,
1265 2208 1410 2242 καταλὲγω
1439 2217 1481 2233 σοι
1508 2207 1633 2240 τούτους,
1652 2209 1720 2235 ὅπου
1738 2218 1770 2242 γε
1790 2210 1840 2236 καὶ

1040 2254 1093 2279 τῶν
1103 2253 1284 2280 Πλατωνικῶν
1292 2262 1363 2285 τινες
1370 2254 1420 2280 οὐκ
1427 2253 1509 2288 ὀρθὴν
1517 2254 1566 2289 τὴν
1573 2254 1693 2288 περὶτοῦ
1702 2255 1734 2290 δη
1740 2263 1803 2290 μιου
1810 2265 1840 2291 ρ-

1041 2298 1090 2333 γοῦ
1106 2299 1172 2325 Θεοῦ
1189 2298 1369 2331 διασώζουσιν
1383 2299 1506 2331 ἕννοιανς
1527 2300 1557 2325 οὐ
1573 2299 1630 2334 γὰρ
1649 2300 1743 2327 ἰκανὸν
1757 2302 1841 2327 αὐτὸν

1041 2343 1112 2372 εἶναι
1135 2346 1267 2381 ᾠήθησαν
1291 2345 1444 2377 αὐτοτελῶς
1462 2345 1615 2379 ὑποστῆναι
1632 2346 1767 2374 δύνασθαι
1791 2348 1840 2375 κό-

1042 2400 1110 2426 σμον
1127 2391 1216 2427 οἰκείᾳ
1228 2392 1342 2426 δυνάμει
1358 2393 1403 2418 καὶ
1420 2392 1499 2426 σοφίᾳ
1511 2391 1540 2423 ἐξ
1553 2391 1639 2418 ἀϊδίου
1653 2393 1838 2428 ἐνεργοῦντα,

1041 2437 1098 2463 ἀλλ’
1110 2437 1244 2473 ἀγενήτου
1254 2438 1276 2453 ⁸ο
1293 2437 1359 2472 ὕλης
1373 2437 1503 2472 συνεργίᾳ
1513 2437 1561 2464 καὶ
1576 2439 1610 2474 τῇ
1627 2439 1665 2474 μὴ
1675 2442 1743 2476 παρ’
1755 2441 1840 2468 αὐτοῦ

1040 2483 1186 2520 ὑποστάσῃ
1206 2482 1286 2518 φύσει
1308 2483 1521 2518 καταχρώμενον
1544 2483 1635 2517 μόνως
1657 2485 1841 2522 δημιουργεῖν

1041 2528 1187 2559 δύνασθαι,
1203 2529 1313 2555 πάντων
1332 2529 1381 2563 μὲν
1397 2528 1511 2562 δυνάμει
1541 2532 1793 2566 προῦποκειμένων
1811 2533 1841 2559 ἐν

1042 2576 1076 2610 τῇ
1091 2575 1226 2610 λεγομένῃ
1246 2575 1307 2610 ὕλῃ,
1326 2574 1409 2601 αὐτοῦ
1433 2575 1462 2601 δὲ
1477 2575 1560 2602 οἱονεὶ
1575 2576 1840 2612 διαζωγραφῶν-ξος

1042 2621 1112 2647 αὐτὰ
1127 2622 1175 2646 καὶ
1191 2622 1334 2651 τάττοντος
1351 2620 1431 2655 μόνον
1445 2621 1493 2647 καὶ
1509 2621 1699 2656 διακρίνοντος
1712 2624 1774 2658 ὲκε⁵¹
1790 2625 1840 2652 τοῦ

1042 2665 1136 2692 ὑλικοῦ
1167 2666 1322 2701 σχήματος·
1350 2665 1364 2691 ὃ
1395 2667 1548 2701 περιεργίαὶ
1562 2667 1665 2701 μᾶλλον
1688 2668 1722 2694 ἂν
1752 2669 1795 2704 ετη
1821 2669 1839 2705 ἢ

1041 2712 1178 2747 ἀγαῦότης
1189 2712 1212 2728 ⁸¹
1223 2711 1309 2746 ,Θεοιλ
1320 2711 1352 2738 Τί
1367 2711 1422 2747 γὰρ
1432 2711 1464 2748 δὴ
1475 2712 1567 2748 μαθὼν
1579 2713 1602 2728 ⁵³
1615 2712 1633 2739 ἃ
1649 2713 1688 2748 μὴ
1697 2713 1840 2751 ὑπέστησε

826 2798 942 2827 VARIE
977 2798 1178 2827 LECTIONES.

244 2886 267 2902 '°
279 2886 335 2912 ἀλλ’
350 2883 495 2921 ἁγενήτου]
505 2884 572 2912 ἁ).λά
586 2883 703 2919 γενητῆς
719 2883 753 2910 Α.

793 2882 814 2898 ⁸¹
837 2881 928 2916 διακρ.
946 2881 1026 2916 μόνον
1048 2882 1079 2908 ἐκ
1091 2890 1120 2913 ς.

1161 2882 1182 2898 τ’
1198 2881 1334 2917 ἁγαῦότης
1347 2883 1368 2908 Α
1385 2892 1392 2910 :
1408 2882 1576 2916 ἀγαοότητος
1592 2890 1622 2913 ς’,
1662 2883 1684 2899 ⁵³
1695 2884 1791 2913 παθών
1807 2886 1840 2914 Β,
