1945 3073
155 149 186 181 ’Π
715 151 976 181 BIBLIOTIIECA.
987 163 1020 168 -
1030 151 1110 182 COD.
1125 152 1218 182 CCLI.
1744 152 1780 184 78

156 207 305 235 διατάττειν
327 208 467 243 πειρᾶται,
489 208 600 241 πάντως
620 217 671 235 που
680 209 730 244 τῆς
751 209 877 242 εὐταξίας
897 210 944 237 αὺ-

997 210 1100 237 dinatio
1113 210 1138 237 in
1151 215 1248 236 natura
1264 216 1358 236 eorunt
1373 209 1493 244 ingenita
1509 209 1650 237 consistat.
1668 210 1698 238 Si
1710 211 1778 246 quid

156 255 209 286 τοῖς
222 254 251 280 ἰν
264 255 297 289 τῇ
310 254 444 289 ἁγενησίᾳ
460 254 509 289 τῆς
531 254 637 281 ἑαυτῶν
662 254 771 289 φύσεως
792 256 940 290 κειμένης-ς

156 299 246 335 τὸγὰρ
265 300 408 335 ἀγενήτως
428 299 490 326 καθ’
506 300 587 327 ἑαυτὸ
610 300 757 334 ὕφεστὺςδδ
772 301 799 327 εἴ
812 310 838 327 τι
858 309 943 336 προσ-

155 345 238 376 λάϐοι,
255 346 331 380 παρὰ
348 345 430 379 φύσιν
446 345 634 381 προσλήψεται
647 354 654 361 ·
675 347 705 372 τὸ
720 346 750 373 δῖε
768 346 844 381 παρὰ
859 346 940 381 φύσιν

155 392 309 425 διατεθῆναι
340 392 426 419 κακὸν
460 392 499 427 τῷ
522 394 770 428 μετατρεπομένῳ·
797 393 868 419 ὥστε
894 395 943 420 οὐκ

155 439 252 473 ἀγαθὸν
265 440 298 474 τῇ
305 438 440 474 λεγομένῃ
456 438 505 474 ὖλῃ
518 439 548 465 τὸ
563 440 735 474 κοσμεῖσθαι,
750 439 829 474 εἴπερ
840 439 941 474 ἀγένη-

155 494 197 517 τος
209 486 250 518 εἴη
266 486 304 521 μὴ
320 486 373 511 ἀπὺ
385 486 483 520 χρόνου
501 486 593 520 μόνον,
610 486 679 513 ἀλλὰ
689 487 737 512 καὶ
747 486 801 513 ἀπὸ
810 486 832 502 ⁸⁸
844 486 942 519 αἰτίου,

155 530 214 557 καθ’
236 529 250 556 ὃ
266 529 468 565 σημαινόμενον
492 529 540 556 καὶ
565 531 611 557 τὸν
634 530 702 557 Θεὸν
717 532 849 566 ἀγένητον
868 531 944 565 λέγο-

157 584 214 611 μεν.
235 573 305 602 Ἀλλ’
325 577 387 603 οὐδὲ
403 576 416 602 ό
427 576 492 606 Θεὸς
511 575 592 608 αὐτὸς
605 577 700 604 κακῶν
714 578 837 609 ἀναίτιος
854 578 943 608 ἔσται.

154 622 203 659 τὴν
228 622 316 658 ἀρχὴν
338 622 389 657 τῆς
408 620 589 658 δημιουργίας
612 623 666 650 ἀπό
691 632 765 656 τινος
782 624 944 655 κακοποιίας

154 668 352 703 ἐνστησάμενος
374 667 413 702 τῷ
443 668 520 708 παρὰ
557 668 639 703 φύσιν
657 669 806 696 διατιθέναι
828 671 877 705 τὴν
899 671 943 696 ἐπ’

156 713 214 749 ῐσης
229 714 303 749 αὑτῷ
321 714 455 748 ἀγένητον
467 713 562 740 οὐσίαν
576 716 733 750 πειρᾶσθαι,
747 717 793 743 καὶ
803 717 853 752 τὴν
865 716 942 743 ἀδελ-

155 759 216 794 φὴν,
224 759 258 795 ἥν
269 759 301 786 τὸ
312 759 466 794 αὐτόματον
478 759 552 795 αὐτῷ
559 762 696 796 συνήγαγε
703 762 736 793 ⁵⁸,
745 762 782 798 μὴ
792 763 839 798 es»;
849 765 942 798 μένειν

154 806 199 832 ἐπὶ
214 805 264 840 τῆς
279 805 411 841 ἁγενὴτου
434 806 550 839 τάξεως.
569 807 641 842 Πρὸς
660 807 699 844 τῷ
715 809 782 844 μηδὲ
794 810 816 825 ⁵⁷
831 809 943 837 δυνατὸν

154 848 221 878 εἶναι
245 852 442 887 κατισχῦσαι⁸⁸
465 853 629 888 πράγματος
652 855 783 890 ἰσοτίμως
809 856 942 892 ἀγενήτου

154 897 343 932 τυγχάνοντος,
366 898 420 925 εἴτε
444 899 473 932 ἐξ
491 899 578 926 ἀϊδίου
595 901 730 927 ποιεῖσθαι
749 901 798 938 τὴν
814 902 942 938 τοιαύτην

155 943 342 979 ἐπικράτειαν,
356 944 411 971 εῖτε
424 945 477 972 ἀπὸ
487 946 585 981 χρόνου
599 947 765 984 ἐπιχειροίη.
774 948 829 974 Καὶ
841 949 941 983 μᾶλλον

156 990 188 1017 ἂν
207 991 249 1026 εἴη
267 991 317 1026 τῆς
341 991 471 1027 ἀληθείας
492 993 610 1027 ἀφεστὸς
618 993 653 1025 δν,
675 995 700 1020 εἰ
722 994 789 1029 πρὸς
801 994 841 1030 τῷ
857 995 942 1022 ἐνδεεῖ

153 1037 202 1071 τῆς
219 1036 317 1072 ὑλικῆς
341 1038 483 1073 ἐνεργείας
505 1039 553 1065 καὶ
575 1039 663 1065 duo“
683 1040 780 1074 χρόνου
801 1041 874 1072 τινος
894 1049 941 1067 κο-

154 1083 232 1116 σμὲίν
242 1082 355 1118 ἤρξατο,
367 1083 434 1118 ὅπερ
449 1083 499 1110 οὐκ
522 1084 554 1119 ἐᾷ
570 1084 662 1119 μένειν
673 1085 755 1112 αὑτὸν
767 1086 796 1112 ἐν
810 1085 849 1121 τῷ
859 1086 940 1112 αὑτοῦ

153 1127 224 1164 Met.
236 1122 314 1164 [1581
329 1126 381 1165 IL]
398 1129 428 1155 Εἰ
441 1129 496 1165 γὰρ
511 1129 624 1164 ἄμεινον
641 1130 678 1166 μὴ
693 1132 791 1164 ποιεῖν,
814 1131 878 1168 [750
894 1131 940 1168 ΙΙ.]

154 1174 213 1206 πῶς
221 1175 263 1206 είς
278 1175 308 1201 τὸ
322 1176 411 1201 ποιεῖν
432 1175 621 1211 μεταϐἐδηκεν
634 1186 642 1210 ;
665 1177 689 1203 εί
711 1177 741 1204 δὲ
757 1177 788 1204 ἰδ
802 1179 900 1212 ποιεῖν,
916 1179 942 1204 τί

155 1221 196 1256 μὴ
212 1221 241 1253 ἐξ
259 1221 346 1248 ἀϊδίου
377 1222 523 1257 ἔπραττεν,
547 1223 626 1257 εϊγ’⁶¹
637 1223 784 1258 ἀδιάφορον
800 1225 876 1260 αὐτῷ
896 1226 943 1252 καὶ

153 1268 185 1294 τὸ
195 1267 224 1301 ἐξ
235 1268 320 1295 ἀϊδίου
335 1268 447 1303 ποιῆσαι
460 1269 546 1304 ἐφάνη
557 1278 564 1302 ;
578 1270 603 1296 εί
618 1269 656 1305 μὴ
665 1270 720 1306 ἄρα
729 1269 837 1304 φύσεως
851 1270 942 1304 αὑτὸν,

154 1313 227 1340 εἴποι
236 1322 288 1346 τις,
296 1313 349 1341 ἀνὰ
362 1314 445 1350 μέρος
456 1316 543 1342 ποιεῖν
551 1324 582 1342 τε
594 1315 641 1342 καὶ
649 1315 769 1351 φθείρειν
781 1316 942 1352 δυναμένης,

155 1359 254 1386 αἰώνια
287 1359 317 1386 δὲ
348 1359 526 1396 δημιουργεῖν
557 1361 736 1396 ἀσθενούσης,
763 1362 830 1388 διότι
852 1363 869 1397 ὴ
895 1364 945 1398 τῆς

155 1405 224 1441 ὕλης
236 1406 331 1438 κακία,
343 1403 362 1442 ᾖ
379 1407 565 1443 προσχρῆται,
579 1407 629 1443 τὴν
640 1408 766 1435 ἐπίθετον
781 1408 826 1435 καὶ
838 1409 945 1435 Enamo—

155 1450 240 1487 διέβη
251 1450 325 1484 τάξιν
345 1453 516 1486 ἀποσείεται,
537 1453 661 1488 συνεχῶς
682 1454 722 1486 είς
740 1454 789 1488 τὴν
812 1454 945 1489 ἀγένητον

155 1497 245 1532 αὐτῆς
257 1498 278 1513 ⁶¹
296 1497 349 1534 (ὡς
362 1498 396 1526 ἂν
412 1498 535 1534 εἴποιμι)
551 1500 663 1532 ἀταξίαν
684 1499 879 1534 ἀνατρέχουσα,
900 1500 947 1526 καὶ

162 1542 251 1575 οὕτως
264 1543 315 1570 ἀνὰ
330 1544 412 1580 μέρος
424 1546 479 1576 τοῖς
495 1545 601 1580 χρόνοις
623 1545 725 1580 κόσμον
743 1545 791 1571 καὶ
811 1544 946 1579 ἀκοσμίαν

156 1588 330 1623 ἐπικρατεῖν,
347 1590 364 1624 ἢ
385 1590 587 1625 (ἀληθέστερον
605 1590 718 1625 εἰπεῖν)
736 1591 780 1617 ἀεὶ
800 1590 945 1625 ἀκοσμίαν,

156 1635 219 1661 ἐπεὶ
232 1635 315 1671 καιὴ
338 1637 484 1670 κόσμησις,
513 1637 590 1672 παρὰ
615 1636 697 1671 φύσιν
726 1635 793 1663 οὖσα
813 1637 944 1670 διάθεσις,

156 1681 277 1716 ἀκοσμία
291 1681 331 1716 τῷ
348 1682 438 1718 ὀρθῶς
452 1682 620 1718 λογιζομένῳ
632 1683 796 1718 φανήσεται.

193 1748 255 1776 ὀτι
275 1749 432 1784 σύμφωνοι
450 1749 486 1777 ἐν
497 1749 560 1782 τοῖς
574 1751 703 1784 δόγμασι
718 1750 846 1777 Πλάτων
861 1749 912 1777 καί

450 1785 664 1819 Ἀριστοτέλης.

196 1840 258 1867 Ὅτι
286 1841 379 1868 πολλοὶ¹
402 1841 457 1868 τῶν
482 1841 537 1868 ἀπὸ
561 1840 704 1872 Πλάτωνος
723 1841 770 1868 καὶ
788 1841 842 1867 τῶν
855 1842 909 1867 ἀπὸ
923 1841 946 1857 ⁶²

163 1887 368 1922 Ἀριστοτέλους
383 1886 542 1923 συγκρούειν
557 1887 580 1903 “
593 1887 718 1921 ἀλλήλοις
733 1887 796 1919 τοὺς
814 1887 889 1921 σφῶν
908 1887 948 1914 δι-

157 1933 311 1966 δασκάλους
326 1934 397 1960 κατὰ
419 1934 452 1961 τὰ
475 1934 581 1969 καίρια,
597 1934 663 1968 φησὶ
679 1934 712 1967 θ’,
728 1935 782 1961 τῶν
803 1935 946 1969 δογμάτων

158 1979 279 2014 σπουδὴν
306 1979 353 2006 καὶ
376 1979 492 2015 μελέτην
516 1980 717 2014 εἰσενηνοχότες
741 1980 821 2014 μέχρι
850 1980 945 2006 τούτου

157 2024 328 2057 φιλονεικίας
339 2025 386 2050 καὶ
398 2025 501 2059 τόλμης
516 2025 629 2060 ἤλασαν,
641 2025 679 2056 ὡς
694 2025 740 2052 καὶ
756 2026 790 2051 τὰ
805 2025 947 2060 συγγράμ-

158 2077 236 2104 ματα
251 2070 305 2096 τῶν
319 2071 427 2096 οἰκείων
447 2071 573 2097 νοῠεῦσαι
593 2070 762 2097 διδασκάλων
780 2072 821 2102 εἰς
839 2071 869 2096 τὸ
884 2071 948 2105 μᾶλ-

151 2114 206 2147 ,λον
222 2113 355 2147 ἐπιδεῖξαι
368 2116 432 2147 τοὺς
446 2116 545 2151 ἄνδρας
555 2116 679 2151 ἀλλήλοις
692 2117 872 2151 μαχομένους.
891 2116 947 2143 Καὶ

155 2160 279 2194 διέμεινε
295 2159 317 2175 ⁸⁸
337 2159 416 2186 τοῦτο
434 2160 463 2186 τὺ
487 2161 573 2192 πάθος
597 2162 656 2191 ταῖς
674 2161 830 2195 φιλοσόφοις
843 2160 947 2196 διατρι-

157 2206 221 2238 ϐαῖς
244 2206 383 2241 ἐνσκῆψαν
397 2207 449 2238 ἕως
467 2206 621 2242 Ἀμμωνίου
645 2207 692 2234 τοῦ
714 2206 909 2242 Ἀλεξανδρέως
924 2207 945 2222 ³⁷

994 256 1065 284 enim
1089 256 1210 289 ingenito
1234 263 1266 283 ac
1284 263 1332 291 per
1345 263 1376 283 se
1394 256 1555 286 subsistenti
1570 256 1696 289 addatur,
1710 263 1779 291 prae-

996 308 1038 329 ter
1066 305 1194 329 naturam
1221 302 1277 329 lict.
1304 301 1382 335 Quod
1405 307 1497 330 autem
1528 306 1627 337 praeter
1653 307 1779 330 naturam

994 348 1119 380 ellicitur,
1141 349 1274 376 vitiatur:
1294 356 1378 383 quare
1398 350 1502 376 dictant
1527 349 1668 381 materiam
1687 350 1780 376 ornari

995 393 1107 420 minime
1135 394 1249 426 bonum,
1265 394 1400 429 siquidcnt
1421 401 1479 421 non
1497 394 1585 422 solum
1602 394 1629 421 in
1645 399 1778 429 tempore,

995 440 1043 469 sed
1059 445 1086 467 et
1113 441 1217 475 absque
1239 448 1322 468 causa
1347 441 1466 476 ingenita
1488 441 1614 476 sit:qua
1640 441 1779 476 signiﬁca-

994 488 1069 514 tione
1080 491 1107 513 et
1121 486 1206 514 Deum
1224 486 1376 521 ingenitum
1390 487 1519 514 dicimus.
1534 486 1586 514 Sed
1603 495 1691 522 neque
1705 487 1780 516 Deus

993 533 1094 569 461a
1120 533 1178 568 ipse
1207 533 1335 560 innoxius
1360 534 1429 566 erit,
1455 533 1563 560 ittitium
1591 534 1740 561 creationis
1765 541 1781 561 a

996 581 1115 613 quodam
1133 579 1267 606 maleﬁcio
1284 579 1428 612 inchoatis,
1446 579 1517 615 quod
1535 583 1636 614 praeter
1651 584 1780 607 ttaturatn

995 626 1101 652 allicere
1115 626 1248 660 atqualem
1268 625 1319 652 sibi
1338 626 1485 661 ingenitam
1501 626 1682 653 substantiam
1697 633 1781 653 cone-

994 677 1039 699 tur
1057 680 1063 698 :
1083 676 1110 699 et
1122 679 1255 705 sororem,
1282 679 1364 707 quam
1389 676 1540 707 spontanca
1568 672 1707 699 voluntate
1729 672 1781 699 sibi

995 717 1150 752 conjunxit,
1169 725 1223 744 noti
1239 717 1311 744 sinat
1324 725 1484 752 permanere
1496 717 1523 744 in
1539 717 1635 744 ordine
1648 716 1780 751 ingenito,

996 762 1070 797 quod
1087 770 1140 789 non
1157 762 1244 797 possit
1263 769 1306 789 res
1320 769 1399 797 atque
1415 762 1537 796 ingenita
1553 761 1698 788 contineri.
1718 761 1783 788 Sive

995 809 1029 836 ab
1043 814 1145 836 zeterno
1159 809 1230 836 hanc
1244 809 1295 836 sibi
1314 809 1475 844 potentiam,
1491 809 1549 836 sive
1561 809 1589 836 in
1606 814 1726 844 tempore
1740 808 1782 835 fa-

997 863 1058 882 cere
1072 856 1196 890 cmperit,
1213 859 1240 882 et
1253 855 1345 890 potius
1369 862 1384 882 a
1399 855 1514 882 veritate
1538 854 1688 886 recederet,
1706 854 1729 883 si
1746 856 1782 882 ob

995 901 1173 934 indigentiam
1189 900 1341 927 materiatae
1357 900 1532 935 operationis,
1545 905 1573 928 et
1585 900 1700 934 alicujus
1712 905 1782 927 tem-

993 947 1067 982 poris
1093 954 1193 974 ornare
1219 946 1359 981 coepisset,
1376 954 1426 974 nec
1443 954 1555 974 manere
1582 946 1656 973 illam
1682 946 1710 973 in
1726 954 1779 974 suo

993 997 1063 1020 Statu
1088 992 1269 1026 permisisset.
1296 991 1325 1018 Si
1342 992 1415 1019 enim
1439 991 1615 1026 praestantius
1641 996 1701 1019 erat
1724 999 1780 1018 tton

994 1039 1103 1070 fecisse,
1117 1045 1203 1072 quare
1214 1045 1279 1073 ergo
1292 1036 1383 1065 facere
1409 1036 1532 1072 incepit?
1556 1037 1579 1065 si
1594 1044 1662 1064 vero
1678 1036 1779 1064 fecisse

993 1085 1091 1112 ntelius
1108 1088 1178 1116 erat,
1199 1092 1249 1111 cur
1265 1092 1318 1111 tton
1337 1084 1372 1111 ab
1387 1088 1489 1111 aeterno
1512 1083 1593 1110 fecit?
1609 1084 1632 1110 si
1651 1091 1714 1111 vero
1737 1083 1781 1110 in-

994 1131 1123 1159 differens
1135 1132 1160 1158 ei
1175 1131 1209 1158 ab
1223 1136 1325 1158 anerno
1336 1130 1428 1158 facere
1443 1130 1506 1165 (nisi
1522 1129 1593 1157 forte
1605 1130 1669 1164 quis
1681 1129 1771 1157 dixeri

994 1183 1092 1206 natura
1117 1185 1166 1205 sua
1190 1185 1252 1205 eum
1278 1176 1434 1211 singulatim
1469 1175 1561 1203 facere
1587 1179 1615 1202 et
1637 1175 1782 1203 destruere

993 1231 1086 1258 posse,
1115 1227 1216 1250 acterna
1244 1226 1335 1248 autent
1359 1220 1450 1247 facere
1475 1227 1528 1246 tton
1556 1217 1671 1254 posse):
1697 1225 1783 1252 quare

995 1270 1119 1297 materias
1142 1268 1313 1304 improbitas,
1328 1275 1383 1302 qua
1403 1266 1501 1300 utitur,
1515 1265 1673 1300 impositum
1689 1269 1717 1292 et
1736 1272 1784 1292 su-

994 1315 1130 1351 perﬂuum
1158 1314 1281 1341 ordinem
1305 1313 1395 1347 rejicit
1416 1311 1558 1343 continuo,
1583 1311 1610 1338 in
1634 1310 1782 1346 ingenitam

996 1362 1051 1390 illis
1078 1361 1118 1397 (ut
1140 1360 1176 1387 ita
1193 1359 1319 1394 dixerim)
1349 1358 1580 1385 iuordlnationcm
1597 1357 1738 1384 declinans
1753 1360 1785 1383 ut.

996 1415 1045 1442 per
1059 1411 1150 1441 partes
1165 1405 1220 1433 alio
1234 1409 1318 1440 atque
1331 1404 1386 1431 alio
1399 1409 1523 1438 tempore
1536 1403 1711 1438 pulchritudo
1737 1406 1786 1429 aut

998 1453 1158 1481 deformitas
1176 1455 1307 1485 superet:
1322 1455 1381 1483 aut,
1409 1454 1438 1476 ut
1454 1450 1545 1476 verius
1559 1449 1660 1481 dicam,
1676 1455 1785 1483 semper

999 1500 1091 1527 vincat
1112 1497 1281 1529 deformitas,
1299 1496 1522 1531 quandoquidem
1548 1495 1663 1522 materia
1685 1500 1786 1528 praeter

999 1551 1125 1573 naturam
1148 1548 1263 1576 ornata,
1291 1543 1359 1570 bene
1383 1540 1560 1569 ratiocinanti
1589 1539 1722 1568 deformis
1742 1539 1785 1566 vi-

997 1592 1105 1620 deatur.

1085 1744 1164 1772 Plata
1175 1748 1200 1771 et
1211 1742 1366 1770 Aristoteles
1379 1742 1503 1769 doctrina
1525 1741 1697 1769 concordant.

1035 1830 1107 1857 Multi
1117 1829 1247 1857 Platonici
1257 1835 1283 1856 et
1290 1828 1444 1856 Aristotelei
1455 1836 1519 1856 suos
1528 1828 1597 1855 inter
1603 1835 1632 1856 se
1641 1832 1788 1863 praecepto—

997 1884 1041 1903 res
1057 1876 1204 1911 aliquando
1220 1877 1386 1903 contendere
1403 1875 1580 1909 impulerunt,
1598 1875 1680 1902 allato
1697 1882 1711 1901 a
1730 1875 1786 1902 sin-

999 1922 1068 1956 gulis
1081 1922 1108 1947 in
1119 1921 1238 1948 mediutn
1254 1920 1319 1955 quid
1340 1921 1438 1955 cuique
1449 1920 1579 1947 meditato
1595 1920 1744 1952 videretur,
1758 1923 1786 1947 et

998 1974 1118 2002 eousque
1132 1967 1253 1994 audaciae
1262 1971 1288 1993 et
1300 1966 1484 1994 cOntentionis
1503 1972 1706 2000 processerunt,
1719 1969 1788 1993 utet

998 2013 1098 2047 Scripta
1115 2016 1312 2047 praeceptorum
1329 2019 1440 2039 suorum
1453 2011 1642 2045 depravarent,
1655 2018 1709 2045 quo
1724 2017 1785 2038 ma-

999 2058 1039 2092 gis
1056 2058 1128 2085 viros
1154 2059 1223 2084 inter
1238 2065 1267 2084 sc
1284 2061 1438 2091 pugnantes
1461 2056 1632 2082 cxltiberent.
1652 2055 1742 2089 Atque
1753 2062 1786 2082 ea

998 2104 1166 2139 perturbatio
1199 2103 1337 2130 crduravit
1364 2101 1560 2138 philosophicis
1582 2099 1788 2128 exercitationi-

998 2150 1049 2177 bus
1079 2151 1182 2184 illapsu,
1204 2157 1289 2184 usque
1316 2149 1349 2175 ad
1377 2148 1499 2175 divinant
1527 2146 1714 2173 Ammonium.
1737 2145 1789 2173 Hie

998 2197 1070 2224 enim
1099 2197 1202 2231 primus
1228 2200 1294 2223 aestu
1311 2195 1429 2229 quodam
1442 2198 1536 2228 raptus
1562 2192 1596 2220 ad
1607 2192 1789 2227 philosophiae

156 2251 208 2277 τοῦ
233 2237 415 2279 eameam-4.
441 2237 527 2284 Οὗτος
551 2254 605 2288 γὰρ
635 2253 744 2288 πρῶτος
770 2237 944 2284 ὲνθούσιάσας

998 2244 1139 2270 veritatem
1169 2242 1370 2276 multorumque
1402 2240 1556 2274 opiniones,
1584 2238 1628 2273 qui
1646 2246 1788 2274 magnum-

156 2298 230 2332 πρὸς
247 2298 277 2324 τὸ
295 2299 344 2333 τῆς
365 2299 523 2333 φιὶοσοφίας
538 2299 675 2335 ἀληθινὸν,
694 2300 740 2325 καὶ
751 2300 800 2331 τὰς
817 2299 871 2325 τῶν
881 2299 946 2325 πολ-

155 2343 214 2369 λῶν
222 2343 302 2376 δόξας
316 2344 450 2379 ὑπεριδὼν
460 2346 508 2376 τὰς
516 2345 615 2377 ὄνειδος
624 2346 646 2361 ⁸⁸
659 2345 802 2380 φιλοσοφία
818 2353 948 2380 προστρι-

157 2389 289 2423 ϐομένας,
307 2387 360 2416 εἶδε
375 2391 464 2422 καλῶς
479 2391 514 2417 τὰ
537 2391 668 2426 ἐκατέρου
683 2391 729 2417 καὶ
743 2391 897 2426 συνήγαγεν
908 2392 948 2422 εἰς

155 2435 210 2462 ἕνα
227 2436 275 2462 καὶ
299 2436 346 2462 τὸν
361 2437 442 2463 αὑτὸν
459 2436 532 2468 νοῦν,
547 2438 595 2463 καὶ
616 2437 796 2464 ἀστασίαστον
811 2438 860 2472 τὴν
875 2437 949 2471 φιλο-

156 2481 259 2515 σοφίαν
277 2481 535 2521 παραδέδωκεηπᾶσι
553 2483 608 2514 τοῖς
620 2481 702 2508 αὑτοῦ
718 2481 874 2517 γνωρίμοις,
893 2483 946 2515 μά-

155 2527 239 2556 λιστα
248 2528 276 2554 δὲ
288 2530 344 2564 τοῖς
357 2529 477 2564 ἀρίστοις
490 2529 543 2555 τῶν
559 2529 634 2564 αὐτῷ
645 2528 857 2562 συγγεγονότων,
870 2528 946 2555 Πλω-

155 2575 226 2610 τίνῳ
241 2575 287 2601 καὶ
308 2576 441 2611 Ὠριγένει
457 2575 502 2602 καὶ
518 2577 575 2608 τοῖς
597 2575 660 2611 ἑξῆς
676 2575 730 2602 ἀπὸ
745 2574 858 2602 τούτων.

1002 2289 1120 2316 dedecus
1134 2287 1312 2322 philosophiae
1329 2286 1469 2317 all'crrent',
1483 2289 1673 2317 contentnens,
1689 2289 1780 2312 utram

1001 2342 1055 2370 que
1070 2339 1170 2361 sectam
1184 2333 1267 2368 probe
1278 2332 1381 2364 calluit,
1399 2331 1462 2358 etin
1474 2330 1648 2358 concordiam
1663 2330 1788 2362 adduxit,

1002 2385 1053 2408 eta
1073 2379 1295 2407 contentionibus
1320 2378 1430 2405 liberam
1449 2377 1651 2412 philosophiam
1675 2377 1788 2404 tradidit

1003 2427 1130 2454 omnibus
1155 2425 1212 2453 suis
1228 2424 1407 2456 auditoribus,
1432 2429 1460 2451 et
1483 2423 1602 2450 maxime
1620 2423 1790 2451 doctissimis

1002 2473 1152 2508 aequalibus
1177 2471 1236 2499 suis
1260 2470 1379 2503 Plotino,
1396 2474 1423 2497 et
1445 2469 1566 2505 Origcni,
1593 2474 1620 2497 et
1643 2477 1786 2498 successo-

1000 2521 1088 2549 ribus.

795 2674 914 2702 VARUE
928 2672 1130 2701 LECTIONES.

188 2758 217 2775 "
233 2757 357 2798 ὑφεστιὲκ
371 2765 402 2789 ς’.
436 2758 462 2798 _"
479 2758 526 2784 καὶ
541 2758 595 2798 ἀπό
613 2758 634 2785 Β
650 2767 655 2785 :
671 2757 717 2784 καὶ
732 2757 762 2798 τί)
777 2757 830 2798 ams
846 2766 889 2798 εκ,
916 2755 938 2771 ⁸⁸
955 2755 1108 2798 συνηγαγεν
1121 2758 1196 2798 aitet};
1323 2757 1388 2798 μηδέ
1460 2758 1554 2798 μήηςμ..
1582 2754 1785 2798 ¹⁸Ᾱξιατισχῦσαι

156 2791 444 2829 Δεκατισχὴσαιγοι
470 2794 640 2829 κατασχῆσαι
667 2802 697 2825 ς.
735 2793 757 2829 'f
787 2791 962 2829 ἀφεστῲς-ς.
988 2791 1024 2829 ﬂ“
1037 2792 1091 2816 ἀπὸ
1124 2791 1188 2829 add:
1208 2794 1240 2820 Α.
1278 2793 1299 2809 ⁶¹
1316 2791 1378 2828 εἴγ’]
1406 2793 1465 2819 libri
1491 2791 1564 2829 alﬁ'.

1603 2791 1626 2809 θ’
1640 2791 1723 2823 αὐτῆς
1744 2791 1763 2816 Α
1778 2798 1786 2816 :

157 2829 255 2860 αὐτοῖς
275 2825 315 2862 ςιξ’
328 2825 361 2844 ’⁸³
374 2828 428 2855 τῶν
447 2829 501 2854 ἀπὸ
526 2825 593 2855 ante
610 2825 817 2862 τΛριστοτέλους
831 2827 894 2854 add.
915 2827 946 2852 A.
985 2826 1007 2843 °‘
1022 2828 1185 2862 συγκρούειν
1199 2829 1222 2855 Α
1237 2838 1245 2856 :
1263 2825 1423 2861 συγκροτεῖν
1439 2836 1468 2858 ς.
1508 2826 1530 2862 *ξ’
1546 2826 1613 2860 φασί
1627 2826 1660 2853 Α.
1698 2826 1721 2842 ⁶⁶
1738 2825 1788 2853 καὶ

156 2864 282 2900 διέμεινε
296 2865 326 2892 δέ
341 2864 362 2890 B
381 2872 387 2890 :
403 2865 425 2890 Δ
438 2871 493 2891 om.
509 2863 683 2899 particulam.

732 2863 753 2878 ⁶⁷
769 2862 815 2889 τοῦ
840 2861 1037 2897 Ἀλεξανδρέως
1053 2861 1116 2890 add.
1134 2864 1169 2891 Α.

1218 2863 1241 2879 ⁸⁸
1257 2864 1305 2895 τὰς
1321 2863 1444 2889 πλεῖστον
1456 2861 1553 2893 όνειδος
1568 2869 1598 2893 ς.
