1945 3073
145 148 179 180 8!
703 156 964 188 BIBLIOTHECA.
975 171 1008 176 -
1018 158 1098 188 con.
1118 156 1211 186 cum.
1733 153 1769 185 82

147 206 239 233 νεσθαι
251 206 301 240 τῆς
318 205 373 232 τῶν
390 206 518 241 αίθερίων
532 207 609 239 ἀξίας
624 207 739 242 ὑπέστη.
762 209 798 234 Τὸ
812 210 861 244 μὲν
876 211 928 244 γὰρ

984 215 1005 237 et
1021 211 1183 238 adhaerendo
1200 210 1271 238 illius
1288 210 1469 244 cognitionem
1483 210 1594 241 habere,
1609 211 1766 240 cwlestihus

146 252 192 278 ἀεὶ
204 252 272 278 νοεῖν
288 251 333 277 τὸν
348 252 415 278 Θεὸν
440 253 487 278 καὶ
499 252 645 287 ἡνωμένως
666 253 749 280 αὑτοῦ
765 255 814 288 τὴν
830 255 931 288 γνῶσιν

146 297 220 333 ἔχειν
232 299 287 330 τοῖς
303 298 438 333 οὐρανίοις
455 298 594 333 πρόσεστι·
615 299 645 325 τὸ
672 299 700 326 δὲ
719 300 762 326 ἀεὶ
777 301 825 335 μὲν
845 302 931 334 διεξο-

145 343 228 375 δικῶς
245 344 272 370 δὲ
296 345 352 376 τοῖς
368 345 499 379 αἰθερίοις
514 347 574 371 κατ’
594 345 687 372 οὐσίαν
706 346 834 382 ὑπάρχει·
850 348 880 374 τὸ
903 348 932 374 δὲ

147 390 215 424 μήτε
231 389 275 416 ἀεὶ
291 391 360 416 νοεῖν
381 390 428 416 καὶ
445 391 474 416 ἐν
489 390 564 425 αὐτῷ
580 391 618 426 τῷ
633 394 702 418 νοεῖν
721 393 931 427 μεμερισμένως

145 436 215 462 νοεῖν
233 437 293 467 ταῖς
315 435 500 468 ἀνθρωπίναις
513 437 613 472 ψυχαῖς
627 437 664 469 ὡς
680 438 743 464 ἴδιον
758 437 927 470 ἀποδέδοται,

145 481 375 515 ἀπολειπομέναις
388 482 458 508 κατὰ
469 482 550 517 φύσιν
561 483 610 517 τῆς
621 492 650 509 τε
664 484 685 499 ⁸⁷
701 484 851 519 ἀμερίστου
867 485 931 519 νοή-

146 535 215 557 σεως
232 526 286 552 τῶν
312 527 446 560 οὐρανίων
470 529 516 554 καὶ
541 528 591 562 τῆς
608 529 636 554 ἐν
649 528 724 561 τάξει
739 528 931 564 πληθυομένης

144 571 270 605 γνώσεως
278 571 331 597 τῶν
342 572 478 607 αίοερίων,
488 573 548 598 ἐπεὶ
558 574 625 608 μήτε
639 574 746 604 ἑνιαίως
758 574 826 608 μήτε
838 574 931 605 ἀῖδίως

144 618 251 644 νοοῦσιν
267 615 357 650 αὗται,
374 618 442 644 ἀλλὰ
464 619 509 645 καὶ
535 619 600 645 ὅταν
622 619 690 654 πρὸς
714 619 763 655 τὴν
788 619 835 645 τοῦ
860 620 931 646 νοεῖν

145 663 224 695 ἀξίαν
241 663 406 697 ἀνάγωνται,
419 664 468 700 τὴν
484 664 608 699 αἰθερίαν
622 665 766 700 μιμοῦνται
777 666 879 699 γνῶσιν
896 665 930 698 ³⁸,

145 712 193 737 καὶ
210 710 295 745 ταύτῃ
311 711 490 745 συνεπόμεναι
506 710 559 736 τῶν
571 710 674 744 νοητῶν
699 710 867 745 καρποῦνται
882 711 931 745 τὴν

145 757 220 782 Θέαν.
238 755 316 782 Μετὰ
331 755 359 782 δὲ
379 755 410 782 τὸ
423 755 514 790 τρίτον
536 755 628 791 νοερὸν
650 755 738 789 γένος,
752 755 782 781 τὸ
797 757 861 781 ποτὲ
878 755 928 790 μὲν

145 802 222 828 νοοῦν
232 801 297 827 ποτὲ
307 801 335 828 δὲ
347 802 383 836 μὴ
398 801 486 833 νοοῦν,
502 801 543 836 εἴη
559 801 591 827 ἂν
599 801 629 827 τὸ
643 801 777 836 μηδέποτε
789 801 866 828 νοοῦν
879 810 932 828 κα-

145 848 179 874 τὰ
190 848 234 874 τὸν
245 848 295 882 τῆς
306 847 410 879 τελείας
421 847 577 882 διαιρέσεως
593 847 680 881 λόγον·
691 847 705 873 ὃ
720 847 752 882 δὴ
763 847 842 881 φύσει
857 849 931 874 ζεστὶν

145 879 410 925 ἁνὸητονξὰληθείας
424 900 454 917 τε
470 879 516 918 καὶ
532 879 634 927 ἀρετῆς
646 879 752 927 οὐδαμῆ
764 879 786 908 ἐπ’
807 893 930 928 μετέχειν
944 879 967 908 Β

145 937 291 974 δυνάμενον
304 936 336 964 ⁹⁰.
347 937 392 963 Διὸ
400 937 484 964 καὶτὸ
493 935 562 964 εἶναι
581 938 704 972 γέννημα
713 939 817 965 ἐκείνου
832 939 931 965 ἐκϐάλ-

146 983 231 1010 λεται.
249 983 311 1014 Πῶς
325 984 381 1018 γὰρ
395 983 477 1010 εἰκὼν
485 984 531 1011 τοῦ
553 984 648 1018 νοητοῦ
656 985 723 1011 Θεοῦ
734 985 764 1010 τὺ
776 985 873 1019 ἄλογον
885 986 932 1012 καὶ

145 1029 259 1063 ἀνόητον
270 1037 277 1060 ς
291 1030 366 1055 nisa.
379 1030 432 1065 γὰρ
444 1031 547 1056 ἐκείνου
566 1030 648 1056 εἰκὼν
659 1030 750 1062 ἔννους
760 1031 806 1057 καὶ
822 1031 930 1066 λογικὴ,

147 1075 193 1100 καὶ
204 1075 225 1090 ’ί
239 1075 383 1108 γινώσκειν
393 1076 493 1111 ἑαυτὴν
513 1077 559 1103 καὶ¹
576 1076 621 1102 τὸν
634 1077 784 1111 ποιήσαντα
797 1077 930 1111 πέφυκεν.

183 1131 245 1157 Ὅτι
269 1131 324 1157 τῶν
352 1131 444 1157 ἐνθάδε
461 1132 655 1166 πραττομένων
670 1133 735 1166 ἡμῖν
759 1132 838 1166 λόγον
858 1134 933 1168 ἡμᾶς

145 1177 254 1208 ἕπεται,
271 1177 364 1211 φησὶν,
376 1177 487 1211 ὑπέχειν
503 1176 569 1212 [752
587 1177 635 1213 Η.]
650 1179 706 1209 τοῖς
721 1178 770 1213 τὴν
789 1179 876 1213 μέσην
890 1179 934 1214 λῆ-

146 1224 189 1256 ξιν
201 1223 341 1258 λαχοῦσιν,
355 1224 403 1250 ἅτε
417 1223 449 1257 δὴ
463 1223 560 1257 φύλαξι
573 1225 620 1250 καὶ
633 1225 742 1259 ἐφόροις
754 1223 828 1252 οὖσιν
842 1226 931 1261 ἡμῶν.

146 1269 242 1296 Iliam;
255 1270 283 1296 δὲ
298 1270 349 1305 τὴν
366 1271 430 1305 περὶ
447 1271 520 1306 ἡμᾶς
534 1270 623 1296 αὐτῶν
640 1271 780 1304 ἐνέργειαν
795 1271 933 1306 εἱμαρμέ-

145 1324 196 1350 νην
217 1316 368 1349 καλεῖσθαι,
386 1316 462 1350 δίκης
482 1316 575 1351 νόμοις
590 1316 626 1342 τὰ
637 1317 758 1351 ἡμέτερα
780 1316 934 1342 διατάττου-

147 1370 209 1390 σαν.
228 1363 258 1388 El
274 1362 303 1388 δὲ
327 1362 448 1396 φύλακές
461 1363 513 1388 εἰσι
531 1362 620 1397 (φησὶ)
638 1362 686 1389 τοῦ
706 1362 774 1396 πρὸς
788 1363 837 1397 τὴν
854 1362 933 1395 ἀξίαν

145 1408 345 1443 ἀφοριζομένου
367 1407 436 1443 βίου,
460 1408 583 1443 δηλονότι
599 1408 647 1434 καὶ
659 1407 706 1434 τοῦ
720 1408 818 1443 χρόνου
832 1405 885 1434 εἶεν
899 1408 932 1436 ἂν

145 1454 354 1489 ἁποπληρωταὶ,
366 1454 396 1480 ὂν
410 1455 524 1486 ἕκαστος
539 1455 596 1490 βίος
606 1454 629 1470 "
640 1454 826 1489 ἐκληρώσατο·
838 1455 869 1481 οὺ
879 1454 934 1489 γὰρ

145 1500 208 1527 ἐστι
222 1501 267 1526 τὸν
283 1501 339 1535 βίον
349 1502 442 1536 τηρεῖν
453 1501 500 1527 τοῦ
515 1501 611 1536 χρόνου
627 1501 657 1527 τὸ
672 1501 796 1535 ἀόριστον
813 1500 930 1536 ἔχοντος.

146 1546 232 1572 ’Ὥστε
249 1547 289 1573 δεῖ
303 1547 348 1573 τὸν
364 1548 413 1582 μὲν
434 1547 529 1582 χρόνον
550 1546 666 1581 ὡρίσθαι
689 1546 732 1573 διὰ
752 1547 782 1573 τὸ
798 1547 933 1579 σώζεσθαι
947 1547 968 1575 C

144 1593 193 1619 τὸν
212 1593 376 1627 εἱμαρμένον
406 1592 472 1627 βίον,
489 1593 535 1619 τὸν
557 1592 585 1619 δὲ
601 1593 702 1627 τρόπον
728 1593 779 1627 τῆς
804 1593 932 1629 τελευτῆς

147 1638 338 1672 συνδιωρίσθαι
350 1638 390 1673 τῷ
412 1638 500 1673 χρόνῳ
522 1638 560 1670 ὡς
587 1638 668 1673 μέρος
689 1638 757 1665 ὅντα
774 1640 804 1666 τὸ
819 1639 933 1674 ἔσχατον

144 1683 194 1711 τοῦ
215 1684 283 1719 πρὸς
308 1685 358 1719 τὴν
380 1684 458 1716 ἀξίαν
481 1685 699 1720 ἀπονεμηθέντος
722 1685 790 1720 βίου.
814 1687 869 1713 Καὶ
880 1687 933 1722 γὰρ

145 1731 197 1765 τῆς
219 1730 353 1763 γενέσεως
372 1731 529 1766 ὡρισμένης
556 1731 661 1766 ἀνάγκη
690 1732 738 1758 καὶ
758 1733 803 1758 τὺν
820 1732 933 1759 θάνατον

145 1776 273 1811 ὡρίσθαι.
299 1776 355 1812 Τὴν
377 1777 405 1803 δὲ
422 1778 509 1812 ἀρχὴν
535 1777 585 1811 τῆς
599 1778 731 1811 γενέσεως
749 1778 834 1812 ὁρίζει
851 1779 867 1813 ἡ
883 1778 933 1813 τῆς

147 1823 254 1849 ἐκεῖθεν
279 1823 428 1858 ἐκπομπῆς
449 1825 614 1858 εἱμαρμένη,
641 1823 701 1850 θεία
727 1823 852 1858 βούλησις
866 1822 934 1851 οὖσα

145 1869 196 1896 καὶ
211 1870 293 1904 νόμος
310 1870 360 1905 τῆς
381 1870 427 1896 τοῦ
441 1870 509 1896 Θεοῦ
527 1870 614 1905 δίκης.
633 1869 714 1905 [1585
728 1870 776 1905 IL]
791 1871 870 1897 Ὥστε
886 1871 934 1897 καὶ

145 1915 195 1942 τὸν
207 1915 321 1942 θάνατον
335 1916 486 1951 ὡρισμένον
498 1917 611 1951 τηρήσει
623 1917 640 1950 ή
653 1915 703 1950 τῆς
719 1916 824 1943 ἐνθένδε
841 1918 933 1943 ἐκεῖσε

148 1961 341 1995 μεταστάσεως
365 1961 530 1995 εἱμαρμένη.
559 1961 605 1987 Διὸ
631 1960 745 1993 ὥρισται
775 1962 821 1988 καὶ
845 1962 875 1988 τὸ
890 1962 934 1988 διὰ

146 2006 233 2032 τῶνδε
253 2007 302 2041 μὲν
319 2005 464 2041 παρελθεῖν
480 2006 518 2036 είς
543 2006 588 2032 τὸν
609 2006 677 2040 βίον,
699 2006 743 2032 διὰ
759 2007 841 2032 τῶνδε
862 2007 890 2033 δὲ
910 2008 933 2023 ⁹³

146 2052 180 2078 ὲκ
192 2052 240 2078 τοῦ
260 2051 318 2086 βίον
334 2051 471 2078 ἀπελθεῖν.
495 2052 527 2078 Εἰ
540 2052 595 2087 γὰρ
614 2051 728 2086 ἀόριστα
743 2053 842 2083 ταῦτα,
859 2053 906 2079 καὶ
920 2053 934 2079 ό

146 2098 205 2134 βίος
222 2097 296 2130 ἅπας
312 2098 437 2134 ἀόριστος
460 2098 507 2125 καὶ
532 2100 582 2133 τῆς
601 2100 755 2134 κρείττονος
773 2100 934 2132 ἐπιστασίας

145 2146 273 2180 ἄμοιρος.
292 2145 348 2171 Ποῦ
368 2144 422 2179 γὰρ
443 2144 482 2171 ἐτι
503 2144 520 2179 ἦ
539 2145 567 2170 ὲν
580 2143 634 2170 τίσι
653 2144 702 2178 τῆς
720 2144 796 2176 θείας
816 2145 934 2180 κρίσεως

145 2191 256 2225 καὶτῆς
271 2191 339 2226 πρὸς
352 2191 431 2223 ἀξίαν
440 2191 569 2225 διανομῆς
583 2190 658 2216 ἔσται
673 2191 689 2225 ὴ
709 2191 862 2226 ἐπιμέλεια,
877 2191 932 2218 τῶν

144 2239 211 2273 περὶ
226 2238 258 2264 τὸ
276 2237 355 2271 σῶμα
375 2238 424 2263 καὶ
433 2237 466 2263 τὰ
480 2237 557 2268 ἐκτὸς
573 2238 633 2273 εἰκῆ
648 2239 694 2264 καὶ
707 2237 746 2269 ὡς
761 2237 856 2272 ἔτυχεν
868 2239 932 2273 ἡμῖν

146 2283 373 2318 συμπιπτόντων;
386 2284 423 2310 Οὐ
435 2284 489 2318 γὰρ
501 2284 587 2311 ταῦτα
598 2285 646 2320 μὲν
656 2285 761 2311 ἄτακτα
770 2285 932 2319 καταλείψο-

146 2338 207 2364 μεν,
223 2330 272 2361 τὰς
279 2330 308 2356 δὲ
323 2331 372 2364 τῆς
379 2331 403 2346 ’⁵
415 2329 503 2365 ψῦχῆς
521 2331 694 2365 προαιρέσεις
705 2331 752 2357 καὶ
764 2331 868 2366 κρίσεις
885 2331 932 2357 καὶ

143 2375 234 2410 ὁρμὰς
245 2375 299 2402 ἀπὸ
316 2375 468 2409 κρείττονος
483 2376 605 2411 ἀνάγκης
627 2375 782 2410 ἐγγίνεσθαι
796 2377 930 2410 φήσομενσ

142 2422 216 2448 οὕτω
235 2422 290 2456 γὰρ
303 2421 403 2456 ἀρετῆς
418 2422 465 2449 καὶ⁴
479 2422 578 2453 κακίας
589 2422 638 2457 οὐχ
658 2423 731 2457 ἡμᾶς
751 2422 860 2454 αὐτοὺς,
873 2421 932 2448 ἀλλ’

143 2467 254 2502 ἐκείνην
268 2466 471 2502 αἰτιασαίμεθα.
485 2468 553 2495 Οὐδὲ
569 2468 621 2503 μὴν
632 2469 721 2495 πάντα
735 2469 768 2502 τῇ
781 2468 845 2502 παρ’
861 2467 933 2493 ἐκεία

142 2524 199 2541 νων
215 2514 322 2550 ἀνάγκῃ
336 2514 446 2548 εῠὶογον
461 2515 626 2546 ἀνατιθέναι,
642 2514 676 2541 τὰ
693 2515 741 2548 τῆς
757 2514 845 2549 ψυχῆς
861 2514 933 2547 λέγω

143 2562 194 2587 καὶ
218 2561 344 2595 σώματος
366 2562 412 2588 καὶ
428 2561 483 2588 τῶν
496 2562 583 2592 ἐκτός·
603 2560 660 2587 ἀλλ’
673 2561 732 2587 οὐδὲ
748 2561 836 2587 πάντα
858 2561 933 2586 ἀνεῖ-

143 2607 209 2634 σθαι
224 2608 283 2638 ταῖς
304 2607 412 2642 ἀλόγοις
427 2607 474 2633 καὶ
489 2607 673 2643 ἀνεπικρίτοις
696 2607 802 2642 φοραῖς,
819 2606 863 2633 νοῦ
878 2605 932 2632 τῶν

982 257 1062 284 inest.
1092 257 1157 284 Illud
1179 264 1243 283 vero
1269 265 1375 290 semper
1401 256 1461 283 fuse
1479 257 1600 284 aetheriis
1615 257 1765 284 secundum

982 303 1127 330 essentiam
1146 303 1248 330 subest.
1272 302 1330 329 Non
1362 310 1471 336 semper
1497 307 1588 329 autem
1606 303 1766 338 intelligere,

983 351 1065 381 atque
1090 347 1264 381 intelligendo
1288 347 1406 374 divisum
1431 355 1505 379 esse,
1524 347 1650 374 Immanis
1669 348 1768 383 animis

983 398 1112 427 tanquam
1129 393 1267 427 proprium
1279 393 1371 420 datum
1388 397 1440 425 est,
1456 401 1508 419 non
1521 394 1730 428 assequentibus
1741 394 1768 420 in

983 444 1079 466 natura
1093 439 1207 466 divisam
1222 439 1425 474 intelligentiam
1440 439 1602 472 cmlestium,
1614 447 1664 466 nec
1679 440 1705 466 in
1720 447 1767 467 or-

982 486 1045 512 dine
1061 493 1110 512 suo
1119 486 1225 520 plenam
1236 486 1417 520 cognitionem
1426 486 1613 513 aetheriorum.
1625 486 1766 521 Siquidem

983 540 1033 559 nec
1056 531 1237 564 continenter,
1250 539 1301 558 nec
1325 536 1457 567 perpetuo
1487 531 1571 558 animi
1585 536 1765 567 cognoscunt.

984 578 1036 605 Sed
1056 586 1118 606 eum
1134 579 1166 606 ad
1183 579 1345 614 cognitionis
1353 580 1538 614 prastantiam
1555 581 1671 611 ducunt.
1684 580 1768 607 aztlie-

984 626 1052 652 rium
1069 625 1191 651 ordinem
1202 625 1334 656 imitatur,
1344 633 1459 660 eumque
1473 625 1702 657 concomitantes,
1719 625 1763 651 in-

984 670 1162 706 telligibilium
1179 671 1311 697 visionem
1325 671 1490 706 percipiunt.
1511 671 1575 698 Post
1595 671 1704 698 tertium
1719 679 1768 698 att-

983 721 1035 743 tcm
1056 716 1238 743 intcllectuale
1262 724 1346 752 genus
1361 717 1508 751 aliquando
1530 717 1638 751 quidem
1662 717 1765 744 intelli-

982 770 1057 796 gens,
1086 762 1232 796 aliquando
1263 769 1316 789 non
1350 763 1511 796 intelligens,
1529 768 1602 790 esset
1623 771 1763 797 nunquam

982 808 1135 843 intelligens
1164 808 1312 836 secundum
1326 809 1457 836 rationem
1475 809 1600 844 perfectae
1614 809 1767 836 divisionis.

982 853 1059 885 Quod
1068 859 1140 880 certe
1152 858 1248 880 natura
1257 859 1298 881 est
1311 862 1362 881 non
1374 855 1535 889 intelligens,
1545 855 1667 882 veritatis
1676 860 1703 882 et
1715 855 1769 882 vir-

983 901 1226 935 tutisuequaquam
1242 906 1395 934 potestcsse
1409 902 1543 936 particeps
1558 911 1564 928 :
1577 909 1661 936 quare
1674 907 1701 928 et
1717 901 1769 928 hoc

983 953 1068 981 genus
1094 945 1226 980 rejicitur.
1245 946 1388 979 Quomodo
1404 947 1475 973 enim
1491 947 1579 981 imago
1592 947 1765 987 intelligibilis

983 992 1030 1019 Dei
1058 992 1162 1018 ratione
1174 997 1201 1019 et
1221 999 1274 1019 non
1299 992 1435 1019 intellectu
1449 992 1558 1019 careat?
1577 992 1672 1020 Omnis
1695 993 1766 1019 enim

983 1038 1057 1065 illius
1085 1039 1174 1073 imago
1205 1038 1358 1072 intelligens
1377 1042 1405 1065 et
1431 1038 1571 1065 rationalis
1603 1046 1768 1073 cognoscere

983 1084 1099 1118 seipsam
1119 1089 1146 1110 ct
1156 1085 1197 1110 sui
1223 1084 1352 1111 factorem
1368 1084 1446 1111 solet.

1017 1140 1247 1172 Consentaneum,
1274 1141 1372 1175 inquit,
1385 1145 1428 1168 est
1448 1140 1571 1167 actiones
1597 1145 1703 1167 nostras
1718 1141 1769 1167 hu-

983 1194 1078 1213 manas
1095 1186 1207 1213 subesse
1221 1186 1266 1218 iis,
1279 1193 1342 1220 quae
1358 1185 1476 1212 mediam
1504 1186 1641 1220 regionem
1665 1186 1769 1212 sortita:

984 1236 1057 1263 sunt,
1075 1236 1203 1265 tanquam
1216 1231 1377 1258 custodibus
1390 1235 1418 1257 et
1433 1231 1632 1266 inspectoribus
1656 1231 1768 1258 nostris.

983 1276 1097 1304 Omnem
1116 1277 1188 1303 enim
1206 1277 1393 1311 operationem
1414 1283 1508 1303 eorum
1540 1277 1566 1303 in
1589 1276 1667 1303 nobis
1683 1275 1768 1302 fatum

983 1324 1074 1351 vocari
1088 1323 1200 1358 justitiaa
1214 1324 1319 1357 legibus
1332 1323 1462 1358 dirigens.
1477 1323 1507 1350 Si
1518 1330 1592 1355 vero,
1609 1323 1708 1357 inquit,
1722 1329 1770 1349 cu-

984 1371 1077 1398 stodes
1094 1370 1153 1396 vita:
1166 1376 1214 1404 pro
1231 1371 1328 1396 merito
1345 1369 1447 1396 deliniti
1460 1373 1533 1398 sunt.
1549 1371 1656 1396 constat
1669 1372 1696 1394 et
1709 1368 1770 1394 vitae

985 1422 1109 1451 tempus,
1133 1416 1205 1449 quod
1227 1416 1324 1451 singuli
1350 1416 1439 1443 sortiti
1465 1415 1577 1447 fuerint,
1598 1414 1768 1448 impleturus.

984 1464 1042 1491 Non
1058 1465 1131 1491 enim
1147 1464 1209 1491 licet
1235 1464 1317 1489 vitam
1335 1469 1443 1489 servare
1467 1466 1571 1495 tempus
1598 1461 1768 1487 indefinitum

985 1511 1138 1537 habentem.
1152 1509 1243 1542 Quare
1260 1513 1367 1543 oportet
1386 1513 1490 1542 tempus
1503 1506 1620 1539 deliniri,
1635 1511 1663 1532 ut
1679 1505 1770 1533 fatalis

986 1555 1038 1581 vita
1052 1559 1239 1581 conservetur.
1263 1552 1372 1580 Modum
1390 1560 1454 1579 vero
1468 1552 1565 1579 mortis
1580 1551 1662 1579 simul
1678 1551 1769 1577 deter-

985 1600 1082 1627 minari
1108 1607 1170 1627 cum
1199 1604 1333 1633 tempore,
1363 1602 1491 1631 tanquam
1514 1600 1618 1631 partem
1648 1595 1768 1621 ultitnam

985 1648 1046 1673 vitae
1061 1654 1109 1680 pro
1123 1645 1222 1672 merito
1247 1644 1411 1671 distributae.
1440 1642 1546 1669 Etenim
1567 1647 1627 1668 ortu
1646 1641 1768 1672 definito,

984 1699 1097 1718 necesse
1112 1696 1154 1717 est
1177 1695 1202 1717 et
1221 1691 1300 1716 linem
1327 1688 1468 1715 definitum
1499 1693 1569 1714 esse.
1586 1685 1683 1721 “ab
1711 1684 1766 1711 liii-

985 1735 1051 1762 tium
1077 1739 1154 1762 ortus
1168 1733 1261 1761 definit
1284 1733 1369 1760 fatum
1392 1731 1563 1767 migrationis
1583 1740 1597 1758 e
1616 1732 1679 1763 vita,
1697 1731 1768 1765 quod

985 1780 1069 1806 fatum
1097 1780 1189 1807 divina
1216 1780 1343 1806 voluntas
1371 1782 1430 1810 est,
1451 1783 1477 1804 et
1504 1777 1546 1804 lex
1573 1776 1686 1810 justitia:
1713 1775 1768 1802 Dei.

985 1830 1075 1862 Quare
1104 1829 1186 1856 ctiam
1212 1832 1325 1854 mortem
1361 1827 1500 1854 deﬁnitam
1539 1825 1658 1852 servabit
1685 1823 1768 1849 fatum

985 1876 1154 1903 transitionis
1170 1875 1232 1902 hinc
1247 1874 1322 1903 illuc.
1336 1873 1425 1906 Quare
1442 1872 1584 1899 deliuitum
1601 1875 1653 1901 est,
1671 1869 1770 1903 quibus

985 1922 1017 1948 ad
1041 1922 1124 1947 vitam
1149 1925 1176 1947 et
1203 1920 1235 1946 ad
1259 1923 1373 1945 mortem
1397 1918 1547 1944 veniemus.
1572 1914 1600 1942 Si
1616 1915 1688 1941 enim
1714 1914 1771 1940 haec

985 1966 1118 1993 destinata
1135 1973 1190 1991 non
1205 1965 1270 1996 sint,
1288 1968 1315 1990 ct
1330 1963 1420 1990 omnis
1444 1962 1500 1988 vita
1521 1961 1636 1990 infinita,
1650 1967 1698 1986 nec
1712 1966 1771 1985 lite-

987 2012 1063 2039 lioris
1077 2010 1160 2038 sortis
1169 2011 1314 2044 particeps.
1339 2008 1389 2036 Uni
1403 2009 1487 2039 enim,
1499 2007 1586 2034 autin
1602 2006 1713 2040 quibus,
1726 2005 1771 2038 ju-

985 2059 1049 2085 dicii
1065 2058 1160 2089 divini,
1177 2061 1205 2083 et
1224 2055 1426 2083 distributionis
1438 2053 1588 2081 secundum
1605 2052 1701 2078 merita
1719 2051 1771 2077 erit

985 2108 1062 2132 cura,
1079 2107 1174 2126 eorum
1186 2106 1247 2132 qua
1259 2098 1285 2124 in
1302 2104 1416 2130 corpore
1431 2101 1457 2123 et
1469 2094 1588 2122 externis
1603 2094 1710 2120 “temere
1739 2099 1772 2119 ac

992 2145 1104 2172 fortuito
1118 2144 1197 2171 nobis
1216 2142 1360 2171 accidunt?
1377 2141 1438 2168 Non
1454 2141 1526 2168 ettitn
1548 2140 1606 2166 haec
1617 2138 1771 2165 inordinata

988 2191 1185 2225 relinquemus,
1206 2189 1289 2216 animi
1306 2188 1420 2215 consilia
1435 2185 1587 2221 ctjudicia.
1606 2190 1634 2212 ct
1652 2184 1770 2217 impetus

987 2245 1002 2263 a
1019 2237 1123 2263 meliori
1139 2236 1301 2263 necessitate
1324 2234 1383 2261 ﬁeri
1397 2233 1529 2260 dicetnus.
1543 2231 1588 2258 Sic
1603 2230 1674 2257 enim
1689 2229 1772 2256 virtu-

985 2283 1019 2310 tis
1037 2289 1064 2310 et
1085 2283 1194 2309 malitiae
1208 2290 1261 2309 non
1275 2289 1323 2309 nos
1338 2282 1423 2315 ipsos,
1439 2280 1485 2306 sed
1503 2278 1576 2305 illam
1593 2276 1769 2304 accusaveri-

985 2336 1058 2355 utus.
1089 2327 1180 2362 Neque
1210 2328 1281 2354 enim
1312 2334 1420 2360 sequuti)
1442 2330 1484 2352 est
1513 2324 1587 2351 fatali
1616 2322 1769 2350 necessitati

984 2374 1131 2406 ascribere,
1142 2381 1203 2408 qua:
1216 2374 1309 2400 animo
1325 2373 1367 2399 vel
1379 2371 1497 2406 corpori,
1510 2370 1550 2397 vel
1561 2369 1682 2396 externis
1699 2369 1771 2396 acci—

984 2421 1063 2448 dunt.
1079 2419 1133 2446 Sed
1153 2427 1239 2454 neque
1256 2419 1348 2445 omnia
1374 2418 1436 2444 ferri
1463 2416 1615 2444 temerariis
1644 2420 1692 2442 aut
1714 2415 1770 2441 for—

982 2467 1056 2494 tuitis
1091 2467 1201 2493 casibus
1231 2474 1280 2500 par
1311 2469 1364 2497 cst,
1381 2468 1470 2491 tuente
1499 2463 1680 2498 principatum
1711 2469 1770 2488 om-

982 2513 1057 2539 nium
1083 2515 1202 2541 tenente,
1227 2516 1254 2537 et
1278 2509 1334 2536 DBO
1360 2510 1482 2537 οιιιιιὶυιιι
1507 2509 1653 2535 ελεὶδιοιιιο
1675 2514 1769 2534 causa.

983 2558 1144 2586 Necessario
1173 2558 1264 2592 itaque
1290 2557 1453 2591 relinquitur
1478 2556 1622 2583 arbitriutn
1650 2555 1767 2582 liberum

982 2604 1010 2632 in
1024 2604 1103 2632 nobis
1117 2611 1188 2636 csse,
1201 2608 1230 2630 et
1243 2603 1332 2637 justas
1351 2602 1545 2632 retributiones
1561 2601 1654 2629 liberis
1681 2600 1768 2628 actio-

838 2707 959 2735 VARUE
991 2705 1193 2734 LECTIONES.

173 2786 198 2802 "
213 2794 243 2812 τε
257 2793 311 2813 om.
324 2786 354 2813 Β.
394 2786 418 2804 ⁸⁸
434 2794 498 2821 μιμ.
510 2786 585 2818 τάξιν
599 2785 698 2819 γνῶσιν
715 2795 744 2818 ς.

784 2787 806 2802 ⁵³
824 2786 926 2821 οὐδαμῆ
952 2784 1086 2821 μετέχειν]
1107 2785 1224 2821 οὐδαμοῦ
1241 2785 1321 2821 μένον
1335 2784 1355 2811 Β
1369 2789 1397 2812 et
1411 2792 1482 2821 corr.
1505 2783 1538 2810 A.

1586 2783 1608 2798 "
1621 2782 1768 2818 δυνάμενον

143 2828 202 2848 om.
220 2822 254 2857 Δγ,
270 2827 300 2857 ut
317 2818 515 2856 legendum—sit
528 2818 631 2857 ορδαμῆ
644 2823 764 2857 μετέχον.
802 2823 823 2838 ⁹¹
841 2818 962 2849 manus
976 2818 1122 2855 γινώσκειν
1133 2818 1197 2848 add.
1212 2818 1247 2847 A.
1283 2820 1306 2835 θ’
1322 2821 1378 2855 βίος
1395 2820 1438 2847 A:
1454 2820 1510 2854 βίον
1522 2827 1553 2850 ς.
1590 2819 1613 2834 ⁸³
1625 2818 1652 2844 δὲ
1664 2827 1720 2846 om.
1733 2820 1768 2851 Α,

143 2862 209 2884 Iule
220 2856 303 2883 τῶνδε
321 2860 397 2892 ponit
414 2857 443 2884 Β,
491 2857 513 2872 θ*
524 2856 574 2891 τῆς
586 2857 647 2883 add.
664 2858 695 2883 Α.
