1945 3073
163 145 199 177 83
743 147 876 179 ΡΗΟΤῙΙ
894 147 958 178 ΡΛἸ

1009 147 1148 178 ΑΒΟΗΔΕ
1161 149 1216 179 CP.
1762 147 1796 180 84

165 202 248 231 nibus
257 210 339 238 penes
353 202 483 230 a‘tbcrios
498 210 559 230 esse
571 210 586 230 a
604 203 661 230 Deo
677 203 783 238 judices
798 204 952 236 ordinatos,

1009 205 1115 232 πάντων
1129 206 1284 241 ἡγουμένου
1299 206 1346 233 καὶ
1360 204 1428 233 Θεοῦ
1443 206 1498 233 τῶν
1512 206 1581 233 ὅλων
1601 206 1677 238 ὄντος
1695 205 1795 233 αἰτίου.

163 254 191 276 et
209 248 297 275 nostri
316 255 410 275 curam
436 253 572 282 gerentes.
599 247 668 275 Cum
683 249 756 276 enim
772 249 822 276 tria
853 249 909 276 sint
925 249 953 275 in

163 295 254 326 nobis,
276 294 366 321 omnia
393 294 520 321 nimirum
548 295 705 322 necessario
724 294 793 328 lieri,
809 299 856 322 aut
872 295 952 328 nihil,

163 345 211 367 aut
224 340 362 373 vicissim;
379 340 420 367 vel
435 345 464 367 ut
475 346 592 374 oportet,
604 348 680 375 teque
695 341 842 368 absurdum
856 347 907 372 est,
928 345 954 368 et

162 387 303 421 aequaliter
328 393 435 414 omnem
457 386 525 413 tollit
536 387 746 421 providentiam.
763 387 858 415 Merita
881 388 954 415 enim

164 433 280 468 praevisa
293 441 347 461 una
358 441 451 461 secum
462 434 573 461 omnino
590 434 724 461 imlucunt
742 434 953 468 providentiam,

164 484 191 507 et
206 479 303 507 deinde
324 479 411 507 fatum
428 484 454 508 et
466 479 600 515 judicium
625 480 783 515 providens,
797 481 904 516 justitia
927 485 955 509 et

165 525 223 560 lege
238 525 357 553 humana
374 526 515 560 ordinans,
536 526 623 554 libero
638 534 671 554 ac
680 527 836 554 voluntario
853 527 956 563 indiget

168 571 313 606 principio.
329 571 420 604 Quare
432 580 496 606 pars
513 577 554 600 est
569 573 653 600 totius
672 573 852 608 providentia:
868 569 967 600 fatum.

165 617 199 643 ad
212 617 346 644 humanas
356 617 616 653 animasjudiciaria
630 619 688 654 lege
705 619 953 647 accommodatum.

166 661 356 691 llumanorum
371 671 437 691 vero
457 665 613 692 animorum
630 666 766 700 operatio,
784 666 869 693 libera
884 666 956 694 actio

166 713 218 741 est,
235 714 272 740 et,
301 709 373 743 quod
387 709 485 737 dicitur
498 710 524 737 in
536 716 631 738 nostra
650 718 711 738 esse
727 716 869 746 potestate,
881 712 907 738 id
917 712 957 739 di-

166 755 386 789 vinisjudicibus
401 756 500 783 rationi
515 761 702 784 consentanea
712 757 821 784 occasio
833 762 874 784 est
888 757 955 784 ina:-

166 800 257 834 qualis
268 800 481 830 distributionis.
496 801 648 830 Fortuitum
666 810 732 830 vero
755 807 841 830 totum
855 808 958 830 morta-

166 846 250 877 libus,
267 850 294 874 et
307 847 396 875 brutis
413 848 543 876 tribuitur
555 849 788 884 generationibus.
810 849 869 876 Non
882 849 955 876 enim

167 894 196 920 in
214 893 331 929 singulis
353 894 487 927 ordinate,
511 903 601 929 neque
624 895 701 930 juxta
726 896 841 930 praevisa
861 896 956 922 merita

166 940 290 974 procedit
305 949 313 968 :
330 941 465 975 siquidem
493 948 527 968 ex
547 941 609 977 igne
629 941 764 968 exstincto
785 949 831 969 aer
855 941 885 969 [it
901 950 908 968 :
923 949 956 969 ex

166 993 230 1013 aere
252 986 421 1014 condensato
437 995 518 1022 aqua,
536 995 626 1021 neque
641 995 674 1014 ex
697 987 741 1014 bis
756 988 824 1015 cibis
837 988 898 1022 equi
915 988 957 1015 vel

166 1032 244 1060 canis
267 1040 378 1067 corpus,
394 1041 427 1060 ex
442 1034 503 1061 aliis
518 1041 582 1061 vero
594 1032 667 1061 aliud
680 1034 744 1069 quid
770 1035 886 1062 exsistit.
903 1034 957 1062 Sed

166 1078 258 1105 omnia
285 1086 318 1105 ex
340 1079 467 1107 omnibus
492 1084 594 1107 tomcre
617 1085 732 1115 possunt
752 1081 865 1115 produci
893 1089 958 1116 pro-

166 1128 227 1158 pter
251 1124 351 1160 563a
373 1132 546 1153 communem
562 1128 714 1159 materiam,
731 1132 759 1154 et
779 1128 872 1155 omnia
886 1128 912 1155 in
927 1135 957 1155 se

166 1169 373 1204 suscipientem.
399 1179 518 1205 eumque
540 1173 646 1200 ordinis
673 1173 827 1209 divinmque
837 1175 957 1202 necessi-

166 1214 231 1241 tatis
247 1215 359 1242 modum
376 1216 531 1251 participat,
548 1222 578 1244 ut
593 1218 700 1253 singula
717 1225 767 1245 suo
781 1227 897 1254 quaeque
912 1228 958 1254 ge-

167 1267 232 1288 nere
249 1267 456 1295 conserventur,
467 1268 494 1291 et
501 1271 647 1292 occurrere
660 1264 694 1292 ad
705 1265 884 1293 :eternitatem
898 1274 958 1294 ευρ-

167 1309 293 1335 cessionc
319 1309 448 1342 quadam,
462 1310 554 1337 causis
572 1310 794 1339 subsistentibus.
811 1312 839 1338 ln
852 1312 958 1339 anima-

169 1352 242 1379 libus
270 1353 397 1388 singulis,
413 1358 441 1381 ct
467 1355 578 1388 plantis,
587 1360 615 1383 et
629 1356 689 1384 aliis
708 1356 876 1391 inanimatis,
890 1358 957 1385 nihil

168 1398 310 1426 delinitum
337 1407 426 1434 neque
447 1400 602 1428 ordinatum
629 1408 678 1435 est,
692 1403 772 1437 quasi
788 1411 837 1438 pro
851 1405 957 1432 meritis

169 1454 285 1480 merces,
304 1447 376 1482 quod
388 1456 421 1475 ex
437 1448 530 1483 priore
546 1449 600 1476 vita
616 1451 802 1479 remuneratio
815 1452 889 1479 nulla
903 1453 958 1481 illis

170 1492 312 1525 debeatur,
327 1501 377 1521 nec
399 1501 448 1529 pro
463 1493 507 1527 iis,
522 1502 581 1529 qua:
599 1503 673 1523 nunc
684 1495 800 1530 faciunt,
815 1505 896 1532 poena
907 1506 956 1525 ex-

1011 252 1172 285 Ἀναγκαῖον
1191 251 1223 287 δὴ
1244 252 1274 278 τὸ
1298 252 1469 287 λειπόμενον,
1485 252 1534 283 τὰς
1549 251 1599 286 μὲν
1620 252 1798 287 προαιρέσεις

1004 298 1047 332 ἐφ’
1062 298 1127 333 ἡμῖν
1144 296 1225 327 εἶναι.
1241 298 1291 329 τὰς
1312 299 1335 325 δ’
1349 299 1395 325 ἐπὶ
1413 300 1474 330 ταῖς
1499 299 1675 334 προαιρέσεσι
1690 298 1798 330 δικαίας

1005 343 1124 377 ἅμοιὸὰς
1138 344 1183 369 ἐπί
1196 344 1252 375 τοῖς
1268 343 1398 378 αἰθερίοις
1413 343 1532 375 κεῖσθαι,
1554 342 1593 374 ὼς
1608 343 1631 359 ³⁵
1653 343 1705 370 ὑπὸ
1728 343 1797 370 Θεοῦ

1004 389 1182 424 τεταγμένοις
1198 390 1222 405 ⁸⁸
1240 390 1382 420 δικασταῖς
1397 389 1445 415 καὶ
1469 389 1621 424 πεφυκόσιν
1636 388 1715 424 ἡμῶν
1736 389 1799 415 ὲπι-

1007 435 1157 469 μελείσθαι.
1177 435 1299 470 Τριττῶν
1321 434 1376 470 γὰρ
1396 435 1481 462 ὅντων
1495 435 1549 461 τῶν
1571 434 1632 462 καθ’
1648 435 1732 470 ἡμᾶς,
1750 435 1798 462 καὶ

1005 482 1036 508 τὸ
1051 482 1140 508 πάντα
1156 481 1328 516 ἠναγκάσθαι
1348 481 1396 508 καὶ
1417 481 1448 507 τὸ
1468 481 1552 516 μηδὲν
1566 481 1614 507 καλ⁸
1631 481 1653 496 ’⁷
1670 481 1701 507 τὸ
1714 480 1799 516 ἐπηλ-

1005 529 1177 564 λαγμένωςῆ
1193 529 1231 560 ὡς
1244 529 1285 555 δεῖ
1301 528 1351 563 τὴν
1368 528 1430 563 ἴσην
1447 528 1563 554 ἀτοπίαν
1579 527 1646 562 ἔχει,
1664 527 1712 554 καὶ
1730 536 1799 562 προ-

1006 576 1081 607 νοίας
1101 576 1193 610 πάσης
1207 575 1251 602 ἐπ’
1269 576 1330 610 ἴσης
1347 574 1370 590 ⁸⁸
1388 575 1463 601 ἐστιν
1487 573 1649 609 ἀναιρετικά
1663 574 1697 600 ⁹⁹.
1718 573 1754 600 Ἦ
1768 581 1798 600 τε

1005 621 1060 657 γὰρ
1078 621 1126 648 τοῦ
1151 622 1219 658 πρὸς
1238 621 1316 653 ἀξίαν
1340 621 1470 652 ὑπόθεσις
1498 621 1609 651 πάντως
1635 619 1793 653 συνεισάγει

1005 668 1056 703 τὴν
1076 667 1203 703 πρόνοιαν
1219 667 1267 694 καὶ
1284 666 1333 702 τὴν
1346 667 1394 693 ἀπ’
1414 666 1500 701 αὐτῆς
1517 666 1701 702 εἱμαρμένην·
1719 666 1767 693 καὶ
1782 666 1800 701 ἠ

1006 714 1173 750 προνοητικὴ
1192 715 1294 750 κρίσις,
1318 713 1380 749 δίκῃ
1406 713 1451 740 καὶ
1466 713 1542 748 νόμῳ
1556 713 1591 739 τὰ
1616 712 1775 748 ἀνθρώπινα
1790 713 1799 728 ι

1006 760 1152 792 τάττουσα,
1172 760 1223 794 τῆς
1241 759 1417 791 αὑτεξουσίου
1441 758 1519 794 ἡμῶν
1535 759 1582 785 καὶ
1601 758 1800 794 προαιρετικῆς

1007 806 1094 841 ἀρχῆς
1107 806 1203 832 δεῖται.
1222 806 1303 832 Ὥστε
1319 807 1401 841 μέρος
1415 806 1474 832 ἐστὶ
1488 805 1538 840 τῆς
1553 805 1618 840 ὅλης
1637 804 1766 840 προνοίας
1780 805 1798 840 ἡ

1007 852 1182 888 είρμσρμένη
1199 854 1209 868 ¹
1229 852 1259 878 τὸ
1276 852 1344 887 πρὸς
1362 852 1412 883 τὰς
1425 851 1602 887 ἀνθρωπίνας
1615 851 1705 886 ψυχὰς
1724 851 1801 878 δικα-

1009 899 1109 931 στικῶς
1129 898 1326 934 ἁρμοζόμενον.
1349 898 1540 934 Ἀνθρωπίνων
1557 898 1587 924 δὲ
1607 898 1700 933 ψυχῶν
1724 897 1800 932 ὲνὲρ-

1007 954 1071 980 γεια
1083 946 1100 980 ἡ
1117 945 1295 980 αὑτοκίνητος
1307 945 1468 979 προαίρεσις
1487 944 1535 970 καὶ
1551 944 1582 969 τὸ
1598 943 1743 978 λεγόμενον
1756 943 1799 977 ἐφ’

1007 992 1084 1027 ἡμῖν,
1102 991 1115 1017 ὂ
1130 991 1162 1026 δὴ
1186 992 1242 1022 τοῖς
1261 990 1344 1022 θείοις
1364 990 1511 1024 ¹δικασταῖς
1531 990 1661 1022 ὑπόθεσις
1686 988 1798 1023 εὔλογος

1008 1041 1112 1074 γίνεται
1125 1039 1175 1073 τῆς
1190 1038 1283 1066 ἀνίσου
1299 1038 1440 1073 διανομῆς·
1455 1039 1486 1064 τὸ
1502 1038 1530 1064 δὲ
1546 1039 1655 1072 τυχαῖον
1671 1037 1731 1063 ὅλον
1742 1037 1800 1068 τοῖς

1008 1086 1116 1121 θνητοῖς
1137 1087 1185 1112 καὶ
1205 1085 1313 1119 ἀλόγοις
1327 1084 1486 1112 ἀποδέδοται
1501 1084 1608 1118 γένεσιν
1635 1083 1657 1110 ³.
1680 1083 1717 1110 Οὐ
1742 1082 1798 1117 γὰρ

1008 1132 1070 1158 καθ’
1085 1131 1201 1158 ἕκαστον
1223 1130 1399 1165 τεταγμένως
1417 1130 1438 1162 ⁸,
1454 1130 1516 1156 οὐδὲ
1539 1129 1610 1156 κατά
1635 1137 1697 1155 τινα
1725 1128 1800 1155 λελο-

1008 1177 1141 1213 γισμένην
1154 1177 1243 1210 ἀξίαν,
1259 1177 1290 1202 ὲκ
1303 1177 1351 1211 μὲν
1361 1176 1439 1202 τοῦδε
1449 1176 1497 1202 τοῦ
1515 1175 1602 1211 πυρὸς
1617 1175 1799 1209 σϐεννυμένου

1008 1225 1062 1259 ἀὴρ
1082 1223 1197 1258 γίνεται,
1217 1221 1282 1258 [755
1299 1221 1346 1257 Η.]
1363 1222 1394 1248 ὲκ
1408 1221 1438 1248 δὲ
1450 1221 1496 1248 τοῦ
1515 1221 1594 1256 ἀέρος
1610 1220 1799 1256 παχυνομένου

1009 1270 1090 1305 ὕδωρ,
1109 1269 1170 1296 οὐδὲ
1188 1269 1220 1295 ἐκ
1236 1267 1330 1294 τῶνδε,
1336 1267 1386 1302 μὲν
1402 1267 1455 1293 τῶν
1471 1267 1563 1294 σιτίων
1581 1267 1667 1293 ἵππου
1686 1267 1767 1301 σῶμα
1780 1266 1798 1301 ἢ

1008 1317 1100 1348 κυνὸς,
1114 1317 1146 1343 ἐκ
1159 1315 1244 1342 τῶνδε
1257 1315 1286 1342 δὲ
1309 1314 1372 1341 ἄλλο
1387 1322 1424 1340 τι·
1441 1314 1509 1340 ἀλλὰ
1525 1314 1613 1340 πάντα
1635 1314 1668 1340 ἐκ
1689 1313 1800 1339 πάντων

1007 1361 1069 1392 ταῖς
1092 1360 1329 1395 προσπιπτούσαις
1359 1359 1522 1394 μεταϐολαῖς
1545 1358 1658 1384 δύναται
1674 1357 1801 1392 γίνεσθαι

1007 1404 1052 1430 διὰ
1067 1403 1098 1430 τὸ
1112 1403 1201 1430 κοινὸν
1225 1403 1275 1438 τῆς
1297 1403 1363 1439 ὕλης
1383 1405 1430 1430 καὶ
1451 1403 1519 1438 πρὸς
1539 1403 1630 1430 πάντα
1646 1403 1800 1437 εὐάγωγον,

1007 1451 1135 1478 τοσοῦτον
1150 1450 1254 1483 τάξεως
1269 1450 1418 1486 μετέχοντα
1431 1451 1479 1476 καὶ
1493 1449 1570 1481 θείας
1587 1450 1712 1484 ἀνάγκης
1727 1448 1799 1475 ὥστε

1008 1497 1081 1524 κατά
1109 1496 1188 1530 γένος
1212 1496 1317 1523 ἕκαστα
1342 1495 1523 1527 διασώζεσθαι
1541 1495 1588 1522 καὶ
1607 1494 1801 1530 συμπαραθεῖν

169 1539 328 1574 spectanda.
357 1539 416 1567 Non
435 1541 508 1568 enim
526 1542 558 1569 iis
572 1541 675 1577 aliquid
701 1544 817 1571 accessit
842 1552 874 1571 ex
892 1545 958 1572 locis

1011 1543 1078 1578 πρὸς
1089 1542 1120 1569 τδ
1133 1542 1217 1569 άῖδιον
1227 1544 1261 1578 τῇ
1280 1542 1386 1577 διαδοχῇ
1403 1542 1458 1572 τοῖς
1475 1541 1658 1575 ὐποστήσασιν
1674 1540 1743 1566 αὐτὰ
1758 1540 1802 1565 αι-

169 1586 304 1618 zetberiis,
319 1587 393 1621 quod
418 1587 504 1614 basim
519 1589 681 1621 constituat,
700 1594 730 1616 ut
743 1588 836 1617 divino
854 1590 959 1625 judicio

170 1632 203 1660 ad
233 1633 348 1661 reditum
367 1634 533 1662 ducerentur
559 1644 566 1662 :
596 1636 828 1670 quemadmodum
848 1638 876 1664 in
902 1638 961 1666 sin-

170 1678 242 1713 gulis
253 1679 410 1707 bominibus
427 1682 534 1708 animos
556 1681 673 1710 rationis
690 1683 847 1718 participes,
867 1688 894 1711 et
908 1685 962 1711 im-

171 1725 301 1753 mortales
317 1726 379 1753 inde
387 1726 572 1760 advenientes,
585 1735 697 1756 necesse
708 1729 882 1757 cstmaximae
889 1738 962 1758 cura:

171 1779 205 1798 ac
216 1771 393 1798 sollicitudini
405 1773 529 1807 cognatis
543 1780 615 1807 esse,
632 1781 666 1802 ne
677 1774 703 1801 in
721 1775 833 1809 malum,
851 1776 878 1803 in
888 1779 961 1812 quod

170 1818 251 1852 proni
260 1823 334 1851 sunt,
345 1818 505 1845 dilabantur
517 1827 523 1846 :
536 1825 678 1855 propterea
689 1821 829 1856 patiuntur
838 1822 960 1857 quidem,

171 1867 199 1890 et
220 1863 302 1890 simul
322 1864 451 1898 patiendo
474 1866 712 1900 acquiescunt:et
735 1875 846 1896 rursum
878 1869 962 1897 libere

171 1909 277 1942 volunt,
301 1917 334 1937 ac
364 1911 506 1944 patiuntur
534 1911 567 1939 ad
594 1912 719 1940 meritum
749 1913 826 1941 liberi
853 1914 961 1942 arbitrii

172 1956 406 1991 consequendum.
438 1957 609 1993 Quapropter
627 1959 769 1987 fortuitum
786 1966 813 1988 ct
841 1962 961 1989 carentia

172 2002 257 2028 divini
283 1997 378 2037 judicii
406 2003 494 2030 brutis
521 2005 657 2033 convenit.
688 2005 716 2033 in
747 2007 847 2034 nostris
870 2014 961 2034 autem

173 2047 327 2075 actionibus
339 2048 421 2076 etiam
439 2050 513 2084 quod
541 2050 682 2078 fortuitum
712 2051 827 2084 videtur,
846 2053 962 2087 przeviso

172 2092 229 2119 fato
248 2092 364 2121 inservit
388 2102 395 2120 :
420 2095 486 2122 adeo
514 2099 544 2122 ut
570 2094 678 2124 fortuna
696 2097 786 2130 nobis,
807 2106 860 2125 non
881 2106 962 2134 secus

172 2142 255 2172 atque
272 2138 369 2172 brutis,
387 2139 524 2168 dominari
550 2141 682 2175 videatur,
694 2150 780 2178 eaque
797 2143 876 2171 nobis
891 2145 962 2171 acci-

177 2183 224 2211 dat
236 2184 263 2211 in
282 2185 406 2219 corporis
421 2190 502 2221 atque
513 2187 634 2214 externis
649 2187 738 2221 bonis,
752 2196 814 2224 qua:
824 2189 961 2224 judicium

171 2230 296 2264 praesidis
312 2230 399 2259 instar
413 2232 545 2260 delinivit.
571 2232 745 2262 Remissionc
760 2235 845 2267 enim,
874 2240 902 2263 et
919 2236 962 2262 in-

172 2275 305 2308 tentione,
325 2277 462 2313 variisque
488 2279 685 2307 mutationibus
706 2288 799 2308 eorum
811 2289 872 2316 qua:
882 2282 963 2310 nobis

173 2324 322 2357 accidunt,
346 2325 432 2353 libera
459 2327 543 2354 animi
568 2327 695 2355 voluntas
723 2329 757 2356 ad
789 2330 962 2357 moderatum

172 2375 274 2396 statum
301 2371 446 2398 deducitur
464 2382 470 2399 :
488 2373 568 2401 citius
583 2375 705 2408 quidem,
723 2375 745 2403 si
756 2376 871 2403 adversa
901 2384 962 2410 qua:

172 2415 246 2442 circa
259 2416 316 2443 bzec
327 2417 464 2450 accidunt,
478 2424 638 2446 constanter
653 2419 723 2447 ferat
739 2429 745 2447 :
762 2420 885 2456 longiore
897 2429 962 2449 vero

172 2468 304 2497 tempore,
323 2463 344 2490 si
362 2464 505 2498 impotenti
520 2470 601 2499 atque
620 2468 721 2494 amenti
747 2467 840 2494 animo
855 2467 900 2494 illa
921 2472 962 2494 t0-

173 2508 250 2535 leret.
261 2509 338 2536 'l'unc
353 2511 425 2537 enim
436 2511 554 2545 perfidia:
565 2520 660 2547 ptenas
677 2513 733 2546 dat,
745 2513 961 2541 etnihilominus

172 2562 233 2589 qua:
246 2555 348 2589 patitur
364 2555 434 2584 ferat
453 2565 564 2584 necesse
581 2563 631 2585 est.

1010 1589 1090 1620 τίοις,
1099 1588 1142 1614 Ἐν
1155 1588 1184 1614 δὲ
1198 1589 1254 1618 τοῖς
1265 1586 1335 1614 κατὰ
1348 1587 1430 1622 μέρος
1443 1585 1523 1617 ζώοις
1537 1594 1567 1611 τε
1582 1585 1629 1611 καὶ
1638 1585 1741 1619 φυτοῖς,
1753 1584 1803 1611 καὶ

1012 1635 1105 1665 αὺτοῖς
1119 1634 1176 1665 τοῖς
1191 1633 1315 1668 ἀψύχοις,
1331 1632 1407 1658 οὐδὲν
1435 1630 1578 1667 διώρισται
1595 1631 1656 1657 οὐδὲ
1671 1631 1802 1658 τέτακται

1011 1680 1050 1711 ὼς
1069 1681 1079 1696 ⁵
1096 1679 1164 1715 πρὸς
1190 1679 1269 1712 ἀξίαν
1294 1678 1485 1713 ἀποδιδόμενον
1510 1676 1606 1709 πάθος,
1622 1676 1660 1712 τῷ
1679 1677 1748 1712 μήτε
1770 1677 1804 1703 ὲκ

1013 1726 1160 1761 προὸιοτῆς
1176 1725 1295 1761 ἀμοιϐάς
1312 1733 1387 1755 τινας
1405 1724 1497 1755 αὐτοῖς
1512 1723 1719 1757 ὲποφείλεσθαι,
1737 1722 1803 1757 μήτ’

1013 1774 1059 1800 ἐπὶ
1082 1775 1138 1804 τοῖς
1163 1772 1211 1799 νῦν
1228 1771 1377 1808 δρωμένοις
1391 1770 1596 1806 προσδοκᾶσθαι
1620 1769 1747 1801 εὐθύνας.
1764 1769 1802 1796 οὐ

1013 1821 1067 1855 γὰρ
1083 1818 1227 1854 ἐπεισῆλθέ
1245 1827 1272 1844 τι
1288 1817 1401 1849 ἐκείνοις
1421 1817 1431 1833 ⁶
1453 1818 1486 1844 ὲκ
1503 1816 1551 1843 τοῦ
1577 1816 1698 1851 αἰθερίου
1718 1816 1803 1842 τόπου

1013 1866 1062 1901 τὴν
1076 1865 1209 1892 ὑπόϐασιν
1229 1864 1414 1898 ποιησάμενον
1426 1883 1434 1895 ,
1459 1863 1503 1891 ἵνα
1517 1863 1566 1890 καὶ
1585 1864 1619 1898 τῇ
1640 1862 1700 1897 θείᾳ
1714 1861 1805 1897 κρίσει

1013 1911 1209 1946 παιδαγωγηθῇ
1224 1911 1291 1946 πρὸς
1307 1910 1446 1942 ἐπάνοδον,
1461 1909 1499 1941 ὡς
1514 1910 1543 1936 ὲν
1555 1910 1612 1941 τοῖς
1622 1908 1683 1935 καθ’
1700 1908 1805 1935 ἕκαστα

1013 1957 1168 1992 ἀνθρώποις
1180 1956 1229 1987 τὰς
1245 1956 1356 1990 λογικὰς
1369 1956 1415 1982 καὶ
1428 1956 1577 1987 ἀθανάτους
1593 1955 1681 1990 ψυχὰς
1699 1953 1804 1980 ἐκεῖθεν

1014 2002 1162 2034 κατιούσας
1180 2002 1287 2038 ἀνάγκη
1304 2002 1435 2037 πλείστης
1450 2003 1460 2018 ⁷
1476 2002 1646 2036 ἐπιστροφῆς
1663 2002 1710 2027 καὶ
1723 2000 1805 2036 κηδε-

1016 2048 1111 2084 μονίας
1127 2049 1272 2083 τυγχάνειν
1287 2049 1364 2084 παρὰ
1376 2048 1430 2074 τῶν
1448 2047 1587 2082 συγγενῶν
1605 2047 1674 2082 πρὸς
1692 2046 1806 2082 ὲπανόρε

1015 2094 1098 2121 θωσιν
1112 2095 1162 2129 τῆς
1178 2095 1218 2126 εἰς
1231 2095 1331 2121 κακίαν
1343 2094 1493 2129 ὑποφορᾶς.
1509 2093 1554 2119 Διὸ
1568 2092 1702 2127 πάσχουσί
1715 2101 1744 2118 τε
1757 2092 1805 2118 καὶ

1015 2140 1155 2176 αἱροῦνται
1168 2141 1198 2166 ἐν
1212 2140 1303 2171 αὐτοῖς
1314 2141 1370 2171 τοῖς
1380 2139 1491 2166 πάθεσι·
1506 2139 1554 2166 καὶ
1572 2139 1654 2166 πάλιν
1670 2138 1682 2154 ⁸
1696 2138 1807 2173 αἱροῦν-

1014 2195 1060 2213 ται
1082 2187 1130 2213 καὶ
1149 2187 1284 2220 πάσχουσι
1302 2186 1372 2221 πρὸς
1396 2185 1446 2222 τὴν
1461 2186 1541 2219 ἀξίαν
1558 2185 1612 2212 τῶν
1628 2184 1804 2220 αἱρεθέντων.

980 2232 1001 2259 D
1014 2232 1064 2260 Διὰ
1076 2233 1156 2259 τοῦτο
1167 2230 1214 2259 οὖν
1226 2232 1293 2259 πολὺ
1306 2232 1337 2258 τὸ
1353 2232 1390 2263 ὼς
1411 2232 1505 2267 ἔτυχεν
1520 2233 1549 2259 ὲν
1562 2232 1618 2263 τοῖς
1635 2230 1743 2264 ἀλόγοις
1758 2231 1807 2256 καὶ

1015 2279 1046 2306 τὸ
1060 2279 1135 2310 θείας
1153 2280 1272 2314 κρίσεως
1286 2278 1410 2314 ἄμοιρον.
1427 2278 1509 2315 [1588
1522 2278 1569 2314 R.]
1585 2278 1629 2304 ‘Ev
1638 2277 1667 2303 δὲ
1678 2277 1733 2308 τοῖς
1745 2277 1807 2303 καθ’

1015 2325 1089 2360 ἡμᾶς
1106 2325 1152 2351 καὶ
1167 2324 1197 2351 τὸ
1211 2324 1306 2351 δοκοῦν
1330 2322 1400 2352 εἷναι
1423 2325 1532 2359 τυχαῖον
1555 2324 1594 2355 εἰς
1608 2323 1657 2357 τὴν
1671 2322 1722 2357 τῆς
1739 2331 1807 2358 προ-

1015 2371 1145 2406 νοητικῆς
1161 2371 1333 2406 εἱμαρμένης
1350 2371 1504 2407 ὑπηρεσίαν
1518 2370 1601 2400 τελεῖ,
1622 2368 1693 2396 ὥστε
1715 2369 1805 2395 δοκεὶν

1017 2417 1067 2452 μὲν
1081 2418 1134 2444 ἀπὸ
1156 2418 1326 2452 ταυτομάτου
1350 2418 1464 2452 πάσχειν
1483 2417 1556 2451 ἡμᾶς
1573 2415 1621 2442 καὶ
1635 2416 1736 2451 ὁμοίως
1749 2417 1807 2447 τοῖς

1015 2465 1124 2498 ἀλόγοις
1141 2464 1232 2497 ζώοις,
1248 2461 1328 2491 τοῦτὸ
1346 2463 1374 2490 δὲ
1390 2464 1505 2498 πάσχειν
1529 2462 1594 2497 περί
1617 2471 1647 2489 τε
1666 2462 1746 2497 σῶμα
1759 2462 1808 2488 καὶ

1014 2511 1049 2537 τά
1067 2511 1157 2543 ἐκτὸς,
1174 2511 1188 2537 ὃ
1204 2512 1214 2526 ³
1232 2511 1249 2546 ἡ
1266 2511 1363 2546 ἔφορος
1382 2510 1472 2545 κρίσις
1497 2508 1593 2544 ὥρισε.
1612 2509 1652 2545 Τῇ
1671 2509 1725 2543 γὰρ
1749 2507 1806 2534 τῶν

1014 2558 1079 2593 περὶ
1097 2559 1169 2593 ἡμᾶς
1188 2558 1209 2573 ¹⁰
1223 2558 1347 2584 ἐπιτάσει
1368 2565 1397 2583 τε
1429 2556 1477 2582 καὶ
1496 2556 1588 2584 ἁνέσει
1610 2558 1657 2583 καὶ
1666 2557 1725 2586 ταῖς
1737 2563 1806 2582 παν-

171 2604 257 2635 τοίαις
279 2605 382 2632 τούτων
408 2606 572 2641 μεταϐολαῖς
594 2606 623 2632 τὸ
644 2607 817 2640 αὐτεξούσιον
839 2607 889 2642 τῆς
910 2607 1000 2642 ψυχῆς
1025 2607 1240 2640 παῦαγωγεῖται
1270 2607 1337 2641 πρὸς
1363 2606 1503 2639 εὐταξίαν,
1536 2607 1634 2634 θᾶττον
1665 2606 1726 2641 μὲνν
1755 2604 1808 2637 ἐὰν

173 2652 353 2687 εὐγνωμόνως
369 2653 533 2689 ὑποδέχηται
548 2653 583 2680 τὰ.
597 2654 662 2689 περὶ
694 2655 780 2681 ταῦτα
798 2653 982 2689 συμϐαίνοντα
996 2654 1080 2687 πάθη,
1105 2654 1133 2680 ἐν
1157 2653 1266 2684 πολλαῖς
1282 2653 1310 2679 δὲ
1336 2653 1384 2679 καὶ
1401 2654 1522 2690 μακραῖς
1536 2654 1634 2689 χρόνου
1657 2651 1803 2687 περιόδοις,

801 2711 919 2746 VARle
947 2710 1147 2739 LECTIONES.

218 2773 242 2790 9"
256 2773 294 2805 ὡς
307 2776 376 2794 ——"
391 2775 569 2809 τεταγμένοις
588 2775 608 2800 Λ
625 2783 630 2800 :
645 2774 693 2800 καὶ
715 2774 882 2808 τεταγμένου
907 2783 936 2805 ς.
991 2773 1013 2789 ⁸⁷
1033 2774 1079 2800 καὶ
1107 2779 1168 2808 post
1200 2773 1283 2809 μηδὲν
1305 2774 1377 2804 ~add.
1393 2773 1427 2800 A.
1485 2773 1508 2789 ⁸⁸
1528 2771 1573 2798 ἐπ’
1602 2772 1662 2809 ῖτης
1689 2779 1748 2809 om._
1775 2770 1805 2797 Β.

173 2808 196 2823 ’⁸
209 2809 382 2844 άναιρετικόν
398 2819 428 2842 ς.
466 2807 648 2849 *ξάνθριὺπεια
665 2818 695 2841 ς’.
724 2811 748 2849 δ’
764 2809 932 2849 είμαρμενη]
949 2807 1205 2849 εἱμαρμὲνημὲρος
1217 2807 1274 2849 εστι
1291 2809 1340 2849 ιδ.-
1351 2810 1362 2825 ³
1377 2809 1564 2849 γενέσεσινῼς.
1575 2841 1593 2849 μ
1604 2807 1613 2822 ⁸
1629 2807 1807 2849 τεταγμένων

174 2850 216 2877 pr.
232 2839 282 2870 Α.’
314 2846 325 2860 δ
340 2845 377 2876 ώς
403 2839 458 2871 om.
473 2845 505 2872 A.
543 2839 564 2861 "
579 2839 693 2876 ἐκείνοις
723 2845 762 2872 Β;
779 2839 808 2870 ἐν
831 2839 947 2876 ἐκείνὸῖς
1017 2839 1049 2861 ””⁷
1068 2839 1198 2877 πλείστης
1213 2844 1255 2870 A:
1278 2839 1404 2870 πλεῖστον
1430 2853 1460 2876 ς.
1514 2843 1526 2858 ⁸
1546 2841 1627 2869 πάλιν
1654 2839 1807 2877 αἱροῦνται]

175 2878 257 2906 πάλιν
272 2879 446 2916 ἀναιροῦνται
465 2881 493 2907 Β.
534 2881 543 2896 ³
558 2880 572 2906 ὃ
588 2889 642 2908 om.
660 2879 680 2906 Β
700 2885 726 2908 et
744 2888 817 2908 corr.
832 2881 866 2913 Λ,
881 2881 927 2916 qui
940 2888 983 2916 pr.
997 2888 1051 2908 om.
1068 2881 1095 2914 ἡ.
1136 2880 1158 2895 ¹⁹
1172 2880 1236 2914 περί
1251 2880 1366 2915 τεήμᾶς
1378 2888 1408 2912 ς·
