1945 3073
143 164 177 196 85
707 162 1006 194 ΒιΒιΙοΤΗΕαΑ.--
1021 163 1104 193 COD.
1120 163 1216 193 CCLI.
1741 164 1777 196 86

143 217 208 245 ὅταν
221 216 328 252 ἰταμῶς
343 217 391 243 καὶ
404 216 526 251 ἀνοήτως
541 217 616 253 πρὸς·
635 217 705 244 αὐτὰ
741 218 864 254 διατεθῇ.
898 219 966 246 Τότε
985 219 1040 255 γὰρ
1054 219 1132 252 δίκας
1149 221 1198 255 μὲν
1215 219 1312 255 ὑπέχει
1339 220 1389 256 τῆς
1415 221 1623 256 ἀγνωμοσύνης,
1642 220 1720 248 οὐδὲν
1746 222 1776 249 δὲ

143 263 227 300 ἦττον
238 263 271 290 δι’
288 259 327 290 ὧν
349 263 449 298 πάσχει
461 264 575 299 φέρεται
592 263 662 299 πρὸς
683 264 713 290 τὸ
726 264 795 292 δέον.

143 333 203 360 Ὅτι
231 332 451 372 αὺτεξουσίρυς
475 333 538 372 ἔχει
560 333 682 372 ὴ-’ψνυχὴ
704 333 758 366 τὰς
777 333 932 368 κινήσεις,
949 317 973 344 Α

354 368 403 394 καὶ
420 368 486 402 περὶ
501 368 557 402 τῆς
571 369 726 402 [ζοονοιας.

179 435 241 462 Ὀτι
260 436 276 470 ἡ
297 434 381 470 ψυχὴ,
400 435 493 470 φησιν,
515 435 566 462 οὐκ
591 435 737 463 ἀνεύθυνον
761 435 862 471 ἔχουσα
886 436 936 471 τῆς

143 481 288 509 ὁποιασοῦν
301 482 436 517 αἱρέσεως
458 481 507 517 τὴν
523 483 624 517 ὁρμὴν,
638 483 685 509 καὶ
706 482 759 509 ὑπὸ
779 482 826 509 τοῦ
850 491 936 518 προσ-

144 531 223 566 εχοῦς
242 532 399 567 κρείττονος
415 529 512 564 γένους
524 530 686 562 ἐπιστασίας
704 529 840 563 ἀξιοῦται,
855 530 936 566 δίκης

145 578 193 604 καὶ
206 577 369 612 καθάρσεως
384 576 433 603 καὶ
455 576 592 610 τιμωρίας
609 576 782 611 τυγχάνουσα
795 577 839 603 ἀεὶ
865 577 934 612 πρὸς

144 622 195 658 τὴν
213 622 292 654 ἀξίαν
305 622 361 648 τῶν
377 621 480 656 ἑαυτῆς
495 621 654 648 διαθέσεων.
675 622 730 648 Καὶ
742 622 772 648 τὸ
804 622 852 658 μὲν
873 622 933 649 ἑλέ-

148 668 211 695 σθαι
226 669 269 694 ἐπ’
286 668 354 703 αὐτῇ
379 668 479 699 κεῖται,
504 667 538 694 τὰ
565 667 594 693 δὲ
614 668 847 703 ἐπισυμὸοιίνοντα
875 669 936 700 ταῖς

145 716 265 751 αἱρέσεσι
281 716 314 750 τῇ
323 714 373 749 τῆς
385 713 514 749 προνοίας
527 713 617 748 κρίσει
632 714 758 750 ὥρισται,
774 714 842 750 πρὸς
859 715 936 747 ἀξίαν

145 761 315 797 ἀμειὸομένῃ
337 761 387 793 τὰς
403 760 523 796 ψυχικὰς
538 760 686 792 διαθέσεις.
703 761 762 787 Καὶ
780 761 866 793 οὕτως
893 763 936 788 ai—

146 806 253 841 ρεῖσθαί
271 806 291 821 “
305 814 335 831 τε
350 805 410 840 ἅμα
424 805 472 831 καὶ
488 804 654 840 κληροῦσθαι
665 806 710 832 τὸν
725 805 806 832 αὑτὸν
825 806 881 840 βίον
889 806 937 832 λε-

145 852 260 888 γόμεθα.
283 852 317 878 Ἢ
332 851 386 887 γὰρ
410 851 457 878 ἐπὶ
479 852 536 883 τοῖς
559 851 752 886 εἰργασμένοις
775 852 841 887 ἡμῖν
857 861 937 879 τετα-

146 895 233 933 γμένη
250 897 354 933 ἀμοιϐὴ
367 898 413 924 καὶ
426 897 475 932 τὴν
492 896 665 929 αὐτεξούσιον
677 897 785 933 κίνησιν
801 898 821 913 ³³
833 899 880 925 καὶ
888 898 937 933 τὴν
966 890 970 895 ”

146 944 221 970 θείαν
236 943 398 970 ἐπιστασίαν
409 942 545 977 ἐκφαίνει,
561 942 630 969 ὥστε
644 942 691 969 ἀπ’
706 944 793 978 ἀρχῆς
812 944 851 975 εἰς
860 944 937 975 τέλος

1024 336 1144 363 Animam
1156 335 1250 363 liberos
1261 335 1356 362 habere
1369 340 1468 367 motus,
1478 340 1501 361 et
1509 335 1540 362 de
1556 335 1740 364 Providentia.

1023 438 1090 466 Cum
1108 439 1209 470 anima,
1224 438 1323 473 inquit,
1343 438 1559 473 quibuscunque
1579 438 1607 466 in
1622 439 1780 467 actionibus

987 484 1081 512 liberis
1099 485 1214 512 crimine
1243 493 1298 512 non
1326 490 1411 518 vacet,
1427 491 1454 513 et
1469 485 1550 520 digna
1573 486 1609 514 sit
1623 493 1684 521 quae.
1697 494 1713 513 a
1729 494 1779 521 po-

989 534 1087 557 testate
1109 530 1271 557 sublimiore
1294 530 1472 558 continenter
1508 534 1629 566 regatur,
1655 538 1779 565 pmnam.

988 576 1189 611 purgationem,
1206 582 1286 611 atque
1304 577 1469 611 supplicium
1497 584 1546 611 pro
1575 577 1681 604 meritis
1692 576 1781 611 adipi-

988 623 1084 650 scitur.
1105 622 1186 657 Atqui
1214 622 1297 654 libera
1320 623 1416 650 electio
1430 623 1464 650 ab
1475 630 1506 650 ea
1521 623 1630 658 pendet,
1645 630 1706 657 quae
1718 630 1783 650 vero

988 667 1082 694 liberis
1097 668 1258 700 contingunt
1286 667 1451 700 actionibus,
1478 668 1657 701 providentiae
1677 668 1783 703 judicio

989 712 1102 740 affectus
1130 713 1213 740 animi
1241 720 1289 747 pro
1315 713 1419 741 meritis
1447 719 1650 748 compensante,
1672 714 1783 741 deﬁnita

988 763 1052 785 sunt
1067 761 1112 785 :et
1125 757 1165 785 sic
1181 758 1291 792 eligere,
1304 763 1387 793 atque
1402 766 1455 786 una
1467 759 1555 786 sortiti
1571 759 1678 786 vivendi
1696 767 1783 794 genus

988 804 1115 831 dicimur.
1136 805 1328 839 Compensatio
1350 810 1441 831 autem
1468 805 1571 832 uteritis
1596 805 1697 832 nostris
1713 805 1783 832 deli-

989 850 1056 882 nita,
1072 849 1191 877 divinam
1207 850 1327 877 ostendit
1342 850 1554 885 providentiam.
1571 850 1665 885 itaque
1676 850 1711 878 ab
1730 850 1782 877 iui-

990 896 1026 922 tio
1038 896 1071 922 ad
1089 901 1239 923 extremum
1252 904 1348 929 usque,
1358 896 1454 932 4631;
1476 897 1576 925 liberos
1595 897 1678 924 animi
1693 901 1784 924 motus

990 942 1134 974 habemus,
1148 942 1193 969 alii
1213 942 1272 976 plus
1284 942 1404 976 quidem,
1418 943 1508 970 minus
1527 943 1590 976 alii;
1606 951 1656 971 nec
1668 943 1720 978 ipsi
1743 943 1783 971 si-

146 989 338 1022 αὖτεξουσίους
357 989 406 1024 μὲν
424 989 497 1024 ἔχειν
519 990 594 1024 ἡμᾶς
622 990 672 1020 τὰς
696 990 828 1024 κινήσεις,
841 991 866 1016 εἰ
892 990 939 1016 καὶ

999 989 1091 1015 uiliter
1107 996 1214 1023 semper
1229 989 1255 1014 in
1273 988 1351 1014 nobis
1363 988 1436 1015 illam
1450 989 1604 1016 libertatem
1627 997 1782 1021 servamus,

146 1034 220 1062 ἄλλοι
246 1034 334 1061 ἄλλων
363 1034 465 1069 μᾶλλον
484 1034 533 1060 καὶ
558 1031 651 1069 ἦττον,
670 1034 717 1062 καὶ
742 1034 819 1061 αὐτοὶ
836 1035 864 1061 δὲ
890 1036 938 1070 οὐχ

147 1080 247 1115 ὁμοίως
268 1081 312 1106 ἀεὶ
328 1080 358 1106 τὸ
373 1080 416 1114 ἐφ’
434 1080 500 1115 ἡμῖν
510 1080 691 1115 διασώζομεν,
712 1081 761 1106 οὐκ
773 1081 938 1112 ἀδεσπότους

146 1126 174 1152 δὲ
200 1126 250 1157 τὰς
275 1126 345 1162 πρὸς
370 1126 420 1162 τὴν
445 1127 524 1159 ἀξίαν
548 1127 708 1158 ἀντιδόσεις.
724 1127 780 1153 Καὶ
806 1127 870 1163 1754
890 1127 936 1163 Η.]

147 1173 226 1200 τοῦτο
249 1171 320 1200 εἶναι
345 1173 396 1208 τὴν
419 1172 539 1207 ἄγουσαν
568 1174 644 1208 ἡμᾶς
665 1174 734 1208 πρὸς
755 1175 789 1200 τὰ
806 1174 870 1209 τῇδε
891 1175 938 1202 καὶ

148 1219 229 1245 πάλιν
257 1219 383 1245 ἐντεῦθεν
413 1219 573 1252 ἀπάγουσαν
607 1219 780 1255 εἱμαρμένην
796 1240 803 1252 ,
826 1220 938 1254 πλέγμα

146 1264 232 1292 οὖσαν
256 1266 304 1292 καὶ
327 1265 480 1301 συνδρομὴν
499 1265 674 1300 ἀνθρωπίνης
687 1265 874 1300 προαιρέσεως
894 1266 940 1291 καὶ

148 1311 224 1342 θείας
246 1311 374 1346 κρίσεως,
389 1311 460 1338 ὥστε
487 1311 633 1346 ἑλομένους
651 1311 724 1346 ἡμᾶς
748 1310 766 1337 ἃ
788 1311 940 1346 βουλόμεθα

148 1357 194 1383 διὰ
208 1357 240 1383 τδ
255 1358 305 1392 τῆς
318 1357 508 1392 προαιρέσεως
520 1357 680 1389 ἀδούλωτον,
697 1356 818 1392 πάσχειν
840 1356 940 1383 πολλά-

149 1412 193 1434 κις
201 1402 219 1429 ἃ.
229 1403 265 1438 μὴ
277 1403 428 1438 βουλόμεθα
443 1402 487 1430 διὰ
494 1403 524 1429 τὸ
535 1403 584 1438 τῆς
599 1403 717 1438 κρίσεως
733 1402 938 1430 ἀδιάπταιστον.

993 1043 1043 1062 nee
1062 1034 1215 1062 mercedem
1232 1042 1336 1069 utquam
1352 1041 1447 1062 omnes
1473 1035 1678 1070 consequimur.
1694 1036 1785 1071 Atque

992 1082 1020 1109 id
1045 1082 1117 1116 quod
1142 1089 1192 1109 nos
1215 1081 1268 1108 hoc
1294 1081 1380 1114 ducit,
1400 1086 1427 1109 et
1441 1081 1504 1109 hinc
1524 1089 1632 1109 rursum
1657 1082 1785 1116 abducit,

992 1135 1078 1155 nexus
1097 1127 1222 1154 videlicet
1242 1131 1269 1154 ct.
1282 1135 1434 1155 concursus
1464 1127 1611 1155 voluntatis
1642 1128 1786 1160 humanm.

991 1179 1071 1208 atque
1086 1172 1168 1200 divini
1182 1173 1288 1208 judicii,
1304 1172 1387 1200 fatum
1412 1178 1462 1200 est.
1483 1173 1544 1206 Quo
1565 1173 1593 1200 tit
1608 1178 1647 1206 ut,
1662 1173 1787 1201 libertate

994 1218 1099 1245 arbitrii
1126 1218 1224 1250 nostri,
1252 1226 1313 1252 qua:
1337 1218 1464 1245 volumus
1483 1224 1604 1253 agentes,
1630 1217 1787 1253 frequenter

995 1269 1103 1300 propter
1128 1270 1232 1292 certum
1261 1265 1305 1292 Dei
1324 1264 1471 1300 judicium,
1486 1273 1547 1300 qum
1567 1265 1686 1293 nolimus
1700 1265 1789 1300 patia-

993 1319 1065 1338 mur.
1088 1310 1214 1338 Gencrali
1243 1312 1336 1346 itaque
1362 1312 1472 1339 decreto
1498 1319 1561 1338 cum
1576 1319 1608 1339 ea
1623 1319 1684 1346 qua:
1703 1312 1788 1339 vitam

994 1357 1141 1384 humanam
1168 1358 1333 1395 participant
1358 1358 1564 1391 contineantur,
1589 1362 1646 1385 tum
1670 1362 1789 1392 tempus,

993 1411 1025 1430 ac
1041 1405 1135 1430 mortis
1147 1411 1242 1438 genus,
1256 1411 1308 1430 uua
1321 1412 1383 1431 cum
1398 1404 1445 1431 fati
1457 1404 1567 1431 decreto
1577 1403 1703 1431 Ordinata
1713 1407 1788 1431 sunt.

157 1451 203 1477 Ἐν
229 1451 281 1486 ὅλῳ
308 1451 339 1486 δὴ
368 1450 410 1486 τῷ
434 1451 624 1486 ἀφοριζομένῳ
653 1450 702 1486 βίῳ
721 1450 742 1466 ¹³
772 1451 808 1477 τά
827 1459 857 1477 τε
883 1450 952 1478 ἄλλα
979 1453 1077 1484 κεῖται,
1100 1452 1151 1478 ὅσα
1175 1452 1320 1479 συνεκτικὰ
1343 1453 1391 1487 τῆς
1417 1452 1589 1488 ἀνθρωπίνης
1610 1451 1693 1487 ζωῆς,
1711 1452 1760 1479 καὶ
1776 1452 1795 1478 ἁ

150 1498 247 1533 καιρὸς
270 1498 317 1524 καὶ
344 1499 358 1524 ὁ
382 1498 482 1532 τρόπος
505 1497 553 1523 τοῦ
571 1497 687 1524 θανάτου
711 1497 750 1532 τῷ
766 1497 816 1532 τῆς
833 1497 1005 1533 εἱμαρμένης
1021 1499 1177 1534 ψηφίσματι
1195 1500 1429 1527 συνδιατέτακται.

140 1555 148 1565 ι
189 1544 248 1571 Ὀτι
265 1544 361 1578 φησὶν,
383 1544 548 1579 Ἐπιστῆσαι
569 1544 643 1577 ἄξιον
659 1545 697 1576 ὡς
716 1546 732 1579 ἡ
747 1544 820 1580 ψυχὴ
833 1544 896 1571 οὔτε
909 1547 938 1572 ὲν

1032 1545 1128 1582 Opera:
1144 1548 1261 1582 pretium
1275 1552 1327 1580 est,
1347 1548 1446 1582 inquit,
1466 1547 1549 1580 scire,
1561 1547 1682 1574 animum
1698 1555 1787 1582 nequo

149 1591 185 1625 τῇ
213 1589 281 1625 πρὸς
304 1589 367 1616 νοῦν
394 1592 499 1626 στροφῇ
522 1590 572 1626 τὴν
601 1590 649 1617 τοῦ
676 1599 741 1617 ποτε
772 1591 942 1627 ἀνοηταίνειν

999 1598 1052 1621 tum
1068 1602 1130 1621 cum
1149 1594 1183 1621 ad
1199 1598 1318 1621 mentem
1338 1593 1516 1626 convertitur,
1530 1593 1717 1621 imbecillitate
1739 1593 1790 1620 ali-

150 1636 294 1663 ἀσθένειαν
310 1637 460 1672 ἀφῄρηται,
476 1637 539 1663 οὔτε
561 1638 590 1663 ὲν
608 1638 642 1673 τῇ
660 1638 762 1674 ἐσχάτῃ
785 1639 871 1674 κακίᾳ.
892 1639 942 1673 τὴν

151 1682 200 1709 τοῦ
215 1680 294 1714 αὖθις
307 1685 378 1709 νοεῖν
389 1683 504 1719 δύναμιν
523 1685 570 1710 καὶ
590 1684 678 1719 ὀρθῶς
696 1686 846 1719 μετανοεῖν.
862 1685 944 1712 Φύσει

153 1729 209 1764 γὰρ
222 1730 239 1763 ἡ
251 1729 411 1765 ἀνθρωπίνη
431 1729 505 1764 ψυχὴ
517 1729 631 1764 τοιαύτη
646 1730 881 1766 δημιουργηθεῑσα
898 1731 945 1759 καὶ

154 1775 225 1809 πρὸς
242 1774 293 1811 τὴν
307 1775 383 1802 θείαν
398 1775 515 1808 εὐζωΐαν
534 1775 581 1802 καὶ
600 1775 666 1810 πρὸς
680 1775 728 1811 τὴν
753 1775 853 1812 θνητὴν
868 1776 945 1810 γένε-

153 1829 198 1847 σιν
221 1821 382 1857 ἐπιτηδείως
402 1820 469 1856 ἔχει,
491 1821 543 1848 ἀνὰ
565 1821 647 1857 μέρος
671 1822 807 1857 ἑκατέραν
830 1822 947 1858 προῦἀλ-

154 1867 240 1894 λουσα
255 1867 380 1903 δύναμιν,
395 1868 458 1895 ἐπεὶ
480 1868 614 1895 καὶκατὰ
636 1869 765 1903 πρόνοιαν
789 1868 856 1895 Θεοῦ
879 1869 949 1904 πρὸς

155 1912 241 1947 ἄμφω
255 1913 410 1948 γεγένηται.
423 1913 501 1940 Οὕτω
524 1912 578 1949 γὰρ
593 1913 624 1939 τὸ
637 1913 688 1948 μὲν
702 1913 841 1942 δύνασθαι
864 1914 948 1950 αὐτὴν

156 1958 348 1986 πολιτεύεσθαι
364 1958 386 1975 ⁸⁵
399 1958 459 1986 κατ’
472 1958 566 1986 οὐσίαν
581 1959 714 1994 κέκτηται
730 1966 737 1973 ·
751 1959 782 1986 τὸ
797 1959 826 1986 δὲ
838 1959 949 1987 πλείονα

156 2004 255 2039 χρόνον
271 2005 327 2032 ἄνω
340 2005 443 2040 διάγειν
463 2004 480 2040 ἢ
498 2004 575 2032 κάτω
596 2004 666 2040 πρὸς
691 2004 741 2040 τὴν
770 2005 949 2041 αὐτοκίνητον

157 2051 246 2086 αὐτῆς
260 2051 405 2086 ωμὸαίνει
420 2051 551 2079 διάθεσιν.
569 2050 616 2077 Διὸ
630 2051 658 2077 αἱ
680 2050 730 2086 μὲν
753 2052 903 2087 μυριετεῖς,
922 2051 950 2078 αῐ

156 2096 188 2123 δὲ
212 2097 402 2132 τρισχιλιετεῖς
425 2097 566 2132 περιόδους
588 2095 713 2131 λέγονται
739 2096 885 2130 ποιεῖσθαι,
901 2097 952 2132 τῆς

156 2136 261 2178 ἀρετῆς
271 2142 485 2179 ἐπι-τεμνομένης
499 2142 548 2178 τὴν
559 2142 673 2179 πλάνην,
704 2142 753 2169 καὶ
785 2141 833 2169 τοῦ
856 2143 949 2169 συντό-

157 2196 208 2215 νου
226 2189 282 2215 τῶν
294 2188 403 2223 ἀγαθῶν
415 2189 517 2225 ἔρωτος
534 2189 735 2225 ὑφαιρουμένου
750 2189 800 2224 τῆς
811 2189 952 2224 περιγείω

159 2235 331 2270 λειτουργίας
344 2235 380 2269 ιτὺ
393 2235 577 2271 πολυχρόνιον.

997 1641 1107 1675 quando
1122 1640 1288 1675 intelligendi
1299 1639 1410 1675 privari.
1426 1647 1514 1675 neque
1522 1640 1550 1667 in
1569 1645 1691 1668 extrema
1705 1639 1786 1668 mali-

999 1687 1035 1715 lia
1052 1695 1158 1720 rursus,
1179 1687 1345 1722 intelligendi
1361 1691 1443 1721 atque
1460 1686 1637 1721 resipiscendi
1649 1685 1790 1714 facultate.

999 1734 1045 1762 Sic
1061 1734 1131 1761 enim
1145 1733 1235 1761 anima
1251 1734 1370 1761 humana
1383 1737 1481 1760 natura
1505 1739 1555 1760 sua
1569 1732 1679 1759 condita
1692 1736 1742 1764 est,
1760 1737 1790 1759 ut

998 1779 1095 1815 partim
1120 1779 1153 1806 ad
1164 1779 1285 1805 divinam
1301 1777 1470 1810 felicitatem,
1489 1777 1588 1812 partim
1603 1776 1637 1803 ad
1651 1776 1788 1803 humanos

999 1833 1081 1852 casus
1090 1825 1294 1852 accommodata
1305 1824 1350 1856 sit,
1361 1831 1393 1851 ac
1402 1831 1449 1858 per
1460 1823 1534 1851 vices
1548 1827 1693 1857 utramque
1704 1821 1792 1850 facul-

1000 1875 1083 1898 tatem
1097 1874 1215 1905 promat.
1226 1869 1362 1904 siquidem
1375 1869 1453 1904 juxta
1470 1867 1517 1896 Dei
1537 1867 1738 1904 providentiam
1755 1867 1790 1895 ad

1000 1919 1148 1949 utrumque
1176 1919 1238 1948 apta
1252 1918 1304 1941 est.
1331 1913 1386 1941 Sua
1408 1914 1482 1942 enim
1504 1918 1602 1941 natura
1616 1913 1657 1942 sic
1678 1913 1792 1948 regitur.

1000 1959 1077 1993 Quod
1089 1963 1180 1987 autem
1195 1959 1298 1987 diutius
1316 1960 1345 1987 in
1357 1959 1472 1987 summis
1485 1966 1568 1994 quam
1580 1959 1607 1986 in
1621 1958 1723 1986 inlimis
1737 1958 1786 1986 de-

1001 2010 1058 2040 gat,
1074 2006 1100 2034 id
1116 2005 1223 2033 arbitrii
1240 2005 1283 2033 sui
1298 2005 1424 2033 libertate
1452 2004 1639 2039 consequitur.
1657 2003 1793 2037 Quocirca

1003 2052 1064 2080 aliae
1095 2052 1167 2080 intra
1188 2052 1281 2079 decem
1297 2051 1383 2078 millia
1413 2058 1560 2084 annorum,
1571 2050 1632 2078 aliae
1656 2051 1727 2078 intra
1741 2051 1794 2079 tria

1003 2099 1089 2127 tnillia
1102 2106 1214 2127 cursum
1229 2097 1363 2126 conﬁcere
1387 2097 1525 2132 dicuntur,
1538 2097 1639 2124 virtute
1668 2103 1793 2124 errorem

1010 2145 1158 2177 recidente.
1170 2149 1198 2172 et
1212 2143 1366 2171 vehementi
1381 2143 1516 2171 bonorum
1527 2142 1618 2171 studio
1630 2142 1732 2170 terreni
1742 2142 1794 2170 ob-

1005 2191 1069 2220 sidii
1089 2191 1297 2220 diuturnitatem
1319 2190 1440 2218 tollente.

167 2303 221 2330 Ἔκ
235 2303 289 2330 τοῦ
300 2303 332 2336 ,ϐ’
346 2304 440 2339 λόγου
451 2312 459 2320 ·
481 2319 517 2324 —-
539 2304 613 2341 Τίνα
627 2304 692 2332 κατ’
703 2305 818 2332 οὐσίαν
827 2304 943 2341 λέγεται

1024 2304 1046 2332 Ε
1061 2304 1127 2331 libro
1136 2303 1260 2331 secundo.
1272 2319 1307 2324 —
1320 2304 1448 2336 Quaenam
1457 2302 1579 2329 dicantur
1588 2309 1635 2337 per
1649 2309 1678 2328 se
1688 2300 1785 2336 agere?

490 2340 588 2367 ποιεῖν
598 2348 608 2372 ;

198 2397 261 2424 Ὀτι
284 2399 363 2432 φησὶ,
387 2397 457 2426 Κατ’
482 2398 577 2425 οὐσίαν
601 2398 692 2425 ἐκεῖνα
717 2398 827 2432 λέγεται
852 2399 952 2431 ποιεῖν,

160 2443 212 2470 ὅσα
231 2443 346 2478 μένοντα
360 2444 504 2479 ἀτρέπτως
523 2444 553 2470 ὲν
567 2445 600 2479 τῇ
615 2443 705 2472 αὐτῶν
719 2444 798 2480 οὐσίᾳ
809 2444 857 2470 καὶ
874 2444 953 2480 ἐνερ-

160 2490 238 2525 γείᾳ,
253 2490 301 2517 καὶ
315 2490 398 2525 μηδὲν
407 2489 512 2516 ἑαυτῶν
526 2489 731 2525 ἀπομερίζοντα
743 2490 811 2525 μηδὲ
824 2489 954 2516 κινοῦντα

161 2537 234 2572 πρὸς
263 2536 313 2572 τὴν
336 2537 391 2562 τῶν
412 2535 590 2571 γεννωμένων
612 2536 772 2568 ὑπόστασιν,
802 2535 885 2572 [1589
904 2535 953 2571 R.)

161 2583 226 2610 κατ’
243 2582 308 2609 αὐτὸ
323 2582 403 2617 μόνον
416 2582 446 2609 τὸ
461 2580 532 2609 εῐναι
545 2582 559 2609 ὃ
572 2583 629 2608 ἐστι
641 2581 818 2617 παράγειτὴν
833 2582 888 2608 τῶν
898 2582 958 2608 δευ-

161 2628 252 2664 τέρων
260 2629 379 2663 γένεσιν.
389 2626 436 2660 Οἷς
443 2629 538 2656 ἕπεται
551 2629 620 2664 μήτε
629 2628 680 2665 ὕλῃ
689 2628 893 2665 προσχρῆσθαι,
908 2629 959 2664 μή-

162 2675 256 2702 τεάπὸ
267 2674 362 2710 χρόνου
373 2676 470 2708 ποιεῖν,
481 2675 550 2710 μήτε
558 2676 597 2707 εις
606 2674 701 2710 χρόνον
723 2674 870 2707 παύεσθαι,
889 2675 958 2710 μήτε

1042 2393 1101 2426 Illa,
1118 2393 1217 2427 inquit,
1238 2399 1286 2427 per
1301 2400 1330 2420 se
1342 2398 1423 2427 agere
1435 2390 1577 2423 dicuntur,
1589 2396 1650 2425 qua:
1661 2396 1725 2417 cum
1737 2396 1798 2417 sine

1007 2440 1158 2468 mutatione
1168 2439 1195 2466 in
1207 2447 1257 2466 sua
1266 2438 1385 2466 essentia
1396 2441 1478 2474 atque
1487 2437 1648 2472 operatione
1657 2440 1797 2468 maneant,

1005 2492 1033 2515 et
1043 2488 1103 2515 sine
1111 2487 1164 2515 ulla
1180 2487 1223 2514 sui
1239 2486 1392 2513 tnutatiorie
1404 2485 1437 2513 ad
1447 2492 1542 2513 eorum
1553 2491 1615 2520 quae
1626 2487 1794 2519 generantur

1008 2533 1234 2563 sustentationem
1261 2536 1441 2565 moveantur,
1466 2538 1499 2559 eo
1527 2531 1616 2558 solum
1650 2536 1706 2564 quo
1731 2532 1798 2556 διιιιι

1010 2581 1037 2608 id
1051 2580 1124 2615 quod
1138 2583 1213 2611 sunt,
1228 2586 1272 2606 res
1292 2585 1308 2604 ει
1319 2585 1348 2605 se
1363 2577 1486 2605 diversas
1500 2577 1665 2611 producunt.
1681 2574 1720 2602 Ex
1736 2573 1799 2608 qui-

1009 2628 1061 2654 bus
1074 2625 1199 2657 ellicitur,
1209 2625 1254 2651 illa
1265 2631 1354 2658 neque
1365 2624 1478 2650 materia
1491 2622 1539 2654 uti,
1551 2629 1640 2657 neque
1654 2621 1689 2648 ab
1703 2619 1799 2654 aliquo

1011 2679 1134 2708 tempore
1157 2671 1288 2707 incipere,
1307 2677 1396 2706 neque
1412 2670 1440 2697 in
1453 2669 1565 2705 aliquod
1593 2673 1700 2702 tempus
1723 2665 1799 2694 desi-

790 2769 909 2798 VABi/E
935 2767 1138 2797 LECTIONES.

206 2843 226 2859 ¹¹
242 2842 380 2878 αἱρεῖσθαί
394 2842 415 2869 Β
430 2853 437 2870 :
450 2842 575 2877 αἴρεσθαί
592 2851 623 2875 ς.

166 2878 261 2915 εσθαι]
275 2879 324 2904 ἐπὶ
340 2879 392 2913 γῆς
409 2878 596 2905 πολιτεύεσθαι
612 2878 758 2907 Bentleius.

651 2844 692 2869 .¹¹
706 2843 754 2869 καὶ
786 2843 836 2878 τὴν
864 2840 1038 2874 αὐτεξούσιον
1061 2839 1174 2875 κίνησιν
1200 2838 1264 2867 add.
1285 2838 1318 2866 A.
1359 2838 1380 2854 ¹³
1399 2836 1449 2872 βίῳ
1472 2835 1534 2863 add.
1569 2835 1600 2861 Α.
1639 2833 1660 2850 ιδ
1676 2833 1802 2862 πολιτεύ-
