1952 3072
157 173 194 205 87
729 175 862 205 PHOTII
876 171 1128 204 PATRIARCHIE
1149 171 1204 201 ep.
1749 164 1786 196 εδ

159 239 235 262 nere,
250 239 339 266 neque
353 236 430 259 extra
445 232 551 267 agentis
561 233 761 268 operationem,
773 233 800 261 ill
814 233 886 269 quod
904 232 943 264 ﬁt,

1003 230 1050 263 ἔξω
1063 230 1112 265 τῆς
1120 229 1168 256 τοῦ
1183 228 1322 259 ποιοῦντος
1339 226 1480 261 ἐνεργείας
1496 223 1604 251 κεῖσθαι
1630 225 1662 251 τδ
1675 224 1786 259 γινέμε-

157 277 318 305 consistere.
349 277 413 305 "ate
437 279 510 305 enim
532 279 624 306 omnia
646 280 793 307 secundum
820 279 946 307 accidens

158 329 316 358 operantem
344 324 518 357 comitantur,
534 325 608 352 verbi
622 326 720 360 gratia,
740 326 769 353 in
783 325 946 358 aediﬁcante,

157 373 185 395 et
198 367 224 395 id
237 376 322 403 genus
336 369 407 396 aliis.

194 414 272 442 Plato
290 415 317 441 in
329 414 444 442 Phaedro
460 416 499 442 ait
524 415 614 443 locum
634 416 784 448 coelestem,
803 421 946 451 poetarum

157 459 244 487 ullum
274 468 363 495 neque
402 461 531 489 laudasse
564 462 698 489 hactenus
728 469 777 496 pro
804 463 945 497 dignitate,

158 514 247 542 neque
269 507 466 535 laudaturum:
491 508 524 535 de
543 509 654 543 proprio
688 513 781 536 autem
805 509 866 536 loco
892 517 944 535 non

156 553 287 588 loquitur,
325 554 372 589 qui
400 562 546 589 corporum
577 559 618 582 est
645 562 740 589 capax.
769 554 868 590 464a
894 555 946 582 Seil

156 606 207 634 per
230 599 323 627 locum
351 600 433 627 talem
460 601 619 634 essentiam,
637 606 684 628 aut
707 602 760 628 tale
785 610 871 636 genus
907 601 948 628 in-

159 643 254 678 telligi,
296 645 385 679 qualis
418 645 538 673 caelestis
570 651 622 677 est,
664 653 778 680 qumque
809 645 947 673 intellectu

157 689 327 724 percipitur,
358 691 397 718 uti
441 692 559 719 solemus
593 692 627 719 de
667 692 778 727 Scriptis
815 700 949 727 quorum-

158 735 221 762 dam
245 736 384 771 loquendo
408 737 510 766 dicere.
536 738 596 772 Quo
612 739 694 766 etiam
713 739 793 766 modo
818 739 948 774 loquendi

158 781 290 815 dicimus,
316 788 399 818 caput
424 789 451 812 et
476 785 593 812 formam
617 793 709 812 rerum
740 785 829 813 locum
856 786 948 822 appel-

158 828 257 856 iantes.

193 872 268 900 Idem
284 873 362 901 Plato
377 874 417 902 De
438 875 554 910 legibus,
580 876 728 904 discrimen
758 876 859 904 divina:
883 884 947 911 erga

157 923 211 945 nos
227 918 406 952 providentiae
419 920 577 952 ostendens,
596 921 633 947 ait
656 919 742 947 Deum
760 920 862 953 omnia,
881 927 950 947 una-

159 971 212 998 que
224 964 373 998 fortunam,
395 970 422 992 ct
440 966 613 992 Occasionem
637 966 757 993 humana
781 973 879 994 cuncta
901 975 949 1002 gu-

157 1008 286 1037 bernare.
304 1008 374 1037 Hinc
387 1015 494 1038 constat
512 1011 668 1046 assignasse
689 1012 765 1039 illum
784 1011 829 1040 Dei
854 1013 949 1047 provi—

157 1054 280 1082 dentiam
300 1063 407 1090 puram.
438 1060 466 1083 et
487 1056 529 1084 sui
555 1057 672 1084 similem
697 1059 779 1086 rebus
805 1057 949 1086 affectione

158 1101 328 1135 carentibus,
361 1111 524 1138 semperque
554 1103 700 1138 perfectis,
742 1104 859 1140 ideoque
894 1113 948 1132 non

158 1147 368 1183 aberrantibus;
383 1149 417 1177 iis
430 1157 505 1182 vero,
524 1159 585 1185 qua:
598 1150 746 1186 aliquando
760 1151 786 1178 in
801 1152 949 1179 amentiam

158 1193 294 1226 incidunt,
311 1196 416 1223 ratione
436 1197 560 1232 praedita,
580 1198 697 1233 ideoque
712 1198 815 1225 malitia
835 1199 950 1233 implen-

158 1245 216 1273 tur,
237 1241 375 1268 occasioni
388 1246 469 1277 atque
485 1243 601 1271 fortuna:
613 1245 723 1271 mistatn
747 1244 948 1279 providentiam

158 1287 328 1314 attribuisse.
347 1287 507 1316 Praecedens
528 1288 602 1316 enim
629 1290 767 1317 bonorum
783 1291 902 1326 largitio,
922 1297 950 1320 et

158 1340 194 1361 ex
219 1338 318 1361 natura
345 1335 535 1363 accedentium
571 1338 753 1370 conservatio,
784 1346 859 1373 purae
887 1347 950 1374 pro-

158 1377 250 1412 prium
275 1381 317 1405 est
340 1385 409 1413 Opus
431 1380 619 1414 providentiae.
637 1381 750 1415 Eorum,
774 1391 836 1418 quae
851 1390 950 1419 praeter

159 1427 287 1450 naturam
308 1425 460 1459 composita
474 1431 551 1458 sunt,
576 1428 722 1461 correctio,
740 1434 950 1466 erratornmque

159 1475 258 1503 pteuze.
275 1470 425 1508 materiatae
441 1475 483 1498 est
495 1478 565 1506 opus
576 1473 763 1508 providentiae,
780 1476 882 1504 utentis
894 1476 950 1504 for-

160 1519 227 1542 tuna
239 1521 265 1542 et
277 1507 434 1545 occasione.
460 1517 519 1545 Non
540 1520 625 1551 enim,
643 1525 672 1548 ut
691 1528 723 1549 ex
741 1522 876 1557 praedictis
892 1523 950 1551 col-

998 285 1058 303 vov‘
1072 275 1160 302 ταῧτα
1170 275 1225 310 γὰρ
1239 274 1327 302 πάντα
1337 275 1369 309 τῇ
1388 273 1458 300 κατὰ
1470 271 1645 307 συμϐεϐηκὸς
1662 270 1787 307 ἐνεργείᾳ

997 322 1153 358 παρέπεται
1182 321 1229 348 ἐπὶ
1251 320 1297 347 τοῦ
1321 319 1464 354 οἰκοδόμου
1497 318 1544 345 καὶ
1565 318 1621 344 τῶν
1644 317 1758 352 ὁμοίων.

1033 419 1094 446 Ὅτι
1116 419 1210 453 φησὶν,
1235 417 1265 444 ’0
1281 416 1394 443 Πλάτων
1412 416 1442 442 ἐν
1465 414 1571 450 Φαίδρῳ
1592 414 1691 447 λέγων,
1715 422 1724 438 ε
1742 412 1787 438 τὸν

998 465 1025 492 δὲ
1034 464 1230 500 ὑπερουράνιον
1244 463 1326 490 τόπον
1340 461 1402 489 οὕτε
1417 469 1460 493 τις
1477 461 1581 496 ὕμνησέ
1593 468 1636 486 πω
1652 459 1706 485 τῶν
1723 459 1786 494 τῇδε

998 511 1114 546 ποιητὴς
1131 510 1193 537 οὒτε
1215 509 1282 536 ποτὲ
1302 508 1418 543 ὑμνήσει
1434 507 1495 534 κατ’
1507 507 1596 539 ἀξίαν,
1616 515 1625 531 ι
1645 505 1727 532 τόπον
1741 503 1788 531 νῦν

998 556 1029 583 οὗ
1044 556 1092 583 τὸν
1106 556 1207 591 κυρίως
1224 554 1307 589 φησιν
1323 549 1421 589 (οὗτος
1446 553 1500 587 γὰρ
1517 552 1652 587 σωμάτων
1667 550 1724 577 ἐστὶ
1738 557 1788 576 πε-

1001 602 1148 638 ριεκτικδς)
1159 622 1166 633 ,
1186 601 1267 627 τόπον
1281 600 1309 626 δὲ
1321 598 1369 626 νῦν
1383 598 1443 625 ἀντὶ
1458 598 1506 624 τοῦ
1518 597 1613 623 οὐσίαν
1626 595 1728 623 τοιάνδε
1743 594 1791 621 καὶ

998 649 1077 683 γένος
1099 647 1202 674 τοιόνδε
1221 647 1305 681 λέγει,
1322 643 1378 672 οἷον
1404 644 1591 679 ὑπερκόσμιον
1613 642 1661 669 καὶ
1684 640 1789 675 νοητὸν,

999 695 1093 730 ὥσπερ
1118 693 1255 728 εἰώθαμεν
1269 692 1335 727 περὶ
1350 691 1523 727 πραγμάτων
1543 689 1566 705 ¹⁵
1585 687 1666 715 τινῶν
1680 685 1791 721 διηγού-

1001 750 1077 776 μενοι
1095 740 1118 756 ¹⁶
1133 740 1224 774 λέγειν
1235 739 1276 766 ὅτι
1288 738 1350 765 κατ’
1367 738 1471 764 ἐκεῖνον
1482 736 1529 762 τὸν
1546 736 1628 762 τόπον
1643 733 1692 760 τοῦ
1707 734 1790 767 λόγου

999 787 1140 822 γενόμενοι
1154 784 1281 820 ἐροῦμεν,
1296 784 1326 810 τὸ
1344 781 1491 817 κεφάλαιον
1512 781 1601 807 ἐκεῖνο
1615 780 1662 806 καὶ
1676 779 1706 805 τὸ
1721 776 1790 808 εἶδος

999 833 1054 860 τῶν
1071 831 1243 867 πραγμάτων
1255 831 1337 856 τόπον
1348 827 1505 858 καλοῦντες.

1039 879 1100 904 Ὀτι
1120 878 1149 904 ὲν
1162 878 1219 908 τοῖς
1241 875 1333 910 νόμοις
1360 873 1474 901 Πλάτων
1495 871 1582 908 (φησὶ)
1606 871 1636 897 τὸ
1663 869 1792 904 διαφέρον

1000 925 1051 959 τῆς
1069 923 1135 959 περὶ
1160 923 1236 958 ἡμᾶς
1251 921 1297 948 τοῦ
1316 919 1386 947 Θεοῦ
1402 918 1532 954 προνοίας
1555 917 1733 946 ἐνδείκνυται,
1747 915 1792 941 λέ-

1001 979 1057 1005 γων
1071 969 1109 1001 ὡς
1130 968 1196 1000 Θεὸς
1213 969 1262 1003 μὲν
1290 967 1389 997 πάντα,
1406 966 1453 992 καὶ
1471 965 1541 1000 μετὰ
1564 962 1633 990 Θεοῦ
1651 961 1722 997 τύχη
1746 960 1793 987 καὶ

1001 1016 1097 1052 καιρὸς
1111 1016 1144 1042 τὰ
1169 1015 1328 1050 ἀνθρώπινα
1349 1011 1549 1047 διακυὸερνῶσι
1567 1009 1724 1044 ξύμπαντα.
1746 1006 1792 1038 Ἐξ

1001 1060 1038 1089 ὧν
1052 1062 1130 1098 δῆλός
1144 1062 1164 1077 ⁸⁷
1180 1062 1239 1088 ἐστι
1257 1061 1313 1091 τοῖς
1330 1059 1378 1095 μὲν
1390 1058 1456 1095 [755
1471 1056 1518 1093 [1.]
1532 1056 1650 1083 ἀπαθέσι
1675 1054 1723 1080 καὶ
1750 1053 1793 1080 ἀεὶ

1001 1108 1117 1139 τελείοις
1132 1107 1179 1134 καὶ
1188 1107 1232 1133 διὰ
1239 1106 1319 1133 τοῦτο
1331 1104 1534 1140 ἀναμαρτήτοις
1549 1102 1599 1137 τὴν
1607 1100 1731 1135 καθαρὰν
1746 1098 1794 1125 καὶ

1003 1155 1125 1190 μονοειδῆ
1140 1154 1187 1180 τοῦ
1204 1153 1271 1179 Θεοῦ
1285 1153 1438 1187 ἐπιστήσας
1453 1149 1597 1185 πρόνοιαν,
1611 1148 1668 1179 τοῖς
1692 1146 1721 1173 δὲ
1744 1146 1793 1172 καὶ

1001 1202 1040 1232 εἰς
1051 1200 1142 1227 ἄνοιάν
1155 1208 1220 1226 ποτε
1233 1198 1449 1233 ὑποφερομένοις
1460 1196 1581 1229 λογικοῖς
1595 1194 1644 1220 καὶ
1658 1192 1702 1219 διά
1714 1191 1794 1218 τοῦτο

1000 1246 1100 1277 κακίας
1120 1244 1375 1280 ἀναπιμπλαμένοις
1392 1242 1440 1278 τὴν
1468 1240 1598 1276 συμμιγῆ
1619 1239 1726 1275 καιροῖς
1745 1237 1794 1264 καὶ

999 1291 1095 1326 τύχαις
1117 1289 1246 1326 πρόνοιαν
1272 1287 1425 1318 ἀποδιδούς.
1441 1287 1520 1313 Ἐστι
1547 1285 1602 1320 γὰρ
1619 1284 1637 1319 ή
1664 1282 1714 1318 μὲν
1739 1281 1796 1308 τῶν

1000 1336 1112 1370 ἀγαθῶν
1132 1334 1327 1370 προηγουμένη
1354 1333 1427 1364 δόσις
1443 1332 1492 1358 καὶ
1511 1332 1528 1367 ή
1544 1331 1599 1357 τῶν
1615 1329 1686 1355 κατὰ
1712 1327 1794 1362 φύσιν

1000 1382 1155 1419 προσόντων
1171 1381 1193 1398 ¹⁸
1214 1381 1329 1417 τήρησις
1346 1380 1369 1395 ¹⁹
1393 1380 1459 1406 tam
1487 1377 1569 1413 ἔργον
1595 1376 1645 1410 τῆς
1669 1373 1795 1409 καθαρᾶς

1000 1429 1143 1465 προνοίας,
1157 1429 1174 1463 ή
1191 1427 1220 1454 δὲ
1244 1427 1298 1454 τῶν
1320 1425 1397 1460 παρὰ
1426 1427 1506 1460 φύσιν
1525 1422 1703 1450 διατεθέντων
1722 1420 1795 1455 διόρ-

1000 1475 1094 1508 θωσις,
1113 1474 1161 1501 καὶ
1186 1473 1215 1500 αἱ
1241 1473 1296 1500 τῶν
1321 1471 1530 1508 ἁμαρτημάτων
1545 1467 1656 1495 εὒθῦναι
1685 1467 1734 1501 τῆς
1752 1467 1795 1492 ὲν-

1001 1520 1063 1548 ύλου
1077 1520 1126 1547 καὶ
1142 1519 1212 1555 τύχῃ
1234 1519 1282 1545 καὶ
1306 1517 1395 1553 καιρῷ
1419 1514 1650 1552 προτχρωμένης.
1677 1513 1715 1539 Θὺ
1737 1511 1792 1547 γὰρ

159 1561 265 1596 llgitur,
280 1562 403 1590 divinum
417 1564 551 1599 judicium
567 1566 708 1594 hominum
726 1570 860 1603 quosdam
875 1571 948 1597 cala-

1003 1567 1074 1594 κατὰ
1112 1565 1159 1591 τὸν
1202 1563 1410 1600 προηγούμενον
1435 1562 1514 1596 λόγον
1549 1561 1566 1596 ἡ
1605 1559 1666 1585 θεία
1704 1559 1796 1594 κρίσις

159 1607 256 1634 mitate
272 1607 364 1640 allicit,
381 1609 450 1637 aliOs
471 1617 535 1638 vero
561 1618 708 1646 prOSperos
725 1613 824 1647 reddit,
843 1615 889 1642 sed
915 1623 948 1643 ex

161 1651 297 1688 cujusque
320 1655 497 1683 antecedente
520 1657 629 1684 merito.
653 1657 722 1685 Cum
745 1664 836 1686 autem
861 1661 949 1687 medi-

160 1697 231 1725 cina!
249 1698 340 1726 simile
359 1700 395 1727 sit
407 1701 541 1735 judicium
556 1701 682 1736 judicum
701 1703 782 1731 nobis
799 1705 950 1739 praesideo-

160 1744 230 1771 tium
253 1752 314 1779 qua:
344 1753 390 1772 ars
419 1748 609 1781 aegrotandum
654 1756 748 1776 curam
786 1751 950 1786 suspiciens,

161 1790 253 1817 omnia
265 1790 328 1822 illis,
343 1797 427 1825 utpar
448 1797 500 1825 est,
524 1798 677 1828 opportune
699 1796 862 1830 praescribit,
871 1802 952 1832 prout

161 1835 278 1863 inﬁrmis
303 1837 428 1871 expedit:
452 1843 595 1873 propterea
618 1841 745 1868 meritum
772 1849 880 1876 eorum,
904 1844 951 1878 qui

160 1881 332 1916 iudicantur,
350 1890 412 1910 cum
435 1884 504 1912 alias
531 1885 605 1913 aliud
622 1886 667 1919 sit,
686 1890 767 1921 atque
790 1888 897 1916 arbitrii
920 1889 954 1916 li-

162 1927 268 1955 bertate
281 1932 413 1962 mutetur,
432 1929 569 1957 fortunam
595 1931 694 1959 divina:
714 1939 778 1968 erga
795 1941 845 1961 nos
861 1935 953 1970 provi—

163 1973 262 2001 dentiae
273 1975 440 2003 commiscet.
451 1974 525 2004 Ordo
539 1982 631 2004 autem
644 1978 760 2014 singulis
774 1980 951 2014 conveniens,

164 2025 246 2055 atque
260 2020 435 2056 expiationis,
453 2023 627 2050 occasionem
642 2031 737 2051 secum
751 2024 857 2053 inducit
870 2035 876 2052 :
895 2025 952 2053 for-

164 2071 231 2094 tuna
247 2072 349 2101 autent,
377 2072 404 2095 et
432 2069 542 2096 occasio
568 2069 668 2097 divina),
682 2070 862 2104 providentia:
886 2079 954 2099 con-

160 2111 267 2146 juncta,
284 2113 408 2148 generale
425 2112 509 2140 latum
522 2113 652 2147 cilicium,
669 2122 703 2143 ex
717 2115 836 2142 humana
853 2117 951 2143 volun-

165 2161 220 2184 tate
235 2157 372 2185 fortunam
389 2159 539 2194 accipiens,
565 2168 599 2187 ex
624 2160 719 2188 divino
732 2164 823 2188 autem
846 2161 952 2196 judicio

164 2202 348 2230 occasionem.
365 2203 471 2230 Etenim
495 2204 563 2232 artis
583 2208 626 2232 est
638 2205 751 2233 curandi
772 2205 883 2233 tnodum
907 2206 953 2234 de-

1000 1613 1089 1639 τοῖσδε
1119 1612 1169 1647 μὲν
1193 1611 1274 1646 ἡμῶν
1297 1609 1413 1645 ὲμφέρει
1452 1609 1474 1624 ¹⁰
1507 1606 1541 1634 τὰ
1580 1605 1677 1638 δεινά,
1707 1603 1795 1631 τοῖσδε

1000 1658 1030 1684 δὲ
1051 1657 1140 1688 "ad;
1160 1655 1310 1687 εὐπαθείας
1338 1654 1511 1685 ἀποδίδωσιν,
1546 1651 1604 1680 ἀλλ’
1639 1650 1669 1683 ἐξ
1698 1649 1796 1676 ὑποθέ-

1002 1713 1071 1736 σεως
1100 1704 1150 1738 τῆς
1180 1702 1234 1728 τῶν
1269 1699 1501 1735 προϐεϐιωμένων
1535 1697 1625 1730 ἀξίας,
1653 1695 1715 1723 ἐπεὶ
1748 1695 1796 1722 καὶ

1002 1750 1090 1777 ἔοικεν
1111 1750 1128 1784 ἡ
1157 1748 1247 1783 κρίσις
1276 1746 1332 1773 τῶν
1367 1745 1530 1780 ἐφεστώτων
1559 1744 1626 1778 ἡμῖν
1659 1740 1796 1768 δικαστῶν

1001 1797 1036 1832 τῇ
1072 1796 1182 1830 ἰατρικῇ
1218 1794 1311 1828 τέχνῃ,
1350 1792 1368 1828 ἢ
1409 1790 1605 1827 παραλαϐοῦσα
1646 1789 1709 1819 τοὺς
1748 1788 1795 1822 ἀφ’

1003 1841 1107 1868 ἑαυτῶν
1121 1841 1288 1876 νοσήσαντας
1301 1838 1390 1865 πάντα
1405 1838 1474 1873 πρὸς
1492 1836 1523 1863 τὸ
1537 1836 1596 1862 δέον
1621 1834 1716 1865 αὐτοῖς
1732 1841 1796 1860 συν-

1003 1888 1096 1915 τάττει
1136 1886 1208 1913 κατὰ
1235 1884 1340 1920 καιρὸν,
1369 1884 1398 1910 ὃν
1438 1883 1471 1910 ἂν
1499 1882 1594 1913 αὐτοῖς
1628 1881 1684 1912 τοῖς
1714 1879 1797 1914 θερα-

1006 1933 1170 1968 πευομένοις
1196 1933 1240 1967 εἴη
1266 1929 1415 1960 λυσιτελές.
1444 1928 1500 1955 Καὶ
1528 1928 1572 1954 διὰ
1597 1926 1713 1961 τοῦτοή
1746 1925 1797 1960 μὲν

1004 1981 1067 2012 ἀξία
1082 1981 1136 2007 τῶν
1153 1978 1324 2015 κρινομένων
1345 1977 1441 2003 ἄλλοτε
1463 1975 1530 2010 άλλη
1550 1973 1733 2008 τυγχάνουσα,
1749 1971 1798 1998 καὶ

1004 2027 1064 2057 ταῖς
1089 2024 1271 2057 αὐτεξουσίως
1290 2023 1313 2039 ²¹
1333 2022 1473 2056 κινήσεσιν
1500 2017 1734 2052 ὲναλλαττομένη,
1749 2015 1796 2041 τύ-

1004 2081 1056 2108 χην
1081 2072 1114 2107 τῇ
1149 2070 1215 2105 περὶ
1246 2071 1320 2105 ἡμᾶς
1344 2068 1458 2104 προνοίᾳ
1480 2065 1667 2100 συμμίγνυσιν
1684 2072 1691 2078 ·
1720 2063 1738 2098 ή
1766 2060 1796 2087 δὲ

1005 2118 1183 2153 προσήκουσα
1219 2116 1346 2147 ἑκάστοις
1378 2113 1455 2147 τάξις
1498 2112 1544 2138 τδν
1579 2110 1629 2145 τῆς
1656 2109 1796 2145 τιμωρίας

1005 2167 1053 2192 καὶ
1093 2166 1143 2201 τῆς
1176 2163 1338 2200 καθάρσεως
1377 2160 1473 2196 καιρὸν
1509 2158 1674 2192 συνεισάγει.
1704 2155 1796 2201 Τύχης

1004 2211 1033 2238 δὲ
1060 2211 1108 2238 καὶ
1121 2199 1232 2246 γκαιροῦ
1248 2199 1279 2246 τῇ
1306 2208 1368 2244 θεία
1382 2207 1501 2244 προνοίᾳ
1514 2203 1737 2238 συνταττομένων
1764 2199 1795 2226 τὸ

164 2248 255 2281 ﬁnire,
271 2249 391 2277 hominis
407 2258 471 2277 vero
485 2251 526 2278 sic
540 2251 619 2285 allici,
636 2256 665 2279 ut
680 2253 801 2280 sectione
818 2252 947 2288 indigeat,

1003 2257 1061 2285 ὅλον
1087 2245 1197 2293 πλέγμα
1223 2256 1245 2272 ³³
1277 2254 1382 2290 γίνεται
1415 2252 1581 2289 εἱμαρμένη,
1611 2251 1643 2276 ὲκ
1669 2247 1718 2284 μὲν
1735 2245 1795 2293 τῆς

163 2295 206 2322 vel
234 2296 353 2328 ustione,
372 2297 414 2323 vel
439 2297 492 2324 alia
517 2297 633 2333 quadam
655 2298 769 2326 molesta
794 2299 947 2327 curatione.

163 2339 269 2368 Passim
288 2349 352 2370 vero
365 2347 392 2370 et
407 2342 509 2378 aliquid
528 2344 579 2371 hoc
596 2343 677 2372 modo
686 2343 764 2372 Plato
779 2345 811 2372 de
828 2345 950 2373 humana

162 2391 273 2421 natura,
293 2393 320 2416 et
354 2389 421 2424 fato,
451 2390 621 2425 providentia
644 2391 762 2427 quadam
785 2397 880 2420 nostra
909 2400 951 2420 re-

163 2440 254 2469 gente,
271 2436 492 2471 philosophatur.

1004 2303 1179 2338 ἀνθρωπίνης
1202 2302 1391 2339 προαιρέσεως
1412 2300 1462 2335 τὴν
1483 2299 1568 2333 τύχην
1591 2292 1795 2331 προσλαϐοῦσα,

1004 2351 1037 2376 ἑκ
1060 2350 1089 2376 δὲ
1107 2350 1157 2385 τῆς
1183 2350 1259 2381 θείας
1287 2348 1404 2383 κρίσεως
1435 2345 1591 2380 ἐκφέρουσα
1617 2342 1663 2368 τὸν
1682 2340 1795 2376 καιρόν·

1004 2396 1130 2432 καὶγὰρ
1169 2396 1219 2430 τῆς
1247 2395 1344 2430 τέχνης
1374 2393 1448 2420 ἐστὶν
1479 2389 1611 2426 ἀφορίσαι
1641 2388 1675 2414 τὰ
1710 2387 1798 2422 μέτρα

1005 2442 1054 2477 τῆς
1073 2442 1234 2477 Θεραπείας,
1251 2441 1298 2467 τοῦ
1316 2440 1345 2467 δὲ
1370 2437 1515 2474 ἀνθρώπου
1533 2434 1689 2469 διατεθῆναι
1709 2433 1797 2464 οὕτως

161 2480 233 2508 ὥστε
249 2483 336 2518 τομῆς
350 2484 480 2520 δεηθῆναι
496 2484 512 2520 ἢ
530 2485 655 2516 καύσεως
683 2485 700 2520 ἢ
714 2485 799 2521 ἄλλης
814 2486 887 2518 τινὸς
920 2486 1050 2523 ἀλγεινῆς
1087 2488 1247 2524 θεραπείας.
1281 2485 1421 2520 Πολλαχοῦ
1460 2483 1499 2516 δὲ,
1520 2481 1598 2517 φησὶ,
1617 2481 1666 2507 καί
1680 2478 1796 2507 ἄλλοθιῦ

161 2529 276 2556 Πλάτων
289 2530 323 2556 τὰ
336 2529 449 2557 τοιαῦτα
463 2531 603 2566 φιλοσοφεί
614 2532 678 2567 περί
689 2541 720 2559 τε
733 2533 755 2548 ’⁵
785 2531 836 2567 τῆς
870 2533 1046 2570 ἀνθρωπίνης
1076 2535 1171 2567 οὐσίας
1197 2534 1244 2561 καὶ
1282 2533 1333 2567 τῆς
1355 2528 1562 2564 ἀπευθυνούσης
1586 2529 1609 2544 ³⁵
1633 2528 1709 2563 ἡμᾶς
1727 2533 1796 2562 προ-

162 2576 290 2611 νοητικῆς
303 2575 483 2610 εἱμαρμένης.

283 2631 441 2666 Ili/ferentia
467 2633 614 2668 philosophi
642 2639 667 2661 et
687 2636 826 2663 amatoris.

196 2676 294 2713 θεων
322 2678 400 2705 Plato
423 2678 569 2706 discrimen
596 2687 720 2715 ponens,
744 2681 851 2716 inquit,
880 2683 951 2710 inter

160 2722 364 2758 philosophum,
389 2728 416 2751 et
432 2729 579 2758 amantem,
591 2730 618 2753 et
637 2728 773 2761 quomodo
788 2728 892 2756 honore
909 2729 950 2756 in-

1076 2636 1123 2668 Τίς
1139 2636 1159 2669 ἠ
1174 2633 1347 2669 φιλοσόφου
1361 2630 1410 2658 ’καὶ
1426 2629 1570 2664 ἐρωτικοῦ
1585 2626 1730 2662 διαφορὰ;

1041 2684 1102 2709 Ὅτι
1127 2680 1280 2712 ἀποδιδοὺς,
1295 2679 1388 2714 φησιν,
1413 2678 1427 2704 ὁ
1449 2676 1562 2703 Πλάτων
1583 2673 1727 2708 φιλοσόφου
1748 2672 1795 2699 καὶ

1004 2727 1136 2765 ἐρωτικοῦ
1157 2725 1300 2762 διαφορὰν,
1323 2724 1370 2751 καὶ
1398 2723 1458 2755 πῶς
1484 2720 1615 2756 ἰσοτίμως
1644 2719 1794 2753 ἀνάγεσθαι

777 2787 895 2816 νΑιιιΑς
927 2788 1128 2816 LECTIONES.

193 2832 216 2847 "
234 2834 403 2873 πραγμεὲῑωγ
418 2834 439 2862 Α
454 2843 462 2862 =
480 2834 652 2873 ῐρφμμάτφν
667 2843 697 2873 ςε
737 2834 1200 2873 ’⁸,διητούμενοι1διαλεγόμειεφιΒ·
1239 2834 1261 2873 ’.⁷
1279 2832 1432 2873 δῆέές..“ἐ·
1447 2827 1630 2873 ε.¹ί¹’ῐίδῇὶέῖ·
1669 2827 1792 2873 ¹ἶ,πέἳῗ’

162 2865 317 2908 ξδντφνέζ
339 2869 360 2884 ”
371 2865 504 2908 τήρησιςῖ
523 2865 602 2905 eis“
612 2869 654 2908 ,Αν
667 2865 745 2908 ῥύσις
758 2865 813 2908 BC
823 2865 849 2887 ’²⁰
863 2865 1000 2908 ῥυμφὲρει
1012 2865 1055 2900 Δι’
1078 2865 1105 2887 ’¹¹
1120 2871 1148 2898 δὲ
1165 2878 1222 2899 οιηο
1240 2869 1272 2896 Α·

678 2907 700 2923 ³⁵
719 2906 923 2942 ὑπευθυνούσης
940 2906 971 2934 Α.

163 2900 233 2938 γμα]
248 2904 364 2940 πρᾶγμα
385 2900 417 2931 Ᾱζ
435 2900 440 2905 ’
456 2900 636 2933 ἰ’τέοὶιιξΑ.

1318 2862 1421 2896 "libri
1436 2862 1635 2898 αὐτεξουσίαις.
1684 2863 1708 2880 ’³
1725 2862 1791 2890 πλέ-
