1945 3073
165 149 198 183 91
740 151 873 182 ΡΗΟΤΙΙ
898 151 956 181 ΡΑἾ

1015 152 1150 183 ΛΒΕΗᾸΞ
1169 153 1224 183 CP.
1763 155 1799 189 92

165 218 232 245 pore
259 209 342 238 veluti
363 209 414 237 alis
437 210 548 244 sublati,
568 216 595 239 et
615 211 710 239 eadem
725 211 866 238 cveclione
879 210 955 245 digni

1012 219 1077 242 πεως
1091 211 1219 246 ἰσοτίμως
1232 210 1379 246 τυγχάνειν
1404 211 1528 246 λέγονται
1547 212 1704 248 ἰσοχρονίως
1727 223 1794 242 πτε-

166 257 261 284 habiti.

172 314 196 341 E
217 313 287 340 libro
305 315 392 345 tertio.
409 315 492 347 capite
507 323 534 341 Χ.
551 314 641 348 Leges.
654 316 780 345 rationes,
794 316 917 348 virtutes,
930 320 954 343 et

260 351 294 389 lsi
307 358 359 384 qua
376 350 475 376 similia
499 350 696 377 Providentiam
711 351 844 378 inducere.

200 426 260 454 Non
285 427 399 460 frustra,
421 427 510 463 inquit
532 427 680 461 Hierocles,
704 428 776 463 leges
797 428 956 455 conduntur

166 471 347 500 hominibus:
365 480 454 508 neque
479 473 548 500 ratio
574 473 609 500 iis
635 478 735 501 temere
757 474 829 506 data,
864 480 954 508 neque

165 519 294 546 voluntas
314 518 418 546 frustra
438 523 491 552 est,
519 527 570 547 nec
591 524 654 546 vota
676 520 767 547 facere
790 527 954 556 supervaca—

166 573 259 599 neum,
275 565 299 593 si
314 573 359 593 res
373 566 501 593 humanm
514 565 680 600 providentia
694 571 832 601 regantur,
845 566 954 602 justitia

165 615 193 637 et
208 611 266 645 lege
283 611 436 638 mercedem
454 611 546 639 liberis
570 612 726 639 actionibus
742 612 888 640 tribuente.
905 612 956 639 Ne-

166 663 220 690 que
233 664 297 683 vero
308 657 330 684 si
345 656 402 684 luec
428 658 593 690 necessaria,
622 658 737 685 honesta
752 662 779 685 et
790 658 865 684 utilia
880 663 955 691 sunt,

167 701 270 729 idcirco
283 701 330 729 fati
347 703 513 737 providentis
529 703 570 730 vis
584 703 696 735 tollitur,
711 703 783 738 quod
800 704 886 730 fatum
908 711 958 729 ex-

167 748 252 775 ternis
273 748 351 775 malis
367 749 393 776 id
412 749 483 784 quod
498 748 527 776 in
542 754 636 776 nostra
654 754 695 776 est
709 753 852 784 potestate,
868 750 957 776 corri-

167 794 223 829 git:
247 794 294 821 sed
319 795 376 822 haac
402 802 450 830 per
477 803 506 823 se
526 795 613 830 magis
638 795 754 822 invicem
782 795 955 828 conﬁrmant,

167 848 249 875 quam
271 846 366 868 mutuo
381 849 410 868 se
427 841 588 869 destruunt:
603 842 773 877 providentia
793 842 867 869 enim
880 842 956 869 exsi-

167 893 265 920 stente,
293 888 374 915 etiam
402 889 473 923 leges
496 897 607 916 necesse
620 893 672 921 est,
698 889 819 916 rationes
848 894 875 916 et
893 894 956 916 vota
974 885 995 912 Β

167 933 315 967 plurimum
334 934 414 962 nobis
438 935 585 968 prodesse:
608 934 653 961 illa
678 942 743 961 vero
760 934 879 967 sublata,
902 943 955 962 non

165 980 254 1006 solum
270 979 336 1006 nihil
352 980 514 1015 profuerint,
543 980 592 1009 sed
614 988 663 1008 nec
679 981 750 1008 tueri
762 981 874 1015 quidem
884 989 958 1008 rem-

166 1025 303 1060 publicam
329 1026 531 1061 imperiumque
551 1031 690 1061 poterunt.
714 1026 860 1062 Propterea
886 1027 956 1060 quod

167 1072 195 1098 in
216 1077 309 1099 nostra
332 1078 374 1100 est
399 1078 544 1107 potestate,
570 1073 769 1107 providentiam
793 1073 910 1104 inducit,
931 1077 958 1099 et

166 1117 291 1144 vicissim
313 1118 496 1152 providentia,
521 1118 546 1144 id
562 1118 635 1152 quod
664 1118 691 1144 in
714 1122 805 1145 nostra
824 1122 958 1151 pu-testate

165 1169 219 1191 est.
237 1163 337 1191 Nostra
352 1164 423 1191 enitn
440 1165 565 1191 voluntas
586 1165 690 1198 justum
715 1165 800 1190 fatum
827 1164 958 1191 corrobo-

167 1215 222 1243 rat,
240 1216 268 1238 et
289 1218 386 1238 rursus
400 1211 485 1238 latum
505 1211 620 1238 liberum
640 1211 784 1238 arbitrium
802 1212 955 1238 conﬁrmat.

166 1257 244 1290 Quod
261 1258 284 1285 si
305 1265 404 1292 purum
419 1266 451 1285 ac
478 1257 639 1284 meditaturo
657 1257 712 1285 Deo
736 1257 955 1292 adjunxcrimus,

167 1303 273 1336 legibus
294 1307 410 1333 stantes.
435 1302 563 1336 votisque
585 1302 638 1335 usi,
658 1307 685 1329 et
708 1303 882 1337 prudentiam
916 1310 958 1329 se-

166 1353 288 1382 ctantes,
300 1356 332 1375 ac
346 1356 392 1382 per
404 1348 496 1375 omnia
512 1356 605 1374 curam
620 1356 714 1375 eorum
727 1353 863 1382 gerentes,
874 1348 958 1375 maxi-

167 1395 220 1422 mis
235 1394 357 1422 fruentur
381 1395 461 1422 bonis
477 1403 484 1420 :
503 1400 596 1421 contra
612 1402 688 1425 vero.
703 1395 811 1421 dolores
836 1394 957 1430 perfere-

168 1448 240 1473 mus,
271 1440 314 1468 his
334 1441 470 1475 pra-ﬁxos,
499 1441 546 1468 sed
577 1441 624 1476 qui
648 1441 810 1468 medicinam
830 1441 955 1474 atl'erant,

167 1487 357 1522 experimento
369 1486 487 1514 cilicium
513 1487 613 1514 edocti.
633 1486 667 1513 Ut
682 1492 773 1513 autem
808 1486 876 1513 bene
909 1490 956 1513 aut

168 1532 243 1574 male
260 1531 411 1559 alliciamur
433 1540 448 1559 a
469 1532 604 1559 deteriore
632 1532 772 1559 voluntate
794 1531 956 1567 purgatione

168 1579 258 1612 liberi,
273 1580 420 1614 plurimum
435 1580 594 1606 conducunt
608 1579 662 1611 lex,
677 1584 783 1611 votum,
800 1579 957 1612 consilium,

167 1631 196 1653 et
211 1626 236 1654 id
248 1634 333 1660 genus
354 1626 418 1660 alia,
430 1634 491 1662 quae
503 1634 553 1654 nos
568 1626 629 1659 pios
645 1626 755 1661 Deoque
785 1625 958 1653 consentien-

169 1679 211 1701 tes
224 1674 356 1702 cilicium.

310 1773 425 1801 Arbitrii
441 1774 525 1800 nostri
544 1773 653 1800 libertas
667 1773 754 1808 qualis
771 1773 816 1800 sit.

204 1817 263 1845 Non
293 1818 348 1845 tale
376 1823 429 1850 est,
460 1817 559 1852 inquit,
587 1817 704 1845 liberum
727 1823 850 1845 nostrum
885 1818 958 1845 arbi-

168 1865 264 1898 trium,
281 1870 310 1893 ut
333 1865 391 1893 suis
412 1864 506 1892 liberis
526 1864 681 1892 actionibus
700 1864 794 1891 omnia
807 1872 867 1897 quae
881 1869 957 1896 sunt,

169 1920 284 1948 quaeque
300 1912 377 1943 tiunt,
394 1911 544 1939 transferre
564 1910 662 1946 possit.
679 1910 725 1938 Sic
747 1911 820 1938 enim
843 1911 958 1946 singulis

170 1958 330 1985 hominibus
359 1965 446 1985 novus
482 1957 602 1985 mundus
631 1958 804 1988 conderetur,
833 1957 958 1991 aliusque

167 2005 231 2033 vita;
257 2008 404 2040 apparatus
425 2009 509 2038 esset,
537 2004 763 2040 quandoquidem
787 2003 886 2040 4651)
902 2011 958 2030 non

168 2059 266 2079 omnes
292 2051 387 2078 eadem
412 2051 535 2086 cupiunt,
553 2050 601 2078 sed
627 2057 677 2085 pro
691 2050 805 2085 singulis
825 2049 958 2084 cujusque

168 2097 312 2126 aﬂectibus
327 2098 473 2134 (siquidem
490 2097 638 2124 essentiam
655 2097 822 2124 constituere
837 2095 957 2130 possunt)

167 2146 260 2173 omnia
278 2145 497 2175 traducerentur,
525 2147 629 2171 mutata
651 2142 750 2170 subitis
772 2142 956 2168 humanarum

167 2193 339 2220 voluntatum
353 2190 624 2219 commutationibus.
641 2188 738 2216 Merito
766 2187 848 2223 igitur
878 2191 957 2222 pote~

1008 257 1136 293 ρούμενοι
1150 258 1257 292 καὶτῆς
1271 258 1356 294 αὐτῆς
1368 259 1516 293 ἀναγωγῆς
1527 259 1693 295 ἀξιούμενοι.

1013 315 1064 342 Ἐκ
1088 315 1141 342 τοῦ
1162 315 1187 349 τ’
1204 316 1309 349 λόγου.
1330 316 1496 349 κεφαλαίου
1512 316 1649 343 δεκάτου.
1668 317 1728 345 ’Ότι
1743 320 1797 346 νό-

1018 356 1020 358 ’
1039 359 1099 384 μοι,
1111 350 1160 377 καὶ
1172 351 1321 387 λογισμοὶ,
1338 351 1387 377 καὶ
1402 352 1515 384 ἀρεταὶ,
1528 352 1577 378 καί
1591 352 1650 379 ὅσα
1663 354 1795 387 τοιαῦτα,

1042 386 1099 418 τὴν
1120 385 1270 419 Πρόνοιαν
1282 386 1531 420 συνεισάγουσιν.

1044 432 1081 457 Oti
1098 432 1187 466 μάτην
1201 429 1258 463 οὖν,
1277 431 1355 467 φησὶ,
1374 432 1450 466 νόμοι
1468 433 1606 460 κείσονται
1618 435 1673 465 τοῖς
1689 434 1798 469 ἀνθρώ-

1008 485 1080 509 ποις,
1093 477 1152 503 οὐδὲ
1176 478 1304 512 λογισμὸς
1320 478 1384 512 εἱκῆ
1402 478 1516 511 δέδοται,
1532 479 1592 505 οὐδὲ
1617 479 1647 506 τὸ
1672 480 1796 514 βουλεύε-

1009 523 1071 549 σθαι
1087 523 1109 539 ⁸³
1139 523 1282 558 παρέλκει,
1311 524 1372 550 οὐδὲ
1395 524 1425 550 τὸ
1452 524 1581 559 εῠχετθαι
1609 527 1745 560 περιττὸν,
1771 527 1797 552 εί

1008 569 1124 604 πρόνοια
1146 569 1200 596 τῶν
1214 570 1393 605 ἀνθρωπίνων
1416 571 1587 606 πραγμάτων
1602 572 1704 606 ἡγοῖτο,
1720 573 1797 608 νόμῳ

1008 615 1056 642 καὶ
1070 616 1134 650 δίκῃ
1154 615 1202 647 τὰς
1218 616 1335 651 ἀμοιϐὰς
1359 617 1413 643 τῶν
1436 617 1625 652 προαιρέσεων
1649 618 1794 645 τάττουσα.

1009 660 1074 696 [159
1087 660 1132 697 R.]
1149 661 1218 688 Οὐδὲ
1234 661 1297 697 μὴν,
1311 663 1336 688 εί
1348 662 1435 689 ταῦτα
1448 663 1586 696 ἀναγκαῖα
1600 664 1648 690 καὶ
1665 663 1735 690 καλὰ
1749 664 1799 690 καὶ

1009 707 1143 742 σωτήρια⁹
1166 708 1183 742 ἡ
1199 707 1249 742 τῆς
1263 708 1448 743 προνοητικῆς
1461 707 1633 744 εἱμαρμένης
1655 709 1731 741 τάξις
1750 710 1798 736 ἀνα

1008 752 1118 788 ῄρηται,
1136 754 1152 788 ἡ
1172 754 1201 780 τὸ
1219 753 1261 788 ἐφ’
1278 754 1345 789 ἡμῖν
1360 755 1416 786 τοῖς
1430 755 1479 780 οὑκ
1492 755 1535 789 ἐφ’
1550 755 1615 790 ἡμῖν
1629 755 1797 782 παιδεύουσα

1009 798 1119 826 πάθεσι,
1144 801 1183 825 Δι’
1199 799 1322 835 ἀλλήλων
1337 801 1366 826 δὲ
1379 801 1466 826 ταῦτα
1491 800 1649 835 βεϐαιοῦται
1667 802 1766 836 μᾶλλον
1779 802 1796 837 ἢ

1010 846 1052 873 διὰ
1070 846 1184 882 θατέρου
1198 845 1311 880 Οάτερον
1327 846 1390 883 [757
1408 846 1454 882 IL]
1479 847 1643 883 ἀναιρεῖται.
1666 848 1800 883 Προνοίας

1010 893 1064 927 γὰρ
1091 892 1172 926 οὒσης
1201 893 1307 927 ἀνάγκη
1334 894 1380 919 καὶ
1397 893 1496 928 νόμους
1522 894 1569 921 καὶ
1585 894 1731 928 λογισμοὺς
1751 894 1801 921 καὶ

1010 936 1091 972 εὐχὰς
1120 937 1247 963 πλεῖστον
1262 937 1284 952 “
1301 937 1374 972 ἡμᾶς
1387 937 1512 971 ὠφελεῖν,
1539 937 1576 972 μὴ
1600 936 1684 972 οὔσης
1714 937 1742 964 δὲ
1767 938 1798 964 οὐ

1011 985 1092 1019 μόνον
1109 985 1228 1019 ἀνόνητα
1244 984 1383 1015 παντελῶς
1397 983 1494 1015 ταῦτα,
1510 983 1569 1010 ἀλλ’
1582 983 1642 1010 οὐδὲ
1654 984 1703 1019 τὴν
1710 985 1799 1020 ἀρχὴν

1010 1032 1161 1066 ὑποστῆναι
1175 1032 1325 1066 δυνάμενα.
1342 1030 1387 1056 Διὸ
1404 1031 1450 1057 καὶ
1468 1031 1499 1057 τὺ
1514 1031 1557 1066 ἐφ’
1579 1031 1645 1066 ἡμῖν
1666 1032 1716 1065 τὴν
1731 1031 1799 1065 πρό-

1009 1087 1085 1105 νοιαν
1103 1079 1270 1112 συνεισάγει,
1287 1079 1360 1113 καὶὴ
1375 1079 1489 1112 πρόνοια
1503 1078 1533 1104 τὸ
1544 1079 1585 1112 ἐφ’
1604 1079 1681 1112 ἡμῖν.
1701 1078 1731 1104 Ἡ
1743 1078 1799 1112 γὰρ

1010 1124 1133 1159 ἡμετέρα
1149 1124 1309 1160 προαίρεσις
1324 1124 1374 1158 τὴν
1388 1123 1496 1150 δικαίαν
1508 1124 1679 1158 εἱμαρμένην
1696 1123 1801 1158 κρατύ-

1010 1178 1061 1201 νει,
1075 1169 1122 1195 καὶ
1136 1168 1205 1204 αὕτη
1218 1169 1266 1204 τὴν
1283 1168 1458 1201 αὐτεξούσιον
1469 1169 1547 1203 ἡμῶν
1556 1169 1662 1204 κίνησιν
1675 1168 1802 1203 βεϐαιοῦ-

1009 1223 1065 1242 ται.
1085 1215 1137 1241 Ἦν
1158 1215 1181 1240 εἰ
1201 1214 1251 1250 μὲν
1276 1214 1400 1248 καθαρὰν
1423 1214 1471 1240 καὶ
1491 1214 1685 1248 λελογισμὲνην
1713 1223 1801 1249 προσ-

1009 1261 1124 1295 άγοιμεν
1147 1259 1186 1294 τῷ
1220 1260 1279 1295 Θεῷ
1293 1280 1300 1292 ,
1326 1259 1419 1294 νόμοις
1452 1260 1618 1295 ἐμμένοντες
1634 1260 1681 1286 καὶ
1703 1260 1801 1295 εὐχαῖς

1009 1304 1147 1340 χρώμενοι
1161 1305 1209 1331 καὶ
1219 1303 1363 1330 εὐϐουλίαν
1378 1303 1513 1338 τιμῶντες
1529 1303 1552 1318 ⁸⁷
1565 1304 1612 1330 καὶ
1626 1303 1671 1329 διὰ
1686 1303 1800 1329 πάντων

1010 1351 1171 1386 ἐπιμέλειαν
1189 1350 1294 1377 ἑαυτῶν
1308 1349 1477 1384 ποιούμενοι,
1494 1350 1548 1376 τῶν
1568 1350 1704 1385 μεγίστων
1726 1350 1800 1382 ἀγα-

1010 1396 1064 1422 θῶν
1086 1395 1255 1430 τευξόμεθα·
1281 1395 1348 1421 εἰδὲ
1373 1395 1512 1426 τάναντία,
1538 1394 1647 1425 πάντως
1666 1403 1719 1421 που
1744 1394 1802 1421 τῶν

1009 1442 1057 1469 ἐπὶ
1071 1441 1176 1473 τούτοις
1190 1441 1366 1477 τεταγμένων
1382 1441 1465 1468 δικῶν
1479 1441 1527 1473 τὰς
1547 1441 1671 1476 ἰατρικὰς
1689 1441 1804 1476 οἴσομεν

1011 1488 1173 1523 ἀλγηδόνας,
1196 1489 1279 1524 πείρᾳ
1302 1488 1333 1514 τὸ
1359 1488 1419 1514 δέον
1443 1487 1710 1523 μεταμανθάνοντες.
1727 1487 1803 1522 Πρὸς

1013 1524 1079 1561 αὐτο
1094 1534 1122 1560 δὲ
1138 1534 1169 1560 τὸ
1186 1531 1216 1560 εὖ
1232 1533 1280 1560 καὶ
1296 1533 1386 1565 καλῶς
1403 1533 1477 1568 ἡμᾶς
1494 1533 1662 1566 διατεθῆναι,
1678 1533 1729 1567 τῆς
1745 1532 1805 1567 χεί-

1013 1589 1089 1616 ρονος
1109 1580 1337 1615 καθαρεύσαντας
1360 1579 1560 1614 προαιρέσεως,
1577 1577 1708 1612 πλείστην
1723 1578 1805 1612 φέρει

1010 1627 1169 1653 συντέλειαν
1191 1625 1259 1661 εὐχὴ
1285 1625 1332 1651 καὶ
1354 1625 1436 1658 νόμος
1464 1624 1510 1650 καὶ
1538 1623 1677 1659 συμὸουλὴ
1703 1624 1752 1650 καὶ
1767 1623 1804 1650 τὰ

1008 1673 1131 1705 τοιαῦτα,
1148 1673 1188 1704 είς
1205 1671 1282 1704 τάξιν
1297 1672 1397 1705 ἄγοντα
1422 1670 1468 1697 καὶ
1491 1670 1653 1705 συμφωνίαν
1670 1670 1804 1706 οεοπειθῆ

1008 1720 1059 1755 τὴν
1071 1720 1209 1756 ἡμετέραν
1225 1719 1354 1745 διάνοιαν.

1079 1774 1218 1801 Ποταπόν
1231 1773 1298 1799 ἐστι
1310 1772 1342 1799 τὸ
1355 1771 1498 1807 ἡμέτερον
1511 1771 1714 1804 αὐτεξούσιον
1721 1779 1732 1803 ;

1044 1821 1107 1847 Ὀτι
1122 1820 1152 1846 οὐ
1168 1818 1287 1845 τοιοῦτον
1301 1818 1372 1852 ἐστι,
1388 1818 1465 1852 φησὶ,
1478 1817 1509 1843 τὸ
1522 1817 1656 1852 ἡμέτερον
1671 1816 1806 1849 αὐτεξού-

1010 1873 1077 1896 σιον,
1092 1864 1130 1895 ὡς
1141 1865 1200 1895 ταῖς
1214 1862 1313 1889 ἑαυτοῦ
1337 1862 1548 1898 προαιρετικαῖς
1567 1861 1694 1896 κινήσεσι
1711 1860 1806 1887 πάντα

1011 1910 1182 1948 μετατιθέναι
1207 1908 1338 1936 δύνασθαι
1360 1908 1394 1935 τὰ
1420 1907 1486 1934 ὄντα
1521 1907 1569 1934 καὶ
1592 1906 1628 1933 τὰ
1657 1906 1805 1942 γινόμενα.

1009 1959 1088 1986 Οὕτω
1105 1957 1160 1993 γὰρ
1183 1957 1216 1983 ἄν
1232 1956 1262 1982 οὺ
1279 1955 1360 1991 μόνον
1381 1954 1442 1981 καθ’
1457 1955 1507 1981 ἕνα
1525 1954 1641 1980 ἕκαστον
1657 1953 1807 1989 ἄνθρωπον

1009 2005 1111 2040 κόσμος
1126 2003 1205 2035 ἄλλος
1218 2002 1328 2036 ἐγένετο
1347 2002 1393 2028 καὶ
1420 2001 1486 2036 ἄλλη
1505 2000 1561 2036 βίου
1578 1999 1750 2035 κατασκευὴ,
1767 1999 1806 2035 μὴ

1009 2050 1044 2077 τὰ
1056 2049 1126 2077 αὑτά
1144 2048 1315 2084 βουλομένων
1329 2047 1459 2074 ἁπάντων
1471 2045 1566 2081 ήμῶν·
1586 2045 1657 2072 ἀλλὰ
1673 2045 1723 2072 καὶ
1743 2046 1807 2077 ταῖς

1009 2097 1128 2123 ἑκάστου
1144 2094 1309 2126 διαθέσεσιν,
1326 2093 1406 2127 εἴπερ
1421 2092 1583 2126 δραστήριοι
1596 2087 1670 2126 ἦσαν
1689 2090 1739 2117 καὶ
1761 2090 1809 2116 οὺ-

1009 2142 1138 2174 σιοποιοὶ,
1154 2139 1361 2176 συμμετέὃαλλε
1370 2139 1391 2154 ⁸⁸
1402 2137 1438 2164 τὰ
1450 2137 1549 2171 πάντα,
1565 2138 1626 2168 ταῖς
1637 2136 1808 2172 ὀξυρρόποις

1010 2187 1174 2225 μεταϐολαῖς
1184 2187 1239 2213 τῶν
1246 2185 1426 2222 ἀνθρωπίνων
1435 2183 1622 2219 προαιρέσεων
1631 2182 1808 2209 συναλλοιού-

168 2245 226 2267 stas
241 2239 361 2267 hominis
376 2238 474 2271 libera,
488 2236 567 2265 facile
594 2235 714 2268 mobilis,
729 2234 811 2269 idque
823 2234 955 2269 quotidie,

1012 2243 1088 2271 μενα.
1113 2233 1159 2260 Διὸ
1176 2232 1296 2266 εὐλόγως
1318 2232 1336 2267 ἡ
1364 2231 1479 2265 δύναμις
1505 2229 1553 2256 τοῦ
1577 2227 1757 2263 ἀνθρωπίνου
1785 2228 1809 2244 δ’

168 2286 306 2320 impotens
323 2284 437 2312 omnino
464 2288 506 2311 est
523 2283 557 2310 ad
581 2281 684 2316 aliquid
700 2281 742 2308 vel
757 2280 955 2308 conficiendum

167 2331 211 2359 vel
230 2331 459 2362 transferendum,
475 2329 526 2357 nisi
540 2327 650 2356 aliunde
658 2327 779 2362 juvetur.
805 2326 898 2361 Itaque
912 2334 957 2354 res

168 2378 307 2409 conditas,
321 2376 420 2412 inquit,
446 2377 565 2404 humana
581 2382 635 2402 non
654 2373 802 2402 transferat
819 2374 955 2406 voluntas,

168 2434 230 2453 eum
246 2425 290 2452 lex
306 2424 395 2452 Jivina
422 2423 468 2450 illa
490 2426 645 2454 conservet,
670 2428 759 2455 neque
785 2428 879 2448 eorum
895 2428 956 2455 qua:

168 2472 250 2504 ﬁunt,
271 2470 397 2498 conlerat
422 2468 572 2505 quidquam
599 2468 632 2495 ad
656 2467 790 2495 mundum
815 2466 954 2494 fabrican-

167 2519 243 2547 dum.

290 2575 346 2603 Cur
356 2582 396 2601 res
408 2573 532 2600 humana:
545 2579 596 2599 non
608 2572 694 2606 ﬂuant
711 2578 744 2598 ea:
758 2575 829 2598 voto.

205 2622 301 2650 Libera
319 2622 446 2649 voluntas
458 2620 484 2647 in
499 2620 604 2647 nullum
618 2619 700 2646 habet
713 2618 869 2653 imperium,
886 2625 956 2652 prae-

169 2673 292 2704 terquam
309 2667 336 2694 in
364 2674 406 2698 se,
433 2670 520 2701 utque
543 2673 574 2693 se
599 2665 687 2700 ipsam
716 2664 856 2692 meliorem
881 2662 955 2697 pejo<

782 2761 900 2791 VAR'IE

1011 2278 1199 2311 αὑτεξουσίου,
1209 2277 1354 2312 εὐκινήτου
1368 2276 1445 2307 ὄντος
1454 2275 1503 2302 καὶ
1514 2274 1669 2309 ἐφημέρου,
1687 2273 1810 2309 ἀδρανής

1008 2327 1069 2353 ὲστι
1084 2324 1228 2356 παντελῶς
1243 2323 1312 2358 πρὸς
1326 2323 1349 2340 ⁸ο
1364 2321 1514 2349 ὑπόστασιν
1526 2320 1625 2355 τινοςῆ
1646 2319 1809 2355 μετάθεσιν,

1011 2372 1050 2407 μὴ
1067 2371 1273 2406 συνεργουμένη
1286 2369 1396 2402 ἔξωθεν.
1422 2368 1502 2395 Ἀλλὰ
1517 2367 1549 2401 δὴ
1577 2366 1614 2393 τὰ
1627 2365 1705 2399 ὅντα,
1728 2367 1809 2402 φησι,

1012 2419 1049 2453 μὴ
1077 2417 1244 2453 μετατιθέτω
1272 2416 1289 2451 ή
1315 2414 1476 2450 ἀνθρωπίνη
1504 2412 1683 2448 προαίρεσις,
1712 2412 1812 2447 ἐπειδὴ

1010 2464 1081 2496 θεῖος
1095 2463 1177 2498 νόμος
1192 2461 1262 2489 αὐτὰ
1282 2461 1406 2497 φρουρεῖ,
1427 2459 1495 2495 μηδὲ
1510 2457 1565 2484 τῶν
1586 2458 1747 2494 γινομένων
1758 2459 1811 2486 ὅσα

1009 2511 1049 2542 εἰς
1066 2509 1202 2545 κοσμικὰς
1214 2508 1356 2544 ἐνεργείας
1370 2505 1503 2533 συντελεῖ.

1010 2568 1062 2595 Διὰ
1074 2567 1102 2593 τί
1114 2566 1157 2601 μὴ
1168 2566 1205 2592 τὰ
1214 2564 1386 2599 ἀνθρώπινα
1400 2562 1578 2597 διαϐήσεται
1593 2562 1635 2595 ὡς
1642 2562 1810 2594 ,βούλει-ας

1046 2613 1107 2639 ’Ότι
1136 2611 1244 2643 οὐδενός
1269 2611 1328 2636 ἐστι
1354 2609 1437 2645 κυρία
1463 2609 1535 2644 πλὴν
1560 2609 1664 2643 ἑαυτῆς
1692 2606 1807 2633 καὶτοῦ

1010 2657 1110 2694 ἑαυτὴν
1124 2657 1253 2692 ἀμείνονα
1269 2656 1286 2692 ἢ
1303 2656 1414 2691 χείρονα
1427 2656 1488 2688 ταῖς
1502 2655 1662 2682 διαθέσεσιν
1679 2653 1807 2689 ἀπεργά-

932 2760 1078 2789 LECTION
1083 2760 1135 2788 ES.

205 2838 227 2854 "
242 2837 415 2873 βουλεύεσθαι
433 2834 566 2870 Excerpta
587 2833 692 2873 Morell.
709 2842 715 2860 :
732 2832 916 2873 βούλεσθαιιῖ.
940 2833 962 2848 ⁵⁸
975 2832 1100 2873 πλεῖστον
1113 2830 1287 2873 Βητλείστς
1303 2831 1325 2857 Α
1340 2839 1347 2858 :
1363 2830 1477 2857 πλεῖστα
1491 2837 1520 2860 ς.
1562 2829 1584 2845 ⁵⁷
1603 2829 1742 2864 τιμῶντες
1757 2829 1778 2858 Β
1797 2840 1806 2859 ε

170 2869 306 2909 τηρῶντες
324 2881 355 2904 ς.
429 2872 452 2888 ⁸η
464 2869 652 2905 συμμετέϐαλε
671 2877 700 2900 τ.

758 2870 779 2884 ⁸⁵⁸
795 2869 862 2904 ivli":
873 2868 939 2894 ὃπου
958 2878 989 2901 ς.

1059 2869 1081 2884 ⁸ο
1110 2866 1192 2903 πρὸς]
1208 2867 1245 2898 ὡς
1261 2866 1294 2894 Α.
