1945 3073
159 178 196 210 93
723 177 993 209 BIBLIOTHECA-
1010 191 1045 196 ·--
1058 177 1140 207 COD.
1153 176 1246 207 CCLI.
1755 170 1791 203 94

162 235 266 267 ζεσθαι,
279 235 390 268 κριτικῇ
405 233 484 269 μόνον
493 233 560 260 οὖσα
570 234 624 261 τῶν
632 234 716 262 ὄντων
724 235 771 261 καὶ
781 234 948 270 ἁποδεκτικὴ

1013 241 1095 261 'emve
1118 231 1309 260 alfectiouibus
1321 230 1428 264 reddat,
1452 238 1495 257 res
1507 230 1594 257 solum
1605 229 1732 264 judicans
1743 237 1794 256 ex-

162 281 217 308 τῶν
229 279 392 314 γινομένων,
406 280 452 306 καὶ
467 279 554 312 οὕτως
568 280 696 316 ἀρετὴνῆ
708 281 809 307 κακίαν
823 281 950 317 κτωμένη

163 327 203 362 τῷ
215 325 245 353 εὖ
265 327 315 362 ῆ⁸¹
332 326 427 357 κακῶς
441 327 470 352 ὲν
488 328 549 358 ταῖς
566 326 682 358 οἰκείαις
699 328 851 362 ἐνεργείαις
861 327 952 354 διατε-

165 373 255 408 θῆναι.
278 372 315 398 Τδ
341 372 396 408 γὰρ
423 373 598 404 αὐτεξούσιον
613 373 691 400 τοῦτο
718 374 799 408 μόνον
816 374 858 408 ἐφ’
886 373 952 409 ἡμῖν

164 416 235 445 εἶναι
250 418 328 452 δηλοῖ
339 417 390 453 τὴν
416 418 561 452 μετάθεσιν
581 419 662 453 ἡμῶν
681 419 770 445 αὐτῶν
784 419 852 455 πρὸς
864 419 894 446 τὸ
908 419 952 445 δο-

166 464 232 490 κοῦν
243 464 321 499 ἡμῖν,
333 463 382 490 τοῦ
395 463 591 499 περικειμένου
609 463 734 498 σώματος
750 463 863 491 καὶτῶν
875 463 953 496 ἐκτὸς

167 509 198 536 οὐ
213 508 477 544 συναριθμουμένων
493 508 533 543 τῷ
547 509 724 543 αὑτεξουσίῳ.
740 509 770 535 ΕΞ
787 509 842 544 γὰρ
865 509 896 535 τὺ
911 509 954 535 λε-

165 554 284 589 γόμενον
297 554 341 588 ἐφ’
352 554 419 588 ἡμῖν
437 553 574 589 παρελθὸν
589 554 640 589 τὴν
654 554 749 581 οὐσίαν
765 555 793 581 ὲν
837 554 953 589 ἵδρυται,

166 599 216 625 καὶ
242 598 337 634 ὥσπερ
362 599 391 624 ἐν
414 598 542 634 ἀλλοτρίᾳ
562 597 638 634 χώρᾳ
653 599 810 634 γενόμενον,
825 599 893 626 ἄλλα
911 600 954 626 ἐπ’

166 644 242 679 αὑτῴ
267 642 338 670 εἶναι
364 643 493 680 βουληθῇ,
511 642 567 670 οἷον
587 645 618 670 τὺ
643 644 722 680 σῶμα
741 645 758 680 ἢ
783 645 832 681 τὴν
847 646 954 680 κτῆσιν,

169 690 275 726 μυρίων
291 690 499 725 ἐναντιωμάτων
523 690 695 724 πειράσεται,
713 691 750 725 μὴ
765 691 836 717 κατὰ
856 692 956 718 σκοπὸν

168 737 372 772 προϐαινόντων
389 736 463 771 αὑτῷ
477 736 542 772 [758
563 735 608 772 H.]
634 737 689 762 τῶν
706 737 887 772 πραγμάτων,
910 738 957 763 καὶ

170 783 278 819 μυρίων
305 783 432 818 δεήσεται
459 783 514 808 τῶν
533 783 745 818 συνεργούντων,
772 783 797 808 εί
824 783 915 818 μέλλοι
930 792 956 810 τι

169 829 275 856 τούτων
291 829 363 855 κατὰ
376 828 439 855 νοῦν
460 828 534 863 αὑτῷ
549 828 722 864 γενήσεσθαι.
739 829 775 855 Τὸ
790 828 818 855 δὲ
833 829 866 855 τὰ
877 829 957 855 ἐναν-

168 875 300 910 τιούμενα
317 874 354 910 μὴ
366 874 503 910 συμόηναι
513 875 560 901 καὶ
572 875 606 901 τὰ
623 874 806 908 συνεργοῦντα
820 874 957 909 συμϐῆναι

170 921 222 948 οὐκ
235 919 268 956 ἦν
281 921 325 955 ἐφ’
349 921 426 955 ἡμῖν,
441 920 498 946 ἀλλ’
515 920 599 955 ἄλλης
610 921 682 952 τινὸς
697 920 743 946 καὶ
764 922 875 955 μακρᾶς
890 921 957 948 ὑπο·
973 916 995 943 Β

170 967 274 998 θέσεως
289 966 338 992 καὶ
353 966 404 1000 τῆς
420 966 559 1000 ἑπομένης
572 966 659 1002 ταύτῃ
683 966 797 999 τάξεως,
810 966 892 1002 [1596
912 967 957 1003 H.]

171 1012 234 1047 ἢνή
251 1012 407 1047 εἱμαρμένη
425 1011 559 1038 ἐπιτελεῖν
575 1011 696 1046 λέγεται,
710 1012 800 1047 κρίσις
814 1013 875 1039 Θεία
893 1011 960 1039 οὖσα

172 1059 202 1084 ἑν
215 1059 271 1089 τοῖς
286 1059 336 1084 οὐκ
354 1058 397 1092 ἐφ’
421 1059 497 1092 ἡμῖν,
518 1058 587 1093 πρὸς
606 1059 655 1093 τὴν
671 1058 749 1091 ἀξίαν
774 1059 892 1094 ἀμοιϐὴν
905 1059 959 1086 τῶν

171 1104 215 1138 ἐφ’
241 1104 317 1138 ἡμῖν.
344 1105 383 1130 Οὐ
407 1104 462 1140 γὰρ
487 1105 642 1139 ἀναιρεῖται
667 1104 698 1131 τὸ
717 1105 890 1137 αὐτεξούσιον
909 1106 960 1140 τῆς

171 1149 346 1185 ἀνθρωπίνης
366 1150 466 1186 ψυχῆς,
481 1152 506 1178 εί
520 1151 553 1177 τὰ
574 1151 652 1183 ἐκτὸς
671 1153 757 1186 αὐτῆς
782 1152 828 1178 ἐπὶ
845 1152 883 1188 τῷ
899 1153 959 1188 Θεῷ

171 1195 215 1229 εἴη
231 1195 370 1229 διανέμειν
385 1195 433 1222 καὶ
449 1195 605 1222 ἀποδιδόναι
615 1196 723 1232 ἑκάστῳ
734 1197 802 1232 πρὸς
816 1197 866 1233 τὴν
881 1198 959 1231 ἀξίαν

172 1241 227 1268 τῶν
252 1240 410 1268 διαθέσεων.
425 1241 553 1268 Μάλιστα
569 1242 622 1276 γὰρ
636 1242 686 1276 τῆς
711 1243 780 1278 πρὸς
795 1244 895 1279 ἀρετὴν
913 1243 959 1270 καίΙ

172 1287 274 1313 κακίαν
290 1286 485 1321 αὑτοκινησίας
499 1286 578 1322 ἡμῶν
594 1288 610 1322 ἡ
623 1288 790 1323 προνοητικὴ
805 1288 960 1324 εἱμαρμένη

171 1332 258 1359 δεῖται
268 1341 275 1348 ·
290 1332 321 1359 οὐ
334 1332 390 1368 γὰρ
406 1332 494 1364 ἄλλως
506 1331 582 1359 ἔσται
597 1332 689 1359 δικαία
701 1334 716 1368 ἡ
730 1333 822 1365 ἄνισος
832 1334 959 1370 διανομὴ,

174 1379 213 1414 μὴ
232 1379 362 1406 ὑπόθεσιν
382 1379 504 1406 λαϐοῦσα
515 1379 693 1415 τδήμέτερον
715 1380 902 1412 αὐτεξούσιον.

213 1468 276 1494 Ὀτι
289 1468 317 1494 ἐν
333 1467 373 1503 τῷ
392 1467 465 1494 τέλει
489 1467 536 1493 τοῦ
564 1467 684 1502 Τιμαίου
700 1468 715 1494 ὁ
736 1467 849 1494 Πλάτων
873 1467 961 1503 (φησι)
980 1475 983 1480 τ

175 1514 242 1549 περὶ
257 1514 420 1549 σωματικῶν
442 1513 538 1540 παθῶν
552 1513 745 1548 διαλεγόμενος
767 1514 815 1540 καὶ
832 1514 881 1549 τῆς
898 1514 961 1541 τού-

173 1569 230 1587 των
247 1560 406 1595 θεραπείας,
424 1559 576 1595 καθάρσεσι
598 1561 840 1595 φαρμακευτικαίς
860 1561 962 1594 ἀπαγο-

175 1607 250 1643 ρεύει
274 1607 394 1642 χρῆσθαι
412 1606 594 1645 προχείρως,
621 1606 706 1633 διὰτὸ
725 1606 780 1633 δεῖν
804 1607 963 1642 περιμένειν

173 1652 224 1688 τὴν
234 1652 306 1678 κατὰ
330 1651 413 1686 φύσιν
435 1651 490 1678 τῶν
517 1651 679 1686 νοσημάτων
696 1651 832 1677 πέπανσιν
855 1652 901 1678 καὶ
926 1651 963 1687 μὴ

174 1699 235 1730 ταῖς
257 1697 354 1733 βιαίοις
378 1697 510 1732 ὲκτομαϊς
532 1697 721 1724 πολλαπλάσια
735 1696 823 1723 ταῦτα
838 1697 963 1732 ἀπεργά-

175 1744 282 1777 ζεσθαι,
293 1744 341 1771 καὶ
350 1743 437 1775 οὕτως
446 1743 478 1770 ἐκ
487 1751 558 1775 τινος
574 1743 737 1774 ἀκολουθίας
748 1743 849 1778 προϊὼν
860 1744 963 1780 ἑκάστῃ

176 1791 248 1825 νόσῳ
261 1790 357 1826 χρόνον
369 1789 431 1816 τινὰ
444 1789 525 1824 φύσει
539 1789 705 1824 τεταγμένον
719 1788 911 1823 ἀποφαίνεται,
929 1791 962 1826 τῇ

177 1836 233 1863 τῶν
249 1835 326 1868 ζώων
338 1835 466 1863 συστάσει
481 1835 624 1870 ἀνάλογον,
637 1832 675 1862 ὧν
692 1835 709 1870 ἡ
718 1834 826 1867 σύνοδος
837 1836 964 1870 γεννᾶται

175 1882 361 1917 τεταγμένους
375 1882 410 1914 ⁸⁹,
435 1881 473 1913 ὡς
498 1882 594 1916 φησὶν,
623 1881 724 1916 ἔχουσα
747 1881 794 1908 τοῦ
821 1881 880 1916 βίου
901 1882 965 1914 τοὺς

176 1929 292 1964 χρόνους
324 1928 371 1955 καὶ
402 1928 474 1955 κατὰ
496 1928 586 1962 γένος,
610 1925 666 1955 οἷον
692 1928 775 1959 ἵππος
804 1928 852 1963 μὲν
869 1928 965 1955 τοσάδε

175 1975 225 2010 ἐτη
246 1975 340 2010 ζήσειε
360 1975 391 2001 τὺ
413 1975 557 2010 μήκιστον,
583 1974 647 2010 βοῦς
663 1974 692 2001 δὲ
716 1974 824 2007 τοσάδε,
840 1975 887 2001 καὶ
902 1974 964 2001 καθ’

175 2022 304 2055 ἕκαστον,
329 2020 385 2048 οἷον
397 2021 440 2048 ὅδε
458 2021 472 2047 ὁ
497 2020 560 2055 βοῦς
574 2021 689 2056 συσταίη
715 2020 763 2055 ἔτη
777 2020 853 2052 δέκα,
879 2021 904 2047 εἰ
927 2020 965 2056 μὴ

177 2067 274 2103 θηρίον
296 2068 313 2103 ἢ
333 2067 401 2102 άλλη
417 2076 459 2098 τις
475 2067 575 2099 ἔξωθεν
603 2066 782 2102 συμπεσοῦσα
804 2066 965 2102 περίστασις

176 2115 261 2142 αὑτὸν
273 2114 421 2150 προανέλῃ.
439 2112 516 2140 Εἶναι
530 2113 583 2147 γὰρ
601 2114 633 2139 ἐκ
649 2112 757 2147 φύσεως
773 2112 966 2148 ἀφωρισμένον

176 2161 275 2197 χρόνον
288 2160 351 2188 τινὰ
365 2161 483 2195 ἑκάστῳ,
503 2159 598 2194 μέχρις
615 2155 646 2185 οὗ
661 2157 774 2184 δυνατόν
795 2158 869 2184 ἐστιν
885 2157 966 2193 ἐξαρ-

177 2209 237 2235 κεῖν
251 2207 302 2242 τὴν
319 2206 459 2238 σύστασιν,
487 2205 534 2232 καὶ
552 2201 582 2231 οὗ
595 2205 635 2237 εἰς
650 2204 681 2230 τὸ
696 2204 783 2238 πέραν
806 2204 856 2230 οὐκ
876 2205 909 2230 ἆν
925 2203 965 2231 ἐτι

178 2253 259 2289 βιῲη,
285 2252 323 2288 μὴ
339 2252 449 2282 πάντως
469 2251 497 2278 δὲ
520 2251 624 2282 πάντας
643 2250 710 2286 πρὸς
728 2250 774 2276 τὸν
788 2250 900 2277 δυνατὸν
916 2251 966 2282 τῆς
981 2266 1005 2295 D

178 2299 336 2329 συστάσεως
345 2298 519 2332 ἀφικνεῖσθαι
530 2296 625 2332 χρόνον
639 2296 682 2323 διὰ
695 2297 744 2328 τὰς
754 2296 854 2330 ἔξωθεν
862 2297 967 2332 βιαίους

178 2344 325 2379 ἐπιφορὰς,
339 2343 373 2374 ἃς
390 2344 433 2378 ἐφ’
452 2342 532 2378 ἡμῶν
550 2343 598 2378 μὲν
611 2342 660 2378 τὴν
673 2343 803 2377 πρόνοιαν
815 2343 967 2370 διατάττειν

178 2389 296 2424 ἔφαμεν,
316 2389 365 2416 ἐπὶ
378 2389 407 2416 δὲ
430 2389 484 2415 τῶν
509 2389 616 2422 ἀλόγων
636 2388 714 2420 ζώων
729 2389 767 2420 ὼς
784 2388 879 2424 ἔτυχεν
905 2390 966 2416 ἐπι-

180 2435 353 2470 ωμόαίνειν.
431 2434 486 2470 γὰρ
505 2434 629 2468 ἀνάγκην
643 2433 725 2466 εἶναι,
743 2435 781 2465 ὡς
795 2434 838 2461 ἐπ’
863 2434 969 2469 ἀνθρώ-

178 2488 252 2511 πων,
267 2478 338 2506 οὕτω
353 2479 400 2506 καὶ
412 2480 459 2506 ἐπὶ.
471 2479 526 2506 τῶν
543 2479 649 2513 ἀλόγων
663 2479 741 2511 ζώων
761 2479 777 2514 ἦ
791 2479 846 2506 τῶν
863 2480 966 2514 φυτῶν,

178 2524 230 2559 τὴν
244 2525 322 2557 τάξιν
337 2525 385 2551 τοῦ
403 2525 517 2552 Θανάτου
539 2525 722 2561 φυλάττεσθαι
742 2526 810 2560 πρὸς
824 2525 874 2560 τὴν
890 2526 969 2558 ἀξίαν

178 2571 230 2605 τῆς
242 2571 265 2586 ⁵³
285 2570 376 2606 ψυχῆς
392 2571 601 2606 ἀποδιδομένην,
618 2572 680 2598 ἐπεὶ
701 2571 768 2607 μηδὲ
782 2571 884 2606 ὁμοίως
903 2573 970 2607 ἡμῖν

177 2618 273 2644 ἐκεῖνα
298 2619 337 2649 εἱς
365 2617 411 2644 τὸν
428 2617 485 2652 βίον
508 2619 689 2653 παρέρχεται.
713 2618 809 2653 Ἡμεῖς
838 2618 887 2654 μὲν
916 2618 970 2654 γὰρ

181 2663 272 2696 κρίσει
287 2663 425 2690 δικαστῶν
440 2663 574 2698 δαιμόνων
588 2664 656 2699 πρὸς
675 2664 725 2699 τὴν
747 2664 802 2691 τῶν
816 2665 969 2699 προϐείῖιω-

179 2708 272 2743 μένων
286 2710 353 2744 ἡμῖν
370 2709 449 2741 ἀξίαν
474 2709 647 2744 λαγχάνομεν
674 2710 789 2742 ἕκαστος
814 2710 881 2746 βίον,
901 2712 930 2737 ὲν
946 2708 968 2746 ᾧ

177 2753 270 2781 πάντα
292 2755 483 2790 συνείληπται,
501 2754 588 2787 ἔθνος,
614 2755 703 2789 πόλις,
732 2756 834 2791 πατὴρ,
864 2757 967 2792 μήτηρ,

1004 284 1108 313 ternas,
1130 279 1256 314 factaque
1271 278 1416 312 recipiens.
1442 277 1501 310 Quo
1517 276 1547 303 lit
1574 281 1614 308 ut,
1632 283 1682 310 pro
1705 277 1793 302 virtu—

1004 327 1078 354 tibus
1100 331 1148 353 aut
1172 324 1244 352 vitiis
1260 323 1412 358 acquisitis,
1441 322 1510 349 bene
1533 325 1581 348 aut
1596 320 1667 347 male
1684 320 1714 347 in
1734 319 1792 347 suis

1003 372 1158 400 actionibus
1169 371 1312 406 dirigatur.
1327 369 1449 396 Libertas
1466 367 1538 394 enim
1551 367 1602 394 hoc
1619 366 1707 393 solum
1725 373 1794 400 pene

1003 426 1056 445 nos
1082 424 1143 444 esse
1169 416 1357 447 demousu'at,
1378 414 1508 440 nimirum
1542 417 1571 439 ut
1599 419 1649 439 nos
1670 411 1792 446 applice—

1004 472 1075 496 ntus,
1093 467 1174 497 prout
1188 462 1276 489 visum
1299 460 1393 493 fuerit,
1411 459 1502 487 vicino
1514 459 1633 493 corpori,
1654 457 1792 484 externis-

1004 519 1058 545 que
1071 509 1165 540 rebus,
1189 515 1250 543 quae
1275 507 1360 534 libera
1378 506 1491 533 minime
1514 510 1588 532 sunt.
1607 504 1635 531 Si
1650 504 1722 531 enim
1750 511 1795 530 ar-

1005 555 1115 583 bitrium
1143 553 1244 590 (quode
1259 552 1402 588 hactenus)
1419 551 1578 582 essentiam,
1600 550 1691 584 inqua
1709 550 1794 577 situm

1006 601 1097 633 habet,
1108 599 1325 629 transcenderet,
1337 606 1369 625 ac
1381 597 1464 625 veluti
1480 597 1506 624 in
1516 596 1602 623 aliena
1618 595 1728 630 regione
1740 595 1795 622 alia

1005 655 1088 683 penes
1103 655 1133 674 se
1150 654 1213 674 esse
1226 646 1317 678 vellet,
1332 644 1407 671 verbi
1425 643 1524 679 gratia,
1540 650 1651 677 corpus,
1667 646 1714 669 aut
1730 649 1795 676 pos-

1005 693 1175 721 sessionem:
1192 696 1323 719 sexcenta
1341 690 1515 717 adversantia
1535 689 1657 720 haberet,
1672 688 1755 715 rebus
1769 687 1796 714 ei

1005 749 1036 767 ex
1054 740 1137 767 animi
1155 739 1290 767 sententia
1314 745 1369 764 non
1389 736 1613 767 succedentibus,
1630 735 1797 769 intinitisque

1007 785 1201 813 auxiliantibus
1219 784 1363 818 indigeret,
1379 788 1408 809 ut
1423 782 1525 817 aliquid
1549 790 1582 809 ex
1599 786 1664 808 voto
1687 781 1795 808 ﬂueret.

1006 831 1066 859 Non
1085 836 1229 859 estautem
1253 831 1282 857 in
1305 834 1397 856 nostra
1414 836 1497 855 manu
1513 828 1643 863 positum,
1660 834 1693 853 ne
1718 825 1800 852 nobis

1009 878 1123 905 adversa
1146 876 1280 907 accidant,
1307 879 1355 902 aut
1371 879 1401 901 ut
1418 873 1578 900 auxiliantia
1592 872 1796 903 nanciscamur,

1011 924 1057 952 sed
1083 923 1199 958 alicujus
1225 922 1337 949 alterius
1369 921 1395 947 iu
1411 924 1546 955 potestate
1572 919 1635 946 est?
1663 919 1798 955 longeque

1010 976 1088 998 antea
1111 967 1252 1003 propositi,
1273 971 1300 994 et
1319 967 1366 1001 qui
1388 967 1439 993 hoc
1453 965 1644 1000 consequitur,
1671 964 1796 990 ordinis:

1010 1024 1071 1052 quae
1085 1015 1169 1042 fatum
1193 1013 1329 1047 complere
1349 1012 1458 1039 dicitur.
1476 1010 1554 1044 Quod
1575 1011 1659 1037 fatum
1670 1010 1798 1036 divinum

1010 1062 1146 1097 quoddam
1166 1063 1208 1087 est
1222 1058 1356 1094 judicium
1371 1058 1397 1084 in
1413 1057 1458 1089 iis,
1473 1064 1533 1091 qua:
1551 1057 1578 1083 in
1598 1060 1690 1083 nostra
1722 1059 1799 1090 pote—

1009 1111 1079 1135 state
1094 1114 1147 1133 non
1163 1109 1236 1137 sunt,
1248 1104 1281 1131 ad
1291 1104 1391 1138 justam
1404 1110 1510 1134 eorum,
1522 1110 1581 1137 quae
1591 1101 1618 1128 in
1633 1106 1725 1129 nostra
1743 1101 1800 1128 sint

1009 1156 1155 1188 potestate,
1175 1150 1339 1177 mercedem.
1362 1148 1421 1175 Non
1437 1149 1509 1175 enim
1528 1147 1631 1174 arbitrii
1648 1147 1750 1174 tollitur
1766 1146 1799 1173 li-

1010 1200 1111 1231 bertas,
1130 1198 1153 1225 si
1168 1205 1252 1232 penes
1270 1196 1355 1223 Deum
1381 1196 1428 1229 sit,
1443 1200 1555 1222 externa
1570 1198 1651 1230 prout
1665 1194 1723 1221 vult
1743 1193 1801 1221 dis-

1010 1246 1141 1278 tribuere,
1170 1251 1202 1272 ae
1228 1243 1345 1278 singulis
1372 1250 1419 1276 pro
1446 1241 1552 1269 meritis
1579 1240 1691 1276 praemia
1721 1240 1798 1267 dare.

1010 1292 1130 1319 Maxime
1166 1291 1241 1318 enim
1275 1289 1310 1316 ad
1337 1289 1472 1316 virtutem
1491 1291 1537 1314 aut
1561 1287 1658 1314 vitium
1674 1287 1800 1314 libertate

1011 1343 1103 1366 nostra
1118 1337 1264 1372 providens
1289 1335 1378 1362 fatum
1395 1334 1505 1369 indiget,
1532 1332 1721 1368 alioquijusta
1743 1339 1800 1359 non

1011 1389 1084 1413 esset
1102 1383 1244 1418 inaequalis
1276 1382 1321 1409 illa
1352 1388 1442 1408 rerum
1470 1379 1636 1412 distributio,
1669 1379 1723 1406 nisi
1754 1385 1802 1405 oc—

1012 1431 1150 1459 casionem
1163 1430 1187 1456 ei
1199 1428 1343 1455 arbitrium
1357 1433 1481 1454 nostrum
1495 1426 1640 1461 praeberet.

1048 1476 1124 1503 Plato
1144 1475 1171 1502 in
1196 1478 1319 1501 extremo
1343 1473 1442 1499 Timwa
1467 1472 1500 1499 de
1522 1472 1647 1506 corporis
1662 1471 1802 1498 disserens

1014 1521 1214 1552 affectionibus,
1238 1526 1390 1554 earumque
1402 1518 1602 1550 curationibus,
1617 1522 1692 1545 vetat
1714 1517 1749 1544 iis
1761 1517 1800 1544 uti

1015 1572 1118 1594 temere
1138 1564 1358 1600 purgationibus,
1383 1571 1452 1598 quas
1477 1563 1581 1591 medica
1609 1570 1655 1590 ars
1679 1563 1800 1595 adhibet,

1014 1612 1087 1648 quod
1116 1610 1216 1647 466a
1252 1610 1403 1637 naturalem
1431 1610 1590 1636 morborum
1615 1609 1802 1635 maturitatem

1015 1661 1186 1691 exspectare,
1208 1662 1241 1682 ne
1256 1654 1427 1681 sectionibus
1438 1653 1566 1680 violentis
1584 1652 1623 1680 illi
1640 1657 1802 1687 augeantur,

1015 1706 1151 1737 oporteat.
1169 1700 1203 1728 Et
1220 1701 1260 1728 sic
1276 1701 1348 1728 serie
1374 1700 1491 1735 quadam
1513 1699 1662 1734 procedens
1685 1698 1803 1734 singulis

1014 1747 1119 1775 morbis
1144 1751 1250 1781 tempus
1264 1745 1372 1779 aliquod
1393 1752 1408 1771 a
1427 1749 1523 1771 natura
1545 1743 1746 1779 pmscriptum,
1768 1743 1804 1770 ab

1015 1793 1099 1822 simili
1123 1792 1282 1820 animaliqu
1308 1791 1507 1826 compositione
1527 1790 1656 1823 ostendit,
1684 1798 1802 1826 quorum

1016 1845 1184 1875 congressus
1214 1838 1339 1864 ordinate
1373 1836 1488 1868 ﬁt,vita-
1514 1836 1657 1864 continens
1684 1841 1802 1871 tempus.

1015 1884 1135 1920 atquein
1155 1891 1205 1912 suo
1227 1891 1342 1918 quaeque
1365 1890 1477 1917 genere.
1501 1881 1582 1909 Verbi
1603 1881 1700 1917 gratia,
1716 1889 1805 1916 equus

1015 1931 1125 1967 quidem
1138 1935 1177 1957 tot
1189 1937 1277 1957 annos
1289 1929 1389 1957 vixerit
1403 1928 1571 1960 diutissime,
1584 1928 1634 1956 bos
1646 1933 1738 1956 autem
1753 1931 1802 1962 tot,

1015 1983 1043 2005 et
1055 1978 1095 2005 sic
1111 1977 1145 2005 de
1162 1977 1279 2008 caneris,
1304 1981 1334 2003 ut
1354 1976 1403 2003 hos
1419 1976 1512 2003 decem
1529 1975 1630 2002 vixerit
1648 1982 1736 2002 annos
1750 1974 1804 2002 nisi

1015 2024 1084 2057 fera,
1111 2028 1158 2051 aut
1178 2023 1231 2050 alia
1252 2023 1343 2058 aliqua
1366 2026 1478 2049 externa
1501 2021 1643 2048 calamitas
1671 2021 1805 2050 accedens

1015 2069 1092 2104 prius
1107 2069 1183 2096 illum
1198 2068 1311 2095 necarit.
1324 2067 1347 2094 Α
1362 2071 1460 2094 natura
1471 2067 1544 2094 enim
1557 2065 1672 2101 singulis
1687 2065 1804 2100 prastini-

1017 2120 1073 2142 tum
1091 2119 1198 2149 tempus
1209 2119 1261 2147 est,
1277 2113 1309 2140 ad
1325 2121 1406 2148 quem
1421 2112 1578 2144 terminum,
1594 2119 1644 2139 nec
1658 2112 1728 2138 ultra
1743 2118 1805 2145 per-

1016 2160 1104 2188 veniri
1135 2164 1234 2195 potest.
1264 2158 1324 2186 Non
1351 2166 1448 2186 omnes
1476 2163 1568 2185 autem
1596 2158 1630 2185 ad
1656 2157 1804 2184 terminum

1018 2213 1105 2242 usque
1128 2207 1284 2241 pertingere
1300 2210 1428 2240 possunt,
1451 2204 1614 2239 impediente
1634 2203 1806 2231 extrinsecus

1018 2260 1084 2280 casu
1098 2253 1191 2287 aliquo
1206 2251 1336 2285 violento,
1351 2259 1432 2286 quem
1449 2250 1496 2278 Dei
1509 2258 1573 2285 erga
1593 2257 1643 2277 nos
1657 2249 1806 2284 providen-

1018 2298 1084 2325 tiam
1099 2297 1239 2329 ordiuare,
1266 2297 1293 2323 in
1313 2296 1404 2323 brutis
1430 2299 1522 2322 autem
1539 2294 1650 2321 fortuito
1671 2294 1806 2326 accidere,

1019 2344 1150 2371 diximus.
1164 2342 1259 2378 Neque
1275 2343 1348 2370 enim
1373 2341 1470 2369 mortis
1482 2341 1562 2375 ratio,
1580 2341 1657 2376 juxta
1675 2340 1808 2375 cujusque

1020 2390 1116 2416 merita
1141 2389 1284 2421 attributa,
1308 2388 1404 2415 eodem
1424 2387 1505 2414 modo
1525 2391 1568 2414 est
1584 2385 1732 2418 metienda,
1752 2393 1809 2420 quo

1019 2434 1163 2461 brutorum
1177 2441 1209 2460 ae
1222 2433 1378 2468 plantarum
1395 2433 1534 2464 interitus,
1553 2432 1664 2467 quando
1685 2438 1736 2458 nec
1751 2431 1806 2463 illa,

1019 2480 1114 2507 eodem
1135 2487 1191 2515 quo
1217 2487 1267 2507 nos
1293 2478 1375 2506 modo
1396 2483 1557 2506 nascuntur.
1582 2477 1711 2505 Homines
1734 2477 1808 2505 enim

1020 2531 1163 2561 parentqu
1189 2526 1305 2558 meritis,
1318 2525 1432 2552 deorutn
1445 2525 1551 2559 judicio
1572 2529 1748 2559 generantur,
1766 2523 1810 2551 vi-

1020 2577 1131 2607 tamque
1141 2572 1290 2606 accipiunt,
1305 2579 1359 2606 qua
1372 2571 1429 2598 hate
1439 2571 1623 2603 continentur,
1640 2570 1723 2603 natio,
1742 2569 1810 2597 civi-

1023 2622 1074 2650 tas,
1094 2623 1231 2652 parentes,
1248 2617 1348 2645 natalis
1363 2617 1433 2649 dies,
1448 2624 1548 2651 corpus
1562 2616 1691 2651 denique,
1704 2620 1731 2643 et
1741 2616 1810 2642 edu-

1024 2664 1105 2697 catio,
1140 2663 1258 2691 fortuna:
1281 2663 1352 2691 bona
1369 2663 1402 2690 ad
1427 2663 1511 2690 vitam
1540 2661 1683 2694 tuendam,
1711 2661 1810 2688 mortis

1022 2717 1119 2745 genus,
1134 2714 1241 2744 tempus
1254 2709 1432 2743 destinatum,
1449 2710 1602 2744 horumque
1624 2708 1746 2735 omnium
1761 2714 1810 2734 cu-

1022 2762 1090 2789 stos,
1107 2765 1141 2784 ac
1162 2756 1288 2785 minister
1310 2756 1433 2785 Genius:
1448 2763 1566 2792 quorum
1582 2753 1704 2783 omnium
1720 2753 1810 2781 brutis

792 2841 912 2868 VARI/1:1
939 2840 1142 2869 LECTIONES.

215 2899 236 2914 ⁵¹
254 2898 269 2933 ἦ
288 2903 313 2926 ct
331 2897 468 2933 συμϐῆναι
497 2902 524 2926 cl
552 2898 600 2934 τῆς
616 2898 678 2928 add.
692 2899 724 2928 Α.
763 2902 785 2917 ⁵³
803 2901 866 2929 libri
881 2900 1063 2935 τεταγμένως.
1104 2901 1127 2916 ⁵³
1138 2900 1188 2935 τῆς
1205 2899 1268 2928 add.
1284 2899 1317 2926 Δ.
