1945 3073
163 160 202 191 97
726 166 988 198 BIBLIOTHECA.
1009 180 1044 185 -
1057 164 1147 199 COD.’
1154 168 1263 199 CCLII.
1639 188 1642 192 ν
1755 169 1791 201 98

165 218 239 254 χειρὶ
255 219 302 245 καὶ
316 219 347 246 τὸ
375 220 503 256 γράφειν.
528 222 653 258 ’Δρεταῖς
672 224 701 251 δὲ
717 225 763 252 τὸν
777 226 835 261 βίον
860 226 946 253 ἰθύνω

1007 229 1130 263 mosynis
1153 228 1263 256 claruit.
1295 227 1369 256 Inter
1381 227 1435 255 alla
1460 227 1532 256 enim
1564 227 1662 259 multa,
1689 229 1792 263 quibus

166 265 362 300 ἐλεημοσύναις
381 268 552 304 προέλαμπε.
569 270 647 297 Μετὰ
663 272 718 307 γὰρ
733 272 838 300 πολλῶν
852 273 950 305 ἀλλων,

129 337 132 339 λ
164 311 200 337 δι’
214 308 251 337 ὦν
275 312 358 339 αὐτοῦ
377 314 408 340 τὸ
426 315 495 350 πρὸς
519 317 583 348 τοὺς
607 317 752 352 δεομένους
773 319 847 350 ἔλεος
871 321 918 346 καὶ
934 319 952 355 ἠ

165 357 322 391 συμπάθεια
339 359 513 395 ἐγνωρίζετο,
529 362 575 387 καὶ
590 362 669 389 τοῦτο
685 363 718 389 ἂν
738 363 854 398 μάλιστα
867 373 952 400 χαρα-

163 404 302 438 κτηρίσειε
320 405 343 420 (⁵
355 406 405 440 τῆς
419 406 624 442 φιλανθρωπίας
641 409 723 435 αὑτοῦ
741 409 789 436 καὶ
803 410 952 445 ἐλεημοσύ-

160 457 210 484 νης
226 450 257 475 τὸ
277 450 441 486 θαυμάσιον.
458 449 530 479 Ἶίκέ
546 462 589 485 τις
605 455 689 481 αίτῶν
705 455 726 471 ⁸³
740 464 816 488 ποτε,
837 457 883 483 καὶ
901 457 951 491 τὴν

162 495 210 521 τοῦ
241 497 327 523 αἰτεῖν
354 498 480 534 ἀνάγκην
506 500 545 531 είς
564 501 694 535 ναυάγιον
720 503 856 538 ἀνῆπτεν·
881 505 895 530 ὁ
922 504 951 530 δὲ

161 542 314 576 προθύμως
328 543 422 570 δίδωσι
438 545 542 580 χρυσοῦ
560 547 716 582 νομίσματα
733 548 774 580 ἐξ.
794 548 824 574 '0
836 549 858 575 δ’
870 549 951 581 αὐτὸς

158 589 195 614 ἐκ
211 589 339 624 δευτέρου
355 591 427 617 κατὰ
441 592 491 627 τὴν
506 593 590 628 αὐτὴν
609 593 673 629 [760
686 594 731 630 H.]
748 595 854 631 ¹ἡμέραν
869 596 950 623 ἐπελ-

160 635 226 668 θὼν,
236 636 286 663 οὐκ
302 637 430 673 ἐξαρκεῖν
446 639 523 673 ἔλεγε
532 640 600 675 πρὸς
612 641 642 667 τὸ
655 642 770 676 μέγεθος
779 643 829 677 τῆς
844 652 951 678 συμφο-

160 682 211 716 ρᾶς
225 683 255 708 τδ
271 682 359 716 δοθὲν,
375 685 422 710 καὶ
437 685 497 719 ᾔτει
511 685 604 713 λαϐεῖν
615 695 622 702 ·
632 688 645 713 ὁ
656 687 685 713 δὲ
702 687 784 715 πάλιν
793 689 841 715 καὶ
851 688 949 725 γνώμῃ

157 729 206 755 καὶ
222 729 318 764 δώροις
334 731 392 762 τοῖς
414 731 483 763 ἴσοις
499 732 581 759 αὐτὸν
606 733 750 767 ἐδεξιοῦτο.
781 735 836 761 Καὶ
856 735 948 770 τρίτον

157 776 311 809 ἐφίσταται.
338 777 372 804 τὰ
398 779 480 813 ὅμοια
495 780 553 811 τοῖς
577 780 714 816 δευτέροις
731 782 778 808 καὶ
797 781 885 816 λέγων
901 782 948 809 καὶ

156 821 241 848 αἰτῶν
253 830 260 836 ·
277 824 291 848 ὁ
309 823 337 849 δὲ
360 825 421 851 οὐδὲ
436 825 467 851 τὺ
481 826 573 861 τρίτον
588 827 759 863 ἁλλοιότερος
771 828 810 864 τῷ
827 827 946 855 αἰτοῦντι

156 869 288 904 κατέστη,
307 871 376 897 ἀλλὰ
390 872 497 899 κελεύει
514 873 597 900 πάλιν
612 874 655 900 διὰ
669 874 716 901 τοῦ
733 875 781 901 καὶ
795 875 829 901 τὰ
845 875 944 910 πρότε-

158 921 204 948 ρον
217 914 240 929 ⁷⁸
267 914 497 951 διακονησαμένου
521 917 582 953 ἴσην
609 918 684 954 αὺτῷ
710 919 756 945 καὶ
780 919 876 954 ὁμοίαν
896 919 945 955 τὴν

156 960 275 987 ἐπίδοσιν
292 964 457 997 παρασχεῖν.
483 964 560 990 Ἐπεὶ
576 964 603 990 δὲ
620 965 674 991 τῶν
700 965 748 1000 μὲν
769 966 946 1000 νομισμάτων

153 1007 232 1034 οὐδὲν
262 1008 440 1035 ὑπελέλειπτο
461 1010 494 1042 ⁷⁷,
522 1010 607 1045 ἔμαθε
633 1011 675 1043 δὲ,
702 1011 791 1047 ζητῶν
808 1011 946 1046 ἐπιμελῶς

156 1052 219 1079 ὅθεν
236 1053 275 1087 τῷ
304 1054 424 1089 δεομένῳ
441 1055 661 1092 ὲπικουρήσειεν,
675 1056 713 1088 ὼς
739 1057 753 1082 ὁ
768 1057 797 1089 ἐξ
823 1056 945 1092 ἀργύρου

155 1100 331 1132 πινακίσκος,
349 1102 377 1127 ὲν
459 1103 551 1137 μήτηρ
567 1102 658 1129 είώθει
675 1103 797 1138 ὀσπρίων
810 1104 871 1130 τινὰ
889 1105 946 1131 διά-

156 1145 242 1180 ϐροχα
270 1148 391 1181 πέμπειν
411 1148 449 1182 τῷ
476 1149 563 1181 παιδὶ,
592 1148 668 1175 οὔπω
693 1149 823 1184 ἀπεδόθη,
852 1150 945 1176 τοῦτον

155 1191 316 1226 ἐπιδοθῆναι
330 1193 352 1208 ⁷³
364 1192 403 1228 τῷ
420 1193 542 1220 αίτοῦντι
560 1195 736 1229 προστάττει.
758 1195 840 1223 Ἀλλὰ
859 1196 945 1223 ταῦτα

159 1238 210 1271 μὲν
223 1237 293 1264 τότε.
309 1238 404 1274 Χρόνῳ
423 1239 445 1265 δ’
462 1239 577 1275 ὕστερον
598 1241 690 1275 κρίσει
709 1241 758 1276 μὲν
774 1241 846 1277 θείᾳ,
862 1243 945 1278 ψήφῳ

156 1283 185 1309 ἱὲ
213 1283 267 1309 τῶν
291 1284 374 1318 ίερῶν
402 1287 550 1320 ταγμάτων
573 1287 619 1314 τὸν
636 1288 829 1324 ἀρχιερατικδν
856 1288 945 1324 λαχὼν

158 1329 260 1356 ἰθύνειν
280 1330 385 1365 θρόνον,
402 1331 507 1358 δώδεκά
522 1341 599 1364 τινας
613 1333 667 1360 τῶν
683 1335 816 1368 πενήτων,
833 1334 871 1366 ὡς
886 1335 946 1366 ἔθος

158 1376 291 1410 πράττειν
306 1377 361 1407 τοῖς
385 1378 579 1413 πατριάρχαις,
604 1380 813 1414 συνεστιαθῆναι
828 1380 944 1411 κελεύει,

155 1421 206 1447 καὶ
220 1422 440 1455 συγκαλέσασθαι
452 1424 565 1456 τούτους
575 1425 622 1452 τὸν
637 1427 736 1452 οἰκεῖον
751 1427 911 1462 σακελάριον
924 1428 946 1444 ⁷³

155 1466 309 1501 ἐπιτρέπει.
317 1468 360 1500 Ὠς
368 1469 397 1495 δὲ
404 1469 435 1495 τὺ
442 1470 607 1506 πρόσταγμα
618 1472 695 1504 τέλος
704 1472 792 1507 ἔλαϐε,
808 1473 887 1519 [1400
900 1474 946 1511 [1.]
959 1485 964 1486 ⁷

156 1514 207 1540 καὶ
222 1513 271 1548 τὴν
286 1515 424 1550 τράπεζαν
447 1517 472 1543 οἱ
498 1517 660 1553 δαιτυμόνες
679 1513 855 1555 ἐπλήρωσαν,
884 1530 946 1548 συν-

156 1561 262 1594 εωριίτο
284 1560 313 1587 δὲ
335 1561 375 1596 τῷ
400 1562 527 1597 ἀρχιερεῖ
552 1564 600 1590 καὶ
628 1566 854 1600 τρισκαιδέκατος
882 1576 946 1594 συν-

154 1606 321 1641 εστιώμενος
331 1607 365 1639 ⁷⁸,
375 1608 471 1642 ᾐτιᾶτο
483 1608 528 1635 τὸν
540 1610 562 1626 ⁷³
574 1609 727 1638 καλέσαντα
738 1612 795 1643 ἑνὸς
804 1613 947 1649 προσθήκῃ

156 1652 202 1679 τὴν
216 1652 333 1688 ἀριθμὸν
341 1653 397 1680 τῶν
408 1654 512 1681 δώδεκα
523 1656 711 1691 χυδαιώσαντα
721 1666 728 1673 ·
740 1658 786 1685 ass
798 1659 948 1694 ἀπηρνεῖτο

155 1698 203 1724 τὸν
214 1699 392 1732 ἐπείσακτον,
410 1701 456 1727 καὶ
466 1701 619 1737 ἀπηρίθμει
629 1703 692 1735 τοὺς
704 1705 945 1740 συνεστιωμένους,

158 1745 266 1776 ἰεικνὺς
284 1746 315 1771 ἐν
330 1745 369 1780 τῷ
392 1747 532 1783 ἀπερίττῳ
549 1748 614 1779 τοὺς
641 1748 755 1776 δώδεκα.
787 1750 864 1776 Ἐπεὶ
888 1751 917 1778 δὲ
933 1751 947 1777 ὁ

156 1791 232 1826 εερὸς
246 1791 398 1827 Γρηγόριος
422 1793 469 1819 καὶ
490 1794 715 1828 τρισκαιδέκατον
738 1795 845 1828 ἐδλεπε,
869 1797 945 1832 καὶὴ

158 1839 252 1873 μορφὴ
266 1839 363 1865 τούτου
376 1839 406 1865 οὐ
422 1839 476 1865 τῶν
490 1840 577 1866 ἄλλων
594 1841 683 1880 μόνον,
698 1841 767 1868 ἀλλὰ
781 1842 828 1868 καὶ
846 1843 946 1878 ἑαυτῆς

158 1884 292 1915 πολλάκις
319 1885 366 1910 ἐπὶ
388 1885 419 1911 τὸ
445 1884 548 1917 ξενίζον
577 1886 760 1922 παρήλλαττε,
779 1887 878 1923 συνῆκε
897 1888 946 1923 μὲν

157 1929 198 1965 μὴ
219 1930 274 1956 τῶν
290 1930 397 1956 πολλῶν
411 1931 460 1957 ἕνα
484 1933 578 1958 τοῦτον
597 1930 678 1962 εἶναι.
702 1933 822 1964 ἀναστὰς
844 1933 872 1959 δὲ
895 1934 945 1969 τῆς

156 1976 300 2011 τραπέζης
316 1977 365 2003 καὶ
389 1978 485 2004 τοῦτον
502 1978 554 2012 ἰδίᾳ
570 1979 826 2014 μετακαλεσάμενος
853 1981 945 2015 ὅρκοις

155 2020 269 2056 ὲδὲσμει
285 2023 422 2056 φρικτοῖς,
439 2023 513 2054 ὅστις
529 2024 593 2050 ποτὲ
609 2024 664 2058 εἴη,
680 2024 758 2059 δῆλον
770 2025 889 2059 ποιῆσαι.
917 2026 945 2052 ’0

152 2065 185 2093 δὲ
202 2067 284 2094 αὑτὸν
298 2068 401 2094 ἐκεῖνον
415 2068 467 2103 ἔφη
485 2068 555 2096 εῖναι
569 2070 616 2096 τὸν
629 2070 713 2096 πάλαι
733 2070 798 2097 ποτὲ
820 2071 881 2106 τρὶς
895 2072 945 2106 τῆς

156 2112 243 2147 αὐτῆς
257 2113 280 2128 ⁷³
293 2113 400 2149 ἡμέρας
414 2114 436 2130 ⁷⁷
452 2123 501 2149 την
519 2116 628 2150 αἴτησιν
652 2118 848 2151 προσενεγκεῖν
863 2117 944 2148 ἀξιώ-

155 2167 243 2185 σαντα
253 2159 300 2185 καὶ
313 2160 478 2192 τοσαυτάκις
497 2160 534 2195 μὴ
546 2161 731 2196 διαμαρτόντα
740 2162 788 2196 τῆς
799 2162 943 2197 αἰτήσεως·

154 2205 203 2231 καὶ
217 2206 234 2239 ἡ
250 2204 350 2239 πρᾶξις
371 2206 462 2239 ἐκείνη
485 2205 557 2232 οὕτω
572 2206 603 2232 τὸ
617 2206 693 2232 Θεῖον
717 2206 942 2242 ἐξεθεράπευσεν,

1007 272 1082 301 illius
1093 274 1230 301 miseratio
1242 278 1270 301 et
1284 274 1427 301 clementia
1440 282 1503 309 erga
1520 274 1614 308 inopes
1628 274 1788 308 apparebat.

1004 318 1057 346 hoc
1072 319 1153 347 etiam
1170 321 1288 348 maxime
1308 321 1407 347 mirum
1424 320 1484 355 ejus
1503 321 1535 347 ad
1552 321 1748 348 humanitatem
1761 324 1791 347 et

1003 365 1191 402 eleemosynas
1223 367 1345 394 animum
1372 367 1504 393 declarat.
1537 366 1615 394 Venit
1645 366 1791 401 aliquando

1003 412 1114 446 quidam
1126 417 1230 447 petens,
1248 417 1275 440 et
1294 412 1467 448 naufragium
1478 421 1538 440 esse
1551 421 1661 440 causam
1671 413 1788 443 dicebat,

1003 465 1051 484 cur
1060 458 1156 493 stipem
1171 463 1302 493 posceret.
1314 459 1361 485 llle
1370 463 1493 494 prompte
1503 458 1656 494 dalﬁB7a
1673 466 1721 485 sex
1740 466 1792 485 au~

1002 512 1064 532 reos
1079 513 1217 533 nummos.
1244 505 1290 532 Ille
1312 506 1434 533 secundo
1453 505 1547 532 eodem
1565 506 1607 532 die
1628 509 1768 532 revertens
1780 525 1788 538 ,

1006 559 1059 578 non
1076 551 1199 579 sullicere
1217 555 1342 586 respectu
1365 551 1526 579 calamitatis
1545 551 1741 586 magnitudinis
1761 551 1789 578 id

1001 599 1073 633 quod
1091 597 1211 625 dedisset
1228 597 1307 629 dixit,
1323 601 1350 624 et
1368 598 1484 632 amplius
1504 597 1638 632 peposcit.
1661 597 1710 624 llle
1724 603 1788 625 vero

1000 645 1094 671 animo
1115 644 1250 676 donisque
1275 643 1427 678 aequalibus
1443 643 1517 670 illum
1535 643 1624 671 aﬂ‘ecit
1643 651 1651 669 :
1667 648 1694 670 et
1708 643 1790 670 tertio

1000 690 1125 725 contigit,
1142 690 1241 717 similia
1258 695 1288 716 ut
1313 689 1433 717 secundo
1456 694 1483 716 et
1498 689 1566 717 dixit
1580 694 1606 716 et
1623 689 1710 724 petiit.
1737 689 1790 717 Hic

999 738 1090 761 autem
1108 734 1188 762 tertio
1204 742 1259 762 non
1276 739 1418 762 aversatus
1430 739 1567 769 petentem
1582 739 1644 762 est:
1660 735 1706 762 sed
1725 742 1789 764 rur-

1000 788 1060 807 sum
1075 780 1156 815 jussit
1173 789 1220 816 per
1233 782 1370 813 eumdem,
1387 782 1433 816 qui
1449 782 1524 816 prius
1540 782 1565 808 in
1582 789 1613 808 ea
1633 789 1662 808 re
1675 789 1787 816 operam

998 827 1169 860 praestitisset
1192 827 1324 861 aequalem
1354 827 1409 859 illi,
1439 833 1465 854 et
1491 827 1609 854 similem
1632 827 1785 861 portionem

999 872 1068 899 dari.
1085 872 1152 898 Cum
1177 880 1242 899 vero
1269 872 1337 900 nihil
1360 873 1482 907 pecuniae
1506 872 1629 900 relictum
1658 876 1740 904 esset,
1759 876 1788 898 et

997 926 1120 953 quarens
1132 919 1276 954 diligenter
1289 927 1343 953 qua
1360 927 1390 946 re
1406 919 1578 954 potissimum
1600 919 1673 953 inopi
1687 919 1786 945 subve-

996 965 1078 998 niret,
1101 965 1229 1000 cognovit.
1262 970 1417 1000 argenteam
1443 965 1583 992 scutellam
1616 972 1669 999 qua
1697 967 1787 991 mater

996 1015 1178 1038 consueverat
1199 1011 1384 1045 juseulentuu‘t
1405 1011 1515 1045 aliquod
1541 1011 1706 1044 leguminum
1728 1009 1785 1036 filio

996 1057 1104 1083 mittere
1129 1056 1249 1083 nondmn
1266 1056 1368 1088 datam,
1386 1056 1456 1083 hanc
1484 1056 1543 1083 dari
1571 1056 1670 1090 petenti
1695 1055 1784 1089 jubet.

995 1102 1084 1137 Atque
1111 1102 1168 1130 haec
1189 1102 1298 1137 quidem
1315 1102 1351 1129 ita
1379 1108 1434 1129 tum
1454 1105 1539 1136 gesta.
1556 1101 1666 1133 Deinde,
1682 1101 1785 1136 judicio

996 1149 1105 1183 quidem
1118 1149 1221 1179 divino.
1242 1149 1378 1184 suﬂ‘ragiis
1393 1156 1533 1176 sacrorum
1550 1148 1702 1175 antistitum
1717 1155 1785 1182 pon-

997 1194 1109 1222 tilicium
1125 1194 1239 1222 sortitus
1259 1195 1387 1220 thronum
1403 1193 1435 1220 ad
1458 1193 1616 1229 regendum,
1640 1193 1783 1220 duodecim

997 1249 1142 1277 pauperes,
1173 1245 1203 1268 ut
1227 1241 1316 1268 solent
1340 1240 1503 1275 patriarchaI
1533 1239 1632 1270 facere,
1658 1239 1786 1266 convivio

998 1287 1079 1314 simul
1096 1286 1218 1313 adhiberi
1249 1286 1347 1318 vomit,
1368 1285 1572 1320 mandavitque,
1598 1284 1686 1319 utqui
1711 1285 1784 1311 elee-

997 1332 1119 1368 mosynis
1141 1336 1280 1367 praeesset,
1307 1332 1368 1358 illos
1389 1336 1563 1360 convocaret.
1578 1330 1646 1357 Cum
1674 1330 1786 1358 manda-

998 1383 1055 1406 tum
1077 1379 1246 1413 perfecisset,
1269 1381 1296 1405 et
1315 1385 1437 1405 mensam
1463 1377 1587 1405 conviva:
1613 1377 1784 1411 implessent,

997 1426 1072 1452 visus
1087 1429 1128 1452 est
1151 1425 1272 1460 pontitici
1297 1429 1323 1452 et
1348 1425 1444 1452 tertius
1461 1423 1585 1451 decimus
1612 1425 1784 1450 accumbere.

999 1470 1184 1506 Reprehendit
1198 1470 1279 1505 igitur
1293 1470 1463 1501 invitantem,
1480 1469 1551 1503 quod
1569 1476 1654 1496 unum
1668 1468 1786 1502 amplius

999 1524 1080 1552 quam
1097 1516 1240 1543 duodecim
1261 1519 1396 1542 vocasset.
1422 1515 1468 1542 llle
1486 1515 1588 1542 crimen
1617 1514 1742 1548 negabat,
1758 1517 1786 1539 et

1000 1570 1149 1590 numerans
1160 1561 1345 1593 comedentcs,
1361 1561 1427 1588 vidit
1444 1568 1497 1587 non
1512 1559 1603 1594 plures
1617 1566 1699 1593 quam
1717 1558 1785 1584 duo-

998 1609 1097 1637 decim.
1120 1609 1187 1635 Cum
1209 1615 1273 1634 vero
1289 1612 1400 1634 sanctus
1426 1606 1574 1641 Gregorius
1598 1609 1625 1632 et
1647 1604 1783 1632 decimum

999 1655 1108 1682 tertium
1130 1654 1252 1684 vidisset.
1271 1658 1298 1680 et
1316 1652 1401 1679 forma
1426 1659 1479 1679 nou
1503 1651 1617 1678 aliorqu
1640 1651 1720 1677 modo
1747 1649 1786 1677 si-

998 1701 1081 1733 milis,
1098 1701 1145 1728 sed
1159 1705 1186 1727 et
1207 1700 1250 1727 sui
1267 1699 1403 1726 interdum
1417 1697 1560 1725 dissimilis
1580 1697 1679 1731 hospes
1699 1703 1785 1730 appa-

998 1752 1079 1780 reret,
1097 1747 1169 1774 hunc
1188 1747 1222 1773 de
1242 1753 1356 1773 numero
1370 1750 1530 1773 ceterorum
1555 1752 1608 1771 non
1631 1751 1691 1770 esse
1708 1743 1787 1770 intel-

997 1794 1073 1821 lexit.
1093 1793 1184 1820 Mensa
1199 1798 1304 1820 remota
1325 1793 1398 1819 hunc
1422 1795 1527 1819 secreto
1551 1790 1668 1822 vocavit,
1690 1794 1717 1817 et
1741 1797 1785 1816 se-

996 1841 1069 1868 veris
1088 1839 1252 1874 iuramentis
1278 1838 1451 1869 constrinxit,
1469 1841 1498 1864 ut
1522 1838 1583 1872 quis
1602 1842 1675 1864 esset
1697 1837 1785 1863 mani-

997 1887 1119 1915 festaret.
1138 1885 1187 1913 Hic
1212 1886 1287 1912 illum
1305 1886 1393 1918 ipsum
1414 1891 1444 1911 se
1469 1891 1530 1911 esse
1552 1883 1632 1916 dixit,
1655 1882 1702 1918 qui
1719 1883 1783 1909 olim

997 1933 1144 1968 aliquando
1161 1937 1201 1959 ter
1215 1932 1308 1958 eodem
1322 1931 1366 1958 die
1381 1930 1415 1957 ab
1432 1937 1464 1957 eo
1478 1930 1678 1964 eleemosynam
1691 1928 1784 1963 petiis—

996 1982 1048 2010 sct,
1066 1981 1092 2004 et
1118 1976 1199 2004 toties
1217 1976 1244 2002 iu
1260 1975 1374 2011 petendo
1398 1983 1450 2002 non
1469 1975 1634 2002 ollendisset.
1659 1974 1724 2007 Qua:
1741 1982 1783 2002 res

996 2024 1051 2051 Deo
1067 2024 1103 2051 ita
1119 2027 1192 2058 grata
1206 2022 1360 2052 exstitit,ut
1371 2030 1402 2049 ex
1419 2022 1464 2048 illo
1483 2022 1508 2048 in
1526 2022 1597 2048 hunc
1612 2029 1697 2055 usque
1710 2021 1782 2048 diem

995 2075 1131 2095 summam
1147 2066 1284 2102 iudicandi
1303 2070 1464 2100 potestatem
1481 2066 1611 2093 divinitus
1626 2071 1716 2096 uaclo,
1732 2073 1782 2100 ego

996 2114 1044 2140 tibi
1075 2120 1182 2147 semper
1210 2112 1272 2139 vitae
1302 2116 1415 2143 custos,
1437 2111 1629 2145 actionumque
1665 2111 1782 2138 director

995 2160 1134 2187 assistam.
1161 2158 1292 2193 Angelum
1314 2165 1378 2184 vero
1392 2156 1436 2184 Dei
1461 2165 1489 2184 se
1514 2157 1548 2184 ab
1567 2157 1656 2184 ollicio
1681 2157 1780 2184 vocari.

996 2205 1043 2233 His
1072 2205 1174 2232 auditis
1191 2225 1198 2236 ,
1223 2204 1335 2237 genibus
1360 2203 1487 2231 accidens
1511 2203 1654 2234 adoravit,
1672 2202 1782 2237 Deoque

154 2250 193 2282 ὡς
204 2251 234 2283 ἐξ
253 2251 361 2277 ἐκείνου
378 2252 459 2287 μέχρι
475 2252 523 2278 νῦν
548 2253 640 2286 κρίσιν
654 2253 758 2280 ἀνωθεν
772 2253 876 2286 λαϐεῖν,
901 2254 942 2280 σοὶ

999 2252 1098 2287 gratias
1113 2251 1177 2287 egit.
1190 2250 1237 2277 Ille
1254 2250 1378 2285 evanuit,
1392 2250 1427 2277 et‘
1438 2258 1492 2277 non
1514 2250 1679 2285 conspicuus
1699 2249 1781 2276 bene—

154 2299 343 2333 συμπαρεῖναι
361 2298 472 2333 φύλακά
496 2307 526 2325 τε
553 2301 603 2335 τῆς
619 2300 690 2334 ζωῆς
706 2300 753 2326 καὶ
779 2301 875 2336 ὁδηγὸν
890 2300 944 2327 τῶν

999 2299 1078 2326 ficum
1096 2297 1253 2325 custodivit.

156 2344 314 2379 πρακτέων,
332 2344 448 2378 ἄγγελον
460 2345 488 2371 δὲ
507 2345 556 2380 τὴν
571 2345 651 2380 φύσιν
677 2346 745 2373 Θεοῦ
762 2347 954 2382 χρηματίζειν.
983 2347 1037 2373 Καὶ
1063 2347 1077 2372 ὁ
1099 2346 1158 2381 μὲν,
1194 2345 1314 2377 ἀκούσας
1351 2344 1447 2376 ταῦτα,
1475 2343 1565 2370 πεσὼν
1593 2343 1781 2380 προσεκύνησε

153 2392 204 2417 καὶ
217 2390 255 2425 τῷ
289 2390 349 2425 Θεῷ
377 2391 579 2427 ηὐχαρίστησεν
598 2391 620 2408 ⁷⁸
632 2400 639 2408 ·
665 2393 679 2418 ὁ
705 2393 734 2419 δὲ
751 2392 838 2428 ᾤχετό
861 2402 891 2419 τε
913 2394 960 2420 καὶ
980 2394 1029 2429 ούχ
1043 2392 1182 2427 ὁρώμενος
1193 2392 1239 2418 τὸν
1254 2391 1402 2426 εὐεργέτην
1414 2390 1599 2425 διεφύλαττεν.

190 2434 276 2468 Οὗτος
289 2438 303 2463 ὀ
318 2437 470 2471 θαυμάσιος
487 2437 638 2473 Γρηγόριος
653 2438 754 2470 πολλὰς
770 2440 818 2474 μὲν
834 2439 880 2465 καὶ
894 2439 943 2466 ἄλ-

151 2484 203 2515 λας
232 2482 404 2518 ψυχωφελεῖς
429 2484 462 2518 τῇ
484 2483 628 2518 Ῥωμαίων
642 2484 806 2517 συνετάξατο
824 2484 942 2519 βίϐλους,

154 2529 267 2564 ὁμιλίας
287 2537 318 2555 τε
337 2529 371 2555 τὰ
392 2528 550 2563 Εὑαγγέλια
572 2529 753 2556 ἀναπτύσσων
767 2530 944 2565 προσωμίλη-

152 2583 211 2603 σεν·
227 2576 297 2611 ἀτὰρ
313 2575 345 2609 δὴ
359 2575 407 2601 καὶ
431 2575 504 2609 βίους
520 2575 575 2602 τῶν
592 2575 664 2602 κατὰ
680 2576 729 2610 τὴν
743 2576 858 2603 Ἰταλίαν
873 2577 945 2608 ἀξιο-

149 2622 250 2655 λόγους
267 2621 300 2653 ⁷⁷,
317 2620 366 2647 καὶ
382 2621 540 2655 διηγήματα
558 2622 696 2657 σωτηρίαν
708 2622 905 2648 ὲκπαιδεύοντα
921 2622 944 2638 ⁸⁰

151 2667 364 2702 συγκαταμίξας
383 2667 499 2701 τούτοις,
520 2668 549 2694 ὲν
563 2669 695 2705 τέσσαρσι
709 2668 843 2703 διαλόγοις
856 2668 945 2703 ἐφιλο-

789 2728 907 2756 ῩΑΒΙᾸΣ

314 2811 569 2846 ⁷⁵⁷συνεστιώμενος
595 2816 622 2837 et
647 2811 815 2846 συνεστιωμέ

151 2845 177 2862 ⁷⁸
205 2848 255 2882 τῆς
277 2847 362 2881 αὐτῆς
386 2855 442 2873 om.
458 2845 494 2873 B.
555 2846 576 2862 ⁷⁷
591 2845 695 2882 ἡμέρας
712 2854 767 2874 om.
783 2847 817 2873 Α.

151 2882 175 2898 ⁸ο
192 2881 393 2918 ἐμπαιδεύοντα
407 2881 440 2908 Α.

860 2846 883 2862 ⁷⁸
897 2846 1096 2882 εὐχαρίστησεν
1111 2845 1140 2874 Β.

1033 2438 1217 2466 Admirandus
1232 2438 1275 2465 hic
1286 2437 1433 2472 Gregorius
1447 2438 1546 2464 multos
1554 2438 1673 2471 quidem,
1688 2442 1715 2465 et
1731 2439 1783 2466 titi-

998 2484 1038 2512 les
1064 2484 1188 2519 inprimis
1212 2483 1309 2519 46711
1331 2483 1415 2510 libros
1435 2482 1530 2510 Latine
1555 2485 1727 2519 conscripsit,
1754 2491 1784 2512 ut

999 2530 1133 2558 Homilias
1149 2530 1250 2564 quibus
1267 2529 1409 2563 Evangelia
1423 2529 1523 2564 populo
1533 2530 1694 2563 explanavit.
1712 2530 1783 2562 Quin

999 2576 1081 2603 etiam
1096 2575 1171 2602 Vitas
1187 2582 1282 2601 eorum
1300 2573 1347 2608 qui
1369 2574 1396 2600 in
1413 2574 1488 2601 Italia
1510 2575 1577 2602 clari
1591 2580 1692 2607 essent,
1711 2577 1785 2603 salu-

999 2621 1094 2649 bribus
1121 2620 1247 2648 admislis
1273 2620 1488 2652 narrationibus,
1519 2626 1636 2655 quatuor
1671 2622 1785 2656 dialogis

998 2667 1184 2695 concinnavit.
1209 2666 1312 2694 Etenim
1327 2672 1435 2693 centqu
1452 2671 1479 2694 et
1500 2668 1640 2702 sexaginta
1665 2668 1786 2703 quinque

937 2727 1083 2756 LECTION
1089 2727 1139 2755 ES.

189 2777 212 2792 ⁸⁸
248 2776 426 2813 αρακτηρίζοι
449 2784 479 2808 ς’.
519 2775 541 2791 ε’
554 2775 638 2802 αῐτῶν
656 2775 730 2812 αὐτῷ
756 2775 787 2803 Β.
825 2776 848 2792 ⁷⁰
860 2776 982 2810 πρότερα
995 2775 1024 2802 Β.
1063 2774 1275 2802 ’ίὺπολέλειπτο
1290 2775 1319 2802 Β.
1358 2775 1380 2791 ⁷¹
1393 2775 1520 2811 ἐπιϐῆναι
1544 2783 1574 2806 ς.

189 2821 213 2838 ›ν
314 2813 338 2828 ⁷⁵
354 2811 569 2839 συνεστιώμενος
595 2816 622 2837 et
647 2811 877 2839 συνεστιωιιένουε
893 2811 914 2838 Α
933 2819 939 2837 :
958 2809 1163 2839 συνεσθιόμενο;
1190 2815 1216 2837 et
1234 2809 1456 2839 συνεσυιομένους
1472 2819 1502 2839 ς.
1546 2810 1567 2825 ⁷³

152 2820 213 2847 ριον
227 2809 272 2839 ”Β.’
314 2809 576 2847 ⁷⁵’συνεστιώμενος
595 2816 622 2837 et
637 2809 1163 2847 ΔσυνεςξςτιωμένουςΑίιιυνιῑςιθιόμενος
1190 2815 1216 2847 et
1234 2809 1456 2847 συνεσθιομξνους
1468 2809 1502 2842 ⁷ς.

1618 2774 1640 2790 ⁷³
1652 2775 1771 2809 σᾳκελλά

1546 2810 1567 2825 ⁷³
1581 2810 1625 2845 ήτ.
1646 2809 1674 2836 δὲ
1687 2812 1732 2837 τόν
1753 2821 1784 2845 ς,

1190 2846 1213 2862 ⁷⁸
1229 2844 1397 2881 ἀξιολόγους]
1414 2846 1528 2873 fortasse
1547 2845 1599 2880 leg.
1624 2844 1785 2880 ἀξιολόγων.
