1945 3073
174 151 222 184 101

619 152 879 183 BIBLIOTHECA.
894 165 928 171 —-
947 140 1060 183 lCODD.
1079 153 1206 194 CCLIII,
1242 155 1358 187 CCLIV.

1756 158 1806 192 162

171 208 272 244 ροὺσης
287 207 378 234 αὐτῶν
391 206 440 234 καὶ
456 206 506 242 τὴν
521 205 572 241 οὐχ
592 206 738 241 ὁραθεῖσαν
755 207 889 242 πρότερον
915 206 965 241 τῆς

1017 207 1136 239 ratione,
1151 208 1208 236 luto
1231 209 1413 238 inﬁdelitatis"
1428 211 1586 245 ahsorptus,
1618 214 1806 248 gravcolentes

172 254 314 290 παρούσης
328 252 407 287 ζωῆξ
416 253 511 288 κοινὴν
536 252 722 288 ἀναχώρησιν.
741 252 854 286 Ὄγδοον
867 252 897 278 δὲ
915 253 962 279 καὶ

155 312 156 315 η
171 301 331 338 τριακοστὸν
341 300 492 337 τηνικαῦτα
499 300 638 332 Θεοδόσιος
646 301 695 334 τῆς
703 300 842 335 βασιλείας
849 300 930 335 ἤνυεν
938 300 962 317 ³⁸

170 348 233 384 [762
249 347 297 383 IL]
310 347 380 380 ἔτος,
396 346 478 381 ἡνίκα
495 347 526 373 τὸ
543 346 598 372 τῶν
618 346 766 381 θαυμάτων
779 345 960 381 ὑπερθαύμα-

169 401 231 419 στον
245 393 278 427 τῇ
303 392 451 427 οἰκουμένῃ
468 391 662 427 ἀναδειχθῆναι
677 391 708 418 τὸ
725 391 795 418 θεῖον
819 391 962 427 ᾠκονομῆ-

168 446 244 464 σατο.
266 438 372 472 Ἐζήτει
388 437 417 463 δὲ
433 437 487 472 ἄρα
502 437 550 463 καὶ
566 438 581 463 ὁ
594 437 654 464 τότε
666 436 763 471 καιρὸς
778 436 901 463 τοιοῦτον
917 445 962 463 τε-

167 484 288 518 ράστιον.
306 483 444 519 Θεόδωρός
463 492 516 515 τις,
535 483 572 514 ὡς
587 482 643 509 εἴθε
661 483 698 518 μὴ
716 482 815 516 ὢφελε,
840 483 889 517 τῆς
910 482 960 508 Λί-

166 530 237 562 γέων
250 530 274 545 ’⁵
288 529 392 561 πόλεως
414 529 571 556 ἐπεσκόπει.
596 525 682 560 Οὗτος
701 528 751 555 οὐκ
766 526 814 554 οἷδ’
838 528 900 554 ὅθεν
915 527 960 554 τοῦ

1015 254 1136 280 evomuit
1151 261 1242 288 voces,
1258 260 1429 283 mortuorum
1449 258 1675 286 resurrectionem
1691 268 1804 296 negans,

1015 303 1042 324 et
1059 298 1160 326 mullos
1187 307 1248 326 cum
1269 300 1326 327 suis
1343 301 1468 329 sectariis
1492 303 1586 329 eodem
1607 311 1700 332 errore
1718 305 1807 333 invol-

1016 351 1093 372 vens.
1108 345 1166 372 Hoc
1181 346 1315 373 miraculo
1335 348 1439 374 clarum
1457 350 1667 378 resurrectionis
1684 352 1806 380 testimo-

1015 390 1091 417 nium
1108 391 1134 417 in
1149 399 1259 419 omnem
1283 397 1383 420 terram
1413 394 1580 429 divulgante,
1612 396 1674 430 ipsi.
1700 403 1727 423 et
1745 398 1808 432 qui-

1015 445 1125 472 cunque
1142 438 1257 472 gcnliles
1274 438 1370 473 reliqui
1396 443 1485 472 erant,
1501 441 1599 472 partim
1627 441 1725 468 rubore
1739 449 1806 469 con-

1016 481 1069 510 fusi
1083 483 1288 516 obmutuerunt,
1304 489 1402 518 parum
1419 491 1520 512 certam
1537 486 1699 522 ﬁrmataque
1715 495 1807 515 resur-

1015 528 1147 555 rectionis
1161 536 1236 563 spem
1250 535 1444 565 conceperant.

165 577 217 612 τῆς
240 577 369 608 ἀπιστίας
395 576 502 607 σπάσας
525 576 678 611 βορϐόρου,
703 577 795 610 φωνὰς
823 575 955 607 δυσωδίας
978 575 1161 611 ἀπηρεύγετο,
1190 577 1240 611 τῆς
1264 576 1317 604 τῶν
1342 579 1446 614 νεκρῶν
1474 580 1648 612 ἀναστάσεως
1672 582 1806 618 καταψη-

167 623 319 658 φιζόμενος,
353 622 400 648 καὶ
435 621 551 652 πολλοὺς
572 621 630 656 ἅμα
641 622 696 648 τῶν
711 622 759 648 σὺν
775 621 851 657 αὐτῷ
881 622 949 658 πρὸς
964 622 1015 657 τὴν
1033 622 1135 648 οἰκείαν
1150 621 1288 653 μεθέλκων
1305 623 1328 638 ’⁸
1352 624 1492 652 ἀπόνοιαν.
1521 626 1575 652 Τοῦ
1609 627 1637 653 δὲ
1667 627 1805 663 θαύματος

166 668 296 703 λαμπρὰς
307 668 356 699 τὰς
373 668 424 702 τῆς
445 668 620 698 ἀναστάσεως
636 668 747 700 ἀκτῖνας
763 667 825 695 καθ’
845 668 908 703 ὅλην
924 669 1049 702 ἀφιέντος
1072 668 1122 704 τὴν
1146 669 1192 702 ὑφ’
1214 668 1281 704 ἡλίῳ
1300 670 1333 702 ’⁷,
1366 670 1443 697 αὐτοί
1468 679 1498 697 τε
1524 672 1572 698 καὶ
1603 673 1665 699 ὅσον
1684 673 1804 710 Ἐλληνι-

165 717 214 743 xliv
233 715 392 742 ὑπελείπετο
408 716 442 748 ⁹⁸¹,
459 717 483 741 oi
509 716 559 751 μὲν
583 717 624 747 είς
645 717 784 752 ἀμήχανον
813 715 945 752 αἰσχύνην
972 717 1019 742 καὶ
1033 716 1154 750 ἀφωνίαν
1178 717 1349 750 κατεδύοντο,
1368 718 1393 744 ot
1415 717 1443 744 δὲ
1464 719 1505 750 εἰς
1521 719 1688 754 ἀμετάθετον
1708 721 1805 748 ἐλπίδα

167 763 216 798 τῆς
233 763 409 794 ἀναστάσεως
427 763 610 798 μετετίθεντο.

202 811 250 842 Τίς
263 811 286 837 δ’
300 812 315 837 ὁ
331 811 431 846 τρόπος
446 811 496 846 τῆς
511 811 558 838 τοῦ
574 811 711 847 σπηλαίου
727 811 873 844 ανοίξεω;;
890 811 963 838 Ἀδό-

167 857 224 889 λιος
236 857 250 884 ὁ
261 856 309 883 τοῦ
323 856 402 892 ὅρους
417 857 479 884 τότε
495 857 599 893 κύριος,
615 858 644 884 ἐν
657 854 679 892 ᾧ
693 857 724 884 τδ
737 857 870 893 σπήλαιον
884 857 962 884 λελα-

166 903 281 939 τόμητο,
310 903 430 938 μάνδραν
457 903 627 939 θρεμμάτων
650 904 826 938 οἰκοδομῆσαι
855 903 961 930 κελεύει

167 949 230 980 τοὺς
258 948 377 980 παῖδας·
393 949 441 975 καὶ
461 949 493 976 τὸ
518 949 690 985 προσταχθὲν
713 949 759 975 ἐπὶ
783 949 892 984 ἡμέρας
913 948 960 975 δύο

1016 947 1104 981 coegit
1115 950 1266 977 exstruere,
1282 953 1381 981 resque
1396 947 1466 974 intra
1480 947 1592 974 biduum
1609 949 1733 976 confecta
1748 955 1803 983 est,

168 995 355 1030 διεπράττετο,
377 995 408 1021 Ἡ
427 995 450 1022 δ’
475 995 604 1030 οἰκοδομὴ
623 995 716 1027 αὐτοῖς
740 995 856 1022 ἐτελεῖτο
876 1003 960 1030 μετα-

1016 992 1167 1027 domusque
1183 991 1332 1024 aediﬁcata,
1360 992 1501 1020 translatis
1527 993 1674 1028 lapidibus,
1700 996 1747 1030 qui
1771 1003 1805 1024 os

169 1028 356 1076 κομιζομένων
378 1041 433 1067 τῶν
455 1040 549 1073 λίθων⁷
567 1028 636 1067 οϊ-τὸ
650 1041 698 1067 τοῦ
723 1041 857 1075 σπηλαίου
872 1028 960 1076 στόμα

1016 1038 1149 1072 speluncae
1163 1038 1360 1065 obstruxerant
1373 1044 1400 1066 et
1412 1039 1586 1067 munierant:
1599 1040 1693 1076 sicque
1708 1028 1801 1077 aperta

168 1086 343 1121 ἁπέφραττόν
366 1095 402 1113 τει
423 1087 470 1113 καὶ
499 1086 684 1121 ἀπετείχιζον.
719 1087 775 1114 Καὶ
803 1086 875 1113 οὕτω
911 1087 962 1122 μὲν

1016 1084 1142 1119 spelunca
1166 1089 1219 1112 est.
1239 1085 1372 1120 Martyres
1388 1086 1433 1121 qui
1455 1085 1509 1113 illic
1523 1086 1661 1121 jacebant,
1678 1088 1805 1116 inaudito

167 1131 292 1167 ὴνεῴχθη
316 1132 347 1159 τὸ
376 1132 521 1168 σπήλαιον,
539 1132 565 1158 οί
590 1132 612 1158 δ’
633 1132 861 1167 ἐγκατακείμενοι
887 1131 962 1167 αὐτῷ

1016 1130 1059 1156 Dei
1071 1129 1176 1164 judicio
1192 1130 1305 1157 redivivi
1321 1131 1450 1158 emittunt
1462 1130 1657 1164 Jamblichum,
1671 1133 1718 1166 qui
1736 1133 1803 1160 soli-

169 1179 309 1212 μάρτυρες
333 1179 484 1213 τηνικαῦτα
498 1178 644 1214 παραδόξῳ
666 1178 735 1205 Θεοῦ
755 1179 845 1213 κρίσει
864 1178 964 1204 ἁναόει

1016 1181 1057 1203 tus
1075 1180 1134 1203 erat
1148 1177 1212 1203 olim
1233 1176 1300 1211 ipsis
1315 1176 1473 1204 ministrare
1492 1177 1569 1204 cibos
1585 1182 1705 1212 emptum
1720 1184 1806 1214 atque

169 1223 301 1254 διωκότες
325 1223 521 1249 ἀποστέλλουσι
548 1223 593 1249 τὸν
616 1223 740 1258 συνήθως
760 1224 853 1254 αὐτοῖς
879 1222 964 1249 πάλαι

1016 1223 1140 1250 allatum.
1157 1222 1208 1256 Qui
1225 1223 1366 1258 ingressus
1383 1223 1478 1250 urbem
1498 1223 1635 1258 Ephesum
1649 1243 1658 1257 ,
1677 1231 1803 1259 compre-

169 1269 415 1305 ὕπηρετησάμενον
439 1270 592 1305 Ἰάμϐλιχον
617 1270 720 1305 τροφὰς
739 1269 896 1305 ὠνήσασθαι
916 1270 964 1295 καὶ

1016 1268 1144 1296 henditur
1156 1270 1190 1296 ob
1206 1277 1254 1296 eos
1269 1277 1339 1303 quos
1354 1269 1508 1305 proferebat
1519 1277 1660 1302 nummos,
1669 1274 1802 1305 tanquam

1052 808 1148 836 Modus
1164 816 1229 836 vero
1250 817 1305 844 quo
1320 810 1452 844 spelunca
1482 817 1574 845 aperta
1595 817 1658 846 est,
1689 813 1733 841 hic
1749 818 1804 842 est.

1018 854 1150 886 Adolius,
1175 855 1209 882 ad
1227 862 1307 889 quem
1336 859 1400 882 tunc
1418 863 1497 883 mons
1521 856 1565 884 ille
1580 858 1749 892 pertinebat,
1775 860 1803 888 in

1014 908 1069 935 quo
1081 901 1212 936 spelunca
1222 901 1314 928 excisa
1328 905 1396 933 erat.
1410 909 1541 936 pecorum
1554 904 1693 931 stabulum
1708 913 1804 933 servos

167 1315 280 1349 κομίσαι
293 1323 301 1332 ·
317 1316 347 1347 ὃς
360 1315 410 1352 τὴν
431 1316 564 1350 Ἐφεσίων
576 1316 736 1343 καταλαϐὼν
751 1317 828 1343 πόλιν
841 1316 962 1351 συλλαμ-

168 1361 280 1388 ὕόινεται
297 1361 331 1388 δι’
348 1361 365 1388 ἃ.
382 1362 495 1396 ἐκόμιζε
511 1362 679 1398 νομίσματα,
694 1362 732 1393 ὡς
752 1361 896 1397 θησαυρῶν
910 1362 961 1397 ἀρ-

168 1409 254 1443 χαίων
279 1410 554 1445 εὑρετής.Κὰκεῖθεν
578 1411 608 1436 τὸ
627 1411 698 1437 κατὰ
726 1410 789 1440 τοὺς
817 1410 961 1445 μάρτυρας

169 1455 264 1490 θαῦμα
277 1456 315 1487 εἰς
323 1455 407 1487 ἀκοὰς
423 1456 532 1483 πάντων
542 1456 760 1492 περιηχούμενον
777 1455 924 1491 διηπλοῦτο
937 1456 959 1472 θ’

170 1501 220 1527 καὶ
236 1502 277 1533 εἰς
292 1502 380 1537 θέαμα
397 1502 555 1538 προῦκειτο.

524 1580 607 1607 ΣΝΔ’,
817 1607 819 1610 ι

266 1626 436 1660 Μαρτύριον
457 1627 597 1661 Τιμοθέου
613 1627 666 1653 τοῦ
679 1627 864 1656 ἀποστόλου.

204 1692 377 1727 ’Λνεγνώσθη
406 1693 438 1719 ὲκ
465 1693 514 1728 τῆς
548 1695 722 1730 μαρτυρικῆς
749 1695 883 1730 Τιμοθέου
913 1696 961 1723 τοῦ
975 1687 996 1696 υ

169 1738 320 1764 ἀποστόλου
351 1740 522 1774 συγγραφῆς.
557 1740 618 1766 ’Ὁτι
649 1741 758 1775 πρῶτον
789 1741 961 1777 Τιμόθεονή

170 1784 299 1818 παροῦσα
328 1786 476 1820 συγγραφή
507 1794 590 1820 φησιν
621 1786 735 1820 Ἐφέσου
765 1787 960 1823 ἐπισκοπῆς-αι,

168 1830 300 1866 ῥοπάλοις
324 1823 358 1856 δ’⁴
385 1831 583 1866 ἀναιρεθῆναι,
623 1832 690 1858 διότι
725 1832 788 1864 τοὺς
821 1834 962 1868 Ἐφεσίους

168 1877 301 1903 διεκώλυε
331 1877 381 1908 τὰς
405 1878 532 1913 μυσαρὰς
560 1879 607 1905 καὶ
637 1879 796 1914 μιαιφόνους
821 1880 875 1906 τῶν
903 1880 962 1907 Ἐλ-

168 1922 260 1958 λήνωυ
294 1924 428 1951 ἐπιτελεῖν
455 1924 576 1958 τελετὰς,
602 1922 639 1952 ὧν
667 1925 716 1961 μία
750 1923 784 1962 ἦν
813 1927 892 1962 καὶὴ
910 1935 961 1953 κα-

168 1968 287 2005 λουμένη
317 1970 503 2005 καταγώγιον,
528 1971 589 1998 καθ’
608 1972 641 2008 ἢν
658 1968 746 2004 οὗτος,
767 1972 814 1999 καὶ
835 1973 875 1999 ὅτι
896 1972 963 1999 ταύ-

169 2025 221 2052 την
243 2017 419 2053 ἐξεκήρυττε,
445 2018 493 2044 τοῦ
523 2019 693 2053 μαρτυρικοῦ
721 2019 815 2050 τέλους
829 2019 961 2053 ἠξίωται·

169 2063 333 2097 Δομετιανὸς
347 2063 374 2089 δὲ
384 2064 535 2098 τηνικαῦτα
551 2064 602 2099 τῆς
622 2064 779 2099 Ῥωμαῖκῆς
795 2064 883 2099 ἀρχῆς
897 2064 963 2090 καθ-

170 2110 294 2144 ειστήκει
317 2110 460 2146 τύραννος.
473 2111 526 2137 Τοῦ
537 2111 566 2137 δὲ
582 2111 655 2147 ἱεροῦ
674 2111 807 2146 Τιμοθέου
820 2112 913 2147 τρόπῳ
923 2111 962 2147 τῷ

169 2155 310 2190 εἰρημένῳ
323 2156 369 2182 τὸν
387 2156 445 2190 βίον
467 2156 604 2189 λιπόντος,
623 2158 671 2184 καὶ
695 2157 859 2193 Δομετιανοῦ
873 2157 901 2190 ἐξ
916 2158 963 2184 ἀν-

169 2200 289 2235 θρώπων
318 2202 535 2238 ἀποφθαρέντος,
557 2202 639 2239 [MM-
666 2203 713 2240 Il.]
740 2204 834 2238 Νέρόα
862 2203 890 2230 δὲ
914 2203 962 2230 τοῦ

175 2247 332 2281 Ῥωμαϊκοῦ
356 2249 474 2283 κράτους
491 2249 521 2275 τὸ
543 2250 681 2284 σκῆπτρον
707 2249 934 2284 ἀναδεδεγμένου,
948 2249 963 2275 ὀ

169 2293 297 2327 θεολό-ῖος
312 2294 442 2328 Ἰωάννης
451 2295 500 2329 τῆς
510 2295 655 2330 ὑπερορίου
669 2295 757 2330 φυγῆς
771 2295 884 2329 ἀφεθεὶς
896 2304 962 2321 κατ-

1014 1315 1175 1341 thesaurum
1187 1315 1330 1349 antiquum
1342 1315 1470 1342 eruisset.
1482 1313 1640 1350 Eiiudeque
1649 1313 1803 1350 marter

1014 1362 1179 1388 miraculum
1195 1362 1227 1388 ad
1245 1362 1367 1389 omnium
1386 1369 1467 1389 aures
1487 1362 1650 1396 penetravit,
1668 1370 1700 1390 ac
1717 1362 1801 1390 veluti

1013 1415 1057 1434 res
1072 1407 1194 1434 miranda
1211 1408 1350 1442 proposita
1363 1407 1424 1434 fuit.

1350 1584 1462 1612 CCLIV.

1184 1630 1346 1665 Martyrium
1366 1631 1496 1658 Timothei
1511 1633 1639 1667 apostoli.

1049 1697 1147 1733 4681)
1168 1697 1245 1724 Lecta
1262 1702 1326 1724 sunt
1339 1698 1440 1733 scripta
1454 1699 1486 1725 de
1499 1699 1631 1734 martyrio
1661 1699 1800 1729 Timothei

1013 1745 1140 1778 apostoli.
1185 1743 1277 1770 Refert
1314 1743 1429 1770 historia
1473 1744 1648 1772 Timotheum
1682 1746 1801 1780 primum

1014 1790 1113 1824 Ephesi
1134 1790 1292 1824 episcopum
1318 1789 1425 1822 fuisse,
1456 1790 1587 1825 clavaque
1617 1791 1802 1825 interfectum,

1013 1840 1158 1871 propterea
1175 1835 1247 1870 quod
1274 1835 1461 1868 prohibuisset
1482 1835 1616 1870 Ephesios
1635 1837 1802 1864 exsecranda

1013 1886 1040 1908 et
1054 1886 1166 1908 cruenta
1182 1881 1304 1913 gentium
1320 1879 1388 1907 festa
1399 1900 1406 1911 ,
1423 1885 1450 1907 et
1463 1881 1543 1909 ludos
1559 1889 1641 1916 agere
1659 1891 1666 1908 ε
1683 1890 1800 1917 quorum

1014 1935 1099 1954 unum
1116 1926 1280 1961 appellatum
1298 1927 1347 1953 fuit
1362 1927 1551 1962 Catagogiuml
1567 1928 1640 1962 quod
1667 1929 1731 1963 quia
1756 1929 1803 1956 ille

1014 1974 1168 2008 abrogarat,
1181 1973 1303 2007 martyrii
1319 1973 1423 2000 honore
1433 1973 1547 2001 aﬂ‘cctus
1562 1979 1615 2001 est.
1630 1974 1802 2003 Domitianus

1014 2023 1079 2045 tunc
1099 2018 1252 2045 Romanum
1269 2018 1413 2053 imperium
1440 2023 1573 2053 tyrannus
1594 2019 1715 2054 gerebat.
1731 2019 1802 2047 Cum

1014 2065 1093 2092 divus
1105 2064 1266 2091 Timotheus
1284 2063 1335 2090 hac
1362 2064 1485 2095 ratione,
1503 2070 1533 2091 ut
1548 2064 1669 2092 diximus
1681 2085 1689 2097 ,
1718 2066 1802 2102 vitam

1014 2111 1142 2142 iiniisset,
1156 2115 1192 2143 et,
1207 2109 1363 2137 Domitiano
1374 2117 1494 2143 mortuo,
1508 2110 1596 2137 Nerva
1612 2111 1637 2137 in
1657 2111 1802 2146 imperium

1014 2157 1203 2188 successisset,
1218 2156 1329 2183 divinus
1344 2155 1464 2183 Joannes
1479 2156 1514 2183 ab
1529 2156 1625 2183 exsilio
1644 2156 1712 2184 liber
1727 2157 1802 2184 venit

1015 2202 1164 2237 Ephesum,
1181 2203 1252 2230 unde
1266 2203 1343 2238 prius
1360 2211 1374 2229 a
1388 2202 1544 2229 Domitiano
1559 2203 1693 2237 relegatus
1712 2202 1802 2231 fuerat

1015 2248 1126 2282 (ctenim
1144 2248 1178 2274 ibi
1195 2247 1339 2279 habitavit,
1352 2247 1525 2282 naufragium
1535 2247 1591 2282 jam
1606 2249 1638 2275 ad
1650 2248 1726 2276 littus
1740 2256 1802 2282 pas-

1015 2301 1072 2325 sus,
1090 2298 1116 2320 et
1131 2302 1146 2320 e
1162 2293 1230 2320 mari
1252 2293 1340 2320 adlmc
1366 2294 1474 2328 spirans
1501 2293 1615 2328 ejectus,
1639 2294 1702 2321 dum
1730 2293 1801 2321 Nero

169 2341 267 2374 ἀγεται
295 2341 363 2376 πρὸς
387 2341 437 2376 τὴν
465 2342 591 2376 Ἔφεσον,
619 2339 652 2377 ἧς
678 2343 724 2368 καὶ
751 2342 884 2377 πρότερον
911 2341 962 2367 ὐπὺ

1017 2339 1138 2366 crudelis
1154 2339 1180 2366 in
1199 2339 1372 2366 Christianos
1390 2338 1518 2373 saeviret).
1543 2339 1602 2371 Quo
1627 2344 1747 2374 tempore
1762 2343 1803 2366 to-

168 2387 335 2420 Δομετιανοῦ
353 2388 551 2422 πεφυγάδευτο.
569 2388 622 2414 Καὶ
634 2387 687 2423 γὰρ
703 2389 731 2414 ὲν
745 2387 831 2423 ταύτῃ
844 2387 961 2421 διέτριϐε

169 2434 333 2468 ναυαγήσας
348 2434 397 2468 μὲν
412 2435 477 2469 περὶ
489 2434 535 2460 τὸν
552 2434 686 2468 αἰγιαλὸν,
699 2434 861 2469 ἐκϐρασθεὶς
875 2433 903 2460 δὲ
913 2434 962 2468 τῆς

170 2478 311 2515 θαλάσσης
330 2481 456 2515 ἐμπνέων
473 2480 524 2513 ἔτι,
539 2481 621 2515 ἡνίκα
636 2480 732 2515 Νέρων
746 2481 760 2507 ὁ
775 2479 902 2515 ἐμμανὴς
916 2479 962 2505 τὸν

169 2526 244 2551 κατὰ
257 2526 312 2551 τῶν
326 2527 497 2561 Χριστιανῶν
516 2527 592 2553 ἔπνει
607 2526 726 2561 διωγμόν
738 2534 745 2542 ·
760 2526 804 2552 ὅτε
821 2526 884 2551 ’καὶ
899 2525 962 2556 τοὺς

167 2571 282 2606 τόμους,
294 2573 318 2598 οἳ
334 2573 487 2608 ἀνέγραφον
500 2573 638 2607 διαφόροις
647 2572 784 2606 γλώσσαις
796 2571 830 2597 τὰ
840 2572 961 2606 σωτήρια

167 2617 219 2643 τοῦ
235 2618 371 2644 Δεσπότου
387 2618 460 2653 πάθη
473 2627 502 2645 τε
518 2619 564 2644 καὶ
580 2617 644 2654 [765
658 2617 704 2653 IL]
723 2617 849 2651 θαύματα
865 2617 912 2642 καὶ
926 2616 963 2643 δι-

167 2664 311 2699 δάγματα,
324 2665 438 2696 τούτους
455 2664 530 2700 παρὰ
553 2665 607 2691 τῶν
622 2663 790 2698 κομιζόντων
817 2662 964 2696 δεξάμενος

167 2709 279 2742 διέταξέ
295 2719 324 2736 τε
337 2711 384 2737 καὶ
395 2710 548 2746 διήρθρωσε
556 2711 578 2743 ¹,
590 2710 636 2736 καὶ
644 2709 684 2736 ὲν¹ι
697 2709 804 2742 ἑκάστῳ
815 2708 869 2734 τῶν
878 2707 961 2742 τριῶν

1016 2393 1086 2417 mos,
1099 2385 1146 2420 qui
1164 2385 1245 2412 variis
1269 2385 1368 2419 linguis
1385 2384 1561 2413 continebant
1580 2385 1729 2413 salutarem
1749 2385 1803 2413 Do-

1015 2430 1081 2457 mini
1098 2430 1265 2464 passionem,
1283 2430 1426 2463 miracula,
1446 2430 1657 2466 doctrinamque
1673 2438 1689 2457 a
1710 2430 1802 2459 feren-

1014 2476 1087 2503 tibus
1104 2475 1249 2510 accipiens,
1271 2476 1298 2502 in
1314 2475 1438 2503 ordinem
1464 2476 1587 2512 digessit,
1610 2477 1801 2512 distinxitque.

1014 2526 1041 2548 et
1055 2521 1143 2548 tribus
1167 2522 1341 2556 evangelistis
1360 2527 1474 2556 quartus
1490 2523 1615 2551 accessit.
1632 2522 1754 2556 Etenim,
1773 2527 1805 2551 ut

1015 2568 1083 2600 dixi,
1100 2567 1193 2595 Nerva:
1217 2568 1351 2595 sententia
1371 2569 1405 2596 ab
1421 2569 1518 2596 exsilio
1536 2573 1690 2602 revocatus,
1711 2569 1802 2604 Ephe-

1016 2615 1083 2641 sina:
1100 2614 1209 2648 praefuit
1224 2614 1293 2646 sedi,
1311 2619 1337 2642 el
1351 2623 1399 2649 per
1411 2623 1442 2642 se
1462 2623 1524 2642 cum
1537 2622 1639 2650 septem
1656 2615 1802 2650 episcopis.

1016 2659 1197 2699 Ephesiorum
1210 2661 1349 2688 dioecesim
1367 2662 1448 2694 rexit,
1465 2661 1678 2696 perduravitque
1692 2661 1803 2696 pietatis

1016 2706 1129 2733 verbum
1146 2706 1258 2736 docens.
1274 2714 1361 2742 usque
1389 2706 1423 2734 ad
1442 2707 1584 2742 imperium
1603 2706 1723 2741 Traiani.
1740 2704 1803 2734 Haec

814 2775 933 2804 VARDE
962 2773 1166 2803 LECTlONES.

213 2836 237 2852 "
252 2836 353 2870 ⁴ἤνυσεν
373 2834 405 2861 Α.
444 2835 466 2851 ⁹⁵
483 2835 604 2868 Αἰγαίων
620 2834 649 2861 Β.

695 2834 718 2850 ⁸⁸
734 2833 875 2870 μεθεῦικον
887 2834 918 2870 ΑΣ

165 2870 287 2899 διαπλού
291 2879 372 2906 μενον
387 2879 406 2902 ς
415 2889 421 2896 .

970 2832 992 2848 ³⁷
1008 2831 1076 2866 ἡλίῳ
1092 2831 1111 2858 Α
1127 2841 1134 2858 :
1148 2832 1223 2867 ἣλιον
1241 2841 1271 2865 ς.
1310 2833 1332 2849 ⁹⁸
1346 2832 1523 2860 ὑπελέλειπτο
1538 2840 1568 2863 ς.
1607 2832 1630 2848 ⁹⁹
1644 2831 1803 2868 περιηχείτο

480 2872 487 2886 ¹
499 2867 543 2897 ὅτε
555 2871 576 2897 Λ
590 2879 596 2897 :
615 2869 684 2896 ὥστε
701 2867 741 2900 ςζ
771 2870 781 2884 ²
795 2867 996 2904 συνδιήρθρωσε
1013 2875 1042 2897 ς-
