1945 3073
176 126 228 159 103

750 125 881 156 ΡΗΟΤΙΙ
900 125 1152 156 ΡΑΤΒῙΑΒΕΗᾸΞ
1171 126 1224 156 CP.

1755 129 1804 161 104

174 184 282 218 aliaque
298 182 420 210 continet
447 181 608 217 martyrium
627 181 714 209 sancti
733 181 870 209 Timothei
883 201 891 214 ,
913 182 955 208 hu-

1014 181 1216 216 εὐαγγελιστῶν
1228 181 1258 208 τὸ
1269 181 1354 216 ὄνομα
1376 183 1556 218 ὲνηρμόσατο.
1567 183 1649 212 Ἀλλά
1661 184 1725 222 γὰρ,
1738 187 1806 224 ὅπερ

173 230 231 256 mili
248 230 317 264 stylo
333 227 532 262 conscriptum.

1017 225 1104 259 εἷπον,
1123 226 1280 261 ψηφίσματι
1296 226 1391 262 Νέρὸα
1405 228 1455 262 τῆς
1470 228 1619 264 ὑπερορίας
1643 231 1807 267 ἀνακληθεὶς

172 277 205 311 τῇ
220 276 351 310 Ἐφεσίων
372 274 472 310 ἐπέστη
488 275 497 290 ³
515 274 692 310 μητροπόλει,
707 274 756 301 καὶ
773 273 854 305 αὐτὸς
869 274 902 300 δι’
936 274 1043 306 ἑαυτοῦ,
1077 273 1148 299 ἑπτὰ
1175 273 1373 308 συμπαρόντων
1400 275 1568 308 ἐπισκόπων,
1593 277 1643 311 τῆς
1675 277 1807 312 Ἐφεσίων

175 322 407 356 ἀντιλαμϐάνεται
424 321 628 356 μητροπόλεως,
647 320 694 347 καὶ
712 320 840 355 διήρκεσε
857 320 900 346 τὸν
916 320 966 354 τῆς
986 320 1128 351 εὐσεϐείας
1141 320 1287 355 κηρύσσων
1302 320 1381 354 λόγον
1392 320 1456 356 ἄχρι
1467 322 1516 357 τῆς
1545 321 1683 357 βασιλείας
1703 324 1805 359 Τραῑα-

171 368 229 396 νοῦ.
246 369 338 395 Ταῦτα
364 368 396 403 δὴ
412 369 458 395 καὶ
481 367 585 394 τοιαῦθ’
601 367 683 402 ἕτερα
705 367 840 401 διηγεῖται
855 366 886 393 τὸ
904 366 1054 402 μαρτύριον
1070 366 1244 401 ἁπλουστέρα
1259 366 1358 402 φράσει
1373 366 1419 393 τοῦ
1434 368 1511 401 ἁγίου
1536 368 1680 403 Τιμοθέου.

209 415 371 443 Timotheus
384 416 524 449 apostolus
543 423 557 441 a
572 423 671 449 magno
686 414 732 441 illo
754 414 837 441 Paulo
854 414 958 448 prima-

171 463 219 490 ria:
235 462 308 490 sedis
318 462 495 496 Ephesiorum
510 461 655 496 episcopus
670 461 825 487 declaratur
839 465 866 487 et
878 460 958 487 inatt-

172 515 295 544 gttratur.
322 508 371 536 Est
394 508 465 543 apud
485 508 617 543 Ephesios
631 508 817 535 abominabile
832 513 860 534 et
879 515 958 534 exse—

170 557 302 584 crandum
323 555 430 587 festum,
449 554 520 588 qttod
538 555 713 590 Catagogium
729 558 903 588 nuncupant,
933 557 960 580 et

171 603 223 630 hoc
237 601 393 629 celebratur
408 601 490 628 modo
503 610 509 627 :
522 601 662 627 indecoris
684 608 714 627 se
731 601 814 627 larvis
831 600 958 630 induunt,

170 655 203 676 ac
223 655 256 674 ne
271 651 466 682 agnoscantur.
487 646 612 681 personis
636 645 720 672 facies
735 645 877 679 obtrgunt.
891 645 959 671 mul-

170 699 252 728 taque
269 693 341 721 idola
367 692 608 724 circumferentes,
637 695 665 719 et
690 691 814 726 quatdam
836 691 958 718 carmina

170 745 324 771 cantantes,
343 739 477 766 invadunt
488 739 561 765 viros
571 742 598 765 et
608 737 738 765 honestas
753 737 868 765 feminas
882 745 958 764 more

170 788 320 820 latronum,
337 787 506 822 multamque
518 785 696 813 committunt
707 785 807 812 caedem
824 785 850 811 in
866 785 955 820 publi-

1050 413 1111 439 Ὅτι
1125 414 1139 439 ὁ
1149 413 1297 444 ἀπόστολος
1311 413 1443 449 Τιμόθεος
1458 414 1510 441 ὑπὸ
1531 416 1576 441 τοῦ
1595 417 1713 450 μεγάλου
1728 417 1802 444 Παύ-

1012 457 1059 485 λου
1085 459 1132 485 καὶ
1165 460 1356 493 χειροτονεῖται
1382 460 1430 494 τῆς
1454 460 1587 493 Ἐφεσίων
1612 462 1806 497 μητροπόλεως

1013 505 1162 536 ἐπίσκοπος
1177 506 1223 531 καὶ
1238 505 1433 540 ὲνθρονίξεται.
1453 505 1513 532 Ὀτι
1528 507 1545 541 ἡ
1568 507 1645 542 παρὰ
1660 509 1716 538 τοῖς
1727 509 1806 543 Ἐφε-

1015 551 1082 582 σίοις
1102 551 1285 586 δαιμονιώδης
1308 551 1355 578 καὶ
1372 551 1502 587 βδελυκτὴ
1525 552 1616 588 ἑορτὴ,
1632 554 1648 587 ἡ
1672 553 1804 589 λεγομένη

1015 597 1072 623 Κατ
1076 596 1205 630 αγώγιον,
1215 606 1227 622 τ
1232 597 1289 623 όνδε
1303 598 1348 624 τὸν
1363 606 1376 623 τ
1380 598 1410 633 ρό
1415 607 1462 624 πον
1476 598 1603 625 ἐτελεῖτο·
1620 599 1642 625 Π
1646 600 1729 634 ροσχή
1734 609 1804 634 ματα

1015 642 1066 676 μὲν
1084 642 1193 674 ἑαυτοῖς
1220 643 1332 678 ἀπρεπῆ
1360 643 1563 679 περιετίθεσαν,
1583 644 1650 679 πρὸς
1669 645 1697 672 δὲ
1722 646 1752 672 τὸ
1768 645 1806 681 μὴ

1011 687 1243 721 ὲπιγινώσκεσθαι
1280 689 1464 724 προσωπείοις
1493 691 1748 724 κατακαλύπτοντες
1771 692 1806 719 τὰ

1010 733 1113 761 ἑαυτῶν
1121 734 1263 768 πρόσωπα,
1272 735 1375 762 πολλὰδ
1385 744 1414 762 τε
1426 737 1436 753 ⁸
1443 736 1488 763 καὶ
1501 737 1597 763 εἴδωλα
1612 738 1804 773 ἐπιφερόμενοι

1008 781 1055 808 καί
1058 790 1116 808 τινα
1124 782 1230 814 ᾄδοντες
1239 783 1478 819 ᾇσματα.ὲπῄεσάν
1483 792 1512 810 τε
1522 784 1632 819 ἀνδράσι
1641 786 1686 811 καὶ
1693 787 1805 820 σεμναῖς

170 834 212 861 eis
229 833 299 861 locis
319 832 424 868 ἧσθαι
444 831 574 863 civitatis,
591 835 619 858 et
631 835 756 864 prompte
769 829 872 857 nefaria
886 837 955 857 cont-

1012 827 1123 861 γυναιξὶ
1142 829 1214 855 κατὰ
1235 829 1384 865 λῃστρικὴν
1399 830 1502 863 ἔφοδον,
1527 830 1573 857 καὶ
1591 830 1688 865 φόνους
1711 831 1804 866 εἰργά-

169 879 302 910 mittunt,
330 882 357 905 et
385 877 537 905 sceleribus
561 876 614 904 illis
647 875 796 910 illegitimis
809 875 960 910 gloriantur

170 929 300 960 tanquam
314 924 449 958 legitimis.

525 1012 626 1040 CCLV.

188 1059 350 1095 Martyrium
371 1059 460 1093 magni
481 1060 618 1129 martyris]
629 1058 754 1085 Demetrii
773 1057 837 1094 [sub
854 1057 943 1085 Maxi-

517 1102 604 1119 ηιιαηυ
623 1114 629 1119 .

517 1102 604 1119 mtanu
613 1102 629 1119 1.

207 1139 271 1175 Legi
290 1139 449 1175 martyritttu
471 1138 563 1173 magni
580 1139 653 1166 illius
671 1139 799 1174 martyris
818 1138 957 1170 Demetrii,

170 1187 265 1214 eodem
280 1186 359 1213 modo
370 1185 484 1212 editum.
495 1185 544 1212 llic
557 1185 658 1212 Christi
672 1190 775 1220 martyr
793 1185 956 1214 Demetrius.

170 1239 260 1268 praeco
275 1237 301 1259 et
313 1231 407 1258 doctor
421 1231 539 1265 pietatis.
559 1231 744 1266 apostolorum
761 1229 958 1265 peregrinatio-

173 1288 222 1308 nes
245 1283 273 1306 ει
286 1278 435 1306 certamina
455 1277 623 1307 imitabatur,
639 1282 666 1303 et
683 1275 957 1303 Thessalonicensem

170 1326 266 1353 urbem
279 1324 382 1351 lumine
397 1323 529 1350 doctrinm
545 1330 602 1350 smn
612 1322 646 1349 ab
660 1321 762 1350 erroris
778 1321 897 1349 tenebris
909 1320 956 1348 ab-

170 1372 280 1399 ductam
295 1391 302 1403 ,
327 1370 358 1397 ad
372 1370 510 1397 Christum
530 1369 642 1397 adduxit
660 1378 667 1396 :
685 1369 737 1396 vita
757 1368 888 1395 doctrinae
916 1376 958 1394 re-

170 1418 307 1453 spondens
336 1415 552 1451 spleutlesrebat.
579 1414 761 1442 Maximianus
790 1419 880 1442 autem
910 1413 956 1441 Dei

171 1465 258 1492 hostis
276 1469 340 1491 tunc
356 1463 505 1497 regnabat,
531 1465 558 1489 et
573 1461 776 1488 Thessalonica:
800 1468 957 1488 commora-

1011 872 1089 904 ξοντο
1103 874 1175 900 κατὰ
1189 874 1252 906 τοὺς
1267 876 1420 910 ἐπισήμους
1441 876 1540 908 τόπους
1555 876 1605 911 τῆς
1623 877 1738 909 πόλεως,
1755 877 1803 904 καὶ

1011 919 1144 953 ἔπραττον
1163 920 1311 955 προθύμως
1326 923 1359 947 τὰ
1374 921 1491 956 ἄθεσμα,
1505 922 1541 953 ὡς
1558 922 1701 957 ἐνθέσμοις
1711 922 1803 959 ἔργοις

1011 965 1067 995 τοῖς
1085 964 1226 999 ἀθεμίτοις
1240 966 1484 1002 καλλωπιζόμενοι.

1363 1013 1446 1039 ΣΝΕἌ

1045 1056 1217 1090 Μαρτιίριον
1231 1057 1285 1084 τοῦ
1301 1059 1568 1094 μεγαλομιὶρτυρος
1587 1062 1765 1095 Δημητρίου.

1051 1135 1222 1171 Ἀνεγνὼσθη
1239 1137 1271 1163 ἐκ
1290 1135 1337 1163 τοῦ
1354 1138 1506 1173 μαρτυρίου
1528 1138 1574 1165 τοῦ
1590 1139 1668 1173 ἁγίου
1684 1140 1800 1175 μεγαλο-

1011 1180 1151 1216 μάρτυρος
1163 1183 1331 1218 Δημητρίου,
1345 1184 1385 1215 είς
1398 1185 1443 1210 τὴν
1459 1185 1539 1211 αὐτὸν
1554 1186 1654 1221 τρόπον
1669 1186 1679 1201 ⁸
1692 1187 1800 1214 ἐκδεδο-

1011 1227 1102 1262 μένον.
1128 1226 1212 1260 Οὗτος
1240 1229 1254 1255 ὁ
1281 1229 1328 1256 τοῦ
1356 1229 1475 1265 Χριστοῦ
1507 1231 1611 1266 μάρτυς
1633 1233 1800 1269 Δημήτριος,

1010 1274 1097 1308 κῆρυξ
1105 1273 1142 1300 ὣν
1154 1274 1201 1300 καὶ
1215 1275 1373 1308 διδάσκαλος
1386 1276 1437 1311 τῆς
1447 1277 1599 1309 εὐσεὸείας,
1612 1278 1675 1310 τοὺς
1683 1280 1800 1306 ἀποστοο

1009 1322 1100 1355 λικοὺς
1121 1322 1237 1359 δρόμους
1265 1323 1312 1350 καὶ
1326 1324 1390 1355 τοὺς
1406 1324 1514 1358 ἀγῶνας
1529 1325 1665 1361 ἐμιμεῖτο,
1688 1327 1736 1353 καὶ
1751 1326 1801 1362 τὴν

1008 1370 1226 1396 θεσσοιλονικέων
1239 1370 1317 1397 πόλιν
1334 1370 1374 1406 τῷ
1394 1371 1465 1405 φωτὶ
1485 1371 1540 1398 τῶν
1558 1372 1641 1399 αὑτοῦ
1655 1374 1800 1409 κηρυγμά-

1007 1425 1062 1443 των
1074 1415 1122 1443 τοῦ
1137 1416 1187 1451 τῆς
1199 1416 1306 1452 πλάνης
1322 1418 1434 1449 σκότους
1447 1418 1562 1452 ἀπάγων
1583 1419 1694 1455 Χριστῷ
1714 1428 1800 1455 προσ-

1007 1463 1089 1497 ῆγεψ
1106 1460 1141 1498 ἦν
1166 1463 1187 1490 δ’
1204 1463 1278 1499 αὐτῷ
1303 1464 1350 1490 καὶ
1366 1464 1380 1490 ὁ
1404 1463 1461 1499 βίος
1483 1466 1727 1502 συνεξαστράπτων
1744 1468 1801 1498 τοῖς

170 1510 259 1538 batur.
275 1509 333 1537 Ibat
343 1517 408 1536 vero
419 1512 552 1544 tyrannus
565 1507 598 1534 ad
619 1508 805 1542 spectaculum
824 1507 955 1541 gladiato-

1010 1509 1135 1544 δόγμασι.
1170 1509 1343 1544 Μαξιμιανὺς
1371 1510 1399 1536 δὲ
1426 1511 1485 1536 τότε
1511 1512 1525 1537 ὀ
1545 1511 1678 1546 θεομάχος
1703 1513 1799 1539 ὲὸασὶ-

170 1565 242 1590 rum,
256 1561 282 1584 et
298 1561 401 1591 martyr
416 1555 521 1582 vinetus
536 1554 569 1581 ad
581 1554 646 1581 illud
659 1554 775 1581 stadium
790 1554 862 1587 quod
875 1561 958 1588 prope

170 1608 240 1635 erat,
268 1603 302 1629 ab
315 1602 406 1637 impiis
424 1601 557 1628 ministris
571 1605 700 1635 tanquam
718 1599 889 1627 Christianus
903 1599 958 1626 vita

173 1658 208 1678 ac
220 1649 357 1680 doctrina,
385 1647 539 1674 adducitur.
561 1645 607 1673 llle
623 1646 657 1672 ad
680 1645 865 1680 spectaculum
883 1645 958 1687 festi-

169 1704 251 1727 nans.
267 1700 390 1723 sanciunt
414 1695 501 1720 virum
527 1693 609 1727 jussit
636 1699 720 1727 prope
745 1691 886 1723 stodium,
912 1692 957 1719 cui

170 1741 308 1776 publicum
328 1739 454 1765 balneum
473 1738 592 1765 vicinum
608 1743 677 1769 erat,
701 1737 726 1764 in
743 1737 848 1764 fornice
865 1742 957 1765 custo-

170 1788 234 1815 diri.
262 1787 326 1813 Erat
350 1791 439 1812 autem
457 1785 636 1820 gladiatorum
661 1783 739 1814 alter.
766 1784 902 1810 maximus
917 1788 958 1819 ty-

170 1831 250 1859 ranni
265 1831 379 1861 amicos.
394 1830 439 1864 qui
467 1829 589 1856 omnium
615 1829 717 1863 optime
739 1829 881 1856 videbatur
907 1837 957 1863 pu-

170 1883 253 1911 gnare
279 1875 389 1902 nomine
404 1874 510 1909 Lyaeus.
540 1873 592 1906 Qui
621 1878 711 1900 autem
722 1881 785 1900 cttm
800 1873 846 1900 illo
866 1881 899 1899 eo
914 1873 957 1901 die

170 1922 377 1956 depugnaturus
391 1925 512 1952 venerat,
524 1919 646 1954 plebeius
655 1922 726 1951 erat,
740 1918 848 1953 juvenis
864 1923 954 1950 relate,

171 1967 284 1995 nomine
308 1965 414 1993 Nestor.
443 1965 588 2000 Tyrannus
617 1965 752 2000 cogitabat
773 1964 845 1991 illius
866 1965 954 1994 aetati.

169 2020 325 2048 quanquam
350 2011 472 2038 omnium
498 2011 598 2037 credent
614 2011 749 2044 spiraret.
778 2018 913 2045 parcere:
929 2014 955 2037 et

168 2058 334 2094 pecuniam,
359 2056 438 2091 cujus
464 2063 558 2083 amore
581 2056 670 2091 ipsum
692 2056 869 2083 cristimabat
892 2064 954 2083 cum

168 2110 245 2132 tanto
258 2104 431 2139 antagonista
442 2103 573 2137 singulari
587 2103 736 2130 certamine
745 2111 865 2137 pugnare
875 2103 953 2135 velle,

167 2151 293 2178 daturum
310 2159 339 2177 se
358 2150 396 2176 illi
415 2149 547 2184 promisit.
565 2147 599 2176 Ut
621 2148 713 2184 itaque
738 2157 752 2175 a
771 2157 860 2184 pugna
880 2149 954 2176 desi-

1008 1554 1086 1581 λευεν
1101 1555 1121 1586 ⁷,
1135 1555 1180 1582 καὶ
1193 1556 1226 1591 τῇ
1238 1555 1288 1590 τῆς
1301 1555 1500 1590 Θεσσαλονίκης
1514 1556 1591 1583 πόλει
1601 1558 1798 1593 ὲπεχωρίαξεν,

1008 1601 1155 1634 ἐπορεύετο
1180 1601 1209 1628 δὲ
1235 1602 1281 1628 ἐπὶ
1298 1601 1362 1628 θέαν
1390 1603 1562 1637 μονομάχων,
1586 1603 1634 1629 καὶ
1657 1604 1670 1629 ὁ
1693 1604 1800 1639 μάρτυς

1007 1645 1082 1681 αὐτῷ
1095 1646 1248 1681 δεδεμένος,
1264 1645 1378 1680 πλησίον
1394 1655 1445 1672 που
1461 1648 1601 1683 γενομένῳ
1616 1649 1662 1674 τοῦ
1679 1649 1798 1682 σταδίου,

1008 1692 1060 1718 ὑπὸ
1076 1691 1130 1719 τῶν
1144 1694 1193 1728 τῆς
1209 1692 1337 1723 ἀσεϐείας
1362 1693 1507 1728 ὑπηρετῶν
1519 1694 1557 1726 ὡς
1577 1694 1612 1722 τὰ
1627 1695 1799 1729 Χριστιανῶν

1006 1739 1054 1765 καὶ
1069 1739 1176 1774 φρονῶν
1193 1739 1240 1765 καὶ
1253 1738 1400 1775 κηρύσσων
1411 1740 1422 1756 ³
1443 1741 1622 1776 προσάγεται.
1645 1742 1675 1768 '0
1689 1742 1718 1769 δὲ
1730 1743 1799 1778 πρὸς

1006 1783 1055 1818 τὴν
1071 1783 1136 1810 Θέαν
1150 1784 1275 1810 σπεύδων
1291 1784 1336 1810 τὸν
1357 1784 1435 1818 ἆγιον
1457 1786 1564 1812 κελεύει
1580 1787 1668 1823 (παρὰ
1686 1788 1715 1814 τὺ
1733 1789 1798 1814 στά-

1006 1829 1061 1856 διον
1085 1830 1139 1865 γὰρ
1152 1831 1161 1846 ⁹
1178 1830 1291 1865 λουτρὸν
1313 1831 1443 1866 δημόσιον
1461 1822 1640 1869 ἐγειτόνευεν)
1656 1833 1685 1860 ἐν
1707 1822 1760 1861 τινι
1776 1835 1797 1851 ¹⁹

1006 1875 1102 1901 τούτου
1115 1876 1291 1911 φρουρεῖσθαι
1308 1877 1433 1913 καμάρᾳ.
1448 1876 1502 1904 τΗν
1514 1879 1542 1905 δὲ
1561 1879 1614 1906 τῶν
1638 1881 1798 1916 μονομάχων

1005 1921 1020 1946 ὀ
1037 1921 1154 1954 μάλιστα
1177 1921 1215 1956 τῷ
1241 1922 1366 1958 τυράννῳ
1389 1925 1435 1949 καὶ
1456 1924 1617 1960 φιλούμενος
1640 1926 1686 1952 καὶ
1710 1926 1797 1952 δοκῶν

1005 1967 1076 1993 κατὰ
1088 1967 1197 1994 πάντων
1212 1968 1369 2003 ἀριστεύειν
1380 1969 1481 2001 Λυαῖος
1494 1970 1590 2006 ὄνομα.
1609 1972 1638 1997 '0
1651 1971 1678 1998 δὲ
1690 1971 1796 2006 μέλλων

1005 2014 1066 2039 κατ’
1088 2015 1197 2048 ἐκείνην
1215 2015 1264 2050 τὴν
1287 2016 1393 2050 ἡμέραν
1414 2017 1646 2051 ἀνταγωνίζεσθαι
1667 2017 1742 2053 αὐτῷ
1755 2016 1796 2050 εἷς

1007 2059 1055 2094 μὲν
1072 2057 1106 2095 ἦν
1120 2060 1167 2086 τοῦ
1185 2060 1282 2096 δήμου,
1301 2061 1361 2093 νέος
1372 2062 1400 2088 δὲ
1412 2062 1461 2097 τὴν
1472 2063 1590 2097 ἡλικίαν,
1607 2063 1655 2090 καὶ
1665 2064 1715 2098 τὴν
1728 2064 1796 2099 κλῆ-

1005 2113 1047 2131 σιν
1063 2105 1186 2140 Νέστωρ.
1211 2106 1239 2133 '0
1256 2107 1285 2133 δὲ
1310 2107 1441 2142 τύραννος
1465 2108 1553 2141 ἔδοξεν
1566 2110 1648 2136 αὐτοῦ
1674 2110 1721 2144 τῆς
1736 2111 1795 2145 ήλι-

1004 2150 1077 2181 χίας,
1096 2151 1185 2178 καίτοι
1204 2152 1362 2186 μιαιφονίαν
1377 2153 1448 2179 κατὰ
1464 2154 1573 2181 πάντων
1588 2155 1686 2187 πνέων,
1701 2156 1797 2189 φείδε-

167 2194 251 2224 s'teret
273 2195 364 2222 lethali
381 2194 484 2226 futura,
508 2195 624 2221 monuit.
646 2195 758 2229 Excepit
772 2193 869 2222 Nestor
896 2202 950 2221 non

1010 2196 1068 2223 σθαι
1082 2205 1089 2212 ·
1105 2198 1152 2223 καὶ
1175 2198 1306 2233 χρήματα
1321 2199 1380 2233 μὲν,
1399 2195 1437 2225 ὧν
1461 2199 1566 2234 ἐρῶντα
1583 2200 1650 2235 πρὸς
1674 2201 1723 2235 τὴν
1746 2201 1794 2227 τοῦ

166 2240 310 2277 pecuniam
326 2247 419 2266 amare
436 2247 476 2271 se,
491 2240 536 2266 sed
545 2239 671 2275 gloriam.
688 2248 767 2275 qttam
779 2241 825 2275 qui
842 2241 951 2276 Lyteum

166 2286 360 2316 interemisset,
382 2289 602 2319 consequeretur.
623 2284 670 2312 llis
688 2285 777 2319 dictis,
797 2287 823 2313 itt
840 2294 950 2314 arenam

165 2330 337 2360 descendens
358 2329 503 2357 confestim
520 2338 602 2363 eum,
629 2331 675 2365 qui
703 2332 824 2359 omnium
848 2333 952 2366 judicio

164 2379 270 2414 primus
286 2376 398 2408 ferebat,
411 2381 577 2411 prostratum
593 2377 716 2408 necavit,
735 2378 783 2405 seti
804 2379 869 2405 nihil
886 2387 953 2406 con-

165 2430 276 2453 secutus
292 2428 333 2450 est
348 2431 442 2450 eorum
459 2431 521 2457 qua;
535 2423 685 2450 victoribus
705 2425 841 2458 proposita
856 2429 949 2451 erant:

166 2469 332 2496 intolerabili
345 2476 409 2495 vero
425 2469 520 2495 dolore
531 2473 558 2495 et
581 2468 617 2495 ita
630 2473 773 2503 tyrannum
794 2469 949 2504 complevit,

165 2521 192 2542 et
217 2523 331 2550 surgens
353 2523 368 2541 e
392 2514 533 2546 cathedra,
552 2514 592 2540 ira
610 2514 739 2542 incensus
759 2515 834 2541 illinc
851 2515 951 2550 itnpius

165 2560 276 2588 domum
289 2560 415 2587 discedit.
427 2559 494 2587 Cum
507 2567 572 2586 vero
598 2559 636 2586 illi
657 2560 767 2594 quidam
785 2568 799 2587 a
817 2561 952 2588 Demetrio

165 2612 286 2642 martyre
302 2607 460 2634 nuntiarent
476 2614 618 2634 sermones
637 2616 643 2633 :
660 2608 738 2640 quasi
756 2607 848 2634 furore
868 2613 952 2642 atque

164 2652 304 2688 impietate
318 2652 421 2686 ebrius,
438 2651 575 2687 simulque
595 2656 680 2685 ratus,
708 2660 786 2679 omen
801 2653 951 2681 infaustum

1006 2243 1166 2277 τηλικούτου
1196 2244 1399 2278 ἀνταγωνιστοῦ
1429 2247 1595 2281 μονομαχίαν
1619 2247 1794 2283 ὲπιρῤίπτειν

1007 2290 1101 2316 ἑαυτὸν
1115 2291 1234 2325 ἐνόμιζε,
1249 2291 1345 2318 δώσειν
1362 2292 1527 2327 ὑπισχνεῖτο,
1545 2294 1694 2328 ἀποστῆναι
1708 2294 1736 2320 δὲ
1746 2295 1793 2321 τοῦ

1006 2336 1112 2369 ἀγῶνος
1122 2336 1159 2368 ὠς
1167 2336 1289 2372 ὀλεθρίου
1297 2338 1372 2373 αὐτῷ
1379 2339 1508 2373 ἐσομένου
1518 2338 1644 2373 παρῄνει.
1654 2338 1737 2374 [1405
1748 2340 1794 2377 IL]

1014 2380 1042 2407 Ὁ
1059 2382 1087 2408 δὲ
1107 2382 1220 2417 Νέστωρ
1236 2383 1285 2409 οὐκ
1306 2384 1357 2418 ἔφη
1378 2383 1538 2419 χρημάτων,
1557 2378 1634 2418 δόξης
1650 2385 1672 2411 δ’
1693 2386 1714 2401 ¹¹
1728 2387 1795 2422 ὲρᾷν

1006 2428 1056 2461 τῆς
1078 2428 1112 2454 δι’
1131 2425 1168 2455 ὧν
1185 2430 1205 2444 ¹¹
1223 2429 1287 2465 [764
1309 2430 1354 2465 11.]
1383 2430 1538 2464 ἀναιρεθείη
1569 2431 1668 2463 Λυαῖος
1689 2433 1729 2467 τῷ
1746 2433 1794 2458 ἀν-

1007 2473 1094 2499 ελόντι
1123 2475 1260 2509 φυομένης
1279 2475 1310 2502 ¹³.
1327 2476 1382 2502 Καὶ
1404 2475 1483 2502 τοῦτο
1499 2475 1583 2503 εἰπὼν
1610 2479 1794 2513 συμπλέκεται

1008 2519 1057 2553 μὲν
1076 2520 1098 2535 ¹⁸
1113 2520 1151 2554 τῷ
1167 2520 1242 2555 παρὰ
1259 2521 1367 2547 πάντων
1379 2521 1540 2557 ὑμνουμένῳ
1560 2524 1676 2558 ἀριστετ,
1697 2524 1794 2551 θᾶττον

1005 2564 1034 2590 δὲ
1058 2565 1220 2592 καταῦάλλει
1245 2567 1292 2593 καὶ
1316 2567 1432 2602 ἀναιρεῖ.
1447 2568 1501 2594 Καὶ
1524 2570 1652 2604 τυγχάνει
1672 2570 1721 2604 μὲν
1739 2570 1793 2597 τῶν

1005 2612 1194 2646 ἀποκειμένων
1210 2614 1266 2644 τοῖς
1283 2613 1414 2648 κρατοῦσι
1430 2614 1564 2649 βραϐείων
1588 2615 1703 2648 οὐδενὸς,
1723 2616 1792 2651 πλη-

1008 2656 1049 2690 ροῖ
1062 2655 1089 2681 δὲ
1103 2655 1148 2682 τὸν
1161 2656 1292 2692 τύραννον
1307 2658 1447 2694 ἀφορήτου
1463 2659 1552 2696 λύπης
1566 2661 1612 2687 καὶ
1625 2661 1718 2696 ὀργῆς.
1735 2662 1792 2690 Καὶ

799 2723 916 2751 VABIE
951 2725 1156 2756 LECTIONES.

213 2770 223 2786 ³
235 2770 335 2805 ἐπέστη
353 2771 372 2797 Β
390 2780 397 2798 ;
415 2771 518 2804 ὑπέστη
535 2779 566 2802 ς.
612 2771 634 2805 _‘
645 2771 731 2798 πολλὰ
741 2779 796 2799 om.
811 2773 843 2799 Α.

167 2806 177 2821 ⁵
198 2802 340 2840 κηρύττων
363 2815 392 2838 ς.
445 2807 454 2822 ⁸
471 2802 525 2840 γάρ
543 2807 587 2832 A:
608 2802 630 2839 ᾦ
645 2815 676 2838 ς’.

168 2840 190 2856 ⁵³
203 2841 368 2876 μαινομένης
386 2841 414 2868 Β.
470 2841 491 2856 ⁵⁸
509 2841 558 2876 μὲν
574 2842 636 2869 add.
653 2841 682 2870 Β.

901 2774 911 2790 ⁸
927 2783 957 2801 τε
973 2783 1028 2803 om.
1052 2776 1081 2804 Β.

729 2807 749 2823 ¹⁰
763 2807 791 2834 ἔν
801 2817 854 2836 τινι
867 2809 887 2836 Λ
904 2818 911 2836 z
929 2811 958 2838 ἐν
974 2813 1006 2847 τῇ
1024 2820 1053 2844 ς.

1138 2778 1149 2794 ⁸
1164 2778 1246 2805 τόπον
1266 2779 1286 2806 Α
1293 2799 1300 2807 .

1357 2781 1368 2797 ⁷
1384 2780 1541 2818 ἐβασίλευεν
1599 2780 1731 2817 θεομάχος
1757 2795 1787 2818 ς,

1111 2813 1130 2829 ¹¹
1148 2813 1203 2840 δἈ
1221 2823 1227 2841 :
1247 2816 1274 2849 γ’
1297 2824 1326 2848 ς.

1386 2816 1407 2832 ¹¹
1427 2814 1475 2851 ὧν]
1502 2810 1532 2840 οὗ
1559 2813 1580 2840 Β
1604 2810 1730 2846 οιόόῖτί
