1945 3073
185 156 236 188 105

649 161 913 198 BlBLlOTHECA.
925 176 958 182 ·-
978 165 1085 196 CODD.
1105 167 1206 204 CCLV,
1220 167 1336 200 CCLVI.

1755 175 1804 206 106

183 214 325 241 ἀνίσταται
343 214 394 249 τῆς
410 215 433 231 ¹¹
457 215 591 252 καθέδρας
609 216 779 254 θυμομαχῶν
801 220 816 247 6
837 219 957 254 δυσσεεὴι

1022 220 1154 253 oblatum,
1167 229 1230 249 cum
1244 228 1357 251 sanctus
1369 223 1394 251 ei
1411 223 1443 251 ad
1457 225 1573 253 stadium
1589 229 1744 262 properanti
1761 237 1805 257 oc-

182 259 230 286 καὶ
241 259 332 285 οἴκαδε
347 259 471 295 ἐπανῄει.
490 261 565 288 Ἐπεὶ
579 261 609 288 δὲ
621 263 697 298 αὐτῷ
707 273 781 296 τινες
796 264 892 299 λόγους
904 265 966 300 ἑφε-

182 313 229 340 ρον
241 306 304 340 περὶ
316 306 338 321 ⁸⁸
351 306 398 333 τοῦ
416 307 553 343 μάρτυρος
565 310 732 344 Δημητρίου,
745 310 794 337 ἃτε
810 310 842 346 δὴ
857 311 966 346 μεθύων

179 351 225 377 καὶ
240 351 262 367 ¹⁷
278 351 320 387 τῷ
343 352 422 387 θυμῷ
445 353 493 380 καὶ
509 355 543 389 τῇ
562 354 685 390 ἀσεόείᾳ,
704 357 751 382 καὶ
769 356 829 391 ἅμα
851 356 965 392 νομίσας

179 396 217 428 ὡς
233 398 327 429 οἰωνὸς
343 398 418 434 αὐτῷ
432 400 544 433 γέγονεν
558 401 609 427 οὐκ
620 401 722 435 ἀγαθὸς
736 402 753 437 ή
770 403 840 430 κατὰ
854 403 884 429 τὸ
900 405 966 431 στά-

177 443 232 469 διον
246 443 353 471 ἀπιόντι
377 444 424 471 τοῦ
448 445 527 479 ἁγίου
552 447 726 482 συνάντησις,
751 448 863 483 λόγχαις
884 450 914 475 ἑν
927 446 968 481 οἷς

178 489 323 526 καθεῖρκτο
340 491 435 524 τόποις
449 492 554 520 κελεύει
569 494 663 520 τοῦτον
684 494 871 530 ἀναιρεθῆναι.
889 495 926 522 Τὺ
939 495 968 522 δὲ

180 536 260 571 σῶμα
267 537 314 563 τοῦ
324 538 461 573 μάρτυρος
468 539 493 565 oi
501 539 562 566 τότε
570 539 624 566 τῶν
633 540 816 567 εὐσεϐούντων
826 541 913 576 λάθρα
920 542 968 568 καὶ

178 583 286 615 νυκτὸς.
304 584 366 610 καθ’
381 585 444 611 ὅσον
458 585 549 618 αὐτοῖς
565 586 579 612 6
592 586 647 613 τῶν
667 586 870 614 δυσσεὸοὐντων
885 587 967 621 φόσος

177 630 337 666 συνεχώρει,
353 632 383 658 ἐν
406 632 499 663 αὐτοῖς
521 633 654 668 ἐρειπίοις
669 633 698 660 ἐν
720 630 762 665 οἷς
782 634 832 669 τὴν
856 633 964 669 σφαγὴν

176 676 292 712 ὑπέστη,
309 677 359 712 τὴν
374 679 428 713 γῆν
443 678 623 714 ἀνορύξαντες
638 679 781 706 θάπτουσι.
798 679 854 706 Καὶ
868 679 964 714 χρόνον

176 720 263 753 οὕτως
272 721 381 756 ἔμεινεν
398 723 440 758 ἐφ’
457 723 560 755 ἰκανὸν,
576 725 606 751 ὲν
620 723 700 759 ὕϐρει
717 725 755 759 μὴ
770 724 962 760 ὑϐριζόμενος·

174 768 230 795 τῶν
243 768 299 804 γὰρ
310 769 457 805 θαυμάτων
473 770 490 806 ὴ
504 770 584 806 χάρις
597 770 645 798 καὶ
657 770 712 797 τῶν
727 770 826 797 ίάσεων
840 771 857 806 ἡ
876 770 963 806 εὐφη-

174 817 224 851 μία
238 816 288 852 τὴν
298 816 377 852 ὕϐριν
390 817 540 852 ἀπήλαυνε.
557 817 683 849 Λεόντιος
700 818 729 844 δέ
741 826 783 849 τις
791 817 861 853 ἀνὴρ
873 818 963 852 θεοφι-

1018 270 1160 297 currisset.
1179 269 1265 297 bastis
1278 278 1312 297 eo
1332 278 1387 305 quo
1400 272 1615 304 concludebatur
1636 273 1707 308 loco,
1728 275 1807 310 jubet

1019 314 1146 342 interﬁci.
1163 314 1202 342 Pii
1217 323 1284 343 vero
1301 323 1400 351 corpus
1417 318 1545 352 martyris
1557 338 1564 351 ,
1584 319 1655 346 clam
1671 321 1705 347 dc
1716 325 1806 355 nocte,

1018 361 1130 396 quando
1141 361 1196 389 illis
1209 362 1353 398 impiorum
1369 369 1455 391 terror
1467 363 1566 400 “96
1581 366 1764 400 permittebat,
1778 368 1805 396 in

1019 406 1164 434 ruderibus
1179 408 1206 434 in
1222 409 1322 443 quibus
1336 409 1496 437 interiectus
1511 415 1569 438 erat
1581 430 1590 444 ,
1620 411 1716 440 eﬂossa
1732 417 1804 441 terra

1018 452 1164 485 sepeliunt.
1182 452 1217 479 Et
1229 453 1270 480 sic
1285 453 1443 488 aliquandiu
1461 454 1563 490 injuria
1581 458 1730 491 permansit
1753 458 1805 485 im-

1017 498 1110 525 munis
1126 506 1135 526 :
1149 499 1344 528 miraculorum
1360 502 1432 529 enim
1457 503 1543 538 gratia
1556 524 1563 536 ,
1589 509 1615 531 et
1630 505 1803 533 curationum

1016 543 1090 571 fama
1113 545 1241 579 injuriam
1265 547 1378 580 depulit.
1397 547 1512 581 Quidam
1532 557 1599 577 vero
1612 549 1743 579 Leontius
1762 551 1805 579 vir

1015 589 1077 625 pius
1087 591 1190 625 (postea
1202 592 1400 627 praefecturam,
1414 602 1467 629 qua
1479 594 1614 630 Illyricum
1627 596 1805 624 administra-

1015 635 1064 668 vit,
1079 636 1204 672 adeptus)
1222 638 1311 666 locum
1323 639 1447 674 expians.
1462 640 1489 667 in
1503 649 1559 676 quo
1571 642 1658 669 sancti
1672 643 1803 678 martyris

1016 682 1139 717 reliquia:
1149 685 1371 719 conquieverant,
1390 691 1417 713 et
1434 687 1579 722 amplians,
1587 688 1716 715 excitavit
1730 693 1801 715 tem-

1017 725 1093 761 plum
1109 733 1142 754 eo
1162 727 1224 755 loco
1233 729 1347 764 martyri
1361 737 1508 758 commune
1522 732 1742 766 propitiatorium
1771 736 1799 760 et

1017 771 1171 807 perfugium
1191 781 1246 801 non
1274 774 1476 804 Thessalonica:
1501 777 1608 812 solum,
1629 778 1675 806 sed
1691 784 1719 806 et
1737 786 1799 805 uln-

1018 818 1096 846 nibus
1125 818 1260 848 ﬁnitimis.

171 863 298 896 λέστατος
325 865 430 899 χρόνοις
459 865 480 880 ¹⁰
501 865 614 899 ὕστερον
635 865 685 900 τῆς
711 864 910 900 ἑπαρχότητος,
927 864 945 899 ἡ
960 864 1048 891 διεῖπε
1061 865 1092 891 τὸ
1106 865 1264 902 Ἰλλυρικὸν,
1279 867 1325 894 τὸν
1338 868 1433 902 θρόνον
1446 868 1546 904 λαχὼν,
1559 870 1750 906 περικαθάρας
1768 870 1801 898 τὸ

172 910 271 946 χωρίον
286 911 316 936 ὲν
327 907 349 944 ᾧ
363 911 393 937 τὸ
423 911 470 938 τοῦ
491 911 628 947 μάρτυρος
648 911 778 938 ἀπέκειτο
794 909 932 944 λείψανον,
950 910 998 936 καὶ
1010 910 1128 945 εὐρύνας
1141 911 1278 947 ἀνεγείρει
1290 913 1336 939 τὸν
1358 913 1531 949 περιώνυμον
1559 913 1635 942 οἷκον
1667 916 1707 952 τῷ
1725 917 1799 952 μάρ-

171 964 245 991 τυρι,
278 957 368 983 κοινὸν
390 956 545 993 ἱλαστήριον
561 958 609 985 καὶ
628 956 797 993 προσφύγιον
813 955 844 983 οὐ
863 956 896 992 τῇ
909 955 1129 983 Θεσσαλονικέων
1148 957 1218 994 μόνῃ
1231 958 1320 991 πόλει,
1335 958 1404 985 αλλὰ
1416 960 1463 986 καὶ
1477 957 1550 987 πᾶσί
1560 963 1617 993 τοῖς
1633 962 1761 998 πέρασιν.

519 1005 612 1039 ΣΝςῆ

170 1050 316 1087 Πολιτεία.
338 1050 397 1087 τῶν
411 1051 518 1087 ἁγίων*
526 1053 665 1086 Πατάρων
680 1053 896 1087 Μητρυφάνους
911 1051 961 1079 καί

214 1085 421 1122 Ὰρεεάνδρου,
447 1087 481 1113 ἐν
499 1085 519 1122 ἦ
540 1087 590 1114 καὶ
603 1085 625 1114 id
641 1085 961 1121 ,βίοςΚωιὶεσταντίνου

204 1119 260 1149 τοῦ
269 1121 405 1156 μεγάλου
416 1119 579 1156 βασιλέως.

204 1167 376 1204 Ἀνεγνὼσθη
391 1169 424 1195 ὲκ
441 1168 489 1195 τοῦ
510 1169 590 1203 λόγου
605 1169 634 1201 ὃς
651 1169 854 1205 ἐπιγέγραπται
870 1169 961 1196 Πολι-

168 1215 232 1241 τεία
248 1214 307 1242 τῶν
319 1215 412 1250 ἁγίων
424 1215 563 1249 Πατέρων
573 1214 668 1250 ἡμῶν,
680 1215 898 1250 Μητροφάνους
909 1215 959 1242 καὶ

175 1261 386 1296 Ἆλεξάνδρουυ
412 1263 441 1288 ὲν
462 1258 484 1295 ᾦ
500 1262 547 1289 καὶ
566 1263 580 1289 6
605 1262 662 1294 Βίος
686 1262 891 1289 Κωνσταντίνου
910 1261 958 1288 τοῦ

170 1307 314 1342 βασιλέως,
330 1308 380 1344 τὴν
392 1309 477 1345 αὐτὴν
490 1309 536 1336 διὰ
551 1309 601 1345 τῆς
619 1308 751 1340 ἐκδόσεως
773 1309 959 1344 παρεχόμενος

168 1355 273 1389 χρείαν.

210 1400 461 1437 Ἐννεακαιδεκατῳ
475 1401 530 1429 ἔτει
543 1402 593 1437 τῆς
603 1401 794 1436 Διοκλητιανοῦ
809 1401 956 1435 βασιλείας,

168 1448 219 1482 τῆς
235 1447 265 1474 δὲ
283 1446 331 1474 τοῦ
359 1447 488 1482 Σωτῆρος
502 1447 582 1483 ἡμῶν
603 1447 691 1482 Ἰησοῦ
710 1447 829 1482 Χριστοῦ
853 1455 957 1482 παρουο

169 1493 233 1524 σίας
270 1493 396 1528 πέμπτου
427 1494 476 1521 καὶ
503 1492 711 1529 τριακοσιοστοῧ
736 1493 822 1525 ἔτους,
849 1493 929 1520 πάλιν
943 1494 957 1521 6

169 1538 231 1565 καθ’
246 1538 326 1573 ἡμῶν
355 1538 508 1574 ἐκρατύνθη
525 1538 661 1574 διωγμός·
677 1539 706 1564 ὲν
730 1535 753 1572 ᾧ
772 1539 861 1574 χρόνῳ
880 1538 957 1565 Κων-

166 1586 308 1616 σταντῑνος
333 1583 435 1619 ἔφηϐος
465 1581 509 1620 ἦν,
531 1585 545 1611 6
573 1585 639 1616 παῖς
668 1583 870 1611 Κωνσταντίου.
903 1583 957 1610 Τὸν

165 1631 371 1657 Κωνσταντῖνυν
384 1630 424 1663 δὲ,
438 1631 488 1657 οὐκ
501 1628 548 1657 οἷδ’
559 1631 621 1658 ὅθεν
635 1631 649 1658 ό
662 1631 838 1666 συγγραφεὺς
850 1629 954 1665 μαθὼν,

1349 1004 1461 1033 CCLVI.

1012 1046 1123 1086 Politia
1132 1052 1284 1086 sanctorum
1299 1049 1414 1086 Patrum
1440 1049 1622 1086 Metropham'a
1641 1057 1665 1079 et
1681 1052 1797 1082 Alexan-

1046 1083 1099 1114 dri,
1113 1083 1203 1118 inqua
1216 1085 1248 1110 de
1257 1084 1312 1111 vita
1327 1084 1498 1112 Constantini
1512 1083 1689 1116 faeneratori}.

1045 1161 1110 1198 Legi
1131 1162 1250 1196 librum,
1275 1164 1322 1200 qui
1345 1165 1504 1194 inscribitur
1523 1166 1622 1195 Politia
1642 1174 1796 1198 sanctorum

1009 1205 1124 1234 Patrum
1151 1213 1303 1236 nostrorum
1329 1209 1510 1246 Melrophanix
1538 1217 1563 1239 et
1588 1213 1735 1242 Alexandri
1743 1235 1751 1246 .
1766 1215 1795 1244 in

1008 1261 1064 1288 quo
1080 1254 1162 1281 etiam
1181 1255 1235 1282 vita
1247 1255 1420 1284 Constantini
1440 1258 1614 1292 imperatoris
1631 1267 1684 1288 non
1706 1261 1796 1291 mino-

1009 1308 1065 1327 rem
1091 1300 1211 1329 editione
1228 1302 1352 1337 praebens
1367 1303 1528 1331 utilitatem.

1042 1386 1154 1414 Decimo
1183 1395 1257 1416 nono
1281 1397 1354 1417 anno
1375 1390 1481 1425 imperii
1510 1391 1688 1428 Diocletiani,
1720 1401 1794 1422 anno

1007 1431 1108 1459 Christi
1134 1431 1189 1460 305
1205 1441 1315 1461 rursum
1343 1435 1369 1462 in
1396 1435 1568 1465 Christianos
1592 1439 1683 1473 gravis
1707 1440 1795 1468 saeviit

1006 1477 1172 1511 persecutio,
1189 1487 1245 1514 quo
1265 1486 1387 1515 tempore
1410 1481 1607 1511 Constantinus
1639 1484 1794 1513 Constantii

1007 1521 1080 1550 ﬁlius
1091 1531 1124 1550 ex
1141 1524 1254 1559 ephebis
1266 1527 1387 1553 nondum
1400 1533 1566 1556 excesserat.
1580 1529 1793 1559 Constantinum

1005 1575 1071 1594 vero
1085 1570 1179 1596 nescio
1193 1570 1266 1598 unde
1280 1571 1399 1607 scriptor
1414 1572 1545 1601 hauriens
1556 1593 1564 1606 ,
1586 1575 1684 1603 scribit
1705 1576 1793 1604 sacris

1006 1611 1226 1642 Christianorum
1241 1622 1256 1642 a
1274 1619 1387 1650 parente
1406 1617 1553 1651 imbutum,
1570 1623 1597 1645 et
1608 1617 1744 1647 Caesarem
1757 1621 1792 1647 ab

165 1677 212 1703 καὶ
229 1676 266 1703 τὰ
294 1677 353 1711 ἱερὰ
372 1660 525 1712 γράμματα
549 1676 625 1712 παρὰ
647 1660 707 1704 τοῦ,
719 1660 834 1711 atat-96c-
848 1660 955 1711 μαθεῖῇ

1012 1666 1040 1686 eo
1055 1660 1242 1688 renuntiatum
1258 1670 1265 1689 :
1283 1669 1312 1689 se
1336 1667 1431 1689 autem
1458 1663 1561 1691 vidisse
1584 1663 1792 1693 Constantinum

164 1722 233 1749 ἀλλὰ
246 1723 295 1749 καὶ
314 1722 443 1757 Καίσαρα
462 1722 528 1758 παρ’
550 1722 633 1750 αὑτοῦ
651 1723 870 1758 χειροτονηθῆναι
888 1723 955 1749 ἁνα-

162 1769 284 1804 γράφει·
311 1768 480 1802 καταστῆναι
496 1768 524 1795 δὲ
546 1769 594 1796 καὶ
610 1769 649 1800 είς
669 1768 734 1796 θέαν
748 1768 954 1796 Κωνσταντίνου

162 1816 192 1841 ὲν
201 1816 261 1845 τοῖς
274 1814 386 1849 ἐφήϐοις
401 1814 540 1845 τελοῦντος
551 1816 580 1841 ὲν
595 1814 859 1851 Παλαιστίνῃ,ἡνίκα
872 1814 956 1849 συνῆν

162 1861 352 1896 Διοκλητιανῷ
375 1862 445 1888 κατὰ
470 1861 521 1896 τῆς
543 1861 681 1895 Αἰγύπτου
701 1861 877 1897 στρατεύοντι
902 1861 952 1887 ὲπ-

162 1908 314 1938 ανάστασις
327 1907 355 1933 δέ
375 1915 417 1939 τις
437 1907 578 1934 ἐκίνειτδν
594 1907 722 1942 πόλεμον.

211 1954 264 1980 Οτι
286 1953 353 1988 φησι
373 1953 418 1980 τὸν
437 1953 609 1988 Μαξιμιανδν
622 1953 796 1989 ἐνεδρεύοντα
815 1954 863 1982 τὸν
877 1956 954 1983 Κων-

161 2000 306 2026 σταντίνον
322 1998 427 2025 ἀνελεῖν
450 1999 487 2034 μὴ
504 1998 611 2026 λαθεῖν·
630 1999 672 2026 διὸ
690 2000 738 2026 καὶ
756 2000 824 2035 πρὸς
837 2000 884 2027 τὸν
898 2010 952 2028 πα-

159 2045 227 2080 τέρα
246 2044 353 2079 φεύγει.
368 2045 424 2071 Καὶ
435 2044 603 2072 τελευτῶντα
617 2045 777 2073 καταλαὸὼν
791 2048 952 2082 χειροτονεῖ-

1006 1704 1077 1732 inter
1098 1705 1229 1740 ephebos,
1244 1712 1394 1735 merentem
1413 1708 1441 1735 in
1456 1707 1601 1736 Palaestina
1618 1710 1670 1738 sub
1683 1709 1791 1738 Diocle-

1006 1751 1080 1778 tlano
1095 1758 1158 1780 cum
1174 1751 1309 1788 Egyptiis
1327 1753 1426 1780 bellmn
1439 1760 1561 1790 gerenle.
1577 1755 1682 1784 Seditio
1699 1762 1791 1785 autem

1005 1800 1088 1831 atque
1107 1796 1225 1825 defectio
1238 1798 1300 1825 belli
1320 1806 1403 1826 causa
1420 1800 1536 1828 exstitit.

1040 1952 1132 1980 Refert
1149 1953 1360 1982 Constantinum
1373 1975 1381 1988 ,
1408 1955 1484 1990 quod
1504 1956 1567 1984 vitae
1588 1963 1646 1984 sua:
1666 1957 1790 1985 insidiari

1002 1998 1197 2026 Maximianum
1212 2000 1394 2035 cognovisset,
1405 2001 1468 2029 ideo
1478 2002 1511 2029 ad
1522 2007 1663 2037 parentem
1676 2002 1790 2039 fugisse,

1002 2050 1030 2072 et
1051 2052 1066 2072 a
1092 2045 1258 2073 moribundo
1277 2046 1387 2081 imperii
1403 2054 1594 2075 successorem
1609 2047 1790 2077 declaratum.

159 2099 204 2117 ται
220 2091 290 2125 παρ’
307 2091 389 2117 αὑτοῦ
402 2091 452 2126 τῆς
468 2091 605 2126 βασιλείας
617 2092 747 2128 διάδοχος.
761 2093 826 2119 Τότε
842 2094 890 2119 καί
904 2101 952 2127 φαμ-

1012 2089 1080 2118 I‘unc
1097 2090 1288 2118 Constantium
1306 2091 1381 2126 pium
1397 2093 1476 2119 aiunt
1490 2093 1593 2121 dixisse
1607 2102 1614 2120 :
1626 2087 1710 2120 Nam:
1718 2103 1789 2122 nran-

160 2145 202 2164 σιν
216 2137 309 2163 εἰπεῖν
324 2137 370 2163 τὸν
383 2137 483 2172 εὐσεϐῆ
503 2138 703 2165 Κωνστάντιον·
717 2138 783 2166 Νῦν
795 2140 812 2166 ὁ
823 2138 952 2173 θάνατός

1012 2136 1067 2164 nihi
1083 2137 1306 2172 vilajucundior.
1327 2146 1387 2164 cum
1405 2143 1491 2171 tuum,
1514 2138 1555 2173 ﬁli
1572 2139 1627 2172 mi,
1650 2139 1790 2174 imperium

155 2192 206 2218 μοι
223 2183 283 2218 τῆς
299 2183 373 2217 ζωῆς
398 2183 552 2218 ἡδύτερος,
575 2184 721 2219 μέγιστον
740 2185 883 2220 ἐντάφιον
898 2187 952 2213 λα,

1012 2183 1113 2210 nazimi
1136 2184 1223 2210 instar
1247 2184 1360 2217 sepulcri
1388 2184 1422 2210 ait
1451 2184 1581 2218 futurum.
1614 2184 1692 2216 Quod
1718 2186 1789 2212 enim

157 2229 241 2255 σόν-τι
265 2228 322 2262 τὴν
330 2228 393 2262 σὴν
407 2228 580 2263 ἠγεμονίαν,
595 2229 640 2256 υἱέ
653 2238 720 2264 μου.
740 2229 776 2257 Τὸ
792 2232 847 2265 γὰρ
861 2239 951 2258 κατα-

1012 2229 1149 2264 'elinquam
1167 2230 1193 2258 ἱη
1213 2235 1282 2257 terra
1296 2231 1491 2265 imperatorem,
1509 2230 1553 2264 qui
1573 2229 1788 2258 Christianorum

156 2274 263 2301 λιπεῖν
279 2274 328 2301 ἐπὶ
347 2274 402 2309 γῆς
413 2275 546 2306 ,βασιλέα
569 2276 605 2302 τὰ
629 2275 814 2309 Χριστιανῶν
836 2275 951 2310 δάκρυα

1012 2282 1134 2310 acrymas
1149 2275 1235 2302 ualeat
1257 2276 1406 2310 detergere,
1420 2280 1445 2302 et
1460 2276 1555 2303 sistere
1567 2276 1671 2311 iniquas
1703 2277 1787 2305 caedes

157 2320 320 2356 περιμάξαι
336 2320 505 2356 δυνάμενον
520 2322 568 2349 καί
583 2322 696 2356 στῆσαι
714 2321 768 2348 τὸν
781 2322 888 2350 ἄδικον
897 2324 951 2357 φό-

1012 2328 1065 2347 ruas
1080 2320 1260 2348 Maximianus
1279 2327 1370 2348 contra
1386 2321 1553 2349 Christianos
1573 2324 1724 2351 machinari
1736 2333 1788 2352 non

156 2375 213 2393 νον
233 2366 274 2394 ὃν
287 2366 473 2401 Μαξιμιανὸς
494 2368 530 2394 σὺ
545 2368 631 2402 λήγει
649 2367 724 2394 κατὰ
736 2367 795 2394 τῶν
811 2369 948 2402 Χριστια-

155 2412 219 2439 νῶν
232 2413 464 2447 παλαμώμενος,
480 2413 539 2447 ἤδη
548 2422 599 2448 μοι
612 2413 669 2446 τὴν
682 2414 829 2448 μακαρίαν
847 2413 952 2441 δίδωσι

155 2457 262 2491 λῆξιν.
280 2457 378 2492 Τρίτον
397 2457 420 2484 δ’
441 2457 491 2493 ’ήδη
515 2457 575 2484 τότε
589 2455 624 2492 ἦν
648 2457 707 2487 ἔτος
722 2458 769 2484 τοῦ
786 2458 846 2484 καθ’
872 2457 951 2493 ἡμῶν

155 2503 293 2538 διωγμοῦ,
313 2504 342 2529 ὲν
357 2499 378 2536 ᾧ
391 2503 437 2529 καὶ
452 2502 639 2534 Κωνστάντιος
663 2502 731 2537 πρὸς
745 2502 796 2540 τὴν
810 2501 949 2537 ἄφθαρτον

156 2550 302 2584 βασιλείαν
316 2550 365 2583 τὴν
381 2549 513 2585 ἐπίκηρον
526 2548 638 2584 ἠμειψε,
656 2549 703 2575 καὶ
713 2547 758 2575 τὸν
772 2549 830 2574 υίὸν
844 2548 949 2583 ἀνακη-

155 2597 243 2632 ρύξας
260 2595 385 2631 βασιλέα,
398 2596 506 2631 κήρυκα
523 2595 573 2630 τῆς
589 2593 729 2626 εὐσεσείας
745 2596 792 2621 καὶ
814 2593 868 2620 τῶν
883 2593 951 2629 Χρι-

155 2644 279 2674 στιανῶν
303 2645 460 2680 ὑπέρμαχον
472 2643 677 2670 καταλέλοιπεν.

205 2691 280 2719 1408
293 2689 381 2717 3.765
407 2689 454 2726 lt]
466 2690 528 2716 Ὅτι
541 2689 618 2724 φησὶ,
635 2688 756 2723 Σεὸήρου
769 2687 839 2723 νόσῳ
852 2688 946 2714 τελευ-

152 2739 294 2774 τήσαντος
318 2736 454 2768 Λικίννιος
479 2736 494 2762 6
519 2735 563 2761 ἐπ’
588 2734 690 2769 ἀδελφῇ
720 2733 845 2770 γαμϐρὸς
865 2733 944 2760 Κων-

1001 2365 1109 2397 desinit,
1118 2365 1176 2400 jam
1191 2366 1293 2401 felicem
1313 2367 1377 2394 mihi
1394 2367 1441 2393 dat
1456 2368 1580 2402 quietem.
1596 2369 1704 2397 Tertius
1722 2374 1788 2398 tunc

999 2412 1131 2446 agebatur
1147 2419 1235 2439 annus
1251 2413 1453 2447 persecutionis
1479 2414 1505 2440 in
1520 2413 1694 2443 Christianos
1714 2416 1788 2443 exci-

999 2461 1071 2490 tatae,
1088 2465 1143 2492 quo
1158 2457 1335 2486 Constantius
1350 2466 1411 2486 cum
1433 2464 1537 2487 aeterno
1552 2469 1635 2495 regno
1651 2462 1785 2490 caducum

998 2502 1185 2535 commutavit,
1197 2502 1337 2538 ﬁliumque
1347 2503 1489 2532 declarans
1500 2505 1704 2540 imperatorem,
1717 2516 1785 2542 prte-

999 2556 1095 2575 conem
1123 2548 1233 2583 pietatis
1257 2547 1530 2585 Cliristianornmque
1553 2556 1785 2586 propugnatorem

1001 2593 1120 2628 reliquit.

1037 2687 1154 2720 Severo.
1172 2687 1277 2722 inquit,
1293 2689 1390 2716 morbo
1403 2689 1539 2716 exstincto
1548 2688 1648 2725 @7011
1663 2689 1786 2717 Licinius

999 2734 1173 2762 COIistantini
1186 2734 1310 2763 sororius
1323 2735 1478 2770 imperavit,
1491 2735 1588 2763 deinde
1603 2735 1785 2764 Maximianus

782 2812 900 2840 VARME
929 2813 1129 2842 LECTIONES.

191 2889 214 2904 “
227 2887 281 2922 τῆς
296 2885 314 2912 Β
330 2896 337 2913 :
356 2886 402 2912 καὶ
419 2886 468 2921 τῆς
480 2894 511 2918 ς.
550 2885 571 2901 ³⁸
587 2885 651 2921 περί
668 2885 689 2912 Α
705 2895 711 2913 :
729 2885 806 2921 παρά
823 2893 853 2917 ς.

304 2933 441 2963 Parnm.
459 2935 517 2963 (in.
532 2932 610 2963 CIV.

894 2884 914 2902 ¹⁷
934 2884 981 2911 καὶ
998 2890 1060 2912 ante
1082 2884 1119 2921 τῷ
1141 2885 1204 2912 add.
1227 2886 1259 2912 Α.
1300 2885 1321 2902 ¹⁸
1335 2885 1439 2920 χρόνοις
1451 2885 1470 2912 Α
1487 2884 1603 2921 ιχρόνον
1621 2895 1654 2918 ς,

1557 2931 1575 2961 It
