1945 3073
150 144 198 179 137

724 146 838 177 ΡΗΟΤΙ
843 145 855 176 Ι
876 145 1129 177 PATRIARCHIE
1145 146 1199 178 ΟΡ.

1722 148 1773 181 108

149 205 281 239 reliquam
298 203 419 232 Orientis
442 208 547 239 partem
575 204 674 232 tenuit.
694 203 848 232 Maxentius
871 211 935 231 vero

992 204 1133 230 πταντίνου
1157 202 1312 239 βασιλεύει·
1336 204 1429 240 τὴνδὲ
1453 204 1550 240 λοιπὴν
1571 204 1620 240 τῆς
1646 203 1731 241 Ἒῴας
1750 206 1772 222 “

149 251 274 278 Itomano
291 250 318 276 in
339 248 487 278 Occidente
503 250 619 286 imperio
632 250 749 286 praefuit,
758 250 851 278 fratris
873 249 932 278 Ma-

149 294 261 322 ximiani
276 294 359 322 ﬁlius.
377 293 484 322 Etenim
502 295 571 322 alter
585 296 694 331 quidem
707 300 767 324 erat
776 295 935 324 Maximiani

148 341 259 376 prioris,
280 342 348 368 alter
362 340 537 369 Diocletiani.

183 386 381 414 Constantinus
396 387 456 422 pius
471 388 635 422 imperator.
656 388 805 416 homicidia
816 409 823 421 ,
837 389 934 421 ett-des,

150 433 286 468 virginum
304 438 412 469 stupra,
438 439 469 462 et
483 439 578 469 raptus
604 435 759 463 alienarum
778 436 935 469 mulierum,

149 484 176 506 et
189 479 359 512 violentiam,
373 481 475 516 quibus
495 481 618 509 nefarius
634 481 679 509 ille
694 482 848 511 Maxentius
862 483 937 512 dele-

149 525 285 558 ctabatur,
300 532 486 561 cognoscens,
510 531 537 553 et
555 534 604 562 per
624 527 728 562 legatos
743 527 837 556 Romae
855 537 871 556 a
894 537 938 558 se-

149 574 214 597 natu
236 570 373 598 vindicem
399 579 429 599 se
457 576 541 607 atque
573 578 740 602 assertorem
769 575 898 610 appellari
929 585 935 603 :

149 615 276 643 hortatur
290 621 435 651 tyrannum
453 625 500 652 per
516 618 631 652 litteras,
645 625 676 646 ut
686 619 823 648 abstineat
839 621 873 648 ab
885 621 937 648 im-

150 662 202 696 piis
218 663 363 697 operibus.
391 663 559 692 Persuadere
582 673 644 692 cum
660 674 714 693 non
731 671 822 701 posset
836 667 937 699 verbis,

149 709 220 736 bello
237 711 370 744 tentavit,
393 718 539 746 pugnaque
567 720 753 747 congressus,
769 713 858 748 primo
882 721 937 740 non

157 756 254 791 procul
284 757 372 785 abfuit
399 759 467 792 quin
487 759 686 787 succumberet.
707 759 778 787 Cum
802 765 894 788 autem
911 761 938 788 in

149 804 220 830 coelo
244 804 268 831 ei
297 805 389 833 crucis
407 805 494 833 forma
512 811 671 842 appareret,
693 807 815 835 materia
827 814 938 844 experte

149 849 254 878 lumine
267 850 395 886 ﬁgurata,
412 857 440 879 et
456 853 556 881 lit-teris
569 852 690 887 ejusdem
713 853 786 881 modi
798 876 805 888 ,
825 854 938 882 victoria

150 896 285 930 promissa
305 901 396 930 esset,
413 897 450 924 ita
469 897 541 924 enim
569 898 729 933 inscriptum
750 904 808 926 erat
821 908 828 927 :
843 901 875 927 In
888 900 937 927 hoc

149 942 221 968 vince
237 950 244 968 :
260 941 356 976 proelio
369 949 553 976 congressus,
580 947 608 970 et
630 943 694 971 belli
709 946 738 971 et
758 943 868 979 tyranni
885 944 936 971 im-

150 987 253 1021 perium
270 987 357 1015 victor
368 988 449 1022 cepit.
464 988 534 1016 Ante
550 989 677 1024 prmlium
693 989 764 1018 hanc
778 997 839 1026 qua).
853 998 937 1025 appa-

149 1034 204 1060 ruit
225 1041 335 1061 crucem
354 1034 382 1061 in
398 1035 484 1070 signis
496 1035 635 1070 ﬁguravit,
655 1041 683 1064 et
697 1037 788 1065 aureis
800 1036 937 1072 lapidibus

151 1080 300 1114 adornatis,
326 1081 402 1109 dedit
417 1083 462 1117 qui
483 1087 545 1109 ante
562 1083 699 1118 equitaret
723 1082 882 1115 feresdam,
910 1089 938 1111 et

150 1125 302 1153 Maxentius
316 1126 502 1161 praedecessit.
520 1127 588 1155 Nam
616 1128 650 1155 iis
681 1128 786 1163 laqueis
800 1148 809 1162 ,
838 1129 937 1164 quibus

150 1171 360 1199 Constantinum
375 1179 472 1208 capere
489 1173 658 1208 decreverat,
674 1177 770 1209 captus
784 1179 835 1202 est.
853 1174 937 1203 Fece-

150 1223 193 1246 rat
209 1219 285 1246 enim
300 1224 410 1254 pontem
426 1219 510 1247 alium
522 1220 600 1255 juxta
616 1225 725 1256 pontem
741 1220 862 1249 Milvium
883 1230 938 1249 non

149 1265 246 1300 procul
264 1272 279 1292 a
296 1264 395 1296 Roma.
414 1270 474 1293 astu
497 1266 692 1301 quodam,quo
705 1272 787 1301 ponte
801 1266 938 1295 Constan-

152 1311 238 1339 tinum
256 1311 406 1339 irruentem
421 1311 535 1347 perdere
544 1312 690 1345 cogitabat.
707 1312 797 1341 Versis
809 1313 835 1340 in
846 1313 938 1349 fugam

152 1358 185 1385 iis
198 1357 246 1393 qui
264 1357 350 1385 Roma
372 1362 523 1389 venerant,
542 1359 715 1394 maximaque
740 1363 799 1386 orta
819 1359 938 1394 trepida-

148 1404 235 1436 tione,
252 1404 407 1434 Maxentius
421 1404 476 1432 doli
490 1409 588 1432 auctor
601 1413 661 1432 cum
673 1405 742 1440 suis,
756 1410 836 1440 rupto
848 1405 937 1434 fallaci

151 1455 243 1484 ponte,
274 1450 456 1485 praecipitavit
484 1451 511 1477 in
538 1450 650 1485 ﬂumen,
667 1456 695 1479 et
715 1453 867 1481 exstinctus
884 1458 936 1481 est.

153 1494 247 1529 Itaque
260 1494 415 1523 Maxentius
434 1496 514 1530 periit
526 1516 534 1529 ,
548 1501 574 1523 et
593 1497 700 1532 imperii
717 1505 782 1533 pars
807 1498 881 1526 illius
904 1499 937 1526 ad

990 251 1087 285 μοῖραν
1104 250 1275 286 Μαξιμιανὸς
1292 252 1395 287 ἐπεῖχε.
1414 252 1564 284 Μαξέντιος
1586 252 1615 279 δὲ
1629 252 1680 287 τῆς
1701 252 1774 279 κατὰ

992 296 1101 332 Ῥώμην
1115 294 1210 333 ἦρχεν,
1222 297 1380 332 ἀδελφιδοῦς
1391 298 1428 325 ῶν
1440 298 1621 334 Μαξιμιανοῦ·
1638 299 1748 334 καὶγὰρ
1760 300 1775 326 6

988 342 1039 378 μὲν
1053 340 1088 378 ἦν
1103 343 1275 378 Μαξιμιανοῦ
1285 342 1332 370 τοῦ
1341 343 1487 379 προτέρου,
1498 344 1513 369 ὁ
1526 343 1554 370 δὲ
1570 343 1774 379 Διοιλητιανοῦ.

1023 389 1085 416 Ὅτι
1100 390 1302 421 Κωνσταντῖνος
1317 391 1331 416 6
1348 390 1461 426 εὐσεϐὴς
1474 390 1609 425 βασιλεὺς,
1623 391 1687 422 τοὺς
1699 399 1775 425 μιαι-

987 436 1084 470 φόνους
1100 436 1196 470 φόνους
1208 437 1255 463 καὶ
1268 436 1318 468 τὰς
1335 436 1484 471 διαφθορὰς
1500 436 1554 463 τῶν
1573 436 1716 472 παρθένων
1729 437 1776 463 καὶ

987 483 1037 513 τὰς
1053 482 1182 517 ἁρπαγὰς
1198 482 1253 508 τῶν
1269 482 1417 517 ἀλλοτρίων
1427 482 1566 516 γυναικῶν
1579 483 1626 509 καὶ
1638 483 1688 514 τὰς
1703 483 1775 518 βίας,

987 524 1032 559 αἷς
1047 528 1062 554 6
1076 527 1219 560 ἐξάγιστος
1241 527 1379 564 ἐνετρύφα
1401 527 1563 560 Μαξέντιος»,
1581 528 1650 562 ἀκοῇ
1670 527 1775 561 μαθὼν,

987 575 1036 600 καὶ
1051 573 1105 600 τῶν
1118 574 1148 600 ὲν
1164 573 1258 609 Ῥώμῃ
1272 572 1567 608 διαπρεσϐευσαμένων
1579 573 1671 607 σφίσιν
1685 573 1778 606 αὐτοῐς

988 621 1101 655 σωτῆρα
1120 619 1168 647 καὶ
1193 619 1335 656 λυτρωτὴν
1359 619 1497 654 γενέσθαι,
1515 620 1643 654 παραινεῖ
1659 620 1710 655 μὲν
1734 620 1778 647 διὰ

987 666 1161 701 γραμμάτων
1173 666 1220 693 τὸν
1235 665 1366 703 τύραννον
1382 666 1549 701 ἀποσχέσθαι
1565 665 1620 693 τῶν
1634 666 1777 701 ἑχθέσμων

988 713 1088 749 ἔργων,
1110 713 1141 740 οὐ
1159 713 1261 740 πείθων
1279 713 1308 740 δὲ
1330 712 1421 747 λόγοις
1436 712 1551 740 ἅπτεται
1580 712 1711 747 πολέμου.
1723 713 1778 739 Καὶ

989 759 1160 795 συμπλακεὶς
1175 760 1260 796 μάχῃ,
1280 760 1314 786 τὰ
1335 759 1432 795 πρῶτα
1449 759 1499 794 μὲν
1512 758 1595 793 ἐγγὺς
1610 759 1716 793 γίνεται
1729 758 1777 785 τοῦ

988 805 1081 832 λαϐεῖν
1098 806 1128 832 τὸ
1146 804 1227 842 ἦττον
1240 814 1247 821 ν
1268 805 1399 840 φανέντος
1413 806 1436 832 δ’
1451 805 1525 841 αὐτῷ
1549 805 1620 832 κατὰ
1631 805 1677 832 τὸν
1691 806 1777 840 οὐρα-

989 853 1033 880 νὸν
1046 852 1092 880 τοῦ
1105 852 1191 880 τύπου
1203 851 1250 879 τοῦ
1263 852 1392 888 σταυροῦ,
1406 852 1475 886 φωτὶ
1485 851 1560 887 ἀΰλῳ
1571 851 1778 887 ἐγκεχαραγμέ-

989 908 1036 926 νου
1051 899 1098 926 καὶ
1113 899 1260 934 γράμμασι
1274 898 1324 934 τῆς
1345 898 1430 934 αὐτῆς
1445 898 1511 934 ῦλης
1531 898 1777 933 εὐαγγελιζομένου

987 946 1035 980 τήν
1049 945 1126 981 νίκην
1142 945 1230 981 (ἔλεγε
1244 944 1298 981 γὰρ
1311 945 1341 972 τδ
1358 945 1486 981 γράμμα,
1513 945 1564 972 Ἐν·
1577 945 1671 979 τούτῳ
1686 945 1777 979 νίκα),

988 990 1134 1026 συμϐαλὼν
1162 991 1218 1023 τοῖς
1233 990 1374 1027 πολεμίοις
1388 991 1436 1017 καὶ
1461 990 1508 1018 τοῦ
1524 990 1645 1025 πολέμου
1669 991 1717 1018 καὶ
1730 990 1778 1018 τοῦ

987 1036 1121 1071 τυράννου
1142 1036 1266 1064 σκυλεύει
1282 1036 1312 1062 τὸ
1328 1036 1440 1072 κράτος.
1462 1035 1519 1072 Πρὸ
1535 1036 1564 1063 δὲ
1587 1036 1638 1071 τῆς
1655 1037 1779 1071 συμπλο-

988 1082 1040 1117 κῆς
1054 1081 1104 1117 τὴν
1128 1082 1204 1109 θείαν
1222 1081 1282 1117 ὄψιν
1305 1082 1346 1114 είς
1368 1081 1501 1117 τροπαίου
1522 1082 1614 1117 σχῆμα
1631 1082 1779 1118 μορφώσας

988 1127 1036 1154 καὶ
1047 1127 1275 1163 χρυσοκολλήτοις
1287 1127 1371 1159 λίθοις
1383 1127 1506 1162 ἁρμόσας
1518 1126 1602 1154 ἐδίδου
1618 1127 1711 1162 φέρειν
1722 1129 1780 1159 τοῖς

989 1173 1190 1209 προῖππεύουσι
1204 1174 1236 1200 ’⁸.
1258 1173 1313 1200 Καὶ
1332 1173 1438 1208 γίνεται
1461 1173 1510 1209 μὲν
1531 1172 1680 1206 Μαξέντιος
1696 1173 1778 1200 αὐτοῦ

989 1221 1102 1256 θήραμα
1114 1228 1122 1235 ·
1136 1217 1177 1251 οἷς
1191 1220 1246 1255 γὰρ
1259 1219 1388 1255 ὲνήδρευε
1405 1219 1609 1247 Κωνσταντίνον
1620 1219 1778 1256 θηράτροις,

989 1266 1069 1297 αὐτὸς
1085 1265 1215 1300 ἐθηράθη.
1239 1265 1360 1301 Ἐπὴγνυ
1378 1265 1429 1300 μὲν
1446 1264 1501 1301 γὰρ
1519 1264 1587 1300 πρὸς
1601 1265 1651 1300 τῆς
1669 1264 1780 1301 Ῥώμης

989 1313 1055 1348 περὶ
1070 1312 1120 1347 τὴν
1136 1311 1259 1340 Μουλίαν
1272 1312 1293 1327 ¹¹
1312 1312 1437 1348 γέφυραν
1449 1311 1526 1338 δόλου
1544 1311 1667 1346 γέφυραν
1684 1310 1778 1346 ἄλλην,

990 1358 1024 1384 δι’
1037 1355 1071 1394 ἦς
1081 1358 1179 1394 ήλπιξε
1195 1357 1241 1384 τδν
1252 1358 1459 1384 Κωνσταντῖνον
1473 1357 1656 1384 ἐπελαύνοντα
1670 1356 1778 1391 διαφθα-

990 1404 1089 1440 ρῆναι·
1104 1404 1155 1439 τῆς
1180 1403 1284 1439 τροπῆς
1299 1403 1328 1430 δὲ
1343 1403 1398 1430 τῶν
1413 1403 1467 1430 ἀπὸ
1487 1402 1598 1439 Ῥώμης
1619 1403 1711 1437 ὀξείας
1732 1402 1781 1429 καὶ

990 1450 1040 1477 σὺν
1054 1450 1167 1487 ταράχῳ
1191 1449 1281 1486 πολλῷ
1304 1450 1492 1486 γεγενημένης
1511 1449 1591 1482 αὐτὸς
1605 1450 1619 1477 6
1638 1449 1684 1476 τοῦ
1704 1448 1780 1476 δόλου

989 1496 1114 1531 τεχνίτης
1139 1497 1188 1523 σὺν
1203 1497 1259 1527 τοῖς
1285 1491 1438 1531 ἑπομένοις,
1467 1496 1664 1532 διαρῤαγείσης
1687 1496 1781 1528 αὐτοῖς

150 1538 361 1567 Constantinum
376 1541 466 1574 rediit,
480 1546 506 1569 et
519 1542 622 1570 subditi
635 1550 688 1570 non
699 1543 779 1571 modo
790 1543 825 1571 ab
841 1544 938 1571 imme-

992 1543 1039 1577 τῆς
1056 1542 1258 1577 σεσοφισμὲνης
1273 1542 1405 1578 γεφύρας,
1422 1542 1519 1568 κατέδυ
1535 1550 1565 1568 τε
1580 1542 1620 1572 εἰς
1634 1542 1680 1568 τὸν
1694 1550 1780 1568 ποτα-

152 1585 263 1613 dicabili
280 1586 352 1613 malo
371 1587 554 1621 respirarunt,
570 1588 616 1615 sed
633 1592 659 1615 et
675 1588 729 1615 laeti
748 1588 849 1616 festum
865 1589 939 1616 dicm

151 1637 276 1667 egerunt.
284 1632 408 1661 Licinius
415 1637 506 1660 autem
516 1634 624 1668 gentilis
634 1634 661 1661 in
672 1635 732 1670 pios
743 1636 841 1669 saeviit,
850 1636 940 1670 primo

151 1678 261 1713 quidem
275 1678 392 1711 occulte,
408 1684 482 1706 metu
499 1679 597 1712 aliinis,
613 1679 710 1707 deinde
727 1685 821 1715 aperto
841 1685 939 1709 marte.

152 1723 333 1752 inveteratum
365 1724 438 1752 enim
467 1725 569 1752 malum
585 1725 744 1761 plerumque
757 1731 784 1753 et
794 1727 879 1754 lotum
897 1728 939 1754 in-

153 1775 198 1796 tus
216 1775 349 1805 perpetuo
362 1771 448 1797 latere
461 1771 565 1806 nequit,
592 1776 621 1798 et
653 1772 755 1807 pridem
779 1773 939 1801 meditatum

153 1814 227 1841 foras
246 1814 356 1842 tandem
373 1816 501 1850 erumpit.
526 1815 618 1849 Quare
646 1816 758 1845 infanda
788 1819 940 1852 persecutio

151 1861 179 1887 in
199 1860 375 1888 Christianos
400 1861 486 1888 movit
517 1861 592 1897 pium
619 1862 809 1898 imperatorem
844 1869 940 1892 contra

152 1907 267 1942 impium
279 1907 386 1935 aﬂinem
403 1908 437 1934 ad
449 1907 555 1942 justum
566 1908 670 1941 odium,
685 1913 713 1937 et
721 1917 753 1937 ex
761 1910 824 1937 odio
844 1915 940 1938 natum

153 1952 266 1979 bellum.
287 1951 379 1980 Multis
396 1952 495 1988 4706
515 1953 653 1988 variisque
668 1955 768 1990 pugnis
783 1956 941 1984 commissis

153 2004 226 2026 terra
243 1998 378 2034 marique,
396 1998 517 2026 Licinius
534 1998 649 2027 inferior
666 2004 718 2028 est.
742 2000 795 2028 Sed
823 2001 942 2036 impera-

152 2045 221 2072 toris
236 2044 404 2080 benignitate
415 2043 512 2076 l‘rctus,
530 2045 649 2080 seipsum
664 2046 776 2078 dedidit.
797 2051 824 2074 et
838 2047 942 2075 frustra

153 2098 207 2118 non
225 2090 312 2118 fuisse
327 2095 499 2125 compertum
525 2095 577 2118 est.
606 2090 757 2119 Ditnittitur
780 2092 853 2120 enim
875 2093 943 2121 liber

153 2137 248 2165 multis
262 2136 400 2164 obnoxius
418 2137 517 2170 poenis,
527 2141 554 2163 et
563 2135 757 2164 Thessalonica
770 2137 819 2169 illi,
833 2142 863 2165 ut
879 2146 940 2166 cum

153 2183 228 2210 omni
248 2183 396 2210 securitate
411 2182 449 2210 ibi
469 2181 594 2217 degeret.
612 2182 778 2218 assignatur.
798 2183 859 2219 Ipse
876 2192 941 2212 vero

154 2230 351 2257 humanitatem
369 2230 465 2262 armis,
484 2236 581 2257 amens
593 2229 662 2257 cladi
678 2231 865 2258 restaurandte
876 2239 940 2267 per-
956 2220 979 2248 θ

153 2279 274 2308 mutans,
289 2275 450 2303 seditionem
465 2275 625 2309 concitavit,
639 2283 700 2311 quae
711 2276 786 2304 illum
797 2277 868 2312 iusta
880 2279 940 2306 vin-

152 2321 224 2348 dicta
243 2322 298 2349 vita
316 2321 444 2356 privavit.

994 1588 1044 1622 μὸν
1057 1588 1104 1614 καὶ
1117 1587 1209 1620 ἐξέπιε
1220 1588 1265 1615 τὸν
1277 1588 1402 1616 θάνατον.
1424 1587 1493 1614 Ἀλλ’
1508 1587 1579 1614 οὕτω
1598 1587 1648 1622 μὲν
1660 1587 1707 1614 καὶ
1721 1588 1782 1614 Μα-

992 1633 1093 1666 ξέντιος
1110 1634 1254 1669 διεφθάρη,
1277 1633 1326 1660 καὶ
1350 1635 1390 1665 είς
1409 1634 1614 1661 Κωνσταντῖνον
1635 1634 1651 1669 ἡ
1674 1633 1779 1660 ἐκείνου

993 1681 1072 1715 μερὶς
1093 1680 1284 1716 περιίσταται·
1301 1680 1349 1706 καὶ
1370 1679 1401 1707 τὺ
1423 1679 1543 1716 ὑπήκοον
1573 1681 1604 1706 οὐ
1630 1680 1710 1716 μόνον
1732 1680 1781 1707 ἀν-

991 1725 1105 1753 έπνευσε
1117 1726 1171 1753 τῶν
1182 1727 1338 1761 ἀνηκέστων
1349 1726 1452 1760 κακῶν,
1461 1726 1530 1753 ἀλλὰ
1539 1726 1586 1752 καὶ
1599 1727 1628 1753 ὲν
1642 1726 1665 1741 ¹¹
1675 1726 1781 1760 εὐδίᾳ¹³

992 1771 1066 1808 πάσῃ
1079 1771 1210 1807 ἑώρταζε.
1222 1772 1359 1804 Λικίννιος
1373 1773 1401 1800 δὲ
1416 1772 1466 1807 τὴν
1482 1772 1601 1808 Ἕλληνα
1618 1771 1697 1804 δόξαν
1714 1780 1781 1806 συγ-

992 1819 1107 1853 κροτῶν,
1121 1817 1278 1853 ἐξεμαίνετο
1289 1818 1360 1845 κατὰ
1367 1818 1422 1845 τῶν
1431 1817 1562 1850 εὐσεϐῶν,
1576 1817 1610 1845 τὰ
1622 1817 1716 1852 πρῶτα
1731 1817 1781 1853 μὲν

991 1864 1080 1899 λάθρα
1098 1863 1172 1899 φόϐῳ
1194 1863 1242 1890 τοῦ
1260 1864 1402 1899 κηδεστοῦ,
1422 1864 1536 1900 ὕστερον
1550 1865 1579 1891 δὲ
1593 1865 1641 1891 καὶ
1665 1864 1735 1891 κατὰ
1751 1864 1782 1891 τὸ

991 1909 1113 1944 ἐμφανές
1125 1917 1132 1925 ο
1145 1910 1268 1946 χρονίζον
1281 1910 1336 1946 γὰρ
1354 1911 1402 1938 καὶ
1416 1911 1636 1946 ὑποτρεφόμενον
1655 1911 1728 1937 ἑνδον
1752 1911 1783 1937 τὸ

991 1956 1077 1983 δεινὸν
1091 1956 1130 1988 ὡς
1154 1956 1189 1983 τὰ
1205 1957 1290 1984 πολλὰ
1315 1957 1560 1993 συγκεκλεισμένον
1583 1958 1674 1994 μένειν
1688 1958 1718 1984 οὐ
1734 1957 1781 1984 δύ-

992 2011 1082 2035 ναται,
1099 2003 1168 2030 ἀλλὰ
1179 2003 1223 2031 διὰ
1236 2004 1291 2031 τῶν
1313 2004 1392 2036 ἐκτὸς
1409 2004 1570 2041 θριαμϐεύει
1588 2003 1679 2030 καὶτὸ
1701 2003 1782 2030 πάλαι

994 2048 1192 2085 μελετώμενον.
1222 2049 1252 2076 '0
1275 2049 1366 2076 τοίνυν
1392 2049 1463 2076 κατά
1483 2049 1537 2075 τῶν
1560 2049 1583 2065 ⁸⁸
1609 2049 1782 2084 Χριστιανῶν

993 2094 1141 2130 ἀδιήγητος
1165 2095 1284 2130 διωγμὸς
1308 2096 1380 2121 κινεί
1399 2095 1444 2121 τὸν
1464 2095 1562 2130 εὐσεϐῆ
1580 2095 1693 2130 βασιλέα
1713 2096 1784 2123 κατὰ

993 2141 1040 2168 τοῦ
1057 2141 1270 2168 δυσσεϐεστάτου
1283 2140 1410 2175 γαμϐροῦ
1420 2141 1462 2172 είς
1477 2141 1555 2176 μῖσος
1565 2141 1678 2173 δίκαιον,
1695 2141 1741 2168 καὶ
1754 2141 1784 2168 τὸ

995 2189 1073 2223 μῖσος
1094 2187 1140 2214 τὸν
1158 2187 1275 2222 πόλεμον
1292 2187 1392 2214 ἔτικτε.
1410 2187 1513 2224 Πολλῆς
1536 2188 1564 2214 δὲ
1581 2189 1628 2215 καὶ
1651 2187 1785 2214 παντοδα-

994 2234 1063 2266 ποῦς
1078 2234 1316 2270 συγκροτουμένης
1330 2233 1419 2269 μάχης
1432 2235 1502 2261 κατά
1511 2243 1541 2260 τε
1554 2234 1577 2250 ’⁸
1587 2234 1638 2269 γῆν
1651 2235 1698 2260 καὶ
1713 2234 1785 2261 κατὰ

993 2281 1131 2308 θάλασσαν
1145 2280 1167 2296 ’⁸
1184 2281 1300 2316 ἡττᾶται
1313 2280 1459 2313 Λικίννιος,
1475 2281 1522 2308 καὶ
1538 2282 1570 2317 τῇ
1582 2281 1629 2307 τοῦ
1652 2280 1786 2316 βασιλέως

993 2326 1183 2362 φιλανθρωπίᾳ
1196 2326 1334 2358 πεποιθὼς
1351 2326 1446 2354 ἑαυτὸν
1466 2327 1602 2354 ἐκδίδωσι.
1620 2327 1676 2354 Καὶ
1695 2327 1787 2363 μάτην

152 2370 263 2406 θαρρεῖν
288 2369 340 2396 οὐκ
364 2369 514 2404 ἠλέγχετο⁸
539 2368 649 2403 ἀφίεται
673 2368 724 2404 μὲν
747 2370 812 2405 γὰρ,
837 2373 943 2402 πολλῶν
963 2375 1114 2406 ὑπεύθυνος
1143 2373 1182 2400 ὢν
1214 2374 1365 2410 τιμωριῶν,
1380 2374 1563 2410 ἀτιμώρητος,
1581 2375 1630 2401 καὶ
1647 2376 1664 2410 ἡ
1680 2375 1787 2402 Θεσσα-

151 2416 246 2450 λονίκη
261 2414 337 2450 αὐτῷ
355 2414 403 2440 σὺν
419 2413 495 2448 ἀδείᾳ
509 2413 558 2449 ζῇν
570 2413 664 2449 ἁπάσῃ
681 2414 806 2450 διατριϐὴ
817 2417 988 2453 ἀφορίζεται.
1008 2421 1039 2448 '0
1052 2420 1081 2447 δὲ
1094 2421 1124 2446 τὸ
1136 2419 1199 2456 [766
1214 2419 1261 2457 H.]
1290 2420 1481 2455 φιλάνθρωπον
1495 2421 1535 2452 εἰς
1564 2421 1595 2447 τὸ
1625 2421 1676 2456 τὴν
1700 2420 1787 2459 ἧτταν

152 2463 377 2501 ἀναμαχέσασθαι
393 2463 415 2478 ¹⁷
433 2462 563 2494 ἀπονοίας
588 2463 772 2499 ποιησάμενος
791 2465 883 2500 ὅπλον,
915 2468 964 2504 τὴν
1002 2469 1186 2497 ἐπανάστασιν
1205 2469 1364 2505 ὲχειρίξετο,
1378 2469 1439 2505 ἥτις
1456 2470 1537 2497 αὐτὴν
1553 2471 1661 2500 καὶτοῦ
1677 2473 1736 2508 βίου
1749 2473 1788 2508 τῷ

151 2512 249 2548 δικαίῳ
269 2512 339 2545 ξίφει
352 2510 483 2546 διέτεμεν.

189 2558 304 2586 Moritur
320 2562 433 2586 sanctus
449 2561 552 2592 martyr
568 2556 663 2586 Petrus
675 2579 682 2591 ,
705 2563 732 2586 et
745 2558 865 2588 Achillas
883 2569 946 2590 san-

153 2612 228 2634 ctum
242 2606 330 2632 virum
345 2604 372 2631 in
386 2604 521 2639 dignitate
535 2604 706 2633 Alexandria:
717 2611 880 2635 consecutus
891 2613 945 2642 est,

155 2657 182 2679 et
196 2651 272 2678 illum
289 2650 454 2677 Alexander.
480 2650 547 2677 Cum
567 2649 689 2678 Ecclesia
708 2653 946 2686 persccutionibus

154 2698 266 2725 liberata
277 2700 360 2728 esset,
370 2701 578 2731 martyrumque
591 2697 784 2725 certaminibus
798 2698 945 2732 illustrata,

1036 2563 1096 2590 Ὀτι
1110 2561 1223 2597 τελευτᾷ
1240 2561 1289 2596 μὲν
1299 2561 1313 2587 6
1327 2561 1491 2596 ίερομάρτυς
1505 2561 1618 2597 Πέτρος,
1633 2563 1680 2590 καὶ
1700 2563 1789 2598 Ἀχιλ-

998 2609 1048 2641 λᾶς
1063 2608 1109 2635 τὸν
1129 2607 1334 2642 Ἀλεξανδρείας
1348 2607 1442 2643 θρόνον
1459 2608 1506 2634 καὶ
1520 2608 1566 2635 τὸν
1580 2609 1657 2643 ἆγιον
1670 2609 1789 2643 διαδέχε-

999 2663 1055 2685 ται.
1073 2654 1168 2681 τοῦτον
1185 2654 1213 2681 δὲ
1232 2653 1416 2689 ’Δλέξανδρος.
1432 2654 1487 2689 Τῆς
1505 2654 1668 2689 Ἐκκλησίας
1685 2654 1713 2680 δὲ
1733 2655 1789 2681 τιῖιν

1000 2700 1128 2735 διωγμῶν
1154 2699 1205 2735 ἤδη
1230 2698 1323 2726 λοιπὸν
1346 2699 1571 2735 ὴλευθερωμένης
1588 2699 1635 2726 καὶ
1653 2700 1708 2731 τοῖς
1735 2700 1789 2726 τῶν

780 2777 897 2804 VARUS
926 2777 1128 2806 hECTlONES.

188 2834 210 2870 ξ’
229 2835 299 2870 ὲῳας
316 2833 355 2861 B:
370 2833 423 2864 ἕως
439 2841 470 2870 ςέ.
508 2832 531 2848 ’⁸
546 2832 727 2870 προϊππεῦσαι
742 2833 773 2859 Α.

154 2868 311 2904 εὐδαιμονίᾳ
323 2871 355 2896 Α,
393 2869 415 2884 ’δ
431 2868 485 2896 τῶν
497 2876 551 2895 om.
573 2869 605 2895 Α.
644 2868 666 2884 ⁸⁸
683 2876 712 2894 τε
726 2870 747 2894 Λ
764 2877 771 2895 :
787 2877 820 2903 γε
836 2877 865 2901 ς.

813 2835 833 2849 ¹¹
848 2833 1126 2877 Μουλξαχλφουλϐίαν
1139 2834 1319 2877 Β,·.Βουλϐίαν

913 2871 935 2885 ²⁶
949 2869 1086 2896 θάλατταν
1100 2870 1129 2897 Β.
1170 2870 1192 2886 ’⁷
1206 2871 1393 2906 ἀναμάχεσθαι
1405 2873 1438 2899 Δ.

1427 2837 1488 2864 ”ὲν
1508 2843 1563 2864 om.
1583 2838 1615 2864 Α.
1668 2838 1690 2854 ε·
1704 2838 1791 2877 εεδίη
