1945 3073
175 154 226 187 109

730 162 767 192 BI
772 163 993 195 BLIOTHEGA.
1005 177 1039 182 --
1047 165 1130 196 COD.
1139 165 1257 196 CCLVI.

1748 165 1798 196 110

177 217 323 253 μαρτύρων
340 217 432 250 ἄθλοις
447 220 661 256 σεμνυνομένης,
676 221 707 248 τὸ
719 222 864 256 ὲγκόλπιον
878 224 962 250 κακὸν

1020 224 1101 252 malus
1115 225 1210 258 turbo,
1234 229 1262 252 et
1276 224 1371 252 mundi
1391 224 1516 260 quadam
1541 230 1689 260 tempestas
1704 225 1798 256 Arius.

176 264 222 289 καὶ
237 263 286 298 τῆς
300 264 464 300 οἰκουμένης
474 267 489 292 ὁ
503 265 620 302 τάραχος
638 267 746 302 ’Δρειος
762 268 811 303 τὴν
829 268 965 304 εὐφροσύ-

176 317 224 344 νην
236 309 286 344 τῆς
307 310 472 346 Ἐκκλησίας
487 312 527 343 είς
541 312 692 348 κατήφειαν
717 314 797 340 πάλιν
821 315 964 342 συνέστελ-

175 354 235 381 λεψ
251 356 280 382 ὲν
297 356 428 391 κτίσμασι
441 357 495 393 γὰρ
507 360 611 392 κατῆγε
625 359 670 385 τὸν
687 359 734 386 τοῦ
749 360 817 387 Θεοῦ
839 362 903 388 Υἱὺν
918 363 965 390 καὶ

175 402 253 433 Θεὸν,
268 400 300 430 οὗ
316 403 407 438 χειρὸς
420 404 500 439 ἔργον
515 406 531 440 ή
552 405 684 440 σύμπασα
702 407 801 439 κτίσις.
824 408 900 435 Ἐπεὶ
915 409 938 436 δ’
951 410 965 436 ὁ

181 449 384 485 Ἀλεξανδρείας
404 450 579 486 Ἀλέξανδρος
596 451 676 487 [L509
692 452 738 488 3.]
756 453 804 480 καὶ
830 454 965 482 νουθετῶν

176 495 224 521 καὶ
239 496 407 531 παρακαλῶν
420 497 536 523 ἀπεῖπεν
550 497 640 532 (ἐνίκα
657 497 712 534 γὰρ
724 498 779 526 τῶν
793 499 921 532 ζιζανίων
934 500 965 528 τὸ

177 541 258 577 βάθος
267 542 312 568 τὸν
328 542 428 578 σπόρον
439 543 487 575 τοῦ
503 543 605 579 λόγου),
618 545 746 580 ἐκτέμνει
761 545 855 573 τοῦτον
866 547 964 574 καθαι-

179 590 271 624 ρετικῇ
281 589 405 625 μαχαίρᾳ
419 590 469 624 τῆς
489 589 662 626 Ἐκκλησίας.

213 635 273 661 Ὀτι
287 635 418 668 Εὑσέὸιος
436 637 451 662 ὁ
463 637 513 673 τὴν
526 638 646 673 Βηρυτὸν
671 638 721 673 μὲν
745 639 892 675 ὑπεριδὼν,
916 641 965 675 τὴν

176 681 204 708 δὲ
223 681 403 716 Νικομηδέων
417 682 579 718 Ἐκκλησίαν
594 684 800 720 ἐποφθαλμίσας
812 685 844 717 ⁸⁸,
854 685 913 712 ἐπεὶ
926 686 964 720 μὴ

177 726 254 762 δίκην
269 727 354 754 ἔδωκε
370 728 420 763 τῆς
444 729 582 764 ἁρπαγῆς,
598 731 729 767 ἐπαρθεὶς
747 732 855 767 Ἄρειόν
873 741 903 759 τε
919 733 966 759 καὶ

177 775 240 805 τοὺς
252 774 301 809 τῆς
311 775 447 811 αἱρέσεως
458 776 625 812 συνεραστὰς
633 777 678 804 διὰ
690 778 818 813 προνοίας
828 778 879 813 τῆς
891 779 966 814 πρώ-

177 829 226 855 της
240 818 306 856 ἦγεν
317 829 324 836 ⁸
345 818 383 849 ὦν
395 822 539 849 ἐπίσκοποι
554 823 603 858 μέν
615 832 682 850 ποτε
694 825 836 859 γεγονότες
851 824 966 852 Σεκοῦν-

176 867 221 898 δος
238 867 344 903 ὑπῆρχε
358 869 406 895 καὶ
424 869 543 902 Θεωνᾶς,
561 871 590 896 ἐν
604 871 739 903 διακόνοις
750 872 798 898 καὶ
812 872 964 906 πρεσϐυτέ-

1016 270 1137 298 laetitiam
1155 271 1282 299 Ecclesiae
1296 271 1323 298 in
1341 270 1464 298 dolorem
1488 272 1587 298 iterum
1603 272 1695 298 vertit.
1715 270 1799 298 Crea—

1016 317 1085 344 turis
1099 318 1172 344 enim
1185 317 1286 344 Filium
1301 316 1347 344 Dei
1360 338 1368 350 ,
1386 316 1528 352 Deumque
1542 316 1613 344 velut
1631 317 1659 344 in
1676 317 1799 345 Ordinem

1015 362 1141 396 redigens
1156 362 1286 397 alligavit,
1300 362 1380 397 cujus
1389 370 1487 390 manus
1500 370 1568 397 opus
1577 363 1667 390 omnis
1675 368 1717 390 est
1725 370 1801 390 crea-

1016 412 1087 435 tura.
1107 408 1175 436 Cum
1203 417 1267 436 vero
1281 409 1436 437 Alexander
1452 409 1624 436 Alexandrize
1645 409 1803 444 episcopus,

1015 458 1043 481 et
1055 454 1192 482 monendo
1207 455 1396 490 hortandoque
1412 455 1479 482 nihil
1502 455 1647 490 proliceret
1659 455 1742 488 (nam
1758 455 1799 482 zi-

1016 500 1157 527 zaniorum
1180 501 1221 529 vis
1235 505 1262 528 et
1280 503 1357 536 copia
1389 501 1463 529 verbi
1483 510 1576 530 semen
1592 502 1800 537 oppresserat),

1016 545 1127 581 ancipiti
1153 547 1279 575 Ecclesiae
1304 547 1395 583 gladio
1421 548 1495 576 hunc
1520 553 1636 576 resecat.

1048 640 1183 668 Eusebius
1191 641 1316 676 Berytum
1329 641 1493 676 despiciens,
1501 646 1526 668 et
1536 640 1701 668 Nicomedia:
1710 640 1804 668 Eccle-

1016 685 1063 714 size
1078 685 1196 718 inhians,
1212 694 1274 713 cum
1296 686 1406 721 impune
1425 694 1486 713 eam
1505 691 1685 720 occupasset,
1704 686 1803 719 elatus,

1015 731 1110 758 Arium
1117 731 1228 766 ejusque
1237 737 1385 759 sectatores
1391 732 1575 760 defendendos
1582 731 1708 766 inprimis
1716 740 1806 760 susce-

1015 779 1065 813 pit,
1075 786 1193 813 quorum
1205 786 1221 806 e
1231 786 1343 806 numero
1351 779 1469 813 episcopi
1479 779 1626 806 erantolim
1633 777 1696 807 facti
1706 777 1807 806 Secuno

1015 824 1068 852 dus
1079 829 1106 852 et
1117 824 1253 852 Theonas.
1275 823 1348 852 Inter
1362 825 1492 852 diaconos
1506 829 1533 852 et
1546 825 1711 858 sacerdotes,
1722 825 1806 863 Arius

1017 869 1151 897 haereseos
1159 870 1266 897 initium
1274 871 1449 905 Achillasque
1458 871 1527 898 alter
1538 870 1632 901 Arius.
1641 876 1669 898 et
1681 871 1806 900 nonnulli

177 922 236 948 ροις
253 914 361 949 Ἀρειός
378 923 408 941 τε
422 915 440 949 ὴ
462 915 512 950 τῆς
529 916 661 951 αἱρέσεως
682 916 754 952 ἀρχὴ
776 917 824 944 καὶ
843 916 967 951 Ἀχιλλᾶς

1020 915 1066 942 alii
1076 915 1198 950 ejusdem
1216 916 1359 951 dignitatis
1373 921 1399 944 et
1411 916 1562 949 societatis,
1572 924 1686 943 numero
1697 924 1805 949 novem,

177 960 223 985 καὶ
236 958 314 990 ἄλλος
328 960 350 975 ¹¹
372 960 480 994 Ἄρειος
494 960 541 986 καί
560 969 632 992 τινες
647 960 735 996 ἕτεροι
752 961 800 994 τῆς
814 961 900 996 αὐτῆς
919 961 966 988 καὶ

177 1004 260 1038 τιμῆς
279 1005 326 1031 καὶ
348 1006 484 1041 φρατρίας
500 1005 534 1038 ³⁰,
555 1006 672 1041 ἀριθμὸν
700 1006 897 1042 ἀπαρτίζοντες
919 1007 967 1034 τὸν

177 1052 265 1079 ἐννέα.
283 1051 336 1083 Οὒς
350 1052 397 1078 καὶ
411 1052 519 1079 καθεὲλε
536 1052 645 1084 σύνοδος
657 1053 742 1086 ἐγγὺς
761 1052 784 1088 ρ’
796 1053 965 1084 ἐπισκόπων,

176 1098 201 1124 οἶ
212 1097 241 1131 ἐξ
254 1098 391 1132 Αἰγύπτου
405 1099 453 1125 καὶ
464 1099 566 1134 Λιϐύης
576 1098 801 1135 συνεληλύθεσαν,
813 1099 967 1133 ὑπαγαγόν-

176 1154 222 1176 τες
234 1146 282 1172 καὶ
296 1145 337 1180 τῷ
348 1145 513 1181 ἁναθέματι.
529 1143 579 1172 Ὧν
593 1145 643 1181 τὴν
660 1145 746 1182 ἀκοὴν
760 1147 967 1178 Κωνσταντῖνος

176 1192 226 1218 οὐκ
238 1191 400 1226 ἀναλγήτως
409 1191 539 1226 ἐνεγκὼν,
556 1191 717 1219 ἀποστέλλει
732 1191 800 1227 πρὸς
814 1192 865 1227 τὴν
873 1192 966 1226 Ἀλεξ-

177 1237 304 1272 ἁνδρειαν
329 1237 422 1264 Ὀσιον
443 1237 493 1272 μὲν
524 1237 655 1272 τοῦνομα,
682 1237 756 1264 ὅσιον
787 1237 816 1264 δὲ
838 1238 884 1264 τὸν
910 1238 967 1273 βίον

178 1284 267 1317 (πόλις
281 1284 304 1311 δ’
317 1284 400 1311 αὐτὸν
416 1283 495 1319 ηὔχει
516 1285 565 1320 μία
580 1284 635 1312 τῶν
656 1285 800 1312 ἰσπανιῶν
814 1285 847 1316 ³³,
863 1286 880 1320 ἡ
894 1286 967 1312 Κου-

177 1331 300 1367 δροῠὸη),
316 1331 463 1366 ἐγχειρίζει
478 1331 500 1358 δ’
516 1331 591 1366 αὐτῷ
614 1331 661 1358 καὶ
677 1331 829 1367 γράμματα
850 1332 920 1367 πρός
937 1341 966 1359 τε

177 1376 224 1403 τὸν
239 1376 368 1413 ἀρχιερέα
379 1376 446 1403 Θεοῦ
460 1376 633 1411 Ἀλέξανδρον
651 1377 699 1404 καὶ
713 1377 781 1414 πρὸς
797 1378 906 1412 ’Δρειον
921 1377 967 1405 τὸν

178 1422 229 1457 τῆς
250 1422 375 1454 ἀσεὸείας
398 1422 636 1458 διαγεγραμμένον
650 1424 673 1440 ³²
694 1424 854 1459 γεννήτορα,
874 1420 913 1450 ὦν
934 1423 968 1451 τὰ

181 1469 231 1504 μὲν
237 1468 296 1504 ᾔτει
308 1469 404 1504 φιλανθ
408 1469 582 1505 ρωπευθῆναι
593 1470 662 1506 πρὸς
674 1470 795 1505 Ἀρειον,
804 1470 837 1497 τὰ
847 1470 874 1497 δὲ
883 1478 968 1505 προσ-

179 1515 289 1542 έταττεν
310 1515 461 1550 ἀποστῆναί
479 1524 510 1542 τε
526 1516 575 1550 τῆς
601 1516 704 1551 λύσσης
721 1516 769 1543 καὶ
787 1516 818 1542 τὸ
840 1516 968 1552 φρόνημα

178 1563 228 1596 τῆς
247 1562 412 1597 Ἐκκλησίας
423 1561 594 1593 ἀνθελέσθαι,
605 1561 723 1598 παρῄνει
736 1562 765 1588 δὲ
780 1562 827 1589 καὶ
839 1562 890 1595 τῆς
900 1561 968 1596 πρὸς

178 1608 310 1644 ἀλλήλους
321 1608 411 1644 ἔριδος
425 1609 472 1636 καὶ
480 1608 635 1643 ἀντιλογίας
644 1609 806 1644 ἀναχωρεῖν,
815 1608 854 1641 ὡς
864 1607 970 1636 πολλῶν

179 1655 272 1682 κακῶν
286 1654 378 1686 αἰτίας
392 1655 494 1690 ταύτης
510 1655 538 1681 ὲν
554 1655 662 1687 πολλοῖς
676 1655 832 1690 γινομένης.
853 1655 929 1681 Ἐπεὶ
941 1655 970 1682 δὲ

179 1700 209 1726 τὺ
237 1700 285 1727 τοῦ
318 1701 424 1736 ’Δρείου
446 1702 554 1736 νόσημα
577 1701 638 1728 οὔτε
668 1703 701 1737 τῇ
728 1701 775 1728 τοῦ
805 1701 969 1737 περιϐοήτου

185 1747 276 1774 Ὀσίου
291 1748 428 1783 παρουσίᾳ
444 1748 491 1775 καὶ
513 1748 685 1784 διδασκαλίᾳ,
703 1747 766 1774 οὔτε
781 1749 815 1783 τῇ
829 1747 877 1774 τοῦ
892 1747 971 1782 βασι-

179 1793 246 1825 λέως
261 1794 390 1830 νουθεσίᾳ
406 1794 589 1830 ,προσεδέχετο
613 1794 663 1830 τὴν
685 1794 846 1829 θεραπείαν,
862 1793 971 1820 σύνοδον

179 1840 332 1877 ἀρχιερέων
347 1841 377 1867 ὲν
397 1841 430 1875 τῇ
447 1839 519 1867 κατὰ
543 1840 672 1867 Βιθυνίαν
695 1840 798 1875 Νικαίᾳ
814 1841 829 1867 ὁ
844 1840 972 1875 βασιλεὺς

180 1889 345 1921 συγκροτεῖ·
358 1884 391 1922 ἦς
401 1887 455 1914 τῶν
470 1887 629 1914 ἐπισκόπων
649 1886 878 1929 συνεδριανζόντων
890 1886 971 1918 αὐτὸς

179 1935 220 1966 εἰς
232 1934 263 1960 τὸ
279 1934 361 1968 μέσον
378 1934 444 1965 στὰς
457 1934 508 1960 οὐκ
522 1933 611 1965 ἄλλως
632 1933 761 1968 ἠνέσχετο
776 1933 941 1968 καθεσθῆναι
953 1932 970 1967 ἢ

179 1980 227 2007 τοῦ
247 1979 322 2015 ἱεροῦ
338 1979 419 2015 χοροῦ
444 1979 638 2010 ἐπινεύσαντος
663 1979 746 2013 αὐτῷ.
764 1979 822 2005 Καὶ
846 1980 896 2013 τῆς
921 1978 972 2013 μὲν

179 2026 288 2062 Ἀρείου
298 2026 431 2061 αἱρέσεως
443 2025 572 2057 Εὐσέόιός
582 2034 611 2052 τε
625 2026 639 2052 ό
650 2024 834 2060 Νικομηδείας
849 2025 897 2051 καὶ
906 2025 972 2050 Θεο-

179 2073 270 2106 γόνιος
284 2073 298 2099 6
312 2072 432 2104 Νικαίας
450 2072 499 2099 καὶ
511 2071 610 2108 Μάρης
624 2071 654 2096 ⁸¹ι
663 2070 852 2107 ὑπερήσπιζον
863 2071 878 2097 ὁ
897 2070 972 2097 Καλ-

178 2120 303 2155 χηδόνος,
317 2121 366 2156 τῆς
381 2119 404 2147 δ’
421 2119 561 2151 εὐσεϐείας
578 2118 752 2154 Ἀλέξανδρος
761 2120 776 2145 ὁ
789 2119 811 2134 ³ι
825 2119 971 2145 Κωνσταν-

179 2167 363 2198 τινουπόλεως
375 2167 572 2203 πρεσϐύτερος,
583 2166 673 2193 καὶτὸ
687 2165 835 2201 πρόσωπον
848 2164 895 2191 τοῦ
908 2164 974 2191 ταύ-

179 2223 230 2250 της
245 2214 397 2250 ἀρχιερέως
416 2213 522 2249 ἐπέχων
534 2212 730 2248 (Μητροφάνης
740 2212 795 2246 γὰρ
810 2213 824 2238 ὀ
842 2213 916 2243 ὅσιος
928 2211 974 2238 διά

1018 969 1088 997 quos
1099 963 1246 990 concilium
1260 967 1370 990 centum
1382 970 1466 998 prope
1475 963 1584 990 Patrum
1601 964 1806 998 episcoporum,

1018 1008 1064 1042 qui
1082 1015 1115 1035 ex
1130 1007 1247 1044 Egypto
1262 1013 1289 1036 et
1303 1008 1396 1036 Africa
1424 1013 1620 1041 convenerant,
1639 1009 1807 1037 anathemati

1018 1054 1168 1089 subjiciens
1193 1055 1343 1082 damnavit.
1368 1055 1472 1088 Quibus
1487 1056 1688 1085 Constantinus
1704 1057 1807 1085 auditis

1018 1101 1113 1136 inique
1127 1101 1229 1135 ferens,
1247 1102 1331 1130 mittit
1345 1102 1539 1130 Alexandriam
1554 1102 1680 1137 Hosium,
1697 1104 1810 1132 nomine

1018 1152 1046 1175 et
1071 1155 1101 1175 re
1127 1153 1265 1181 sanctum,
1292 1156 1373 1183 quem
1398 1148 1536 1183 Hispaniae
1560 1149 1659 1178 civitas
1679 1149 1808 1178 Corduba

1019 1194 1177 1229 episcopum
1192 1194 1319 1222 habebat.
1332 1194 1428 1222 Tradit
1440 1199 1529 1222 autem
1542 1195 1567 1222 ei
1578 1195 1709 1230 epistolas
1721 1195 1754 1223 ad
1768 1203 1810 1223 ar-

1019 1237 1226 1272 chiepiscopum
1251 1237 1457 1271 Alexandrum,
1489 1243 1516 1266 et
1546 1239 1641 1267 Arium
1672 1240 1809 1269 haereseos

1019 1282 1140 1316 fontem,
1160 1291 1279 1318 quarum
1306 1284 1392 1312 altera
1414 1292 1477 1312 cum
1492 1285 1559 1313 Ario
1588 1285 1746 1313 humaniter
1766 1287 1809 1321 agi

1019 1329 1145 1364 petebat;
1157 1329 1239 1357 altera
1255 1337 1320 1357 vero
1338 1335 1379 1364 ut,
1396 1331 1472 1359 rabie
1486 1331 1621 1367 deposita,
1635 1339 1698 1360 cum
1713 1331 1809 1360 Eccle-

1020 1374 1059 1402 sia
1073 1375 1236 1402 consentiat.
1252 1374 1383 1402 Hortatur
1409 1381 1497 1403 antem
1524 1381 1554 1404 ut
1580 1376 1758 1404 contentione
1781 1381 1810 1406 et

1020 1422 1215 1449 controversiis
1229 1429 1292 1448 cum
1308 1421 1369 1449 aliis
1384 1422 1538 1455 abstineat,
1556 1422 1692 1457 siquidem
1715 1422 1810 1450 multis

1019 1467 1169 1494 multorum
1180 1466 1316 1495 malorum
1330 1466 1430 1503 571a
1440 1476 1534 1495 ‘causa
1552 1468 1614 1496 fuit.
1628 1469 1697 1496 Cum
1716 1475 1809 1496 autem

1020 1514 1102 1542 Arius
1121 1514 1284 1547 hereticus,
1312 1522 1364 1542 nec
1388 1516 1533 1549 praesentia
1550 1515 1617 1542 clari
1631 1515 1706 1543 illius
1720 1515 1809 1548 Hosii,

1023 1567 1074 1588 nec
1089 1559 1228 1592 doctrina.
1239 1567 1329 1595 neque
1342 1560 1515 1595 imperatoris
1532 1561 1718 1589 admonitione
1731 1569 1810 1589 erro-

1022 1614 1079 1634 rem
1098 1614 1178 1634 suum
1195 1606 1345 1638 desereret,
1362 1607 1509 1635 concilium
1518 1607 1707 1642 episcoporum
1714 1606 1812 1635 Nicaeae

1021 1653 1050 1681 in
1072 1652 1200 1688 Bithynia
1224 1653 1373 1688 imperator
1392 1658 1535 1681 convocat.
1552 1653 1581 1680 ln
1603 1660 1658 1688 quo
1674 1653 1811 1688 episcopis

1021 1699 1247 1732 consedentibus,
1265 1699 1323 1734 ipse
1339 1699 1367 1726 in
1386 1699 1477 1727 medio
1491 1703 1584 1731 stans,
1600 1706 1653 1726 non
1674 1699 1727 1727 alia
1742 1706 1812 1727 con-

1022 1744 1128 1772 ditione
1144 1745 1242 1772 sedere
1254 1744 1351 1776 voluit,
1372 1751 1454 1779 quam
1468 1744 1491 1772 si
1508 1744 1547 1771 illi
1564 1748 1637 1771 totus
1651 1747 1742 1771 cretus
1761 1752 1812 1770 an-

1023 1795 1130 1818 nueret.
1147 1789 1308 1818 llaereticam
1320 1790 1489 1825 impietatem
1504 1790 1562 1818 Arii
1577 1789 1712 1818 Eusebius
1729 1789 1814 1817 Nico-

1023 1836 1137 1869 mediae,
1160 1836 1335 1870 Theogonius
1354 1835 1462 1869 Nicaeae,
1480 1836 1568 1864 Mares
1580 1836 1814 1864 Chalcedonensis

1022 1883 1170 1918 episcopus
1184 1882 1366 1911 defenderunt
1385 1891 1392 1910 :
1410 1883 1538 1918 pietatem
1565 1882 1720 1911 Alexander
1741 1882 1814 1910 Con-

1023 1930 1284 1965 stantinopolitanus
1314 1929 1469 1965 presbyter,
1491 1929 1579 1956 vicem
1613 1928 1814 1963 archiepiscopi

1024 1982 1122 2005 tenens
1147 1976 1278 2013 (sanctus
1300 1976 1374 2004 enim
1390 1975 1580 2010 Metrophanes
1592 1995 1601 2008 ,
1620 1979 1732 2010 propter
1745 1974 1815 2002 alle-

1023 2028 1095 2052 ctam
1106 2027 1212 2051 aetatem
1229 2022 1352 2052 senilem.
1369 2022 1549 2056 morbumque
1564 2029 1618 2048 non
1633 2020 1814 2056 adluit),cutn

1023 2069 1124 2105 quibus
1138 2069 1307 2096 Athanasius
1320 2067 1491 2095 Alexandriae
1502 2067 1631 2095 Ecclesize
1641 2066 1813 2094 archidiaco-

1024 2124 1097 2148 nus,
1121 2119 1149 2142 et
1176 2115 1258 2148 huius
1288 2114 1366 2142 urbis
1396 2113 1620 2148 archiepiscopus
1645 2112 1810 2140 Alexander.

1027 2162 1150 2189 Aderant
1167 2169 1280 2196 quoque
1296 2161 1322 2188 in
1337 2160 1455 2188 concilio
1471 2165 1498 2187 et
1518 2159 1602 2194 aliqui
1625 2159 1711 2186 sacris
1741 2167 1813 2186 non-

1025 2207 1104 2239 dum.
1125 2215 1158 2236 ac
1176 2215 1212 2235 ne
1231 2207 1396 2242 baptismate
1410 2206 1521 2241 quidem
1545 2205 1666 2233 initiati:
1681 2205 1815 2232 nimirum

180 2271 210 2289 τε
225 2261 294 2297 βαθὺ
309 2261 397 2296 γῆρας
415 2261 462 2288 καὶ
484 2261 562 2287 νόσον
577 2260 607 2286 οὐ
623 2259 739 2295 παρῆν)·
759 2258 819 2294 μεθ’
840 2255 878 2286 ὧν
892 2258 967 2285 Ἀθα-

1026 2255 1180 2283 disserendi
1194 2258 1254 2282 arte
1276 2254 1412 2286 celebres,
1443 2260 1513 2288 quos
1537 2259 1616 2280 senes
1631 2251 1742 2287 quidam
1759 2259 1816 2279 non

180 2309 272 2340 νάσιός
289 2317 320 2336 τε
334 2309 349 2335 ὁ
363 2308 413 2344 τῆς
427 2309 457 2335 ὲν
471 2307 660 2343 ’Δλεξανδρείᾳ
674 2305 836 2340 Ἐκκλησίας
851 2304 914 2341 [767
930 2304 964 2331 H.

1028 2301 1134 2337 ingenti
1150 2306 1293 2336 apparatu,
1312 2300 1478 2334 minimeque
1490 2299 1581 2326 l‘ucato
1593 2298 1640 2326 Dei
1659 2298 1752 2331 verbo,
1768 2298 1816 2326 sed

179 2355 380 2391 ἀρχιδιάκονος,
391 2343 395 2344 7
406 2355 454 2382 καί
475 2356 490 2381 ὸ
502 2353 604 2389 ταύτης
629 2353 774 2389 ἀρχιερεὺς
789 2351 965 2386 Ἀλέξανδρος

1029 2347 1155 2375 inhiante
1168 2343 1258 2374 divina
1276 2346 1363 2381 gratia
1380 2366 1388 2378 ,
1413 2344 1447 2372 ab
1472 2351 1568 2371 errore
1595 2351 1627 2371 ac
1645 2343 1815 2380 gentilismo,

181 2389 314 2436 Παρῆσαν
324 2401 353 2428 δὲ
370 2403 404 2436 τῇ
422 2400 525 2436 συνόδῳ
541 2400 588 2427 καί
605 2407 677 2431 τινες
701 2398 841 2434 ἱερατικὴν
863 2399 911 2433 μὲν
927 2397 967 2432 χά-

1028 2393 1141 2428 Ariique
1155 2392 1265 2425 haeresi,
1284 2399 1333 2426 pro
1346 2399 1399 2426 qua
1411 2396 1468 2418 tum
1483 2390 1602 2418 maxime
1612 2390 1651 2418 illi
1672 2389 1814 2425 depugna-

182 2456 227 2482 ριν
239 2447 291 2473 οὐκ
304 2446 424 2481 ἔχοντες,
437 2445 494 2472 ἀλλ’
509 2445 569 2472 οὐδὲ
578 2444 613 2471 τὰ
630 2444 802 2480 Χριστιανῶν
815 2442 967 2477 τετελεσμέ·

1029 2440 1106 2472 bant,
1120 2438 1154 2467 ad
1174 2439 1277 2466 Christi
1293 2438 1364 2466 ovile
1379 2437 1570 2464 traduxerunt.

179 2481 235 2527 vet.
250 2495 298 2521 ἐπὶ
311 2495 334 2510 ³³
347 2494 376 2521 δὲ
387 2494 545 2530 διαλεκτικῇ
566 2493 680 2527 δυνάμει
715 2492 787 2527 μέγα
817 2491 904 2526 ὄνομα
935 2490 1065 2526 φέροντες
1077 2497 1084 2505 ⁸
1102 2488 1150 2520 οὓς
1167 2488 1196 2514 ὲν
1211 2486 1252 2522 τῷ
1268 2485 1401 2519 ἀπλάστῳ
1418 2485 1465 2512 καὶ
1489 2483 1672 2518 ὰκατασκεύῳ
1692 2481 1744 2518 τῆς
1758 2481 1817 2530 τοῦ

179 2541 251 2569 Θεοῦ
267 2542 364 2576 σοφίας
387 2541 460 2577 λόγῳ
482 2529 554 2572 τινὲς
585 2540 640 2567 τῶν
669 2540 806 2575 γερόντων
820 2539 869 2566 καὶ
887 2538 920 2574 τῇ
935 2536 1078 2572 ὲνοικούσῃ
1106 2535 1167 2571 θείᾳ
1192 2535 1284 2569 χάριτι
1319 2531 1480 2567 ἐζώγρησάν
1500 2540 1541 2562 τε,
1559 2531 1607 2558 καὶ
1641 2530 1691 2566 τῆς
1713 2529 1818 2564 πλάνης

180 2591 401 2626 ἐκκαθάραντες,
423 2591 475 2625 τῆς
497 2599 527 2617 τε
547 2589 707 2626 Ἑλληνικῆς
725 2589 775 2616 καὶ
811 2589 863 2624 τῆς
889 2588 1007 2624 Ἀρείου,
1028 2584 1062 2622 ἧς
1077 2584 1314 2621 ὑπερηγωνίζοντο
1327 2582 1349 2598 ³⁸
1365 2582 1493 2618 μάλιστα,
1505 2581 1555 2616 τῆς
1564 2579 1683 2616 Χριστοῦ
1698 2579 1816 2614 ποίμνης

178 2638 309 2674 γενέσθαι
322 2639 542 2674 παρεσκεύασαν.
1647 2672 1665 2676 _
1703 2671 1711 2676 .
1765 2670 1780 2676 ,.

224 2687 271 2712 Ἐν
285 2687 321 2720 ,τῇ
341 2671 444 2720 συνόδῳ
458 2685 487 2712 δὲ
517 2685 607 2720 παρῆν
627 2693 674 2712 και
695 2683 865 2718 Παφνούτιος
879 2683 893 2708 ὁ
911 2681 967 2708 Θαυ-

1068 2679 1097 2706 ln
1124 2679 1176 2705 hoc
1197 2677 1314 2705 com-ilio
1341 2676 1434 2704 aderat
1459 2680 1486 2702 et
1512 2678 1623 2702 sanctus
1647 2671 1818 2706 Paphnutius

181 2735 294 2769 μάσιος,
305 2718 455 2766 λίγύπτιος
473 2733 523 2766 μὲν
536 2718 567 2757 τδ
581 2718 670 2766 γένος,
687 2729 856 2766 ὁμολογητὴς
872 2728 901 2754 δὲ
913 2727 967 2754 τοὺς

1031 2724 1220 2757 admirandus,
1236 2724 1346 2750 natione
1359 2722 1521 2758 Egyptius;
1544 2718 1739 2748 certaminibus
1752 2723 1817 2744 vero

811 2805 931 2834 VAlll.-£
963 2803 1166 2832 LECTIONES.

220 2868 525 2905 ιιέποφθαλμήσαελ.
577 2859 1243 2905 ’³καιελᾎρςεξεεδἀξ-λιςςς..’ξιιτρίαελ-
1282 2859 1306 2905 :1
1324 2855 1694 2905 Ἷσῖῑαέἷωέἒέἓίτὲζῗυῖς·
1733 2855 1814 2890 ³²τε·

178 2891 545 2943 γραμμξῧίξίί-Ἥῖιᾶρις
559 2901 588 2929 Β,
619 2891 648 2916 7"“
661 2891 833 2934 Ἀλέξανδρός
843 2906 872 2923 τε
886 2899 900 2923 ὁ
916 2891 948 2924 At
968 2891 975 2893 ⁷
987 2897 1008 2912 ³⁸
1021 2896 1067 2922 ἐπί
1080 2891 1101 2922 Α
1121 2891 1203 2922 ε’ὲπεί
1216 2903 1247 2926 ς.
1286 2894 1307 2909 ³ί
1324 2893 1389 2928 περὶ
1401 2891 1434 2928 ἦς
1456 2891 1620 2926 ἠγωνίζοντο
1637 2898 1668 2922 ς.
