1945 3073
146 171 193 208 111

716 165 849 197 ΡΗΟΤΙΙ
864 161 1116 195 ΡΑἸῊῙᾹΒΟΗᾹΞ
1128 162 1182 193 CP.

1720 160 1773 195 112

146 227 288 257 confessor
304 226 359 262 (cui
380 224 563 253 Maximianus
575 223 676 252 Christi
700 224 789 252 hostis
810 223 934 250 dextrum

988 219 1096 251 ἄθλους.
1114 216 1145 246 οὗ
1159 219 1207 246 καὶ
1221 218 1395 254 Μαξιμιανὸς
1410 220 1425 247 ὁ
1440 220 1613 256 μισόχριστος
1626 220 1673 248 τόν
1685 229 1715 247 τε
1728 221 1772 248 δε·

145 275 255 306 oculum
261 272 494 306 eruit,etsinistrae
502 271 656 298 cubitorum
667 277 765 298 nervos
775 269 934 304 praecidit,et

144 320 177 347 ad
190 319 298 346 oculum
309 317 409 345 metalli
419 315 933 350 fodinasdamnavit),homomultorum

145 364 391 400 supernaturulium
407 371 520 400 operum
549 367 576 390 ct
591 362 783 389 miraculorum
800 364 933 396 patrator:

145 419 225 446 quem
242 411 323 438 etiam
348 410 488 445 piissimus
505 410 653 444 imperator
668 409 743 435 omni
767 408 872 435 honore
889 407 932 434 af-

150 457 224 490 fecit,
244 460 273 484 et
285 456 434 485 osculando
446 456 538 484 eﬂ‘ossi
555 456 643 483 locum
658 454 730 483 oculi
746 454 832 482 dextri
839 453 934 481 satiari

146 511 200 531 non
217 507 334 539 poterat.
382 515 384 518 ι

178 549 249 583 Quin
263 550 345 577 etiam
367 549 531 577 venerabilis
549 547 684 584 Spyridon
701 548 807 580 aderat,
827 547 861 574 de
877 553 933 581 quo

143 596 292 623 cmillibus
308 603 392 623 unum
429 595 531 630 aliquid
557 594 743 622 narrabimus.
773 593 852 622 Pavit
881 594 934 621 ali-

147 643 259 680 quando
273 652 337 672 oves
352 651 426 676 suas,
444 644 552 671 tametsi
578 642 698 678 episcopi
715 642 847 678 dignitate
861 649 932 677 prae-

143 692 217 719 ditus
230 695 312 719 esset.
326 690 458 718 Latrones
479 694 569 717 autem
589 690 751 717 invaserunt
766 689 858 716 ovium
874 696 935 723 gre-

144 742 246 773 gem,et
259 736 498 772 inaspectabilibus
519 741 601 771 atque
624 735 719 773 invisis
733 735 850 762 vinculis
865 734 933 770 liga-

143 784 254 816 bantur,
278 787 306 810 et
331 782 468 818 accipiens
495 781 605 818 ligatos,
635 789 705 816 quos
730 781 776 808 ille
805 780 934 816 precibus

143 829 259 864 ligarat,
287 828 346 864 pari
372 827 506 862 sapientia
534 827 615 855 solvit
641 827 759 854 vinculis
780 835 787 854 :
819 826 931 854 arietem

145 875 255 910 insuper
266 874 340 902 dedit
355 874 382 901 in
407 873 560 901 mercedem
586 877 729 900 nocturnae
752 880 880 900 aerumna:
899 880 933 900 ac

144 923 293 949 cruciatus.
308 920 444 956 Virginem
468 924 558 947 autem
574 919 657 946 ﬁliam
686 918 782 946 habuit
796 918 882 951 domi,
906 922 933 947 el.

145 969 202 1003 ipsa
227 974 240 994 a
256 966 375 1002 quodam
407 966 467 994 auri
496 965 648 1001 depositum
679 973 740 993 cum
760 965 933 1000 accepisset,

145 1019 251 1041 mortua
265 1018 316 1040 est.
347 1013 400 1046 Qui
417 1013 582 1048 deposuerat
603 1011 728 1047 (peregre
745 1011 844 1039 etenim
869 1018 935 1046 pro-

144 1059 233 1087 fectus
249 1058 349 1092 fuerat)
376 1065 503 1086 reversus
514 1065 612 1085 aurum
626 1057 735 1092 repetiit
751 1062 779 1085 et
797 1057 934 1092 quaesivit.

145 1104 275 1137 Quaesivit
285 1104 366 1132 etiam
377 1103 452 1131 domi
463 1103 638 1139 Spyridon,ct
651 1111 704 1130 non
714 1102 812 1139 47111
824 1103 935 1131 invene-

145 1155 217 1178 runt.
235 1150 325 1183 Quare
336 1151 452 1178 accessit
464 1150 497 1177 ad
523 1149 679 1184 sepulcrum
692 1149 807 1184 virginis
820 1149 893 1180 ﬁliae,
909 1153 936 1176 et

144 1196 196 1224 ait:
209 1195 362 1224 Filialrene
372 1195 421 1232 (ita
435 1195 508 1223 enim
521 1195 691 1228 vocabatur),
703 1195 748 1222 ubi
762 1194 936 1229 depositum?

145 1242 193 1270 llla
212 1241 356 1277 respondit
384 1249 400 1269 e
423 1241 562 1276 sepulcro,
584 1245 611 1268 et
639 1240 730 1268 locum
757 1240 934 1275 signiﬁcavit,

145 1294 172 1317 et
195 1288 350 1317 inveniendi
373 1288 495 1321 modum,
522 1292 549 1315 et
575 1286 655 1315 facile
676 1286 819 1315 inveniens
848 1286 935 1322 depo-

145 1336 227 1363 situm
244 1334 369 1362 reddidit.
383 1333 436 1362 Sed
452 1334 496 1362 his
511 1337 641 1368 tanquam
654 1341 687 1361 ex
708 1341 800 1368 ungue
827 1333 934 1361 leonem

145 1380 327 1409 Ostendimus.

182 1470 215 1497 lli
228 1470 311 1506 igitur
326 1473 509 1497 trecentorum
523 1472 549 1496 et
561 1468 608 1503 qui
618 1472 769 1495 excurrunt
784 1471 936 1494 conventus

146 1515 329 1545 condemnant
357 1514 508 1550 impietatis
542 1513 638 1540 Arium
662 1512 776 1547 ejusque
803 1511 935 1545 asseclas,

986 266 1043 298 ξιὸν
1058 266 1193 302 ἐξώρυξεν
1210 266 1349 302 ὀφθαλμὸν
1368 267 1415 294 καὶ
1430 267 1478 303 τὴν
1493 267 1572 294 λαιὰν
1587 267 1773 303 ὲνευροκόπη-

986 320 1032 338 σεν
1057 312 1180 347 ἀγκύλην
1206 313 1254 340 καὶ
1279 312 1449 348 μεταλλείαις
1480 313 1677 348 ὲκακούχησεν,
1703 313 1774 349 ἀνὴρ

985 359 1135 395 ὑπερφυῶν
1148 360 1237 396 ἔργων
1251 360 1358 388 πολλῶν
1372 361 1420 388 καὶ
1433 360 1574 396 δυνάμεων
1587 361 1753 396 δημιουργός
1762 369 1771 377 ⁸

984 402 1014 429 ὃν
1029 403 1076 429 καὶ
1087 404 1102 430 ὁ
1113 403 1310 437 φιλοθεώτατος
1325 404 1451 439 βασιλεὺς
1463 405 1508 432 διὰ
1520 405 1609 441 πάσης
1624 414 1654 432 τε
1667 403 1719 441 ἥγε
1730 415 1773 433 τι-

986 447 1052 483 μῆς,
1068 448 1116 475 καὶ
1130 450 1211 484 κόρον
1223 449 1274 477 οὐκ
1289 449 1427 485 ἐλάμϐανε
1441 450 1598 485 καταφιλῶν
1616 451 1662 478 τὸν
1674 451 1773 487 διωρυ-

984 493 1085 530 γμένον
1097 495 1181 522 αὑτοῦ
1196 495 1347 531 ὀφθαλμόν.

1027 541 1107 569 Ἀλλὰ
1129 542 1177 569 καὶ
1197 542 1341 579 Σπυρίδων
1361 543 1376 570 δ
1395 544 1543 580 σεϐάσμιος
1555 545 1690 580 παρῆνξ⁷⁹
1708 544 1774 581 περὶ

982 584 1014 615 οῦ
1032 587 1138 623 βραχέα
1149 589 1210 616 τινὰ
1222 590 1255 616 ὲκ
1270 589 1374 626 μυρίων
1390 591 1404 617 ό
1415 591 1495 626 λόγος
1511 592 1579 627 ἐρεῖ.
1599 592 1774 626 Ἑποίμαινεν

984 635 1067 667 αὑτός
1085 643 1151 662 ποτε
1170 635 1204 662 τὰ
1225 636 1349 671 πρόϐατα
1362 637 1459 670 αὑτοῦ,
1477 638 1525 665 καὶ
1544 638 1574 665 ὲν
1590 638 1629 674 τῷ
1644 640 1694 674 τῆς
1713 639 1774 665 ἑπι-

985 680 1089 715 σκοπῆς
1102 681 1187 708 τελῶν
1202 681 1338 718 ἀξιώματι
1348 691 1355 699 ·
1365 682 1447 720 [1412
1458 683 1608 720 3.]λῃσταὶ
1621 685 1643 711 δ’
1653 684 1774 721 ἐπῄεσαν

983 728 1016 763 τῇ
1034 727 1147 764 ποίμνῃ.
1171 728 1219 754 καὶ
1234 728 1343 764 δεσμοῖς
1364 729 1492 763 ἀοράτοις
1514 730 1695 766 ἐπεπέδηντο.
1718 731 1774 758 Καὶ

983 772 1148 800 καταλαϐὼν
1164 773 1323 808 δεδεμένους
1338 774 1387 807 οὒς
1410 776 1490 808 αὐτὸς
1513 777 1607 811 εὐχαῖς
1626 777 1772 813 ὲδέσμησε,

982 816 1042 844 λύει
1060 818 1110 853 μὲν
1120 818 1176 846 τῶν
1191 819 1299 854 δεσμῶν
1314 820 1396 855 σοφίᾳ
1409 822 1441 856 τῇ
1458 821 1514 857 ίσῃ,
1526 821 1664 848 ἐπιδίδωσι
1679 822 1708 848 δὲ
1725 822 1774 849 καὶ

984 863 1071 899 κριὸν,
1088 864 1184 900 μισθὸν
1195 866 1285 898 αὐτοῖς
1296 866 1426 901 ἐσόμενον
1444 866 1531 894 εἰπὼν
1544 867 1595 902 τῆς
1612 868 1774 903 νυκτερινῆς

984 910 1183 946 ταλαιπωρίας.
1208 912 1347 947 Παρθένον
1362 913 1391 940 δὲ
1407 913 1546 949 θυγατέρα
1562 913 1686 940 σύνοικον
1704 912 1772 950 εἶχε,

985 957 1032 984 καὶ
1057 956 1129 993 αὕτη
1147 957 1220 990 τινὸς
1242 959 1408 995 παραθήκην
1427 959 1450 976 ³⁵
1480 959 1600 986 λαϐοῦσα
1622 960 1774 995 μετήλλαξε

984 1003 1031 1030 τὸν
1056 1003 1130 1039 βίον·
1154 1003 1203 1031 καὶ
1225 1005 1239 1032 ὀ
1254 1004 1448 1040 παραθέμενος
1466 1006 1496 1033 τὸ
1515 1006 1628 1041 χρυσίον
1649 1006 1776 1042 (ἔσταλτο

985 1051 1041 1087 γὰρ
1062 1051 1103 1083 είς
1126 1051 1294 1087 ἀποδημίαν)
1319 1052 1474 1079 ἐπανελθὼν
1494 1054 1584 1089 ἐζήτει
1601 1053 1632 1080 τὸ
1650 1054 1773 1089 χρυσίον.

984 1096 1174 1132 Συνεξηρεύνα
1182 1095 1230 1124 οὖν
1241 1098 1287 1124 καὶ
1300 1099 1314 1125 ό
1328 1098 1479 1134 Σπυρίδων.
1497 1099 1545 1126 καὶ
1557 1099 1607 1135 οὐχ
1619 1099 1774 1134 εὑρίσκετο.

985 1143 1030 1169 Διὸ
1044 1143 1187 1178 ἐφίσταται
1201 1144 1242 1180 τῷ
1252 1145 1301 1180 τῆς
1312 1145 1447 1181 θυγατρὸς
1461 1146 1540 1182 τάφῳ
1553 1146 1614 1180 καὶ,
1624 1143 1658 1173 Ὤ
1667 1146 1777 1173 τέκνον

986 1189 1185 1226 Εἰρήνη,φησὶ
1199 1191 1289 1223 (τοῦτο
1301 1192 1356 1228 γὰρ
1371 1192 1458 1228 ὄνομα
1472 1193 1505 1228 τῇ
1521 1193 1670 1228 παρθένῳ),
1686 1193 1744 1220 ποῦ
1754 1193 1775 1228 ὴ

986 1236 1144 1271 παραθήκη
1154 1245 1164 1269 ;
1178 1237 1196 1272 ὴ
1208 1237 1236 1263 δὲ
1249 1238 1427 1273 ἀποκρίνεται
1444 1237 1492 1265 τοῦ
1507 1239 1606 1272 τάφου,
1618 1239 1666 1266 καὶ
1680 1237 1710 1265 τὺ
1723 1247 1777 1274 χω-

987 1282 1046 1316 ρίον
1059 1282 1278 1310 ἀναδιδάσκουσα
1299 1283 1347 1310 καὶ
1366 1284 1416 1319 τῆς
1439 1284 1577 1320 εὑρέσεως
1595 1284 1640 1311 τὸν
1659 1285 1775 1320 τρόπον·

986 1328 1035 1355 καὶ
1058 1328 1182 1364 ἀνευρὼν
1203 1330 1303 1365 ῥᾳδίως
1321 1329 1371 1366 τὴν
1389 1331 1555 1366 παραθήκην
1574 1330 1776 1366 ἀποκαθίστησι

986 1374 1025 1410 τῷ
1042 1375 1237 1411 παραθεμένῳ.
1261 1376 1341 1402 Ἀλλὰ
1364 1376 1471 1409 τούτοις
1499 1377 1549 1412 μὲν
1565 1377 1604 1409 ὡς
1624 1376 1654 1410 ἐξ
1671 1376 1776 1413 ὀνύχων

986 1420 1120 1456 δηλοῦμεν
1137 1421 1184 1448 τὸν
1198 1421 1304 1449 λέοντα.

1023 1465 1103 1494 Οὗτοι
1118 1467 1164 1493 οὖν
1179 1468 1204 1494 οἱ
1220 1468 1372 1504 τριακόσιοι
1382 1468 1429 1495 καὶ
1441 1469 1472 1495 τὺ
1490 1468 1556 1496 ἄλλο
1570 1468 1625 1496 τῶν
1642 1468 1690 1496 τοῦ
1707 1468 1776 1496 Θεοῦ

986 1514 1136 1550 ἀρχιερέων
1151 1515 1294 1550 σύνταγμα
1307 1515 1536 1548 καταδικάζουσιν
1550 1516 1619 1551 αὐτῇ
1631 1515 1777 1552 δυσσεϐείᾳ

145 1567 172 1590 et
187 1561 286 1589 Filium
305 1560 377 1588 Patri
397 1559 550 1595 ὸμοούσιον,
578 1558 839 1587 consubstantialem
856 1566 933 1586 asse-

988 1562 1031 1588 τόν
1045 1570 1075 1588 τε
1098 1562 1209 1597 Ἀρειον
1222 1563 1268 1589 καὶ
1284 1563 1346 1595 τοὺς
1363 1562 1411 1589 σὺν
1423 1562 1506 1598 αὐτῷ,
1521 1563 1567 1589 καὶ
1579 1562 1721 1598 δμοούσιον
1735 1563 1776 1599 τῷ

145 1611 283 1640 ruerunt,
321 1607 478 1634 unanimem
513 1605 723 1641 pronuntiantes
762 1605 934 1634 sententiam.

146 1653 344 1689 Septemdecim
361 1658 475 1680 numero
493 1651 551 1679 Arii
568 1651 711 1679 sententiae
730 1651 863 1679 accedere
885 1650 937 1678 visi

147 1704 221 1732 sunt,
244 1699 292 1727 sed
319 1698 390 1726 facto
415 1697 504 1726 exsilii
530 1697 666 1732 imperiali
692 1697 804 1724 decreto
835 1704 884 1725 sex
908 1697 936 1724 in

145 1747 284 1781 impietate
313 1748 420 1772 tantum
451 1743 636 1779 perdurarunt
651 1752 657 1770 :
673 1743 734 1771 aliis
758 1750 888 1771 revocare
907 1750 937 1771 se

147 1798 270 1819 errorem
290 1789 491 1822 simulantibus,
513 1791 540 1816 et
564 1796 637 1817 sane
656 1789 797 1822 doctrinae,
828 1788 936 1817 tametsi

147 1844 201 1864 non
226 1836 344 1869 sincere,
359 1835 406 1863 sed
422 1835 486 1863 ﬁcte
498 1842 530 1862 ac
544 1835 665 1869 subdole,
681 1834 914 1863 consentientibus
927 1843 935 1862 :

145 1890 264 1918 quorum
277 1882 404 1918 princeps
424 1881 568 1909 Eusebius.
590 1880 659 1909 Hinc
686 1888 783 1909 omnes
809 1881 937 1909 Ecclesia:

147 1936 164 1956 a
176 1927 270 1956 multis
284 1927 446 1955 tumultibus
459 1932 487 1954 et
504 1926 670 1955 [actionibus
683 1926 805 1954 liberatae
817 1927 937 1962 respira-

145 1978 220 2008 runt,
234 1977 263 2001 et
278 1972 378 2006 Hosius
402 1973 512 2009 quidem
537 1972 672 2001 Corduba:
698 1973 843 2008 episcopus
873 1980 936 2000 cum

146 2020 243 2052 sociis,
265 2027 328 2056 qua
345 2020 373 2047 in
397 2019 513 2048 concilio
531 2024 605 2054 gesta
620 2024 697 2047 erant
727 2018 831 2052 ferens,
856 2017 936 2047 Occi—

150 2067 307 2095 dentalibus
333 2074 427 2102 pacem
451 2074 485 2094 ac
504 2066 622 2102 quietem
644 2065 755 2099 attulit;
770 2065 937 2093 Athanasius

146 2114 205 2141 zelo
222 2114 321 2141 ardens
345 2113 482 2149 Egyptiis
506 2117 534 2140 et
560 2112 653 2141 Afris:
676 2112 832 2140 Alexander
857 2119 934 2144 vero,

148 2168 307 2196 quanquam
323 2167 404 2188 senex
427 2159 663 2195 (septuagenarius
676 2158 749 2186 enim
762 2159 833 2194 erat)
849 2158 937 2186 Thra-

146 2206 225 2233 cibus
258 2205 342 2234 simul
372 2210 400 2233 et
429 2205 541 2241 Illyricis
575 2204 778 2233 communionis
806 2205 936 2239 pacisque

987 1608 1075 1643 Πατρὶ
1094 1608 1141 1635 τὸν
1159 1609 1223 1635 Υἰὺν
1237 1608 1420 1644 ἀνεκήρυξαν,
1435 1609 1595 1644 ὁμοφώνους
1605 1609 1656 1641 τὰς
1668 1609 1777 1645 ψήφους

987 1654 1106 1689 θέμενοι.
1122 1655 1200 1686 Τινὲς
1213 1655 1246 1687 δ’,
1261 1656 1301 1687 εἰς
1314 1655 1500 1682 ἑπτακαίδεκα
1513 1655 1559 1682 τὸν
1574 1655 1692 1692 ἀριθμὸν
1707 1665 1777 1692 συμ-

990 1700 1186 1736 πληρούμενοι,
1212 1702 1252 1733 εἰς
1277 1702 1327 1737 τὴν
1355 1700 1460 1738 ’Λρείου
1491 1701 1594 1729 λύσσαν
1620 1701 1777 1729 ἀποκλίνειν

987 1746 1090 1780 ἔδοξαν.
1114 1747 1194 1774 Ἀλλὰ
1206 1747 1309 1774 τούτων
1321 1747 1471 1782 ὑπερορίας
1488 1746 1614 1783 βασιλικῇ
1628 1747 1713 1783 ψήφῳ
1725 1755 1776 1774 κυ-

988 1793 1121 1829 ρωθείσης
1136 1793 1165 1827 ἐξ
1181 1793 1256 1827 μόνοι
1276 1794 1310 1829 τῇ
1328 1793 1474 1830 δυσσεϐείᾳ
1494 1793 1645 1829 διέμειναν,
1659 1793 1713 1820 τῶν
1728 1793 1777 1820 ἄλ-

986 1839 1040 1866 λων
1057 1840 1221 1875 παλινῳδίαν
1241 1839 1440 1875 ἐνδειξαμένων
1452 1840 1501 1867 καὶ
1518 1839 1558 1875 τῷ
1569 1839 1620 1875 τῆς
1636 1839 1778 1871 εὐσεϐείας

987 1886 1151 1921 φρονήματι,
1179 1887 1203 1913 εί
1230 1886 1277 1913 καὶ
1299 1886 1337 1922 μὴ
1361 1886 1391 1919 ἒξ
1412 1886 1598 1922 εἱλικρινείας,
1612 1886 1778 1921 ἀλλ’ὒφάλῳ

986 1931 1084 1968 γνώμῃ
1101 1932 1371 1967 συνδεδραμηκότων,
1393 1927 1431 1959 ὧν
1451 1930 1486 1968 ἦν
1503 1933 1650 1967 κορυφαῖος
1665 1932 1680 1958 ό
1694 1931 1779 1958 Νικο-

988 1977 1102 2013 μηδείας
1114 1977 1256 2009 Εὐσέϐιος.
1281 1976 1422 2004 Ἐντεῦθεν
1439 1978 1467 2003 αἱ
1486 1976 1644 2012 ἁπανταχοῦ
1661 1976 1777 2011 Ἐκκλη-

987 2023 1044 2050 σίαι
1057 2023 1112 2050 τῶν
1125 2023 1231 2050 πολλῶν
1248 2023 1372 2058 θορύϐων
1387 2023 1433 2050 καὶ
1445 2023 1567 2050 στάσεων
1583 2023 1652 2058 πρὸς
1665 2022 1778 2057 είρήνην

986 2069 1165 2096 ἀνέπνευσαν.
1182 2069 1238 2096 Καὶ
1253 2069 1346 2100 Ὀσιος
1361 2068 1411 2103 μὲν
1425 2068 1440 2094 ὁ
1454 2067 1640 2103 Κουδρούϐης,
1650 2067 1708 2102 ἅμα
1721 2067 1777 2094 τῶν

986 2115 1012 2141 οἱ
1024 2115 1225 2150 συνεπομένων,
1246 2114 1296 2146 τὰς
1314 2114 1457 2146 συνοδικὰς
1478 2114 1571 2149 φέρων
1591 2113 1705 2149 πράξεις
1720 2114 1778 2145 τοῖς

988 2160 1126 2195 ἑσπερίοις
1143 2160 1194 2195 τὴν
1213 2160 1325 2195 εἰρήνην
1340 2159 1485 2194 ἐϐράϐευε,
1501 2161 1557 2191 τοῖς
1571 2160 1599 2187 δὲ
1620 2160 1681 2186 κατ’
1694 2159 1778 2194 Αῐγυ-

987 2214 1056 2233 πτον
1071 2206 1118 2233 καὶ
1132 2205 1236 2241 Διϐύην
1257 2206 1273 2232 ὁ
1286 2205 1390 2241 θερμὸς
1408 2205 1580 2238 Ἀθανάσιος.
1604 2205 1778 2241 Ἀλέξανδρος

147 2251 332 2279 Ecclesiarnm
351 2252 486 2285 nnntium,
504 2255 534 2278 ut
559 2251 747 2286 praescriptum
761 2255 831 2283 erat,
862 2250 934 2282 tulit,

989 2254 1016 2280 δὲ
1029 2252 1094 2289 [768
1105 2251 1164 2289 IL],
1177 2253 1267 2280 καίτοι
1282 2253 1352 2288 πρὸς
1365 2252 1453 2288 γῆρας
1466 2252 1586 2279 ἐλαύνων
1600 2251 1777 2286 (ἑϐδομηκον-

146 2298 252 2326 socium
273 2297 379 2326 itineris
399 2298 503 2325 habens
523 2297 711 2325 beatissimum
722 2297 848 2329 Paulum,
871 2301 936 2325 tunc

147 2344 255 2373 lectoris
268 2349 295 2372 et
314 2345 508 2379 subscriptoris
517 2344 827 2381 Constantinopolitanae
841 2344 936 2373 Eccle-

146 2391 194 2418 siae
210 2390 367 2426 fungentem
391 2391 501 2419 cilicio:
524 2391 572 2426 qui
589 2396 713 2426 tempore
733 2391 840 2418 concilii
866 2391 936 2419 duo-

147 2436 284 2463 decimum
315 2436 403 2464 aetatis
430 2444 533 2464 annum
561 2444 661 2472 agens,
688 2444 750 2464 cum
780 2437 936 2465 Alexandro

146 2481 225 2508 visit.
239 2481 292 2509 Sed
307 2481 341 2509 de
352 2481 396 2510 his
407 2483 489 2517 paulo
505 2487 577 2517 post.
593 2482 715 2510 Primum
732 2483 808 2510 venit
820 2483 848 2510 in
866 2490 935 2510 con-

146 2531 270 2561 spectum
295 2527 461 2555 sanctissimi
483 2527 678 2563 Metrophanis,
694 2532 721 2555 et
746 2527 808 2555 lato
829 2528 934 2560 nuntio,

146 2572 346 2607 praesentiaque
380 2579 519 2605 recreans,
549 2572 596 2600 sed
631 2579 686 2599 non
712 2580 839 2600 recreans
862 2574 936 2608 quod

146 2616 319 2645 discessurus
355 2623 440 2651 esset,
473 2626 535 2645 cum
560 2617 647 2645 fausta
680 2618 871 2652 apprecatione
902 2618 936 2646 ad

147 2663 326 2690 commissum
363 2664 401 2691 illi
436 2657 554 2692 cilicium
591 2663 747 2697 dimittitur,
789 2662 937 2692 Venientes

147 2713 238 2736 autem
259 2711 284 2737 in
301 2710 446 2739 Thraciam
461 2715 490 2738 et
503 2709 700 2743 Macedoniam,
714 2714 741 2737 et
755 2709 935 2743 Thessaliam,

147 2755 279 2783 Achaiam
292 2756 522 2791 totam,Hellada,
541 2756 766 2792 continentesque
782 2761 887 2790 terras,
903 2765 937 2786 ne

988 2299 1088 2336 τούτης
1106 2299 1158 2334 γὰρ
1174 2297 1232 2336 ἦν),
1248 2300 1305 2332 τοῖς
1320 2299 1390 2326 κατὰ
1406 2299 1456 2334 τὴν
1468 2299 1579 2334 Θρᾴκην
1591 2298 1666 2333 ὅμως
1687 2297 1735 2324 καὶ
1748 2297 1779 2325 τὸ

995 2345 1142 2381 Ἰλλυρικὸν
1156 2345 1187 2372 τὸ
1202 2347 1252 2380 τῆς
1266 2345 1394 2381 ὁμονοίας
1407 2345 1454 2372 καὶ
1467 2345 1578 2380 εἰρήνης
1595 2343 1650 2371 τῶν
1664 2344 1780 2380 Ἐκκλη-

988 2390 1055 2417 σιῶν
1074 2390 1172 2422 πόνους
1186 2390 1319 2424 ὑφίστατο
1334 2389 1503 2424 διακομίζειν
1516 2388 1694 2424 Εὑαγγέλιον,
1714 2397 1778 2416 συν-

988 2435 1109 2472 ἐκδημον
1133 2435 1203 2472 ἔχων
1225 2436 1271 2462 τὸν
1297 2434 1439 2462 πανόλϐιον
1462 2434 1578 2466 Παῦλον,
1597 2434 1779 2469 ἀναῃωπῶν

988 2481 1140 2517 τηνικαῦτα
1155 2481 1203 2508 καὶ
1218 2480 1400 2516 ύπογραφέων
1415 2480 1466 2515 τῆς
1480 2479 1551 2506 κατὰ
1562 2480 1780 2508 Κωνσταντινού-

990 2528 1068 2555 πολιν
1090 2526 1252 2563 Ἐκκλησίας
1268 2527 1426 2562 πληροῦντα
1448 2526 1569 2562 βαθμόν·
1585 2527 1615 2559 ὃς
1639 2527 1686 2553 καὶ
1707 2527 1779 2553 κατὰ

988 2574 1039 2608 τὴν
1060 2573 1167 2600 σύνοδον
1186 2573 1335 2600 δωδέκατον
1361 2573 1421 2604 ἔτος
1442 2574 1474 2600 ἐκ
1494 2573 1628 2608 γενέσεως
1647 2573 1721 2608 ἄγων
1738 2573 1778 2609 τῷ

996 2620 1164 2657 Ἀλεξάνδρῳ
1177 2620 1372 2654 συνδιέτριϐεν.
1393 2619 1475 2647 Ἀλλὰ
1496 2620 1581 2647 ταῦτα
1598 2620 1656 2656 μετ’
1671 2619 1775 2654 ὀλίγον·

991 2667 1124 2702 πρότερον
1134 2667 1162 2693 δὲ
1172 2667 1211 2698 εἰς
1222 2666 1284 2694 θέαν
1298 2663 1350 2702 ἧκε
1364 2666 1412 2694 τοῦ
1428 2667 1558 2694 πανοσίου
1567 2666 1777 2702 Μητροφάνους,

992 2713 1041 2738 καὶ
1054 2713 1109 2743 τοῖς
1120 2712 1170 2746 μὲν
1182 2711 1352 2747 εὐαγγελίοις
1364 2713 1413 2739 καὶ
1429 2713 1461 2748 τῇ
1473 2711 1610 2748 παρουσίᾳ
1625 2711 1777 2747 εὐφράνας.

992 2759 1043 2786 οὐκ
1069 2759 1207 2794 εὐφράνας
1223 2759 1244 2786 δ’
1259 2755 1300 2790 οἷς
1320 2758 1472 2795 ἀποδημεῖν
1490 2757 1597 2793 ἔμελλε,
1618 2757 1676 2793 μετ’
1690 2758 1779 2794 εὐχῶν

770 2824 886 2853 VARl/E
916 2825 1120 2854 LBC'I‘IONES.

186 2895 207 2910 ³⁷
223 2895 304 2931 συνῆν
314 2898 347 2922 Α.
383 2895 405 2912 ³⁸
419 2896 654 2932 παρακαταθήκην
674 2905 703 2929 ς.
