1945 3073
187 175 239 210 113

736 188 998 225 BIBLIOTHECA.
1013 208 1049 213 --
1063 197 1146 230 COD.
1162 198 1279 230 CCLVI.

1774 203 1826 236 114

188 233 255 269 πρὸς
287 234 339 270 τὴν
367 239 661 276 καταπεπιστευμένην
679 242 703 258 δ’
731 243 806 280 αὐτῷ
836 244 973 274 διακονίαν

188 279 325 291 ι..ιτκ-,,
359 281 446 291 ινγὶιιι
526 284 546 291 ..-
567 286 583 291 η
613 287 618 291 .

1026 249 1132 279 insulas
1147 252 1257 287 quidem
1271 252 1459 287 neglexerunt,
1474 254 1521 282 sed
1539 255 1693 291 navigando
1713 264 1824 286 omnem

187 279 338 308 ἐστέλλετο.
353 281 510 315 Διελθόντες
524 284 552 311 δὲ
565 286 676 323 Θρᾴκην
695 297 725 315 τε
746 291 793 316 καὶ
805 291 977 320 Μακεδονίαν

187 326 233 352 καὶ
251 326 403 356 Θεσσαλίαν
418 329 466 356 καὶ
489 330 599 366 Ἀχαΐαν
618 334 710 361 πᾶσαν
730 335 778 362 καὶ
796 337 911 365 Ἐλλάδα
928 339 977 366 καὶ

186 371 234 402 τὰς
242 372 386 408 ἠπείρους,
401 375 461 402 οὐδὲ
474 376 528 404 τῶν
542 378 632 413 νήσων
642 379 833 417 ὠλιγώρησαν,
849 384 907 412 ἀλλ’
918 386 979 413 ὲπι-

1031 295 1166 324 zizaniam
1194 298 1326 326 radicilus
1337 299 1497 333 evellentes,
1513 300 1615 329 bonum
1631 310 1723 330 semen
1741 311 1826 332 evan-

1030 342 1123 377 gelicae
1143 343 1276 372 doctrina:
1297 348 1324 372 et
1340 346 1512 380 synodalium
1542 347 1715 376 decretorum
1736 350 1824 378 disse-

1031 389 1184 418 minarunt.

186 417 353 476 πλεύισαντες
369 420 443 447 ἅπαν
457 421 627 476 ανέσπωνιὲκ
640 426 724 460 ῥιζῶν
737 428 828 456 αὐτῶν
841 428 974 464 ζιζάνιον,
994 432 1040 460 τὸν
1071 435 1170 471 εὐγενῆ
1200 436 1229 463 δὲ
1241 436 1341 472 σπόρον
1350 436 1405 464 τῶν
1419 437 1604 472 εὐαγγελικῶν
1621 432 1764 476 δογμᾶτων
1777 442 1824 468 καὶ

185 464 333 492 συνοδικῶν
349 469 536 504 κηρυγμάτων
550 471 714 509 διέσπειρον.

224 511 284 538 Ὀτι
298 512 348 547 τῆς
367 514 477 542 συνόδου
494 516 571 550 τέλος
584 517 630 544 διὰ
641 520 726 554 τριῶν
738 521 823 557 ἥμισυ
839 523 977 561 λαϐούσης

185 558 254 584 ἐτῶν
266 559 324 592 (καὶ
336 559 390 595 γὰρ
400 560 500 595 ἤρξατο
511 563 596 598 μηνὸς
603 564 757 601 Ἀπριλλίου
771 558 980 599 πεντεκαιδεκᾶ-

185 611 235 638 την
249 603 375 637 ἀνύοντος
384 605 418 637 ⁸⁰,
428 607 590 644 ἐπερατώθη
605 610 633 636 δὲ
645 611 696 646 τῆς
705 614 826 647 τριετίας
839 616 922 643 πάλιν
932 617 979 644 τὸν

185 648 340 685 Ἀπρίλλιον
353 653 562 690 καταλαϐούσης
572 657 617 682 καὶ
628 656 709 692 μέχρι
723 659 912 697 Σεπτεμβρίου
925 662 981 689 δια-

185 695 357 733 δραμούσης·
376 698 448 726 οὕτω
468 700 523 736 γὰρ
546 701 560 728 ό
581 702 663 737 σοφὸς
675 695 858 739 Ἀλέξανδρος
870 707 905 735 τὰ
925 716 977 734 πε-

185 743 332 778 πραγμένα
348 744 461 779 γράφων
481 745 516 780 τᾲ
531 747 581 782 τῆς
599 747 621 763 ⁸¹
638 750 749 776 συνόδου
762 751 977 789 ἐπεσημήνατο),

184 789 356 826 τελεσθείσης
372 788 419 818 οὖν
433 792 482 827 τῆς
495 793 576 827 ἁγίας
597 795 716 829 συνόδου,
733 796 800 829 στὰς
818 798 833 824 ό
848 788 978 833 βασιλευς

186 835 268 870 μέσος
284 836 326 863 τοῦ
338 837 419 872 χοροῦ
432 838 486 865 τῶν
497 840 647 876 ἀρχιερέων
660 841 720 877 ᾔτει
733 843 813 879 χάριν
825 832 899 880 αὗτῷ
912 845 978 881 μίαν
992 832 1016 862 Β

186 881 252 916 παρ’
266 883 357 909 αὐτῶν
374 884 502 920 δοθῆναι·
516 886 541 912 οι
553 886 581 913 δὲ
596 887 745 923 προθύμως
765 890 922 918 κατένευον.
944 891 977 918 Ἠ

183 927 213 954 δὲ
228 927 309 963 χάρις
334 930 514 958 συνεισελθεῖν
528 932 606 968 αὺτῷ
621 933 651 960 ἐν
664 935 698 970 τῇ
715 935 804 968 πόλει,
819 937 862 971 ἐφ’
878 933 901 971 ᾧ
916 937 978 964 θεά-

185 972 284 999 σασθαί
294 982 323 1000 τε
334 974 379 1001 τὸν
390 975 531 1011 ἀρχιερέα,
545 977 574 1004 ὃν
587 978 697 1015 Πατέρα
711 981 726 1006 ό
737 980 864 1015 βασιλεὺς
878 982 976 1011 ἑαυτοῦ

184 1018 352 1054 ἁνωμολόγει
365 1020 400 1053 ⁸¹,
415 1022 462 1048 καὶ
475 1022 545 1049 ὥστε
560 1024 593 1059 τῇ
606 1024 693 1057 πόλει,
711 1025 795 1063 [1415
811 1027 859 1064 8.]
871 1029 912 1063 ,ἢν
928 1029 977 1056 αὺ-

184 1064 230 1111 τδς
246 1065 388 1111 ἀνέστησε,
402 1067 447 1094 διὰ
471 1068 522 1104 τῆς
544 1070 635 1098 αὐτῶν
650 1073 802 1107 παρουσίας
823 1075 872 1101 καὶ
893 1075 977 1111 εὐχῆς

183 1110 214 1136 τὸ
229 1110 276 1137 τοῦ
296 1111 436 1145 κτίσαντος
452 1113 537 1150 ὄνομα
547 1116 767 1154 ἒγκαιδισθῆναι.
792 1110 973 1150 Ἐπισκεπτο-

185 1156 274 1204 μόνων
289 1157 318 1185 δὲ
332 1159 386 1186 τῶν
401 1161 498 1198 ίερέων
511 1161 535 1178 ⁸³
550 1162 597 1190 τὸν
616 1163 845 1201 διορατικὼτατον
863 1168 976 1204 Μητρο-

184 1202 272 1249 faciqu
290 1203 398 1239 ἡμέρας
420 1205 564 1242 Κυριακῆς
582 1209 763 1247 ἐνισταμένης
777 1212 824 1239 καὶ
838 1212 885 1240 τοῦ
899 1202 977 1249 βασι-

184 1247 251 1295 λέως
262 1250 466 1295 συμπαρόντος,
494 1253 569 1281 ἄλλοι
592 1255 623 1282 τί
647 1264 718 1288 τινες
738 1257 872 1293 προῆλθον
889 1247 974 1295 λόγοι,

183 1294 241 1324 καὶ,
260 1294 332 1328 ὀρῶ
343 1303 391 1329 σε,
405 1298 497 1332 φησὶν,
519 1299 662 1328 ὑπολαϐὼν
674 1302 687 1328 ό
701 1302 838 1337 βασιλεὺς,
849 1304 873 1331 ὦ
883 1305 975 1333 Πατέ-

179 1348 244 1374 ρων
256 1340 321 1375 ἐμοὶ
339 1342 503 1378 τιμιώτατε,
523 1345 573 1372 καί
588 1347 666 1381 γήρᾳ
683 1349 732 1376 καί
746 1350 830 1383 νόσῳ
843 1350 973 1387 κάμνον-

183 1394 230 1420 τα,
246 1387 297 1414 καί
312 1388 442 1416 δυσωπῶ
457 1391 592 1419 ἀνειπεῖν
606 1402 639 1420 τε
659 1394 709 1421 καί
725 1395 880 1429 ἀναδεῖξαι
902 1398 975 1433 ἡμῖν

183 1433 239 1460 τὸν
244 1434 318 1467 μετὰ
333 1435 372 1461 σὲ
382 1436 436 1463 τοῦ
449 1439 589 1472 ποιμνίου
601 1439 804 1475 ἡγησόμενον.
823 1442 852 1469 '0
866 1443 896 1470 δὲ
906 1445 975 1479 πρὸς

183 1479 348 1515 τὸνβασιλέα
358 1482 519 1517 εὐθυμοῦντι
528 1485 677 1522 προσώπῳ,
690 1488 864 1523 Πέπεισμαι,
878 1490 971 1525 φησὶν,

182 1526 219 1553 ἐν
228 1528 323 1561 Κιψίφ
338 1528 383 1556 ὅτι
394 1529 453 1556 νῦν
467 1530 500 1557 τὸ
513 1532 663 1567 πανὰσυιον
676 1534 798 1568 Πνεῦμα
814 1535 864 1563 διὰ
875 1536 974 1571 γλώσ-

181 1579 252 1605 σης.
271 1571 294 1599 ὦ
313 1573 430 1606 τέκνον,
453 1573 518 1603 εἷπε
541 1576 597 1611 τῆς
615 1577 686 1612 σῆς.
711 1579 898 1613 Φροντίζοντι
918 1581 975 1617 γάρ

179 1626 231 1652 μοι
254 1618 322 1652 περι
346 1620 454 1647 τούτου
470 1621 661 1657 ἐφανέρωσεν
678 1624 696 1651 ό
714 1625 823 1659 Κύριος
841 1625 899 1660 πρὸ
913 1624 974 1653 τῶν

179 1664 258 1691 ἑπτὰ
270 1665 384 1692 τούτων
401 1666 530 1701 ἡμερῶν,
547 1668 596 1696 καί
610 1669 656 1696 ὅτι
671 1671 747 1705 μετὰ
761 1671 890 1707 δεκάτην
901 1673 974 1708 ἠμέ-

177 1717 239 1742 ιαν
250 1711 428 1744 μεταλλάξω
444 1713 498 1739 τὸν
506 1714 589 1746 βίον,
600 1716 650 1742 καὶ
667 1715 702 1749 ὃς
713 1717 746 1744 τὸ
762 1718 842 1751 ιερὸν
858 1718 974 1752 ἀξίωμα

179 1754 368 1790 ἀναδέξαιτο,
389 1758 439 1784 καὶ
453 1759 540 1786 ἔστιν
554 1758 644 1795 οὗτος
667 1763 684 1789 ὁ
707 1765 974 1799 συμπρεσϐύτερός

185 1810 239 1828 nou
259 1802 465 1838 Ἀλέξανδρος,
481 1804 567 1839 ἄξιος
581 1807 621 1841 ὠς
635 1808 755 1843 ἀληθῶς
773 1810 831 1843 τῆς
843 1803 973 1847 ἐκλογῆς

183 1847 327 1882 ὑπάρχων
348 1848 400 1877 καὶ
422 1849 478 1884 τῆς
494 1851 547 1878 τοῦ
569 1852 655 1888 ἁγίου
671 1855 865 1889 προρῤήσοως
879 1856 973 1883 (Iret?-

181 1902 275 1927 ματος
286 1903 293 1909 ·
305 1895 350 1921 ἔτι
363 1895 399 1923 δὲ
415 1896 465 1923 καὶ
484 1899 592 1926 τοῦτον
607 1899 647 1932 ὡς
662 1900 696 1926 τὸ
711 1901 832 1928 παιδίον
852 1901 973 1935 Παῦλος

181 1939 199 1965 ὁ
213 1939 409 1975 ἀναγνώστης
418 1941 595 1975 διαδέξεται.
620 1944 788 1981 ’Δποϐλέψας
801 1947 830 1974 δὲ
841 1948 888 1974 καὶ
902 1948 972 1983 πρὸς

181 1985 227 2011 τὸν
245 1985 449 2022 Ἀλεξανδρείας
464 1988 533 2016 θεῖον
546 1989 729 2026 Ἀλέξανδρον,
742 1992 797 2019 Καὶ
811 1992 862 2024 σὺ,
877 1994 970 2029 φησὶν,

180 2029 205 2058 ὦ
217 2032 339 2067 ἁδελφὲ,
353 2034 449 2061 καλὸν
459 2035 591 2063 σεαυτοῦ
610 2035 752 2072 διάδοχον
765 2039 969 2074 καταλείψεις.

180 2077 236 2103 Καὶ
247 2078 297 2112 τῆς
312 2079 403 2114 χειρὸς
417 2080 579 2107 Ἀθανασίου
594 2080 641 2107 τοῦ
653 2081 842 2117 ἀρχιδιακόνου
853 2083 971 2120 λαϐόμε-

180 2129 236 2155 νος,
246 2121 318 2154 Ἴδε,
329 2125 346 2150 d
358 2125 505 2158 γενναῖος,
521 2125 583 2161 ἔφη,
596 2126 659 2163 [769
666 2126 712 2164 Η.]
721 2130 903 2164 στρατιώτης
916 2131 970 2158 τοῦ

1063 525 1189 554 Concilio
1205 526 1325 554 triennio
1353 534 1456 562 sexque
1472 528 1615 557 mensibus
1630 528 1707 557 linito
1718 532 1823 566 (cmpe-

1028 576 1071 601 rat
1085 571 1166 600 enim.
1187 568 1279 599 niense
1302 572 1388 607 Aprili
1403 573 1510 600 decimo
1532 571 1629 608 quinto
1643 574 1698 608 die,
1722 574 1824 611 572a

1031 618 1137 646 [initum
1152 625 1218 645 vero
1234 622 1277 645 est
1293 619 1410 646 triennio
1434 619 1533 647 iterum
1549 619 1577 647 in
1593 620 1714 655 Aprilem
1736 621 1822 650 devo-

1029 661 1098 694 luto,
1113 666 1141 689 et
1157 668 1246 696 usque
1274 660 1463 697 Septembrem
1475 669 1658 697 excurrente;
1684 665 1726 692 sic
1747 666 1822 694 enim

1031 708 1128 736 doctus
1142 707 1299 736 Alexander
1305 712 1365 736 acta
1380 708 1539 737 describens
1548 710 1646 746 synodi
1655 711 1821 746 annotavit),

1031 755 1119 787 ﬁnito.
1152 755 1276 791 inquam,
1314 763 1393 784 sacro
1419 757 1547 789 concilio,
1573 757 1721 793 imperator
1745 763 1821 788 stans

1030 801 1059 829 in
1084 801 1175 830 medio
1201 806 1360 830 sanctorum
1387 802 1511 835 Patrum,
1539 804 1618 839 petiit
1647 804 1701 833 sibi
1737 813 1821 833 unam

1030 855 1088 874 rem
1108 852 1212 882 gratam
1233 846 1292 875 ﬁeri
1306 856 1314 874 :
1329 847 1377 882 qui
1401 847 1520 876 libentes
1545 853 1753 877 concesserunt.
1767 849 1821 877 Be-

1030 893 1158 921 nelicium
1176 898 1267 922 autem
1279 893 1346 921 illud
1360 897 1430 927 erat,
1447 898 1478 922 ut
1498 895 1524 923 in
1540 895 1634 923 urbem
1646 903 1739 924 secum
1756 904 1822 932 pro-

1029 936 1240 969 ﬁciscerentur,
1267 937 1294 965 in
1325 945 1380 972 qua
1411 938 1647 974 archiepiscopum
1676 940 1819 974 viderent,

1029 990 1110 1017 quem
1140 982 1249 1010 Patrem
1274 991 1354 1011 suum
1377 989 1528 1018 imperator
1552 984 1719 1019 appellabat,
1736 991 1764 1012 et
1789 990 1820 1013 ut

1031 1027 1091 1054 urbi
1107 1026 1250 1063 Byzantio,
1267 1035 1349 1062 quam
1364 1028 1423 1063 ipse
1436 1028 1591 1061 fundasset,
1608 1036 1657 1057 sua
1675 1030 1818 1065 praesentia

1028 1077 1055 1100 et
1080 1072 1206 1107 precibus
1233 1073 1385 1101 conditoris
1412 1080 1517 1101 novum
1549 1081 1649 1102 nomen
1680 1075 1816 1104 inderent.

1028 1118 1216 1146 lnvisentibus
1238 1123 1329 1146 autem
1351 1119 1489 1154 episcopis
1512 1120 1696 1149 clarissimum
1717 1121 1818 1149 Melro-

1028 1163 1153 1199 phanem,
1167 1163 1213 1191 die
1230 1163 1381 1197 Dominica,
1399 1169 1426 1192 et
1442 1164 1591 1200 imperator
1606 1173 1724 1200 praesens
1747 1167 1818 1195 inter

1027 1210 1079 1237 alia
1094 1210 1166 1237 dixit
1182 1219 1189 1237 :
1210 1219 1219 1236 ‹
1240 1209 1325 1238 Video
1341 1215 1377 1243 te,
1389 1210 1469 1238 Pater
1485 1211 1604 1239 maxime
1616 1212 1777 1246 venerande,
1790 1217 1819 1241 et

1027 1260 1166 1283 senectute
1199 1261 1227 1283 et
1252 1256 1349 1284 morbo
1380 1255 1538 1289 defessum,
1564 1261 1591 1284 et
1619 1258 1707 1285 creari
1736 1263 1818 1293 atque

1027 1301 1165 1337 designari
1179 1302 1260 1330 nobis
1275 1308 1338 1338 post
1363 1307 1389 1330 te
1404 1303 1493 1338 gregis
1518 1307 1657 1338 pastorem
1670 1304 1789 1339 postulo.
1803 1313 1814 1331 ι

1026 1347 1075 1375 llle
1087 1347 1121 1375 ad
1131 1348 1322 1382 imperatorem
1333 1348 1500 1385 alacrivultu
1511 1357 1674 1383 conversus,
1692 1350 1816 1384 «Annua,

1027 1394 1126 1429 inquit,
1145 1395 1174 1423 in
1201 1394 1328 1428 Domino,
1348 1396 1413 1431 quia
1447 1403 1521 1422 nunc
1545 1396 1664 1431 Spiritus
1694 1402 1815 1430 sanctus,

1026 1448 1043 1468 0
1054 1440 1102 1473 illi,
1118 1448 1167 1476 per
1182 1441 1301 1476 linguam
1317 1446 1391 1469 tuam
1406 1442 1538 1476 loquitur.
1554 1441 1619 1469 Mihi
1631 1443 1703 1470 enim
1719 1443 1770 1470 hac
1783 1443 1817 1472 de

1028 1488 1194 1520 rezsollicito
1225 1488 1353 1516 iudicavit
1378 1488 1512 1524 Dominus
1543 1493 1606 1516 ante
1634 1494 1739 1524 septem
1766 1490 1817 1518 hos

1027 1535 1102 1570 ipsos
1122 1535 1194 1567 dies,
1211 1534 1372 1562 moriturum
1391 1542 1433 1562 me
1448 1535 1519 1563 intra
1538 1535 1633 1563 decem
1649 1535 1720 1569 dies,
1733 1540 1760 1563 et
1772 1536 1816 1563 di-

1024 1581 1151 1616 gnitatem
1167 1587 1272 1609 sacram
1287 1584 1479 1616 suscepturum
1510 1581 1654 1608 sacerdotii
1686 1581 1817 1616 dignitate

1024 1634 1117 1662 parem
1149 1625 1344 1659 Alexandrum,
1360 1630 1388 1654 et
1407 1626 1529 1661 dignum,
1557 1631 1588 1653 ut
1616 1634 1679 1653 vere
1707 1626 1814 1661 loquar,

1024 1672 1157 1701 electione
1175 1676 1203 1699 et
1218 1672 1304 1699 sancti
1321 1671 1440 1706 Spiritus
1466 1671 1685 1699 denuntiatione.
1700 1671 1741 1699 Ad
1758 1672 1816 1699 haec

1024 1726 1089 1746 vero
1107 1719 1179 1746 hunc
1190 1718 1271 1746 veluti
1288 1718 1360 1745 lilius
1379 1717 1480 1745 Paulus
1493 1717 1580 1746 lector
1593 1717 1721 1754 excipiet.
1734 1727 1743 1744 ι
1759 1717 1815 1746 Re-

1023 1765 1143 1801 spiciens
1161 1769 1252 1792 autem
1264 1764 1298 1791 ad
1315 1764 1500 1791 Alexandrum
1515 1764 1685 1792 Alexandria:
1706 1765 1814 1800 episco-

1023 1819 1087 1848 pum
1100 1819 1109 1838 :
1128 1820 1137 1836 ι
1152 1810 1186 1838 Et
1198 1815 1237 1844 tu,
1255 1810 1354 1845 inquit,
1369 1809 1463 1843 frater.
1475 1811 1615 1846 egregium
1626 1818 1815 1839 successorem

1023 1859 1061 1886 tui
1086 1858 1238 1892 relinques.
1255 1866 1264 1883 ι
1284 1856 1319 1884 Et
1348 1863 1429 1884 manu
1456 1856 1597 1884 Athanasii
1629 1857 1816 1886 archidiaconi

1022 1904 1195 1939 apprehensa
1215 1912 1222 1930 :
1240 1912 1250 1928 ι
1265 1901 1316 1935 Εη,
1333 1902 1432 1937 inquit,
1447 1907 1576 1930 strenuus
1602 1902 1704 1930 Christi
1723 1903 1814 1935 miles,

1022 1948 1068 1976 hic
1082 1952 1109 1975 te
1127 1951 1268 1982 sequetur.
1285 1946 1332 1981 qui
1353 1954 1407 1973 non
1434 1946 1523 1974 solum
1548 1954 1614 1974 cum
1638 1946 1722 1974 fratre
1752 1955 1815 1976 meo

1021 1993 1175 2022 Alexandro
1194 1997 1288 2020 contra
1303 1993 1361 2019 Arii
1387 1993 1513 2020 haeresim
1535 1993 1697 2027 decertavit,
1721 1993 1769 2021 sed
1788 1997 1816 2021 et

1021 2048 1084 2069 cum
1099 2040 1146 2067 illo
1171 2046 1269 2074 magna
1289 2039 1438 2066 certamina
1459 2044 1487 2066 et
1513 2039 1598 2066 multa
1622 2039 1743 2067 subibit:
1760 2047 1813 2067 non

1021 2086 1110 2114 solum
1127 2090 1218 2113 autem
1233 2085 1352 2113 secunda
1377 2084 1515 2120 excipient
1541 2084 1701 2118 certamina,
1714 2085 1762 2113 sed
1787 2090 1816 2114 et

1021 2133 1129 2161 tertium
1141 2140 1204 2160 cum
1229 2136 1342 2159 strenuo
1356 2131 1441 2159 Paulo
1454 2131 1612 2159 sustinebit.
1630 2141 1640 2158 ι
1658 2131 1721 2160 Haec
1734 2132 1814 2166 dixit,

179 2168 309 2213 Χριστοῦ
331 2167 421 2203 οὗτός
444 2178 481 2198 σε
501 2171 678 2206 διαδέξεται,
699 2173 733 2207 ὃς
746 2175 783 2202 οὐ
797 2176 894 2209 μόνον
909 2177 968 2204 νῦν

1025 2184 1047 2207 ει
1062 2183 1192 2213 tanquam
1208 2178 1278 2205 alios
1305 2177 1401 2212 spiritu
1428 2184 1480 2205 suo
1505 2184 1642 2209 recreans.
1659 2178 1735 2205 venit
1749 2187 1812 2207 cum

187 2212 374 2249 Ἀλεξάνδρῳ
385 2216 461 2243 κατὰ
475 2216 529 2251 τῆς
542 2218 724 2252 δυσσεϐείας
734 2219 849 2254 ’Δρείου
860 2220 901 2254 τῷ
911 2222 972 2257 ἐμῷ

180 2261 412 2294 συνηγωνίσατο
427 2262 558 2298 ἀδελφῷ,
573 2265 642 2292 ἀλλ’
658 2265 703 2292 ἔτι
717 2265 779 2292 σύν
789 2266 870 2300 αὑτῷ
879 2268 970 2303 μεγά-

180 2308 256 2339 λους
275 2306 389 2340 ἄθλους
403 2308 452 2335 καί
470 2309 607 2344 ,πολλοὺς
622 2311 798 2346 ἀγωνιεῖται.
819 2314 861 2340 Οὺ
872 2314 971 2347 μόνον

180 2352 215 2379 δὲ
228 2353 357 2389 δεύτεροι
369 2355 463 2384 αὑτὸν
478 2356 654 2390 ὲκδέξονται
676 2357 802 2393 ἀγῶνες,
819 2359 901 2388 ἀλλὰ
918 2361 971 2389 καί

181 2400 297 2435 τρίτους
320 2402 381 2429 σὺν
405 2401 446 2436 τῷ
468 2404 595 2438 γενναίῳ
618 2405 825 2440 ὑποστήσεται
847 2407 967 2441 Παύλῳ.

181 2446 273 2474 Ταῦτα
284 2446 373 2482 εἶπεν,
383 2443 428 2476 καί
439 2450 534 2486 ὥσπερ
545 2451 766 2489 ἁναζωπυρήσας
775 2454 815 2490 τῷ
828 2454 968 2490 Πνεὺματι

180 2492 286 2519 κάτεισι
303 2494 353 2520 σὺν
367 2495 423 2525 τοῖς
439 2495 600 2528 ἐπισκόποις
616 2497 657 2528 είς
676 2497 726 2533 τὴν
735 2498 897 2535 ἐκκλησίαν,
922 2499 969 2527 καὶ

180 2538 250 2572 μετὰ
266 2539 316 2574 τὴν
329 2540 378 2567 τοῦ
394 2541 559 2576 Εὐαγγελίου
576 2543 728 2577 ἀνάγνωσιν
741 2544 968 2581 ὀλίγαπροσομι-

179 2583 263 2618 λήσας
276 2584 315 2620 τῷ
328 2585 426 2621 πλήθει
439 2588 485 2614 καὶ
502 2588 713 2625 συνταξάμενος,
725 2591 908 2626 ἀνακηρύττει
920 2592 968 2618 καὶ

179 2630 218 2666 μὴ
239 2632 362 2667 παρόντα
380 2633 426 2659 τὸν
440 2634 625 2670 πρεσϐύτερον
645 2634 819 2672 Ἀλέξανδρον
836 2638 968 2673 ἀρχιερέα

179 2677 228 2704 καὶ
240 2677 288 2704 τοῦ
303 2678 400 2714 θρόνου
415 2679 546 2719 διάδοχον.
565 2681 620 2708 Καὶ
642 2682 657 2708 ὁ
671 2682 734 2714 λαὸς
753 2684 803 2718 μιᾷ
821 2685 896 2719 φωνῇ
919 2683 968 2709 σὺν

178 2722 254 2759 αὐτῷ
268 2723 372 2759 βασιλεῖ
386 2717 554 2758 ὲπὶπλείους
567 2726 641 2762 ὥρας
657 2728 721 2756 ἐϐόα
730 2727 760 2756 τὸ
773 2717 969 2763 ’Ἄξιος-..Εἶτα

1022 2223 1157 2259 episcopis
1171 2223 1198 2250 in
1214 2221 1343 2257 templum
1360 2230 1366 2249 :
1384 2229 1416 2249 ac
1427 2226 1488 2256 post
1508 2222 1647 2257 Evangelii
1667 2223 1811 2251 lectionem

1022 2268 1153 2298 nonnulla
1165 2268 1199 2295 ad
1209 2267 1340 2303 populum
1356 2267 1476 2300 locutus,
1489 2273 1517 2295 et
1529 2268 1679 2300 disserens,
1694 2269 1813 2297 Alexan-

1020 2312 1101 2342 drum
1127 2311 1295 2339 sacerdotem
1311 2311 1453 2338 absentem
1469 2311 1710 2347 archiepiscopalis
1739 2313 1813 2342 sedis

1020 2364 1208 2386 successorem
1228 2357 1378 2384 renuntiat.
1398 2356 1518 2392 Populus
1542 2365 1596 2385 uno
1613 2365 1660 2385 ore
1673 2366 1735 2385 cum
1751 2359 1811 2394 ipso

1020 2405 1185 2440 imperatore
1207 2403 1284 2431 horis
1308 2403 1413 2438 aliquot
1437 2402 1536 2439 47212
1559 2404 1739 2433 exclamavit:
1764 2405 1812 2432 Di-

1021 2459 1090 2487 gnus
1121 2455 1172 2478 est.
1188 2441 1291 2478 Deinde
1317 2457 1402 2483 sacrae
1427 2457 1529 2478 mensae
1550 2450 1644 2479 altaris
1670 2450 1812 2479 humerale

1020 2497 1146 2532 imponit,
1161 2496 1321 2531 praecipiens
1336 2496 1388 2523 hoc
1403 2496 1556 2523 successori
1576 2497 1698 2531 servari:
1713 2501 1812 2524 ventu-

1021 2552 1080 2572 rum
1098 2548 1186 2571 autem
1204 2543 1279 2570 illum
1294 2548 1355 2578 post
1369 2550 1423 2570 non
1439 2542 1484 2570 diu
1499 2542 1634 2577 praedixit,
1648 2547 1710 2578 post
1726 2543 1811 2578 septi-

1020 2596 1095 2616 mum
1114 2587 1240 2614 videlicet
1260 2587 1330 2614 diem
1346 2585 1406 2621 eius
1429 2586 1543 2614 resoluti
1568 2587 1692 2622 corporis
1709 2586 1736 2614 in
1758 2587 1812 2614 Do-

1021 2635 1107 2662 mino.
1134 2633 1300 2661 Acciderunt
1328 2633 1421 2669 igitur,
1449 2637 1478 2660 ut
1502 2631 1677 2668 praedixerat,
1706 2631 1809 2659 omnia.

1020 2680 1135 2708 Moritur
1151 2678 1301 2706 centesimo
1320 2678 1470 2706 etdecimo
1484 2678 1601 2714 septimo
1624 2677 1712 2705 aetatis
1726 2684 1809 2711 anno,

1022 2730 1121 2763 quarto
1133 2723 1214 2752 Junii.

800 2806 918 2834 VARUE
945 2804 1150 2835 LECTIONES.

217 2871 239 2888 "
255 2873 477 2908 πεπιστευμένην
492 2883 523 2907 ς.

178 2906 209 2934 Β.
255 2908 282 2948 ’δ’
299 2906 434 2944 ὡμολόὴει
448 2906 479 2936 Β.
499 2906 503 2907 ν
531 2909 553 2926 ⁵³
565 2910 694 2946 ίερέωνΑ
711 2906 888 2948 ίάρχιερέων
902 2921 932 2945 ς.

572 2874 594 2890 ⁸⁸
608 2875 735 2908 ἀνύοντος
760 2876 783 2902 Β
804 2882 831 2904 ct
850 2885 928 2906 corr.
943 2878 964 2904 A
979 2886 986 2905 :
1011 2877 1131 2908 ἀνιόντος
1162 2885 1193 2910 ς,
1218 2875 1286 2903 infra
1304 2880 1346 2903 cst
1358 2874 1479 2908 ἄγοντος.
1528 2873 1550 2889 ’⁸¹
1564 2871 1598 2899 τὰ
1613 2870 1674 2907 τῆς]
1690 2871 1750 2899 τότε
1762 2872 1811 2908 τῆς
