1945 3073
149 178 198 211 115
720 185 851 216 ΡΗΟΤΙῘ
873 186 935 216 ΡΑἸ

988 189 1124 220 ARCH/E
1140 191 1194 222 CP.
1719 191 1770 224 1ὶῦ

144 236 176 264 τὸ
188 236 343 285 ὠμοφόριον
356 237 390 285 τῇ
404 237 471 274 ἁγίᾳ
482 238 657 274 ἐναποτίθησι
685 241 821 278 τραπέζῃ,
853 243 1042 280 ἐντειλάμενος
1063 247 1128 274 αὐτὸ
1152 248 1334 282 φυλάττεσθαι
1347 249 1387 285 σιῷ
1415 245 1530 285 διαδόχῳ
1540 257 1548 266 ι
1563 248 1638 285 ἥξειν
1652 249 1675 276 δ’
1690 249 1771 276 αὐτὸν

144 285 273 318 προεῖπεν
294 283 343 310 οὒκ
365 283 404 316 εἰς
422 285 542 320 μακρὰν,
561 286 631 320 μετὰ
650 286 672 313 δ’
687 287 803 323 ἑϐδόμην
823 289 929 324 ἡμέραν
963 292 1013 326 τῆς
1034 293 1119 320 αὐτοῦ
1136 295 1204 329 πρὸς
1228 295 1344 330 Χριστὸν
1358 283 1522 328 avarum;
1538 283 1644 323 Γίνεται
1659 295 1705 324 οὖν
1733 295 1769 329 “,

144 331 182 361 ὡς
195 329 302 365 προέφη
315 329 362 357 καὶ
375 330 538 365 ἐνετείλατο,
549 331 672 359 ἃπαντα·
685 333 753 360 ἐτῶν
770 334 793 360 δ’
809 335 982 363 ἀνεπαύσατο
1007 338 1193 367 ἑπτακαίδεκα
1224 329 1273 368 καὶ
1302 341 1399 369 ἑκατὸν
1413 361 1422 374 ,
1445 341 1553 369 Ἰουνίου
1573 343 1657 378 μηνὸς
1669 342 1767 378 τετάρ-

145 387 195 413 την
211 378 333 412 ἄγοντος.

180 424 348 457 Constantia,
366 432 444 453 soror
455 426 629 461 imperatoris
661 427 832 456 Constantini
874 429 933 465 pii,
949 433 972 461 Α

146 478 216 498 uxor
228 478 288 505 qua:
305 475 365 498 erat
380 471 455 506 impii
469 471 579 505 Licinii,
596 473 726 501 moritura
745 473 821 502 fratri
844 475 931 503 dixit:

147 516 249 550 Unum,
273 522 301 545 et
325 518 452 546 ultimum
479 527 494 546 a
519 523 546 546 te
570 524 632 555 peto
654 520 841 555 beneﬁcium;
858 522 934 550 utab

145 564 242 592 exsilio
262 571 375 592 revoces
390 565 484 592 Arium
500 565 570 593 falso
594 571 752 594 accusatum
770 576 776 594 ε
796 569 934 596 consentit

146 611 219 638 enim
237 619 300 638 cum
317 612 433 647 synodo.
451 611 514 640 Erat
530 613 603 640 enim
620 614 691 647 apud
711 614 784 642 illam
805 615 934 642 sacerdos

146 657 256 692 quidam
283 657 403 685 Arianus
433 658 480 693 qui
510 659 631 694 seipsum
647 660 736 695 primo
767 660 934 689 Constantia;

145 703 280 731 euuuchis
293 703 452 736 insinuavit.
467 712 514 738 per
530 711 600 738 quos
609 709 637 732 et
649 705 683 733 ad
703 705 776 733 illam
790 714 933 734 accessum

146 748 253 783 habuit,
289 749 434 784 verbisque
461 750 568 778 blandis
597 755 679 786 atque
700 752 933 780 assentationibus

146 793 298 828 persuasit,
324 793 418 821 Arium
443 794 544 822 Invidia
573 794 691 830 ejectum
718 803 799 824 esse:
831 801 933 824 rectam

145 839 220 866 enim
254 839 383 867 Ecclesiae
403 839 556 867 doctrinam
584 840 666 868 tueri.
691 840 798 874 Quibus
823 841 882 877 ipsa
898 843 932 870 ad

146 884 340 919 imperatorem
372 885 417 913 illa
442 885 575 918 referens,
604 887 758 921 permovit,
787 887 935 923 statimque

146 929 253 963 scribit.
277 935 306 958 ut
331 930 413 958 Arius
436 931 470 958 ab
497 931 596 963 exsilio
621 937 777 960 revocetur.
793 933 934 968 A-llegabat

145 983 211 1004 vero
228 984 283 1004 una
313 976 346 1004 ad
364 976 476 1004 fratrem
503 978 685 1012 sacerdotem,
703 979 749 1014 qui
771 980 935 1008 adulationis

92 1048 98 1054 ,
147 1020 215 1048 vitio
231 1028 286 1048 non
299 1020 391 1049 minus
408 1029 488 1057 quam
511 1022 649 1051 haereseos
664 1024 806 1058 laboravit,
825 1029 852 1052 et
866 1025 936 1053 irreo

145 1071 226 1102 pente
252 1067 362 1102 ingenio
384 1075 417 1096 ac
441 1069 532 1096 verbis
566 1069 762 1106 blandiloquis,
787 1076 850 1106 post
879 1080 933 1098 non

1022 431 1083 458 Ὀτι
1098 430 1276 458 Κωνσταντία
1288 431 1305 465 ἡ
1321 429 1369 457 τοῦ
1384 429 1513 462 εὐσεϐοῦς
1525 430 1549 446 ⁸³
1566 430 1770 457 Κωνσταντίνου

983 477 1096 513 ἀδελφὴ.
1111 476 1180 513 γυνὴ
1193 477 1223 504 δὲ
1235 476 1282 504 τοῦ
1297 475 1446 508 δυσσεϐοῦς
1466 476 1661 512 χρηματίσασα
1675 477 1769 502 Λικιν-

983 522 1051 556 νίου,
1065 522 1198 558 μέλλουσα
1211 523 1341 558 τελευτᾷν
1350 523 1390 557 τῷ
1401 522 1519 558 ἀδελφῷ,
1532 522 1704 556 Μίαν,φησὶ,
1720 522 1769 549 καὶ

982 568 1160 596 τελευταίαν
1173 567 1244 595 αίτῶ
1257 577 1294 595 σε
1308 568 1406 603 χάριν,
1418 568 1474 602 τῆς
1487 567 1647 602 ὑπερορίας
1658 569 1772 602 Ἀρειον

982 613 1209 649 ἀνακληθῆναι,
1245 615 1405 649 συσκευὴν
1438 614 1545 642 ἄδικον
1575 614 1770 642 ὑποστάντα·

983 659 1129 694 σύμφρων
1143 660 1200 695 γάρ
1212 660 1278 688 ἐστι
1289 660 1345 695 τῆς
1358 660 1504 688 συνόδου.
1514 659 1569 688 Ἦν
1582 660 1637 696 γάρ
1651 669 1693 692 τις
1706 661 1771 695 παρ’

984 705 1053 741 αὐτῇ
1068 705 1122 732 τῶν
1131 706 1183 741 τῆς
1198 706 1303 742 Ἀρείου
1320 706 1494 733 σπουδαστῶν
1509 706 1639 742 αἱρέσεως
1653 705 1773 741 πρεσϐύ-

983 759 1072 786 τερος,
1089 750 1119 782 ὃς
1133 750 1229 777 ἑαυτὸν
1244 751 1378 787 πρότερον
1393 752 1450 783 τοῖς
1462 753 1513 787 τῆς
1523 751 1715 781 Κωνσταντίας
1728 750 1773 776 εὑ-

984 796 1089 831 νούχοις
1109 795 1264 829 οίκειώσας,
1285 796 1318 823 δι’
1333 796 1422 823 αὐτῶν
1434 797 1481 823 καὶ
1498 798 1566 831 πρὸς
1581 797 1666 831 αὐτὴν
1687 796 1770 827 διέδυ,

984 841 1032 868 καὶ
1047 840 1136 875 λόγοις
1149 840 1258 868 ἔπειθεν
1270 842 1424 876 ἐπαγωγοῖς
1436 842 1483 868 καὶ
1493 842 1577 868 πολὺν
1590 841 1771 877 προφαίνουσι

983 885 1030 912 τὸν
1047 886 1126 913 θῶπα
1139 886 1176 918 ὡς
1187 887 1297 923 ’Δρειος
1309 887 1399 923 φθόνῳ
1413 887 1515 923 ἐϐλήθη
1524 887 1547 904 ⁸⁸
1556 895 1563 903 ·
1578 886 1610 914 τὺ
1621 888 1675 923 γὰρ
1691 887 1771 923 ὸρθδν

983 931 1034 967 τῆς
1055 932 1217 967 Ἐκκλησίας
1226 933 1314 968 δόγμα
1328 933 1483 969 πρεσϐεύει.
1498 930 1547 964 Οἷς
1559 933 1685 968 κάκείνη,
1704 933 1772 968 πρὸς

984 978 1029 1005 τὸν
1047 979 1158 1014 βασιλέα
1175 979 1288 1006 τοιαῦτα
1302 979 1426 1011 εἰποῦσα,
1445 979 1562 1006 διέσεισε
1573 987 1581 994 ο
1608 979 1656 1006 καὶ
1672 979 1772 1005 αὐτίκα

984 1025 1085 1061 γράφει
1100 1026 1150 1060 ⁸τῆς
1162 1026 1311 1061 ὑπερορίας
1320 1026 1450 1056 ἀνεθῆναι
1460 1026 1506 1053 τὸν
1519 1026 1628 1062 ’Ἄρειον
1636 1025 1668 1053 ⁸⁷.
1682 1026 1772 1061 Παρα-

984 1071 1088 1098 τίθεται
1103 1071 1132 1097 δὲ
1144 1070 1267 1106 τάδελφῷ
1280 1071 1302 1087 ⁸³
1315 1071 1363 1098 καὶ
1383 1071 1429 1097 τδν
1442 1070 1519 1097 οὐδὲν
1532 1068 1614 1107 ἦττον
1628 1070 1678 1105 τῆς
1694 1071 1772 1105 αίρε-

145 1113 193 1140 diu
219 1113 302 1141 libere
318 1121 381 1141 cum
414 1114 582 1149 imperatore
610 1123 692 1150 agere
715 1117 814 1151 coepit:
842 1125 874 1145 ac
901 1118 935 1145 de

987 1117 1056 1147 σέως
1073 1115 1089 1151 ἢ
1110 1116 1161 1150 τῆς
1184 1115 1328 1148 κολακείας
1344 1116 1546 1152 πρεσϐύτερον·
1566 1114 1613 1141 καὶ
1635 1116 1692 1146 τοῖς
1711 1115 1772 1140 ἐπι-

145 1159 212 1187 Ario
231 1166 385 1187 sermonem
400 1160 503 1195 injecit.
533 1162 633 1197 quibus
649 1162 724 1189 illum
741 1167 816 1191 recte
831 1164 934 1192 sentire

145 1204 358 1233 demonstraret.
372 1205 435 1234 I‘um
444 1206 594 1242 imperator
604 1216 612 1235 :
623 1208 649 1235 Si
659 1209 752 1241 Arius,
760 1209 857 1245 inquit.
870 1218 932 1237 cum

145 1250 250 1286 synodo
264 1251 410 1283 consentit,
432 1251 531 1279 videbo
546 1251 622 1280 illum
639 1253 764 1285 libenter,
782 1261 935 1289 magnoque

146 1294 250 1323 honore
264 1296 367 1330 habito.
387 1305 449 1325 eum
464 1297 655 1327 Alexandrina;
674 1299 816 1327 restituam
841 1299 934 1327 Eccle-

144 1341 203 1369 siae.
214 1340 262 1370 His
273 1342 366 1376 dictis,
379 1343 455 1371 illum
467 1351 515 1379 per
524 1344 629 1372 litteras
636 1345 830 1373 accersendum
845 1350 934 1373 curat.

145 1387 227 1416 Arius
251 1396 313 1416 cum
337 1391 507 1418 exsecrando
528 1391 647 1419 Eusebio
670 1391 934 1427 Constantinopolim

144 1434 229 1468 venit,
246 1439 274 1462 et
303 1436 417 1471 suscipit
433 1436 494 1464 illos
515 1437 662 1471 imperator
680 1438 804 1474 benigne,
826 1442 853 1465 et
870 1438 934 1473 quid

145 1483 266 1510 sentiant
279 1483 453 1519 interrogans
464 1484 540 1512 audit
566 1484 699 1516 dicentes,
720 1492 773 1512 non
805 1484 878 1512 aliud
906 1492 935 1513 se

145 1528 249 1557 sentire
281 1537 362 1565 quam
383 1538 446 1565 quae
468 1530 582 1558 trecenti
607 1535 635 1559 et
666 1531 816 1559 octodecim
846 1531 934 1559 sancti

144 1573 240 1603 Patres
266 1575 457 1604 decreverint:
477 1576 542 1612 quin
570 1580 598 1604 et
621 1577 815 1612 jusjurandum
842 1577 934 1605 miseri

146 1620 224 1649 falsae
236 1622 405 1650 confessioni
431 1623 604 1651 addiderunt.
629 1623 780 1657 Imperator
805 1623 935 1659 scriptam

145 1667 180 1695 ab
200 1668 255 1696 illis
276 1668 356 1703 jubet
380 1669 440 1696 dari
465 1669 527 1697 fidei
550 1668 761 1704 professionem.
786 1670 826 1697 Illi
842 1673 935 1697 autem

145 1721 270 1750 prompte
286 1716 431 1743 mendacia
461 1716 640 1751 scripserunt.
668 1716 785 1744 Credere
811 1717 884 1744 enim
907 1724 936 1745 se

145 1765 174 1789 et
188 1769 254 1788 suos
267 1762 371 1797 scripto
382 1765 527 1795 testantur,
536 1762 627 1798 lingua
639 1762 870 1798 negant.Mutavit
885 1771 936 1790 au-

146 1810 201 1833 tem
214 1807 353 1834 decretum
365 1807 467 1839 Caesar,
476 1807 549 1843 quod
558 1808 684 1842 pietatem
698 1809 816 1836 confessi
831 1813 934 1842 essent,

145 1857 174 1880 et
188 1853 280 1880 statim
297 1853 491 1881 Alexandriam
516 1854 592 1881 illum
619 1858 646 1882 et
667 1855 713 1890 qui
729 1863 792 1882 cum
808 1862 842 1883 eo
857 1861 936 1882 erant

147 1899 299 1927 honorifice
328 1900 421 1927 mittit.
452 1900 606 1928 Alexander
647 1908 712 1928 vero
736 1901 935 1928 Alexandrinus

146 1943 382 1979 archiepiscopus.
400 1944 578 1980 conspirante
592 1952 654 1972 cum
674 1944 774 1980 473α
791 1952 824 1973 eo
848 1944 935 1972 Atha-

146 1990 239 2022 nasio.
262 1995 417 2026 apostatam
443 1998 498 2018 non
523 1991 651 2023 admittit,
667 1995 696 2018 et
720 1992 819 2019 iterum
851 1991 935 2019 Arius

146 2037 273 2066 haeresim
285 2038 396 2070 detexit,
411 2037 613 2074 (Egyptumque
633 2039 761 2066 turbavit.
786 2039 937 2073 Imperator

146 2092 212 2112 vero
228 2085 262 2112 ad
278 2092 308 2112 se
318 2085 412 2112 Arium
427 2084 551 2117 accersit.
566 2089 592 2113 et
602 2085 752 2120 interrogat
762 2093 797 2112 au
815 2089 938 2112 maneret

146 2132 176 2159 in
195 2132 340 2165 sententia,
365 2139 448 2167 quam
475 2139 568 2159 coram
598 2131 644 2158 illo
679 2131 823 2160 confessus
852 2136 935 2159 esset.

146 2176 207 2212 Ipse
247 2185 311 2206 vero
338 2178 436 2205 iterum
456 2177 581 2212 expedite
609 2177 706 2205 iisdem
739 2185 769 2205 se
802 2177 937 2206 inhaerere

148 2228 262 2252 testatus
284 2228 335 2256 est,
364 2228 393 2251 et
420 2223 601 2258 jurejurando
626 2223 808 2251 conﬁrmavit.
838 2223 936 2252 Omnia

147 2273 239 2297 autem
253 2269 315 2297 ﬁcta
329 2274 417 2302 erant,
432 2270 574 2305 magisque
589 2270 646 2304 ipsa
677 2270 775 2297 theatri
799 2277 882 2298 scena
903 2278 936 2298 ex

148 2316 300 2351 composito
311 2314 393 2343 facta.
410 2316 494 2344 Aiunt
508 2317 580 2344 enim
597 2316 703 2344 occulte
713 2323 776 2344 eum
794 2317 938 2351 scripsisse

148 2361 259 2393 librum.
275 2366 302 2389 et
316 2362 368 2390 sub
387 2363 469 2390 axilla
484 2363 613 2390 ferentem
634 2362 692 2398 (qui
708 2363 776 2390 liber
795 2363 938 2398 impuden-

147 2413 189 2436 ter
206 2409 373 2443 impietatem
389 2409 449 2444 ejus
465 2408 753 2444 contincbat)jurasse
772 2416 802 2436 se
826 2410 866 2436 sic
879 2416 938 2436 cre-

985 1162 1095 1194 κλόποις
1112 1162 1134 1180 ⁸⁸
1153 1162 1231 1198 ἧθεσι
1246 1163 1293 1189 καὶ
1309 1162 1398 1197 λόγοις
1412 1162 1462 1188 οὐκ
1478 1162 1501 1179 ⁸ο
1521 1162 1562 1193 είς
1579 1160 1687 1196 μακρὰν
1703 1161 1772 1195 παῤ-

985 1207 1084 1243 ρησίαν
1109 1207 1158 1234 καὶ
1170 1208 1192 1223 ¹¹
1215 1207 1284 1243 πρὸς
1303 1207 1350 1234 τὸν
1374 1207 1474 1243 εὐσεϐῆ
1492 1206 1626 1242 λαμϐάνει
1646 1205 1770 1241 βασιλέα,

985 1254 1034 1280 καὶ
1054 1255 1125 1280 κινεῖ
1147 1255 1212 1289 περὶ
1232 1253 1337 1288 Ἀρείου
1361 1253 1457 1288 λόγους
1474 1253 1613 1289 ὀρθόδοξον
1627 1251 1773 1283 ποιοῦντας

985 1300 1077 1327 αὐτόν.
1092 1300 1149 1327 Καὶ
1173 1301 1188 1327 ό
1215 1300 1350 1335 βασιλεὺς,
1363 1301 1397 1328 El
1417 1301 1538 1334 Ἄρειος,
1566 1299 1642 1334 φησὶ.
1662 1298 1699 1325 τὰ
1717 1297 1773 1331 τῆς

985 1347 1119 1374 συνόδου
1134 1347 1247 1382 φρονεῖ,
1269 1347 1380 1382 ὄψομαί
1400 1355 1433 1374 τε
1449 1346 1543 1374 αὑτὸν
1563 1343 1704 1380 εὐμενῶς,
1721 1343 1772 1370 καὶ

986 1393 1047 1420 σὺν
1069 1393 1139 1428 τιμῇ
1169 1393 1206 1428 τῇ
1229 1392 1289 1420 τῶν
1312 1392 1533 1427 Ἀλεξανδρέων
1557 1389 1773 1426 ἐγκαταστήσω

993 1438 1168 1472 Ἔκκλησίᾳ.
1180 1438 1273 1466 Ταῦτα
1287 1437 1374 1473 ἔλεγε,
1389 1437 1514 1473 καὶπρὸς
1526 1437 1622 1464 ἑαυτὸν
1636 1435 1775 1471 μετεπέμ-

986 1493 1053 1512 πετο
1066 1485 1181 1521 γράφων
1204 1484 1286 1521 [me
1295 1484 1342 1521 11.]
1359 1485 1414 1511 Καὶ
1427 1485 1441 1511 ό
1455 1485 1565 1519 ’Ἄρειος
1578 1483 1637 1518 ἅμα
1655 1482 1696 1518 τῷ
1709 1489 1775 1514 συγ-

986 1531 1172 1567 καθῃρημένῳ
1191 1531 1305 1566 Εὑζωίῳ
1321 1530 1390 1566 πρὸς
1407 1530 1457 1565 τὴν
1474 1530 1552 1556 πόλιν
1567 1527 1773 1555 Κωνσταντίνου

987 1579 1183 1613 παραγίνεται·
1201 1578 1249 1604 καὶ
1275 1578 1382 1612 δέχεται
1407 1576 1506 1608 αὐτοὺς
1532 1574 1732 1610 φιλανθρώπως
1760 1575 1775 1600 ὁ

987 1625 1126 1660 βασιλεύς.
1143 1623 1198 1651 Καὶ
1211 1624 1243 1651 τὸ
1255 1624 1382 1659 φρόνημα
1398 1622 1555 1659 ἐπερωτῶν.
1570 1621 1664 1648 ἀκούει
1684 1619 1777 1654 λεγόν-

986 1679 1040 1697 των
1056 1670 1093 1705 μὴ
1106 1670 1170 1697 ἄλλο
1184 1678 1212 1696 τι
1232 1670 1340 1705 φρονεῖν
1355 1669 1432 1704 παρὰ
1445 1668 1495 1703 τὴν
1507 1667 1614 1694 ἔκθεσιν
1628 1666 1683 1693 τῶν
1698 1674 1776 1701 τρια-

987 1716 1086 1743 κοσίων
1108 1716 1174 1743 δέκα
1202 1715 1250 1742 καὶ
1269 1713 1341 1741 ὀκτὼ
1365 1715 1450 1749 ἁγίων
1466 1713 1606 1749 Πατέρων.
1624 1711 1705 1739 ’Δλλὰ
1728 1712 1777 1738 καὶ

988 1762 1068 1797 ὅρκον
1084 1762 1108 1788 οι
1125 1761 1237 1788 δείλαιοι
1256 1762 1290 1797 τῇ
1304 1761 1483 1797 πεπλασμένῃ
1501 1759 1662 1786 ἐπετίθεσαν
1681 1758 1777 1793 ὁμολο-

988 1807 1046 1843 γίᾳ.
1068 1805 1099 1834 '0
1115 1807 1144 1833 δὲ
1159 1807 1284 1841 βασιλεὺς
1303 1806 1441 1841 ἔγγραφον
1466 1806 1564 1837 αὐτοὺς
1583 1804 1722 1831 ἐπιδοῦναι
1745 1803 1777 1830 τὸ

989 1853 1117 1888 φρόνημα
1130 1852 1247 1880 κελεύει.
1265 1853 1297 1880 Οἱ
1312 1852 1341 1879 δὲ
1356 1851 1505 1888 προθύμως
1523 1851 1692 1887 ὲγγράφουσι
1703 1850 1726 1866 ⁵⁸
1742 1849 1777 1876 τὰ

988 1899 1088 1935 ψευδῆ-
1105 1899 1244 1925 πιστεύειν
1256 1899 1310 1935 γὰρ
1328 1899 1425 1930 αὐτούς
1437 1907 1467 1925 τε
1479 1899 1527 1925 καὶ
1543 1899 1606 1930 τοὺς
1621 1897 1669 1924 σὺν
1685 1897 1778 1928 αὐτοῖς

988 1946 1028 1981 τῷ
1040 1946 1184 1982 γράμματι
1199 1946 1302 1980 ἔλεγον,
1316 1947 1366 1973 ὅσα
1378 1946 1426 1972 καὶ
1438 1947 1470 1981 τῇ
1486 1945 1593 1981 γλώττῃ
1603 1945 1776 1972 ὲπλάττοντο.

995 1993 1135 2027 Ἐξίστατο
1153 1993 1243 2020 τοίνυν
1256 1994 1270 2020 ό
1285 1993 1411 2029 βασιλεὺς
1425 1989 1465 2024 οἷς
1476 1992 1658 2027 διωμολόγουν
1672 1991 1722 2025 τὴν
1734 1990 1779 2016 εὐ-

991 2040 1111 2074 σέϐειαν,
1136 2040 1184 2067 καὶ
1212 2041 1384 2076 παραχρῆμα
1404 2039 1473 2075 πρὸς
1496 2039 1546 2075 τὴν
1574 2037 1777 2072 Ἀλεξάνδρειαν

990 2086 1070 2112 αὐτόν
1086 2094 1116 2112 τε
1130 2086 1178 2112 καὶ
1190 2085 1254 2122 [770
1264 2085 1286 2112 H
1299 2085 1309 2121 ]
1323 2086 1386 2116 τοὺς
1397 2085 1446 2111 σὺν
1458 2084 1532 2119 αὑτῷ
1551 2083 1620 2119 μετὰ
1633 2083 1717 2118 τιμῆς
1730 2083 1777 2109 ἑκ-

991 2131 1106 2165 πέμπει.
1124 2131 1153 2157 ’0
1166 2130 1194 2157 δὲ
1208 2130 1258 2164 τῆς
1275 2129 1476 2164 Ἀλεξανδρείας
1488 2130 1634 2165 ἀρχιερεὺς
1654 2128 1780 2161 Ἀλέξαν-

990 2176 1062 2212 δρος,
1075 2177 1258 2211 συμπνέοντος
1275 2176 1349 2211 αὐτῷ
1372 2176 1543 2206 Ἀθανασίου.
1561 2176 1607 2202 τὸν
1621 2174 1779 2208 ἀποστάτην

991 2224 1020 2249 οὐ
1035 2224 1158 2259 δέχεταιο
1172 2224 1219 2250 καὶ
1235 2222 1313 2255 αὖθις
1331 2223 1440 2258 Ἀρειος
1462 2224 1511 2258 τὴν
1525 2223 1631 2258 αἵρεσιν
1646 2221 1780 2248 ἀνεκάλυ-

992 2278 1054 2301 πτε,
1062 2269 1154 2296 καὶτὰ
1163 2270 1213 2305 τῆς
1223 2269 1361 2304 Αἰγύπτου
1374 2270 1546 2305 ἐταράττετο.
1559 2270 1614 2296 Καὶ
1626 2269 1640 2295 ὸ
1652 2267 1780 2303 βασιλεὺς

993 2316 1188 2351 μετάπεμπτον
1202 2317 1319 2343 ποιεῖται
1334 2316 1381 2342 τὸν
1400 2317 1517 2352 Ἀρειον,
1530 2315 1578 2341 καὶ
1591 2313 1780 2340 ἀναπυνθάνε-

990 2372 1036 2390 ται
1066 2364 1091 2389 εἰ
1119 2363 1241 2398 διαμένοι
1269 2360 1311 2394 οἷς
1335 2363 1408 2398 αὐτῷ
1428 2364 1451 2379 ⁵³
1474 2360 1682 2396 συνωμολόγησε
1708 2360 1780 2387 κατὰ

991 2409 1137 2445 πρόσωπον
1147 2418 1154 2426 ·
1171 2409 1185 2435 ὁ
1197 2409 1226 2436 δὲ
1241 2409 1323 2436 πάλιν
1337 2409 1453 2443 ἑτοίμως
1469 2410 1526 2439 τοῖς
1540 2407 1632 2439 αὐτοῖς
1649 2406 1780 2442 ἐμμένειν

146 2453 230 2479 «lere:
246 2452 370 2480 chartam
391 2461 456 2480 vero
474 2453 525 2488 piae
540 2452 681 2485 doctrinae.
695 2453 739 2480 cui
749 2452 804 2488 jam
816 2453 935 2481 subscri-

994 2456 1214 2490 συγκατετίοετο,
1235 2457 1281 2483 καὶ
1295 2457 1376 2492 ὅρκον
1389 2456 1413 2472 ⁵⁸
1435 2456 1489 2486 τοῖς
1508 2455 1598 2489 λόγοις
1619 2453 1779 2481 ἐπέϐαλλεν.

146 2502 231 2530 serat,
248 2499 405 2533 protulisse.

988 2499 1042 2528 Ἦν
1059 2501 1088 2528 δὲ
1102 2502 1188 2537 σκηνὴ
1207 2502 1294 2529 ταῦτα
1306 2502 1406 2531 πάντα,
1420 2502 1467 2528 καὶ
1487 2501 1590 2536 σκηνῆς
1603 2498 1780 2535 δραματικῶ-

147 2551 225 2579 cepa.
253 2544 323 2570 Φασὶ
349 2544 370 2570 δ’
392 2544 430 2576 ὡς
443 2545 472 2571 ὲν
485 2538 627 2579 μυστηρίῳ
637 2543 747 2579 γράψας
758 2544 865 2578 ’Ἄρειος
877 2544 980 2580 βιϐλίον
994 2547 1041 2573 καὶ
1057 2547 1109 2574 ὑπὸ
1122 2548 1210 2583 μάλης
1227 2547 1317 2583 φέρων
1333 2547 1374 2581 (to
1391 2546 1419 2573 δὲ
1435 2546 1537 2581 βιϐλίον
1551 2545 1668 2577 ἀναιδῶς
1691 2543 1781 2571 ἐλάλει

148 2590 198 2625 τὴν
217 2590 387 2625 δυσσέϐειαν)
417 2590 524 2626 ὤμνυεν
541 2588 613 2617 οὕτω
643 2592 763 2626 φρονεῖν,
799 2591 845 2618 τὸν
867 2591 917 2628 τῆς
942 2593 1084 2626 εὐσεϐείας
1108 2595 1149 2626 εἰς
1172 2594 1202 2621 τὺ
1227 2594 1349 2630 ἐμφανὲς
1369 2593 1519 2630 προτείνων
1546 2594 1660 2629 χάρτην,
1676 2591 1714 2623 ὡς
1732 2590 1779 2617 καὶ

148 2637 326 2673 ὑπογράψειε.

184 2684 270 2712 Paulo
292 2691 353 2721 post
372 2686 520 2722 imperator
534 2685 664 2714 caducam
681 2686 751 2714 hanc
767 2686 849 2713 vitam
872 2694 935 2713 cum

1027 2687 1105 2715 Μετὰ
1118 2687 1146 2713 δὲ
1166 2687 1268 2722 βραχὺν
1282 2687 1379 2722 χρόνον
1400 2688 1415 2713 ὁ
1436 2686 1562 2722 βασιλεὺς
1580 2686 1626 2712 τὸν
1647 2685 1779 2721 έπίκηρςν

149 2730 299 2759 immortali
329 2733 527 2765 commutavit,
564 2740 626 2760 cum
651 2735 742 2760 annos
774 2732 885 2767 triginta
910 2735 935 2759 et

993 2733 1033 2765 είς
1044 2733 1089 2760 τὸν
1102 2734 1241 2769 ἀκήρατον
1258 2732 1435 2768 μεταλλάττει
1447 2733 1514 2768 βίον,
1529 2733 1577 2759 ἕνα
1592 2732 1641 2767 μὲν
1657 2732 1780 2758 ἐνιαυτὸν

772 2788 890 2817 VARle
919 2788 1120 2817 LECTIONES.

616 2836 749 2876 βασιλέως
772 2837 926 2876 Ιςωνστ-..ιμ
943 2871 949 2876 _
975 2836 1000 2876 “_
1012 2836 1141 2876 διεϐλήθη
1157 2836 1186 2864 Β.
1206 2872 1211 2876 ι
1225 2837 1243 2852 ⁸⁷
1259 2837 1303 2863 τὸν
1316 2837 1424 2876 Ἄρειον
1441 2835 1570 2876 ἀνεθῇναι
1585 2843 1615 2867 ς.

867 2872 887 2888 ’ί
908 2871 954 2898 καὶ
967 2871 1030 2899 add.
1045 2874 1065 2898 A
1099 2871 1102 2872 ⁷
1120 2873 1142 2888 ¹¹¹
1162 2872 1297 2908 γράφουσι
1310 2871 1358 2900 Α(
1394 2873 1417 2889 ³³
1434 2871 1516 2898 αὑτοῦ
1532 2873 1564 2898 Δ.

1666 2833 1688 2850 ⁸⁸
1700 2833 1779 2860 ἀδελ-

1617 2870 1641 2885 "
1655 2869 1702 2896 atat
1736 2870 1781 2896 τὸν

185 2836 209 2852 ⁸⁸
219 2834 266 2864 οὖν
279 2845 335 2865 om.
353 2837 382 2864 Β.
433 2837 456 2853 ⁸⁵
471 2836 600 2868 εὐσεϐοῦς

150 2870 193 2934 go)
205 2880 234 2904 ς.
274 2873 296 2888 ⁸³
315 2872 473 2904 ἐπιχάλκοις
488 2880 518 2904 ς.
557 2872 580 2888 ⁸⁰
594 2870 643 2898 οὐκ
659 2872 705 2898 καὶ.
716 2873 766 2898 οὐκ
782 2873 812 2898 Α.

168 2915 231 2934 οκον
248 2916 280 2934 c.

168 2915 231 2941 ρκον
248 2916 268 2940 ς
274 2928 280 2935 .
