1952 3072
199 192 253 226 ῙῙῚ

714 196 978 227 BIBLIOTHECA.
996 207 1030 214 -
1047 196 1130 227 COD.
1160 196 1278 228 CCLVI.

1785 196 1835 229 118

199 250 249 276 καὶ
261 249 409 284 τριάκοντα
420 249 594 285 βασιλεύσας,
610 250 692 277 πέντε
705 251 733 277 δὲ
748 252 796 278 καὶ
807 251 940 287 ἐξήκοντα
948 250 984 278 tbi

1045 257 1130 278 unum
1146 251 1316 286 imperasset,
1327 251 1471 287 sexaginta
1485 250 1607 287 quinque
1622 250 1696 287 ipsos
1710 252 1831 280 vixisset.

198 296 260 322 ὅλον
276 295 513 331 διαπερανάμενος
528 297 594 332 βίον.
611 297 751 324 Τελευτῶν
761 298 789 324 δὲ
801 297 840 333 τῷ
853 298 903 333 τῆς
915 298 992 332 αἱρέ-

201 350 272 372 σεως
285 342 467 378 πρεσϐυτέρῳ
484 343 533 378 τὴν
544 343 677 378 διαθήκην
692 344 887 379 παρατίθησιν,
905 345 992 370 ὲντει-

197 386 317 422 λάμενος
334 388 487 422 ἐγχειρίσαι
511 388 709 424 Κωνσταντίνῳ
725 389 828 425 ταύτην
849 390 887 425 τῷ
904 390 991 423 παιδὶ,

197 433 228 460 δν
252 433 301 460 καὶ¹
322 434 339 468 ὴ
360 433 477 469 διαθήκη
492 434 543 469 τῆς
561 435 691 470 πατρῴας
715 436 813 471 μοίρας
835 436 883 463 καὶ
905 437 991 472 ἀρχῆς

197 479 321 514 διάδοχον
339 481 386 506 καὶ
404 480 514 516 βασιλέα
532 481 662 516 ἔγραφεν.
679 481 709 508 '0
722 482 751 509 δὲ
768 483 815 509 καὶ
834 483 903 518 πρὸς
925 483 992 510 Θεὸν

198 525 248 551 καὶ
264 525 333 560 πρὸς
345 525 509 562 ἀνθρώπους
527 527 557 553 τὸ
569 527 664 554 πιστὸν
684 528 735 554 οὐκ
752 528 822 564 ἔχων
837 529 992 564 πρεσϐύτε-

202 579 248 606 ρος
259 571 413 598 ἐπιδίδωσιν
432 573 462 598 ἐν
477 573 568 607 κρυφῇ
587 573 637 607 τὴν
650 573 784 608 διαθήκην
797 574 990 609 Κωνσταντίῳ,

199 617 334 652 προδότης
349 617 445 651 φανεὶς
460 617 519 653 ἄμα
534 619 637 654 πατρός
647 628 678 645 τε
693 619 827 655 διαθήκης
838 620 862 636 ⁸³
875 621 921 647 καὶ
932 629 993 647 παι-

197 662 242 694 δὸς
256 662 450 697 κληρονομίας.
462 664 627 700 Συνέτρεχον
637 665 665 692 δὲ
674 667 707 701 τῇ
721 665 851 702 προδοσίᾳ
862 666 992 698 Εὑσέϐιός

198 717 229 735 τε
249 710 263 736 ὁ
276 709 412 746 δυσσεϐὴς
427 711 619 746 πραιπόσιτος,
637 711 685 739 καὶ
699 712 774 740 ἄλλοι
788 713 861 744 τινὲς
880 713 927 739 καὶ
940 713 992 748 τῆς

197 754 359 788 δυσσεϐείας
374 757 422 783 καὶ
435 759 484 793 τῆς
497 758 662 793 ἀνδρογύνου
678 758 786 793 φύσεως
797 759 989 787 συνθιασῶται.

201 802 284 828 Ἀλλὰ
297 802 353 838 γὰρ
366 803 512 838 προδίδωσι
527 804 577 839 μὲν
596 804 630 831 τὰ
650 795 828 832 πιστευθέντα
843 807 991 833 Κωνσταν-

193 848 256 883 τίῳ,
264 849 312 884 τῆς
319 849 348 875 δὲ
358 849 426 885 πρὸς
435 849 597 886 ἀνθρώπους
603 850 686 878 αὑτοῦ
696 852 826 883 ἀπιστίας
833 852 904 879 αἰτεῖ
913 853 991 888 μισθ-

193 894 344 921 αποδοσίαν
359 896 549 923 Κωνστάντιον
562 896 614 931 τῆς
627 897 650 913 ⁸⁸
669 897 754 932 ὀρθῆς
771 898 854 925 αὑτοῦ
870 898 991 931 πίστεως

1042 296 1160 325 Moriens
1196 301 1288 326 autem
1312 298 1447 326 sacerdoti
1479 298 1607 326 hazretico
1638 302 1831 326 testamentum

1043 344 1199 377 committit,
1212 344 1346 372 mandans
1360 344 1386 371 id
1401 344 1471 372 tradi
1481 344 1662 373 Constantino
1676 345 1740 378 lilio,
1752 354 1832 381 quem

1043 391 1197 418 testamenti
1212 391 1312 418 tabulis
1320 395 1439 426 paterna:
1447 391 1527 419 sortis
1535 396 1562 419 et
1571 391 1678 427 imperii
1691 400 1833 420 successo-

1042 443 1099 463 rem
1127 437 1373 472 imperatoremque
1385 437 1557 473 designabat.
1575 437 1721 470 Sacerdos,
1739 446 1827 474 neque

1043 482 1098 511 Deo
1114 491 1165 511 nec
1180 483 1337 512 hominibus
1354 492 1465 512 servans
1486 485 1579 518 ﬁdem,
1602 485 1648 512 dat
1667 485 1772 512 occulte
1795 491 1834 513 te-

1042 534 1208 557 stamentum
1222 530 1393 564 Constantio,
1409 535 1437 558 et
1450 531 1532 558 simul
1547 531 1669 566 proditor
1689 532 1785 566 patris,
1805 537 1833 559 et

1043 577 1208 609 testamenti,
1229 580 1257 604 et
1272 576 1438 604 haereditatis
1453 576 1500 603 lilii
1514 577 1649 611 apparuit.
1675 576 1832 611 Adjuvabat

1041 621 1066 647 ei
1086 621 1113 648 in
1135 628 1166 648 ea
1183 621 1339 656 proditione
1360 626 1387 649 et
1404 620 1536 649 Eusebius
1558 621 1658 656 impius
1672 622 1830 657 episcopus.

1041 670 1069 693 et
1083 666 1128 693 alii
1145 667 1281 700 nonnulli,
1293 671 1320 694 et
1339 666 1496 702 impietatis,
1521 672 1548 694 et
1565 667 1685 695 semiviri
1706 667 1826 695 sodales.

1038 712 1134 739 Tradit
1152 712 1196 739 ille
1210 712 1338 740 sacerdos
1356 712 1518 741 Constantio
1533 713 1755 741 commendatum
1772 713 1824 740 sibi

1041 762 1246 791 testamentum,
1278 765 1305 786 et
1333 759 1501 786 infidelitatis
1532 766 1588 787 sum
1611 766 1676 793 erga
1701 758 1830 787 homines

1040 803 1264 839 petitmercedem
1280 812 1294 832 a
1307 804 1478 836 Constantio,
1496 804 1680 839 proditionem
1696 804 1824 832 nimirum

1040 851 1153 878 sincerae
1169 851 1230 878 ﬁdei
1246 852 1358 886 praemio
1371 853 1525 887 postulans,
1544 857 1570 879 et
1584 851 1732 880 Eusebium
1750 852 1832 879 Nico-

1040 895 1136 922 mediae
1151 895 1308 931 episcopum
1330 897 1434 924 socium
1450 897 1585 932 adiungit,
1607 901 1634 924 et
1662 896 1714 924 hoc
1736 901 1830 932 agunt,

192 940 350 974 προδοσίαν.
367 942 422 968 Καὶ
438 942 653 978 συνεταιρίζεται
670 943 716 970 τὸν
730 944 917 980 Νικομηδείας
932 946 984 972 Εὑ-

1042 947 1070 970 ut
1083 942 1165 970 Arius
1181 950 1234 970 non
1247 942 1429 976 Alexandriat,
1445 944 1492 971 sed
1512 943 1748 978 Constantinopoli
1764 951 1832 970 cau-

192 986 295 1019 σέϐιον,
330 989 378 1014 καὶ
410 987 633 1024 διαμηχανῶνται
665 989 712 1016 τὸν
746 991 855 1026 Ἀρειον
889 992 927 1028 μὴ
958 994 987 1020 ἐν

198 1032 400 1069 Ἀλεξανδρείᾳ,
428 1034 486 1061 ἀλλ’
503 1035 532 1062 ὲν
542 1035 830 1065 Κωνσταντινουπόλει
852 1039 987 1075 ἀκουσθῆ-

189 1087 248 1109 ναι.
273 1080 360 1114 ῥᾷστα
386 1080 505 1115 οἰόμενοι
525 1082 703 1117 περιέσεσθαι
719 1084 741 1100 ³⁷
764 1084 924 1113 Ἀθανασίου
948 1087 985 1123 μὴ

189 1124 338 1159 παρόντος,
351 1126 399 1152 καὶ
414 1126 474 1161 ἅμα
491 1127 540 1162 τὴν
552 1127 601 1154 τοῦ
618 1128 751 1163 βασιλέως
762 1130 906 1158 αὑθεντίαν
925 1132 986 1167 μεθ’

189 1170 298 1196 ἑαυτῶν
313 1171 453 1207 φέροντες.
472 1173 563 1199 Πολλὰ
575 1173 603 1200 δὲ
616 1173 656 1209 τῷ
672 1175 986 1211 Κωνσταντινουπόλεως

195 1215 367 1252 Ἀλεξάνδρῳ
377 1217 564 1253 διαλεχθέντες
579 1220 642 1255 περὶ
658 1221 819 1256 συμϐάσεως
832 1223 866 1249 τὰ
880 1224 929 1259 τῆς
941 1225 986 1250 εὑ-

189 1261 301 1294 σεϐείας
325 1265 537 1301 περικειρούσης
559 1265 694 1302 δόγματα,
722 1268 760 1299 ὡς
787 1269 837 1295 οὐκ
864 1269 982 1302 ἔπειθον,

186 1309 363 1344 προτείνουσι
383 1311 464 1346 δῆθεν
476 1312 499 1328 ⁵⁸
522 1312 662 1347 βασιλικὸν
686 1313 853 1350 πρόσταγμα
878 1315 893 1351 ῆ
914 1317 984 1351 μετὰ

186 1355 237 1382 τοῦ
251 1358 424 1392 φρονήματος
440 1358 567 1394 δέχεσθαι
580 1359 691 1395 Ἀρειον
709 1360 725 1396 ἢ
743 1361 790 1387 τοῦ
804 1362 900 1397 θρόνου
915 1363 983 1389 ὐπο-

187 1403 290 1437 χωρεῖν
301 1411 308 1417 ·
327 1403 351 1429 εί
364 1402 393 1429 δὲ
412 1403 558 1439 μηδέτερον
575 1404 673 1438 ἕλοιτο,
687 1406 834 1440 γινώσκειν
846 1407 928 1434 αὑτὺν
943 1409 983 1440 είς

187 1448 339 1483 ὑπερορίαν
358 1450 562 1484 ἐκπέμπεσθαι.
580 1452 708 1478 Ἔπειθον
723 1453 751 1479 δὲ
771 1454 819 1480 καὶ
837 1455 982 1482 Κωνστάν-

186 1502 246 1520 τιον
266 1494 296 1521 τὸ
313 1495 492 1530 ἀνδράποδον,
507 1497 536 1522 ὲν
552 1497 575 1513 ¹⁹
590 1498 646 1529 τοῖς
660 1498 765 1533 ὁμοίοις
783 1499 874 1533 λόγοις
896 1509 981 1535 μετα-

187 1539 368 1575 πεμψάμενον
387 1541 434 1567 τὸν
450 1542 522 1576 ἱερὸν
544 1542 716 1578 Ἀλέξανδρον
732 1544 858 1576 ἀπειλαῖς
871 1554 901 1571 τε
915 1546 982 1572 ὐπο-

187 1584 293 1616 ϐαλεῖν,
318 1586 366 1612 καὶ
393 1587 589 1621 μνησικακίας,
607 1587 665 1614 ἀλλ’
679 1589 729 1616 οὐκ
749 1589 891 1622 εὐσεϐείας
907 1590 980 1627 λόγῳ

186 1632 238 1665 τὴν
254 1631 324 1665 πρὸς
336 1633 446 1668 ’Λρειον
463 1634 588 1669 στέργειν
608 1635 767 1670 ἀπέχθειαν.
789 1636 817 1663 '0
837 1637 864 1663 δὲ
885 1639 917 1673 τῇ
935 1638 982 1664 τοῦ

187 1677 309 1712 Χριστοῦ
330 1679 443 1714 δυνάμει
459 1681 506 1707 καὶ
522 1680 562 1716 τῷ
578 1681 756 1717 ἀνεπιλήπτῳ
782 1683 829 1710 καὶ
851 1683 896 1710 τοῦ
924 1683 982 1719 βίου

187 1723 297 1758 καὶτῆς
309 1725 487 1760 συνειδήσεως
501 1725 611 1762 θαρρῶν
626 1726 708 1763 [1417
724 1727 769 1764 IL]
784 1730 929 1764 ἀμείϐεται
944 1731 983 1765 τῷ

188 1769 307 1803 βασιλεῖ·
325 1780 334 1795 ι
350 1770 411 1797 Τῶν
421 1772 471 1806 μὲν
481 1772 657 1799 αἰτιαθέντων
669 1773 717 1808 τὴν
733 1773 864 1809 ἀλήθειαν
879 1776 895 1810 ὴ
907 1776 982 1802 ἐκεῖ-

187 1816 236 1841 θεν
251 1816 344 1851 ἡμέρα
363 1817 490 1852 δηλώσει,
506 1818 562 1853 ἐγὼ
576 1819 605 1845 δὲ
621 1819 667 1846 τὸν
690 1821 737 1847 ἐπὶ
751 1821 869 1858 τοσαύτῃ
887 1822 982 1849 δυσσε-

186 1863 252 1898 Esi;
268 1864 368 1891 ἁλόντα
379 1865 427 1891 καὶ.
440 1866 515 1901 παρὰ
528 1866 665 1894 τοσούτων
682 1867 833 1904 ἀρχιερέων
849 1879 982 1906 κατακρι-

187 1908 270 1935 θέντα
293 1910 342 1944 οὐχ
368 1908 425 1942 οἷός
448 1912 477 1937 τέ
507 1913 566 1945 εἰμι
596 1914 653 1941 τῶν
678 1916 803 1950 φρικτῶν
823 1917 983 1952 μυστηρίων

186 1954 281 1981 λαϐεῖν
293 1957 447 1984 κοινωνόν.ι
460 1958 488 1985 Ὀ
498 1958 527 1985 δὲ
539 1958 600 1995 [771
618 1960 665 1996 Η,]
674 1962 872 1995 Κωνστάντιος,
884 1973 892 1989 ι
900 1963 982 1999 Ὅρα,

186 2001 292 2034 φησὶν,
307 1998 330 2028 ὧ
362 2003 496 2030 ἐπίσκοπε
517 2005 575 2040 (καὶ
607 2006 661 2041 γάρ
691 2007 800 2039 σύνοδος
826 1998 984 2037 ἐπισκόπων

185 2046 367 2083 ἁθροίζεται),
388 2049 427 2084 μὴ
456 2051 503 2077 καὶ
522 2051 597 2078 ἄκων
611 2052 676 2089 δέξῃ
698 2054 788 2081 αὐτόν.
805 2063 814 2080 ι
844 2055 902 2090 Ἐφ’
915 2053 956 2088 οἷς
970 2057 984 2083 ὁ

185 2093 335 2128 ἀρχιερεὺς
352 2094 472 2126 ἀναστὰς
490 2095 598 2130 ἐξῆλθε,
617 2098 663 2123 καὶ
689 2097 758 2133 πρὸς
777 2099 827 2133 τὴν
848 2099 896 2126 τοῦ
915 2100 983 2128 Θεοῦ

185 2139 387 2172 παραγεγονὼς
413 2140 563 2176 ἐκκλησίαν
593 2145 758 2178 στεναγμοῖς
783 2146 832 2172 καὶ
854 2145 983 2180 δακρύοις

184 2184 252 2210 ἐϐόα
288 2185 356 2219 πρὸς
390 2186 436 2214 τδν
467 2187 544 2221 Θεδν,
576 2189 614 2224 μὴ
646 2190 691 2216 διὰ
721 2191 771 2227 τὴν
802 2193 981 2226 παρείσδυσιν

190 2229 300 2265 Ἀρείου
317 2231 340 2247 ⁸⁸
359 2232 526 2268 ἀνασχέσθαι
550 2235 777 2273 διασκεδασθῆναι
793 2237 843 2273 τὴν
863 2239 982 2275 ποίμνην

1039 997 1097 1017 sam
1115 989 1198 1021 dicat,
1213 989 1295 1017 facile
1309 989 1360 1016 rati
1381 989 1439 1016 fore
1463 989 1582 1022 vincere,
1609 989 1760 1017 Athanasio
1775 997 1829 1017 non

1039 1040 1183 1070 przesente,
1208 1039 1234 1062 et
1261 1035 1343 1063 simul
1368 1035 1543 1070 imperatoris
1566 1035 1756 1061 auctoritatem
1777 1034 1828 1062 sibi

1038 1083 1174 1109 unientes.
1186 1081 1267 1109 Multa
1280 1089 1344 1109 eum
1356 1081 1510 1109 Alexandro
1522 1080 1832 1116 Constantinopolitano

1035 1129 1189 1164 patriarcha
1205 1129 1369 1156 disserentes
1385 1128 1420 1156 de
1447 1128 1547 1163 pactis,
1561 1136 1621 1163 qua:
1645 1128 1753 1163 pietatis
1780 1127 1829 1155 do-

1036 1176 1152 1204 ctrinam
1177 1180 1339 1210 corruptura
1354 1179 1444 1207 erant,
1460 1183 1522 1202 eum
1539 1183 1593 1202 non
1621 1175 1828 1210 persuaderent,

1036 1220 1196 1250 mandatum
1224 1222 1397 1257 imperatoris
1424 1221 1577 1258 proferunt,
1604 1221 1648 1249 vel
1677 1221 1830 1256 susciperet

1035 1268 1129 1295 Arium
1143 1276 1205 1295 eum
1229 1276 1279 1295 sua
1304 1268 1412 1300 hieresi,
1433 1268 1475 1296 vel
1487 1268 1550 1296 sede
1564 1269 1768 1296 exturbaretur.
1798 1267 1827 1294 Si

1036 1319 1182 1349 utrumque
1197 1314 1337 1347 detrectet,
1352 1315 1420 1342 sciat
1435 1322 1465 1342 se
1488 1316 1514 1341 in
1538 1315 1665 1342 exsilium
1689 1314 1827 1349 depellen-

1035 1361 1111 1387 dum.
1128 1360 1326 1388 Persuascrunt
1350 1365 1442 1388 autem
1457 1360 1618 1388 Constantio
1631 1365 1672 1393 ut,
1693 1360 1828 1388 accersito

1035 1406 1199 1438 Alexandro,
1225 1406 1279 1433 nisi
1307 1407 1404 1434 iisdem
1429 1411 1537 1442 pareret
1565 1407 1714 1439 mandatis,
1744 1406 1845 1442 etiam.

1035 1453 1192 1480 servitutem
1202 1452 1364 1485 minaretur,
1378 1457 1406 1480 et
1420 1452 1516 1489 4731)
1532 1453 1666 1480 maiorum
1682 1452 1827 1486 memoria,

1036 1506 1088 1524 non
1113 1497 1222 1532 pietatis
1244 1497 1345 1531 studio,
1368 1498 1431 1525 odio
1455 1499 1551 1525 Arium
1573 1498 1744 1525 habiturum.
1774 1498 1827 1531 Qui

1034 1546 1135 1573 Christi
1155 1545 1262 1578 virtuti,
1285 1550 1312 1572 et
1326 1545 1471 1580 inculpatae
1497 1545 1569 1579 vitae,
1589 1549 1616 1572 ct
1646 1545 1823 1572 conscientia

995 1606 1017 1637 Ο
1033 1593 1182 1625 conlidens,
1195 1593 1353 1628 imperatori
1366 1592 1505 1627 respondit
1519 1601 1526 1619 :
1547 1601 1555 1618 ι
1570 1591 1718 1637 Veritatem
1731 1599 1825 1619 eorum

1034 1639 1078 1672 qui
1099 1643 1263 1665 accusantur
1278 1642 1385 1672 tempus
1398 1637 1527 1672 deinceps
1543 1637 1678 1664 ostendet.
1693 1635 1749 1671 Ego
1761 1643 1827 1663 vero

1034 1690 1115 1712 tanta:
1131 1685 1277 1719 impietatis
1294 1685 1460 1715 convictum,
1475 1688 1501 1711 et
1524 1691 1539 1710 a
1556 1688 1595 1711 tot
1607 1683 1742 1718 episcopis
1753 1683 1827 1718 judi—

1034 1734 1137 1761 catum,
1149 1736 1202 1755 non
1214 1735 1324 1763 possum
1333 1729 1359 1754 in
1370 1728 1593 1755 communionem
1607 1727 1826 1755 venerandorum

1034 1777 1224 1812 mysteriorum
1244 1774 1396 1801 admittere.
1415 1783 1424 1799 ι
1438 1774 1613 1802 Constantius
1621 1781 1686 1800 vero
1701 1781 1708 1798 :
1723 1783 1731 1799 ι
1747 1772 1824 1805 Vide,

1035 1823 1133 1856 inquit,
1154 1822 1280 1857 episcope
1295 1821 1473 1856 (convocatur
1498 1821 1571 1848 enim
1599 1820 1744 1847 concilium
1765 1821 1825 1854 cpi-

1034 1866 1204 1902 scoporum),
1223 1874 1257 1893 ne
1268 1867 1309 1894 vel
1324 1867 1425 1893 invitus
1443 1866 1519 1893 illum
1532 1866 1676 1893 admittere
1687 1865 1822 1900 cogaris.»

1035 1913 1104 1940 Hinc
1114 1919 1262 1947 assurgens
1275 1912 1513 1947 archiepiscopus,
1530 1919 1659 1947 egressus
1673 1917 1725 1939 est.
1739 1915 1766 1937 et
1791 1910 1826 1938 ad

1035 1959 1082 1986 Dei
1094 1959 1239 1986 ecclesiam
1253 1966 1282 1986 se
1294 1958 1389 1986 confer
1399 1966 1460 1990 ens,
1471 1958 1619 1993 gemitibus
1641 1957 1826 1992 iaerymisque

1035 2006 1180 2032 invocabat
1195 2004 1280 2032 Deum
1299 2012 1332 2031 ne
1349 2007 1488 2039 pateretur
1503 2003 1626 2039 ingressu
1645 2003 1701 2030 Arii
1715 2010 1824 2038 gregem

1034 2059 1115 2079 suum
1137 2052 1239 2079 vastari
1262 2059 1268 2077 :
1295 2056 1323 2078 et
1348 2058 1442 2086 preces
1462 2050 1583 2085 episcopi
1611 2049 1741 2084 prestrati
1763 2053 1826 2076 ante

1034 2098 1120 2125 altare
1133 2101 1189 2124 tota
1208 2102 1286 2124 nocte
1299 2101 1424 2132 peractae.
1445 2096 1590 2126 Eusebius,
1619 2099 1648 2122 ut
1663 2100 1720 2122 erat
1743 2094 1826 2121 fervi-

1034 2143 1086 2170 dus
1100 2143 1246 2178 impietatis
1263 2146 1394 2172 sectatnr,
1411 2141 1587 2169 acceditcum
1615 2141 1695 2168 turba
1715 2141 1826 2167 hereti—

1034 2188 1128 2214 corum
1143 2187 1176 2215 ad
1185 2187 1292 2220 Arium,
1305 2191 1333 2214 et
1346 2187 1423 2222 jubet
1440 2187 1466 2213 in
1479 2186 1625 2214 concilium
1640 2186 1761 2220 prodire,
1771 2194 1825 2220 quo

1034 2234 1108 2266 sibi,
1131 2234 1216 2261 invito
1247 2234 1328 2261 etiam
1360 2234 1526 2265 Alexandro,
1558 2232 1685 2260 redderet
1709 2233 1825 2260 ablatam

184 2276 270 2302 αὑτοῦ
283 2284 290 2290 ·
309 2277 355 2304 καὶ
372 2279 388 2314 ἡ
406 2279 472 2314 εὐχὴ
493 2281 642 2316 παννύχιος
664 2283 717 2308 ὑπὸ
734 2283 763 2310 τὸ
785 2283 978 2321 θυσιαστήριον

1036 2281 1134 2315 injuste
1150 2280 1292 2308 sacerdotii
1308 2280 1477 2315 dignitatem.
1495 2279 1581 2314 igitur
1593 2279 1727 2307 tumultus
1738 2280 1827 2307 oritur

183 2323 314 2356 κειμένου
331 2323 378 2350 τοῦ
396 2324 547 2360 ἀρχιερέως
561 2326 725 2354 ἐπετελεῖτο.
748 2328 778 2354 '0
792 2329 820 2355 δὲ
836 2330 978 2363 Εὐσέϐιος,

183 2366 229 2394 οἷα
241 2369 292 2403 τῆς
315 2369 445 2403 ἀσεϐείας
457 2371 557 2407 θερμὸς
572 2373 700 2409 ἐραστὴς,
712 2374 895 2410 παραγίνεται
910 2378 979 2412 μετὰ

181 2414 236 2448 τῆς
250 2415 392 2450 αἱρετικῆς
411 2417 552 2452 φάλαγγος
569 2419 637 2454 πρὸς
655 2420 700 2446 τὸν
716 2421 834 2456 Ἀρειον,
848 2422 895 2449 καὶ
914 2431 985 2458 προ.

182 2461 256 2487 ἱέναι
285 2461 391 2488 κελεύει
416 2464 485 2498 πρὸς
500 2463 549 2499 τὴν
577 2465 696 2498 σύνοδον,
716 2466 776 2501 ἥτις
796 2469 872 2504 αὑτῷ
886 2471 907 2487 ⁶¹
932 2474 981 2501 καὶ

181 2505 299 2537 ἄκοντος
319 2507 496 2550 Ἀλεξάνδρου
517 2510 653 2537 ἀποδώσει
679 2511 709 2537 τὸ
731 2513 807 2548 παρὰ
826 2514 906 2550 δίκην
926 2518 979 2552 ἀφ-

180 2553 325 2589 ῃρημένον
343 2554 393 2590 τῆς
412 2555 562 2591 ἱερωσύνης
578 2556 697 2592 ἀξίωμα.
719 2558 843 2595 Ἐπείχεν
865 2561 913 2588 οὖν
932 2564 978 2591 θό-

182 2600 268 2635 ρυϐος
293 2601 340 2627 καὶ
366 2602 475 2637 ταραχὴ
491 2603 538 2629 ἐπὶ
554 2606 610 2636 τοῖς
627 2606 797 2640 κινουμένοις
821 2608 912 2635 πᾶσαν
925 2610 978 2645 τὴν

178 2647 272 2679 πόλιν,
285 2646 339 2672 τῶν
355 2647 405 2681 μὲν
418 2648 489 2684 ὑπὲρ
510 2649 614 2684 Ἀρείου
636 2651 853 2685 σπουδαζόντων,
876 2654 930 2681 τῶν
948 2655 977 2682 δὲ

177 2692 231 2726 τῆς
263 2692 405 2725 εὐσεϐείας
438 2693 488 2729 τὴν
523 2696 667 2730 προδοσίαν
695 2697 745 2724 οὐκ
788 2698 974 2734 ἀνεχομένων.

180 2738 332 2773 Ἤθροιστο
345 2739 369 2766 δ’
383 2737 431 2766 οὖν
443 2741 472 2767 ὲν
483 2742 516 2776 τῇ
531 2742 663 2778 ἐκκλησίᾳ
672 2744 686 2770 ὁ
699 2743 837 2779 σύλλογος.
851 2746 907 2772 Καὶ
920 2747 977 2778 τοῖς

1035 2331 1062 2354 et
1078 2327 1176 2354 seditio
1196 2327 1239 2354 his
1260 2327 1380 2354 motibus
1396 2334 1443 2361 per
1459 2331 1542 2353 totam
1559 2327 1653 2354 urbem
1672 2335 1679 2353 :
1696 2327 1740 2354 his
1761 2327 1824 2361 qui-

1034 2373 1095 2401 dem
1124 2374 1158 2400 ab
1185 2373 1248 2400 Ario
1275 2373 1422 2405 stantibus,
1438 2372 1491 2400 illis
1513 2377 1604 2399 autem
1622 2373 1744 2400 veritatis
1764 2380 1827 2408 pro-

1034 2419 1163 2447 ditionem
1180 2426 1235 2446 non
1253 2419 1414 2450 ferentibus,
1428 2418 1458 2445 iit
1473 2424 1624 2446 conventus
1645 2419 1672 2445 in
1697 2419 1824 2450 ecclesia,

1032 2470 1133 2493 etcum
1147 2466 1204 2493 suis
1225 2465 1338 2493 asseclis
1354 2465 1509 2499 praecedens
1534 2465 1627 2497 Arius,
1655 2468 1682 2491 et
1710 2465 1825 2491 descen-

1032 2512 1099 2538 dens
1114 2519 1148 2539 ex
1173 2519 1256 2546 equo.
1272 2518 1410 2538 secessum
1436 2511 1576 2546 publicum
1605 2510 1757 2546 ingreditur
1777 2510 1823 2544 qui

1031 2562 1090 2584 erat
1100 2557 1133 2584 ad
1150 2557 1240 2584 forum
1257 2557 1437 2589 Consmntini,
1453 2562 1480 2584 et
1495 2556 1678 2590 (exonerando
1702 2560 1823 2584 ventrem

1031 2611 1093 2631 cum
1107 2603 1289 2631 excrementis
1309 2603 1450 2636 intestina,
1468 2611 1531 2631 cum
1558 2603 1695 2630 intestinis
1720 2607 1748 2629 et
1762 2602 1823 2628 ani—

1032 2658 1104 2677 mam
1137 2649 1221 2677 miser
1238 2650 1385 2677 exhalavit.
1414 2650 1478 2683 Quo
1502 2657 1607 2677 moram
1637 2649 1772 2679 trahente.
1795 2653 1824 2675 et

1031 2697 1097 2732 quid
1115 2697 1216 2725 factum
1237 2702 1311 2726 esset
1327 2705 1389 2725 cum
1416 2697 1600 2732 ignoraretur,
1627 2696 1705 2723 aiunt
1729 2702 1823 2722 acces-

1031 2744 1101 2772 sisse
1126 2743 1287 2778 Eusebium,
1298 2748 1325 2771 et
1335 2743 1546 2779 reprehendisse
1573 2746 1675 2770 tantam
1705 2748 1820 2773 moram,

831 2827 949 2855 VARUS
977 2826 1180 2856 LEC'l‘lONES.

178 2899 182 2902 ”
267 2901 297 2919 τε
309 2895 356 2933 uel
370 2894 447 2933 διιιθ.Δ
459 2903 489 2926 ς.
528 2895 551 2912 ⁵⁵
563 2896 624 2933 τῆς]
638 2899 737 2925 rectius
757 2899 804 2933 τὴν
815 2899 875 2933 τῆς.

181 2929 277 2963 μηδέν,
307 2929 390 2965 idque
406 2931 535 2963 deletum,
555 2929 599 2960 ΑΞ
615 2929 678 2960 ὀιιι.
699 2933 728 2960 Β.
779 2929 802 2949 δν
818 2929 926 2962 siadd.
940 2929 972 2961 Δί

906 2899 942 2926 cl'.
957 2907 982 2933 p.
996 2897 1020 2926 Β
1036 2898 1116 2930 1456,
1133 2898 1174 2926 ll.
1213 2898 1235 2914 ⁵⁷
1249 2898 1410 2925 Ἀθανασίου
1426 2895 1602 2933 περιέσεσθαι
1615 2895 1648 2922 Δ.
1687 2895 1709 2912 ¹⁶¹
1727 2893 1818 2930 δῆθεν]

1027 2933 1050 2949 ⁸⁰
1075 2934 1180 2970 Ἀρείου
1195 2941 1249 2961 om.
1264 2936 1297 2960 Δ.
1335 2934 1356 2949 ⁶¹
1375 2932 1450 2967 αὐτῷ
1463 2931 1503 2959 ll:
1526 2931 1607 2958 αὑτήν
1624 2939 1655 2963 ς.
