  <div class='ocr_page' id='page_1' title='image "/cluster/home/n/w/nwhite01/storage/ocr_20150623/104/njp.32101077772885/065.png"; bbox 0 0 1945 3073; ppageno 0'>
   <div class='ocr_carea' id='block_1_1' title="bbox 153 182 204 214">
    <p class='ocr_par' dir='ltr' id='par_1_1' title="bbox 153 182 204 214">
     <span class='ocr_line' id='line_1_1' title="bbox 153 182 204 214; baseline 0.039 -2"><span class='ocrx_word' id='word_1_1' title='bbox 153 182 204 214; x_wconf 83' lang='grc'><strong>119</strong></span> 
     </span>
    </p>
   </div>
   <div class='ocr_carea' id='block_1_2' title="bbox 726 185 1199 217">
    <p class='ocr_par' dir='ltr' id='par_1_2' title="bbox 726 185 1199 217">
     <span class='ocr_line' id='line_1_2' title="bbox 726 185 1199 217; baseline 0.002 -2"><span class='ocrx_word' id='word_1_2' title='bbox 726 185 859 217; x_wconf 83' lang='grc' dir='ltr'>ΡΗΟΤΙΙ</span> <span class='ocrx_word' id='word_1_3' title='bbox 877 185 1132 216; x_wconf 73' lang='lat' dir='ltr'>PATRIABCH/E</span> <span class='ocrx_word' id='word_1_4' title='bbox 1147 185 1199 217; x_wconf 68' lang='grc' dir='ltr'>(ΣΡ.</span> 
     </span>
    </p>
   </div>
   <div class='ocr_carea' id='block_1_3' title="bbox 1729 184 1778 217">
    <p class='ocr_par' dir='ltr' id='par_1_3' title="bbox 1729 184 1778 217">
     <span class='ocr_line' id='line_1_3' title="bbox 1729 184 1778 217; baseline -0.041 0"><span class='ocrx_word' id='word_1_5' title='bbox 1729 184 1778 217; x_wconf 76' lang='grc'>12)</span> 
     </span>
    </p>
   </div>
   <div class='ocr_carea' id='block_1_4' title="bbox 150 235 947 276">
    <p class='ocr_par' dir='ltr' id='par_1_4' title="bbox 150 235 940 274">
     <span class='ocr_line' id='line_1_4' title="bbox 150 235 940 274; baseline 0.005 -11"><span class='ocrx_word' id='word_1_6' title='bbox 150 241 178 263; x_wconf 89' lang='lat' dir='ltr'>et</span> <span class='ocrx_word' id='word_1_7' title='bbox 195 235 362 272; x_wconf 76' lang='lat' dir='ltr'>increpuisse</span> <span class='ocrx_word' id='word_1_8' title='bbox 384 236 454 264; x_wconf 82' lang='lat' dir='ltr'><strong>hanc</strong></span> <span class='ocrx_word' id='word_1_9' title='bbox 479 237 506 264; x_wconf 93' lang='lat' dir='ltr'>in</span> <span class='ocrx_word' id='word_1_10' title='bbox 531 243 596 265; x_wconf 84' lang='lat' dir='ltr'><strong>suos</strong></span> <span class='ocrx_word' id='word_1_11' title='bbox 625 236 763 272; x_wconf 87' lang='lat' dir='ltr'><strong>injuriam,</strong></span> <span class='ocrx_word' id='word_1_12' title='bbox 794 239 940 274; x_wconf 82' lang='lat' dir='ltr'>servilique</span> 
     </span>
    </p>
   </div>
   <div class='ocr_carea' id='block_1_5' title="bbox 1002 235 1778 276">
    <p class='ocr_par' dir='ltr' id='par_1_5' title="bbox 1002 240 1778 276">
     <span class='ocr_line' id='line_1_5' title="bbox 1002 240 1778 276; baseline 0.005 -12"><span class='ocrx_word' id='word_1_13' title='bbox 1002 240 1128 274; x_wconf 63' lang='grc' dir='ltr'>νμοδόξοις</span> <span class='ocrx_word' id='word_1_14' title='bbox 1148 242 1308 276; x_wconf 83' lang='grc' dir='ltr'>συμπροῐων</span> <span class='ocrx_word' id='word_1_15' title='bbox 1324 248 1338 267; x_wconf 92' lang='grc' dir='ltr'>ο</span> <span class='ocrx_word' id='word_1_16' title='bbox 1352 240 1473 275; x_wconf 85' lang='grc' dir='ltr'>Ἀρειος,</span> <span class='ocrx_word' id='word_1_17' title='bbox 1494 241 1599 273; x_wconf 82' lang='grc' dir='ltr'>ἀποϐὰς</span> <span class='ocrx_word' id='word_1_18' title='bbox 1618 240 1666 268; x_wconf 79' lang='grc' dir='ltr'>τοῦ</span> <span class='ocrx_word' id='word_1_19' title='bbox 1682 240 1778 268; x_wconf 71' lang='grc' dir='ltr'>ἵππου,</span> 
     </span>
    </p>
   </div>
   <div class='ocr_carea' id='block_1_6' title="bbox 151 283 936 313">
    <p class='ocr_par' dir='ltr' id='par_1_6' title="bbox 151 283 936 313">
     <span class='ocr_line' id='line_1_6' title="bbox 151 283 936 313; baseline 0.004 -3"><span class='ocrx_word' id='word_1_20' title='bbox 151 283 300 311; x_wconf 91' lang='lat' dir='ltr'><strong>conditioni</strong></span> <span class='ocrx_word' id='word_1_21' title='bbox 333 284 405 311; x_wconf 88' lang='lat' dir='ltr'><strong>hanc</strong></span> <span class='ocrx_word' id='word_1_22' title='bbox 429 290 533 310; x_wconf 83' lang='lat' dir='ltr'><strong>moram</strong></span> <span class='ocrx_word' id='word_1_23' title='bbox 569 283 737 312; x_wconf 83' lang='lat' dir='ltr'><strong>attribuisse.</strong></span> <span class='ocrx_word' id='word_1_24' title='bbox 773 285 820 312; x_wconf 90' lang='lat' dir='ltr'><strong>llle</strong></span> <span class='ocrx_word' id='word_1_25' title='bbox 844 290 936 313; x_wconf 89' lang='lat' dir='ltr'><strong>autem</strong></span> 
     </span>
    </p>
   </div>
   <div class='ocr_carea' id='block_1_7' title="bbox 152 329 936 366">
    <p class='ocr_par' dir='ltr' id='par_1_7' title="bbox 152 329 936 366">
     <span class='ocr_line' id='line_1_7' title="bbox 152 329 936 366; baseline 0.003 -10"><span class='ocrx_word' id='word_1_26' title='bbox 152 330 260 357; x_wconf 86' lang='lat' dir='ltr'><strong>silentio</strong></span> <span class='ocrx_word' id='word_1_27' title='bbox 269 329 356 364; x_wconf 71' lang='lat' dir='ltr'><strong>magis</strong></span> <span class='ocrx_word' id='word_1_28' title='bbox 367 336 415 356; x_wconf 89' lang='lat' dir='ltr'>eos</span> <span class='ocrx_word' id='word_1_29' title='bbox 429 329 552 362; x_wconf 79' lang='lat' dir='ltr'><strong>oliendit,</strong></span> <span class='ocrx_word' id='word_1_30' title='bbox 565 337 648 364; x_wconf 88' lang='lat' dir='ltr'><strong>quam</strong></span> <span class='ocrx_word' id='word_1_31' title='bbox 663 330 791 358; x_wconf 71' lang='lat' dir='ltr'><strong>tarditate</strong></span> <span class='ocrx_word' id='word_1_32' title='bbox 805 331 936 366; x_wconf 87' lang='lat' dir='ltr'><strong>quamdiu</strong></span> 
     </span>
    </p>
   </div>
   <div class='ocr_carea' id='block_1_8' title="bbox 153 373 936 411">
    <p class='ocr_par' dir='ltr' id='par_1_8' title="bbox 153 373 936 411">
     <span class='ocr_line' id='line_1_8' title="bbox 153 373 936 411; baseline 0.004 -12"><span class='ocrx_word' id='word_1_33' title='bbox 153 374 341 409; x_wconf 72' lang='lat' dir='ltr'>ignorabatur.</span> <span class='ocrx_word' id='word_1_34' title='bbox 360 373 414 401; x_wconf 84' lang='lat' dir='ltr'><strong>Sed</strong></span> <span class='ocrx_word' id='word_1_35' title='bbox 424 373 558 402; x_wconf 85' lang='lat' dir='ltr'>Eusebius</span> <span class='ocrx_word' id='word_1_36' title='bbox 576 374 720 408; x_wconf 86' lang='lat' dir='ltr'>accedens,</span> <span class='ocrx_word' id='word_1_37' title='bbox 738 382 850 411; x_wconf 77' lang='lat' dir='ltr'>surgere</span> <span class='ocrx_word' id='word_1_38' title='bbox 864 375 936 402; x_wconf 91' lang='lat' dir='ltr'><strong>bono</strong></span> 
     </span>
    </p>
   </div>
   <div class='ocr_carea' id='block_1_9' title="bbox 114 419 936 456">
    <p class='ocr_par' dir='ltr' id='par_1_9' title="bbox 114 419 936 456">
     <span class='ocr_line' id='line_1_9' title="bbox 114 419 936 456; baseline 0.002 -10"><span class='ocrx_word' id='word_1_39' title='bbox 114 442 117 447; x_wconf 93' lang='lat'>.</span> <span class='ocrx_word' id='word_1_40' title='bbox 151 419 243 446; x_wconf 86' lang='lat' dir='ltr'><strong>animo</strong></span> <span class='ocrx_word' id='word_1_41' title='bbox 255 419 354 454; x_wconf 88' lang='lat' dir='ltr'><strong>jubet:</strong></span> <span class='ocrx_word' id='word_1_42' title='bbox 371 420 524 454; x_wconf 82' lang='lat' dir='ltr'><strong>exspectari</strong></span> <span class='ocrx_word' id='word_1_43' title='bbox 539 419 613 447; x_wconf 87' lang='lat' dir='ltr'><strong>enim</strong></span> <span class='ocrx_word' id='word_1_44' title='bbox 632 427 649 447; x_wconf 88' lang='lat' dir='ltr'>a</span> <span class='ocrx_word' id='word_1_45' title='bbox 681 424 738 447; x_wconf 89' lang='lat' dir='ltr'><strong>tota</strong></span> <span class='ocrx_word' id='word_1_46' title='bbox 767 421 884 456; x_wconf 85' lang='lat' dir='ltr'><strong>synodo,</strong></span> <span class='ocrx_word' id='word_1_47' title='bbox 907 425 936 448; x_wconf 87' lang='lat' dir='ltr'><strong>ut</strong></span> 
     </span>
    </p>
   </div>
   <div class='ocr_carea' id='block_1_10' title="bbox 151 466 937 495">
    <p class='ocr_par' dir='ltr' id='par_1_10' title="bbox 151 466 937 495">
     <span class='ocr_line' id='line_1_10' title="bbox 151 466 937 495; baseline 0.001 -2"><span class='ocrx_word' id='word_1_48' title='bbox 151 466 318 494; x_wconf 71' lang='lat' dir='ltr'>absolvatur.</span> <span class='ocrx_word' id='word_1_49' title='bbox 333 466 386 494; x_wconf 85' lang='lat' dir='ltr'><strong>Sed</strong></span> <span class='ocrx_word' id='word_1_50' title='bbox 406 467 451 495; x_wconf 88' lang='lat' dir='ltr'><strong>ille</strong></span> <span class='ocrx_word' id='word_1_51' title='bbox 465 467 492 494; x_wconf 90' lang='lat' dir='ltr'>in</span> <span class='ocrx_word' id='word_1_52' title='bbox 517 472 648 494; x_wconf 65' lang='lat' dir='ltr'><strong>aeternum</strong></span> <span class='ocrx_word' id='word_1_53' title='bbox 675 467 746 494; x_wconf 87' lang='lat' dir='ltr'><strong>silet.</strong></span> <span class='ocrx_word' id='word_1_54' title='bbox 772 466 806 494; x_wconf 86' lang='lat' dir='ltr'><strong>Et</strong></span> <span class='ocrx_word' id='word_1_55' title='bbox 829 467 937 495; x_wconf 87' lang='lat' dir='ltr'><strong>tandem</strong></span> 
     </span>
    </p>
   </div>
   <div class='ocr_carea' id='block_1_11' title="bbox 152 511 940 541">
    <p class='ocr_par' dir='ltr' id='par_1_11' title="bbox 152 511 940 541">
     <span class='ocr_line' id='line_1_11' title="bbox 152 511 940 541; baseline 0.003 -3"><span class='ocrx_word' id='word_1_56' title='bbox 152 511 246 539; x_wconf 83' lang='lat' dir='ltr'><strong>infelix</strong></span> <span class='ocrx_word' id='word_1_57' title='bbox 266 512 313 540; x_wconf 89' lang='lat' dir='ltr'><strong>ille</strong></span> <span class='ocrx_word' id='word_1_58' title='bbox 331 512 466 540; x_wconf 86' lang='lat' dir='ltr'><strong>Eusebius</strong></span> <span class='ocrx_word' id='word_1_59' title='bbox 487 516 627 540; x_wconf 87' lang='lat' dir='ltr'><strong>mortuum</strong></span> <span class='ocrx_word' id='word_1_60' title='bbox 647 520 710 541; x_wconf 87' lang='lat' dir='ltr'><strong>esse</strong></span> <span class='ocrx_word' id='word_1_61' title='bbox 730 512 862 540; x_wconf 78' lang='lat' dir='ltr'><strong>intellexit</strong></span> <span class='ocrx_word' id='word_1_62' title='bbox 878 521 885 540; x_wconf 86' lang='lat'><strong>:</strong></span> <span class='ocrx_word' id='word_1_63' title='bbox 899 512 940 540; x_wconf 91' lang='lat' dir='ltr'>sic</span> 
     </span>
    </p>
   </div>
   <div class='ocr_carea' id='block_1_12' title="bbox 152 558 940 594">
    <p class='ocr_par' dir='ltr' id='par_1_12' title="bbox 152 558 940 594">
     <span class='ocr_line' id='line_1_12' title="bbox 152 558 940 594; baseline -0.001 -9"><span class='ocrx_word' id='word_1_64' title='bbox 152 558 275 594; x_wconf 76' lang='lat' dir='ltr'><strong>synodus</strong></span> <span class='ocrx_word' id='word_1_65' title='bbox 303 559 482 586; x_wconf 85' lang='lat' dir='ltr'><strong>dissolvitur:</strong></span> <span class='ocrx_word' id='word_1_66' title='bbox 502 563 530 586; x_wconf 89' lang='lat' dir='ltr'>et</span> <span class='ocrx_word' id='word_1_67' title='bbox 556 559 603 594; x_wconf 86' lang='lat' dir='ltr'>qui</span> <span class='ocrx_word' id='word_1_68' title='bbox 632 559 816 586; x_wconf 79' lang='lat' dir='ltr'><strong>Alexandrum</strong></span> <span class='ocrx_word' id='word_1_69' title='bbox 843 558 940 586; x_wconf 81' lang='lat' dir='ltr'><strong>exsilio</strong></span> 
     </span>
    </p>
   </div>
   <div class='ocr_carea' id='block_1_13' title="bbox 153 597 941 640">
    <p class='ocr_par' dir='ltr' id='par_1_13' title="bbox 153 597 941 640">
     <span class='ocr_line' id='line_1_13' title="bbox 153 597 941 640; baseline 0.003 -9"><span class='ocrx_word' id='word_1_70' title='bbox 153 597 359 632; x_wconf 85' lang='lat' dir='ltr'><strong>condemnaturi</strong></span> <span class='ocrx_word' id='word_1_71' title='bbox 395 609 484 637; x_wconf 84' lang='lat' dir='ltr'><strong>erant,</strong></span> <span class='ocrx_word' id='word_1_72' title='bbox 519 605 694 640; x_wconf 81' lang='lat' dir='ltr'><strong>abrogantes,</strong></span> <span class='ocrx_word' id='word_1_73' title='bbox 716 605 829 640; x_wconf 72' lang='lat' dir='ltr'><strong>abiectis</strong></span> <span class='ocrx_word' id='word_1_74' title='bbox 849 605 941 639; x_wconf 87' lang='lat' dir='ltr'><strong>impiis</strong></span> 
     </span>
    </p>
   </div>
   <div class='ocr_carea' id='block_1_14' title="bbox 152 647 941 683">
    <p class='ocr_par' dir='ltr' id='par_1_14' title="bbox 152 647 941 683">
     <span class='ocr_line' id='line_1_14' title="bbox 152 647 941 683; baseline 0.004 -9"><span class='ocrx_word' id='word_1_75' title='bbox 152 647 299 683; x_wconf 82' lang='lat' dir='ltr'><strong>suliragiis,</strong></span> <span class='ocrx_word' id='word_1_76' title='bbox 315 648 507 676; x_wconf 62' lang='lat' dir='ltr'><strong>haereticorum</strong></span> <span class='ocrx_word' id='word_1_77' title='bbox 536 650 633 677; x_wconf 89' lang='lat' dir='ltr'><strong>ducem</strong></span> <span class='ocrx_word' id='word_1_78' title='bbox 660 649 752 676; x_wconf 89' lang='lat' dir='ltr'><strong>vivum</strong></span> <span class='ocrx_word' id='word_1_79' title='bbox 778 649 811 676; x_wconf 89' lang='lat' dir='ltr'>ad</span> <span class='ocrx_word' id='word_1_80' title='bbox 836 649 941 678; x_wconf 78' lang='lat' dir='ltr'><strong>inferos</strong></span> 
     </span>
    </p>
   </div>
   <div class='ocr_carea' id='block_1_15' title="bbox 152 693 940 729">
    <p class='ocr_par' dir='ltr' id='par_1_15' title="bbox 152 693 940 729">
     <span class='ocr_line' id='line_1_15' title="bbox 152 693 940 729; baseline 0.004 -10"><span class='ocrx_word' id='word_1_81' title='bbox 152 693 258 720; x_wconf 81' lang='lat' dir='ltr'><strong>detrudi</strong></span> <span class='ocrx_word' id='word_1_82' title='bbox 284 693 418 725; x_wconf 83' lang='lat' dir='ltr'><strong>videntes,</strong></span> <span class='ocrx_word' id='word_1_83' title='bbox 434 701 563 729; x_wconf 76' lang='lat' dir='ltr'><strong>magnum</strong></span> <span class='ocrx_word' id='word_1_84' title='bbox 586 694 649 722; x_wconf 87' lang='lat' dir='ltr'><strong>inde</strong></span> <span class='ocrx_word' id='word_1_85' title='bbox 673 695 785 729; x_wconf 90' lang='lat' dir='ltr'><strong>capiunt</strong></span> <span class='ocrx_word' id='word_1_86' title='bbox 806 695 940 722; x_wconf 88' lang='lat' dir='ltr'><strong>dolorem.</strong></span> 
     </span>
    </p>
   </div>
   <div class='ocr_carea' id='block_1_16' title="bbox 153 738 941 776">
    <p class='ocr_par' dir='ltr' id='par_1_16' title="bbox 153 738 941 776">
     <span class='ocr_line' id='line_1_16' title="bbox 153 738 941 776; baseline 0.001 -10"><span class='ocrx_word' id='word_1_87' title='bbox 153 738 217 767; x_wconf 82' lang='lat' dir='ltr'><strong>Post</strong></span> <span class='ocrx_word' id='word_1_88' title='bbox 229 740 358 767; x_wconf 83' lang='lat' dir='ltr'><strong>divinitus</strong></span> <span class='ocrx_word' id='word_1_89' title='bbox 372 740 495 767; x_wconf 85' lang='lat' dir='ltr'><strong>immissa</strong></span> <span class='ocrx_word' id='word_1_90' title='bbox 510 740 587 775; x_wconf 81' lang='lat' dir='ltr'><strong>plaga</strong></span> <span class='ocrx_word' id='word_1_91' title='bbox 603 739 707 775; x_wconf 89' lang='lat' dir='ltr'><strong>pudore</strong></span> <span class='ocrx_word' id='word_1_92' title='bbox 720 739 941 776; x_wconf 61' lang='lat' dir='ltr'><strong>confusi.47ﬁ.a</strong></span> 
     </span>
    </p>
   </div>
   <div class='ocr_carea' id='block_1_17' title="bbox 153 786 942 820">
    <p class='ocr_par' dir='ltr' id='par_1_17' title="bbox 153 786 942 820">
     <span class='ocr_line' id='line_1_17' title="bbox 153 786 942 820; baseline 0 -7"><span class='ocrx_word' id='word_1_93' title='bbox 153 787 200 813; x_wconf 82' lang='lat' dir='ltr'>sed</span> <span class='ocrx_word' id='word_1_94' title='bbox 215 793 269 813; x_wconf 88' lang='lat' dir='ltr'>non</span> <span class='ocrx_word' id='word_1_95' title='bbox 288 786 347 818; x_wconf 89' lang='lat' dir='ltr'><strong>diu,</strong></span> <span class='ocrx_word' id='word_1_96' title='bbox 364 794 475 814; x_wconf 88' lang='lat' dir='ltr'><strong>rursum</strong></span> <span class='ocrx_word' id='word_1_97' title='bbox 494 786 709 814; x_wconf 85' lang='lat' dir='ltr'><strong>conciliabulum</strong></span> <span class='ocrx_word' id='word_1_98' title='bbox 726 786 861 820; x_wconf 87' lang='lat' dir='ltr'><strong>indicunt,</strong></span> <span class='ocrx_word' id='word_1_99' title='bbox 878 786 942 814; x_wconf 88' lang='lat' dir='ltr'><strong>Dei-</strong></span> 
     </span>
    </p>
   </div>
   <div class='ocr_carea' id='block_1_18' title="bbox 153 831 944 866">
    <p class='ocr_par' dir='ltr' id='par_1_18' title="bbox 153 831 944 866">
     <span class='ocr_line' id='line_1_18' title="bbox 153 831 944 866; baseline 0.001 -8"><span class='ocrx_word' id='word_1_100' title='bbox 153 839 208 866; x_wconf 84' lang='lat' dir='ltr'>que</span> <span class='ocrx_word' id='word_1_101' title='bbox 222 831 291 859; x_wconf 90' lang='lat' dir='ltr'><strong>iram</strong></span> <span class='ocrx_word' id='word_1_102' title='bbox 307 832 334 859; x_wconf 93' lang='lat' dir='ltr'>in</span> <span class='ocrx_word' id='word_1_103' title='bbox 349 832 444 860; x_wconf 85' lang='lat' dir='ltr'><strong>Arium</strong></span> <span class='ocrx_word' id='word_1_104' title='bbox 462 832 496 860; x_wconf 91' lang='lat' dir='ltr'>ad</span> <span class='ocrx_word' id='word_1_105' title='bbox 520 840 694 860; x_wconf 87' lang='lat' dir='ltr'><strong>communem</strong></span> <span class='ocrx_word' id='word_1_106' title='bbox 718 832 859 859; x_wconf 87' lang='lat' dir='ltr'><strong>hominum</strong></span> <span class='ocrx_word' id='word_1_107' title='bbox 884 839 944 860; x_wconf 86' lang='lat' dir='ltr'><strong>sor-</strong></span> 
     </span>
    </p>
   </div>
   <div class='ocr_carea' id='block_1_19' title="bbox 154 878 944 914">
    <p class='ocr_par' dir='ltr' id='par_1_19' title="bbox 154 878 944 914">
     <span class='ocr_line' id='line_1_19' title="bbox 154 878 944 914; baseline 0.001 -9"><span class='ocrx_word' id='word_1_108' title='bbox 154 883 207 905; x_wconf 84' lang='lat' dir='ltr'>tem</span> <span class='ocrx_word' id='word_1_109' title='bbox 223 878 326 906; x_wconf 79' lang='lat' dir='ltr'><strong>referre</strong></span> <span class='ocrx_word' id='word_1_110' title='bbox 338 884 484 906; x_wconf 85' lang='lat' dir='ltr'><strong>conantur.</strong></span> <span class='ocrx_word' id='word_1_111' title='bbox 506 879 541 906; x_wconf 78' lang='lat' dir='ltr'>At</span> <span class='ocrx_word' id='word_1_112' title='bbox 566 879 589 907; x_wconf 89' lang='lat' dir='ltr'>si</span> <span class='ocrx_word' id='word_1_113' title='bbox 618 884 725 914; x_wconf 86' lang='lat' dir='ltr'><strong>tempus</strong></span> <span class='ocrx_word' id='word_1_114' title='bbox 754 883 861 914; x_wconf 83' lang='lat' dir='ltr'><strong>spectes</strong></span> <span class='ocrx_word' id='word_1_115' title='bbox 889 886 944 913; x_wconf 89' lang='lat' dir='ltr'><strong>quo</strong></span> 
     </span>
    </p>
   </div>
   <div class='ocr_carea' id='block_1_20' title="bbox 990 286 1775 322">
    <p class='ocr_par' dir='ltr' id='par_1_20' title="bbox 990 286 1775 322">
     <span class='ocr_line' id='line_1_20' title="bbox 990 286 1775 322; baseline 0 -9"><span class='ocrx_word' id='word_1_116' title='bbox 990 286 1020 312; x_wconf 79' lang='grc' dir='ltr'>ἐν</span> <span class='ocrx_word' id='word_1_117' title='bbox 1032 295 1086 313; x_wconf 87' lang='grc' dir='ltr'>τινι</span> <span class='ocrx_word' id='word_1_118' title='bbox 1099 286 1236 322; x_wconf 82' lang='grc' dir='ltr'>ἀφεδρῶνι</span> <span class='ocrx_word' id='word_1_119' title='bbox 1252 287 1383 322; x_wconf 83' lang='grc' dir='ltr'>δημοσίῳ,</span> <span class='ocrx_word' id='word_1_120' title='bbox 1401 287 1430 319; x_wconf 83' lang='grc' dir='ltr'>ὃς</span> <span class='ocrx_word' id='word_1_121' title='bbox 1445 287 1557 314; x_wconf 71' lang='grc' dir='ltr'>ὄπισθεν</span> <span class='ocrx_word' id='word_1_122' title='bbox 1570 287 1775 315; x_wconf 81' lang='grc' dir='ltr'>κατεσκεύαστο</span> 
     </span>
    </p>
   </div>
   <div class='ocr_carea' id='block_1_21' title="bbox 990 332 1780 368">
    <p class='ocr_par' dir='ltr' id='par_1_21' title="bbox 990 332 1780 368">
     <span class='ocr_line' id='line_1_21' title="bbox 990 332 1780 368; baseline 0.001 -9"><span class='ocrx_word' id='word_1_123' title='bbox 990 332 1037 358; x_wconf 81' lang='grc' dir='ltr'>τοῦ</span> <span class='ocrx_word' id='word_1_124' title='bbox 1050 332 1255 359; x_wconf 86' lang='grc' dir='ltr'>Κωνσταντίνου</span> <span class='ocrx_word' id='word_1_125' title='bbox 1272 333 1367 367; x_wconf 88' lang='grc' dir='ltr'>φόρου.</span> <span class='ocrx_word' id='word_1_126' title='bbox 1384 333 1491 366; x_wconf 85' lang='grc' dir='ltr'>εῐσεισι,</span> <span class='ocrx_word' id='word_1_127' title='bbox 1508 333 1555 360; x_wconf 76' lang='grc' dir='ltr'>καὶ</span> <span class='ocrx_word' id='word_1_128' title='bbox 1570 334 1599 359; x_wconf 90' lang='grc' dir='ltr'>ἐν</span> <span class='ocrx_word' id='word_1_129' title='bbox 1615 332 1655 368; x_wconf 84' lang='grc' dir='ltr'>τῷ</span> <span class='ocrx_word' id='word_1_130' title='bbox 1669 334 1780 360; x_wconf 84' lang='grc' dir='ltr'>ἀποπα-</span> 
     </span>
    </p>
   </div>
   <div class='ocr_carea' id='block_1_22' title="bbox 988 378 1781 413">
    <p class='ocr_par' dir='ltr' id='par_1_22' title="bbox 988 378 1781 413">
     <span class='ocr_line' id='line_1_22' title="bbox 988 378 1781 413; baseline 0.001 -9"><span class='ocrx_word' id='word_1_131' title='bbox 988 379 1045 404; x_wconf 75' lang='grc' dir='ltr'>τεῖν</span> <span class='ocrx_word' id='word_1_132' title='bbox 1067 379 1125 409; x_wconf 84' lang='grc' dir='ltr'>τοϊς</span> <span class='ocrx_word' id='word_1_133' title='bbox 1140 378 1286 410; x_wconf 84' lang='grc' dir='ltr'>σκυϐάλοις</span> <span class='ocrx_word' id='word_1_134' title='bbox 1302 378 1352 413; x_wconf 82' lang='grc' dir='ltr'>μὲν</span> <span class='ocrx_word' id='word_1_135' title='bbox 1364 378 1397 405; x_wconf 85' lang='grc' dir='ltr'>τὰ</span> <span class='ocrx_word' id='word_1_136' title='bbox 1409 378 1519 412; x_wconf 75' lang='grc' dir='ltr'>ἔντερα.</span> <span class='ocrx_word' id='word_1_137' title='bbox 1540 380 1597 410; x_wconf 84' lang='grc' dir='ltr'>τοῖς</span> <span class='ocrx_word' id='word_1_138' title='bbox 1617 379 1737 413; x_wconf 77' lang='grc' dir='ltr'>ἐντέροις</span> <span class='ocrx_word' id='word_1_139' title='bbox 1752 379 1781 405; x_wconf 88' lang='grc' dir='ltr'>δέ</span> 
     </span>
    </p>
   </div>
   <div class='ocr_carea' id='block_1_23' title="bbox 989 423 1780 459">
    <p class='ocr_par' dir='ltr' id='par_1_23' title="bbox 989 423 1780 459">
     <span class='ocr_line' id='line_1_23' title="bbox 989 423 1780 459; baseline 0.003 -10"><span class='ocrx_word' id='word_1_140' title='bbox 989 423 1040 459; x_wconf 80' lang='grc' dir='ltr'>τὴν</span> <span class='ocrx_word' id='word_1_141' title='bbox 1067 423 1156 459; x_wconf 79' lang='grc' dir='ltr'>ψυχὴν</span> <span class='ocrx_word' id='word_1_142' title='bbox 1187 424 1202 450; x_wconf 99' lang='lat'>6</span> <span class='ocrx_word' id='word_1_143' title='bbox 1227 424 1344 455; x_wconf 81' lang='grc' dir='ltr'>δείλαιος</span> <span class='ocrx_word' id='word_1_144' title='bbox 1371 424 1569 451; x_wconf 86' lang='grc' dir='ltr'>συναποϐάλλει</span> <span class='ocrx_word' id='word_1_145' title='bbox 1586 424 1620 452; x_wconf 77' lang='grc'>⁸³.</span> <span class='ocrx_word' id='word_1_146' title='bbox 1651 424 1726 451; x_wconf 78' lang='grc' dir='ltr'>Ἐπεὶ</span> <span class='ocrx_word' id='word_1_147' title='bbox 1751 424 1780 451; x_wconf 78' lang='grc' dir='ltr'>δι</span> 
     </span>
    </p>
   </div>
   <div class='ocr_carea' id='block_1_24' title="bbox 991 469 1782 505">
    <p class='ocr_par' dir='ltr' id='par_1_24' title="bbox 991 469 1782 505">
     <span class='ocr_line' id='line_1_24' title="bbox 991 469 1782 505; baseline 0.001 -10"><span class='ocrx_word' id='word_1_148' title='bbox 991 469 1124 504; x_wconf 84' lang='grc' dir='ltr'>ἐϐράδυνε</span> <span class='ocrx_word' id='word_1_149' title='bbox 1141 469 1187 496; x_wconf 76' lang='grc' dir='ltr'>καὶ</span> <span class='ocrx_word' id='word_1_150' title='bbox 1204 469 1235 496; x_wconf 77' lang='grc' dir='ltr'>τὸ</span> <span class='ocrx_word' id='word_1_151' title='bbox 1256 469 1377 505; x_wconf 68' lang='grc' dir='ltr'>πραχθὲν</span> <span class='ocrx_word' id='word_1_152' title='bbox 1393 470 1544 497; x_wconf 72' lang='grc' dir='ltr'>ἐκάλυπτεν</span> <span class='ocrx_word' id='word_1_153' title='bbox 1563 470 1668 504; x_wconf 72' lang='grc' dir='ltr'>ἄγνοια,</span> <span class='ocrx_word' id='word_1_154' title='bbox 1689 471 1782 496; x_wconf 82' lang='grc' dir='ltr'>ἐπεισ-</span> 
     </span>
    </p>
   </div>
   <div class='ocr_carea' id='block_1_25' title="bbox 990 514 1780 551">
    <p class='ocr_par' dir='ltr' id='par_1_25' title="bbox 990 514 1780 551">
     <span class='ocr_line' id='line_1_25' title="bbox 990 514 1780 551; baseline 0.003 -10"><span class='ocrx_word' id='word_1_155' title='bbox 990 514 1112 550; x_wconf 86' lang='grc' dir='ltr'>πηδῆσαι</span> <span class='ocrx_word' id='word_1_156' title='bbox 1126 515 1255 550; x_wconf 81' lang='grc' dir='ltr'>λόγοςτδν</span> <span class='ocrx_word' id='word_1_157' title='bbox 1267 515 1396 542; x_wconf 83' lang='grc' dir='ltr'>Εὑσέϐιον</span> <span class='ocrx_word' id='word_1_158' title='bbox 1412 516 1460 542; x_wconf 75' lang='grc' dir='ltr'>καὶ</span> <span class='ocrx_word' id='word_1_159' title='bbox 1479 515 1649 549; x_wconf 74' lang='grc' dir='ltr'>ἐξονειδίζειν</span> <span class='ocrx_word' id='word_1_160' title='bbox 1663 516 1713 551; x_wconf 80' lang='grc' dir='ltr'>μὲν</span> <span class='ocrx_word' id='word_1_161' title='bbox 1731 516 1780 551; x_wconf 83' lang='grc' dir='ltr'>τῆς</span> 
     </span>
    </p>
   </div>
   <div class='ocr_carea' id='block_1_26' title="bbox 992 560 1780 598">
    <p class='ocr_par' dir='ltr' id='par_1_26' title="bbox 992 560 1780 598">
     <span class='ocr_line' id='line_1_26' title="bbox 992 560 1780 598; baseline 0.003 -11"><span class='ocrx_word' id='word_1_162' title='bbox 992 560 1169 597; x_wconf 80' lang='grc' dir='ltr'>βραδυτῆτος,</span> <span class='ocrx_word' id='word_1_163' title='bbox 1181 561 1350 595; x_wconf 77' lang='grc' dir='ltr'>ἐξονειδίζειν</span> <span class='ocrx_word' id='word_1_164' title='bbox 1359 561 1389 588; x_wconf 78' lang='grc' dir='ltr'>δὲ</span> <span class='ocrx_word' id='word_1_165' title='bbox 1403 563 1453 597; x_wconf 86' lang='grc' dir='ltr'>τῆς</span> <span class='ocrx_word' id='word_1_166' title='bbox 1468 563 1508 594; x_wconf 81' lang='grc' dir='ltr'>εἰς</span> <span class='ocrx_word' id='word_1_167' title='bbox 1517 562 1540 578; x_wconf 74' lang='grc'>⁵³</span> <span class='ocrx_word' id='word_1_168' title='bbox 1554 562 1652 594; x_wconf 81' lang='grc' dir='ltr'>αὐτοὺς</span> <span class='ocrx_word' id='word_1_169' title='bbox 1664 561 1780 598; x_wconf 82' lang='grc' dir='ltr'>ὕϐρεως·</span> 
     </span>
    </p>
   </div>
   <div class='ocr_carea' id='block_1_27' title="bbox 991 607 1782 644">
    <p class='ocr_par' dir='ltr' id='par_1_27' title="bbox 991 607 1782 644">
     <span class='ocr_line' id='line_1_27' title="bbox 991 607 1782 644; baseline 0 -10"><span class='ocrx_word' id='word_1_170' title='bbox 991 608 1021 634; x_wconf 90' lang='grc' dir='ltr'>ἐν</span> <span class='ocrx_word' id='word_1_171' title='bbox 1038 607 1212 643; x_wconf 78' lang='grc' dir='ltr'>ἀνδραπόδων</span> <span class='ocrx_word' id='word_1_172' title='bbox 1223 608 1279 644; x_wconf 81' lang='grc' dir='ltr'>γὰρ</span> <span class='ocrx_word' id='word_1_173' title='bbox 1293 608 1374 644; x_wconf 79' lang='grc' dir='ltr'>μοίρᾳ</span> <span class='ocrx_word' id='word_1_174' title='bbox 1393 608 1424 635; x_wconf 81' lang='grc' dir='ltr'>τὸ</span> <span class='ocrx_word' id='word_1_175' title='bbox 1441 608 1539 642; x_wconf 73' lang='grc' dir='ltr'>ἄλογον</span> <span class='ocrx_word' id='word_1_176' title='bbox 1555 608 1654 640; x_wconf 80' lang='grc' dir='ltr'>αὐτοὺς</span> <span class='ocrx_word' id='word_1_177' title='bbox 1675 607 1782 643; x_wconf 83' lang='grc' dir='ltr'>ἐκπέμ-</span> 
     </span>
    </p>
   </div>
   <div class='ocr_carea' id='block_1_28' title="bbox 991 653 1782 689">
    <p class='ocr_par' dir='ltr' id='par_1_28' title="bbox 991 653 1782 689">
     <span class='ocr_line' id='line_1_28' title="bbox 991 653 1782 689; baseline 0 -9"><span class='ocrx_word' id='word_1_178' title='bbox 991 662 1053 680; x_wconf 86' lang='grc' dir='ltr'>πειν</span> <span class='ocrx_word' id='word_1_179' title='bbox 1063 654 1169 689; x_wconf 76' lang='grc' dir='ltr'>βράδος.</span> <span class='ocrx_word' id='word_1_180' title='bbox 1180 654 1208 681; x_wconf 88' lang='lat'>&#39;0</span> <span class='ocrx_word' id='word_1_181' title='bbox 1216 654 1244 680; x_wconf 80' lang='grc' dir='ltr'>δὲ</span> <span class='ocrx_word' id='word_1_182' title='bbox 1255 654 1294 689; x_wconf 84' lang='grc' dir='ltr'>τῷ</span> <span class='ocrx_word' id='word_1_183' title='bbox 1305 653 1408 689; x_wconf 82' lang='grc' dir='ltr'>ἀφώνῳ</span> <span class='ocrx_word' id='word_1_184' title='bbox 1417 654 1518 688; x_wconf 84' lang='grc' dir='ltr'>μᾶλλον</span> <span class='ocrx_word' id='word_1_185' title='bbox 1528 654 1626 687; x_wconf 79' lang='grc' dir='ltr'>αὐτοὺς</span> <span class='ocrx_word' id='word_1_186' title='bbox 1637 654 1653 689; x_wconf 81' lang='grc' dir='ltr'><strong>ἢ</strong></span> <span class='ocrx_word' id='word_1_187' title='bbox 1664 653 1702 688; x_wconf 84' lang='grc' dir='ltr'>τῷ</span> <span class='ocrx_word' id='word_1_188' title='bbox 1713 653 1782 688; x_wconf 78' lang='grc' dir='ltr'>βρα-</span> 
     </span>
    </p>
   </div>
   <div class='ocr_carea' id='block_1_29' title="bbox 992 699 1781 736">
    <p class='ocr_par' dir='ltr' id='par_1_29' title="bbox 992 699 1781 736">
     <span class='ocr_line' id='line_1_29' title="bbox 992 699 1781 736; baseline -0.004 -8"><span class='ocrx_word' id='word_1_189' title='bbox 992 701 1034 728; x_wconf 82' lang='grc' dir='ltr'>δεῖ</span> <span class='ocrx_word' id='word_1_190' title='bbox 1048 700 1237 736; x_wconf 75' lang='grc' dir='ltr'>καταισχύνων</span> <span class='ocrx_word' id='word_1_191' title='bbox 1252 701 1321 733; x_wconf 81' lang='grc' dir='ltr'>τέως</span> <span class='ocrx_word' id='word_1_192' title='bbox 1335 701 1518 729; x_wconf 84' lang='grc' dir='ltr'>διελάνθανεν.</span> <span class='ocrx_word' id='word_1_193' title='bbox 1540 701 1610 728; x_wconf 82' lang='grc' dir='ltr'>Ἀλλ’</span> <span class='ocrx_word' id='word_1_194' title='bbox 1620 701 1635 728; x_wconf 87' lang='grc' dir='ltr'>ό</span> <span class='ocrx_word' id='word_1_195' title='bbox 1647 699 1781 730; x_wconf 83' lang='grc' dir='ltr'>Εὐσέϐιος</span> 
     </span>
    </p>
   </div>
   <div class='ocr_carea' id='block_1_30' title="bbox 995 744 1782 783">
    <p class='ocr_par' dir='ltr' id='par_1_30' title="bbox 995 744 1782 783">
     <span class='ocr_line' id='line_1_30' title="bbox 995 744 1782 783; baseline -0.003 -10"><span class='ocrx_word' id='word_1_196' title='bbox 995 747 1213 783; x_wconf 88' lang='grc' dir='ltr'>μεταϐαλόμενος</span> <span class='ocrx_word' id='word_1_197' title='bbox 1236 747 1259 763; x_wconf 68' lang='grc'>⁸⁸</span> <span class='ocrx_word' id='word_1_198' title='bbox 1287 747 1437 783; x_wconf 80' lang='grc' dir='ltr'>ἀναστῆναι</span> <span class='ocrx_word' id='word_1_199' title='bbox 1465 747 1615 782; x_wconf 81' lang='grc' dir='ltr'>παρεκάλει</span> <span class='ocrx_word' id='word_1_200' title='bbox 1647 744 1782 782; x_wconf 81' lang='grc' dir='ltr'>θαρροῦν-</span> 
     </span>
    </p>
   </div>
   <div class='ocr_carea' id='block_1_31' title="bbox 993 791 1779 829">
    <p class='ocr_par' dir='ltr' id='par_1_31' title="bbox 993 791 1779 829">
     <span class='ocr_line' id='line_1_31' title="bbox 993 791 1779 829; baseline -0.004 -9"><span class='ocrx_word' id='word_1_201' title='bbox 993 802 1029 820; x_wconf 86' lang='grc' dir='ltr'>τα</span> <span class='ocrx_word' id='word_1_202' title='bbox 1036 793 1059 810; x_wconf 80' lang='grc'>⁸⁵</span> <span class='ocrx_word' id='word_1_203' title='bbox 1070 801 1076 807; x_wconf 90' lang='grc'><strong>·</strong></span> <span class='ocrx_word' id='word_1_204' title='bbox 1092 793 1274 828; x_wconf 79' lang='grc' dir='ltr'>προσδόκιμον</span> <span class='ocrx_word' id='word_1_205' title='bbox 1291 793 1346 829; x_wconf 81' lang='grc' dir='ltr'>γὰρ</span> <span class='ocrx_word' id='word_1_206' title='bbox 1359 793 1430 820; x_wconf 82' lang='grc' dir='ltr'>εἶναι</span> <span class='ocrx_word' id='word_1_207' title='bbox 1452 793 1499 819; x_wconf 75' lang='grc' dir='ltr'>ἐπὶ</span> <span class='ocrx_word' id='word_1_208' title='bbox 1512 791 1637 820; x_wconf 83' lang='grc' dir='ltr'>ἀθωώσει</span> <span class='ocrx_word' id='word_1_209' title='bbox 1653 791 1730 826; x_wconf 80' lang='grc' dir='ltr'>πάσῃ</span> <span class='ocrx_word' id='word_1_210' title='bbox 1745 791 1779 826; x_wconf 80' lang='grc' dir='ltr'>τῇ</span> 
     </span>
    </p>
   </div>
   <div class='ocr_carea' id='block_1_32' title="bbox 995 836 1783 875">
    <p class='ocr_par' dir='ltr' id='par_1_32' title="bbox 995 836 1783 875">
     <span class='ocr_line' id='line_1_32' title="bbox 995 836 1783 875; baseline -0.004 -9"><span class='ocrx_word' id='word_1_211' title='bbox 995 839 1107 874; x_wconf 83' lang='grc' dir='ltr'>συνόδῳ.</span> <span class='ocrx_word' id='word_1_212' title='bbox 1128 839 1158 866; x_wconf 84' lang='lat'>&#39;0</span> <span class='ocrx_word' id='word_1_213' title='bbox 1174 839 1203 865; x_wconf 87' lang='grc' dir='ltr'>δὲ</span> <span class='ocrx_word' id='word_1_214' title='bbox 1213 839 1263 874; x_wconf 83' lang='grc' dir='ltr'>τὴν</span> <span class='ocrx_word' id='word_1_215' title='bbox 1278 839 1394 875; x_wconf 77' lang='grc' dir='ltr'>ἐσχάτην</span> <span class='ocrx_word' id='word_1_216' title='bbox 1409 839 1489 874; x_wconf 87' lang='grc' dir='ltr'>ἐσίγα</span> <span class='ocrx_word' id='word_1_217' title='bbox 1504 839 1593 873; x_wconf 89' lang='grc' dir='ltr'>σιγήν.</span> <span class='ocrx_word' id='word_1_218' title='bbox 1609 837 1665 864; x_wconf 81' lang='grc' dir='ltr'>Καὶ</span> <span class='ocrx_word' id='word_1_219' title='bbox 1683 836 1783 872; x_wconf 87' lang='grc' dir='ltr'>μολιςὸ</span> 
     </span>
    </p>
   </div>
   <div class='ocr_carea' id='block_1_33' title="bbox 995 883 1783 920">
    <p class='ocr_par' dir='ltr' id='par_1_33' title="bbox 995 883 1783 920">
     <span class='ocr_line' id='line_1_33' title="bbox 995 883 1783 920; baseline -0.006 -7"><span class='ocrx_word' id='word_1_220' title='bbox 995 885 1170 920; x_wconf 83' lang='grc' dir='ltr'>κακοδαίμων</span> <span class='ocrx_word' id='word_1_221' title='bbox 1185 885 1315 917; x_wconf 83' lang='grc' dir='ltr'>Εὐσέϐιος</span> <span class='ocrx_word' id='word_1_222' title='bbox 1330 884 1446 920; x_wconf 83' lang='grc' dir='ltr'>συνῆκεν</span> <span class='ocrx_word' id='word_1_223' title='bbox 1472 885 1513 911; x_wconf 84' lang='grc' dir='ltr'>ὅτι</span> <span class='ocrx_word' id='word_1_224' title='bbox 1525 884 1656 920; x_wconf 83' lang='grc' dir='ltr'>τέθνηκεν</span> <span class='ocrx_word' id='word_1_225' title='bbox 1670 883 1684 909; x_wconf 89' lang='lat'>6</span> <span class='ocrx_word' id='word_1_226' title='bbox 1698 891 1783 909; x_wconf 87' lang='grc' dir='ltr'>σπου-</span> 
     </span>
    </p>
   </div>
   <div class='ocr_carea' id='block_1_34' title="bbox 154 924 947 966">
    <p class='ocr_par' dir='ltr' id='par_1_34' title="bbox 154 924 942 959">
     <span class='ocr_line' id='line_1_34' title="bbox 154 924 942 959; baseline 0.001 -8"><span class='ocrx_word' id='word_1_227' title='bbox 154 924 303 953; x_wconf 85' lang='lat' dir='ltr'><strong>Ecclesiam</strong></span> <span class='ocrx_word' id='word_1_228' title='bbox 328 925 375 953; x_wconf 88' lang='lat' dir='ltr'><strong>Dei</strong></span> <span class='ocrx_word' id='word_1_229' title='bbox 392 925 519 953; x_wconf 85' lang='lat' dir='ltr'><strong>invadere</strong></span> <span class='ocrx_word' id='word_1_230' title='bbox 545 926 675 959; x_wconf 85' lang='lat' dir='ltr'><strong>tentabat,</strong></span> <span class='ocrx_word' id='word_1_231' title='bbox 706 933 759 952; x_wconf 88' lang='lat' dir='ltr'>non</span> <span class='ocrx_word' id='word_1_232' title='bbox 787 931 841 952; x_wconf 87' lang='lat' dir='ltr'>tam</span> <span class='ocrx_word' id='word_1_233' title='bbox 867 925 942 952; x_wconf 78' lang='lat' dir='ltr'><strong>fatali</strong></span> 
     </span>
    </p>
   </div>
   <div class='ocr_carea' id='block_1_35' title="bbox 1002 924 1783 966">
    <p class='ocr_par' dir='ltr' id='par_1_35' title="bbox 1002 928 1783 966">
     <span class='ocr_line' id='line_1_35' title="bbox 1002 928 1783 966; baseline -0.005 -8"><span class='ocrx_word' id='word_1_234' title='bbox 1002 931 1151 966; x_wconf 75' lang='grc' dir='ltr'>ἰαζόμενος.</span> <span class='ocrx_word' id='word_1_235' title='bbox 1177 931 1319 958; x_wconf 87' lang='grc' dir='ltr'>Διαλύεται</span> <span class='ocrx_word' id='word_1_236' title='bbox 1341 931 1431 958; x_wconf 84' lang='grc' dir='ltr'>τοίνυν</span> <span class='ocrx_word' id='word_1_237' title='bbox 1452 931 1470 966; x_wconf 82' lang='grc' dir='ltr'><strong>ἡ</strong></span> <span class='ocrx_word' id='word_1_238' title='bbox 1493 930 1611 962; x_wconf 81' lang='grc' dir='ltr'>σύνοδος,</span> <span class='ocrx_word' id='word_1_239' title='bbox 1635 929 1682 956; x_wconf 69' lang='grc' dir='ltr'>καὶ</span> <span class='ocrx_word' id='word_1_240' title='bbox 1698 929 1723 955; x_wconf 88' lang='grc' dir='ltr'>οἱ</span> <span class='ocrx_word' id='word_1_241' title='bbox 1737 928 1783 955; x_wconf 79' lang='grc' dir='ltr'>τὸν</span> 
     </span>
    </p>
   </div>
   <div class='ocr_carea' id='block_1_36' title="bbox 154 971 945 1006">
    <p class='ocr_par' dir='ltr' id='par_1_36' title="bbox 154 971 945 1006">
     <span class='ocr_line' id='line_1_36' title="bbox 154 971 945 1006; baseline 0.001 -9"><span class='ocrx_word' id='word_1_242' title='bbox 154 975 253 1004; x_wconf 90' lang='lat' dir='ltr'><strong>morte,</strong></span> <span class='ocrx_word' id='word_1_243' title='bbox 275 979 358 1006; x_wconf 89' lang='lat' dir='ltr'><strong>quam</strong></span> <span class='ocrx_word' id='word_1_244' title='bbox 390 971 438 999; x_wconf 85' lang='lat' dir='ltr'><strong>Dei</strong></span> <span class='ocrx_word' id='word_1_245' title='bbox 461 972 566 1000; x_wconf 86' lang='lat' dir='ltr'><strong>ultione</strong></span> <span class='ocrx_word' id='word_1_246' title='bbox 588 973 755 999; x_wconf 81' lang='lat' dir='ltr'><strong>exstinctum</strong></span> <span class='ocrx_word' id='word_1_247' title='bbox 781 972 945 1006; x_wconf 86' lang='lat' dir='ltr'><strong>interpreta-</strong></span> 
     </span>
    </p>
   </div>
   <div class='ocr_carea' id='block_1_37' title="bbox 154 1016 945 1053">
    <p class='ocr_par' dir='ltr' id='par_1_37' title="bbox 154 1016 945 1053">
     <span class='ocr_line' id='line_1_37' title="bbox 154 1016 945 1053; baseline 0 -9"><span class='ocrx_word' id='word_1_248' title='bbox 154 1017 235 1044; x_wconf 82' lang='lat' dir='ltr'><strong>beris.</strong></span> <span class='ocrx_word' id='word_1_249' title='bbox 257 1016 297 1044; x_wconf 89' lang='lat' dir='ltr'><strong>llli</strong></span> <span class='ocrx_word' id='word_1_250' title='bbox 315 1023 404 1046; x_wconf 84' lang='lat' dir='ltr'><strong>tamen</strong></span> <span class='ocrx_word' id='word_1_251' title='bbox 418 1017 577 1046; x_wconf 88' lang='lat' dir='ltr'><strong>Constantio</strong></span> <span class='ocrx_word' id='word_1_252' title='bbox 605 1017 875 1053; x_wconf 81' lang='lat' dir='ltr'><strong>persuadeutArium</strong></span> <span class='ocrx_word' id='word_1_253' title='bbox 893 1025 945 1044; x_wconf 90' lang='lat' dir='ltr'><strong>na-</strong></span> 
     </span>
    </p>
   </div>
   <div class='ocr_carea' id='block_1_38' title="bbox 154 1064 946 1100">
    <p class='ocr_par' dir='ltr' id='par_1_38' title="bbox 154 1064 946 1100">
     <span class='ocr_line' id='line_1_38' title="bbox 154 1064 946 1100; baseline 0.003 -10"><span class='ocrx_word' id='word_1_254' title='bbox 154 1070 222 1091; x_wconf 72' lang='lat' dir='ltr'><strong>turae</strong></span> <span class='ocrx_word' id='word_1_255' title='bbox 246 1064 366 1092; x_wconf 86' lang='lat' dir='ltr'><strong>debitum</strong></span> <span class='ocrx_word' id='word_1_256' title='bbox 393 1065 573 1100; x_wconf 85' lang='lat' dir='ltr'><strong>persolvisse,</strong></span> <span class='ocrx_word' id='word_1_257' title='bbox 595 1071 684 1099; x_wconf 81' lang='lat' dir='ltr'><strong>neque</strong></span> <span class='ocrx_word' id='word_1_258' title='bbox 708 1064 807 1092; x_wconf 65' lang='lat' dir='ltr'><strong>divinae</strong></span> <span class='ocrx_word' id='word_1_259' title='bbox 832 1064 946 1092; x_wconf 85' lang='lat' dir='ltr'><strong>ultionis</strong></span> 
     </span>
    </p>
   </div>
   <div class='ocr_carea' id='block_1_39' title="bbox 154 1110 947 1146">
    <p class='ocr_par' dir='ltr' id='par_1_39' title="bbox 154 1110 947 1146">
     <span class='ocr_line' id='line_1_39' title="bbox 154 1110 947 1146; baseline 0 -8"><span class='ocrx_word' id='word_1_260' title='bbox 154 1118 263 1146; x_wconf 61' lang='lat' dir='ltr'><strong>poenam</strong></span> <span class='ocrx_word' id='word_1_261' title='bbox 294 1111 423 1139; x_wconf 81' lang='lat' dir='ltr'><strong>subiisse.</strong></span> <span class='ocrx_word' id='word_1_262' title='bbox 461 1110 506 1139; x_wconf 89' lang='lat' dir='ltr'><strong>Sic</strong></span> <span class='ocrx_word' id='word_1_263' title='bbox 532 1111 614 1139; x_wconf 85' lang='lat' dir='ltr'><strong>miser</strong></span> <span class='ocrx_word' id='word_1_264' title='bbox 637 1110 788 1139; x_wconf 76' lang='lat' dir='ltr'><strong>Alexandri</strong></span> <span class='ocrx_word' id='word_1_265' title='bbox 819 1111 947 1146; x_wconf 86' lang='lat' dir='ltr'><strong>precibus</strong></span> 
     </span>
    </p>
   </div>
   <div class='ocr_carea' id='block_1_40' title="bbox 155 1156 948 1192">
    <p class='ocr_par' dir='ltr' id='par_1_40' title="bbox 155 1156 948 1192">
     <span class='ocr_line' id='line_1_40' title="bbox 155 1156 948 1192; baseline 0.001 -9"><span class='ocrx_word' id='word_1_266' title='bbox 155 1162 209 1184; x_wconf 69' lang='lat' dir='ltr'>tam</span> <span class='ocrx_word' id='word_1_267' title='bbox 221 1156 292 1184; x_wconf 59' lang='lat' dir='ltr'><strong>foede</strong></span> <span class='ocrx_word' id='word_1_268' title='bbox 306 1157 389 1184; x_wconf 84' lang='lat' dir='ltr'><strong>vitam</strong></span> <span class='ocrx_word' id='word_1_269' title='bbox 406 1157 486 1191; x_wconf 84' lang='lat' dir='ltr'><strong>liniit,</strong></span> <span class='ocrx_word' id='word_1_270' title='bbox 497 1157 592 1185; x_wconf 87' lang='lat' dir='ltr'><strong>beatus</strong></span> <span class='ocrx_word' id='word_1_271' title='bbox 609 1162 705 1186; x_wconf 83' lang='lat' dir='ltr'><strong>contra</strong></span> <span class='ocrx_word' id='word_1_272' title='bbox 725 1157 881 1185; x_wconf 80' lang='lat' dir='ltr'><strong>Alexander</strong></span> <span class='ocrx_word' id='word_1_273' title='bbox 902 1157 948 1192; x_wconf 86' lang='lat' dir='ltr'>pie</span> 
     </span>
    </p>
   </div>
   <div class='ocr_carea' id='block_1_41' title="bbox 153 1203 945 1239">
    <p class='ocr_par' dir='ltr' id='par_1_41' title="bbox 153 1203 945 1239">
     <span class='ocr_line' id='line_1_41' title="bbox 153 1203 945 1239; baseline 0 -9"><span class='ocrx_word' id='word_1_274' title='bbox 153 1208 179 1231; x_wconf 82' lang='lat' dir='ltr'>et</span> <span class='ocrx_word' id='word_1_275' title='bbox 200 1208 292 1231; x_wconf 77' lang='lat' dir='ltr'><strong>sancte</strong></span> <span class='ocrx_word' id='word_1_276' title='bbox 314 1204 395 1238; x_wconf 82' lang='lat' dir='ltr'><strong>paulo</strong></span> <span class='ocrx_word' id='word_1_277' title='bbox 409 1208 469 1239; x_wconf 89' lang='lat' dir='ltr'><strong>post</strong></span> <span class='ocrx_word' id='word_1_278' title='bbox 484 1211 533 1239; x_wconf 90' lang='lat' dir='ltr'>pro</span> <span class='ocrx_word' id='word_1_279' title='bbox 548 1204 680 1238; x_wconf 86' lang='lat' dir='ltr'><strong>terrestri,</strong></span> <span class='ocrx_word' id='word_1_280' title='bbox 699 1204 810 1232; x_wconf 63' lang='lat' dir='ltr'><strong>caeleste</strong></span> <span class='ocrx_word' id='word_1_281' title='bbox 830 1203 945 1232; x_wconf 91' lang='lat' dir='ltr'><strong>domici-</strong></span> 
     </span>
    </p>
   </div>
   <div class='ocr_carea' id='block_1_42' title="bbox 155 1249 941 1286">
    <p class='ocr_par' dir='ltr' id='par_1_42' title="bbox 155 1249 941 1286">
     <span class='ocr_line' id='line_1_42' title="bbox 155 1249 941 1286; baseline 0.001 -10"><span class='ocrx_word' id='word_1_282' title='bbox 155 1250 221 1277; x_wconf 90' lang='lat' dir='ltr'><strong>lium</strong></span> <span class='ocrx_word' id='word_1_283' title='bbox 236 1249 349 1284; x_wconf 86' lang='lat' dir='ltr'><strong>adeptus</strong></span> <span class='ocrx_word' id='word_1_284' title='bbox 368 1255 418 1278; x_wconf 78' lang='lat' dir='ltr'><strong>est.</strong></span> <span class='ocrx_word' id='word_1_285' title='bbox 436 1249 502 1278; x_wconf 90' lang='lat' dir='ltr'><strong>Tres</strong></span> <span class='ocrx_word' id='word_1_286' title='bbox 519 1250 629 1286; x_wconf 81' lang='lat' dir='ltr'><strong>quidem</strong></span> <span class='ocrx_word' id='word_1_287' title='bbox 652 1255 679 1278; x_wconf 89' lang='lat' dir='ltr'>et</span> <span class='ocrx_word' id='word_1_288' title='bbox 704 1250 799 1286; x_wconf 79' lang='lat' dir='ltr'><strong>viginti</strong></span> <span class='ocrx_word' id='word_1_289' title='bbox 824 1251 852 1277; x_wconf 92' lang='lat' dir='ltr'>in</span> <span class='ocrx_word' id='word_1_290' title='bbox 881 1250 941 1285; x_wconf 87' lang='lat' dir='ltr'><strong>epi-</strong></span> 
     </span>
    </p>
   </div>
   <div class='ocr_carea' id='block_1_43' title="bbox 155 1294 912 1330">
    <p class='ocr_par' dir='ltr' id='par_1_43' title="bbox 155 1294 912 1330">
     <span class='ocr_line' id='line_1_43' title="bbox 155 1294 912 1330; baseline 0.001 -9"><span class='ocrx_word' id='word_1_291' title='bbox 155 1299 269 1328; x_wconf 79' lang='lat' dir='ltr'><strong>scopatu</strong></span> <span class='ocrx_word' id='word_1_292' title='bbox 284 1294 374 1329; x_wconf 79' lang='lat' dir='ltr'><strong>exegit</strong></span> <span class='ocrx_word' id='word_1_293' title='bbox 384 1301 482 1327; x_wconf 86' lang='lat' dir='ltr'><strong>annos,</strong></span> <span class='ocrx_word' id='word_1_294' title='bbox 496 1294 585 1322; x_wconf 65' lang='lat' dir='ltr'><strong>aetatis</strong></span> <span class='ocrx_word' id='word_1_295' title='bbox 597 1302 663 1322; x_wconf 87' lang='lat' dir='ltr'><strong>vero</strong></span> <span class='ocrx_word' id='word_1_296' title='bbox 677 1295 825 1330; x_wconf 77' lang='lat' dir='ltr'><strong>nonaginta</strong></span> <span class='ocrx_word' id='word_1_297' title='bbox 839 1299 912 1322; x_wconf 88' lang='lat' dir='ltr'><strong>octo.</strong></span> 
     </span>
    </p>
   </div>
   <div class='ocr_carea' id='block_1_44' title="bbox 1000 973 1785 1013">
    <p class='ocr_par' dir='ltr' id='par_1_44' title="bbox 1000 973 1785 1013">
     <span class='ocr_line' id='line_1_44' title="bbox 1000 973 1785 1013; baseline -0.006 -9"><span class='ocrx_word' id='word_1_298' title='bbox 1000 977 1174 1012; x_wconf 79' lang='grc' dir='ltr'>Ἀλέξανδρον</span> <span class='ocrx_word' id='word_1_299' title='bbox 1190 976 1323 1013; x_wconf 83' lang='grc' dir='ltr'>ὑπερορίᾳ</span> <span class='ocrx_word' id='word_1_300' title='bbox 1338 976 1578 1009; x_wconf 79' lang='grc' dir='ltr'>καταδικάζοντες,</span> <span class='ocrx_word' id='word_1_301' title='bbox 1597 974 1725 1011; x_wconf 79' lang='grc' dir='ltr'>ῥίψαντες</span> <span class='ocrx_word' id='word_1_302' title='bbox 1735 973 1785 1005; x_wconf 84' lang='grc' dir='ltr'>τὰς</span> 
     </span>
    </p>
   </div>
   <div class='ocr_carea' id='block_1_45' title="bbox 994 1018 1787 1057">
    <p class='ocr_par' dir='ltr' id='par_1_45' title="bbox 994 1018 1787 1057">
     <span class='ocr_line' id='line_1_45' title="bbox 994 1018 1787 1057; baseline -0.008 -7"><span class='ocrx_word' id='word_1_303' title='bbox 994 1022 1117 1054; x_wconf 80' lang='grc' dir='ltr'>ἀνοσίους</span> <span class='ocrx_word' id='word_1_304' title='bbox 1128 1023 1151 1038; x_wconf 79' lang='grc'>⁸⁸</span> <span class='ocrx_word' id='word_1_305' title='bbox 1162 1022 1280 1057; x_wconf 84' lang='grc' dir='ltr'>ψήφους,</span> <span class='ocrx_word' id='word_1_306' title='bbox 1303 1022 1350 1048; x_wconf 76' lang='grc' dir='ltr'>τὸν</span> <span class='ocrx_word' id='word_1_307' title='bbox 1373 1021 1424 1056; x_wconf 86' lang='grc' dir='ltr'>τῆς</span> <span class='ocrx_word' id='word_1_308' title='bbox 1446 1020 1580 1056; x_wconf 80' lang='grc' dir='ltr'>αἱρέσεως</span> <span class='ocrx_word' id='word_1_309' title='bbox 1600 1019 1689 1046; x_wconf 82' lang='grc' dir='ltr'>αὐτῶν</span> <span class='ocrx_word' id='word_1_310' title='bbox 1708 1018 1787 1053; x_wconf 77' lang='grc' dir='ltr'>ἁρχι-</span> 
     </span>
    </p>
   </div>
   <div class='ocr_carea' id='block_1_46' title="bbox 996 1063 1787 1104">
    <p class='ocr_par' dir='ltr' id='par_1_46' title="bbox 996 1063 1787 1104">
     <span class='ocr_line' id='line_1_46' title="bbox 996 1063 1787 1104; baseline -0.009 -8"><span class='ocrx_word' id='word_1_311' title='bbox 996 1069 1152 1104; x_wconf 82' lang='grc' dir='ltr'>στράτηγον</span> <span class='ocrx_word' id='word_1_312' title='bbox 1163 1068 1253 1100; x_wconf 81' lang='grc' dir='ltr'>ζῶντα</span> <span class='ocrx_word' id='word_1_313' title='bbox 1272 1068 1313 1100; x_wconf 85' lang='grc' dir='ltr'>εις</span> <span class='ocrx_word' id='word_1_314' title='bbox 1329 1067 1395 1103; x_wconf 71' lang='grc' dir='ltr'>ᾅδην</span> <span class='ocrx_word' id='word_1_315' title='bbox 1416 1066 1560 1101; x_wconf 85' lang='grc' dir='ltr'>βλέποντες</span> <span class='ocrx_word' id='word_1_316' title='bbox 1579 1063 1787 1098; x_wconf 87' lang='grc' dir='ltr'>καταϐεϐηκότα</span> 
     </span>
    </p>
   </div>
   <div class='ocr_carea' id='block_1_47' title="bbox 995 1108 1787 1149">
    <p class='ocr_par' dir='ltr' id='par_1_47' title="bbox 995 1108 1787 1149">
     <span class='ocr_line' id='line_1_47' title="bbox 995 1108 1787 1149; baseline -0.009 -8"><span class='ocrx_word' id='word_1_317' title='bbox 995 1114 1090 1141; x_wconf 80' lang='grc' dir='ltr'>πένθει</span> <span class='ocrx_word' id='word_1_318' title='bbox 1104 1113 1214 1149; x_wconf 79' lang='grc' dir='ltr'>μεγάλῳ</span> <span class='ocrx_word' id='word_1_319' title='bbox 1231 1113 1399 1148; x_wconf 75' lang='grc' dir='ltr'>συνέχονται.</span> <span class='ocrx_word' id='word_1_320' title='bbox 1419 1111 1478 1138; x_wconf 87' lang='grc' dir='ltr'>Ἐπ’</span> <span class='ocrx_word' id='word_1_321' title='bbox 1495 1111 1586 1145; x_wconf 78' lang='grc' dir='ltr'>ὀλίγον</span> <span class='ocrx_word' id='word_1_322' title='bbox 1600 1110 1629 1137; x_wconf 90' lang='grc' dir='ltr'>δέ</span> <span class='ocrx_word' id='word_1_323' title='bbox 1643 1111 1676 1145; x_wconf 88' lang='grc' dir='ltr'>τῇ</span> <span class='ocrx_word' id='word_1_324' title='bbox 1689 1108 1787 1144; x_wconf 83' lang='grc' dir='ltr'>θεηλά-</span> 
     </span>
    </p>
   </div>
   <div class='ocr_carea' id='block_1_48' title="bbox 995 1152 1789 1194">
    <p class='ocr_par' dir='ltr' id='par_1_48' title="bbox 995 1152 1789 1194">
     <span class='ocr_line' id='line_1_48' title="bbox 995 1152 1789 1194; baseline -0.009 -8"><span class='ocrx_word' id='word_1_325' title='bbox 995 1167 1035 1194; x_wconf 82' lang='grc' dir='ltr'>τῳ</span> <span class='ocrx_word' id='word_1_326' title='bbox 1056 1159 1148 1194; x_wconf 78' lang='grc' dir='ltr'>πληγῇ</span> <span class='ocrx_word' id='word_1_327' title='bbox 1170 1157 1362 1193; x_wconf 71' lang='grc' dir='ltr'>αἰσχυνθέντες</span> <span class='ocrx_word' id='word_1_328' title='bbox 1379 1156 1461 1183; x_wconf 74' lang='grc' dir='ltr'>πάλιν</span> <span class='ocrx_word' id='word_1_329' title='bbox 1473 1157 1514 1187; x_wconf 85' lang='grc' dir='ltr'>εἰς</span> <span class='ocrx_word' id='word_1_330' title='bbox 1526 1155 1642 1191; x_wconf 86' lang='grc' dir='ltr'>φατρίας</span> <span class='ocrx_word' id='word_1_331' title='bbox 1659 1152 1789 1181; x_wconf 80' lang='grc' dir='ltr'>συνετάτ-</span> 
     </span>
    </p>
   </div>
   <div class='ocr_carea' id='block_1_49' title="bbox 996 1195 1788 1239">
    <p class='ocr_par' dir='ltr' id='par_1_49' title="bbox 996 1195 1788 1239">
     <span class='ocr_line' id='line_1_49' title="bbox 996 1195 1788 1239; baseline -0.01 -8"><span class='ocrx_word' id='word_1_332' title='bbox 996 1212 1084 1235; x_wconf 88' lang='grc' dir='ltr'>τοντο,</span> <span class='ocrx_word' id='word_1_333' title='bbox 1095 1204 1143 1230; x_wconf 83' lang='grc' dir='ltr'>καὶ</span> <span class='ocrx_word' id='word_1_334' title='bbox 1153 1204 1203 1239; x_wconf 81' lang='grc' dir='ltr'>τὴν</span> <span class='ocrx_word' id='word_1_335' title='bbox 1216 1203 1288 1230; x_wconf 83' lang='grc' dir='ltr'>κατὰ</span> <span class='ocrx_word' id='word_1_336' title='bbox 1302 1202 1408 1238; x_wconf 81' lang='grc' dir='ltr'>’Δρείου</span> <span class='ocrx_word' id='word_1_337' title='bbox 1423 1195 1616 1237; x_wconf 82' lang='grc' dir='ltr'>θεομηνίανείς</span> <span class='ocrx_word' id='word_1_338' title='bbox 1636 1198 1681 1226; x_wconf 76' lang='grc' dir='ltr'>τὸν</span> <span class='ocrx_word' id='word_1_339' title='bbox 1699 1197 1788 1225; x_wconf 73' lang='grc' dir='ltr'>κοινὸν</span> 
     </span>
    </p>
   </div>
   <div class='ocr_carea' id='block_1_50' title="bbox 996 1243 1789 1284">
    <p class='ocr_par' dir='ltr' id='par_1_50' title="bbox 996 1243 1789 1284">
     <span class='ocr_line' id='line_1_50' title="bbox 996 1243 1789 1284; baseline -0.009 -8"><span class='ocrx_word' id='word_1_340' title='bbox 996 1249 1181 1284; x_wconf 84' lang='grc' dir='ltr'>ἐφιλονείκουν</span> <span class='ocrx_word' id='word_1_341' title='bbox 1193 1248 1339 1284; x_wconf 84' lang='grc' dir='ltr'>ἀναφέρειν</span> <span class='ocrx_word' id='word_1_342' title='bbox 1352 1247 1467 1275; x_wconf 83' lang='grc' dir='ltr'>θάνατον</span> <span class='ocrx_word' id='word_1_343' title='bbox 1478 1256 1485 1262; x_wconf 94' lang='grc'><strong>·</strong></span> <span class='ocrx_word' id='word_1_344' title='bbox 1502 1247 1589 1274; x_wconf 84' lang='grc' dir='ltr'>καίτοι</span> <span class='ocrx_word' id='word_1_345' title='bbox 1607 1246 1655 1273; x_wconf 72' lang='grc' dir='ltr'>καὶ</span> <span class='ocrx_word' id='word_1_346' title='bbox 1669 1246 1684 1271; x_wconf 84' lang='lat'>6</span> <span class='ocrx_word' id='word_1_347' title='bbox 1699 1243 1789 1275; x_wconf 74' lang='grc' dir='ltr'>κοινὶς</span> 
     </span>
    </p>
   </div>
   <div class='ocr_carea' id='block_1_51' title="bbox 999 1290 1790 1330">
    <p class='ocr_par' dir='ltr' id='par_1_51' title="bbox 999 1290 1790 1330">
     <span class='ocr_line' id='line_1_51' title="bbox 999 1290 1790 1330; baseline -0.006 -8"><span class='ocrx_word' id='word_1_348' title='bbox 999 1296 1090 1327; x_wconf 73' lang='grc' dir='ltr'>αὐτοῖς</span> <span class='ocrx_word' id='word_1_349' title='bbox 1101 1295 1161 1323; x_wconf 85' lang='grc' dir='ltr'>κατ’</span> <span class='ocrx_word' id='word_1_350' title='bbox 1173 1295 1263 1322; x_wconf 83' lang='grc' dir='ltr'>ἐκεῖνο</span> <span class='ocrx_word' id='word_1_351' title='bbox 1287 1294 1385 1330; x_wconf 82' lang='grc' dir='ltr'>καιροῦ</span> <span class='ocrx_word' id='word_1_352' title='bbox 1399 1293 1579 1329; x_wconf 83' lang='grc' dir='ltr'>συνενεχθεὶς,</span> <span class='ocrx_word' id='word_1_353' title='bbox 1600 1293 1644 1319; x_wconf 80' lang='grc' dir='ltr'>ὅτε</span> <span class='ocrx_word' id='word_1_354' title='bbox 1659 1291 1709 1326; x_wconf 86' lang='grc' dir='ltr'>τῆς</span> <span class='ocrx_word' id='word_1_355' title='bbox 1727 1290 1790 1316; x_wconf 83' lang='grc' dir='ltr'>Ἐκ-</span> 
     </span>
    </p>
   </div>
   <div class='ocr_carea' id='block_1_52' title="bbox 155 1339 1791 1380">
    <p class='ocr_par' dir='ltr' id='par_1_52' title="bbox 155 1339 1791 1380">
     <span class='ocr_line' id='line_1_52' title="bbox 155 1339 1791 1380; baseline -0.002 -12"><span class='ocrx_word' id='word_1_356' title='bbox 155 1340 271 1376; x_wconf 73' lang='grc' dir='ltr'>κλησίας</span> <span class='ocrx_word' id='word_1_357' title='bbox 292 1341 445 1368; x_wconf 82' lang='grc' dir='ltr'>ἐπιϐαίνειν</span> <span class='ocrx_word' id='word_1_358' title='bbox 478 1341 559 1369; x_wconf 76' lang='grc' dir='ltr'>αὑτὸν</span> <span class='ocrx_word' id='word_1_359' title='bbox 591 1342 777 1376; x_wconf 77' lang='grc' dir='ltr'>διεπούδαζον,</span> <span class='ocrx_word' id='word_1_360' title='bbox 791 1343 832 1376; x_wconf 88' lang='grc' dir='ltr'>είς</span> <span class='ocrx_word' id='word_1_361' title='bbox 848 1343 894 1371; x_wconf 81' lang='grc' dir='ltr'>τὸν</span> <span class='ocrx_word' id='word_1_362' title='bbox 909 1343 1004 1371; x_wconf 86' lang='grc' dir='ltr'>καινδν</span> <span class='ocrx_word' id='word_1_363' title='bbox 1025 1343 1048 1360; x_wconf 82' lang='grc'><strong>⁸⁷</strong></span> <span class='ocrx_word' id='word_1_364' title='bbox 1077 1344 1125 1371; x_wconf 82' lang='grc' dir='ltr'>καὶ</span> <span class='ocrx_word' id='word_1_365' title='bbox 1155 1343 1287 1380; x_wconf 83' lang='grc' dir='ltr'>θεήλατον</span> <span class='ocrx_word' id='word_1_366' title='bbox 1319 1342 1518 1379; x_wconf 79' lang='grc' dir='ltr'>μεταϐάλλεται</span> <span class='ocrx_word' id='word_1_367' title='bbox 1548 1341 1674 1368; x_wconf 83' lang='grc' dir='ltr'>θάνατον.</span> <span class='ocrx_word' id='word_1_368' title='bbox 1694 1339 1791 1373; x_wconf 80' lang='grc' dir='ltr'>Ὅμως</span> 
     </span>
    </p>
   </div>
   <div class='ocr_carea' id='block_1_53' title="bbox 157 1385 1792 1427">
    <p class='ocr_par' dir='ltr' id='par_1_53' title="bbox 157 1385 1792 1427">
     <span class='ocr_line' id='line_1_53' title="bbox 157 1385 1792 1427; baseline 0.003 -14"><span class='ocrx_word' id='word_1_369' title='bbox 157 1387 348 1414; x_wconf 82' lang='grc' dir='ltr'>Κωνστάντιον</span> <span class='ocrx_word' id='word_1_370' title='bbox 377 1387 409 1414; x_wconf 82' lang='grc' dir='ltr'>τὸ</span> <span class='ocrx_word' id='word_1_371' title='bbox 442 1388 610 1424; x_wconf 80' lang='grc' dir='ltr'>ἀνδράποδον</span> <span class='ocrx_word' id='word_1_372' title='bbox 640 1388 750 1416; x_wconf 67' lang='grc' dir='ltr'>ἔπειθον</span> <span class='ocrx_word' id='word_1_373' title='bbox 777 1390 815 1422; x_wconf 87' lang='grc' dir='ltr'>ὡς</span> <span class='ocrx_word' id='word_1_374' title='bbox 834 1390 864 1418; x_wconf 80' lang='grc' dir='ltr'>τὸ</span> <span class='ocrx_word' id='word_1_375' title='bbox 879 1390 901 1407; x_wconf 84' lang='grc'>⁸⁸</span> <span class='ocrx_word' id='word_1_376' title='bbox 913 1391 964 1426; x_wconf 84' lang='grc' dir='ltr'>τῆς</span> <span class='ocrx_word' id='word_1_377' title='bbox 983 1391 1091 1426; x_wconf 86' lang='grc' dir='ltr'>φύσεως</span> <span class='ocrx_word' id='word_1_378' title='bbox 1108 1391 1188 1427; x_wconf 77' lang='grc' dir='ltr'>χρέος</span> <span class='ocrx_word' id='word_1_379' title='bbox 1212 1390 1364 1424; x_wconf 80' lang='grc' dir='ltr'>ἀπέδωκεν,</span> <span class='ocrx_word' id='word_1_380' title='bbox 1388 1388 1446 1417; x_wconf 82' lang='grc' dir='ltr'>ἀλλ’</span> <span class='ocrx_word' id='word_1_381' title='bbox 1463 1389 1494 1416; x_wconf 84' lang='grc' dir='ltr'>οὒ</span> <span class='ocrx_word' id='word_1_382' title='bbox 1507 1388 1581 1419; x_wconf 82' lang='grc' dir='ltr'>θείας</span> <span class='ocrx_word' id='word_1_383' title='bbox 1597 1387 1684 1422; x_wconf 82' lang='grc' dir='ltr'>ὀργῆς</span> <span class='ocrx_word' id='word_1_384' title='bbox 1715 1385 1792 1419; x_wconf 84' lang='grc' dir='ltr'>δίκην</span> 
     </span>
    </p>
   </div>
   <div class='ocr_carea' id='block_1_54' title="bbox 156 1430 1795 1474">
    <p class='ocr_par' dir='ltr' id='par_1_54' title="bbox 156 1430 1795 1474">
     <span class='ocr_line' id='line_1_54' title="bbox 156 1430 1795 1474; baseline -0.001 -15"><span class='ocrx_word' id='word_1_385' title='bbox 156 1433 286 1460; x_wconf 80' lang='grc' dir='ltr'>ἀπέτισεν</span> <span class='ocrx_word' id='word_1_386' title='bbox 309 1434 429 1469; x_wconf 76' lang='grc' dir='ltr'>ΙἌρειος.</span> <span class='ocrx_word' id='word_1_387' title='bbox 447 1434 517 1461; x_wconf 82' lang='grc' dir='ltr'>Ἀλλ’</span> <span class='ocrx_word' id='word_1_388' title='bbox 540 1436 554 1462; x_wconf 88' lang='lat'>6</span> <span class='ocrx_word' id='word_1_389' title='bbox 575 1435 625 1471; x_wconf 77' lang='grc' dir='ltr'>μὲν</span> <span class='ocrx_word' id='word_1_390' title='bbox 643 1435 735 1468; x_wconf 77' lang='grc' dir='ltr'>ἅθλιος</span> <span class='ocrx_word' id='word_1_391' title='bbox 757 1437 860 1469; x_wconf 81' lang='grc' dir='ltr'>ἐκεῖνος</span> <span class='ocrx_word' id='word_1_392' title='bbox 878 1438 940 1469; x_wconf 84' lang='grc' dir='ltr'>ταῖς</span> <span class='ocrx_word' id='word_1_393' title='bbox 960 1437 1136 1474; x_wconf 72' lang='grc' dir='ltr'>Ἀλεξάνδρου</span> <span class='ocrx_word' id='word_1_394' title='bbox 1156 1439 1322 1474; x_wconf 88' lang='grc' dir='ltr'>προσευχαῖς</span> <span class='ocrx_word' id='word_1_395' title='bbox 1341 1437 1466 1469; x_wconf 84' lang='grc' dir='ltr'>ἐλεεινῶς</span> <span class='ocrx_word' id='word_1_396' title='bbox 1483 1436 1554 1464; x_wconf 80' lang='grc' dir='ltr'>οὓτω</span> <span class='ocrx_word' id='word_1_397' title='bbox 1570 1435 1617 1462; x_wconf 80' lang='grc' dir='ltr'>τὸν</span> <span class='ocrx_word' id='word_1_398' title='bbox 1631 1434 1687 1470; x_wconf 78' lang='grc' dir='ltr'>βίον</span> <span class='ocrx_word' id='word_1_399' title='bbox 1713 1430 1795 1459; x_wconf 74' lang='grc' dir='ltr'>κατέ-</span> 
     </span>
    </p>
   </div>
   <div class='ocr_carea' id='block_1_55' title="bbox 158 1479 1795 1520">
    <p class='ocr_par' dir='ltr' id='par_1_55' title="bbox 158 1479 1795 1520">
     <span class='ocr_line' id='line_1_55' title="bbox 158 1479 1795 1520; baseline 0.002 -14"><span class='ocrx_word' id='word_1_400' title='bbox 158 1480 273 1515; x_wconf 70' lang='grc' dir='ltr'>στρεψεν</span> <span class='ocrx_word' id='word_1_401' title='bbox 283 1488 290 1496; x_wconf 94' lang='grc'><strong>·</strong></span> <span class='ocrx_word' id='word_1_402' title='bbox 306 1481 320 1506; x_wconf 88' lang='lat'>6</span> <span class='ocrx_word' id='word_1_403' title='bbox 332 1480 445 1514; x_wconf 74' lang='grc' dir='ltr'>δέ·θεῖος</span> <span class='ocrx_word' id='word_1_404' title='bbox 466 1480 639 1518; x_wconf 73' lang='grc' dir='ltr'>Ἀλέξανδρος</span> <span class='ocrx_word' id='word_1_405' title='bbox 649 1483 821 1518; x_wconf 86' lang='grc' dir='ltr'>ὀσιοπρεπῶς</span> <span class='ocrx_word' id='word_1_406' title='bbox 837 1492 867 1511; x_wconf 91' lang='grc' dir='ltr'>τε</span> <span class='ocrx_word' id='word_1_407' title='bbox 876 1484 924 1511; x_wconf 72' lang='grc' dir='ltr'>καὶ</span> <span class='ocrx_word' id='word_1_408' title='bbox 932 1484 1017 1519; x_wconf 84' lang='grc' dir='ltr'>ἅγίως</span> <span class='ocrx_word' id='word_1_409' title='bbox 1032 1486 1090 1520; x_wconf 82' lang='grc' dir='ltr'>μετ’</span> <span class='ocrx_word' id='word_1_410' title='bbox 1100 1484 1191 1519; x_wconf 83' lang='grc' dir='ltr'>ὀλίγον</span> <span class='ocrx_word' id='word_1_411' title='bbox 1201 1485 1261 1512; x_wconf 74' lang='grc' dir='ltr'>ἀντὶ</span> <span class='ocrx_word' id='word_1_412' title='bbox 1271 1486 1321 1519; x_wconf 82' lang='grc' dir='ltr'>τῆς</span> <span class='ocrx_word' id='word_1_413' title='bbox 1333 1484 1458 1517; x_wconf 79' lang='grc' dir='ltr'>ἐπιγείου</span> <span class='ocrx_word' id='word_1_414' title='bbox 1469 1483 1519 1514; x_wconf 83' lang='grc' dir='ltr'>τὰς</span> <span class='ocrx_word' id='word_1_415' title='bbox 1533 1481 1676 1517; x_wconf 80' lang='grc' dir='ltr'>οὐρανίους</span> <span class='ocrx_word' id='word_1_416' title='bbox 1690 1479 1795 1514; x_wconf 81' lang='grc' dir='ltr'>σκηνὰς</span> 
     </span>
    </p>
   </div>
   <div class='ocr_carea' id='block_1_56' title="bbox 157 1527 1686 1566">
    <p class='ocr_par' dir='ltr' id='par_1_56' title="bbox 157 1527 1686 1566">
     <span class='ocr_line' id='line_1_56' title="bbox 157 1527 1686 1566; baseline -0.003 -10"><span class='ocrx_word' id='word_1_417' title='bbox 157 1527 342 1564; x_wconf 74' lang='grc' dir='ltr'>ἐκληρώσατο,</span> <span class='ocrx_word' id='word_1_418' title='bbox 375 1529 440 1565; x_wconf 90' lang='grc' dir='ltr'>τρία</span> <span class='ocrx_word' id='word_1_419' title='bbox 469 1529 519 1565; x_wconf 81' lang='grc' dir='ltr'>μὲν</span> <span class='ocrx_word' id='word_1_420' title='bbox 545 1530 592 1556; x_wconf 77' lang='grc' dir='ltr'>καὶ</span> <span class='ocrx_word' id='word_1_421' title='bbox 616 1530 702 1557; x_wconf 82' lang='grc' dir='ltr'>εῐκοσι</span> <span class='ocrx_word' id='word_1_422' title='bbox 729 1530 759 1557; x_wconf 83' lang='grc' dir='ltr'>ἐν</span> <span class='ocrx_word' id='word_1_423' title='bbox 780 1532 814 1565; x_wconf 84' lang='grc' dir='ltr'>τῇ</span> <span class='ocrx_word' id='word_1_424' title='bbox 837 1531 972 1566; x_wconf 78' lang='grc' dir='ltr'>ἐπισκοπῇ</span> <span class='ocrx_word' id='word_1_425' title='bbox 991 1531 1147 1563; x_wconf 79' lang='grc' dir='ltr'>διατελέσας</span> <span class='ocrx_word' id='word_1_426' title='bbox 1160 1531 1220 1565; x_wconf 75' lang='grc' dir='ltr'>ἐτη,</span> <span class='ocrx_word' id='word_1_427' title='bbox 1239 1530 1313 1566; x_wconf 84' lang='grc' dir='ltr'>βιοὺς</span> <span class='ocrx_word' id='word_1_428' title='bbox 1327 1530 1355 1556; x_wconf 83' lang='grc' dir='ltr'>δέ</span> <span class='ocrx_word' id='word_1_429' title='bbox 1368 1529 1440 1556; x_wconf 80' lang='grc' dir='ltr'>ὀκτὼ</span> <span class='ocrx_word' id='word_1_430' title='bbox 1453 1529 1500 1556; x_wconf 72' lang='grc' dir='ltr'>καὶ</span> <span class='ocrx_word' id='word_1_431' title='bbox 1513 1527 1686 1562; x_wconf 85' lang='grc' dir='ltr'>ἐνενήκοντα.</span> 
     </span>
    </p>
   </div>
   <div class='ocr_carea' id='block_1_57' title="bbox 194 1574 986 1618">
    <p class='ocr_par' dir='ltr' id='par_1_57' title="bbox 194 1574 986 1618">
     <span class='ocr_line' id='line_1_57' title="bbox 194 1574 986 1618; baseline 0.003 -17"><span class='ocrx_word' id='word_1_432' title='bbox 194 1574 255 1602; x_wconf 64' lang='grc' dir='ltr'><strong>11ωο</strong></span> <span class='ocrx_word' id='word_1_433' title='bbox 268 1574 392 1607; x_wconf 85' lang='lat' dir='ltr'><strong>historia,</strong></span> <span class='ocrx_word' id='word_1_434' title='bbox 402 1576 477 1602; x_wconf 82' lang='lat' dir='ltr'><strong>unde</strong></span> <span class='ocrx_word' id='word_1_435' title='bbox 490 1575 544 1603; x_wconf 87' lang='lat' dir='ltr'><strong>ista</strong></span> <span class='ocrx_word' id='word_1_436' title='bbox 558 1576 758 1611; x_wconf 85' lang='lat' dir='ltr'><strong>excerpsimus,</strong></span> <span class='ocrx_word' id='word_1_437' title='bbox 770 1583 824 1603; x_wconf 92' lang='lat' dir='ltr'>non</span> <span class='ocrx_word' id='word_1_438' title='bbox 837 1576 951 1604; x_wconf 85' lang='lat' dir='ltr'><strong>omnino</strong></span> <span class='ocrx_word' id='word_1_439' title='bbox 964 1589 986 1618; x_wconf 72' lang='grc' dir='ltr'>ο</span> 
     </span>
    </p>
   </div>
   <div class='ocr_carea' id='block_1_58' title="bbox 157 1621 952 1657">
    <p class='ocr_par' dir='ltr' id='par_1_58' title="bbox 157 1621 952 1657">
     <span class='ocr_line' id='line_1_58' title="bbox 157 1621 952 1657; baseline 0.001 -8"><span class='ocrx_word' id='word_1_440' title='bbox 157 1621 307 1654; x_wconf 82' lang='lat' dir='ltr'><strong>elaborata,</strong></span> <span class='ocrx_word' id='word_1_441' title='bbox 325 1628 357 1648; x_wconf 87' lang='lat' dir='ltr'>ac</span> <span class='ocrx_word' id='word_1_442' title='bbox 380 1621 459 1648; x_wconf 88' lang='lat' dir='ltr'><strong>docta</strong></span> <span class='ocrx_word' id='word_1_443' title='bbox 475 1621 630 1649; x_wconf 87' lang='lat' dir='ltr'><strong>elocutione</strong></span> <span class='ocrx_word' id='word_1_444' title='bbox 644 1629 676 1649; x_wconf 91' lang='lat' dir='ltr'>ac</span> <span class='ocrx_word' id='word_1_445' title='bbox 691 1622 848 1655; x_wconf 85' lang='lat' dir='ltr'><strong>sententiis,</strong></span> <span class='ocrx_word' id='word_1_446' title='bbox 862 1629 952 1657; x_wconf 88' lang='lat' dir='ltr'><strong>neque</strong></span> 
     </span>
    </p>
   </div>
   <div class='ocr_carea' id='block_1_59' title="bbox 158 1666 953 1703">
    <p class='ocr_par' dir='ltr' id='par_1_59' title="bbox 158 1666 953 1703">
     <span class='ocr_line' id='line_1_59' title="bbox 158 1666 953 1703; baseline 0.004 -10"><span class='ocrx_word' id='word_1_447' title='bbox 158 1674 270 1702; x_wconf 82' lang='lat' dir='ltr'><strong>prorsus</strong></span> <span class='ocrx_word' id='word_1_448' title='bbox 301 1667 364 1695; x_wconf 88' lang='lat' dir='ltr'><strong>vilis</strong></span> <span class='ocrx_word' id='word_1_449' title='bbox 388 1671 437 1694; x_wconf 88' lang='lat' dir='ltr'>aut</span> <span class='ocrx_word' id='word_1_450' title='bbox 466 1667 601 1702; x_wconf 81' lang='lat' dir='ltr'><strong>neglecta.</strong></span> <span class='ocrx_word' id='word_1_451' title='bbox 617 1666 646 1694; x_wconf 87' lang='lat' dir='ltr'><strong>Si</strong></span> <span class='ocrx_word' id='word_1_452' title='bbox 672 1675 734 1702; x_wconf 70' lang='lat' dir='ltr'><strong>quae</strong></span> <span class='ocrx_word' id='word_1_453' title='bbox 761 1672 857 1695; x_wconf 89' lang='lat' dir='ltr'><strong>contra</strong></span> <span class='ocrx_word' id='word_1_454' title='bbox 870 1672 953 1703; x_wconf 84' lang='lat' dir='ltr'><strong>atque</strong></span> 
     </span>
    </p>
   </div>
   <div class='ocr_carea' id='block_1_60' title="bbox 159 1712 951 1750">
    <p class='ocr_par' dir='ltr' id='par_1_60' title="bbox 159 1712 951 1750">
     <span class='ocr_line' id='line_1_60' title="bbox 159 1712 951 1750; baseline 0.003 -11"><span class='ocrx_word' id='word_1_455' title='bbox 159 1713 205 1740; x_wconf 82' lang='lat' dir='ltr'><strong>alii</strong></span> <span class='ocrx_word' id='word_1_456' title='bbox 224 1717 326 1746; x_wconf 84' lang='lat' dir='ltr'><strong>narret,</strong></span> <span class='ocrx_word' id='word_1_457' title='bbox 344 1713 397 1740; x_wconf 91' lang='lat' dir='ltr'>hoc</span> <span class='ocrx_word' id='word_1_458' title='bbox 418 1712 533 1741; x_wconf 87' lang='lat' dir='ltr'><strong>alterius</strong></span> <span class='ocrx_word' id='word_1_459' title='bbox 545 1713 663 1742; x_wconf 84' lang='lat' dir='ltr'><strong>instituti</strong></span> <span class='ocrx_word' id='word_1_460' title='bbox 682 1719 709 1742; x_wconf 89' lang='lat' dir='ltr'>et</span> <span class='ocrx_word' id='word_1_461' title='bbox 721 1713 817 1750; x_wconf 85' lang='lat' dir='ltr'><strong>judicii</strong></span> <span class='ocrx_word' id='word_1_462' title='bbox 832 1718 884 1747; x_wconf 88' lang='lat' dir='ltr'><strong>est,</strong></span> <span class='ocrx_word' id='word_1_463' title='bbox 898 1721 951 1742; x_wconf 92' lang='lat' dir='ltr'>non</span> 
     </span>
    </p>
   </div>
   <div class='ocr_carea' id='block_1_61' title="bbox 159 1759 586 1794">
    <p class='ocr_par' dir='ltr' id='par_1_61' title="bbox 159 1759 586 1794">
     <span class='ocr_line' id='line_1_61' title="bbox 159 1759 586 1794; baseline 0.005 -8"><span class='ocrx_word' id='word_1_464' title='bbox 159 1759 333 1794; x_wconf 81' lang='lat' dir='ltr'><strong>excerpentis</strong></span> <span class='ocrx_word' id='word_1_465' title='bbox 347 1763 375 1787; x_wconf 89' lang='lat' dir='ltr'>et</span> <span class='ocrx_word' id='word_1_466' title='bbox 387 1759 586 1788; x_wconf 85' lang='lat' dir='ltr'><strong>contrahentis.</strong></span> 
     </span>
    </p>
   </div>
   <div class='ocr_carea' id='block_1_62' title="bbox 165 1913 949 1995">
    <p class='ocr_par' dir='ltr' id='par_1_62' title="bbox 165 1913 949 1995">
     <span class='ocr_line' id='line_1_62' title="bbox 165 1913 949 1995; baseline -0.003 -8"><span class='ocrx_word' id='word_1_467' title='bbox 165 1959 229 1987; x_wconf 77' lang='lat' dir='ltr'><strong>Vita</strong></span> <span class='ocrx_word' id='word_1_468' title='bbox 244 1958 325 1986; x_wconf 79' lang='lat' dir='ltr'><strong>Pauli</strong></span> <span class='ocrx_word' id='word_1_469' title='bbox 340 1959 461 1995; x_wconf 73' lang='lat' dir='ltr'><strong>Episcopi</strong></span> <span class='ocrx_word' id='word_1_470' title='bbox 472 1913 766 1995; x_wconf 55' lang='grc' dir='ltr'>ϐξξείίῖοίίίηοροιξωηί</span> <span class='ocrx_word' id='word_1_471' title='bbox 779 1958 949 1993; x_wconf 69' lang='lat' dir='ltr'><strong>confessoris.</strong></span> 
     </span>
    </p>
   </div>
   <div class='ocr_carea' id='block_1_63' title="bbox 199 2039 952 2076">
    <p class='ocr_par' dir='ltr' id='par_1_63' title="bbox 199 2039 952 2076">
     <span class='ocr_line' id='line_1_63' title="bbox 199 2039 952 2076; baseline -0.004 -8"><span class='ocrx_word' id='word_1_472' title='bbox 199 2039 263 2076; x_wconf 80' lang='lat' dir='ltr'><strong>Legi</strong></span> <span class='ocrx_word' id='word_1_473' title='bbox 280 2040 380 2068; x_wconf 89' lang='lat' dir='ltr'><strong>librum</strong></span> <span class='ocrx_word' id='word_1_474' title='bbox 395 2040 442 2075; x_wconf 82' lang='lat' dir='ltr'>qui</span> <span class='ocrx_word' id='word_1_475' title='bbox 454 2040 613 2067; x_wconf 86' lang='lat' dir='ltr'><strong>inscribitur</strong></span> <span class='ocrx_word' id='word_1_476' title='bbox 634 2048 641 2067; x_wconf 90' lang='lat'><strong>:</strong></span> <span class='ocrx_word' id='word_1_477' title='bbox 664 2039 728 2067; x_wconf 82' lang='lat' dir='ltr'><strong>Vita</strong></span> <span class='ocrx_word' id='word_1_478' title='bbox 756 2047 803 2066; x_wconf 79' lang='lat' dir='ltr'><strong>seu</strong></span> <span class='ocrx_word' id='word_1_479' title='bbox 822 2043 952 2066; x_wconf 71' lang='lat' dir='ltr'><strong>certamen</strong></span> 
     </span>
    </p>
   </div>
   <div class='ocr_carea' id='block_1_64' title="bbox 164 2085 953 2122">
    <p class='ocr_par' dir='ltr' id='par_1_64' title="bbox 164 2085 953 2122">
     <span class='ocr_line' id='line_1_64' title="bbox 164 2085 953 2122; baseline -0.003 -7"><span class='ocrx_word' id='word_1_480' title='bbox 164 2087 250 2116; x_wconf 77' lang='lat' dir='ltr'><strong>sancti</strong></span> <span class='ocrx_word' id='word_1_481' title='bbox 263 2086 353 2115; x_wconf 76' lang='lat' dir='ltr'><strong>Patris</strong></span> <span class='ocrx_word' id='word_1_482' title='bbox 368 2086 451 2114; x_wconf 79' lang='lat' dir='ltr'><strong>Pauli</strong></span> <span class='ocrx_word' id='word_1_483' title='bbox 461 2087 576 2122; x_wconf 68' lang='lat' dir='ltr'><strong>episcopi</strong></span> <span class='ocrx_word' id='word_1_484' title='bbox 590 2085 879 2122; x_wconf 74' lang='lat' dir='ltr'><strong>Constantinopolitani</strong></span> <span class='ocrx_word' id='word_1_485' title='bbox 889 2094 953 2113; x_wconf 85' lang='lat' dir='ltr'><strong>cou-</strong></span> 
     </span>
    </p>
   </div>
   <div class='ocr_carea' id='block_1_65' title="bbox 165 2132 795 2171">
    <p class='ocr_par' dir='ltr' id='par_1_65' title="bbox 165 2132 795 2171">
     <span class='ocr_line' id='line_1_65' title="bbox 165 2132 795 2171; baseline -0.006 -8"><span class='ocrx_word' id='word_1_486' title='bbox 165 2135 284 2171; x_wconf 75' lang='lat' dir='ltr'><strong>fcuoris,</strong></span> <span class='ocrx_word' id='word_1_487' title='bbox 298 2133 333 2162; x_wconf 86' lang='lat' dir='ltr'>ad</span> <span class='ocrx_word' id='word_1_488' title='bbox 350 2133 476 2162; x_wconf 90' lang='lat' dir='ltr'><strong>eumdem</strong></span> <span class='ocrx_word' id='word_1_489' title='bbox 493 2132 607 2161; x_wconf 89' lang='lat' dir='ltr'><strong>modum</strong></span> <span class='ocrx_word' id='word_1_490' title='bbox 623 2136 795 2167; x_wconf 84' lang='lat' dir='ltr'><strong>excerptum.</strong></span> 
     </span>
    </p>
   </div>
   <div class='ocr_carea' id='block_1_66' title="bbox 201 2221 956 2259">
    <p class='ocr_par' dir='ltr' id='par_1_66' title="bbox 201 2221 956 2259">
     <span class='ocr_line' id='line_1_66' title="bbox 201 2221 956 2259; baseline -0.001 -7"><span class='ocrx_word' id='word_1_491' title='bbox 201 2223 379 2252; x_wconf 87' lang='lat' dir='ltr'><strong>Constantius</strong></span> <span class='ocrx_word' id='word_1_492' title='bbox 393 2223 510 2252; x_wconf 74' lang='lat' dir='ltr'><strong>Romani</strong></span> <span class='ocrx_word' id='word_1_493' title='bbox 525 2223 630 2259; x_wconf 85' lang='lat' dir='ltr'><strong>imperii</strong></span> <span class='ocrx_word' id='word_1_494' title='bbox 645 2222 680 2251; x_wconf 90' lang='lat' dir='ltr'>ad</span> <span class='ocrx_word' id='word_1_495' title='bbox 692 2221 831 2251; x_wconf 90' lang='lat' dir='ltr'><strong>Orientem</strong></span> <span class='ocrx_word' id='word_1_496' title='bbox 844 2223 956 2259; x_wconf 85' lang='lat' dir='ltr'><strong>regebat</strong></span> 
     </span>
    </p>
   </div>
   <div class='ocr_carea' id='block_1_67' title="bbox 166 2269 955 2306">
    <p class='ocr_par' dir='ltr' id='par_1_67' title="bbox 166 2269 955 2306">
     <span class='ocr_line' id='line_1_67' title="bbox 166 2269 955 2306; baseline -0.001 -8"><span class='ocrx_word' id='word_1_497' title='bbox 166 2275 284 2306; x_wconf 88' lang='lat' dir='ltr'><strong>sceptra,</strong></span> <span class='ocrx_word' id='word_1_498' title='bbox 300 2270 455 2306; x_wconf 87' lang='lat' dir='ltr'><strong>proditione</strong></span> <span class='ocrx_word' id='word_1_499' title='bbox 466 2269 585 2298; x_wconf 71' lang='lat' dir='ltr'><strong>hatretici</strong></span> <span class='ocrx_word' id='word_1_500' title='bbox 597 2269 760 2303; x_wconf 79' lang='lat' dir='ltr'><strong>sacerdotis,</strong></span> <span class='ocrx_word' id='word_1_501' title='bbox 776 2274 801 2298; x_wconf 79' lang='lat' dir='ltr'>et</span> <span class='ocrx_word' id='word_1_502' title='bbox 819 2277 955 2298; x_wconf 81' lang='lat' dir='ltr'><strong>consensu</strong></span> 
     </span>
    </p>
   </div>
   <div class='ocr_carea' id='block_1_68' title="bbox 167 2316 956 2352">
    <p class='ocr_par' dir='ltr' id='par_1_68' title="bbox 167 2316 956 2352">
     <span class='ocr_line' id='line_1_68' title="bbox 167 2316 956 2352; baseline -0.003 -7"><span class='ocrx_word' id='word_1_503' title='bbox 167 2317 357 2346; x_wconf 73' lang='lat' dir='ltr'><strong>cunuchorum</strong></span> <span class='ocrx_word' id='word_1_504' title='bbox 388 2317 523 2352; x_wconf 89' lang='lat' dir='ltr'><strong>irrepens.</strong></span> <span class='ocrx_word' id='word_1_505' title='bbox 549 2316 645 2344; x_wconf 81' lang='lat' dir='ltr'><strong>Ariani</strong></span> <span class='ocrx_word' id='word_1_506' title='bbox 669 2321 759 2344; x_wconf 85' lang='lat' dir='ltr'><strong>autem</strong></span> <span class='ocrx_word' id='word_1_507' title='bbox 780 2317 878 2344; x_wconf 88' lang='lat' dir='ltr'><strong>iterum</strong></span> <span class='ocrx_word' id='word_1_508' title='bbox 896 2317 956 2351; x_wconf 86' lang='lat' dir='ltr'><strong>pios</strong></span> 
     </span>
    </p>
   </div>
   <div class='ocr_carea' id='block_1_69' title="bbox 167 2361 957 2400">
    <p class='ocr_par' dir='ltr' id='par_1_69' title="bbox 167 2361 957 2400">
     <span class='ocr_line' id='line_1_69' title="bbox 167 2361 957 2400; baseline -0.003 -8"><span class='ocrx_word' id='word_1_509' title='bbox 167 2369 382 2400; x_wconf 85' lang='lat' dir='ltr'><strong>persequuntur,</strong></span> <span class='ocrx_word' id='word_1_510' title='bbox 396 2369 424 2392; x_wconf 89' lang='lat' dir='ltr'>et</span> <span class='ocrx_word' id='word_1_511' title='bbox 439 2362 621 2390; x_wconf 83' lang='lat' dir='ltr'><strong>Athanasium</strong></span> <span class='ocrx_word' id='word_1_512' title='bbox 635 2362 727 2390; x_wconf 86' lang='lat' dir='ltr'><strong>statim</strong></span> <span class='ocrx_word' id='word_1_513' title='bbox 742 2361 876 2390; x_wconf 84' lang='lat' dir='ltr'><strong>Occidens</strong></span> <span class='ocrx_word' id='word_1_514' title='bbox 895 2370 957 2390; x_wconf 89' lang='lat' dir='ltr'><strong>sus-</strong></span> 
     </span>
    </p>
   </div>
   <div class='ocr_carea' id='block_1_70' title="bbox 166 2409 958 2446">
    <p class='ocr_par' dir='ltr' id='par_1_70' title="bbox 166 2409 958 2446">
     <span class='ocr_line' id='line_1_70' title="bbox 166 2409 958 2446; baseline -0.004 -7"><span class='ocrx_word' id='word_1_515' title='bbox 166 2411 242 2446; x_wconf 89' lang='lat' dir='ltr'><strong>cipit.</strong></span> <span class='ocrx_word' id='word_1_516' title='bbox 260 2411 372 2439; x_wconf 82' lang='lat' dir='ltr'><strong>Divinus</strong></span> <span class='ocrx_word' id='word_1_517' title='bbox 394 2418 459 2439; x_wconf 85' lang='lat' dir='ltr'><strong>vero</strong></span> <span class='ocrx_word' id='word_1_518' title='bbox 485 2409 650 2443; x_wconf 78' lang='lat' dir='ltr'><strong>Alexander,</strong></span> <span class='ocrx_word' id='word_1_519' title='bbox 661 2409 742 2437; x_wconf 90' lang='lat' dir='ltr'><strong>morti</strong></span> <span class='ocrx_word' id='word_1_520' title='bbox 764 2409 882 2442; x_wconf 83' lang='lat' dir='ltr'><strong>vicinus,</strong></span> <span class='ocrx_word' id='word_1_521' title='bbox 897 2409 958 2437; x_wconf 88' lang='lat' dir='ltr'><strong>nul-</strong></span> 
     </span>
    </p>
   </div>
   <div class='ocr_carea' id='block_1_71' title="bbox 167 2455 955 2492">
    <p class='ocr_par' dir='ltr' id='par_1_71' title="bbox 167 2455 955 2492">
     <span class='ocr_line' id='line_1_71' title="bbox 167 2455 955 2492; baseline -0.003 -7"><span class='ocrx_word' id='word_1_522' title='bbox 167 2458 222 2485; x_wconf 87' lang='lat' dir='ltr'>lum</span> <span class='ocrx_word' id='word_1_523' title='bbox 234 2456 543 2492; x_wconf 76' lang='lat' dir='ltr'><strong>ConstantinOpolitanze</strong></span> <span class='ocrx_word' id='word_1_524' title='bbox 557 2455 686 2485; x_wconf 77' lang='lat' dir='ltr'><strong>Ecclesia:</strong></span> <span class='ocrx_word' id='word_1_525' title='bbox 700 2455 752 2484; x_wconf 87' lang='lat' dir='ltr'><strong>sibi</strong></span> <span class='ocrx_word' id='word_1_526' title='bbox 767 2462 955 2484; x_wconf 88' lang='lat' dir='ltr'><strong>successorem</strong></span> 
     </span>
    </p>
   </div>
   <div class='ocr_carea' id='block_1_72' title="bbox 167 2501 955 2538">
    <p class='ocr_par' dir='ltr' id='par_1_72' title="bbox 167 2501 955 2538">
     <span class='ocr_line' id='line_1_72' title="bbox 167 2501 955 2538; baseline -0.001 -8"><span class='ocrx_word' id='word_1_527' title='bbox 167 2504 305 2538; x_wconf 75' lang='lat' dir='ltr'><strong>designat.</strong></span> <span class='ocrx_word' id='word_1_528' title='bbox 317 2503 392 2531; x_wconf 90' lang='lat' dir='ltr'><strong>Duos</strong></span> <span class='ocrx_word' id='word_1_529' title='bbox 406 2503 476 2530; x_wconf 88' lang='lat' dir='ltr'><strong>inter</strong></span> <span class='ocrx_word' id='word_1_530' title='bbox 492 2502 559 2530; x_wconf 85' lang='lat' dir='ltr'><strong>alios</strong></span> <span class='ocrx_word' id='word_1_531' title='bbox 570 2503 680 2537; x_wconf 82' lang='lat' dir='ltr'><strong>delegit,</strong></span> <span class='ocrx_word' id='word_1_532' title='bbox 697 2510 775 2530; x_wconf 90' lang='lat' dir='ltr'><strong>suam</strong></span> <span class='ocrx_word' id='word_1_533' title='bbox 791 2507 887 2530; x_wconf 86' lang='lat' dir='ltr'><strong>contra</strong></span> <span class='ocrx_word' id='word_1_534' title='bbox 900 2501 955 2530; x_wconf 67' lang='lat' dir='ltr'><strong>hae-</strong></span> 
     </span>
    </p>
   </div>
   <div class='ocr_carea' id='block_1_73' title="bbox 167 2548 956 2584">
    <p class='ocr_par' dir='ltr' id='par_1_73' title="bbox 167 2548 956 2584">
     <span class='ocr_line' id='line_1_73' title="bbox 167 2548 956 2584; baseline -0.004 -7"><span class='ocrx_word' id='word_1_535' title='bbox 167 2549 251 2577; x_wconf 86' lang='lat' dir='ltr'><strong>resim</strong></span> <span class='ocrx_word' id='word_1_536' title='bbox 270 2549 371 2584; x_wconf 88' lang='lat' dir='ltr'><strong>populo</strong></span> <span class='ocrx_word' id='word_1_537' title='bbox 385 2548 456 2576; x_wconf 89' lang='lat' dir='ltr'><strong>hanc</strong></span> <span class='ocrx_word' id='word_1_538' title='bbox 467 2549 630 2576; x_wconf 76' lang='lat' dir='ltr'><strong>sententiam</strong></span> <span class='ocrx_word' id='word_1_539' title='bbox 656 2556 807 2584; x_wconf 85' lang='lat' dir='ltr'><strong>exponens,</strong></span> <span class='ocrx_word' id='word_1_540' title='bbox 827 2553 856 2576; x_wconf 88' lang='lat' dir='ltr'>ut</span> <span class='ocrx_word' id='word_1_541' title='bbox 871 2548 956 2583; x_wconf 85' lang='lat' dir='ltr'><strong>elige-</strong></span> 
     </span>
    </p>
   </div>
   <div class='ocr_carea' id='block_1_74' title="bbox 168 2594 957 2630">
    <p class='ocr_par' dir='ltr' id='par_1_74' title="bbox 168 2594 957 2630">
     <span class='ocr_line' id='line_1_74' title="bbox 168 2594 957 2630; baseline -0.001 -7"><span class='ocrx_word' id='word_1_542' title='bbox 168 2600 241 2629; x_wconf 90' lang='lat' dir='ltr'><strong>rent,</strong></span> <span class='ocrx_word' id='word_1_543' title='bbox 263 2596 287 2624; x_wconf 86' lang='lat' dir='ltr'>si</span> <span class='ocrx_word' id='word_1_544' title='bbox 314 2595 426 2628; x_wconf 82' lang='lat' dir='ltr'><strong>vellent,</strong></span> <span class='ocrx_word' id='word_1_545' title='bbox 443 2594 552 2622; x_wconf 89' lang='lat' dir='ltr'><strong>doctum</strong></span> <span class='ocrx_word' id='word_1_546' title='bbox 582 2599 610 2622; x_wconf 91' lang='lat' dir='ltr'>et</span> <span class='ocrx_word' id='word_1_547' title='bbox 638 2595 713 2630; x_wconf 89' lang='lat' dir='ltr'><strong>pium</strong></span> <span class='ocrx_word' id='word_1_548' title='bbox 735 2594 862 2628; x_wconf 82' lang='lat' dir='ltr'><strong>Paulum,</strong></span> <span class='ocrx_word' id='word_1_549' title='bbox 875 2602 957 2629; x_wconf 83' lang='lat' dir='ltr'><strong>quem</strong></span> 
     </span>
    </p>
   </div>
   <div class='ocr_carea' id='block_1_75' title="bbox 169 2640 960 2678">
    <p class='ocr_par' dir='ltr' id='par_1_75' title="bbox 169 2640 960 2678">
     <span class='ocr_line' id='line_1_75' title="bbox 169 2640 960 2678; baseline -0.003 -8"><span class='ocrx_word' id='word_1_550' title='bbox 169 2643 228 2678; x_wconf 87' lang='lat' dir='ltr'><strong>ipse</strong></span> <span class='ocrx_word' id='word_1_551' title='bbox 243 2642 412 2671; x_wconf 81' lang='lat' dir='ltr'><strong>sacerdotem</strong></span> <span class='ocrx_word' id='word_1_552' title='bbox 429 2642 604 2670; x_wconf 84' lang='lat' dir='ltr'><strong>ordinaverat</strong></span> <span class='ocrx_word' id='word_1_553' title='bbox 618 2651 625 2669; x_wconf 90' lang='lat'><strong>:</strong></span> <span class='ocrx_word' id='word_1_554' title='bbox 638 2642 662 2669; x_wconf 84' lang='lat' dir='ltr'>si</span> <span class='ocrx_word' id='word_1_555' title='bbox 688 2649 753 2669; x_wconf 86' lang='lat' dir='ltr'><strong>vero</strong></span> <span class='ocrx_word' id='word_1_556' title='bbox 768 2640 863 2669; x_wconf 61' lang='lat' dir='ltr'><strong>forma</strong></span> <span class='ocrx_word' id='word_1_557' title='bbox 873 2646 899 2668; x_wconf 89' lang='lat' dir='ltr'>et</span> <span class='ocrx_word' id='word_1_558' title='bbox 911 2649 960 2668; x_wconf 81' lang='lat' dir='ltr'>ex-</span> 
     </span>
    </p>
   </div>
   <div class='ocr_carea' id='block_1_76' title="bbox 168 2687 959 2722">
    <p class='ocr_par' dir='ltr' id='par_1_76' title="bbox 168 2687 959 2722">
     <span class='ocr_line' id='line_1_76' title="bbox 168 2687 959 2722; baseline -0.003 -6"><span class='ocrx_word' id='word_1_559' title='bbox 168 2689 277 2717; x_wconf 81' lang='lat' dir='ltr'><strong>terioris</strong></span> <span class='ocrx_word' id='word_1_560' title='bbox 301 2687 458 2716; x_wconf 86' lang='lat' dir='ltr'><strong>ornamenti</strong></span> <span class='ocrx_word' id='word_1_561' title='bbox 479 2688 572 2715; x_wconf 86' lang='lat' dir='ltr'><strong>habita</strong></span> <span class='ocrx_word' id='word_1_562' title='bbox 588 2687 693 2715; x_wconf 88' lang='lat' dir='ltr'><strong>ratione</strong></span> <span class='ocrx_word' id='word_1_563' title='bbox 716 2691 858 2722; x_wconf 88' lang='lat' dir='ltr'><strong>cuperent,</strong></span> <span class='ocrx_word' id='word_1_564' title='bbox 871 2687 959 2715; x_wconf 83' lang='lat' dir='ltr'><strong>Mace-</strong></span> 
     </span>
    </p>
   </div>
   <div class='ocr_carea' id='block_1_77' title="bbox 1038 1569 1795 1611">
    <p class='ocr_par' dir='ltr' id='par_1_77' title="bbox 1038 1569 1795 1611">
     <span class='ocr_line' id='line_1_77' title="bbox 1038 1569 1795 1611; baseline -0.011 -7"><span class='ocrx_word' id='word_1_565' title='bbox 1038 1577 1103 1604; x_wconf 82' lang='grc' dir='ltr'>Ὀτι</span> <span class='ocrx_word' id='word_1_566' title='bbox 1120 1578 1136 1611; x_wconf 86' lang='grc' dir='ltr'><strong>ἠ</strong></span> <span class='ocrx_word' id='word_1_567' title='bbox 1159 1576 1316 1611; x_wconf 78' lang='grc' dir='ltr'>συγγραφὴ,</span> <span class='ocrx_word' id='word_1_568' title='bbox 1333 1575 1362 1607; x_wconf 77' lang='grc' dir='ltr'>ἐξ</span> <span class='ocrx_word' id='word_1_569' title='bbox 1377 1572 1411 1611; x_wconf 84' lang='grc' dir='ltr'>ἦς</span> <span class='ocrx_word' id='word_1_570' title='bbox 1425 1575 1442 1609; x_wconf 81' lang='grc' dir='ltr'>ὴ</span> <span class='ocrx_word' id='word_1_571' title='bbox 1459 1572 1585 1608; x_wconf 84' lang='grc' dir='ltr'>παροῦσα</span> <span class='ocrx_word' id='word_1_572' title='bbox 1600 1570 1735 1607; x_wconf 86' lang='grc' dir='ltr'>προῆλθεν</span> <span class='ocrx_word' id='word_1_573' title='bbox 1749 1569 1795 1596; x_wconf 85' lang='grc' dir='ltr'>ἐκ·</span> 
     </span>
    </p>
   </div>
   <div class='ocr_carea' id='block_1_78' title="bbox 1005 1616 1792 1658">
    <p class='ocr_par' dir='ltr' id='par_1_78' title="bbox 1005 1616 1792 1658">
     <span class='ocr_line' id='line_1_78' title="bbox 1005 1616 1792 1658; baseline -0.009 -9"><span class='ocrx_word' id='word_1_574' title='bbox 1005 1623 1083 1658; x_wconf 86' lang='grc' dir='ltr'>λογὴ,</span> <span class='ocrx_word' id='word_1_575' title='bbox 1105 1621 1166 1648; x_wconf 76' lang='grc' dir='ltr'>οὔτε</span> <span class='ocrx_word' id='word_1_576' title='bbox 1186 1621 1327 1653; x_wconf 86' lang='grc' dir='ltr'>παντελῶς</span> <span class='ocrx_word' id='word_1_577' title='bbox 1339 1622 1379 1652; x_wconf 85' lang='grc' dir='ltr'>εἰς</span> <span class='ocrx_word' id='word_1_578' title='bbox 1392 1621 1421 1647; x_wconf 81' lang='grc' dir='ltr'>τδ</span> <span class='ocrx_word' id='word_1_579' title='bbox 1435 1617 1655 1655; x_wconf 82' lang='grc' dir='ltr'>διηκριϐωμένον</span> <span class='ocrx_word' id='word_1_580' title='bbox 1668 1616 1733 1652; x_wconf 70' lang='grc'>[772</span> <span class='ocrx_word' id='word_1_581' title='bbox 1745 1616 1792 1651; x_wconf 76' lang='grc'><strong>11.]</strong></span> 
     </span>
    </p>
   </div>
   <div class='ocr_carea' id='block_1_79' title="bbox 1005 1662 1796 1703">
    <p class='ocr_par' dir='ltr' id='par_1_79' title="bbox 1005 1662 1796 1703">
     <span class='ocr_line' id='line_1_79' title="bbox 1005 1662 1796 1703; baseline -0.01 -8"><span class='ocrx_word' id='word_1_582' title='bbox 1005 1669 1054 1696; x_wconf 80' lang='grc' dir='ltr'>καὶ</span> <span class='ocrx_word' id='word_1_583' title='bbox 1070 1667 1151 1703; x_wconf 76' lang='grc' dir='ltr'>σοφὸν</span> <span class='ocrx_word' id='word_1_584' title='bbox 1164 1667 1213 1702; x_wconf 87' lang='grc' dir='ltr'>τῆς</span> <span class='ocrx_word' id='word_1_585' title='bbox 1231 1667 1359 1702; x_wconf 83' lang='grc' dir='ltr'>φράσεως</span> <span class='ocrx_word' id='word_1_586' title='bbox 1383 1666 1431 1693; x_wconf 74' lang='grc' dir='ltr'>καὶ</span> <span class='ocrx_word' id='word_1_587' title='bbox 1453 1666 1502 1701; x_wconf 83' lang='grc' dir='ltr'>τῆς</span> <span class='ocrx_word' id='word_1_588' title='bbox 1517 1663 1636 1695; x_wconf 85' lang='grc' dir='ltr'>διανοίας</span> <span class='ocrx_word' id='word_1_589' title='bbox 1656 1662 1796 1697; x_wconf 82' lang='grc' dir='ltr'>ἐκμεμόρ-</span> 
     </span>
    </p>
   </div>
   <div class='ocr_carea' id='block_1_80' title="bbox 1005 1708 1797 1750">
    <p class='ocr_par' dir='ltr' id='par_1_80' title="bbox 1005 1708 1797 1750">
     <span class='ocr_line' id='line_1_80' title="bbox 1005 1708 1797 1750; baseline -0.01 -8"><span class='ocrx_word' id='word_1_590' title='bbox 1005 1724 1105 1750; x_wconf 61' lang='lat' dir='ltr'><strong>(portat,</strong></span> <span class='ocrx_word' id='word_1_591' title='bbox 1121 1713 1184 1741; x_wconf 72' lang='grc' dir='ltr'>οὔτε</span> <span class='ocrx_word' id='word_1_592' title='bbox 1201 1713 1270 1749; x_wconf 83' lang='grc' dir='ltr'>πρὸς</span> <span class='ocrx_word' id='word_1_593' title='bbox 1292 1712 1322 1739; x_wconf 82' lang='lat'>16</span> <span class='ocrx_word' id='word_1_594' title='bbox 1339 1713 1448 1748; x_wconf 86' lang='grc' dir='ltr'>χυδαῖον</span> <span class='ocrx_word' id='word_1_595' title='bbox 1473 1711 1521 1738; x_wconf 79' lang='grc' dir='ltr'>καὶ</span> <span class='ocrx_word' id='word_1_596' title='bbox 1543 1709 1717 1746; x_wconf 71' lang='grc' dir='ltr'>ἠμελημένον</span> <span class='ocrx_word' id='word_1_597' title='bbox 1738 1708 1797 1735; x_wconf 79' lang='grc' dir='ltr'>δια-</span> 
     </span>
    </p>
   </div>
   <div class='ocr_carea' id='block_1_81' title="bbox 1004 1754 1796 1795">
    <p class='ocr_par' dir='ltr' id='par_1_81' title="bbox 1004 1754 1796 1795">
     <span class='ocr_line' id='line_1_81' title="bbox 1004 1754 1796 1795; baseline -0.01 -7"><span class='ocrx_word' id='word_1_598' title='bbox 1004 1762 1161 1789; x_wconf 83' lang='grc' dir='ltr'>πέπτωκεν.</span> <span class='ocrx_word' id='word_1_599' title='bbox 1189 1759 1222 1787; x_wconf 81' lang='grc' dir='ltr'><strong>Εἰ</strong></span> <span class='ocrx_word' id='word_1_600' title='bbox 1248 1760 1277 1787; x_wconf 86' lang='grc' dir='ltr'>δέ</span> <span class='ocrx_word' id='word_1_601' title='bbox 1287 1768 1351 1787; x_wconf 88' lang='grc' dir='ltr'>τινα</span> <span class='ocrx_word' id='word_1_602' title='bbox 1377 1758 1454 1795; x_wconf 83' lang='grc' dir='ltr'>παρὰ</span> <span class='ocrx_word' id='word_1_603' title='bbox 1481 1757 1543 1790; x_wconf 84' lang='grc' dir='ltr'>τοὺς</span> <span class='ocrx_word' id='word_1_604' title='bbox 1565 1756 1662 1788; x_wconf 76' lang='grc' dir='ltr'>ἄλλους</span> <span class='ocrx_word' id='word_1_605' title='bbox 1684 1754 1796 1790; x_wconf 80' lang='grc' dir='ltr'>ἱστορεῖ,</span> 
     </span>
    </p>
   </div>
   <div class='ocr_carea' id='block_1_82' title="bbox 1003 1799 1796 1842">
    <p class='ocr_par' dir='ltr' id='par_1_82' title="bbox 1003 1799 1796 1842">
     <span class='ocr_line' id='line_1_82' title="bbox 1003 1799 1796 1842; baseline -0.01 -8"><span class='ocrx_word' id='word_1_606' title='bbox 1003 1807 1083 1835; x_wconf 81' lang='grc' dir='ltr'>τοῦτο</span> <span class='ocrx_word' id='word_1_607' title='bbox 1097 1806 1203 1842; x_wconf 84' lang='grc' dir='ltr'>διαίτης</span> <span class='ocrx_word' id='word_1_608' title='bbox 1225 1805 1273 1833; x_wconf 81' lang='grc' dir='ltr'>καὶ</span> <span class='ocrx_word' id='word_1_609' title='bbox 1292 1804 1411 1841; x_wconf 86' lang='grc' dir='ltr'>κρίσεως</span> <span class='ocrx_word' id='word_1_610' title='bbox 1430 1803 1524 1839; x_wconf 73' lang='grc' dir='ltr'>ἄλλης,</span> <span class='ocrx_word' id='word_1_611' title='bbox 1540 1802 1597 1829; x_wconf 77' lang='grc' dir='ltr'>ἀλλ¹</span> <span class='ocrx_word' id='word_1_612' title='bbox 1612 1802 1663 1828; x_wconf 82' lang='grc' dir='ltr'>οὐκ</span> <span class='ocrx_word' id='word_1_613' title='bbox 1679 1799 1796 1834; x_wconf 80' lang='grc' dir='ltr'>ἐκλογῆς</span> 
     </span>
    </p>
   </div>
   <div class='ocr_carea' id='block_1_83' title="bbox 1004 1852 1271 1888">
    <p class='ocr_par' dir='ltr' id='par_1_83' title="bbox 1004 1852 1271 1888">
     <span class='ocr_line' id='line_1_83' title="bbox 1004 1852 1271 1888; baseline -0.004 -8"><span class='ocrx_word' id='word_1_614' title='bbox 1004 1853 1065 1880; x_wconf 78' lang='grc' dir='ltr'>οὐδὲ</span> <span class='ocrx_word' id='word_1_615' title='bbox 1078 1852 1226 1888; x_wconf 83' lang='grc' dir='ltr'>συντομίας</span> <span class='ocrx_word' id='word_1_616' title='bbox 1237 1853 1271 1879; x_wconf 67' lang='grc' dir='ltr'>δ’.</span> 
     </span>
    </p>
   </div>
   <div class='ocr_carea' id='block_1_84' title="bbox 1360 1907 1445 1934">
    <p class='ocr_par' dir='ltr' id='par_1_84' title="bbox 1360 1907 1445 1934">
     <span class='ocr_line' id='line_1_84' title="bbox 1360 1907 1445 1934; baseline 0 0"><span class='ocrx_word' id='word_1_617' title='bbox 1360 1907 1445 1934; x_wconf 71' lang='grc' dir='ltr'>ΣΝἨ.</span> 
     </span>
    </p>
   </div>
   <div class='ocr_carea' id='block_1_85' title="bbox 1004 1950 1799 1990">
    <p class='ocr_par' dir='ltr' id='par_1_85' title="bbox 1004 1950 1799 1990">
     <span class='ocr_line' id='line_1_85' title="bbox 1004 1950 1799 1990; baseline -0.009 -6"><span class='ocrx_word' id='word_1_618' title='bbox 1004 1956 1073 1990; x_wconf 85' lang='grc' dir='ltr'>Βιὸς</span> <span class='ocrx_word' id='word_1_619' title='bbox 1091 1956 1218 1984; x_wconf 76' lang='grc' dir='ltr'>Παύλου</span> <span class='ocrx_word' id='word_1_620' title='bbox 1235 1955 1288 1982; x_wconf 83' lang='grc' dir='ltr'>τοῦ</span> <span class='ocrx_word' id='word_1_621' title='bbox 1308 1952 1658 1990; x_wconf 60' lang='grc' dir='ltr'>Κωνσταντινουθξόλεως</span> <span class='ocrx_word' id='word_1_622' title='bbox 1676 1950 1799 1978; x_wconf 83' lang='grc' dir='ltr'>ἐπισκό-</span> 
     </span>
    </p>
   </div>
   <div class='ocr_carea' id='block_1_86' title="bbox 1225 1987 1569 2024">
    <p class='ocr_par' dir='ltr' id='par_1_86' title="bbox 1225 1987 1569 2024">
     <span class='ocr_line' id='line_1_86' title="bbox 1225 1987 1569 2024; baseline -0.009 -6"><span class='ocrx_word' id='word_1_623' title='bbox 1225 1997 1295 2023; x_wconf 81' lang='grc' dir='ltr'>που,</span> <span class='ocrx_word' id='word_1_624' title='bbox 1307 1989 1360 2016; x_wconf 84' lang='grc' dir='ltr'>τοῦ</span> <span class='ocrx_word' id='word_1_625' title='bbox 1373 1987 1569 2024; x_wconf 76' lang='grc' dir='ltr'>όμολογητοῦ.</span> 
     </span>
    </p>
   </div>
   <div class='ocr_carea' id='block_1_87' title="bbox 1041 2042 1799 2084">
    <p class='ocr_par' dir='ltr' id='par_1_87' title="bbox 1041 2042 1799 2084">
     <span class='ocr_line' id='line_1_87' title="bbox 1041 2042 1799 2084; baseline -0.011 -8"><span class='ocrx_word' id='word_1_626' title='bbox 1041 2047 1122 2084; x_wconf 71' lang='grc'><strong>[1420</strong></span> <span class='ocrx_word' id='word_1_627' title='bbox 1137 2047 1171 2084; x_wconf 72' lang='grc' dir='ltr'>Β]</span> <span class='ocrx_word' id='word_1_628' title='bbox 1188 2046 1359 2082; x_wconf 80' lang='grc' dir='ltr'>Ἀνεγνώσθη</span> <span class='ocrx_word' id='word_1_629' title='bbox 1368 2046 1401 2072; x_wconf 82' lang='grc' dir='ltr'>ἐκ</span> <span class='ocrx_word' id='word_1_630' title='bbox 1411 2044 1460 2072; x_wconf 79' lang='grc' dir='ltr'>τοῦ</span> <span class='ocrx_word' id='word_1_631' title='bbox 1473 2043 1694 2080; x_wconf 82' lang='grc' dir='ltr'>ἐπιγραφομένου</span> <span class='ocrx_word' id='word_1_632' title='bbox 1707 2042 1799 2076; x_wconf 82' lang='grc' dir='ltr'>λόγου,</span> 
     </span>
    </p>
   </div>
   <div class='ocr_carea' id='block_1_88' title="bbox 1006 2089 1800 2129">
    <p class='ocr_par' dir='ltr' id='par_1_88' title="bbox 1006 2089 1800 2129">
     <span class='ocr_line' id='line_1_88' title="bbox 1006 2089 1800 2129; baseline -0.009 -7"><span class='ocrx_word' id='word_1_633' title='bbox 1006 2095 1079 2128; x_wconf 83' lang='grc' dir='ltr'>Βίος</span> <span class='ocrx_word' id='word_1_634' title='bbox 1094 2093 1113 2129; x_wconf 81' lang='grc' dir='ltr'>ἢ</span> <span class='ocrx_word' id='word_1_635' title='bbox 1129 2094 1259 2127; x_wconf 74' lang='grc' dir='ltr'>ἄθλησις</span> <span class='ocrx_word' id='word_1_636' title='bbox 1269 2092 1323 2120; x_wconf 85' lang='grc' dir='ltr'>τοῦ</span> <span class='ocrx_word' id='word_1_637' title='bbox 1340 2093 1428 2120; x_wconf 77' lang='grc' dir='ltr'>ὁσίου</span> <span class='ocrx_word' id='word_1_638' title='bbox 1442 2091 1558 2125; x_wconf 79' lang='grc' dir='ltr'>Πατρός</span> <span class='ocrx_word' id='word_1_639' title='bbox 1570 2089 1655 2125; x_wconf 77' lang='grc' dir='ltr'>ἡμῶν</span> <span class='ocrx_word' id='word_1_640' title='bbox 1667 2089 1800 2120; x_wconf 78' lang='grc' dir='ltr'>Παύλου,</span> 
     </span>
    </p>
   </div>
   <div class='ocr_carea' id='block_1_89' title="bbox 1005 2135 1803 2171">
    <p class='ocr_par' dir='ltr' id='par_1_89' title="bbox 1005 2135 1803 2171">
     <span class='ocr_line' id='line_1_89' title="bbox 1005 2135 1803 2171; baseline -0.008 -4"><span class='ocrx_word' id='word_1_641' title='bbox 1005 2140 1059 2167; x_wconf 87' lang='grc' dir='ltr'>τοῦ</span> <span class='ocrx_word' id='word_1_642' title='bbox 1077 2138 1424 2171; x_wconf 75' lang='grc' dir='ltr'>Κωνσταγτινουπόλεως</span> <span class='ocrx_word' id='word_1_643' title='bbox 1432 2138 1455 2154; x_wconf 85' lang='grc'>”¹⁰</span> <span class='ocrx_word' id='word_1_644' title='bbox 1466 2136 1634 2164; x_wconf 76' lang='grc' dir='ltr'>ἐπισκόπου</span> <span class='ocrx_word' id='word_1_645' title='bbox 1647 2156 1653 2167; x_wconf 90' lang='grc'>,</span> <span class='ocrx_word' id='word_1_646' title='bbox 1669 2135 1722 2162; x_wconf 83' lang='grc' dir='ltr'>τοῦ</span> <span class='ocrx_word' id='word_1_647' title='bbox 1737 2136 1803 2169; x_wconf 64' lang='grc' dir='ltr'>ὁμου</span> 
     </span>
    </p>
   </div>
   <div class='ocr_carea' id='block_1_90' title="bbox 1005 2183 1660 2221">
    <p class='ocr_par' dir='ltr' id='par_1_90' title="bbox 1005 2183 1660 2221">
     <span class='ocr_line' id='line_1_90' title="bbox 1005 2183 1660 2221; baseline -0.006 -7"><span class='ocrx_word' id='word_1_648' title='bbox 1005 2187 1147 2221; x_wconf 81' lang='grc' dir='ltr'>λοτητοῦ.</span> <span class='ocrx_word' id='word_1_649' title='bbox 1166 2186 1210 2221; x_wconf 81' lang='grc' dir='ltr'>ἐφ’</span> <span class='ocrx_word' id='word_1_650' title='bbox 1225 2186 1308 2221; x_wconf 73' lang='grc' dir='ltr'>ὁμοίᾳ</span> <span class='ocrx_word' id='word_1_651' title='bbox 1319 2184 1531 2219; x_wconf 85' lang='grc' dir='ltr'>συστελλόμενος</span> <span class='ocrx_word' id='word_1_652' title='bbox 1544 2183 1660 2210; x_wconf 78' lang='grc' dir='ltr'>ἐκδόσει.</span> 
     </span>
    </p>
   </div>
   <div class='ocr_carea' id='block_1_91' title="bbox 1043 2226 1801 2265">
    <p class='ocr_par' dir='ltr' id='par_1_91' title="bbox 1043 2226 1801 2265">
     <span class='ocr_line' id='line_1_91' title="bbox 1043 2226 1801 2265; baseline -0.007 -8"><span class='ocrx_word' id='word_1_653' title='bbox 1043 2230 1233 2262; x_wconf 79' lang='grc' dir='ltr'>Κωνστὰντιος</span> <span class='ocrx_word' id='word_1_654' title='bbox 1247 2230 1304 2265; x_wconf 85' lang='grc' dir='ltr'>-τὴν</span> <span class='ocrx_word' id='word_1_655' title='bbox 1332 2230 1491 2264; x_wconf 80' lang='grc' dir='ltr'>Ῥωμαϊκὴν</span> <span class='ocrx_word' id='word_1_656' title='bbox 1511 2229 1611 2265; x_wconf 83' lang='grc' dir='ltr'>ἀρχὴν,</span> <span class='ocrx_word' id='word_1_657' title='bbox 1626 2227 1643 2264; x_wconf 84' lang='grc' dir='ltr'>ἢ</span> <span class='ocrx_word' id='word_1_658' title='bbox 1657 2227 1681 2244; x_wconf 74' lang='grc' dir='ltr'>’ί</span> <span class='ocrx_word' id='word_1_659' title='bbox 1697 2226 1732 2253; x_wconf 82' lang='grc' dir='ltr'>τὰ</span> <span class='ocrx_word' id='word_1_660' title='bbox 1750 2226 1801 2260; x_wconf 82' lang='grc' dir='ltr'>τῆς</span> 
     </span>
    </p>
   </div>
   <div class='ocr_carea' id='block_1_92' title="bbox 1008 2271 1801 2310">
    <p class='ocr_par' dir='ltr' id='par_1_92' title="bbox 1008 2271 1801 2310">
     <span class='ocr_line' id='line_1_92' title="bbox 1008 2271 1801 2310; baseline -0.006 -8"><span class='ocrx_word' id='word_1_661' title='bbox 1008 2274 1153 2310; x_wconf 80' lang='grc' dir='ltr'>Ἀνατολῆς</span> <span class='ocrx_word' id='word_1_662' title='bbox 1169 2274 1320 2310; x_wconf 76' lang='grc' dir='ltr'>ἐχειρίζετο</span> <span class='ocrx_word' id='word_1_663' title='bbox 1330 2275 1470 2310; x_wconf 85' lang='grc' dir='ltr'>σκῆπτρα,</span> <span class='ocrx_word' id='word_1_664' title='bbox 1485 2274 1615 2310; x_wconf 81' lang='grc' dir='ltr'>προδοσίᾳ</span> <span class='ocrx_word' id='word_1_665' title='bbox 1634 2271 1680 2299; x_wconf 81' lang='grc' dir='ltr'>τοῦ</span> <span class='ocrx_word' id='word_1_666' title='bbox 1697 2272 1745 2306; x_wconf 79' lang='grc' dir='ltr'>τῆς</span> <span class='ocrx_word' id='word_1_667' title='bbox 1758 2272 1801 2298; x_wconf 75' lang='lat' dir='ltr'><strong>ai-</strong></span> 
     </span>
    </p>
   </div>
   <div class='ocr_carea' id='block_1_93' title="bbox 1009 2317 1801 2356">
    <p class='ocr_par' dir='ltr' id='par_1_93' title="bbox 1009 2317 1801 2356">
     <span class='ocr_line' id='line_1_93' title="bbox 1009 2317 1801 2356; baseline -0.005 -9"><span class='ocrx_word' id='word_1_668' title='bbox 1009 2321 1111 2355; x_wconf 87' lang='grc' dir='ltr'>ρέσεως</span> <span class='ocrx_word' id='word_1_669' title='bbox 1138 2320 1326 2356; x_wconf 76' lang='grc' dir='ltr'>πρεσϐυτέρου</span> <span class='ocrx_word' id='word_1_670' title='bbox 1349 2321 1396 2347; x_wconf 78' lang='grc' dir='ltr'>καὶ</span> <span class='ocrx_word' id='word_1_671' title='bbox 1425 2319 1562 2354; x_wconf 82' lang='grc' dir='ltr'>συνδρομῇ</span> <span class='ocrx_word' id='word_1_672' title='bbox 1589 2317 1644 2344; x_wconf 83' lang='grc' dir='ltr'>τῶν</span> <span class='ocrx_word' id='word_1_673' title='bbox 1665 2317 1801 2353; x_wconf 81' lang='grc' dir='ltr'>εὐνούχων</span> 
     </span>
    </p>
   </div>
   <div class='ocr_carea' id='block_1_94' title="bbox 1009 2363 1802 2402">
    <p class='ocr_par' dir='ltr' id='par_1_94' title="bbox 1009 2363 1802 2402">
     <span class='ocr_line' id='line_1_94' title="bbox 1009 2363 1802 2402; baseline -0.005 -9"><span class='ocrx_word' id='word_1_674' title='bbox 1009 2367 1164 2402; x_wconf 82' lang='grc' dir='ltr'>ὑποτρέχει,</span> <span class='ocrx_word' id='word_1_675' title='bbox 1175 2366 1223 2393; x_wconf 76' lang='grc' dir='ltr'>καὶ</span> <span class='ocrx_word' id='word_1_676' title='bbox 1235 2367 1260 2393; x_wconf 80' lang='grc' dir='ltr'>οἱ</span> <span class='ocrx_word' id='word_1_677' title='bbox 1273 2366 1302 2400; x_wconf 73' lang='grc' dir='ltr'>ἐξ</span> <span class='ocrx_word' id='word_1_678' title='bbox 1319 2366 1423 2401; x_wconf 84' lang='grc' dir='ltr'>Ἀρείου</span> <span class='ocrx_word' id='word_1_679' title='bbox 1437 2365 1556 2400; x_wconf 81' lang='grc' dir='ltr'>διωγμὸν</span> <span class='ocrx_word' id='word_1_680' title='bbox 1572 2364 1643 2391; x_wconf 79' lang='grc' dir='ltr'>κατὰ</span> <span class='ocrx_word' id='word_1_681' title='bbox 1657 2363 1712 2390; x_wconf 79' lang='grc' dir='ltr'>τῶν</span> <span class='ocrx_word' id='word_1_682' title='bbox 1723 2364 1802 2390; x_wconf 74' lang='grc' dir='ltr'>εὐσε-</span> 
     </span>
    </p>
   </div>
   <div class='ocr_carea' id='block_1_95' title="bbox 1010 2408 1804 2444">
    <p class='ocr_par' dir='ltr' id='par_1_95' title="bbox 1010 2408 1804 2444">
     <span class='ocr_line' id='line_1_95' title="bbox 1010 2408 1804 2444; baseline -0.005 -5"><span class='ocrx_word' id='word_1_683' title='bbox 1010 2413 1129 2440; x_wconf 83' lang='grc' dir='ltr'>ϐούντων</span> <span class='ocrx_word' id='word_1_684' title='bbox 1145 2412 1226 2439; x_wconf 82' lang='grc' dir='ltr'>πάλιν</span> <span class='ocrx_word' id='word_1_685' title='bbox 1240 2412 1356 2444; x_wconf 82' lang='grc' dir='ltr'>κινοῦσι,</span> <span class='ocrx_word' id='word_1_686' title='bbox 1372 2413 1420 2439; x_wconf 79' lang='grc' dir='ltr'>καὶ</span> <span class='ocrx_word' id='word_1_687' title='bbox 1438 2411 1598 2438; x_wconf 82' lang='grc' dir='ltr'>Ἀθανάσιον</span> <span class='ocrx_word' id='word_1_688' title='bbox 1621 2408 1700 2441; x_wconf 80' lang='grc' dir='ltr'>αὖθις</span> <span class='ocrx_word' id='word_1_689' title='bbox 1724 2409 1804 2444; x_wconf 79' lang='grc' dir='ltr'>δέχε-</span> 
     </span>
    </p>
   </div>
   <div class='ocr_carea' id='block_1_96' title="bbox 1009 2454 1803 2494">
    <p class='ocr_par' dir='ltr' id='par_1_96' title="bbox 1009 2454 1803 2494">
     <span class='ocr_line' id='line_1_96' title="bbox 1009 2454 1803 2494; baseline -0.008 -9"><span class='ocrx_word' id='word_1_690' title='bbox 1009 2467 1054 2485; x_wconf 79' lang='grc' dir='ltr'>ται</span> <span class='ocrx_word' id='word_1_691' title='bbox 1068 2459 1085 2494; x_wconf 82' lang='grc' dir='ltr'>ἡ</span> <span class='ocrx_word' id='word_1_692' title='bbox 1105 2458 1248 2493; x_wconf 84' lang='grc' dir='ltr'>Ἑσπερία.</span> <span class='ocrx_word' id='word_1_693' title='bbox 1269 2457 1298 2485; x_wconf 92' lang='grc' dir='ltr'>Ὁ</span> <span class='ocrx_word' id='word_1_694' title='bbox 1321 2457 1349 2484; x_wconf 83' lang='grc' dir='ltr'>δὲ</span> <span class='ocrx_word' id='word_1_695' title='bbox 1372 2457 1441 2488; x_wconf 85' lang='grc' dir='ltr'>θεῖος</span> <span class='ocrx_word' id='word_1_696' title='bbox 1468 2454 1645 2490; x_wconf 80' lang='grc' dir='ltr'>Ἀλέξανδρος</span> <span class='ocrx_word' id='word_1_697' title='bbox 1660 2454 1732 2490; x_wconf 77' lang='grc' dir='ltr'>τῷ⁷¹</span> <span class='ocrx_word' id='word_1_698' title='bbox 1756 2455 1803 2480; x_wconf 79' lang='grc' dir='ltr'>τοῦ</span> 
     </span>
    </p>
   </div>
   <div class='ocr_carea' id='block_1_97' title="bbox 1010 2501 1805 2540">
    <p class='ocr_par' dir='ltr' id='par_1_97' title="bbox 1010 2501 1805 2540">
     <span class='ocr_line' id='line_1_97' title="bbox 1010 2501 1805 2540; baseline -0.008 -9"><span class='ocrx_word' id='word_1_699' title='bbox 1010 2505 1069 2540; x_wconf 87' lang='grc' dir='ltr'>βίου</span> <span class='ocrx_word' id='word_1_700' title='bbox 1085 2505 1238 2540; x_wconf 82' lang='grc' dir='ltr'>πλησιάσας</span> <span class='ocrx_word' id='word_1_701' title='bbox 1253 2503 1336 2535; x_wconf 84' lang='grc' dir='ltr'>τέλει,</span> <span class='ocrx_word' id='word_1_702' title='bbox 1352 2503 1447 2529; x_wconf 79' lang='grc' dir='ltr'>οὐδένα</span> <span class='ocrx_word' id='word_1_703' title='bbox 1457 2502 1506 2537; x_wconf 76' lang='grc' dir='ltr'>μὲν</span> <span class='ocrx_word' id='word_1_704' title='bbox 1521 2501 1572 2536; x_wconf 84' lang='grc' dir='ltr'>τῆς</span> <span class='ocrx_word' id='word_1_705' title='bbox 1584 2502 1805 2528; x_wconf 76' lang='grc' dir='ltr'>Κωνσταντινου-</span> 
     </span>
    </p>
   </div>
   <div class='ocr_carea' id='block_1_98' title="bbox 1013 2546 1804 2585">
    <p class='ocr_par' dir='ltr' id='par_1_98' title="bbox 1013 2546 1804 2585">
     <span class='ocr_line' id='line_1_98' title="bbox 1013 2546 1804 2585; baseline -0.006 -9"><span class='ocrx_word' id='word_1_706' title='bbox 1013 2551 1118 2580; x_wconf 81' lang='grc' dir='ltr'>πόλεως</span> <span class='ocrx_word' id='word_1_707' title='bbox 1139 2549 1261 2585; x_wconf 85' lang='grc' dir='ltr'>διάδοχον</span> <span class='ocrx_word' id='word_1_708' title='bbox 1288 2548 1370 2575; x_wconf 82' lang='grc' dir='ltr'>αὑτοῦ</span> <span class='ocrx_word' id='word_1_709' title='bbox 1390 2549 1546 2584; x_wconf 85' lang='grc' dir='ltr'>χειροτονεῖ,</span> <span class='ocrx_word' id='word_1_710' title='bbox 1567 2548 1683 2585; x_wconf 83' lang='grc' dir='ltr'>λογάδας</span> <span class='ocrx_word' id='word_1_711' title='bbox 1704 2546 1733 2572; x_wconf 84' lang='grc' dir='ltr'>δέ</span> <span class='ocrx_word' id='word_1_712' title='bbox 1749 2546 1804 2571; x_wconf 85' lang='grc' dir='ltr'>τῶν</span> 
     </span>
    </p>
   </div>
   <div class='ocr_carea' id='block_1_99' title="bbox 1012 2591 1804 2629">
    <p class='ocr_par' dir='ltr' id='par_1_99' title="bbox 1012 2591 1804 2629">
     <span class='ocr_line' id='line_1_99' title="bbox 1012 2591 1804 2629; baseline -0.005 -7"><span class='ocrx_word' id='word_1_713' title='bbox 1012 2596 1101 2623; x_wconf 84' lang='grc' dir='ltr'>ἄλλων</span> <span class='ocrx_word' id='word_1_714' title='bbox 1113 2595 1160 2622; x_wconf 84' lang='grc' dir='ltr'>δύο</span> <span class='ocrx_word' id='word_1_715' title='bbox 1174 2596 1300 2627; x_wconf 81' lang='grc' dir='ltr'>ποιεῖται,</span> <span class='ocrx_word' id='word_1_716' title='bbox 1315 2593 1428 2628; x_wconf 88' lang='grc' dir='ltr'>γνώμην</span> <span class='ocrx_word' id='word_1_717' title='bbox 1444 2594 1572 2629; x_wconf 86' lang='grc' dir='ltr'>τοιαύτην</span> <span class='ocrx_word' id='word_1_718' title='bbox 1592 2595 1632 2625; x_wconf 89' lang='grc' dir='ltr'>είς</span> <span class='ocrx_word' id='word_1_719' title='bbox 1647 2593 1753 2628; x_wconf 81' lang='grc' dir='ltr'>αἵρεσιν</span> <span class='ocrx_word' id='word_1_720' title='bbox 1765 2591 1804 2627; x_wconf 87' lang='grc' dir='ltr'>τῷ</span> 
     </span>
    </p>
   </div>
   <div class='ocr_carea' id='block_1_100' title="bbox 1014 2638 1804 2678">
    <p class='ocr_par' dir='ltr' id='par_1_100' title="bbox 1014 2638 1804 2678">
     <span class='ocr_line' id='line_1_100' title="bbox 1014 2638 1804 2678; baseline -0.006 -9"><span class='ocrx_word' id='word_1_721' title='bbox 1014 2643 1113 2678; x_wconf 81' lang='grc' dir='ltr'>πλήθει</span> <span class='ocrx_word' id='word_1_722' title='bbox 1137 2642 1235 2674; x_wconf 80' lang='grc' dir='ltr'>διδοὺς,</span> <span class='ocrx_word' id='word_1_723' title='bbox 1249 2642 1286 2673; x_wconf 83' lang='grc' dir='ltr'>ὼς</span> <span class='ocrx_word' id='word_1_724' title='bbox 1305 2642 1330 2667; x_wconf 77' lang='grc' dir='ltr'>εί</span> <span class='ocrx_word' id='word_1_725' title='bbox 1347 2641 1397 2675; x_wconf 82' lang='grc' dir='ltr'>μὲν</span> <span class='ocrx_word' id='word_1_726' title='bbox 1412 2641 1549 2676; x_wconf 88' lang='grc' dir='ltr'>βούλοιντο</span> <span class='ocrx_word' id='word_1_727' title='bbox 1568 2638 1758 2668; x_wconf 86' lang='grc' dir='ltr'>διδασκαλικόν</span> <span class='ocrx_word' id='word_1_728' title='bbox 1774 2646 1804 2664; x_wconf 88' lang='grc' dir='ltr'>τε</span> 
     </span>
    </p>
   </div>
   <div class='ocr_carea' id='block_1_101' title="bbox 1014 2685 1804 2722">
    <p class='ocr_par' dir='ltr' id='par_1_101' title="bbox 1014 2685 1804 2722">
     <span class='ocr_line' id='line_1_101' title="bbox 1014 2685 1804 2722; baseline -0.008 -7"><span class='ocrx_word' id='word_1_729' title='bbox 1014 2688 1072 2722; x_wconf 72' lang='grc' dir='ltr'>ἅμα</span> <span class='ocrx_word' id='word_1_730' title='bbox 1085 2689 1132 2715; x_wconf 78' lang='grc' dir='ltr'>καὶ</span> <span class='ocrx_word' id='word_1_731' title='bbox 1146 2689 1205 2719; x_wconf 83' lang='grc' dir='ltr'>ταῖς</span> <span class='ocrx_word' id='word_1_732' title='bbox 1218 2687 1329 2722; x_wconf 79' lang='grc' dir='ltr'>ἀρεταῖς</span> <span class='ocrx_word' id='word_1_733' title='bbox 1341 2687 1544 2722; x_wconf 72' lang='grc' dir='ltr'>ἀστράπτοντα,</span> <span class='ocrx_word' id='word_1_734' title='bbox 1557 2686 1664 2713; x_wconf 82' lang='grc' dir='ltr'>Παῦλον</span> <span class='ocrx_word' id='word_1_735' title='bbox 1675 2685 1804 2719; x_wconf 83' lang='grc' dir='ltr'>αἱρήσον-</span> 
     </span>
    </p>
   </div>
   <div class='ocr_carea' id='block_1_102' title="bbox 817 2767 1165 2796">
    <p class='ocr_par' dir='ltr' id='par_1_102' title="bbox 817 2767 1165 2796">
     <span class='ocr_line' id='line_1_102' title="bbox 817 2767 1165 2796; baseline -0.003 -1"><span class='ocrx_word' id='word_1_736' title='bbox 817 2767 937 2796; x_wconf 58' lang='grc' dir='ltr'>νΑΒΙΛΕ</span> <span class='ocrx_word' id='word_1_737' title='bbox 963 2767 1165 2795; x_wconf 81' lang='lat' dir='ltr'>LECTIONES.</span> 
     </span>
    </p>
   </div>
   <div class='ocr_carea' id='block_1_103' title="bbox 216 2837 1000 2874">
    <p class='ocr_par' dir='ltr' id='par_1_103' title="bbox 216 2837 1000 2874">
     <span class='ocr_line' id='line_1_103' title="bbox 216 2837 1000 2874; baseline 0 -9"><span class='ocrx_word' id='word_1_738' title='bbox 216 2839 240 2856; x_wconf 83' lang='lat'>&quot;</span> <span class='ocrx_word' id='word_1_739' title='bbox 256 2837 452 2866; x_wconf 80' lang='grc' dir='ltr'>συναποϐάλλει</span> <span class='ocrx_word' id='word_1_740' title='bbox 474 2838 488 2865; x_wconf 89' lang='lat'>6</span> <span class='ocrx_word' id='word_1_741' title='bbox 510 2838 624 2869; x_wconf 83' lang='grc' dir='ltr'>δείλαιος</span> <span class='ocrx_word' id='word_1_742' title='bbox 643 2837 674 2866; x_wconf 86' lang='grc' dir='ltr'>Β.</span> <span class='ocrx_word' id='word_1_743' title='bbox 720 2838 744 2874; x_wconf 50' lang='grc' dir='ltr'>ξ’</span> <span class='ocrx_word' id='word_1_744' title='bbox 758 2837 808 2874; x_wconf 81' lang='grc' dir='ltr'>είς]</span> <span class='ocrx_word' id='word_1_745' title='bbox 825 2838 892 2874; x_wconf 80' lang='grc' dir='ltr'>πρός</span> <span class='ocrx_word' id='word_1_746' title='bbox 906 2837 937 2866; x_wconf 79' lang='grc' dir='ltr'>Β.</span> <span class='ocrx_word' id='word_1_747' title='bbox 976 2839 1000 2855; x_wconf 69' lang='grc'><strong><em>⁵⁵</em></strong></span> 
     </span>
    </p>
   </div>
   <div class='ocr_carea' id='block_1_104' title="bbox 388 2873 964 2906">
    <p class='ocr_par' dir='ltr' id='par_1_104' title="bbox 388 2873 964 2906">
     <span class='ocr_line' id='line_1_104' title="bbox 388 2873 964 2906; baseline 0.002 -6"><span class='ocrx_word' id='word_1_748' title='bbox 388 2875 410 2890; x_wconf 73' lang='grc'>⁸⁸</span> <span class='ocrx_word' id='word_1_749' title='bbox 425 2874 533 2901; x_wconf 85' lang='grc' dir='ltr'>ἀνοσίου</span> <span class='ocrx_word' id='word_1_750' title='bbox 545 2882 575 2906; x_wconf 78' lang='grc' dir='ltr'>ς.</span> <span class='ocrx_word' id='word_1_751' title='bbox 614 2874 636 2889; x_wconf 83' lang='grc'><strong>⁸⁷</strong></span> <span class='ocrx_word' id='word_1_752' title='bbox 655 2873 747 2900; x_wconf 80' lang='grc' dir='ltr'>καινόν</span> <span class='ocrx_word' id='word_1_753' title='bbox 764 2873 783 2900; x_wconf 87' lang='grc' dir='ltr'><strong><em>Β</em></strong></span> <span class='ocrx_word' id='word_1_754' title='bbox 797 2882 806 2900; x_wconf 84' lang='lat'><strong>:</strong></span> <span class='ocrx_word' id='word_1_755' title='bbox 831 2873 918 2900; x_wconf 88' lang='grc' dir='ltr'>κοινόν</span> <span class='ocrx_word' id='word_1_756' title='bbox 934 2882 964 2906; x_wconf 79' lang='grc' dir='ltr'>ς.</span> 
     </span>
    </p>
   </div>
   <div class='ocr_carea' id='block_1_105' title="bbox 192 2875 336 2906">
    <p class='ocr_par' dir='ltr' id='par_1_105' title="bbox 192 2875 336 2906">
     <span class='ocr_line' id='line_1_105' title="bbox 192 2875 336 2906; baseline 0.007 -6"><span class='ocrx_word' id='word_1_757' title='bbox 192 2875 292 2906; x_wconf 81' lang='grc' dir='ltr'>ούντως</span> <span class='ocrx_word' id='word_1_758' title='bbox 308 2875 336 2901; x_wconf 85' lang='grc' dir='ltr'>Β.</span> 
     </span>
    </p>
   </div>
   <div class='ocr_carea' id='block_1_106' title="bbox 187 2909 505 2938">
    <p class='ocr_par' dir='ltr' id='par_1_106' title="bbox 187 2909 505 2938">
     <span class='ocr_line' id='line_1_106' title="bbox 187 2909 505 2938; baseline -0.003 -1"><span class='ocrx_word' id='word_1_759' title='bbox 187 2911 280 2937; x_wconf 64' lang='grc' dir='ltr'>ὶωνστ.</span> <span class='ocrx_word' id='word_1_760' title='bbox 297 2911 388 2938; x_wconf 82' lang='grc' dir='ltr'>ἐπισκ.</span> <span class='ocrx_word' id='word_1_761' title='bbox 404 2917 458 2937; x_wconf 89' lang='lat' dir='ltr'>om.</span> <span class='ocrx_word' id='word_1_762' title='bbox 473 2909 505 2936; x_wconf 78' lang='grc' dir='ltr'>Α.</span> 
     </span>
    </p>
   </div>
   <div class='ocr_carea' id='block_1_107' title="bbox 1014 2835 1806 2889">
    <p class='ocr_par' dir='ltr' id='par_1_107' title="bbox 1014 2835 1806 2889">
     <span class='ocr_line' id='line_1_107' title="bbox 1014 2835 1806 2889; baseline -0.003 -25"><span class='ocrx_word' id='word_1_763' title='bbox 1014 2838 1236 2889; x_wconf 66' lang='grc' dir='ltr'>μεταϐαλόμενος</span> <span class='ocrx_word' id='word_1_764' title='bbox 1251 2846 1323 2865; x_wconf 87' lang='lat' dir='ltr'><strong>corr.</strong></span> <span class='ocrx_word' id='word_1_765' title='bbox 1340 2837 1373 2865; x_wconf 87' lang='lat' dir='ltr'>B:</span> <span class='ocrx_word' id='word_1_766' title='bbox 1386 2837 1619 2872; x_wconf 78' lang='grc' dir='ltr'>μεταϐαλλόμενος</span> <span class='ocrx_word' id='word_1_767' title='bbox 1633 2845 1663 2868; x_wconf 77' lang='grc' dir='ltr'>ς’.</span> <span class='ocrx_word' id='word_1_768' title='bbox 1702 2835 1724 2851; x_wconf 72' lang='grc'>⁸⁵</span> <span class='ocrx_word' id='word_1_769' title='bbox 1740 2835 1806 2875; x_wconf 61' lang='lat' dir='ltr'><strong>Bap:</strong></span> 
     </span>
     <span class='ocr_line' id='line_1_108' title="bbox 1025 2870 1804 2889; baseline 0 0"><span class='ocrx_word' id='word_1_770' title='bbox 1025 2874 1035 2889; x_wconf 69' lang='grc' dir='ltr'><strong>Β</strong></span> <span class='ocrx_word' id='word_1_771' title='bbox 1046 2872 1087 2889; x_wconf 66' lang='grc' dir='ltr'>-λῖ</span> <span class='ocrx_word' id='word_1_772' title='bbox 1099 2873 1146 2889; x_wconf 52' lang='lat' dir='ltr'><strong>all.</strong></span> <span class='ocrx_word' id='word_1_773' title='bbox 1168 2874 1181 2889; x_wconf 85' lang='grc' dir='ltr'>Λ</span> <span class='ocrx_word' id='word_1_774' title='bbox 1235 2873 1257 2889; x_wconf 74' lang='grc'><strong>61</strong></span> <span class='ocrx_word' id='word_1_775' title='bbox 1274 2874 1419 2889; x_wconf 66' lang='grc' dir='ltr'>-..ιιι-ληὲηρ</span> <span class='ocrx_word' id='word_1_776' title='bbox 1436 2873 1495 2889; x_wconf 51' lang='lat' dir='ltr'>“hit</span> <span class='ocrx_word' id='word_1_777' title='bbox 1513 2872 1626 2889; x_wconf 64' lang='grc' dir='ltr'>ὲιιῖιινέ-ι-</span> <span class='ocrx_word' id='word_1_778' title='bbox 1652 2870 1670 2889; x_wconf 63' lang='grc' dir='ltr'>ιι</span> <span class='ocrx_word' id='word_1_779' title='bbox 1719 2871 1742 2887; x_wconf 82' lang='grc' dir='ltr'>το</span> <span class='ocrx_word' id='word_1_780' title='bbox 1756 2879 1804 2889; x_wconf 69' lang='lat' dir='ltr'>un.“</span> 
     </span>
    </p>
   </div>
   <div class='ocr_carea' id='block_1_108' title="bbox 1046 2870 1804 2908">
    <p class='ocr_par' dir='ltr' id='par_1_108' title="bbox 1046 2870 1804 2908">
     <span class='ocr_line' id='line_1_109' title="bbox 1046 2870 1804 2908; baseline -0.003 -9"><span class='ocrx_word' id='word_1_781' title='bbox 1046 2872 1088 2908; x_wconf 71' lang='grc' dir='ltr'>τὸ]</span> <span class='ocrx_word' id='word_1_782' title='bbox 1099 2873 1146 2899; x_wconf 89' lang='grc' dir='ltr'>τόν</span> <span class='ocrx_word' id='word_1_783' title='bbox 1157 2870 1194 2899; x_wconf 74' lang='grc' dir='ltr'>Ἀ.</span> <span class='ocrx_word' id='word_1_784' title='bbox 1235 2873 1257 2891; x_wconf 75' lang='grc'>⁸³</span> <span class='ocrx_word' id='word_1_785' title='bbox 1274 2870 1419 2906; x_wconf 70' lang='grc' dir='ltr'>συντομίας</span> <span class='ocrx_word' id='word_1_786' title='bbox 1436 2873 1496 2899; x_wconf 82' lang='grc' dir='ltr'>οὐδὲ</span> <span class='ocrx_word' id='word_1_787' title='bbox 1512 2872 1626 2906; x_wconf 78' lang='grc' dir='ltr'>ἐκλογῆς</span> <span class='ocrx_word' id='word_1_788' title='bbox 1650 2870 1679 2898; x_wconf 81' lang='grc' dir='ltr'><strong>Β.</strong></span> <span class='ocrx_word' id='word_1_789' title='bbox 1719 2871 1742 2887; x_wconf 82' lang='grc'>⁷⁸</span> <span class='ocrx_word' id='word_1_790' title='bbox 1756 2871 1804 2898; x_wconf 83' lang='grc' dir='ltr'>τοῦ</span> 
     </span>
    </p>
   </div>
   <div class='ocr_carea' id='block_1_109' title="bbox 553 2907 1421 2945">
    <p class='ocr_par' dir='ltr' id='par_1_109' title="bbox 553 2907 1421 2945">
     <span class='ocr_line' id='line_1_110' title="bbox 553 2907 1421 2945; baseline -0.002 -9"><span class='ocrx_word' id='word_1_791' title='bbox 553 2910 573 2925; x_wconf 91' lang='grc'>⁷¹</span> <span class='ocrx_word' id='word_1_792' title='bbox 590 2907 620 2945; x_wconf 85' lang='grc' dir='ltr'>ἢ]</span> <span class='ocrx_word' id='word_1_793' title='bbox 636 2909 694 2945; x_wconf 67' lang='grc' dir='ltr'>ηις,</span> <span class='ocrx_word' id='word_1_794' title='bbox 714 2909 806 2936; x_wconf 89' lang='lat' dir='ltr'><strong>addito</strong></span> <span class='ocrx_word' id='word_1_795' title='bbox 825 2917 887 2937; x_wconf 84' lang='lat' dir='ltr'>mox</span> <span class='ocrx_word' id='word_1_796' title='bbox 905 2908 923 2936; x_wconf 81' lang='grc' dir='ltr'>ἃ</span> <span class='ocrx_word' id='word_1_797' title='bbox 938 2914 1001 2938; x_wconf 87' lang='lat' dir='ltr'><strong>ante</strong></span> <span class='ocrx_word' id='word_1_798' title='bbox 1017 2907 1153 2944; x_wconf 61' lang='grc' dir='ltr'>προδοσίᾳ.</span> <span class='ocrx_word' id='word_1_799' title='bbox 1192 2910 1214 2925; x_wconf 81' lang='grc' dir='ltr'>τ’</span> <span class='ocrx_word' id='word_1_800' title='bbox 1229 2908 1280 2945; x_wconf 74' lang='grc' dir='ltr'>τῷ]</span> <span class='ocrx_word' id='word_1_801' title='bbox 1294 2911 1321 2935; x_wconf 76' lang='grc' dir='ltr'>ἐν</span> <span class='ocrx_word' id='word_1_802' title='bbox 1335 2909 1373 2944; x_wconf 78' lang='grc' dir='ltr'>τῴ</span> <span class='ocrx_word' id='word_1_803' title='bbox 1389 2909 1421 2934; x_wconf 81' lang='grc' dir='ltr'>Α.</span> 
     </span>
    </p>
   </div>
  </div>
