1952 3072
163 182 212 215 121

711 183 974 216 BIBLIOTHECA-
988 198 1025 205 —
1038 186 1122 218 COD.
1141 186 1276 218 CCLVII.

1743 187 1796 220 122

160 250 218 273 ται,
237 241 268 268 ὃν
281 241 363 273 αὐτὸς
379 241 568 279 ἐχειροτόνησε
582 243 779 281 πρεσϐύτερον,
792 245 816 271 εἰ
834 244 857 271 δ’
869 245 898 271 ὲν
911 244 952 280 τῷ

1009 246 1128 278 lenium,
1151 246 1216 273 olim
1234 245 1389 274 ordinatum
1416 245 1574 279 diaconum,
1592 249 1619 273 et
1637 245 1693 281 jam
1714 254 1795 274 sene-

163 289 286 323 σχήματι
313 289 412 324 σεμνὸν
437 290 485 316 καὶ
504 290 617 324 κόσμιον
637 291 670 325 τῇ
692 290 793 324 ἔξωθεν
810 289 955 326 περιϐολῇ,

163 334 343 367 Μακεδόνιον,
359 335 443 362 πάλαι
455 336 679 371 χειροτονηθέντα
690 337 815 364 διάκονον
828 337 875 363 καὶ
887 336 956 372 πρὸς

163 381 254 416 γῆρας
268 381 452 409 ἀποκλίνοντα
461 382 493 408 ⁷³.
508 382 601 409 Ταῦτα
618 382 838 417 εἰσηγησάμενος
854 382 895 413 είς
907 381 957 416 τὴν

164 427 272 462 ἀμείνω
293 427 371 463 λῆξιν
399 428 569 463 μεταϐαίνει,
583 427 800 464 ἀρχιερατεύσας
821 427 870 463 μὲν
892 426 957 462 τρία

164 474 214 500 καὶ
239 473 325 500 εἴκοσι
353 473 413 508 ἐτη,
439 474 513 509 βιοὺς
530 474 559 501 δὲ
579 474 626 501 τδν
639 474 728 501 πάντα
745 473 803 509 βίον
818 472 890 500 ὀκτὼ
905 476 953 504 καὶ

165 519 340 554 ἐνενήκοντα.
358 520 463 548 Γίνεται
478 520 506 547 δὲ
523 520 675 554 φιλονεικία
695 521 760 555 περὶ
782 520 833 554 τὴν
849 520 956 556 αἵρεσιν

164 565 222 592 τῶν
240 566 450 601 προειρημένων
472 566 594 601 ἀνδρῶν’
612 566 637 592 οἱ
654 566 703 601 μὲν
717 565 770 601 γὰρ
797 565 827 598 ἐξ
847 566 953 602 Ἀρείου

165 612 236 647 πρὸς
251 611 419 638 Μακεδόνων
431 611 556 643 ἔϐλεπον,
574 611 605 638 τὺ
620 612 649 639 δὲ
662 611 803 647 όρθόδσξον
819 613 865 639 τὸν
881 613 955 640 Παῦ-

165 659 213 686 λον
225 658 415 694 προὺτίθεσαν.
428 658 532 693 Κρατεϊ
543 657 566 684 δ’
582 655 628 684 οὖν
643 659 660 694 ῆ
672 658 726 685 τῶν
742 658 887 694 δρθόδοξων
900 658 955 694 ψῆ-

165 713 227 739 φος,
247 704 295 730 καὶ
318 705 514 739 χειροτονεῖται
535 705 550 730 6
568 704 674 737 Παῦλος
693 704 842 737 ἐπίσκοπος
865 706 894 732 ἑν
920 706 955 740 τῇ

165 751 217 786 τῆς
231 751 312 784 ἁγίας
327 751 446 786 Εἰρήνης
462 750 599 785 ἐπωνύμῳ
611 750 755 786 ἐκκλησίας
774 750 808 786 ῆν
831 751 846 777 6
860 750 955 786 χρόνος

164 797 390 825 ἀντιδιαστέλλων
411 796 463 831 τῆς
478 797 542 828 νέας
558 797 643 823 ἔδωκε
663 796 805 824 καλεῖσθαι
824 796 952 824 παλαιάν.

164 843 356 875 Κωνστάντιος
370 843 399 869 δὲ
411 843 442 870 οὺ
461 843 529 878 μετά
540 843 608 870 πολῦ
624 843 656 869 ὲκ
666 843 716 878 τῆς
734 843 892 878 Ἀντιοχέων
903 842 954 870 πό-

165 890 235 922 λεως
250 891 280 916 ἐν
293 890 328 925 τῇ
343 889 547 916 Κωνσταντίνου
565 889 589 906 ⁷⁵
604 889 735 924 γεγονὼς,
750 890 784 916 δι’
798 890 883 925 ὀργῆς
897 888 952 926 εἶχε

164 935 211 962 τὸν
236 934 460 970 χειροτονηθέντα
473 956 480 967 ,
504 935 545 961 ὅτι
566 935 603 970 μὴ
625 935 674 962 σὺν
691 935 789 972 γνώμῃ
813 937 846 971 τῇ
871 935 954 962 αὑτοῦ
971 928 991 956 Β

165 980 303 1015 προῆλθεν
330 981 347 1015 ἡ
376 979 539 1016 χειροτονία.
573 981 629 1008 Καὶ
660 981 807 1016 Ἀρειανῶν
839 981 956 1013 καθίσας

167 1027 305 1061 συνέδρων
325 1026 372 1053 τὸν
391 1026 441 1061 μὲν
461 1026 565 1053 Παῦλον
583 1027 724 1062 σχολάζειν
739 1027 954 1062 κατεψηφίσατο,

166 1072 298 1102 Εὑσέϐιον
312 1072 341 1098 δὲ
356 1071 447 1106 τρίτον
460 1072 555 1108 θρόνον
569 1072 717 1108 ἀμείϐοντα
728 1073 761 1099 ὲκ
771 1073 957 1108 Νικομηδείας

164 1117 218 1151 τῆς
243 1116 378 1152 βασιλίδος
397 1117 546 1144 ἐπίσκοπον
562 1117 762 1145 ἀναδείκνυσιν.
784 1118 853 1145 Ἀλλ’
870 1119 885 1145 6
906 1118 956 1153 μὲν

165 1162 304 1193 δυσσεϐῶς
320 1161 409 1190 ταῦτα
424 1162 530 1198 πράξας
542 1163 708 1199 ὑποστρέφει
723 1164 746 1180 ⁷⁵
760 1164 829 1198 πρὸς
855 1164 957 1191 Ἀντιό-

166 1217 255 1244 χειαν,
270 1209 401 1241 Εὐσέὸιος
420 1209 448 1236 δὲ
469 1209 558 1236 πάντα
574 1209 648 1236 λίθον
667 1210 753 1237 ὲκίνει
768 1210 807 1242 ὡς
829 1211 862 1238 ἃν
879 1219 956 1247 περι-

167 1257 225 1283 έλοι
244 1256 290 1283 τοῦ
314 1256 389 1292 ἱεροῦ
408 1257 543 1292 συμϐόλου
561 1257 592 1283 τὸ
607 1257 779 1292 ὀμοούσιον.
795 1258 908 1292 ’Δγεται
923 1258 955 1295 δὴ

165 1302 202 1328 τά
221 1301 347 1336 ἑτκαίνια
366 1303 417 1337 τῆς
435 1302 465 1329 ιν
485 1301 634 1337 Ἀντιοχείᾳ
648 1302 806 1337 ἐκκλησίας,
823 1303 857 1339 ἢν
876 1305 956 1330 Κων-

168 1348 308 1379 σταντῖνος
333 1347 384 1383 μὲν
409 1349 423 1374 6
442 1347 556 1383 εύσεὸἡς
578 1349 611 1375 ἐκ
633 1347 741 1384 βάθρων
755 1349 883 1384 ῆγειρεν·
899 1350 913 1376 6
927 1349 956 1376 δὲ

168 1395 358 1426 Κωνστάντιος
384 1394 585 1430 καθιερωθῆναι
609 1394 722 1431 γνώμην
745 1395 838 1422 ιθετο·
856 1397 903 1423 καὶ
922 1398 955 1433 τῇ

167 1442 223 1469 τῶν
257 1441 403 1476 ἑγκαινίων
438 1441 575 1477 προφάσει
605 1441 752 1469 ἐπίσκοποι
783 1442 957 1477 συλλέγονται

167 1489 337 1523 ἐνενήκοντα.
354 1487 482 1522 Μάξιμος
499 1487 521 1514 δ’
533 1488 548 1514 6
562 1487 618 1514 τῶν
634 1488 829 1523 Ἱεροσολύμων
848 1489 955 1523 ἔφορος,

167 1533 239 1569 ἀνὴρ
261 1532 387 1568 εὐσεϐὴς,
405 1532 436 1559 οὐ
460 1533 562 1568 παρῆν,
578 1533 636 1560 ἀλλ’
651 1533 706 1560 οὐδ’
720 1534 734 1560 6
754 1532 863 1569 Ῥώμης
890 1534 958 1560 Ἰού-

167 1578 236 1610 λιος,
260 1577 316 1605 οὔτ’
340 1578 561 1614 αὐτοπροσώπως
571 1578 594 1594 ⁷⁸
616 1577 680 1605 οὔτε
691 1578 714 1594 ⁷⁷
737 1578 782 1606 διά
802 1587 876 1611 τινος
902 1579 957 1606 τῶν
971 1596 993 1627 C

169 1623 320 1651 ὑποτελῶν.
334 1624 530 1659 Συγκροτεῑται
543 1624 594 1659 μὲν
609 1624 626 1660 ἡ
642 1624 751 1656 σύνοδος
763 1625 898 1660 παρόντος
909 1625 959 1652 καὶ

168 1670 371 1702 Κωνπαντίου,
387 1671 412 1697 oi
438 1670 466 1697 δὲ
481 1670 548 1706 περὶ
575 1670 705 1698 Εὐσέὸιον
726 1671 845 1707 σπουδὴν
860 1672 958 1706 ἄγουσι

168 1716 225 1752 πρὸ
247 1716 302 1743 τῶν
324 1716 413 1743 ἀλλων
438 1715 680 1750 ἀποσκευάσασθαι
703 1715 767 1752 [775
780 1717 826 1753 Η.)
847 1717 959 1745 Ἀθανά-

169 1771 239 1789 σιον.
263 1762 428 1796 Ἐπάγουσιν
441 1761 487 1789 οὗν
501 1761 615 1798 πρώτην
641 1762 716 1798 αὐτῷ
731 1763 822 1790 αἰτίαν
838 1763 869 1790 τὸ
884 1763 959 1799 ¹νεαρά

169 1808 274 1835 κανόνα
292 1807 407 1843 πρᾶξαι,
423 1808 523 1835 κανόνα
539 1808 664 1842 λέγοντες
674 1808 704 1835 ὃν
719 1809 796 1835 αὐτοὶ
807 1809 959 1844 τηνικαῦτα

168 1853 299 1887 ἐξέθεσαν
314 1853 498 1890 (ἐπανελθὼν
512 1853 576 1889 γὰρ,
593 1854 721 1889 ἔφασκον,
732 1853 787 1889 τῆς
800 1855 960 1889 ὑπερορίας

169 1899 241 1933 οὐχι
258 1898 296 1933 τῇ
309 1899 364 1926 τοῦ
373 1899 476 1926 κοινοῦ
487 1899 598 1934 γνώμῃ,
613 1899 683 1927 ἀλλ’
696 1900 789 1932 αὐτὸς
797 1899 894 1933 ἑαυτῷ
903 1900 961 1933 τὴν

169 1947 401 1980 ἀρχιερωσύνην
421 1946 589 1982 ἐπέτρεψε),
606 1946 739 1982 δευτέραν
756 1947 797 1973 ὅτι
819 1946 891 1973 κατὰ
910 1947 961 1981 τὴν

170 1991 275 2018 είσοδον
291 1990 367 2026 αὐτῷ
378 1991 497 2023 στάσεως
513 1991 697 2026 συρῤαγείσης
709 1991 801 2018 πολλοὶ
812 1991 960 2023 ἀπέθανον,

170 2037 222 2064 καὶ
231 2037 326 2072 τρίτην
338 2037 373 2063 τὰ
387 2037 417 2063 ὲν
425 2036 505 2072 Τύρῳ
516 2037 697 2072 πεπραγμένα
705 2045 712 2052 ·
729 2037 759 2070 ἐξ
769 2033 807 2065 ὥν
820 2037 868 2064 καὶ
879 2045 962 2064 κατα-

170 2083 358 2119 ψηφισάμενοι
371 2083 419 2110 τοῦ
427 2084 449 2100 ⁷⁸
462 2084 513 2118 τῆς
528 2083 669 2116 εὐσεϐείας
683 2083 799 2119 ἀθλητοῦ
814 2084 836 2100 ⁷⁸
853 2083 960 2118 Γρηγό-

173 2138 233 2166 ρισν
245 2121 456 2156 ἀντιέαθιστῶσι
470 2130 515 2156 τὸν
529 2130 678 2166 ὁμόφρονα.
701 2130 757 2157 Καὶ
775 2129 962 2165 τολμήσαντες

171 2175 262 2202 ταῦτα
278 2174 445 2210 ἐπιτολμῶσι
472 2176 520 2202 καὶ
543 2175 589 2202 τὺν
616 2175 811 2210 μεταπλασμὺν
832 2175 883 2210 τῆς
911 2175 960 2202 πί-

172 2230 273 2254 στεως,
289 2221 366 2248 οὐδὲν
382 2221 433 2256 μὲν
452 2221 522 2248 κατὰ
540 2220 633 2257 φωνὴν
653 2221 709 2248 τῶν
724 2221 754 2249 ὲν
769 2221 873 2257 Νικαίᾳ
891 2230 962 2257 μεμ-

1010 295 1130 319 scentem
1141 291 1305 327 acciperent.
1314 290 1377 318 Hac
1392 291 1511 318 referens
1523 295 1584 326 post
1598 291 1724 324 moritur,
1736 293 1795 327 epi-

1009 343 1151 373 scopatum
1167 342 1222 375 tres
1239 342 1267 365 et
1278 337 1372 372 viginti
1382 344 1469 364 annos
1482 344 1544 364 eum
1555 338 1692 372 gessisset,
1707 345 1794 364 annos

1009 387 1090 410 natus
1105 384 1252 418 nonaginta
1267 389 1341 411 octo.
1358 383 1423 410 Orta
1447 388 1538 410 autem
1558 384 1699 410 contentio
1714 388 1755 410 est
1766 383 1793 410 in

1008 428 1114 456 duobus
1129 428 1226 467 4741)
1240 429 1293 457 illis
1302 429 1444 464 eligendis.
1455 429 1548 456 Ariani
1562 428 1596 455 ad
1605 428 1794 456 Macedoniam

1009 474 1189 506 inclinabant,
1198 478 1227 501 at
1239 473 1332 501 ﬁdeles
1344 473 1457 501 Paulum
1481 474 1625 502 malebant.
1644 473 1714 501 Vicit
1732 482 1793 509 plo-

1009 527 1069 547 rum
1087 520 1235 552 sententia,
1249 524 1277 547 et
1300 520 1444 548 ordinatur
1467 519 1567 548 Paulus
1594 527 1738 555 episcopus
1765 521 1792 548 in

1008 566 1123 594 ecclesia
1155 570 1257 594 sancta:
1281 565 1372 594 lrenes
1398 568 1548 598 nominata.
1563 575 1645 601 quam
1663 567 1796 602 temporis

1008 620 1148 645 successu,
1162 617 1192 640 ut
1210 620 1225 640 a
1250 620 1320 640 nova
1333 612 1557 648 distingueretur,
1570 619 1686 640 veterem
1702 614 1796 648 appel-

1008 658 1066 685 lare
1081 658 1192 692 placuit.
1208 658 1389 686 Constantius
1403 666 1469 686 vero
1483 667 1538 687 non
1555 660 1642 687 multo
1662 664 1724 695 post
1738 661 1795 688 An-

1008 705 1109 731 tiochia
1124 705 1389 740 Constantinopolim
1403 705 1527 737 veniens,
1544 705 1613 732 iram
1636 706 1663 733 in
1679 705 1792 734 Paulum

1007 750 1143 785 concepit,
1162 750 1235 784 quod
1258 757 1312 777 non
1326 750 1399 778 illius
1413 749 1543 785 suliragio
1554 751 1656 778 electus
1670 756 1753 783 esset,
1767 755 1794 778 et

1007 797 1171 824 Arianorum
1185 796 1287 824 indicto
1298 797 1426 830 concilio,
1438 796 1552 824 Paulum
1562 797 1687 825 abdicare
1695 798 1793 832 coegit.

1009 842 1168 875 Eusebium,
1180 843 1237 877 jam
1252 843 1334 870 tertio
1355 843 1448 871 sedem
1475 848 1637 876 mutantem,
1652 851 1685 871 ex
1714 843 1796 871 Nico-

1008 889 1112 922 media,
1127 890 1380 924 Constantinopolis
1405 894 1483 917 creat
1504 890 1673 925 episcopum.
1689 890 1795 924 Quibus

1007 936 1088 970 impie
1110 936 1231 970 patratis,
1249 936 1421 963 Antiochiam
1440 936 1565 963 revertit.
1583 935 1720 964 Eusebius
1745 944 1795 964 au-

1006 987 1060 1009 tem
1077 989 1185 1009 omnem
1205 981 1331 1009 movebat
1354 982 1482 1016 lapidem.
1499 987 1528 1009 ut
1544 982 1668 1017 symbolo
1691 983 1796 1010 exime~

1006 1033 1082 1056 retur
1105 1028 1169 1056 illud
1186 1027 1330 1063 όμοούσιον
1342 1047 1352 1062 ,
1373 1027 1607 1055 consubstantiale.
1641 1029 1707 1056 Erat
1727 1034 1792 1055 tunc

1005 1075 1168 1102 Antiocheni
1203 1074 1296 1109 templi
1328 1074 1480 1107 dedicatio,
1504 1074 1577 1109 quod
1596 1074 1795 1102 Constantinus

1005 1121 1066 1156 pius
1081 1120 1262 1149 exasdiﬂearat
1278 1128 1286 1147 :
1301 1120 1479 1148 Constantius
1496 1127 1560 1147 vero
1578 1121 1794 1147 consecrandum

1006 1167 1121 1200 curavit,
1133 1170 1161 1194 et
1184 1169 1313 1200 praetextu
1330 1165 1509 1193 dedicationis
1531 1165 1679 1199 nonaginta
1694 1173 1796 1193 convo-

1005 1218 1103 1241 cantur
1138 1211 1272 1248 episcopi.
1301 1210 1447 1242 Maximus,
1484 1210 1794 1246 Hierosolymitanorunt

1005 1258 1115 1293 praasul,
1127 1258 1168 1285 vir
1186 1257 1247 1292 pius
1271 1264 1326 1284 non
1350 1256 1444 1284 aderat
1465 1256 1534 1284 :sed
1550 1263 1637 1291 neque
1655 1256 1796 1285 Romanus

1006 1303 1127 1339 pontifex
1144 1302 1247 1336 Julius,
1262 1310 1313 1330 nee
1326 1310 1374 1338 per
1388 1310 1429 1335 se,
1442 1310 1492 1330 nec
1508 1309 1556 1338 per
1570 1302 1651 1329 alium
1665 1302 1794 1337 legatum.

1006 1351 1193 1386 Congregatur
1227 1348 1348 1384 synodus
1380 1353 1512 1383 prasente
1536 1348 1796 1376 Conslantio.Con-

1007 1396 1122 1424 tendunt
1140 1395 1286 1423 Eusebiani
1300 1399 1330 1422 ut
1342 1394 1430 1429 primo
1444 1395 1611 1422 Athanasius
1631 1394 1794 1430 deponatur.

1006 1442 1086 1470 initio
1103 1445 1234 1469 accusant
1245 1442 1323 1476 quasi
1340 1445 1435 1468 contra
1456 1448 1588 1467 canonem
1603 1442 1699 1475 egerit.
1714 1448 1796 1476 quem

1008 1488 1059 1523 ipsi
1069 1492 1133 1515 tunc
1144 1487 1294 1514 ediderant.
1307 1485 1425 1514 Rediens
1437 1486 1522 1517 enim,
1534 1486 1621 1519 aiunt,
1636 1487 1671 1514 ab
1687 1487 1796 1520 exsilio,

1008 1541 1063 1561 non
1084 1533 1207 1560 omnium
1227 1532 1344 1567 judicio,
1370 1532 1418 1560 sed
1438 1539 1489 1559 suo
1505 1533 1639 1559 arbitratu
1654 1532 1798 1567 episcopa-

1009 1583 1066 1605 tum
1088 1577 1244 1612 assumpsit.
1260 1576 1388 1604 Secundo
1404 1576 1477 1611 quod
1494 1577 1554 1609 ejus
1572 1577 1707 1610 ingressu,
1724 1576 1798 1603 sedi—

1011 1624 1083 1651 tione
1099 1623 1244 1654 eoncitata,
1261 1622 1339 1649 multi
1361 1622 1518 1656 periissem.
1533 1621 1626 1648 Tertio
1640 1622 1676 1649 ob
1692 1629 1723 1648 ea
1736 1629 1798 1657 qua

1009 1669 1073 1704 Tyri
1087 1674 1147 1696 acta
1171 1672 1273 1695 essent.
1292 1667 1368 1695 Unde
1382 1672 1409 1694 et
1425 1668 1638 1695 condemnanles
1653 1672 1797 1694 strenuum

1009 1714 1198 1744 athletam.illi
1208 1714 1382 1749 Gregorium.
1398 1713 1522 1747 ejusdem
1535 1717 1626 1745 sectae,
1642 1713 1796 1740 sufﬁciunt.

1009 1761 1043 1789 Et
1068 1761 1125 1788 haec
1151 1761 1223 1791 ausi.
1236 1761 1296 1788 ausi
1314 1764 1379 1787 sunt
1399 1764 1426 1787 et
1449 1759 1529 1787 fidem
1544 1765 1711 1794 permutare.
1728 1759 1798 1786 nihil

1009 1815 1103 1836 eorum
1112 1807 1338 1842 reprehendentes
1347 1807 1390 1834 vel
1403 1806 1494 1839 verbo,
1504 1814 1566 1841 qua:
1578 1806 1604 1832 in
1618 1804 1725 1832 Nicaena
1734 1813 1800 1840 syn-

1017 1854 1072 1881 odo
1101 1858 1214 1880 tractata
1228 1857 1330 1884 essent,
1341 1853 1465 1887 improbo
1479 1857 1506 1879 et
1518 1851 1691 1878 fraudulento
1707 1850 1799 1878 animo

1012 1899 1117 1928 semina
1128 1899 1273 1934 jacientes,
1289 1902 1318 1926 ut
1331 1898 1473 1933 ὁμοούσιον
1496 1897 1615 1925 tollatur.
1631 1897 1799 1924 Antiochena

1013 1945 1138 1981 synodus
1166 1945 1223 1972 haec
1236 1949 1264 1972 et
1275 1945 1328 1972 alia
1352 1944 1449 1972 similia
1469 1952 1547 1976 ausa,
1564 1948 1591 1971 ct
1605 1943 1735 1970 nonnulla
1752 1944 1801 1970 de-

1011 1999 1136 2025 cernens,
1153 1992 1322 2019 dissolvitur.
1339 1990 1475 2018 Eusebius
1500 1990 1534 2018 ad
1561 1989 1716 2017 Romanum
1733 1996 1802 2024 ροη-

1011 2038 1110 2066 tiiicem
1138 2037 1239 2065 Julium
1253 2037 1357 2073 legatos
1378 2037 1470 2069 mittit,
1495 2036 1547 2064 hoe
1561 2035 1684 2068 moliens,
1700 2040 1730 2062 ut
1740 2042 1802 2070 quae

1012 2086 1142 2113 adversus
1159 2084 1337 2112 Athanasium
1352 2083 1460 2111 decreta
1484 2087 1586 2114 essent,
1601 2086 1661 2109 rata
1677 2081 1800 2113 haberet,

1013 2131 1061 2159 sed
1080 2139 1127 2166 spe
1152 2139 1201 2158 sua
1230 2129 1377 2158 frustratus
1406 2133 1457 2156 est.
1469 2128 1571 2155 Paulus
1580 2135 1646 2155 vero
1665 2126 1802 2161 archiepi-

1013 2185 1112 2212 scopus
1137 2176 1252 2204 Romam
1283 2176 1435 2212 profectus,
1452 2179 1480 2202 et
1498 2174 1543 2201 alii
1556 2173 1658 2210 475ιι
1679 2172 1802 2200 nonnulli

1013 2223 1145 2258 episcopi,
1160 2230 1214 2250 una
1228 2230 1289 2250 cum
1304 2222 1453 2250 Athanasio
1480 2221 1589 2249 Eusebii
1609 2221 1671 2247 dolo
1683 2219 1801 2253 expulsi,

170 2268 302 2302 ψάμενοι,
313 2267 353 2302 τῷ
364 2267 393 2294 δὲ
407 2267 501 2302 ὑφάλῳ
514 2267 561 2294 καὶ
575 2268 761 2301 κακομηχάνῳ
775 2267 826 2301 τῆς
840 2266 957 2299 διανοίας

1011 2268 1095 2296 simul
1123 2268 1217 2296 Romae
1242 2268 1367 2302 agebant.
1391 2267 1481 2294 Julius
1507 2274 1571 2294 vero
1590 2265 1682 2293 audito
1712 2265 1803 2292 omnia

173 2314 323 2349 σπέρματα
343 2313 611 2349 προκαταὸάλλοντες
628 2312 706 2349 [1421
719 2312 766 2349 R.]
781 2313 850 2349 πρὸς
857 2313 904 2349 τὴν
914 2313 962 2340 τοῦ

171 2359 319 2394 ὀμοουσίου
343 2359 512 2394 καθαίρεσιν.
536 2360 623 2395 Καλή
647 2360 697 2395 μὲν
711 2359 782 2387 κατά
799 2361 963 2395 Ἀντιόχειαν

173 2405 284 2436 σύνοδος
292 2405 380 2432 ταῦτα
393 2405 440 2433 καὶ
454 2405 555 2433 τοιαῦθ’
567 2406 648 2441 ἕτερα
661 2405 829 2441 τολμήσασα,
841 2406 889 2433 καί
902 2414 962 2433 τινα

172 2451 352 2483 κανονίσασα,
367 2451 530 2479 διαλέλυται.
551 2452 682 2484 Εὐσέϐιος
699 2452 727 2479 δὲ
743 2453 813 2488 πρὸς
827 2453 873 2480 τὸν
895 2452 962 2479 Ῥώ-

174 2507 230 2533 μης
252 2497 362 2525 Ἰούλιον
385 2497 621 2534 διαπρεσϐεύεται,
640 2498 691 2534 τὴν
707 2499 779 2525 κατά
801 2499 962 2527 Ἀθανασίου

170 2545 264 2580 ψῆφον
278 2545 435 2580 κυρωθῆναι
446 2544 653 2580 τεχναζόμενος·
669 2544 726 2571 ἀλλ’
738 2545 816 2572 οὐδὲν
828 2542 865 2572 ὧν
880 2545 961 2581 ἠλπι-

172 2591 220 2622 ζεν
232 2590 327 2625 ῆνυσε.
341 2589 447 2621 Παῦλος
460 2590 483 2617 δ’
497 2591 512 2617 ὁ
523 2590 670 2626 ἀρχιερεὺς
681 2590 730 2626 τὴν
749 2590 860 2626 Ῥώμην
877 2599 963 2618 κατα-

171 2637 278 2669 λαϐὼν,
295 2637 342 2664 καὶ
367 2637 458 2672 ἓτεροι
483 2636 511 2663 δὲ
535 2637 585 2663 οὐκ
614 2636 698 2670 ὀλίγοι
721 2637 865 2664 ἐπίσκοποι
880 2638 963 2665 ,κατά

174 2681 314 2718 συσκευὴν
335 2681 529 2717 ἐκδιωχθέντες
543 2682 687 2716 Εὑσεὸίου,
702 2682 770 2710 ἀλλά
786 2683 834 2710 καὶ
851 2683 962 2710 Ἀθανά-

1016 2322 1077 2349 quae
1091 2314 1125 2342 de
1140 2313 1276 2349 episcopis
1296 2318 1356 2341 aeta
1370 2317 1461 2341 essent
1471 2333 1479 2345 ,
1494 2312 1646 2340 calumnias
1661 2319 1734 2344 esse,
1747 2311 1805 2346 epi-

1015 2360 1094 2389 stolis
1112 2359 1174 2387 illos
1190 2360 1357 2387 conﬁrmans
1380 2360 1408 2386 in
1431 2357 1570 2385 Orientem
1595 2357 1719 2388 remittit,
1741 2364 1804 2392 pro-

1016 2407 1103 2442 priam
1141 2406 1290 2440 unicuique
1331 2405 1441 2432 tradens
1481 2404 1592 2435 sedem.
1619 2410 1721 2438 eosque
1756 2402 1804 2437 qui

1015 2453 1202 2485 damnassent,
1227 2452 1324 2480 merito
1350 2458 1494 2479 accusans.
1508 2450 1610 2478 Omnes
1631 2449 1695 2477 hinc
1712 2448 1804 2476 Eccle-

1015 2498 1072 2526 sias
1093 2505 1159 2525 suas
1176 2497 1320 2531 recipiunt,
1332 2496 1379 2524 sed
1391 2500 1418 2523 et
1434 2496 1555 2531 epistolae
1565 2495 1600 2522 iis
1611 2494 1713 2529 quibus
1735 2493 1806 2520 scri-

1015 2549 1068 2579 pta:
1093 2547 1181 2574 erant,
1205 2542 1389 2570 destinantur.
1410 2540 1529 2568 Eusebio
1552 2544 1671 2572 mortuo,
1703 2538 1804 2566 Paulus

1015 2596 1073 2616 sure
1085 2588 1142 2616 sedi
1158 2587 1319 2615 restituitur.
1336 2586 1430 2614 Ariani
1456 2593 1506 2620 pro
1531 2586 1583 2613 hac
1609 2584 1730 2612 Ecclesia
1755 2591 1804 2618 pro

1016 2634 1101 2662 Paulo
1113 2633 1303 2661 Macedonium
1321 2637 1424 2664 creant,
1435 2632 1482 2668 qui
1498 2631 1597 2661 Filium
1618 2631 1701 2658 Patre
1715 2630 1806 2656 mino-

1017 2689 1073 2709 rem
1086 2688 1147 2709 esse
1159 2680 1375 2716 blasphemabat,
1388 2679 1523 2706 damnans
1537 2683 1565 2706 et
1578 2677 1730 2713 ὀμοούσιον,
1741 2683 1807 2702 can-

761 2751 764 2754 ’
795 2771 912 2799 vitam;
941 2771 1145 2800 LECTIONES.

212 2871 235 2886 ⁷³
249 2871 434 2898 ἀποκλίναντα
446 2871 480 2897 A.

175 2906 239 2934 add.
257 2907 289 2933 A.
327 2906 351 2923 ⁷³
368 2905 415 2933 τοῦ
434 2904 606 2942 -ἀθλητοῦ]
617 2905 663 2932 τὸν
679 2920 712 2926 —-
750 2905 785 2922 ⁷⁸’
800 2905 918 2941 ἀθλητήν
931 2906 963 2931 A.

534 2871 556 2887 ⁷⁸
571 2869 776 2897 Κωνσταντίνου
799 2870 875 2897 πόλει
897 2877 957 2903 γεγ,
976 2877 1006 2901 ς,
1055 2869 1078 2885 τι
1094 2868 1251 2904 ὑπεστρέφη
1271 2875 1301 2899 ς.

1359 2867 1382 2882 ⁷⁸
1398 2865 1608 2900 αὐτοπρόσωπος
1620 2871 1651 2896 ς.
1705 2862 1727 2879 ⁷⁷
1741 2862 1806 2889 οὖτα
