1952 3072
180 173 230 206 123

754 179 886 210 PHOTII
906 178 1158 209 PATRIARCHJE
1178 179 1233 210 (ΣΡ.

1735 159 1801 211 ἰει

177 231 361 264 substantially,
377 236 404 259 et
420 232 551 268 Spiritum
566 239 690 262 sanctum
710 235 823 262 omnino
836 243 851 262 a
866 234 961 262 divini-

1018 241 1085 265 σιος,
1098 233 1166 268 ὁμοῦ
1179 233 1272 268 διῆγον
1287 234 1316 260 ἐν
1327 235 1358 270 τῇ
1381 235 1485 273 Ῥώμῃ.
1509 236 1538 263 ’0
1555 236 1584 263 δὲ
1605 236 1677 272 ίερὺς
1696 235 1802 268 Ἰούλιος

180 280 235 302 tate
255 277 422 304 removebat.
437 279 589 307 Athanasio
602 288 710 315 quoque
724 288 801 308 suam
816 281 965 316 recipiente

179 320 341 355 Ecclesiam,
358 323 509 351 Antiochia:
524 326 620 353 iterum
641 328 835 356 convenientes
855 327 966 363 (conve-

178 371 275 393 nerant
297 367 369 395 enim
384 368 488 397 Julium
510 370 664 399 Romanum
683 373 803 401 vicissim
825 374 964 401 criminari

177 413 310 448 volentes)
341 415 453 450 impium
479 417 639 453 Gregorium
669 421 775 452 statim.
802 428 882 455 quem
914 421 965 456 ipsi

178 463 275 492 praeter
285 460 326 488 fas
337 465 364 488 et
376 469 480 494 aequum
497 464 699 498 ordinaveraut,
713 466 886 494 Antiochiam
902 468 965 495 mit-

177 509 249 535 tunt.
261 510 288 532 et
300 506 468 535 Alexandria:
475 510 618 543 praefectus
634 511 710 538 illum
726 517 830 548 septem
845 514 964 542 millibus

178 550 294 578 militum
312 553 434 581 adduxit.
450 555 509 588 Quo
534 557 653 591 cognito,
670 558 835 587 Athanasius
849 558 964 588 Romam

178 595 277 623 iterum
307 599 489 633 adnavigavit.
504 601 680 630 Alexandrini
698 612 751 631 non
766 604 884 633 ferentes
895 606 965 635 hanc

177 642 306 676 injuriam
324 664 332 676 ,
359 645 430 673 beati
464 647 585 684 Dionysii
619 650 770 684 templum,
796 658 852 678 non
892 658 966 680 recte

177 692 268 714 tamen
298 688 374 724 (quid
396 692 481 725 enim,
499 694 522 720 si
550 694 688 723 insaniant
712 696 848 731 homines,
869 704 965 726 contra

178 734 265 769 culpae
278 741 414 769 expertem
438 741 568 767 sumenda
588 748 669 776 pinna
689 743 760 778 est?)
777 743 964 773 incenderunt.

177 780 355 810 Constantius
369 783 519 813 Antiochiae
530 786 630 822 (legens
644 788 781 817 intellecto
792 789 904 818 Paulum
919 800 966 819 ve-

176 827 266 854 ritatis
281 836 432 863 praeconem
446 834 562 867 propria
581 834 639 862 sedi
652 836 805 865 restitutum
816 845 887 871 esse,
900 838 966 866 Her-

177 874 285 908 mogeni
296 875 358 903 duci
371 876 398 903 in
410 876 553 906 Thraciam
569 881 654 908 misso
671 883 793 915 mandat,
803 888 832 911 ut
846 884 965 912 Ecclesia

177 926 302 948 sanctum
320 923 409 950 virum
425 925 590 959 expelleret:
607 932 633 955 et
649 927 694 956 ille
707 929 818 964 quidem
832 930 967 960 Constan-

179 966 319 1000 tinopolim
352 969 464 997 veniens
494 976 610 1000 conatus
636 979 687 1005 est.
709 976 782 1009 quod
808 977 966 1005 mandatum

176 1015 246 1044 erat,
259 1012 405 1041 nefandum
418 1015 563 1050 imperium
573 1019 696 1052 exsequi.
708 1019 827 1055 Populus
836 1030 900 1050 vero
912 1031 964 1052 non

176 1056 341 1090 patiebatur,
351 1059 415 1093 quin
426 1065 453 1087 et
463 1061 574 1089 domum
590 1063 663 1091 illius
676 1065 807 1099 incendit,
816 1072 843 1094 et
852 1069 966 1102 pedibus

177 1107 295 1130 tractum
311 1103 449 1132 interficit.
467 1106 528 1139 Quo
539 1110 659 1143 cognito,
678 1111 856 1141 Constantius
871 1115 965 1142 urbem

175 1145 337 1181 ingreditur.
361 1155 542 1186 sanctumque
568 1153 682 1181 Paulum
711 1157 832 1191 expellit.
872 1158 965 1188 Multat

177 1193 270 1220 urbem
287 1193 435 1228 frumento,
447 1197 574 1226 auferens
586 1200 639 1228 illis
652 1201 715 1229 doni
728 1203 884 1237 dimidium,
894 1208 965 1240 quod

175 1238 375 1268 Constantinus
385 1242 505 1271 clemens
515 1244 568 1273 illis
576 1246 696 1275 dederat.
709 1247 773 1275 Erat
784 1258 848 1277 vero
858 1259 965 1280 smnma

176 1285 310 1319 muneris,
330 1295 414 1321 panes
435 1289 513 1317 diarii
543 1292 663 1327 octogies
677 1294 760 1322 mille.
779 1295 868 1324 Iratus
881 1303 923 1325 est
938 1303 966 1325 et

176 1330 346 1366 Macedonio,
369 1341 424 1361 non
445 1335 534 1364 solum
560 1339 634 1373 quod
659 1347 688 1367 se
716 1341 802 1369 invito
822 1344 965 1372 ordinatus

175 1383 260 1411 esset,
283 1380 329 1406 sed
347 1380 428 1409 etiam
447 1382 481 1410 ob
493 1383 591 1417 caedes,
609 1392 726 1420 quarum
744 1388 803 1423 ipse
818 1391 964 1419 seditiosus

175 1430 273 1452 auctor
299 1427 450 1456 exstiterat.
474 1429 576 1458 Tamen
603 1432 764 1468 relinquens
779 1435 855 1463 illum
872 1438 900 1464 in
914 1438 965 1466 Ec-

175 1470 270 1504 clesia,
296 1472 323 1499 in
349 1481 403 1507 qua
430 1475 572 1505 ordinatus
592 1484 660 1511 erat,
676 1479 775 1516 4751)
788 1482 963 1513 Antiochiam

176 1518 310 1545 revertit..
325 1519 436 1548 Divinus
458 1521 559 1551 Paulus
586 1525 696 1559 quidem
720 1527 818 1555 iterum
848 1529 962 1558 Romam

174 1563 369 1598 proficiscitur,
382 1571 408 1593 et
428 1567 608 1597 Athanasium
625 1573 763 1600 convenit.
776 1573 870 1602 Refert
880 1576 964 1611 igitur
977 1588 998 1616 α

175 1607 300 1637 Romano
326 1612 444 1646 pontifici
474 1623 535 1650 qua:
566 1624 663 1651 passus
687 1623 819 1652 esset.et
841 1629 962 1656 rursum,

174 1655 235 1689 ejus
263 1661 291 1684 et
314 1657 473 1688 Constantis
506 1661 678 1697 imperatoris
706 1666 829 1694 munitus
855 1667 963 1701 litteris,

173 1702 266 1729 statim
289 1705 411 1738 revertit,
425 1710 452 1733 et
468 1708 524 1734 sedi
543 1716 600 1736 sum
612 1717 675 1737 cum
691 1719 788 1747 magna
805 1714 881 1742 urbis
901 1723 963 1743 eum

175 1747 334 1781 recipientis
343 1749 480 1784 voluptate
492 1753 654 1781 restituitur.
662 1755 841 1785 Constantius
853 1767 962 1787 rursum

177 1793 452 1828 indignatus,iterum
469 1799 594 1827 exsulare
609 1807 740 1836 perpetuo
752 1803 838 1838 jubet.
857 1806 962 1834 Etenim

176 1837 319 1874 Philippus
340 1841 482 1874 praefectus
496 1844 548 1872 hoc
561 1845 718 1879 admittens,
735 1856 859 1878 sanctum
874 1852 962 1880 virum

176 1884 203 1911 in
223 1886 348 1913 exsilium
383 1888 528 1924 ablegavit,
545 1896 572 1918 et
588 1892 776 1922 Macedoninm
794 1898 880 1925 sancti
899 1897 962 1933 Spi-

173 1931 243 1959 ritus
258 1932 473 1969 impugnatorem
491 1937 518 1964 in
535 1938 655 1968 Ecclesia
669 1943 784 1976 reponit.
795 1942 899 1972 Exsilio
912 1953 962 1973 au-

172 1982 226 2004 tem
251 1980 347 2013 pulsus
358 1986 400 2009 cst
412 1990 466 2010 non
485 1990 588 2019 aperte,
601 1988 647 2014 sed
672 1989 789 2017 occulte.
806 1989 874 2018 Nam
892 1990 960 2019 Her-

172 2025 295 2058 mogenis
309 2026 436 2056 interitus
451 2031 610 2063 prudentius
627 2040 684 2061 rem
702 2042 796 2070 gerere
806 2034 960 2073 Philippum

171 2070 312 2100 docuerat.
336 2073 491 2103 Honorifice
515 2077 587 2104 enim
613 2078 661 2106 Dei
676 2081 833 2116 episcopum
848 2083 959 2111 Paulum

171 2115 206 2143 ad
233 2117 360 2145 balneum
385 2125 476 2153 vocat,
489 2123 561 2157 quod
579 2123 711 2160 Zenxlppi
726 2115 888 2162 appellatur.
904 2133 962 2156 tan-

170 2169 253 2195 quam
271 2163 305 2191 de
328 2165 409 2193 rebus
429 2167 536 2200 publice
551 2169 701 2203 profuturis
719 2177 747 2199 et
767 2174 877 2202 arcanis
893 2182 960 2202 cou-

170 2208 268 2236 sulturi
281 2216 383 2238 essent.
399 2212 463 2239 Inde
477 2213 511 2240 ad
531 2214 704 2249 imperatoris
722 2218 852 2258 palatium
864 2221 958 2254 mittit,

1017 281 1200 314 συκοφαντίαν
1225 278 1295 307 εἶναι
1318 281 1413 317 μαθὼν
1436 283 1471 309 τά
1494 284 1559 319 περὶ
1579 283 1635 310 τῶν
1651 283 1803 318 ἀρχιερέων

1016 327 1210 361 πεπραγμένα,
1229 327 1392 362 γράμμασιν
1413 329 1510 361 αὐτοὺς
1524 329 1668 365 ὀχυρώσας
1691 330 1737 355 ἐπὶ
1754 328 1803 363 τὴν

1023 372 1166 407 ’Δνατολὴν
1172 373 1341 404 ἀποστέλλει,
1349 374 1394 400 τὸν
1406 375 1504 401 οἰκεῖον
1515 375 1624 410 ἑκάστῳ
1632 375 1726 410 θρόνον
1737 375 1803 402 άπο-

1015 418 1102 450 διδοὺς
1130 419 1178 446 καὶ
1202 419 1251 446 σὺν
1270 419 1331 455 δίκῃ
1353 420 1516 455 αἰτιώμενος
1539 421 1604 453 τοὺς
1628 420 1803 452 καθελόντας.

1016 464 1071 491 Καὶ
1096 464 1146 496 τὰς
1170 464 1219 500 μὲν
1245 466 1349 498 οἰκείας
1375 466 1523 502 ἐκκλησίας
1551 466 1802 501 ἀναλαμϐάνουσιν.

1015 509 1083 536 ἀλλὰ
1108 510 1153 536 καὶ
1175 510 1225 542 τὰς
1247 510 1392 543 ἐπιστολάς
1406 508 1447 543 οἷς
1461 512 1622 547 ἐγράφησαν
1634 512 1803 547 διαπέμπον-

1015 564 1071 583 ται.
1083 557 1138 583 Καὶ
1152 556 1282 584 Εὐσεσίου
1297 557 1347 592 μὲν
1359 557 1576 594 ἀποφθαρέντος,
1586 558 1690 590 Παῦλος
1705 558 1746 589 είς
1758 558 1803 585 τδν

1015 602 1114 628 οἰκεῖον
1131 601 1225 636 θρόνον
1241 602 1470 635 ἀποκαθίσταται,
1483 603 1508 630 οί
1521 603 1545 630 δ’
1559 603 1760 639 άρειανίζοντες
1775 604 1803 630 ὲν

1015 648 1048 682 τῇ
1064 646 1110 673 νῦν
1122 646 1256 683 λεγομένῃ
1280 648 1328 674 ἐπὶ
1346 647 1452 675 Παῦλον
1467 648 1602 683 ἐκκλησίᾳ
1620 648 1803 684 χειροτονοῦσι

1015 693 1061 719 τὸν
1077 693 1252 727 Μακεδόνιον,
1267 693 1296 725 ὃς
1318 694 1365 721 τὸν
1380 694 1445 721 Yle
1459 694 1509 730 μὲν
1522 693 1561 729 τῷ
1573 694 1661 730 Πατρὶ
1677 695 1804 730 ἀνόμοιον

1015 740 1199 776 ἐϐλασφήμει,
1224 741 1472 778 παραγραφόμενος
1488 742 1519 769 τὸ
1538 742 1712 777 ὀμοούσιοτκ
1732 742 1763 769 τὸ
1776 741 1805 768 δὲ

1017 786 1150 820 πανάγιον
1165 786 1278 822 Πνεῦμα
1292 787 1432 820 παντελῶς
1446 788 1586 822 ἀλλότριον
1599 787 1649 822 τῆς
1668 787 1803 823 θεότητος.

1023 831 1181 860 Ἀθανασίου
1194 833 1223 860 δὲ
1233 833 1283 869 τὴν
1297 833 1366 860 ἰδίαν
1375 833 1556 865 ἀναλαϐόντος
1572 833 1729 867 ἐκκλησίαν,
1743 834 1767 860 οἱ
1776 834 1805 861 ὲν

1023 879 1176 915 Ἀντιοχείᾳ
1197 879 1278 907 πάλιν
1297 880 1504 916 συνεδρεύοντες
1520 880 1579 914 (καὶ
1594 879 1649 916 γάρ
1672 880 1805 916 συνῄεσαν

1016 924 1193 959 ἀντεγκαλεῖν
1215 926 1420 962 ἐπιχειροῦντες
1441 926 1544 962 Ἰουλίῳ
1563 927 1602 962 τῷ
1618 926 1737 962 Ῥώμης)
1757 927 1804 954 τδν

1015 970 1132 1005 δυσσεϐῆ
1149 971 1301 1007 Γρηγόριον
1318 971 1362 998 διὰ
1377 972 1485 1007 τάχους,
1500 972 1530 999 ὃν
1548 973 1625 999 αὐτοὶ
1639 973 1804 1008 παρανόμως

1016 1018 1235 1053 ἐχειροτόνησαν,
1256 1019 1297 1050 εἰς
1315 1019 1365 1054 τὴν
1386 1019 1525 1054 Ἀντιόχου
1542 1020 1565 1036 ⁷³
1586 1019 1783 1046 ἀποστέλλουσι
1797 1027 1804 1034 ’

1015 1064 1064 1091 καὶ
1076 1066 1197 1100 κατῆγεν
1218 1065 1300 1092 αὐτὸν
1320 1066 1334 1092 ὁ
1348 1066 1397 1101 τῆς
1417 1065 1622 1101 Ἀλεξανδρείας
1640 1065 1804 1100 στρατηγὸς,

1015 1110 1237 1145 ἑπτακισχιλίους
1250 1111 1365 1146 στρατὸν
1377 1111 1558 1146 ἐπαγόμενος.
1577 1112 1610 1138 ’0
1624 1111 1717 1147 μαθὼν
1725 1111 1806 1138 Ἀθα-

1015 1156 1108 1187 νάσιος
1120 1157 1160 1187 εἰς
1176 1157 1226 1192 τὴν
1242 1157 1353 1192 Ῥώμην
1370 1157 1451 1184 πάλιν
1464 1157 1646 1184 ἀπέπλευσεν.
1667 1157 1696 1184 '0
1710 1157 1738 1183 δὲ
1751 1157 1806 1184 τῶν

1022 1202 1220 1238 Ἀλεξανδρέων
1245 1203 1309 1235 λαδς
1336 1203 1386 1230 οὐκ
1405 1203 1530 1239 ἐνεγκὼν
1550 1203 1581 1230 τὸ
1593 1203 1740 1240 ἔκθεσμον,
1755 1203 1806 1238 τὴν

1015 1249 1187 1284 καλουμένην
1201 1249 1339 1276 Διονυσίου
1354 1249 1513 1285 ἐκκλησίαν,
1527 1251 1577 1277 οὺκ
1589 1251 1678 1286 ὀρθῶς
1695 1250 1805 1277 ποιοῦν-

1014 1303 1060 1326 τες
1073 1294 1108 1330 (τί
1120 1295 1219 1331 γὰρ,εῑ
1237 1296 1391 1331 μεμήνασιν
1406 1295 1554 1331 ἄνθρωποι,
1569 1296 1641 1323 κατὰ
1656 1295 1704 1323 τοῦ
1722 1296 1806 1332 μηδὲν

1014 1340 1174 1376 ἠδικηκότος
1187 1341 1210 1357 ⁸⁸
1232 1341 1272 1368 δεῖ
1287 1342 1337 1377 τὴν
1354 1341 1461 1377 ἄμυναν
1482 1341 1614 1377 φέρεινς)
1640 1341 1804 1378 ἐνέπρησαν.

1014 1387 1153 1414 Μανθάνει
1168 1388 1191 1414 δ’
1207 1389 1221 1414 ό
1234 1388 1424 1420 Κωνστάντιος
1438 1390 1468 1415 ὲν
1488 1388 1641 1424 Ἀντιοχείᾳ
1653 1389 1755 1422 διάγων
1766 1389 1804 1421 ὡς

1014 1433 1120 1465 Παῦλος
1131 1434 1146 1460 ό
1161 1433 1211 1468 τῆς
1226 1433 1355 1469 ἀληθείας
1370 1434 1458 1470 κῆρυξ
1475 1435 1515 1465 είς
1527 1434 1572 1460 τὸν
1602 1434 1668 1461 ἴδιον
1682 1434 1805 1461 ἀπεκατ-

1015 1479 1109 1515 έοτη⁸¹
1118 1480 1222 1515 θρόνον,
1239 1480 1287 1507 καὶ
1298 1479 1460 1517 Ἑρμογένει
1475 1481 1514 1516 τῷ
1528 1480 1701 1516 στρατηλάτῃ
1715 1480 1805 1508 ἐντέλ-

1014 1525 1100 1558 λεται,
1123 1527 1169 1553 ἐπὶ
1199 1527 1235 1553 τὰ
1267 1527 1317 1562 τῆς
1345 1527 1456 1563 Θρᾴκης
1488 1527 1692 1562 ὲκπεμπομένῳ
1722 1527 1803 1562 μέρη,

1015 1571 1150 1607 ὲξωθῆσαι
1166 1572 1211 1598 τὸν
1227 1572 1301 1599 ὅσιον
1325 1573 1374 1607 τῆς
1399 1573 1559 1608 ἐκκλησίας.
1576 1572 1631 1600 Καὶ
1649 1573 1664 1599 ό
1688 1572 1737 1607 μὲν
1755 1572 1805 1606 τὴν

1016 1619 1220 1646 Κωνσταντίνου
1241 1619 1347 1653 φθάσας
1369 1618 1447 1646 πόλιν
1476 1618 1652 1650 ἐσπούδαζεν.
1721 1626 1805 1653 προσ-

1015 1666 1144 1692 ετέτακτο
1164 1666 1294 1702 πράττειν
1314 1665 1345 1691 τὸ
1368 1664 1501 1700 Εκθεσμον
1513 1673 1520 1680 ·
1542 1665 1573 1692 τὸ
1592 1664 1621 1691 δὲ
1639 1663 1740 1699 πλῆθος
1754 1664 1805 1690 οὐκ

1014 1711 1149 1746 ἠνείχετο,
1163 1711 1231 1738 ἀλλὰ
1247 1711 1295 1738 καὶ
1306 1711 1355 1746 τὴν
1366 1710 1431 1747 [774
1448 1710 1494 1747 Η.]
1512 1711 1602 1738 οἰκίαν
1619 1710 1700 1738 αὑτοῦ
1718 1719 1804 1737 κατα-

1015 1758 1123 1784 καίουσι
1136 1758 1184 1784 καὶ
1197 1757 1279 1784 αὐτὸν
1297 1757 1426 1793 σύροντες
1443 1757 1639 1794 διαφθείρουσι.
1660 1756 1762 1784 Μαθὼν
1776 1757 1804 1784 δὲ

1014 1803 1092 1830 τοῦτο
1116 1803 1307 1835 Κωνστὰντιος
1327 1803 1409 1835 αὐτὸς
1426 1803 1634 1839 καταλαμϐάνει
1652 1802 1701 1837 τὴν
1715 1802 1803 1835 πόλιν,

1013 1851 1062 1878 καὶ
1077 1851 1122 1878 τὸν
1138 1852 1187 1887 μὲν
1206 1852 1280 1878 ὅσιον
1301 1851 1407 1878 Παῦλον
1423 1852 1526 1887 ταύτης
1538 1851 1561 1867 ⁵⁸
1577 1850 1804 1899 ἀπελαῦνειςξη-

1015 1899 1073 1933 μιοῖ
1091 1898 1119 1924 δὲ
1138 1898 1185 1925 καὶ
1201 1899 1250 1932 τὴν
1264 1898 1355 1930 πόλιν,
1375 1897 1405 1925 τὸ
1421 1898 1575 1933 σιτηρέσιον
1590 1897 1699 1932 ἀφελὼν
1718 1897 1802 1933 αὐτῆς

1012 1944 1043 1970 τὸ
1057 1944 1143 1978 ἥμισυ
1157 1944 1208 1978 τῆς
1225 1944 1340 1980 δωρεᾶς,
1357 1944 1392 1980 ἠν
1412 1945 1427 1971 ὁ
1451 1943 1642 1979 φιλάνθρωπος
1658 1944 1802 1970 Κωνσταν-

1011 1991 1083 2020 τίνος
1103 1989 1173 2025 αὐτῇ
1194 1989 1366 2025 ἐδωρήσατο·
1395 1986 1429 2025 ἧν
1448 1988 1478 2015 δὲ
1496 1989 1528 2016 τὸ
1548 1988 1609 2015 ὅλον
1627 1989 1676 2023 τῆς
1696 1988 1801 2022 δωρεᾶς

1012 2035 1158 2071 ήμερήσιοι
1187 2036 1265 2071 ἄρτοι
1291 2035 1421 2071 μυριάδες
1446 2034 1530 2062 ὀκτώ.
1553 2033 1693 2085 ’ρργίςετο
1710 2034 1802 2085 δεκαὲ

1011 2083 1083 2109 κατὰ
1097 2082 1276 2115 Μακεδονίου,
1289 2082 1320 2108 οὐ
1338 2081 1418 2116 μόνον
1438 2081 1479 2108 ὅτι
1496 2080 1572 2116 παρὰ
1584 2080 1704 2116 ξγνώμην
1720 2080 1803 2106 αὐτοῦ

1011 2129 1227 2164 κεχειροτόνητο,
1242 2128 1310 2155 ἀλλὰ
1329 2127 1377 2154 καὶ
1392 2127 1437 2154 διὰ
1459 2128 1523 2159 τοὺς
1539 2127 1653 2162 φόνους,
1669 2123 1707 2153 ὧν
1721 2127 1804 2158 αὐτὸς

1011 2175 1164 2208 στασιάζων
1182 2175 1295 2209 γέγονεν
1314 2175 1399 2206 αῐτιος
1410 2183 1417 2189 ·
1433 2174 1508 2209 ὅμως
1520 2174 1566 2201 οὖν
1579 2174 1662 2205 ἐάσας
1678 2173 1759 2200 αὑτὸν
1773 2174 1802 2199 ὲν

1010 2219 1028 2258 ᾖ
1042 2221 1175 2256 ἐκκλησίᾳ
1189 2220 1239 2256 τὴν
1253 2221 1423 2255 χειροτονίαν
1440 2220 1535 2248 ὑπέδυ,
1549 2220 1588 2251 είς
1598 2220 1648 2254 τὴν
1665 2217 1800 2253 Ἀντιόχου

168 2259 196 2280 et
209 2255 308 2283 eximie
323 2255 546 2287 Thessalonicam
575 2261 601 2288 in
626 2262 685 2294 eius
699 2255 889 2301 majorumque
910 2275 959 2302 pa-

1013 2255 1180 2303 ε-ξώρμησεν,
1203 2255 1231 2294 Ὁ
1253 2267 1345 2302 μέντοι
1366 2266 1511 2297 θεσπέσιος
1534 2265 1640 2297 Παῦλος
1664 2264 1744 2291 πάλιν
1770 2264 1801 2290 τὸ

169 2300 261 2328 triam.
270 2301 337 2329 lliuc
347 2304 380 2330 ad
393 2304 513 2333 Orientis
526 2312 618 2341 partes
628 2309 716 2336 redire
727 2300 852 2346 unquam,
861 2300 956 2346 vetuit,

170 2354 222 2374 nec
245 2348 279 2375 ad
304 2349 407 2378 vicinas
427 2353 518 2380 urbes.
534 2354 636 2389 impius
652 2355 838 2392 Macedonius,
853 2365 957 2388 armala

171 2394 197 2419 vi
214 2394 335 2428 adjutus,
351 2401 378 2423 et
395 2405 448 2425 una
463 2407 524 2426 cum
542 2401 669 2435 praefecto
681 2409 776 2432 vectus
786 2425 793 2436 ,
808 2406 852 2432 Dei
865 2405 958 2435 Eccle-

171 2437 240 2464 siam
254 2439 367 2467 invadit.
381 2441 463 2470 Multa
477 2444 567 2472 editur
583 2452 699 2482 strages,
717 2453 744 2475 et
759 2449 809 2476 tria
828 2450 912 2478 millia
925 2459 957 2478 ac

169 2484 368 2521 quinquaginta
394 2489 568 2523 occiduntur.
584 2498 610 2519 et
638 2494 836 2523 catholicorum
873 2497 939 2524 caedi

167 2528 219 2557 bus
241 2535 281 2558 ter
304 2536 488 2563 exsecrandus
504 2537 696 2574 inauguratur.
710 2540 811 2569 Eodem
835 2546 956 2577 tempore

168 2578 347 2609 Constantius
365 2590 492 2617 magnum
512 2586 654 2620 templum,
669 2587 712 2614 cui
726 2596 825 2616 nomen
840 2589 889 2616 Dei
907 2589 957 2617 So-

164 2627 239 2661 phia,
255 2629 448 2658 exaadificarat.
467 2632 497 2658 Et
512 2633 622 2661 divinus
639 2634 740 2662 Paulus
755 2636 836 2670 paulo
849 2641 913 2671 post
928 2637 954 2663 in

164 2671 268 2700 ltalia'm
292 2675 401 2702 tertium
418 2677 568 2709 contendit,
588 2682 615 2705 et
639 2678 818 2707 Athanasium
838 2681 956 2707 commi-

164 2718 276 2747 litonem
297 2721 348 2748 sibi
360 2723 521 2759 atljungeus,
535 2724 676 2753 Constanti
698 2726 856 2761 imperatori
875 2726 954 2754 Occi-

1009 2313 1136 2349 δεύτερον
1151 2313 1355 2348 καταλαμϐάνει
1370 2314 1420 2348 τὴν
1439 2312 1559 2347 Ῥώμην,
1581 2311 1627 2338 καὶ
1648 2310 1801 2346 Ἀθανασίῳ

1010 2360 1103 2395 συνῆν.
1123 2359 1269 2395 ’Δναφέρει
1292 2359 1357 2393 γοῦν
1373 2359 1391 2386 ἃ
1409 2358 1537 2386 πέπονθοι
1557 2357 1596 2392 τῷ
1614 2357 1735 2392 Ῥώμης,
1753 2358 1801 2384 καὶ

1009 2404 1087 2438 αὖθις
1102 2408 1160 2438 τοῖς
1172 2406 1238 2442 παρ’
1248 2406 1342 2439 αὐτοῦ,
1354 2405 1395 2432 ἐτι
1410 2405 1439 2432 δὲ
1459 2405 1507 2432 καὶ
1523 2406 1579 2436 τοῖς
1591 2403 1770 2435 Κώνσταντος
1777 2405 1800 2420 ⁸³

1008 2453 1055 2479 τοῦ
1082 2453 1214 2488 βασιλέως
1239 2453 1440 2488 κατοχυρωθεὶς
1462 2452 1618 2486 γράμμασι,
1641 2451 1799 2487 παραυτίκα

1007 2508 1038 2526 τε
1048 2499 1072 2516 ’⁵
1086 2499 1209 2526 ἐπάνεισι
1220 2500 1267 2525 καὶ
1283 2499 1321 2534 τῷ
1335 2499 1427 2534 οἰκείῳ
1439 2498 1535 2533 Θρόνῳ,
1556 2496 1624 2532 μετὰ
1637 2497 1737 2531 πολλῆς
1750 2497 1798 2523 αὖ·

1007 2545 1055 2571 τὸν
1069 2545 1203 2580 θυμηδίας
1217 2544 1266 2579 τῆς
1280 2544 1384 2576 πόλεως
1395 2543 1609 2579 ὑποδεξαμένης,
1624 2542 1798 2577 ἐγκαθιδρύε-

1007 2599 1063 2618 ται.
1076 2591 1131 2617 Καὶ
1146 2590 1228 2617 πάλιν
1242 2589 1393 2625 περιοργὴς
1408 2590 1422 2616 ό
1434 2589 1634 2621 Κωνστάντιος,
1653 2588 1700 2615 καὶ
1717 2588 1798 2614 πάλιν

1008 2636 1173 2671 πρόσταγμα
1188 2637 1227 2668 εἰς
1239 2635 1388 2671 ὑπερορίαν
1402 2635 1468 2669 ἆγον
1482 2634 1527 2662 τὸν
1540 2633 1728 2669 ἁοίδιμον.Καὶ
1742 2633 1797 2668 γὰρ

1006 2682 1088 2709 τοῦτο
1109 2681 1257 2716 δεξάμενος
1278 2682 1292 2708 ό
1316 2680 1439 2716 ὕπαρχος
1455 2680 1588 2711 Φίλιππος
1608 2678 1725 2714 ὶξορίζει
1746 2678 1796 2712 μὲν

1006 2728 1052 2755 τὸν
1069 2729 1152 2762 ὅσιον,
1167 2727 1377 2764 ἀντικαθίστησι
1393 2720 1422 2754 δὲ
1435 2729 1470 2763 τῇ
1491 2726 1539 2753 τοῦ
1560 2725 1627 2753 Θεοῦ
1647 2724 1796 2760 Ἐκκλησία

788 2829 907 2857 VARIA".
935 2829 1138 2858 DECTIONES.

200 2871 223 2886 ⁷¹
241 2871 392 2912 Ἀντιόχοῄ
403 2874 462 2912 imo
477 2875 662 2912 Ἀλεξάνδρου.

167 2912 290 2934 στανςεου
307 2917 337 2940 ς.
382 2910 405 2926 ⁸⁵
422 2910 464 2946 τιι
479 2911 508 2938 δέ
525 2912 557 2940 A.
582 2910 636 2939 oin.
659 2913 686 2940 Ii.

717 2877 740 2893 ⁸ο
756 2877 927 2914 ἠδικηκότος]
945 2878 1012 2907 addc
1024 2879 1098 2906 ναοῦ.
1140 2879 1160 2894 ⁴¹¹
1177 2879 1352 2915 ἀποκατέστη
1377 2887 1406 2911 ς.

1446 2878 1469 2895 ⁸⁸
1484 2877 1568 2913 αὐτῆς,
1584 2878 1617 2905 Λ.
1670 2877 1693 2893 ⁸³
1711 2878 1790 2904 Knu-
