1945 3073
160 181 211 214 12-5

668 187 931 219 BIBLIOTHECA.
951 202 983 207 —-
1002 188 1084 219 COD.
1097 188 1231 220 CCLVII.

1730 183 1793 227 .136

157 238 205 263 τὸν
219 237 449 274 πνευματομάχον
465 239 642 269 Μακεδόνων.
658 241 740 278 [1424
748 242 795 278 IL]
811 242 848 270 Τδ
861 243 889 270 δὲ
902 243 951 278 τῆς

1006 242 1092 270 dentis
1103 243 1206 274 omnia.
1222 249 1285 277 qum
1303 242 1378 277 passi
1393 247 1496 276 essent,
1516 249 1638 272 narrant.
1655 244 1705 273 Hic
1718 251 1793 273 atro-

160 281 308 317 ὑπερορίας
317 283 367 309 οὒκ
381 284 414 310 ὲκ
426 284 474 310 τοῦ
488 285 625 320 ἐμφανοῦς
640 287 697 313 ἀλλ’
711 287 741 319 ἐξ
754 287 865 322 ἐνέδρας
879 296 946 322 προ-

159 327 254 361 ῆλθεν*
279 329 294 354 6
318 328 372 364 γὰρ
393 329 439 356 τοῦ
454 330 581 365 Ὀρέστου
593 335 616 350 ⁵⁸
634 335 732 371 φθόρος
746 336 769 352 ⁸⁸
792 336 946 372 σοφώτερον

160 373 350 410 κακουργῆσαι
368 375 414 402 τὸν
435 377 568 406 Φίλιππον
583 380 780 416 ἀπειργάσατο.
798 383 854 409 Καὶ
869 383 948 410 καλεῖ

161 420 210 464 μὲν
225 421 273 448 σὺν
287 422 353 458 τιμῇ
366 423 412 449 τὸν
424 423 471 450 τοῦ
486 423 553 451 Θεοῦ
567 426 697 462 ἀρχιερέα
712 428 751 460 είς
767 428 797 455 τὸ
822 428 945 464 λουτρὸν,

159 462 182 499 ᾧ
193 466 336 501 ἐπώνυμον
355 468 369 494 6
385 468 547 503 Ζεύξιππος,
558 471 596 503 ὡς
613 473 659 499 ἐπὶ
673 473 849 508 κοινωφελέσι
868 462 947 510 δῆθεν

160 513 208 538 καὶ
225 515 365 547 μυστικοῖς
383 514 548 550 βουλεύμασι
561 525 568 532 ⁵
591 518 717 545 κάκεῖθεν
741 520 781 552 είς
803 522 853 553 τὰς
869 520 947 556 βασι-

160 556 247 601 λείους
263 557 400 592 ἐκπέμπει
415 559 509 593 αύλὰς,
523 562 570 588 καὶ
589 562 623 589 δι’
635 564 725 591 αὐτῶν
745 565 774 592 ὲν
790 567 832 601 τῇ’
842 566 948 593 Θεσσα-

162 600 265 637 λονικῇ,
277 603 312 638 ἢν
322 604 370 631 καὶ
383 605 408 631 οἱ
420 605 501 633 αὐτοῦ
522 608 647 643 πρόγονοι
661 611 780 645 πατρίδα
795 609 878 648 εἶχον.
894 612 949 639 Καὶ

160 649 217 679 τοῖς
231 648 281 683 μὲν
289 649 337 684 τῆς
351 650 484 686 ἀνατολῆς
497 653 645 682 ἐπιϐαίνειν
660 656 771 691 μέρεσιν
784 658 948 691 ἐκεκώλυτο,

161 695 223 726 ταῖς
238 694 267 721 δὲ
282 696 497 731 πλησιαζούσαις
512 700 622 727 πόλεσιν
638 701 740 729 οὐκέτι.
756 703 811 729 Καὶ
827 704 841 730 6
855 704 950 730 δυσσε-

163 740 214 775 ϐὴς
235 742 401 775 Μακεῶνιος
423 747 623 782 στρατιωτικῆς
638 748 729 783 χειρὸς
749 749 948 785 ὑπηρετούσης,

163 786 210 813 καὶ
227 789 459 824 συνεποχούμενος
487 790 526 826 τῷ
546 792 670 828 ὑπάρχῳ,
695 795 734 826 είς
754 795 804 828 τὴν
820 794 866 821 τοῦ
881 795 949 822 Θεοῦ

163 833 310 869 ἐκκλησίαν
337 836 529 871 πᾶρεισδύεται
541 845 547 853 ·
568 839 616 865 καὶ
639 840 718 875 φόνος
736 841 840 876 γίνεται
855 842 948 875 πολὺς,

161 880 211 914 τῆς
220 879 370 916 διαφθορᾶς
382 882 423 913 είς
438 884 605 919 πεντήκοντα
619 885 667 912 καὶ
680 887 845 922 τρισχιλίους
859 896 950 923 παρα-

999 289 1041 315 cia
1060 296 1122 323 qua:
1135 289 1330 316 sustinuissent
1341 289 1474 316 attentius
1492 297 1554 316 cum
1569 291 1701 324 audisset,
1714 292 1791 320 fratri

1000 335 1105 367 scribit,
1118 339 1174 363 tres
1189 341 1218 362 ut
1229 335 1260 362 ad
1277 343 1308 363 se
1321 335 1577 371 lirientisrepiscopi
1593 338 1729 370 venirent,
1743 339 1792 373 qui

999 381 1133 407 rationem
1155 380 1298 407 redderent
1319 386 1412 406 eorum
1429 386 1490 414 qua:
1507 380 1638 408 adversus
1668 381 1792 409 Athana-

1000 423 1071 451 sium
1098 428 1126 450 et
1156 423 1269 450 Paulum
1299 423 1361 450 ausi
1392 422 1521 453 fuissent,
1536 429 1563 451 et
1585 425 1714 460 scriptam
1731 425 1793 453 ﬁdei

999 470 1199 505 professionem
1235 478 1288 497 una
1316 471 1454 498 afferrent.
1479 471 1622 498 Mittuntur
1646 480 1712 499 vero
1734 472 1793 507 epi-

1000 513 1076 549 scopi
1088 517 1216 548 qnatuor,
1235 514 1380 542 Narcissus
1401 514 1490 547 Cilix,
1502 514 1663 543 Theodorus
1688 516 1792 548 Thrax,

1000 560 1083 588 Maris
1113 559 1332 592 Chalcedonius,
1356 560 1445 588 Maras
1475 560 1571 596 Syrus.
1598 560 1629 588 Hi
1657 569 1711 588 non
1734 560 1794 589 ausi

1001 609 1113 635 fuerunt
1123 606 1249 634 conferre
1262 614 1401 634 sermones
1419 615 1481 634 cum
1493 607 1645 634 Athanasio
1655 611 1682 634 et
1695 606 1792 639 Paulo,

1002 654 1081 681 ﬁdem
1095 661 1160 681 vero
1177 661 1260 689 quam
1282 658 1361 681 erant
1384 653 1536 681 Antiochiae
1553 653 1671 688 professi
1701 653 1795 680 occul-

1001 704 1104 733 tantes,
1117 699 1254 734 aliamque
1265 704 1471 734 componentes.
1488 707 1548 734 quae
1564 703 1685 734 apertam
1701 705 1795 733 repre-

1003 745 1163 773 hensionem
1183 744 1323 780 effugeret.
1348 744 1395 772 sed
1416 749 1506 771 tamen
1520 743 1550 770 τὺ
1566 743 1719 778 ὁμοούσιον,
1735 751 1796 769 cou-

1002 790 1178 819 substantiule
1189 798 1241 818 non
1253 791 1458 823 conﬁterentur,
1466 789 1521 825 regi
1536 790 1647 816 tradunt
1659 789 1759 825 476a
1767 794 1796 816 et

1003 838 1072 866 nihil
1091 837 1208 873 amplius
1231 844 1319 872 neque
1334 841 1456 872 agentes,
1472 844 1560 870 neque
1576 836 1661 870 passi,
1676 842 1796 863 recessee
1811 836 1814 840 '

1004 888 1077 912 runt.
1104 883 1234 911 Triennio
1257 883 1377 915 evoluto,
1400 890 1509 910 rursum
1532 881 1654 910 Orientis
1674 880 1795 916 episcopi

162 924 302 960 ταθείσης,
316 927 364 954 καὶ
380 929 439 959 ταῖς
449 928 504 956 τῶν
517 930 690 965 Χριστιανῶν
706 934 824 967 σφαγαῖς
845 933 860 960 6
873 942 950 968 τρισ-

1006 930 1168 958 conveniunt
1185 950 1193 963 ,
1213 929 1350 963 aliamque
1371 929 1450 956 ﬁdem
1475 929 1637 960 decernunt,
1656 928 1796 956 etltalicis

163 971 303 1007 αλιτήριος
327 973 526 1008 ἐνθρονίζεται*
551 976 612 1003 καθ’
631 977 662 1004 ὃν
690 977 722 1014 δὴ
743 979 839 1014 καιρδν
864 979 911 1006 καὶ
936 981 950 1006 6

162 1017 351 1051 Κωνστάντιος
370 1019 418 1055 τὴν
438 1021 560 1058 μεγάλην
585 1024 733 1059 ἐκκλησίαν
751 1025 906 1060 (ἐπώνυμον
929 1025 951 1052 δ’

162 1062 232 1098 αὐτῇ
248 1064 264 1097 ὴ
279 1064 327 1091 τοῦ
348 1065 422 1092 Θεοῦ
442 1068 546 1103 σοφία)
566 1070 701 1104 νεουργεϊ.
724 1070 779 1096 Καὶ
795 1070 901 1102 Παῦλος
921 1071 952 1098 τὸ

161 1108 254 1143 τρίτον
277 1111 292 1136 δ
323 1109 466 1144 θεσπέσιος
496 1112 557 1148 μετ’
579 1113 670 1148 ὀλίγον
695 1116 736 1145 είς
760 1115 810 1150 τὴν
835 1115 951 1143 Ἰταλίαν

162 1155 364 1189 παραγίνεται·
387 1158 434 1184 καὶ
452 1158 612 1187 Ἀθανάσιον
631 1160 677 1187 τὸν
699 1160 829 1188 σύναθλον
849 1162 950 1193 λαϐὼν,

161 1201 386 1230 ἀναδιδάσκουσιν
408 1204 426 1231 ἃ
458 1206 608 1233 πεπόνθασι
636 1206 802 1234 Κώνσταντα
831 1208 877 1234 τὸν
902 1209 952 1243 τῆς

162 1245 282 1282 ἑσπέρας
298 1248 475 1283 βασιλεύοντα
485 1250 518 1278 ⁸⁷.
549 1250 578 1278 'O
600 1252 628 1278 δὲ
647 1253 682 1279 τὰ
695 1252 817 1288 ἑκθεσμα
840 1250 878 1280 ὥν
899 1253 951 1279 ὑπ-

1006 977 1126 1005 mittunt.
1140 977 1255 1004 Ministri
1272 976 1367 1012 synodi
1383 980 1461 1003 erant
1487 981 1553 1003 tunc
1575 975 1715 1003 Eudoxins
1728 974 1797 1002 Ger-

1006 1023 1105 1051 manias
1122 1023 1266 1058 episcopus
1277 1043 1285 1055 ,
1306 1022 1465 1057 Martyrius,
1481 1021 1655 1048 Macedonius
1672 1020 1798 1055 Mopsue-

1006 1070 1076 1097 stiae.
1090 1068 1243 1096 Declaratio
1254 1075 1349 1106 eorum
1360 1068 1423 1095 ﬁdei
1439 1068 1533 1095 eadem
1549 1071 1608 1094 erat
1616 1074 1678 1094 cum
1692 1066 1795 1101 priore,

1005 1116 1106 1144 additis
1133 1120 1223 1143 tamen
1255 1115 1394 1142 nonnullis
1420 1114 1544 1142 absnrdis
1563 1114 1590 1141 in
1610 1113 1673 1145 ﬁne,
1689 1113 1798 1147 longius

1005 1162 1212 1191 extendebatur.
1239 1161 1397 1189 Conventus
1424 1160 1536 1187 Patrum
1553 1159 1646 1187 Romte
1658 1159 1728 1186 hanc
1742 1166 1798 1184 non

1005 1208 1134 1243 suscepit,
1149 1207 1244 1235 dicens
1257 1207 1384 1235 sufﬁcere
1398 1207 1451 1234 sibi
1464 1206 1618 1242 symbolum
1641 1204 1702 1232 ﬁdei
1726 1203 1800 1240 quod

1004 1252 1103 1280 Niemaa
1118 1252 1258 1279 decretum
1276 1254 1359 1279 esset.

163 1293 283 1327 ἔστησαν
310 1295 506 1332 ἀκριϐέστερον
529 1298 668 1332 ἐκμαθὼν,
694 1298 796 1335 γράφει
827 1299 950 1337 τάδελφῷ
969 1301 1044 1336 τρεῖς
1064 1301 1130 1335 παρ’
1164 1298 1245 1325 αὑτὸν
1267 1298 1321 1324 ὰπδ
1341 1297 1393 1332 τῆς
1425 1297 1557 1332 ἀνατολῆς
1580 1295 1758 1326 ἐπισκόπους.
1774 1293 1799 1320 οἳ

162 1338 242 1372 λόγον
265 1340 379 1368 δώσουσι
397 1343 452 1370 τῶν
472 1353 503 1370 τε
520 1345 584 1380 περὶ
599 1344 758 1373 Ἀθανάσιον
781 1346 828 1373 καὶ
847 1346 952 1373 Παῦλον
972 1346 1154 1382 τολμημάτων
1167 1347 1214 1374 καὶ
1227 1347 1275 1382 τὴν
1292 1347 1341 1381 τῆς
1369 1345 1487 1376 πίστεως
1506 1344 1644 1379 ἔγγραφον
1681 1343 1800 1373 ἔκθεσιν,

163 1388 378 1422 παραγενέσθαι.
415 1390 620 1425 Ἐκπέμπονται
652 1392 685 1427 δὴ
706 1393 848 1428 τέσσαρες,
865 1393 1022 1428 Νάρκισσος
1039 1393 1053 1419 6
1066 1393 1089 1409 ⁸⁸
1100 1393 1189 1425 Κίλιξ,
1200 1393 1338 1427 Θεόδωρος
1349 1393 1364 1418 6
1394 1390 1479 1426 Θρᾲξ,
1496 1382 1594 1425 Μάρης
1611 1390 1633 1405 θ’
1652 1390 1666 1416 ὁ
1688 1389 1800 1421 Χαλκη-

163 1431 240 1476 ξύνος
253 1434 299 1460 καὶ
312 1435 411 1470 Μαρᾶς
422 1435 437 1461 6
449 1435 543 1472 Σύρος.
561 1433 641 1463 Οὗτοι
652 1438 708 1469 τοῖς
738 1437 804 1473 περὶ
832 1438 992 1465 Ἀθανάσιον
1008 1438 1056 1465 καλ⁸
1074 1438 1180 1464 Παῦλον
1206 1439 1246 1469 εἰς
1269 1438 1366 1471 λόγους
1390 1435 1478 1462 ἐλθεῖν
1494 1436 1544 1462 οὐκ
1558 1435 1715 1471 ἐθάρρησαν
1726 1442 1732 1449 ·
1750 1434 1801 1468 τὴν

165 1476 225 1496 θ’θθ
248 1477 292 1504 ὑπ’
308 1479 399 1506 αὐτῶν
425 1480 455 1506 ἐν
477 1482 509 1515 τῇ
527 1481 665 1516 Ἀντιόχου
686 1482 844 1510 ὲκτεθεῖσαν
863 1483 953 1510 πίστιν
973 1482 1191 1518 ἀποκρύψαντες,
1223 1482 1321 1517 ἑτέραν
1340 1482 1369 1508 δὲ
1387 1481 1529 1513 συνθέντες
1544 1480 1609 1517 [775
1642 1481 1688 1516 IL]
1704 1479 1735 1506 τδ
1752 1480 1803 1515 μὲν

165 1523 286 1560 ἐμφανὲς
309 1527 358 1560 τῆς
384 1525 559 1562 βλασφημίας
583 1528 747 1562 φεύγουσαν,
772 1529 806 1556 τὸ
834 1529 856 1556 δ’
885 1530 1048 1564 ὁμοούσιον
1064 1529 1095 1556 ού
1128 1529 1344 1563 πρεσϐεύουσαν,
1378 1527 1527 1555 ἐπιδιδόασι
1556 1527 1599 1562 τῷ
1614 1527 1731 1562 βασιλεῖ,
1755 1527 1804 1554 καὶ

164 1570 248 1597 πλέον
262 1571 284 1587 ⁹¹
301 1571 379 1598 οὐδὲν
395 1571 458 1599 οὔτε
470 1573 620 1608 δράσαντες
631 1573 694 1601 οὔτε
725 1575 857 1607 παθόντες
887 1575 1076 1611 ἀνεχώρησαν.
1101 1575 1228 1610 Τριετίας
1262 1575 1290 1601 δὲ
1309 1573 1512 1609 διαδραμούῖης
1526 1571 1607 1599 πάλιι
1631 1573 1656 1598 (ί
1674 1573 1724 1606 τῆς
1739 1573 1804 1598 ἀνα-

166 1619 247 1653 τολῆς
264 1618 496 1653 συναθροίζονται,
508 1621 555 1648 καὶ
574 1621 665 1648 πίστιν
677 1621 760 1657 ἀλλην
776 1623 953 1650 συντάττουσι
972 1623 1019 1649 καὶ
1046 1624 1102 1654 τοῖς
1117 1623 1146 1649 ὲν
1175 1622 1277 1657 Ἰταλίᾳ
1288 1622 1459 1657 ἐκπέμπουσι
1470 1629 1477 1637 ·
1493 1620 1611 1647 διάκονοι
1624 1620 1647 1646 δ’
1663 1617 1734 1654 ἦσαν
1753 1628 1802 1655 τοῦ

166 1665 356 1698 συντάγματος
377 1664 502 1696 Εὑδόξιος
524 1665 539 1691 6
552 1666 704 1700 τηνικαῦτα
720 1667 917 1702 Γερμανικείας
932 1668 954 1684 ἰ
987 1667 1135 1699 ἐπίσκοπος
1146 1668 1193 1694 καὶ
1204 1667 1362 1703 Μαρτύριος
1377 1667 1391 1694 ὃ
1405 1675 1435 1693 τε
1458 1665 1648 1700 Μοψευεστίας
1680 1665 1804 1697 Μακεδό,

165 1717 233 1741 νιος.
253 1710 286 1737 Ἦ
306 1708 336 1735 δὲ
357 1709 408 1744 τῆς
425 1710 542 1742 πίστεως
558 1712 648 1739 αὐτῶν
663 1712 770 1745 ἑκθεσις
789 1715 806 1749 ἡ
824 1714 893 1750 αὑτὴ
910 1714 959 1749 μὲν
975 1713 1009 1750 ἦν
1023 1714 1058 1742 τὰ
1069 1715 1136 1742 ἄλλα
1149 1716 1182 1751 τῇ
1197 1714 1405 1750 προεκτεθείσῃ.
1433 1712 1605 1748 προσθήκαις
1634 1712 1663 1739 δέ
1674 1720 1729 1739 τισι
1741 1713 1803 1744 ταῖς

165 1758 237 1785 κατὰ
262 1758 293 1785 τὸ
317 1758 394 1790 τέλος
422 1758 581 1791 ἀλλοκότοις
622 1761 663 1792 εἰς
700 1761 731 1787 τὺ
759 1762 927 1798 μακρότερον
954 1762 1111 1795 ἐξετείνετο.
1139 1763 1168 1790 '0
1195 1763 1224 1789 δὲ
1248 1763 1319 1789 κατὰ
1345 1763 1395 1797 τὴν
1435 1761 1545 1796 Ῥώμην
1567 1760 1622 1787 τῶν
1653 1760 1804 1796 ἀρχιερέων

169 1805 298 1840 σύλλογος
315 1806 419 1842 ταύτην
438 1807 469 1833 οὑ
490 1807 685 1842 προσεδέξαντο
695 1808 729 1840 ’⁸,
746 1808 891 1844 ἀρκεῖσθαι
924 1811 1040 1846 φάμενοι
1073 1809 1112 1845 τῷ
1143 1809 1271 1845 συμϐόλῳ
1295 1809 1346 1844 τῆς
1383 1809 1501 1839 πίστεως
1521 1807 1535 1833 δ
1553 1807 1570 1844 ἢ
1590 1808 1618 1833 έν
1634 1805 1736 1842 NW“?
1753 1807 1806 1833 ὕπ-

167 1852 282 1887 ηγόρευε
299 1852 418 1884 σύνοδος.

202 1896 317 1924 Οὖτωδὲ
337 1898 425 1926 πάντα
441 1899 562 1935 ταραχῆς
576 1902 745 1937 κατεχούσης
764 1902 813 1929 καὶ
830 1902 953 1936 ἀδιακρί-

1014 1910 1023 1923 ι
1043 1902 1090 1930 Sic
1110 1909 1172 1929 cum
1189 1901 1281 1928 omnia
1295 1900 1415 1928 tumultu
1442 1905 1655 1934 occuparentur,
1671 1903 1698 1926 et
1718 1898 1806 1926 indis-

169 1950 216 1968 του
234 1942 334 1976 ἔριδος,
351 1943 522 1978 κηρύσσεται
541 1945 650 1977 σύνοδος
673 1947 849 1982 οίκουμενικὴ
862 1947 957 1984 γνώμῃ

168 1987 222 2014 τῶν
244 1988 291 2015 δύο
324 1988 467 2023 βασιλέων,
495 1992 565 2025 μετὰ
582 1991 724 2019 ἑνδέκατον
754 1992 814 2024 ἔτος
839 1994 889 2028 τῆς
910 1993 958 2019 τοῦ

169 2034 368 2062 εὐσεϐεστάτου
389 2037 594 2064 Κωνσταντίνου
606 2037 746 2073 τελευτῆς.
765 2038 899 2074 Συνῆλθον
911 2037 958 2065 οὖν

169 2079 199 2106 ὲν
218 2080 336 2117 Σαρδικῇ
356 2082 388 2108 ὲκ
405 2083 455 2118 μὲν
473 2083 607 2119 Ἑσπέρας
617 2085 687 2120 ὑπὲρ
701 2086 764 2117 τοὺς
786 2086 959 2120 τριακοσίους

169 2126 346 2158 ἐπισκόπους,
366 2128 398 2155 ἐκ
413 2128 442 2155 δὲ
456 2129 506 2164 τῆς
525 2130 671 2167 Ἀνατολῆς
694 2131 723 2164 ἒξ
740 2133 871 2168 μόνοικα¹ι
886 2132 960 2159 ἐϐδο-

173 2172 306 2206 μήκοντα.
315 2173 370 2201 Καὶ
381 2174 405 2200 οἱ
414 2175 463 2210 τῆς
480 2175 566 2211 Ἐῴας
577 2178 632 2209 τοῖς
646 2179 677 2204 ἐκ
686 2179 793 2210 Δύσεως
807 2179 960 2214 είςόμιλίαν

172 2218 307 2245 συνελθεῖν
314 2219 363 2246 οὐκ
369 2221 506 2248 ἐπένευον·
516 2223 598 2250 καὶτὸ
606 2223 747 2257 αῖτιον,ὅτι
755 2224 859 2256 Παῦλος
868 2225 959 2257 αὐτοῖς

170 2264 217 2290 καὶ
236 2264 405 2299 ’Δθανάσιος,
420 2269 444 2294 οί
460 2269 510 2303 τῆς
524 2269 664 2302 εὐσεϐείας
673 2270 799 2306 ἀθληταὶ,
815 2272 958 2307 συνεδρία-

171 2309 227 2342 ζον.
243 2311 288 2343 Ὠς
297 2312 320 2338 δ’
331 2312 393 2339 οὔτε
403 2314 427 2340 οί
436 2314 485 2349 τῆς
496 2315 705 2348 εύσεϐείαςτοὺς
718 2317 782 2352 περὶ
799 2317 960 2345 Ἀθανάσιον

172 2357 404 2391 ἀπεσκευάζοντο.
423 2360 485 2386 οὔτε
498 2361 523 2387 oi.
546 2362 596 2397 τῆς
613 2363 746 2398 αἱρέσεως
760 2363 784 2380 ’⁸
809 2363 860 2398 τῆς
890 2364 960 2399 πρὺς

172 2402 238 2433 τοὺς
262 2402 380 2439 ἀθλητὰς
409 2404 509 2441 ἔχθρας
538 2406 685 2442 ὑπέληγον,
714 2407 960 2443 διασχίζονταιάπ⁹

172 2447 306 2484 ἀλλήλων.
338 2451 394 2477 Καὶ
422 2451 472 2486 τὴν
495 2453 524 2478 ἐν
549 2453 706 2489 Μακεδονίᾳ
730 2454 864 2481 Φιλίππου
883 2455 908 2480 oi.
931 2454 960 2487 ἐξ

172 2494 305 2530 ἀνατολῆς
317 2497 518 2530 καταλαϐόντες
530 2499 760 2535 συναθροίζονται,
777 2500 824 2526 καὶ
832 2499 962 2535 τηνικαῦς

172 2550 207 2567 τα
221 2542 263 2572 είς
275 2542 305 2568 τὸ
320 2542 442 2577 ἐμφανὲς
461 2544 691 2580 ἀναθεματίζουσι
706 2546 737 2572 τὸ
760 2546 913 2579 όμοούσιον.
929 2545 961 2572 Οἱ

1010 1955 1091 1974 cussa
1117 1945 1312 1977 contentione,
1329 1949 1495 1971 convocatur
1516 1943 1650 1979 generalis
1675 1942 1806 1978 synodus,

1010 1992 1146 2020 sententia
1172 1992 1289 2018 duorum
1317 1990 1513 2025 imperatorum
1541 1988 1688 2017 undecimo
1704 1996 1806 2015 annos

1010 2042 1098 2065 morte
1111 2036 1296 2064 Constantini.
1315 2035 1510 2063 Convenerunt
1522 2034 1604 2069 igitur
1620 2033 1757 2061 Sardicrm
1773 2041 1804 2059 ex

1009 2083 1156 2111 Occidente
1181 2090 1262 2117 supra
1293 2085 1429 2108 trecentos
1453 2080 1574 2115 episcopi
1597 2089 1604 2107 :
1634 2087 1668 2106 ex
1695 2079 1807 2106 Oriente

1010 2129 1098 2158 solum
1114 2137 1162 2157 sex
1175 2132 1203 2155 et
1216 2127 1400 2162 septuaginta,
1418 2131 1444 2153 et
1465 2125 1617 2153 Orientales
1637 2132 1699 2152 cum
1727 2124 1808 2151 Occi-

1009 2174 1164 2203 dentalibus
1175 2173 1323 2201 convenire
1342 2172 1499 2204 noluerunt,
1508 2171 1590 2206 idque
1603 2171 1654 2197 hac
1668 2170 1701 2197 de
1712 2177 1808 2202 causa,

1010 2220 1083 2256 quod
1113 2220 1214 2248 Paulus
1245 2224 1272 2246 et
1299 2217 1467 2245 Athanasius
1500 2216 1621 2243 veritatis
1649 2215 1808 2243 defensores

1010 2275 1073 2295 cum
1102 2266 1156 2293 illis
1179 2265 1337 2301 congregati
1369 2267 1471 2291 essent.
1499 2262 1567 2290 Cum
1582 2269 1647 2289 vero
1667 2269 1754 2296 neque
1771 2261 1808 2295 pii

1012 2312 1214 2341 Athanasianos
1255 2310 1416 2344 rejiccrent,
1453 2315 1541 2343 neque
1573 2308 1611 2335 illi
1650 2306 1810 2334 inimicitias

1011 2362 1107 2386 contra
1145 2357 1207 2384 ﬁdei
1242 2359 1459 2392 propugnatores
1498 2354 1665 2388 deponerent
1688 2373 1695 2385 ,
1725 2360 1740 2379 a
1781 2359 1810 2379 se

1012 2404 1128 2432 invicem
1145 2401 1274 2437 disiuncti
1304 2404 1377 2428 sunt.
1410 2398 1562 2426 Orientales
1601 2405 1698 2425 omnes
1744 2396 1811 2423 Phi-

1011 2449 1099 2483 lippos
1134 2446 1299 2474 Macedonim
1344 2444 1438 2471 urbem
1479 2442 1639 2470 accedentes
1654 2462 1661 2475 ,
1704 2441 1813 2476 publice

1011 2500 1122 2522 rursum
1144 2493 1354 2526 congregantur,
1372 2493 1399 2516 et
1422 2487 1458 2515 ibi
1471 2491 1564 2522 aperte
1578 2486 1734 2522 ὀμοούσιον,
1750 2494 1814 2512 con-

1015 2525 1210 2565 substantialei
1229 2525 1429 2562 exsecrantur:
1451 2532 1629 2559 Sardicenses
1665 2538 1731 2558 vero
1764 2531 1813 2558 al)-

171 2585 202 2612 δὲ
221 2587 251 2612 ὲν
266 2586 384 2623 Σαρδικῇ
411 2588 522 2621 τούτους
547 2577 597 2625 μὲν
620 2577 711 2627 ἐρήμῃ
734 2577 796 2626 δίκῇ
814 2590 953 2618 καταδικά-

1017 2590 1109 2613 sentes
1134 2582 1197 2610 illos
1222 2580 1426 2612 condemnant,
1448 2582 1625 2606 accusatores
1648 2577 1811 2607 Athanasii.

174 2630 262 2664 ζουσι,
279 2633 343 2663 τοὺς
358 2633 386 2659 δὲ
399 2635 569 2671 κατηγόρους
595 2634 754 2664 Ἀθανασὶου
773 2635 854 2673 [1425
868 2636 914 2672 R.]
927 2635 964 2668 ὡς

1019 2631 1098 2666 quasi
1118 2628 1331 2656 calumniatores
1351 2626 1530 2661 deponentes.
1549 2625 1627 2652 ﬁdem
1644 2624 1753 2651 Nicaeus
1769 2631 1814 2658 sy-

174 2679 348 2712 συκοφὰντας
358 2680 518 2714 καθελόντες
529 2683 578 2710 τείιν
593 2691 623 2710 τε
636 2684 665 2710 ὲν
679 2683 782 2719 Νικαίᾳ
797 2683 953 2718 κυρωθεῖσα

1022 2677 1093 2704 nodo
1118 2674 1308 2702 conﬁrmatam
1325 2671 1478 2704 stabiliunt,
1502 2671 1727 2706 contrariamque
1742 2677 1812 2696 ana-

796 2751 912 2780 VALL/E
938 2747 1083 2779 LECTION
1089 2746 1140 2775 ES.

209 2817 232 2833 ⁸⁸
245 2816 395 2856 ¹Ὀρέιι-ςτου]
414 2818 594 2856 Ἑρμογένους
611 2820 631 2847 Β
644 2825 671 2848 et
686 2821 799 2848 corr.A.
837 2820 859 2836 "‘
873 2819 983 2856 φθόρος]
990 2819 1069 2853 φόνος
1085 2818 1115 2846 Β.
1125 2855 1142 2856 ἡ
1189 2815 1301 2856 βασιλέα
1316 2815 1346 2842 Β.
1386 2812 1574 2856 ’ξιξῖάρκισξέξ
1586 2811 1639 2856 ’ξὲὀ
1653 2811 1684 2839 Β·
1721 2811 1817 2856 11M!“

175 2861 225 2888 ρης
239 2852 279 2880 At
297 2852 394 2888 Μάρις
403 2862 434 2885 ς.

488 2856 511 2871 ὀ
525 2855 538 2881 6
555 2861 618 2884 ante
633 2856 716 2891 Σύρος
731 2856 793 2884 add.
811 2856 843 2884 Δ.
893 2856 914 2872 νε

174 2888 306 2924 αίρέσεως
322 2890 383 2916 add.
403 2891 436 2917 A.

935 2857 1025 2882 πλεῖον
1043 2863 1073 2887 ς’.

1121 2855 1143 2871 θ’
1156 2847 1308 2890 Γερμανίας
1326 2859 1356 2883 ς.
1408 2849 1432 2866 ’⁸
1444 2847 1624 2883 προσεδέξατο
1646 2856 1679 2879 ς.
1726 2848 1749 2864 θ’
1764 2849 1814 2884 τῆς
