1945 3073
179 166 228 198 127
755 171 886 202 PHOTII
904 171 1154 203 PATRIARCH/E
1169 173 1223 204 CP.
1746 176 1796 209 128

177 224 290 252 themati
314 224 444 253 subdunt.
461 226 567 259 Quibus
587 228 687 256 auditis
703 228 858 258 Occidentis
874 230 943 263 illipe

1027 229 1102 255 είστιν
1114 229 1325 266 ὲπικρατύνουσι
1339 231 1386 258 καὶ
1399 232 1430 259 τὸ
1446 233 1572 268 ἀνόμοιον
1580 233 1795 269 ἀναθεματίζου-

178 275 253 297 rator
279 271 414 299 Constans
433 273 529 300 edocet
542 281 588 308 per
617 275 722 302 litteras
747 274 859 303 fratrem
881 285 946 305 suun

1027 269 1119 300 'tv.'0v
1133 273 1183 309 τὴν
1199 275 1300 309 γνῶσιν
1313 276 1327 301 ὁ
1336 275 1391 303 τῶν
1407 276 1558 314 Ἐσπερίων
1575 277 1704 312 βασιλεὺς
1717 279 1795 306 Κών-

176 316 417 348 Coi-stantium,et
432 323 524 347 monet
545 324 572 345 ut
597 319 685 348 amice
703 320 817 349 Paulum
838 323 944 351 etAtba

1028 328 1078 351 τας
1101 320 1190 347 λαϐὼν
1225 321 1396 349 ἀναδιδάσκει
1427 331 1458 349 τε
1480 323 1524 350 διὰ
1548 324 1720 360 γραμμάτων
1748 324 1796 353 τὸν

177 361 284 388 nasium
306 367 412 393 tractet.
440 371 530 398 neque
550 365 690 400 impediat,
714 374 770 401 quo
791 368 883 396 minus
904 369 944 397 sui

1027 365 1124 400 delebit
1146 367 1345 401 Κωνστάντιον,
1373 369 1419 395 καὶ
1443 371 1572 405 παραινεῖ
1592 370 1716 405 εὐμενῶς
1736 372 1795 399 δια-

176 407 286 435 sedibus
312 408 511 441 restituantur;
525 410 638 443 addens,
656 412 707 440 nisi
718 413 811 441 volens
823 413 898 449 justa
912 423 944 450 pe

1026 413 1119 440 ιεῐσθαι
1134 413 1203 448 πρὸς
1218 412 1324 440 Παῦλον
1339 414 1388 441 καὶ
1418 415 1588 450 Ἀθανάσιον,
1601 417 1648 443 καὶ
1663 417 1794 453 μηδαμῶς

177 453 241 480 tenti
272 458 385 486 annuat,
407 462 437 482 se
463 461 621 490 venturum,
641 462 668 485 et
693 458 738 485 illo
755 459 841 487 invito
862 460 908 495 jus
934 468 945 488 ε

1027 458 1104 490 ,ὐτοῖς
1131 458 1257 494 ἐμποδὼν
1283 459 1408 487 ἵστασθαι
1435 460 1505 496 πρὸς
1529 461 1578 497 τὴν
1606 462 1659 489 τῶν
1687 464 1795 490 οίκείων

175 505 284 532 :rquum
302 499 401 533 injuria
419 499 524 528 allectis
540 502 722 532 redditurum.
745 503 867 533 Metuens
879 505 943 541 igitu

1027 503 1232 531 ηποκατάστασιν
1259 504 1372 541 θρόνων,
1398 506 1554 540 προστιθεὶς
1578 507 1616 539 ὼς
1629 508 1653 524 ’⁵
1675 509 1699 535 εί
1723 509 1761 544 μὴ
1771 509 1795 526 ⁹⁶

176 543 264 570 minas
291 543 382 571 fratris
398 543 591 580 Constantius4
617 547 740 576 divinum
766 549 881 577 Paulum
906 559 942 578 no

1027 548 1083 576 κὼν
1096 550 1153 581 τοίς
1167 549 1281 581 δικαίοις
1296 550 1470 583 κατανεύσοι,
1490 551 1571 583 αὐτὸς
1590 552 1622 588 δὴ
1640 543 1795 588 παραγεγο-

175 589 314 624 prohibuit
339 590 366 617 in
389 592 501 625 proprio
519 593 677 628 episcopatu
700 595 827 627 residere,
845 595 942 631 ejusqu

1026 593 1064 625 ὼς
1078 594 1126 621 καὶ
1136 594 1248 626 ἄκοντος
1257 595 1287 622 τὸ
1300 595 1404 622 δίκαιον
1414 597 1471 627 τοῖς
1480 596 1657 632 ἠδικημένοις
1668 598 1793 634 ἀποδοίη.

174 635 388 663 commilitonem
409 636 589 665 Athanasium
607 639 701 667 multis
720 639 818 668 litteris
844 641 878 668 ad
893 649 942 669 δοες

1025 639 1106 673 ιείσας
1120 638 1167 667 οὖν
1183 641 1234 676 τὴν
1248 641 1294 668 τοῦ
1308 641 1424 676 ἀδελφοῦ
1441 642 1554 678 ἀπειλὴν
1564 643 1579 669 ό
1594 644 1793 677 Κωνστάντιος,

174 685 263 714 vocat,
286 687 313 709 et
335 682 487 710 venientem
510 683 625 712 libenter
643 686 769 720 suscipit,
792 694 824 714 ac
837 695 894 714 sua:
914 687 941 715 di

1026 686 1055 712 δν
1070 686 1120 721 μὲν
1134 687 1207 713 ὅσιον
1223 687 1327 714 Παῦλον
1341 689 1374 723 τῇ
1393 688 1448 724 ίδίᾳ
1464 689 1599 725 ἐπισκοπῇ
1615 690 1667 717 οὐκ
1679 690 1794 726 ἐπέσχεν

174 726 269 761 gnitati
285 727 412 755 restituit.
427 727 473 755 Sic
491 735 607 763 magnus
624 729 758 758 tumultus
778 732 889 759 sedatus
905 737 942 759 esl

1026 731 1191 766 νιδρύεσοαι,
1207 732 1252 758 τὸν
1265 732 1293 759 δὲ
1316 732 1447 760 σύναθλον
1477 733 1636 762 Ἀθανάσιον
1656 735 1794 771 διαφόροις

173 775 198 797 et
214 770 336 799 Ecclesia
356 780 421 800 suos
439 773 548 808 pietatis
566 779 784 810 propugnatores
797 775 894 812 adepta
913 776 941 804 l2

1026 778 1164 809 πιστολαῖς
1186 777 1264 804 καλεῖ
1287 778 1353 814 παρ’
1374 778 1466 811 αὑτὸν,
1480 779 1527 806 καὶ
1547 779 1669 814 εὐμενῶς
1683 770 1794 808 ἐλθόντα

175 819 231 843 tata
246 821 299 844 est.
1010 822 1188 858 προσδέχεται
1210 824 1258 851 καὶ
1281 823 1320 859 τῷ
1344 823 1438 859 οἰκείῳ
1455 824 1543 860 θρόνῳ
1564 825 1792 861 ἀποκαθίστησιν.

1009 867 1088 895 Οὕτω
1108 868 1157 904 μὲν
1171 869 1185 895 ό
1201 868 1286 901 πολὺς
1299 869 1418 904 τάραχος
1432 869 1572 905 ὲγαληνία,
1582 870 1631 897 καὶ
1643 871 1660 906 ἡ
1678 871 1796 907 Ἐκκληο

975 899 995 927 Β
1010 913 1055 940 σία
1066 899 1128 945 τους
1137 914 1187 949 τῆς
1200 899 1343 947 εὐσεϐείας
1354 899 1462 950 ἔὶαίρεν
1475 899 1575 951 εχὲυσᾷ
1589 899 1759 952 προμάχους.

207 957 304 994 4761)
349 959 417 987 Cum
458 965 548 988 autem
591 960 765 998 Magnentius
813 965 958 999 tyrannide

1043 959 1213 993 Μαγνεντίου
1221 960 1249 987 δὲ
1256 960 1395 996 τυραννίδι
1405 961 1567 997 ἐπιθεμένου
1575 963 1623 990 καὶ
1630 962 1793 990 Κώνσταντα

172 1010 319 1039 occuparet
335 1007 438 1038 omnia,
458 1011 486 1034 et
506 1007 683 1036 Constantem
700 1008 858 1038 Occidentis
873 1011 940 1046 impe

1025 1004 1054 1031 δν
1069 1004 1119 1040 τῆς
1131 1005 1251 1040 ἑσπέρας
1266 1005 1443 1041 βασιλεύοντα
1455 1007 1608 1040 ἀνελόντος,
1620 1007 1703 1036 πάλιν
1715 1009 1732 1044 ὴ
1744 1010 1793 1044 τῆς

174 1054 292 1078 ratorem
323 1053 515 1085 interemisset,
548 1054 646 1082 iterum
676 1056 785 1084 Arianae
812 1057 942 1092 impietati

1025 1048 1122 1083 Αρείου
1136 1048 1238 1085 λύσσης
1250 1050 1379 1083 καταιγὶς
1386 1051 1436 1083 τὰς
1444 1052 1492 1087 τῆς
1504 1052 1668 1088 οἰκουμένης
1680 1054 1793 1090 Ἐκκλη-

171 1097 288 1130 procella
311 1105 408 1126 omnes
429 1099 564 1126 Ecelcsias
586 1102 768 1135 perturbavit,
792 1107 819 1130 et
833 1103 939 1131 Athana

1023 1093 1070 1125 ’ίας
1081 1094 1223 1130 ἐτάραττε.
1248 1095 1304 1123 Καὶ
1328 1095 1424 1131 φεύγει
1450 1097 1501 1132 μὲν
1526 1097 1608 1125 πάλιν
1624 1098 1791 1133 Ἀθανάσιος,

171 1142 230 1169 sius
249 1150 358 1170 rursum
374 1144 452 1179 fugit,
467 1145 581 1180 ejusque
602 1146 693 1174 sedem
709 1147 861 1183 Gregorius
875 1150 939 1185 rapil

1023 1139 1073 1167 776
1091 1139 1139 1176 H.]
1156 1140 1273 1176 ἁρπάζει
1290 1142 1319 1168 δὲ
1342 1142 1389 1169 τὸν
1406 1142 1490 1170 αὐτοῦ
1512 1143 1608 1180 θρόνον
1631 1145 1791 1182 Γρηγόριος.

170 1191 199 1212 et
214 1186 356 1221 ablegatur
383 1188 486 1217 Paulus
507 1190 646 1219 Cueusum
670 1192 817 1226 Armenia},
849 1194 938 1229 pietati

1024 1185 1063 1212 ἰαὶ
1078 1185 1269 1222 ὑπερορίζεται
1293 1188 1398 1220 Παῦλος
1414 1189 1444 1216 ὲν
1457 1189 1606 1225 Κουκουσῷ
1619 1190 1669 1226 τῆς
1692 1191 1792 1227 ’Δρμε-

170 1236 366 1266 propugnator,
391 1238 418 1261 et
436 1234 628 1265 invadentibus
654 1242 738 1265 noctu
753 1237 845 1274 impiis
858 1239 938 1275 laqne

1025 1229 1077 1263 ίας,
1094 1231 1108 1257 ό
1120 1231 1168 1265 τῆς
1184 1231 1324 1264 εὐσεϐείας
1350 1232 1520 1269 ὺπέρμαχος,
1536 1235 1583 1261 καὶ
1599 1235 1637 1271 τῷ
1661 1235 1695 1262 δι’
1710 1236 1793 1272 ἀγχό-

169 1281 317 1313 martyrem
342 1280 475 1307 cilicium.
502 1281 677 1311 Macedonius
704 1283 937 1320 Constantinopoli

1024 1284 1068 1310 ης,
1085 1277 1140 1303 τῶν
1153 1277 1294 1305 δυσσεϐὦν
1307 1278 1416 1315 νύκτωρ
1426 1281 1656 1315 ὲπεισπεσόντων,
1671 1283 1791 1310 τελειοῦ-

170 1327 242 1351 tana'.
263 1324 394 1353 Ecclesia!
409 1328 509 1361 praesul
535 1330 725 1361 constituitur,
738 1336 763 1357 et
783 1332 938 1366 expelluntu

1023 1329 1051 1347 αι
1065 1322 1225 1358 μαρτύριον
1240 1324 1289 1350 καὶ
1302 1324 1492 1360 ἀντεισάγεται
1513 1327 1545 1362 τῇ
1568 1327 1791 1355 Κωνσταντινου-

168 1369 251 1397 etiam
264 1370 380 1399 aliarum
394 1371 578 1401 Ecclesiarum
594 1380 728 1409 pastores,
743 1376 876 1405 invadunt
888 1378 932 1413 lup

1023 1367 1087 1394 πόλει
1102 1367 1117 1394 ὁ
1130 1367 1262 1404 δυσσεϐὴς
1281 1370 1457 1403 Μακεδόνιος.
1478 1371 1534 1399 Καὶ
1561 1370 1724 1404 ὲξωθοῠνται
1741 1373 1791 1409 μὲν

169 1420 252 1450 atque
285 1417 459 1446 ethnicorum
496 1419 522 1447 in
550 1419 723 1449 Christianos
758 1421 937 1451 immanitatet

1022 1413 1054 1439 1a).
1068 1413 1122 1440 τῶν
1145 1414 1233 1442 ἄλλων
1260 1416 1429 1452 Ἑκκλησιῶν
1452 1417 1477 1445 οί
1501 1419 1640 1454 ποιμένες,
1657 1419 1790 1456 ἐπεισπη-

167 1459 317 1487 blacedonii
330 1461 406 1489 furor
420 1463 571 1491 obscurare
594 1464 698 1498 nititur,
716 1469 845 1500 totusque
857 1466 935 1494 Orien

1021 1458 1072 1485 ὦσι
1086 1458 1115 1485 δὲ
1129 1459 1154 1486 οι
1176 1460 1265 1487 λύκοι.
1290 1461 1346 1488 Καὶ
1373 1462 1423 1498 τὴν
1448 1463 1520 1490 κατὰ
1548 1464 1604 1491 τῶν
1618 1465 1789 1500 Χριστιανῶν

167 1506 241 1539 gravi
262 1507 417 1535 calamitate
433 1509 592 1542 involvitur,
614 1516 642 1537 et
656 1511 774 1539 maxime
793 1511 935 1540 Constanti

1023 1503 1148 1540 Ελλήνων
1160 1505 1290 1541 ὠμότητα
1303 1507 1320 1542 ἡ
1332 1507 1500 1535 Μακεδονὼυ
1522 1509 1606 1543 μανία
1626 1510 1790 1545 ἐφιλονείκει

166 1553 282 1586 nopolis.
307 1553 421 1586 Quando
437 1557 519 1582 etiam
534 1556 645 1591 Agelius
666 1556 881 1586 Novatianorum
897 1566 930 1594 ep

1025 1550 1224 1586 ποκρύψασθαι.
1238 1552 1292 1579 Καὶ
1301 1554 1376 1580 πᾶσα
1388 1554 1437 1589 μὲν
1449 1555 1464 1590 ἡ
1484 1555 1612 1590 Ἀνατολὴ
1626 1557 1684 1587 τοῖς
1695 1556 1791 1589 δεινοῖς

165 1605 277 1632 seopus,
306 1599 377 1633 quod
406 1601 548 1635 όμοούσιον
573 1601 758 1637 conﬁteretur,
775 1603 804 1630 in
828 1604 933 1631 exsiliut

1022 1595 1182 1631 ιεφθείρετο,
1200 1598 1217 1632 ὴ
1234 1598 1312 1631 πόλις
1326 1598 1354 1625 δὲ
1369 1599 1575 1628 Κωνσταντίνου
1586 1601 1657 1629 κατὰ
1669 1602 1700 1629 τὸ
1715 1602 1790 1635 ἐξαί-

166 1642 288 1676 pellitur,
305 1648 333 1671 et
352 1645 452 1672 malum
470 1650 530 1673 erat
553 1647 725 1680 incredibile,
743 1649 815 1683 quod
839 1657 893 1677 non
909 1657 934 1677 sc

1021 1651 1095 1675 ηετον,
1125 1643 1170 1670 ὅτε
1194 1644 1242 1671 καὶ¹
1275 1645 1395 1679 ’Δγέλιος
1414 1646 1429 1672 ό
1456 1646 1510 1673 τῶν
1527 1647 1706 1675 Ναυατιανῶν
1728 1649 1789 1676 ἐπί-

165 1686 221 1714 lum
237 1689 271 1716 ad
295 1683 440 1726 episcopos
454 1693 657 1726 extenderetur,
681 1695 728 1722 sed
752 1700 780 1722 et
796 1696 830 1723 ad
856 1697 933 1724 mulit

1024 1697 1116 1721 κοτιος,
1131 1688 1175 1717 οἷα
1189 1690 1221 1726 δὴ
1237 1690 1285 1718 καὶ
1301 1691 1383 1723 αὐτὸς
1394 1691 1425 1718 τὸ
1443 1693 1603 1726 όμοούσιον
1619 1694 1789 1730 πρεσϐεύων,

164 1741 209 1761 res
232 1740 259 1762 et
285 1743 400 1770 pueros,
421 1737 578 1773 quicunque
603 1739 754 1768 Macedonii
781 1743 932 1771 communit

1024 1734 1206 1771 περορίζεται.
1223 1737 1278 1763 Καὶ
1291 1734 1325 1773 ἦν
1347 1737 1494 1773 ἀδιήγητον
1508 1738 1539 1765 τό
1552 1739 1637 1766 κακόν
1648 1748 1655 1756 ·
1676 1740 1745 1776 ὅπερ
1758 1741 1788 1768 οὐ

163 1788 227 1807 nem
245 1789 299 1808 non
320 1782 503 1816 admitterent,
522 1792 552 1812 se
577 1784 682 1813 eﬂ'udit.
701 1787 789 1815 Ubera
806 1789 931 1817 mulierui

1022 1780 1101 1816 ,ἐχρις
1115 1781 1265 1817 ἀρχιερέων
1291 1783 1339 1810 καὶ
1358 1783 1453 1818 ίερέων
1466 1784 1488 1800 ’⁷
1510 1785 1633 1821 ὲκὲχυτο,
1649 1785 1718 1813 ἀλλὰ
1742 1786 1790 1813 καὶ

164 1827 192 1861 (ο
209 1826 387 1863 impietatem)
408 1830 543 1864 opereulis
569 1831 702 1859 cistarum
730 1834 899 1863 includentes
924 1844 932 1863 ι

1019 1828 1136 1858 ὐναῖκας
1149 1828 1197 1854 καὶ
1206 1827 1314 1860 παῖδας,
1327 1829 1385 1856 ὅσοι
1397 1829 1446 1865 τὴν
1459 1830 1628 1857 Μακεδονίου
1644 1832 1787 1858 κοινωνίαν

163 1872 388 1906 comprimentes,
404 1874 611 1907 exscindebant,
625 1876 679 1904 alia
692 1877 776 1912 ferro,
791 1879 844 1907 alia
859 1885 931 1913 autet

1021 1874 1195 1910 πετρέποντο,
1206 1874 1364 1910 ἐπενέμετο.
1377 1875 1485 1903 Μασθοὶ
1494 1876 1642 1912 γυναικῶν,
1652 1876 1674 1904 ὣ
1681 1877 1730 1913 τῆς
1738 1885 1788 1911 μα-

163 1913 222 1941 ovis
235 1915 336 1949 ignitis,
350 1925 468 1952 quorum
489 1918 638 1954 fragmenta
658 1920 751 1949 fasciis
767 1923 931 1952 involveham

1019 1919 1076 1952 ίαςι
1089 1919 1214 1947 κιϐωτῶν
1221 1920 1397 1956 καλύμμασιν
1410 1921 1608 1957 ἐμϐαλλόμενοι
1619 1931 1649 1949 τε
1660 1923 1707 1949 καὶ
1719 1931 1786 1958 συμ-

162 1966 336 1989 exusserunt.
356 1961 436 1990 Venit
459 1964 531 1991 enim
551 1965 642 1999 impiis
667 1966 694 1994 in
711 1972 841 2001 mentem,
865 1970 930 1997 etiat

1017 1966 1156 2002 πιεζόμενοι
1171 1967 1365 2004 ἀπεπρίζοντο,
1388 1968 1414 1995 oi
1437 1967 1467 1995 δὲ
1482 1968 1585 2005 σιδήρῳ
1595 1977 1601 1984 ·
1614 1969 1679 2001 τοὺς
1697 1969 1725 1996 δὲ
1739 1969 1785 1996 καὶ

162 2011 223 2038 quin
239 2005 336 2039 impios
352 2007 467 2041 gentiles
483 2013 577 2036 contra
594 2015 719 2037 naturam
735 2012 884 2046 excogitari
897 2021 930 2048 pu

1019 2014 1063 2046 »οἷς
1087 2015 1362 2051 πεπυρακτωμένοις,
1387 2015 1504 2048 ταινίαις
1523 2016 1594 2043 αὐτὰ
1613 2016 1670 2047 τοῖς
1682 2016 1787 2052 μορίοις

161 2048 211 2075 dor
237 2049 374 2078 humanus
392 2053 542 2087 prohibuit.
566 2054 693 2083 Extendit
714 2061 741 2084 et
760 2057 929 2086 crudelitatel

1018 2048 1189 2092 νελίττοντες,
1214 2048 1380 2088 κατέκαιον·
1396 2058 1448 2096 ἦκε
1473 2061 1527 2097 γὰρ
1550 2062 1606 2093 τοῖς
1631 2048 1786 2089 δυσσεϐέσιν

160 2094 187 2121 in
209 2095 420 2132 Paphlagoniam
439 2108 445 2126 :
462 2100 561 2127 multos
578 2101 650 2128 enim
680 2103 805 2131 audierat
823 2111 886 2131 eum
904 2112 928 2132 οι

1016 2108 1045 2134 πὶ
1054 2107 1117 2135 νοῦν
1125 2108 1173 2135 καὶ
1181 2109 1199 2135 ἃ
1207 2109 1269 2140 τοὺς
1278 2108 1375 2140 ἀθέους
1387 2094 1519 2143 Ἕλληνας
1532 2108 1603 2135 κατὰ
1614 2108 1665 2144 τῆς
1677 2108 1784 2143 φύσεως

160 2142 295 2170 tltodoxos
314 2149 371 2170 tum
394 2143 561 2173 Novatianos
578 2146 633 2174 illic
657 2155 757 2182 agere:
775 2154 803 2176 et
827 2154 928 2184 qualuo

1016 2155 1114 2181 πινοεῖν
1128 2154 1211 2187 αἰδὼς
1232 2154 1423 2192 ἀνθρωπίνηη
1441 2142 1622 2190 ἀνεχαίτιζεν.
1643 2142 1784 2181 ἺἘκτείνει

158 2188 285 2216 cohortes
308 2190 423 2217 militum
453 2197 623 2220 armatorum
653 2199 741 2228 parat,
768 2200 794 2223 nt
816 2196 926 2224 adverse

1016 2199 1027 2225 ὲ
1042 2199 1090 2236 τὴν
1108 2198 1210 2227 λύσσαν
1226 2188 1392 2232 Μακεδόνιος
1409 2201 1458 2227 καὶ
1474 2188 1521 2227 ἐπὶ
1537 2200 1587 2236 τὴν
1605 2200 1659 2227 τῶν
1675 2199 1784 2234 Παφλα-

157 2234 219 2261 illos
235 2235 420 2268 mitterentur,
435 2241 462 2264 et
476 2238 509 2265 ad
522 2238 688 2273 impietatem
701 2241 903 2275 suscipiendam
921 2250 925 2264 ι

1017 2234 1084 2271 όνων
1105 2244 1214 2280 χώραν·
1231 2245 1345 2277 πολλοὺς
1364 2246 1418 2281 γὰρ
1443 2234 1618 2281 ἠκηκόει-καὶ
1633 2245 1686 2271 τῶν
1708 2245 1785 2280 ὀρθο-

157 2286 295 2316 eogerent.
312 2281 446 2309 Mantintei
461 2285 630 2319 congregati,
653 2290 680 2313 et
696 2287 754 2314 zelo
768 2288 878 2323 pietatis
895 2287 922 2316 fa

1019 2290 1081 2323 ἄξων
1097 2291 1144 2317 καὶ
1153 2291 1207 2317 τῶν
1222 2292 1276 2319 ἀπὸ
1289 2291 1414 2319 Ναυάτου
1426 2293 1455 2318 ἐν
1470 2291 1538 2327 αὐτῇ
1552 2290 1702 2326 διατρίϐειν
1715 2298 1722 2305 ·
1739 2290 1787 2317 καὶ

156 2334 214 2359 eos,
229 2334 350 2360 secures,
368 2332 395 2355 et
417 2329 498 2356 obvia
520 2338 636 2366 qumque
651 2339 700 2366 pro
714 2333 798 2361 armis
811 2334 921 2368 arripiet

1017 2336 1078 2362 ἔσσα
1083 2345 1131 2371 ρας
1141 2337 1284 2372 φάλαγγας
1296 2336 1471 2373 στρατιωτῶν
1480 2336 1601 2363 ἐνόπλων
1609 2336 1785 2371 παρασκευά-

158 2376 210 2403 tus,
239 2372 372 2400 militibus
399 2382 429 2401 se
455 2374 600 2409 objiciunt,
625 2382 652 2404 et
682 2385 773 2414 pugna
794 2380 926 2407 emnmiss

1015 2391 1037 2409 ει
1054 2382 1184 2418 σταλῆναι
1201 2384 1261 2410 κατ’
1280 2383 1370 2410 αὐτῶν
1385 2384 1432 2410 καὶ
1455 2384 1511 2414 τοῖς
1532 2383 1624 2414 ὅπλοις
1639 2381 1783 2418 βιάζεσθαι

156 2415 234 2442 multi
249 2424 263 2442 e
279 2415 499 2451 Paplilagonibus
510 2420 684 2453 occiduntur,
703 2429 735 2449 ac
761 2422 861 2450 milites
879 2431 924 2458 pen

1017 2428 1064 2462 ρὸς
1088 2415 1138 2464 τὴν
1165 2429 1303 2457 ἀσέϐειαν.
1324 2429 1356 2456 Οἱ
1390 2429 1419 2456 δὲ
1436 2429 1507 2456 κατὰ
1520 2429 1551 2454 τδ
1580 2415 1744 2456 Μαντιναῖον
1762 2428 1784 2445 ”

155 2468 261 2489 omnes.
278 2461 341 2490 llsee
356 2468 472 2500 strages,
491 2471 518 2493 et
533 2466 599 2493 illud
616 2468 759 2502 impudens
775 2468 877 2496 laetum
890 2477 923 2497 no

1015 2461 1134 2505 ίκοῦντες
1148 2475 1187 2506 είς
1203 2475 1306 2509 πλῆθος
1321 2476 1478 2509 συστάντες,
1494 2475 1541 2502 καὶ
1551 2474 1624 2511 ζήλῳ
1640 2475 1690 2511 τῆς
1708 2475 1782 2502 εὐσε-

154 2507 244 2535 solum
266 2509 336 2543 apud
356 2517 402 2537 eos
424 2511 470 2546 qui
491 2511 585 2539 violati
603 2518 705 2546 essent,
725 2514 771 2541 sed
798 2514 879 2542 etiam
897 2524 922 2550 qI

1015 2520 1076 2552 ῖείας
1091 2521 1213 2556 δρέπανα
1239 2507 1287 2548 καὶ
1306 2521 1400 2553 ἀξίνας
1417 2507 1512 2548 καὶγτὺ
1537 2507 1694 2557 παρατυχόν
1714 2520 1783 2547 ὅπλα

153 2553 274 2586 ejusdem
287 2561 368 2582 seetse
377 2562 479 2591 essent,
489 2557 649 2586 Macedonio
661 2558 723 2593 jure
730 2560 834 2595 optimo
850 2561 921 2588 odim

1012 2566 1186 2601 ποιησάμενοι,
1206 2566 1487 2602 ἀντιπαρατάττονται
1514 2566 1570 2599 τοῖς
1593 2565 1780 2602 στρατιώταις,

152 2600 391 2636 conciliavit:quin
402 2609 428 2630 et
438 2604 527 2639 ipsum
539 2605 730 2639 imperatorem
742 2606 776 2634 ad
788 2607 920 2635 inimiciti:

1016 2610 1044 2637 αὶ
1053 2600 1189 2646 συμϐολῆς
1200 2600 1350 2646 γενομένης
1361 2611 1454 2639 πολλοὶ
1461 2613 1510 2648 μὲν
1519 2600 1718 2647 διαφθείρονται
1727 2610 1781 2637 τῶν

153 2648 408 2685 eounnovit.Neqne
418 2651 452 2678 ob
461 2658 521 2678 eam
534 2651 622 2678 solum
629 2659 751 2684 causam,
763 2661 856 2681 verum
863 2654 921 2681 etiai

1013 2655 1192 2690 Ιαφλαγόνων,
1199 2655 1253 2682 τῶν
1263 2655 1292 2682 δὲ
1303 2657 1479 2691 στρατιωτῶν
1492 2656 1562 2692 πλὴν
1571 2655 1667 2689 ὀλίγων
1675 2653 1684 2669 ⁸
1694 2653 1781 2679 ἃπαν-

153 2694 226 2728 quod
244 2702 346 2730 corpus
364 2697 536 2733 imperatoris
559 2697 732 2726 Constantini
758 2700 921 2735 piissimi(vi

1014 2709 1049 2733 ες.
1062 2700 1136 2737 Αὕτη
1150 2701 1240 2728 τοίνυν
1249 2702 1266 2736 ἡ
1282 2695 1424 2738 μιαιφόνος
1439 2703 1486 2730 καὶ
1497 2702 1673 2737 ἀναίσχυντος
1682 2697 1782 2734 πρᾶξις

778 2778 895 2807 νΑΒΙᾹΞ
920 2779 1122 2811 LECTIONES.

188 2845 263 2889 ’δ’ὡς
292 2854 348 2889 orn.
364 2846 394 2889 B_
447 2846 636 2889 {ﬁrmitati-ii
663 2848 710 2889 καί
736 2857 764 2881 ς.
827 2851 850 2866 ’⁷
871 2851 917 2878 καὶ
955 2851 1050 2887 ἱερέων
1082 2852 1145 2880 add.
1173 2854 1206 2881 A.
1261 2854 1283 2871 ’⁸
1302 2852 1460 2889 ἀνθρωπίνη
1482 2850 1503 2879 Β
1524 2858 1531 2867 ⁸
1555 2847 1725 2885 ἀνθρώπινος
1747 2854 1780 2882 ς-

157 2880 182 2896 "
196 2880 367 2916 Μειντηναῑον
381 2883 413 2908 Δ.
454 2882 460 2896 ¹
475 2880 573 2916 ὀλίγων
584 2880 634 2910 ΑΒ
647 2891 652 2910 :
669 2880 757 2918 ὀλίγον
774 2893 804 2916 ς.
