1945 3073
156 168 208 202 129

642 166 904 198 BIBLIOTHECA.
924 180 960 186 --
976 167 1057 198 COD.
1071 168 1208 200 CCLVII.

1728 166 1779 199 130

152 226 184 252 οὐ
200 224 276 260 παρὰ
292 224 348 251 τῶν
363 224 535 259 ἠδικημένων
553 223 644 259 μόνον,
660 224 787 250 ἀλλὰκαὶ
803 223 878 258 παρὰ
889 224 942 250 τῶν

995 225 1111 252 debatur
1135 225 1208 253 enim
1234 225 1374 260 templum,
1402 225 1428 252 in
1450 232 1505 260 quo
1520 225 1646 260 ἀποῦσι.
1669 225 1778 253 ruinam

152 272 261 303 οἰκείως
275 269 425 297 δοκούντων
438 270 510 304 ἔχειν
524 269 683 304 Μακεδονίῳ
708 270 786 304 μῖσος
811 269 941 304 ἀνήγειρε

153 316 269 348 δίκαιον,
284 315 354 344 ἀλλὰ
367 316 415 342 καὶ
438 315 519 342 αὑτὸν
536 315 582 342 τὸν
608 315 720 351 βασιλέα
738 315 856 342 διέσεισε
871 315 941 351 πρὸς

153 362 314 398 ἀπέχθειαν.
331 363 368 389 Οὐ
380 362 461 389 τοῦτο
471 361 500 388 δὲ
517 361 608 396 μόνον,
625 361 684 388 ἀλλ’
704 360 746 389 ὅτι
758 362 806 389 καὶ
815 361 846 388 τὸ
860 361 941 397 σῶμα

153 408 362 436 Κωνσταντίνου
376 408 424 435 τοῦ
442 407 575 443 βασιλέων
589 409 600 424 ⁸
622 407 820 435 εὐσεϐεστάτου
841 408 942 441 (ἐδόκει

152 454 208 489 γὰρ
221 455 236 481 ὁ
251 454 326 487 ναὸς,
345 455 373 481 ὲν
385 451 408 489 ᾧ
432 454 585 487 κατέκειτο,
602 454 685 488 ἐγγὺς
706 451 778 480 εἶναι
795 452 842 480 τοῦ
858 462 944 480 καται-

153 500 258 534 πεσεῖν)
274 500 364 527 λαϐὼν
378 501 442 528 ἄνευ
454 500 567 536 γνώμης
578 499 662 527 αὑτοῦ
685 501 725 532 είς
739 500 786 527 τον
797 500 844 527 τοῦ
859 499 940 534 ἁγίου

160 546 288 573 ’Δκακίου
305 546 374 573 νεὼν
390 547 565 582 μετεκόμισε,
583 545 664 583 [1628
671 545 717 581 IL]
730 546 778 573 καὶ
790 545 883 582 ἐπειδὴ
891 546 945 573 πᾶ-

155 600 199 618 σιν
214 592 229 627 ἠ
246 592 392 627 μετάθεσις
401 593 433 619 οὐ
448 593 595 624 συνεδόκει,
613 592 682 620 ἀλλὰ
705 592 811 624 πολλοῖς
833 592 941 619 ἀνόσιον

994 270 1104 303 minari)
1129 271 1276 305 accipiens,
1292 271 1352 298 sine
1368 270 1443 298 illius
1471 271 1586 298 consilio
1607 271 1634 297 in
1648 270 1780 305 templum

993 316 1081 344 sancti
1105 317 1195 344 Acacii
1216 317 1410 344 transtulisset.
1429 316 1551 351 Cumque
1564 316 1664 352 577a
1691 318 1782 343 omni-

993 362 1045 390 bus
1071 363 1130 390 hrec
1161 363 1304 391 translatio
1331 371 1386 390 non
1422 363 1551 397 placeret,
1567 370 1660 390 verum
1686 363 1781 390 multis

993 408 1108 443 impiutn
1137 408 1273 436 videretur
1302 414 1474 436 mortuorum
1507 416 1622 443 corpora
1651 408 1780 441 ellodere,

993 455 1169 489 maximeque
1193 454 1367 490 imperatoris
1400 454 1501 489 pietate
1524 455 1650 487 illustris,
1684 462 1781 489 magna

994 499 1084 526 editur
1104 504 1220 535 strages,
1238 504 1266 527 et
1288 500 1439 527 multorum
1467 505 1550 535 atque
1571 501 1640 528 adeo
1657 501 1782 535 gravium

997 544 1146 577 malorum,
1165 552 1227 579 qua
1258 552 1343 572 ausus
1371 544 1462 572 fuerat
1488 545 1672 578 Macedonius,
1700 552 1784 581 parva

996 597 1076 625 patna
1092 590 1224 618 multatus
1236 596 1289 624 est,
1304 591 1446 626 dignitatis
1464 591 1596 618 nimirum
1615 591 1780 626 privatione.

155 638 296 673 ἐνομίζετο
332 639 367 665 τὰ
378 639 433 665 τῶν
456 638 645 674 ἀποιχομένων
669 638 864 674 ἀνορύττεσθαι
884 637 1010 673 σώματα,
1027 636 1074 663 καὶ
1095 637 1156 663 τότε
1171 636 1304 671 βασιλέως
1321 638 1449 673 εὐσεϐείᾳ
1463 637 1681 672 διαλάμψαντος,
1703 637 1783 671 φόνος

154 685 242 720 ὲρρύη
257 684 350 715 πολύς.
368 685 422 710 Καὶ
432 684 487 710 τῶν
519 684 625 711 πολλῶν
641 684 690 712 καὶ¹
702 684 861 720 ἀνηκέστων
874 683 979 715 κακῶν,
1002 679 1040 709 ὧν
1053 682 1155 717 ἐτόλμα
1181 683 1358 717 Μακεδόνιος,
1376 684 1477 720 μικράν
1499 692 1560 710 τινα
1577 683 1655 710 δίκην
1668 684 1783 710 ἀπέτισε

159 731 210 767 τὴν
224 731 382 767 καθαίρεσιν
392 730 439 758 τοῦ
457 731 622 767 ἀξιώματος.

203 776 329 811 Ἑκράτει
339 776 362 802 δ’
375 773 422 803 οὖν
435 777 510 811 ὅμως
523 777 558 804 τὰ
592 775 697 812 Ἀρείου
711 775 745 803 δι’
769 775 834 811 ὅλης
845 783 876 802 τε
891 775 942 810 τῆς

1031 773 1217 802 Invalesccbat
1234 780 1326 803 tamen
1361 775 1462 803 Ariana
1487 775 1622 810 impietas,
1648 777 1782 812 quamdiu

156 822 347 850 Κωνσταντίου
363 822 514 858 βασιλείας.
533 823 581 850 καὶ
604 822 644 850 ἔτι
671 822 771 858 μᾶλλον
783 823 855 850 κατὰ
878 822 942 852 τοὺς

995 818 1169 847 Constantius
1191 821 1336 856 imperavit
1360 822 1501 857 :amplius
1529 831 1595 850 vero
1615 824 1783 858 temporibus

156 869 305 901 Οὐάλεντος
334 869 382 896 τοῦ
406 869 646 896 δυσσεϐεστάτου³
675 868 798 905 χρόνους,
828 869 882 900 ἕως
909 867 942 895 ἂν

995 864 1070 900 impii
1088 864 1220 900 Valentis,
1241 867 1331 895 donec
1361 868 1437 895 illum
1461 869 1554 896 divina
1571 869 1641 896 ultio
1666 871 1782 905 punivit.

157 915 258 941 ἐκεῖνον
277 915 326 949 μὲν
345 915 362 949 ἡ
379 914 439 941 θεία
466 914 581 950 μετῆλθε
604 914 667 951 [777
685 914 731 951 Η.]
746 915 821 950 δίκη,
846 914 941 941 Θεοδό-

157 968 214 986 σιον
236 960 264 986 δὲ
278 960 324 987 τδν
341 960 371 993 ἐξ
408 959 548 992 Ἱσπανίας
565 960 650 996 ψήφῳ
671 961 765 996 δικαία
791 960 940 996 Γρατιανοῦ

155 1006 203 1032 τοῦ
217 1005 252 1032 τὰ
267 1006 384 1041 ἑσπέρια
409 1006 587 1041 περιέποντος
602 1008 643 1038 είς
665 1007 711 1033 τὸν
740 1006 875 1042 βασίλειον
891 1006 942 1040 τῆς

163 1052 308 1089 ’Δνατολῆς
331 1053 426 1088 θρόνον
438 1053 596 1086 ἀνεϐίϐασε,
614 1053 661 1081 καὶ
684 1055 717 1089 τῇ
742 1053 880 1090 ὀρθοδοξίᾳ
908 1053 942 1079 δι’

157 1098 239 1125 αὑτοῦ
257 1098 288 1125 τδ
312 1099 414 1135 κράτος
440 1098 626 1134 ἐϐράϐευσεν.
658 1099 728 1126 Ἀλλ’
752 1099 824 1126 οὓτω
849 1099 898 1134 μὲν
924 1100 942 1134 ἡ

163 1143 268 1180 ’Δρείου
281 1145 388 1182 αἵρεσις
407 1145 457 1178 τὰς
479 1145 643 1181 Ἑκκλησίας
667 1146 714 1173 ἐπὶ
736 1146 942 1182 τεσσαράκοντα

157 1190 203 1226 ἔτη
216 1191 441 1226 κατανεμηθεῖσα
453 1193 487 1227 τῇ
502 1192 643 1219 Θεοδοσίου
661 1192 788 1228 εὐσεϐείᾳ
802 1191 941 1227 ἐξωστρά-

157 1245 261 1269 κισται,
278 1237 326 1264 καὶ
339 1237 369 1274 τὸ
386 1237 529 1272 ὸρθόδοξον
551 1239 607 1270 τοῖς
629 1238 739 1270 οίκείοις
757 1238 940 1265 ἐνεκαλλωπί-

157 1282 220 1313 ζετο
234 1282 430 1319 δικαιώμασιν.
453 1284 604 1319 Συγκροτεί
622 1283 687 1318 γοῦν
712 1285 727 1312 ὁ
752 1284 834 1316 αὐτὸς
853 1284 943 1319 θεοφι-

156 1328 288 1360 λέστατος
303 1328 430 1363 βασιλεὺς
454 1329 573 1363 σύνοδον,
600 1329 717 1365 μελέτην
729 1329 798 1365 ἔχων
818 1330 943 1362 καὶτοὺς

157 1373 212 1400 ἀπὸ
222 1372 394 1400 Μακεδονίου
413 1373 482 1409 πρὸς
497 1373 595 1400 ἕνωσιν
612 1376 780 1409 συναγαγεῖν
795 1376 852 1406 τοῖς
865 1374 943 1411 ὀρθο-

157 1418 263 1451 δοξοῦσι
275 1419 323 1445 καὶ
339 1419 521 1454 πρεσϐεύουσι
536 1419 567 1446 τὸ
578 1419 719 1454 ὸμοούσιον
729 1428 737 1436 ο
753 1420 794 1447 διὸ
807 1420 884 1447 καλεῖ
896 1421 943 1447 καὶ

157 1466 222 1496 τοὺς
236 1465 409 1501 προεστῶτας
426 1466 516 1493 αὐτῶν
531 1466 579 1501 τῆς
597 1465 739 1502 αἱρέσεως,
751 1468 798 1494 καὶ
813 1466 944 1502 συνῆλθον

158 1511 213 1546 τῶν
227 1512 440 1548 ὀρθοδοξούντων
451 1515 505 1542 ἀπὸ
519 1515 569 1551 μὲν
585 1517 788 1551 Ἀλεξανδρείας
799 1517 941 1553 Τιμόθεος,

997 911 1178 940 Theodosium
1206 917 1297 940 atttem
1323 913 1473 950 Hispanum
1488 915 1594 950 justum
1622 916 1781 952 suﬂ‘ragium

998 957 1132 990 Gratiani,
1153 957 1310 988 Occidentis
1334 961 1479 995 imperium
1503 963 1732 996 administrantis,
1749 963 1782 990 ad

996 1004 1088 1031 sedem
1111 1004 1313 1040 imperatoriam
1343 1008 1466 1041 provexit
1493 1007 1626 1040 Orientis,
1646 1013 1673 1036 et
1690 1009 1785 1037 ortho-

995 1049 1072 1078 doxa:
1091 1051 1152 1079 ﬁdei
1168 1060 1215 1087 per
1231 1052 1306 1080 illum
1321 1054 1495 1082 conﬁrmatio
1511 1054 1634 1082 invaluit.
1653 1054 1699 1082 Sic
1720 1055 1782 1090 qui-

996 1096 1055 1124 dem
1077 1098 1179 1125 Ariana
1210 1098 1322 1126 haeresis
1347 1099 1485 1128 Ecclesias
1506 1101 1541 1128 40
1559 1109 1647 1128 annos
1671 1108 1783 1132 vexans,

996 1143 1096 1177 pietate
1110 1142 1258 1172 Theodosii
1273 1145 1483 1179 exterminatur,
1497 1152 1524 1174 et
1540 1155 1608 1174 suus
1626 1147 1785 1174 orthodoxa:

996 1189 1057 1217 ﬁdei
1072 1190 1161 1219 honos
1173 1192 1306 1220 redditus.
1323 1192 1463 1221 Convocat
1473 1193 1555 1228 igitur
1566 1195 1712 1222 concilium
1723 1195 1784 1229 pius

996 1233 1158 1269 imperator,
1183 1236 1320 1264 meditans
1346 1241 1373 1264 et
1401 1237 1614 1265 Macedonianos
1639 1239 1785 1266 conciliare

996 1278 1166 1312 ortltodoxis,
1181 1284 1208 1306 et
1227 1280 1274 1315 qui
1294 1281 1602 1309 consubstantialitatem
1622 1283 1786 1310 conﬁteren-

998 1327 1051 1350 tur.
1075 1323 1258 1356 Quamobrem
1283 1325 1373 1360 capita
1399 1326 1589 1354 ltmreticorum
1604 1333 1747 1359 convocat,
1758 1332 1786 1356 et

996 1376 1185 1398 convenerunt
1207 1379 1223 1399 e
1244 1373 1399 1406 catltolicis,
1419 1373 1583 1402 Alexandria
1603 1375 1711 1409 quidem
1736 1374 1784 1402 Ti-

997 1416 1136 1449 motheus,
1168 1417 1366 1453 Hierosolymis
1390 1426 1456 1446 vero
1486 1419 1614 1455 Cyrillus,
1641 1420 1785 1448 Antiochia

997 1460 1137 1495 Meletius,
1166 1461 1316 1497 Gregorius
1350 1462 1560 1498 Nazianzenus,
1590 1464 1785 1493 Thessalonica

997 1507 1140 1540 Achillius,
1156 1508 1242 1544 Nyssa
1263 1508 1428 1545 Gregorius,
1446 1514 1473 1538 et
1497 1510 1544 1538 alii
1564 1511 1694 1546 plurimi,
1715 1520 1786 1546 quo-

157 1556 188 1590 ὲε
206 1557 399 1594 Ἰεροσολύμων
422 1561 451 1588 δὲ
476 1561 621 1598 Κύριλλος,
641 1563 771 1594 Μελέτιος
801 1563 823 1590 δ’
837 1564 866 1597 ἐξ
886 1564 941 1590 Ἀν-

998 1562 1057 1581 rutn
1090 1562 1220 1583 numerus
1242 1556 1275 1583 ad
1302 1561 1412 1584 centum
1433 1557 1632 1593 quinquaginta
1654 1559 1784 1586 excrevit.

158 1604 287 1639 τιοχείας,
304 1605 454 1642 Γρηγόριός
463 1616 493 1634 τε
509 1609 598 1644 παρῆν
614 1609 628 1636 ὀ
643 1609 785 1644 Θεολόγος,
800 1609 847 1637 καὶ
868 1610 944 1645 Ἀχό-

158 1647 214 1680 λιος
226 1649 238 1664 ⁸
255 1649 271 1676 ό
285 1649 494 1687 Θεσσαλονίκης,
508 1653 556 1679 καὶ
570 1654 584 1680 ό
599 1653 709 1690 Νύσσης
730 1655 881 1690 Γρηγόριος
897 1655 945 1682 καὶ

158 1693 232 1720 ἄλλοι
244 1694 337 1722 πολλοί
348 1703 356 1712 ”
369 1698 541 1732 πεντήκοντα
554 1698 602 1726 καὶ
621 1700 720 1727 ἑκατὸν
730 1698 802 1736 ἦσαν
818 1701 909 1727 αὐτῶν
930 1702 945 1728 ὸ

158 1740 213 1771 πᾶς
228 1740 368 1775 σύλλογος.
381 1743 434 1770 Τοῦ
446 1744 468 1770 δ’
482 1744 622 1780 αἱρετικοῦ
635 1745 745 1780 στίφους
760 1746 853 1781 ἡγεῖτο
867 1747 918 1782 μὲν
931 1748 946 1774 ό

159 1784 279 1817 Κυζίκου
297 1785 431 1820 Ἐλεύσιος
439 1791 487 1816 καὶ
499 1790 657 1824 Μαρκιανὸς
669 1791 683 1817 ὸ
695 1791 846 1826 Λαμψάκου
854 1792 901 1818 καὶ
913 1793 927 1819 ὁ
935 1791 945 1807 ¹

165 1830 280 1865 Ἐφέσου
295 1832 409 1868 Εὑήθιος
423 1834 470 1860 καὶ
480 1834 556 1862 ἄλλοι
570 1835 652 1868 τινὲς,
666 1836 707 1868 είς
714 1836 760 1863 τὸν
769 1835 853 1869 ἓξκαὶ
865 1837 944 1872 τριὰ-

159 1886 242 1906 κοντα
253 1879 265 1896 ⁶
274 1881 556 1917 συγκεφαλαιούμενοι
568 1883 694 1919 ἀριθμόν.
703 1884 846 1921 Παρῄνουν
857 1885 889 1920 δὴ
898 1885 946 1920 βα-

161 1924 250 1957 σιλεύς
257 1933 287 1952 τε
295 1926 389 1958 αὐτὸς,
395 1928 440 1954 καὶ
446 1928 507 1954 ὅσον
518 1928 668 1964 ὀροόδοξον,
675 1930 738 1962 τοὺς
743 1931 792 1966 τῆς
804 1932 945 1967 αίρετικῆς

160 1970 260 2006 μοίρας
271 1972 410 1999 συνελθεῖν
417 1973 457 2005 είς
472 1974 663 2010 ὁμοφροσύνην
673 1976 719 2003 καὶ
733 1977 907 2004 ἀσπάσασθαι
915 1978 946 2005 τὸ

158 2016 313 2050 ὸμοούσιον,
326 2017 365 2049 ὡς
385 2018 432 2045 καὶ
456 2019 540 2055 χωρὶς
554 2022 745 2057 παραινέσεως
766 2022 947 2058 διαπρεσϐευ-

159 2062 296 2096 σαμένους
305 2063 404 2096 αὐτοὺς
411 2065 421 2081 ⁷
431 2065 537 2093 οἴκοθεν
545 2066 614 2102 πρὸς
620 2066 748 2102 Λιϐέριον
758 2068 891 2104 πρότερον
899 2069 948 2096 καὶ

158 2107 335 2144 ὰνομηλογείν
349 2110 550 2146 ὑποσχομένους
563 2112 594 2139 τὸ
616 2113 768 2147 όμοούσιον,
786 2115 941 2151 ὑπομιμνή-

159 2162 270 2186 σκοντες
284 2155 322 2187 ὡς
333 2156 381 2182 καὶ
395 2157 445 2189 τὴν
460 2157 514 2184 τῶν
529 2157 676 2193 ὀρθοδόξων
690 2161 832 2187 κοινωνίαν
840 2161 941 2188 αὐτεπ-

157 2200 500 2238 άγγελτοιπροσεδέχοντο.
512 2204 549 2230 Τὸ
568 2204 592 2232 δ’
610 2206 758 2241 αίρετικὺν,
768 2206 821 2233 τῶν
832 2207 944 2235 δικαίων

157 2246 280 2282 ἐλέγχων
294 2248 342 2274 καὶ
352 2248 449 2282 φιλανθ
455 2249 553 2284 ρώπων
562 2252 750 2285 παραινέσεων
758 2253 854 2280 οὐδένα
867 2255 945 2290 ποιή-

159 2300 256 2324 σαντες
267 2293 357 2327 λόγον,
378 2294 429 2329 τῆς
452 2296 556 2327 οἰκείας
581 2296 740 2330 δυσσεϐείας
755 2299 786 2325 οὐ
808 2299 942 2334 μεθίεντο.

164 2338 354 2366 Ἐκϐἀλλονται
378 2338 425 2367 οὖν
449 2341 493 2368 διὰ
517 2342 596 2369 τοῦτο
610 2343 656 2370 καὶ
668 2344 716 2370 τοῦ
744 2346 882 2381 συνεδρίου
897 2347 944 2373 καὶ

157 2385 206 2420 τῆς
223 2385 328 2418 πόλεως
340 2394 347 2401 ·
363 2387 410 2413 καὶ
436 2389 453 2423 ἡ
477 2388 586 2420 σύνοδος
609 2392 758 2424 χειροτονεῖ
772 2392 818 2417 τὸν
836 2392 944 2420 Νεκτά-

158 2440 226 2467 ριον,
244 2433 426 2467 συγκλητικοῦ
445 2434 495 2469 μὲν
517 2436 632 2470 αἵματος
649 2437 721 2469 ὕντα,
735 2437 784 2473 τὴν
795 2438 843 2465 τοῦ
858 2439 943 2474 πραί-

157 2485 243 2512 τωρος
254 2478 267 2494 ⁸
282 2478 310 2504 δὲ
327 2479 484 2514 χειρίζοντα
499 2481 598 2516 ἀρχὴν,
612 2482 659 2508 τὸν
684 2483 785 2518 τρόπον
808 2483 837 2510 δὲ
856 2485 942 2512 ἐπιει-

157 2525 299 2556 κέστατον,
313 2524 347 2551 δι’
368 2523 398 2551 ὃν
417 2526 464 2552 καὶ
489 2526 610 2561 μάλιστα
633 2527 814 2564 ἐθαυμάζετο.
834 2529 943 2558 Βεϐαιοί

156 2569 178 2595 δ’
196 2570 212 2604 ἠ
231 2570 299 2602 ἁγία
319 2570 426 2603 σύνοδος
442 2571 513 2608 αὕτη
528 2573 575 2600 καί
602 2573 636 2608 ἢν
650 2574 667 2608 ἠ
684 2574 714 2600 ὲν
729 2574 832 2610 Νικαίᾳ
856 2576 944 2602 διετυ-

157 2615 269 2641 πώσατο
287 2615 406 2648 πίστεως
435 2617 553 2644 ἔκθεσιν.
567 2619 622 2645 Καὶ
649 2618 796 2654 σύμψηφος
820 2621 906 2647 πᾶσιν
928 2621 943 2648 ὸ

157 2658 283 2693 βασιλεὺς
304 2661 420 2695 γίνεται,
442 2662 491 2689 καὶ
504 2663 666 2699 ἀνακομίζει
688 2664 758 2700 μετὰ
774 2665 872 2692 πολλοῦ
894 2666 941 2694 τοῦ

157 2705 330 2742 σεϐάσματος
340 2708 387 2735 καὶ
397 2708 505 2736 Παύλου
516 2709 563 2736 τοῦ
577 2710 746 2746 ὁμολογητοῦ
761 2711 791 2738 τὸ
802 2711 830 2738 λε
837 2711 940 2747 ίψανον.

995 1600 1134 1629 Hareticae
1154 1609 1219 1629 vero
1234 1603 1321 1630 turba:
1343 1608 1459 1638 praeerat
1472 1603 1600 1632 Eleusius
1621 1603 1784 1639 Cyzicenus,

995 1646 1151 1675 Marcianus
1166 1647 1383 1684 Lampsacenus,
1401 1649 1533 1678 Evethius
1556 1649 1703 1686 Ephesius,
1724 1650 1786 1678 alii-

995 1701 1048 1728 que
1074 1689 1222 1726 nonnulli,’
1237 1702 1355 1729 quorutn
1373 1703 1518 1723 numerum
1544 1704 1594 1724 sex
1620 1702 1648 1724 et
1674 1696 1785 1731 triginta

995 1739 1177 1774 complebant.
1204 1740 1391 1770 Hortabantur
1414 1743 1562 1776 imperator
1590 1744 1662 1778 ipse,
1690 1748 1718 1770 et
1738 1744 1785 1771 alii

995 1787 1138 1814 orthodoxi
1153 1787 1306 1821 haereticos,
1318 1789 1404 1822 ut,illa
1416 1788 1535 1817 factione
1544 1790 1647 1823 relicta,
1660 1791 1694 1818 ad
1703 1791 1784 1818 unio-

996 1839 1057 1858 nem
1084 1833 1278 1866 convenirent,
1306 1839 1333 1862 et
1359 1835 1513 1870 ὁμοούσιον,
1547 1836 1785 1871 οοηειιίιειαηείαίε,

996 1877 1237 1911 amplecterentur,
1255 1881 1488 1915 quemadmodum
1511 1886 1538 1909 et
1561 1887 1651 1913 antea,
1678 1882 1785 1910 nemine

997 1921 1134 1956 hortante,
1148 1923 1241 1951 missis
1256 1925 1289 1952 ad
1304 1924 1443 1955 Liberium
1460 1927 1568 1962 legatis,
1584 1927 1696 1961 polliciti
1707 1932 1785 1955 erant

997 1967 1172 1997 confessums
1183 1977 1214 1998 se
1227 1978 1280 1998 una
1292 1971 1444 2006 ὁμοούσιον,
1461 1972 1487 2000 in
1500 1973 1660 2000 memoriam
1675 1973 1784 2001 interim

997 2014 1160 2048 redigentes,
1185 2016 1256 2043 ultro
1276 2017 1350 2051 ipsos
1370 2019 1592 2046 communionem
1613 2026 1674 2046 cum
1690 2019 1786 2046 ortho-

998 2059 1076 2088 doxis
1096 2061 1251 2089 admisisse.
1267 2062 1392 2090 Hmretici
1408 2071 1484 2096 Vero,
1495 2065 1576 2098 justte
1592 2065 1784 2099 reprehensio-

998 2105 1042 2133 nis
1067 2110 1093 2133 et
1119 2107 1198 2135 bona:
1225 2108 1422 2138 admonitionis
1451 2110 1524 2138 nulla
1551 2111 1643 2138 habita
1666 2111 1783 2145 ratione,

998 2159 1075 2179 suam
1091 2153 1259 2188 impietatem
1271 2162 1325 2182 non
1340 2156 1520 2190 reliquerunt.
1534 2155 1651 2191 Ideoque
1665 2157 1786 2186 concilio

999 2199 1146 2233 ejiciuntur
1162 2205 1190 2228 et
1204 2201 1282 2232 urbe,
1308 2202 1511 2237 conciliumque
1526 2209 1600 2230 creat
1613 2201 1786 2236 Nectarinm,

998 2245 1126 2272 senatorii
1148 2246 1258 2280 quidem
1279 2247 1438 2283 sanguinis,
1463 2248 1637 2283 episcopum,
1659 2249 1784 2277 moribus

998 2290 1144 2322 facillimis,
1164 2292 1198 2319 ob
1213 2300 1283 2327 quos
1305 2294 1423 2321 maxime
1444 2294 1596 2322 colebatur.
1613 2294 1676 2322 Haec
1689 2299 1786 2323 autem

996 2338 1117 2374 synodus
1144 2338 1242 2374 4771]
1261 2339 1340 2368 tidem
1361 2341 1388 2368 in
1414 2340 1521 2369 Nicaana
1534 2341 1699 2376 publicatam
1715 2349 1786 2369 cono

996 2385 1097 2412 ttrmat.
1112 2384 1214 2413 Probat
1235 2386 1325 2414 omnia
1349 2387 1508 2422 imperator,
1527 2393 1555 2416 et
1575 2390 1688 2424 perferri
1703 2395 1783 2418 curat

996 2438 1094 2465 magna
1113 2439 1174 2459 curn
1191 2433 1345 2460 reverentia
1369 2434 1499 2469 reliquias
1516 2437 1602 2464 sancti
1619 2436 1696 2465 Pauli
1716 2445 1782 2465 com

994 2476 1106 2505 fessoris
1127 2486 1134 2504 :
1153 2484 1181 2506 et
1199 2479 1322 2514 episcopi
1341 2485 1478 2516 quotquot
1498 2482 1612 2510 aderant
1637 2490 1690 2511 una
1716 2492 1782 2511 cum

991 2525 1129 2558 Nectario,
1151 2527 1231 2562 longe
1246 2531 1321 2554 extra
1342 2527 1540 2557 Chalcedonam
1557 2531 1664 2558 obviam
1682 2539 1778 2566 proce-

992 2573 1070 2604 dunt,
1088 2573 1229 2608 multoque
1248 2578 1331 2601 cantu
1347 2579 1375 2602 et
1405 2576 1539 2603 comitatu
1558 2578 1729 2613 suscipiunt,
1751 2585 1780 2607 et

992 2627 1041 2654 per
1059 2620 1174 2646 mediam
1191 2620 1286 2647 urbem
1303 2628 1404 2656 corpus
1427 2621 1556 2655 ferentes,
1571 2623 1739 2652 collorartmt
1751 2625 1784 2654 in:

996 2666 1111 2693 ecclesia
1123 2671 1224 2694 sanctae
1243 2667 1335 2694 lrenes
1347 2667 1464 2696 nominis
1476 2668 1592 2704 antiqui,
1614 2677 1695 2705 quam
1708 2670 1783 2698 Con-

995 2713 1112 2740 stantius
1126 2713 1272 2748 imperator
1288 2713 1315 2741 itt
1334 2714 1504 2743 latitudinem
1519 2720 1547 2743 et
1565 2717 1782 2752 magnitudinem

783 2789 904 2819 VARIE
931 2790 996 2821 LEC.
1006 2791 1134 2820 flONES.

189 2857 199 2871 ‘
212 2854 343 2898 βασιλέως
358 2864 389 2888 ς.
403 2891 410 2898 Δ
428 2856 438 2872 ³
450 2854 598 2888 δυσσεϐοῦς
612 2864 642 2888 ς.
681 2856 692 2872 ⁸
713 2856 843 2893 Ἀχίλλιος
855 2868 886 2891 ς.
925 2861 935 2876 ⁵
949 2860 963 2886 ὀ
974 2864 1037 2888 ante
1057 2859 1171 2896 Ἐφέσου
1188 2868 1243 2889 om.
1261 2862 1294 2889 A.
1330 2862 1339 2878 ‘
1355 2863 1513 2898 τριακοστόν
1528 2863 1559 2890 Α.

157 2890 167 2906 ⁵
183 2891 327 2927 πραίτορος
341 2899 383 2926 pr.
395 2891 428 2920 Δ.

1610 2864 1620 2879 ⁷
1633 2866 1723 2899 αὐτοῖς
1739 2867 1775 2896 Α.
