1945 3073
175 157 224 191 131

751 160 881 191 PHOTII
901 159 1152 190 PATRIARCHJE
1169 159 1221 190 (ΖΡ.

1747 159 1795 190 132

174 227 191 245 e
209 225 293 253 parva
316 217 455 250 excitavit,
473 218 518 245 cui
547 223 575 246 et
591 217 694 246 Paulus
717 219 875 254 aliquandiu
893 225 963 254 prie-

1019 218 1070 244 Καὶ
1086 217 1227 245 ἀπαντῶσι
1243 218 1254 234 ⁸
1267 216 1322 244 τῶν
1339 216 1496 244 ἐπισκόπων
1512 225 1560 244 συν
1571 217 1594 233 ¹⁹
1606 216 1680 252 αὐτῷ
1694 217 1802 244 Νεκτα-

174 264 274 293 i‘uerat.
287 268 314 291 et
326 268 408 290 totam
423 268 530 291 noctem
548 265 675 292 cantibus
695 265 890 300 transigentes,
905 272 964 292 ma-

174 318 209 338 ne
225 311 323 338 iterum
339 315 395 337 tota
417 311 514 339 civitas
528 311 628 346 :equali
647 311 751 338 honore
776 316 803 338 et
823 311 919 346 gloria,
936 312 962 338 in

173 357 315 385 ecclesiam
336 364 396 392 quze
419 365 493 385 nunc
515 358 549 384 ab
563 357 608 384 illo
629 357 819 392 cognominata
837 362 889 390 est,
903 365 965 384 om-

174 403 257 430 nibus
275 403 424 438 episcopis,
447 408 475 430 et
497 404 582 435 clero,
604 408 631 430 et
652 403 711 438 ipso
728 409 862 438 praesente
876 403 964 438 impe-

173 455 275 483 ratore,
295 458 376 478 sacro
402 450 508 478 tumulo
527 450 682 484 imponunt.

1013 265 1063 300 ρίῳ
1078 264 1130 300 Ιινρὸ
1146 264 1244 291 πολλοῦ
1259 264 1309 298 τῆς
1324 263 1496 298 Χαλκηδόνος
1517 263 1574 290 ὅσοι
1596 264 1734 297 παρῆσαν,
1754 263 1802 290 καὶ

1014 310 1084 345 μετὰ
1100 310 1202 346 πολλῆς
1218 310 1382 346 ὑμνολογίας
1400 310 1450 337 καὶ
1468 310 1518 345 τῆς
1540 309 1623 345 ἄλλης
1637 309 1803 344 δορυφορίας

1014 357 1203 392 ὑποδέχονται,
1230 357 1278 383 καὶ
1294 356 1338 383 διὰ
1368 356 1453 391 μέσης
1476 356 1526 391 τῆς
1550 355 1653 387 πόλεως
1670 355 1700 382 τὸ
1722 355 1802 389 σῶμα

1013 402 1172 438 κομίζοντες
1187 403 1227 434 εἰς
1244 403 1294 437 τὴν
1305 402 1453 438 ἐκκλησίαν
1462 402 1514 437 τῆς
1527 403 1608 436 ἁγίας
1620 402 1739 437 Εἰρήνης
1752 401 1803 435 τῆς

1014 448 1130 484 ἀρχαίας
1147 449 1364 485 καλουμένης,ἣν
1377 449 1580 480 Κωνσταντίνος
1590 449 1604 475 ὁ
1620 448 1746 484 βασιλεὺς
1761 448 1802 480 εἰς

173 495 275 526 πλάτος
298 495 345 521 καὶ¹
374 495 488 531 μέγεθος
513 495 546 521 ἐκ
564 495 734 530 βραχυτέρας
754 494 910 530 ἀνήγειρεν,
945 491 979 530 ἧς
999 494 1045 520 καὶ
1079 494 1242 529 προήδρευε,
1259 494 1328 529 πρὸς
1349 494 1438 529 ὀλίγον
1453 494 1586 521 ἀπέθεντο
1599 503 1606 510 ·
1625 495 1673 521 καὶ
1700 494 1802 520 παννύ-

173 551 232 578 χιον
247 543 385 578 ὑμνῳδίαν
410 542 596 577 τελεσαμενοι,
626 542 726 577 ὄρθρου
742 542 824 569 πάλιν
841 543 857 577 ἡ
884 541 961 573 πόλις
979 542 1055 568 πᾶσα
1073 541 1142 577 μετὰ
1175 542 1225 576 τῆς
1259 543 1320 578 ῐσης
1335 543 1382 569 καὶ
1397 542 1493 577 ὁμοίας
1507 542 1590 577 τιμῆς
1607 543 1654 568 καὶ
1668 542 1746 577 δόξης
1762 542 1803 576 εις

173 590 223 625 τὴν
238 590 285 617 νῦν
295 589 438 625 ἐπώνυμον
452 589 536 616 αὑτοῦ
554 589 711 623 ἐκκλησίαν,
721 589 830 616 πάντων
843 588 906 624 [778
916 588 962 624 Η.]
982 597 1012 614 τε
1021 588 1075 614 τῶν
1089 588 1240 624 ἁρχιερέωθ
1258 589 1306 615 καὶ
1318 588 1365 615 τοῦ
1381 589 1483 624 κλήρου
1499 589 1545 615 καὶ
1564 588 1646 615 αὑτοῦ
1674 597 1803 626 συμπαρ-

175 637 252 667 όντος
276 636 324 662 τοῦ
349 634 492 670 βασιλέως,
522 633 561 670 τῷ
582 634 715 670 ἀγιοδόχῳ
729 635 809 669 τάφῳ
835 633 1038 661 κατατίθενται.

211 684 282 715 Vita.
296 684 368 711 unde
378 684 436 711 haec
453 683 652 718 excerpsimus,
665 682 787 716 ejusdem
799 687 842 709 est
861 682 888 708 in
903 682 960 708 clo-

173 729 285 757 cutione
303 728 422 761 artiﬁcii,
436 733 462 756 et
476 729 504 755 in
513 727 648 755 movendo
664 726 813 759 facultatis,
829 726 909 761 paulo
923 732 963 753 ta-

174 781 235 800 men
246 777 286 800 est
304 772 411 801 melior.

515 874 649 902 CCLVIII.

335 921 467 956 Excerpta
495 929 528 949 ea:
555 921 696 948 Athanasii
721 920 792 948 Vita.

209 968 272 1002 Legi
289 967 402 998 librum.
415 967 460 1001 qui
481 966 641 994 inscr-ibitur
669 975 676 994 :
698 965 760 993 Vita
782 970 806 992 et
833 970 964 992 certamen

170 1012 259 1039 nancti
271 1011 362 1038 Patris
372 1011 456 1037 nostri
469 1010 584 1044 episcopi
593 1009 762 1036 Alexandria
779 1008 872 1044 Magni
882 1008 965 1034 Atha-

172 1058 253 1089 nasii,
269 1058 365 1085 eodem
385 1056 468 1084 modo
482 1055 681 1090 conscriptum.

1054 680 1134 716 [1429
1151 681 1198 718 IL]
1214 682 1331 708 Ὀτικαὶ
1346 682 1362 717 ἠ
1379 681 1502 717 παροῦσα
1517 690 1673 717 συγγραφη,
1690 682 1720 715 ἐξ
1738 679 1769 718 ἧς
1785 685 1802 719 ἡ

1015 728 1184 763 προκειμένη
1207 728 1342 764 προῆλθεν
1357 729 1468 763 ἐκλογὴ,
1485 728 1535 764 τῆς
1551 729 1635 764 αὐτῆς
1655 730 1714 756 ἐστι
1731 731 1802 757 κατὰ

1014 775 1064 809 τὴν
1080 775 1180 810 φράσιν
1192 776 1238 802 καὶ
1249 776 1346 810 τέχνης
1361 776 1409 802 καὶ
1421 775 1572 811 δυνάμεως,
1589 775 1677 811 βραχύ
1695 785 1721 803 τι
1733 775 1802 812 πρὸς

1015 821 1045 848 τὸ
1059 821 1169 857 ἄμεινον
1186 821 1383 857 ἀνατρέχουσα.

1364 867 1451 893 ΣΝΗ¹.

1094 914 1229 949 Έκλογαῑ
1257 914 1291 941 ὲκ
1305 913 1358 941 τοῦ
1370 914 1442 946 ,βίου
1469 913 1522 940 τοῦ
1543 913 1729 941 Ἄθανασίου.

1056 960 1226 995 Ἀνεγνώσθη
1241 961 1273 987 ἐκ
1289 960 1336 986 τοῦ
1362 960 1441 994 λόγου
1461 960 1491 992 ὃς
1518 961 1710 995 ἐπιγράφεται,
1731 961 1801 994 Βίος

1015 1006 1081 1041 ἤτοι
1097 1006 1226 1040 ἄθλησις
1241 1006 1294 1033 τοῦ
1309 1007 1330 1022 ¹¹
1346 1006 1381 1033 ἐν
1398 1007 1493 1041 ἁγίοις
1508 1007 1621 1040 Πατρός
1639 1006 1724 1040 ἡμῶν
1740 1007 1802 1034 ἑπισ

1014 1053 1132 1080 σκόπου
1143 1051 1372 1086 Ἀλεξανδρείας
1395 1052 1449 1079 τοῦ
1464 1051 1598 1088 μεγάλου
1614 1052 1799 1087 Ἀθανασίου,

967 1127 969 1131 Α
1014 1099 1059 1125 τὸν
1071 1099 1128 1125 ῐσον
1143 1098 1359 1133 διατυπούμενος
1369 1099 1481 1134 τρόπον.

209 1143 310 1170 Aderat
320 1147 428 1178 tempus
441 1141 503 1169 festi
515 1142 603 1169 sancti
622 1142 695 1170 Petri
711 1143 833 1177 episcopi
849 1149 876 1170 et
891 1151 965 1170 mar-

178 1190 257 1225 tyris,
283 1193 395 1224 totaque
418 1188 584 1215 Alexandria
607 1188 769 1215 memoriam
781 1189 897 1220 colebat,
913 1189 965 1215 hu-

171 1235 272 1270 jusque
299 1241 443 1262 successor
474 1234 638 1265 Alexander,
664 1239 727 1269 post
757 1239 853 1262 sancta
879 1236 965 1262 sacri-

174 1281 257 1313 ﬁcia,
296 1288 392 1308 mensa
428 1280 563 1315 primores
598 1280 665 1308 cieri
698 1286 865 1316 susceperat.
905 1280 964 1314 Quo

174 1331 298 1362 tempore
321 1326 390 1354 vidit
406 1333 439 1353 ex
457 1325 530 1354 edito
552 1326 612 1353 loco
628 1327 654 1352 in
676 1326 767 1353 littore
785 1334 885 1361 pueros
905 1327 963 1354 sin-

173 1381 238 1401 σοι-ο
258 1373 351 1400 animo
368 1372 641 1407 ludentes,-lusuquc
655 1373 753 1407 puerili
777 1380 855 1400 sacra
870 1378 898 1401 et
918 1381 964 1400 ve-

174 1419 296 1446 neranda
319 1419 449 1452 mysteria
478 1418 627 1451 imitantes,
656 1427 710 1447 non
731 1418 777 1446 illa
804 1419 962 1452 irridentes,

175 1465 222 1492 sed
238 1465 377 1499 spectandi
394 1465 492 1500 gratia,
508 1465 567 1493 ausi
584 1469 649 1492 sunt
661 1473 721 1500 quae
737 1465 838 1493 audere
849 1473 897 1493 eos
909 1474 962 1493 non

1055 1143 1085 1169 Ὀ
1107 1143 1157 1178 τῆς
1182 1143 1281 1179 ἑορτῆς
1295 1143 1390 1180 καιρὸς
1411 1144 1458 1171 τοῦ
1486 1144 1638 1180 ἀρχιερέως
1655 1144 1723 1171 Θεοῦ
1754 1145 1801 1172 καὶ

1016 1188 1154 1224 μάρτυρος
1173 1188 1324 1223 ἐνειστήκει
1348 1189 1466 1224 Πέτρου,
1495 1190 1576 1225 καὶὴ
1611 1189 1801 1225 ’Δλεξάνδρεια

1015 1235 1091 1261 πᾶσα
1106 1233 1155 1270 τὴν
1171 1235 1283 1270 μνήμην
1296 1235 1435 1271 ἐγέραιρε,
1453 1235 1501 1262 καὶ
1516 1237 1530 1262 ὁ
1554 1235 1652 1263 τούτου
1678 1236 1800 1272 διάδοχος

1014 1280 1028 1306 ό
1049 1280 1121 1315 ἱερὸς
1150 1279 1324 1315 Ἀλέξανδρος
1355 1280 1425 1314 μετὰ
1449 1280 1498 1313 τὰς
1522 1281 1598 1313 θείας
1625 1281 1737 1313 τελετὰς
1753 1281 1802 1308 καὶ
1828 1314 1829 1317 η

1013 1325 1138 1361 τραπέζῃ
1148 1325 1211 1358 τοὺς
1231 1327 1260 1352 ὲν
1283 1326 1322 1361 τῷ
1343 1326 1436 1362 κλήρῳ
1453 1327 1569 1361 λογάδας
1592 1328 1738 1360 ἐδεξιοῦτο.
1757 1329 1802 1355 Ἐν

1013 1368 1035 1405 ᾧ
1049 1371 1079 1398 δὲ
1094 1371 1179 1398 ταῦτα
1193 1372 1386 1408 ηὐτρεπίζετο,
1401 1374 1453 1409 ὁρᾷ
1464 1382 1537 1406 τινος
1547 1374 1576 1407 ἐξ
1590 1374 1712 1401 ἀπόπτου
1726 1375 1802 1410 παρὰ

1014 1417 1062 1448 τὰς
1081 1416 1164 1452 δχθας
1188 1417 1238 1452 τῆς
1251 1417 1389 1453 θαλάσσης
1400 1419 1421 1434 ¹¹
1442 1419 1542 1451 παῖδας
1557 1419 1687 1456 ἀπλάστῳ
1704 1419 1803 1456 γνώμῃ

1013 1462 1177 1495 παίζοντας·
1202 1463 1250 1489 καὶ
1266 1463 1296 1490 τὺ
1319 1463 1443 1498 παίγνιον
1470 1464 1584 1500 μίμησις
1601 1462 1635 1500 ἦν
1653 1465 1800 1500 ἱερατικῶν

174 1511 305 1546 oportuit.
334 1510 391 1538 Hoc
412 1512 438 1538 in
459 1511 521 1539 lusu
546 1516 654 1539 creatur
677 1512 843 1539 Athanasius
866 1520 881 1539 a
899 1520 964 1548 pue-

1019 1508 1063 1534 καὶ
1077 1508 1201 1542 φρικτῶν
1219 1508 1387 1544 μυστηρίων,
1401 1509 1450 1535 οὐκ
1479 1510 1519 1541 εἱς
1534 1509 1614 1544 ὖὸριν
1636 1509 1707 1536 αὐτὰ
1723 1518 1803 1545 περι-

174 1556 215 1583 ris
230 1555 376 1590 episcopus
396 1564 402 1582 :
421 1555 519 1590 reliqui
536 1556 634 1590 partim
652 1557 924 1589 catechumenorum,
938 1561 965 1584 et

175 1601 415 1636 baptizandorum,
433 1602 530 1636 partim
557 1601 731 1630 sacerdotum
747 1606 773 1629 et
785 1602 965 1630 diaconorum

174 1649 294 1682 speciem
336 1649 577 1682 repraesentabant.
615 1648 664 1676 His
706 1648 790 1676 linitis
822 1649 965 1684 perculsus

174 1694 339 1727 Alexander,
360 1702 459 1729 pueros
479 1696 510 1721 ad
532 1701 562 1721 se
579 1699 672 1728 vocat,
687 1695 819 1730 auditque
832 1703 887 1723 non
904 1696 966 1724 illos

174 1747 254 1767 sacra
275 1740 406 1773 irrisisse,
430 1741 488 1772 sed,
505 1745 535 1767 ut
552 1749 585 1768 ex
600 1749 699 1769 eventu
722 1742 845 1777 colligas,
868 1743 965 1770 fecisse

174 1787 270 1814 divino
289 1787 407 1821 quodam
426 1787 570 1820 instinctu,
583 1788 723 1823 animique
739 1788 913 1823 simplicitate
931 1789 964 1816 ad

175 1835 279 1861 bonum
296 1833 358 1860 illos
370 1833 426 1868 jam
453 1838 510 1860 tum
526 1833 659 1868 erigente.
680 1833 731 1867 Qui
744 1835 817 1862 enim
834 1834 964 1870 baptizati

176 1881 296 1911 fuerant.
314 1879 470 1906 Alexander
484 1879 613 1907 inunctos
631 1880 733 1907 Christi
746 1881 885 1915 signacqu
901 1889 965 1908 con-

175 1925 305 1952 ﬁrmavit.
342 1925 525 1952 Athanasium
546 1930 636 1952 autem
678 1927 835 1960 parentibus
868 1927 963 1960 tradit,

175 1971 311 1998 mandans
329 1970 384 1998 illis
402 1969 503 2006 478a
522 1971 713 2006 ntdisciplinis
724 1980 786 1999 eum
800 1972 963 2006 imbuerent,

133 2035 137 2039 .
174 2021 202 2043 et
214 2016 270 2051 jam
284 2015 409 2043 adultum
429 2016 479 2043 sibi
498 2016 646 2048 traderent,
663 2017 705 2044 vel
718 2017 809 2052 potius
824 2016 963 2050 Ecclesiae,

175 2067 306 2097 tanquam
331 2062 445 2089 alterum
462 2061 616 2090 Samuelcm
630 2063 665 2090 ab
681 2063 735 2090 illis
755 2062 812 2089 Deo
831 2062 963 2090 oblatum.

176 2108 291 2136 Faciunt
319 2108 411 2143 itaque
435 2113 573 2142 parentes,
602 2112 633 2135 ut
655 2107 877 2142 archiepiscopus
913 2107 965 2134 illis

174 2157 364 2186 mandaverat,
389 2159 417 2182 et
433 2159 555 2189 tempore
574 2154 631 2188 jam
650 2154 770 2186 evoluto,
793 2161 908 2189 puerum
925 2153 964 2180 illi

1014 1554 1166 1589 τρέπουσα,
1181 1554 1221 1589 τῷ
1238 1554 1315 1588 πόθῳ
1339 1554 1369 1581 δὲ
1384 1554 1429 1581 τοῦ
1458 1554 1592 1590 θεάματος
1608 1555 1737 1590 τολμῶσα
1756 1556 1804 1582 καὶ

1014 1599 1050 1627 τὰ
1064 1600 1215 1635 ἀτόλμητα.
1249 1600 1329 1627 Ἀλλὰ
1357 1600 1411 1636 γὰρ
1428 1601 1473 1627 τὸν
1494 1601 1545 1636 μὲν
1568 1600 1726 1628 Ἀθανάσιον
1743 1601 1804 1628 ἐπί-

1016 1654 1117 1673 σκοπον
1132 1647 1217 1673 ἐποίει
1232 1647 1250 1682 ή
1266 1647 1392 1682 μίμησις,
1406 1646 1437 1674 τὸ
1447 1647 1475 1674 δὲ
1491 1647 1585 1674 λοιπὸν
1602 1647 1705 1682 πλῆθος
1716 1649 1758 1680 et;
1774 1656 1804 1674 τε

1015 1694 1238 1729 κατηχουμένους
1255 1694 1302 1720 καὶ
1327 1693 1544 1729 βαπτιζομένους
1572 1694 1620 1721 καὶ
1645 1695 1677 1730 δὴ
1693 1695 1740 1721 καὶ
1764 1695 1805 1727 είς

1016 1739 1220 1774 πρεσΰυτέρους
1239 1740 1286 1767 καὶ
1309 1739 1450 1772 διακόνους
1464 1739 1663 1775 ἐσχημάτιζεν.
1686 1741 1805 1767 Ἐκπλα-

1015 1785 1075 1819 γεὶς
1100 1783 1147 1812 οὗν
1161 1786 1218 1817 τοῖς
1234 1785 1410 1821 τελουμένοις
1424 1786 1438 1812 ὀ
1464 1786 1637 1822 Ἀλέξανδρος
1658 1787 1719 1821 ἄγει
1736 1787 1805 1822 πρὸς

1016 1831 1113 1858 ἑαυτὸν
1126 1832 1189 1862 τοὺς
1202 1832 1309 1864 παῖδας,
1331 1832 1379 1858 καὶ
1391 1832 1473 1867 γνοὺς
1483 1833 1513 1859 οὺ
1530 1832 1615 1868 χλεύῃ
1630 1832 1717 1859 ταῦτα
1729 1832 1804 1866 γινό-

1018 1886 1100 1912 μενα,
1115 1877 1173 1904 ἀλλ’
1189 1877 1226 1909 ὥς
1251 1878 1284 1905 ἄν
1314 1887 1356 1910 τις
1384 1879 1417 1905 ἐκ
1438 1878 1492 1905 τῶν
1518 1878 1709 1915 ἐκϐεϐηκότων
1724 1879 1803 1914 φαίη,

1015 1922 1144 1959 ἐπιπνοίᾳ
1157 1923 1211 1950 τινὶ
1226 1924 1274 1951 καὶ
1297 1923 1388 1960 ψυχῆς
1412 1925 1545 1960 ἁπλότητι
1570 1926 1610 1956 εῑς
1625 1924 1714 1961 ἔρωτα
1738 1933 1804 1960 προ-

1015 1969 1227 2005 διανισταμένης
1241 1971 1264 1987 ί³
1292 1971 1340 1998 τοῦ
1372 1972 1537 2008 κρείττονος,
1557 1972 1615 1999 ὀσοι
1645 1972 1694 2007 μὲν
1715 1971 1805 1998 αὐτῶν

1016 2017 1210 2051 ὲὸαπτίσαντο,
1229 2017 1342 2050 τούτους
1358 2019 1503 2053 ἐπιχρίσας
1525 2017 1570 2045 διὰ
1583 2018 1633 2052 τῆς
1652 2019 1681 2044 ἐν
1695 2017 1806 2053 Χριστῷ

1020 2064 1169 2098 σφραγῖδος
1186 2063 1354 2097 ἐτελείωσεν,
1376 2063 1532 2091 Ἀθανάσιον
1545 2063 1574 2089 δὲ
1588 2064 1644 2094 τοῖς
1655 2063 1678 2079 ιδ
1693 2062 1805 2090 τοκεῦσι

1017 2109 1213 2145 παρατίθησιν,
1242 2109 1352 2141 ἐντολὰς
1380 2109 1503 2141 δεδωκὼς
1523 2109 1661 2136 παιδεύειν
1685 2109 1734 2144 μὲν
1749 2110 1806 2141 τοῖς

1019 2156 1188 2191 μαθήμασιν,
1207 2156 1316 2191 ἡϐῶντα
1329 2157 1351 2173 ¹³
1377 2158 1406 2184 δὲ
1429 2157 1577 2184 ἀποδοῦναι
1604 2157 1688 2193 αὐτῷ,
1705 2156 1806 2192 μᾶλλον

174 2202 296 2229 tradunt.
309 2202 357 2228 Ille
370 2201 477 2236 recipit,
491 2206 518 2228 et
529 2200 752 2229 contubernalem
766 2200 842 2227 illum
856 2200 962 2233 habuit,

1019 2201 1045 2228 δὲ
1059 2202 1092 2236 τῇ
1110 2201 1269 2238 Ἐκκλησία,
1279 2202 1317 2235 ὡς
1330 2203 1409 2230 ἄλλον
1421 2203 1481 2230 τινὰ
1500 2203 1626 2238 Σαμουὴλ
1635 2191 1699 2238 παρ’
1716 2203 1805 2230 αὐτῶν

174 2249 333 2283 participem
349 2248 470 2280 consilii,
488 2253 515 2275 et
530 2247 640 2282 pietatis
655 2246 808 2281 adiutorem

1018 2247 1078 2282 Θεῷ
1107 2249 1326 2284 προσαγόμενον.
1351 2249 1522 2284 Πράττουσιν
1544 2247 1590 2276 οὖν
1611 2250 1634 2275 oi
1656 2250 1745 2283 γονεῖς
1767 2250 1806 2281 ὡς

174 2295 266 2326 αὐτοῖς
277 2295 308 2321 τὸ
325 2293 518 2330 ἀρχιερατικδν
532 2293 643 2319 ἐκέλευε
679 2293 855 2328 πρόσταγμα,
890 2293 938 2320 καὶ
955 2293 1002 2319 τοῦ
1022 2293 1119 2328 καιροῦ
1148 2294 1295 2326 καλοῦντος
1317 2295 1362 2322 τὸν
1390 2295 1472 2323 παῖδα
1502 2295 1712 2331 προσφέοουσιν.
1731 2295 1761 2321 '0
1777 2295 1807 2333 δὲ

172 2342 291 2377 δέχεται,
307 2341 353 2368 καὶ
367 2340 524 2376 ὁμωρόφιον
536 2338 593 2375 εἶχε
605 2340 652 2366 καὶ
667 2340 795 2366 κοινωνὸν
807 2340 905 2374 βουλῆς
915 2340 962 2366 καὶ
981 2340 1031 2376 τῆς
1042 2340 1185 2372 εὐσεϐείας
1202 2341 1388 2377 συλλήπτορα.

208 2388 310 2415 Ariana
328 2392 419 2414 autem
432 2386 521 2414 rabies
532 2393 594 2413 cum
606 2386 699 2413 orbem
716 2386 866 2419 invaderetI
880 2386 965 2413 multa

1052 2385 1108 2420 Τῆς
1130 2385 1159 2412 δὲ
1184 2386 1292 2422 Ἀρείου
1323 2387 1424 2423 λύσσης
1447 2387 1546 2422 μικροῦ
1567 2387 1617 2423 τὴν
1642 2388 1807 2424 οἰκουμένην

173 2432 324 2459 certamina
338 2431 416 2457 initio
433 2437 487 2457 una
498 2437 561 2458 cum
576 2429 669 2457 divino
686 2429 852 2461 Alexandro,
870 2434 964 2464 postea

1019 2432 1225 2468 iupawopévnc,
1251 2432 1364 2465 πολλοὺς
1383 2433 1503 2467 ἀγῶνας,
1517 2433 1674 2470 ἀρχομένης
1691 2434 1740 2469 μὲν
1757 2435 1806 2462 σὺν

175 2487 239 2505 vero
254 2482 281 2505 et
297 2478 324 2504 in
349 2484 379 2503 se
396 2476 504 2510 pietatis
521 2483 604 2503 causa
625 2475 745 2509 suscepit
762 2475 964 2502 contentiones.

1021 2477 1188 2514 Ἀλεξάνδρῳ
1200 2478 1239 2514 τῷ
1256 2479 1402 2515 θεσπεσίῳ,
1420 2479 1533 2514 ὕστερον
1547 2479 1576 2506 δὲ
1592 2480 1640 2507 καὶ
1664 2480 1725 2507 καθ’
1740 2481 1806 2506 ἐαυ-

176 2525 282 2551 Etcnim
296 2524 402 2553 Arium,
418 2527 481 2557 post
489 2521 692 2548 damnationem
702 2524 727 2547 et
738 2521 964 2548 excommunica—

1019 2523 1060 2551 τὸν
1077 2525 1148 2559 ὺπέρ
1161 2525 1211 2559 τῆς
1229 2525 1372 2557 εὐσεὸείας
1392 2525 1532 2561 διήθλησε.
1559 2527 1615 2554 Καὶ
1628 2527 1683 2562 γὰρ
1698 2527 1807 2560 Ἀρειον

175 2570 275 2597 tionem
293 2569 354 2595 ﬁcte
367 2568 476 2603 quidem
495 2567 660 2595 catholicum
685 2574 714 2594 se
730 2567 920 2598 mentientem,
937 2570 966 2594 et

176 2616 226 2644 hac
238 2615 312 2643 larva
325 2620 402 2642 suam
418 2615 545 2642 haeresim
556 2613 910 2647 conﬁrmantem.comperit
920 2620 967 2640 sai

175 2664 252 2698 piens
263 2662 307 2690 ille
318 2662 496 2695 Athanasius,
507 2666 535 2689 et
549 2661 582 2688 ad
593 2660 778 2688 Alexandrum
793 2659 966 2688 Alexandria:

1015 2572 1085 2604 μετὰ
1099 2570 1146 2606 τὴν
1162 2571 1322 2605 καθαίρεσιν
1333 2571 1381 2598 καὶ
1394 2571 1425 2598 τὸ
1444 2571 1572 2608 ἀνάθεμα
1588 2573 1804 2608 ὑποκρινόμενον

1021 2616 1070 2650 μὲν
1086 2616 1120 2643 τὰ
1131 2618 1183 2652 τῆς
1197 2616 1350 2650 εὐσεϐείας,
1370 2617 1516 2653 κρατύνειν
1531 2619 1559 2645 δὲ
1582 2620 1613 2653 τῇ
1632 2618 1700 2652 πρὸς
1714 2616 1804 2648 ὀλίγον

1019 2662 1162 2697 ὑποκρίσει
1179 2661 1375 2697 μηχανώμενον
1395 2665 1430 2691 τὰ
1448 2664 1496 2699 τῆς
1525 2663 1662 2695 ἀσεϐείας,
1677 2661 1804 2696 ἐφώρασε

783 2760 901 2788 νΑιιιΑῑ
929 2760 1128 2789 LECTIONES.

211 2843 221 2859 θ
238 2842 378 2870 ὑπαντῶσι
396 2843 426 2870 Β.
464 2842 484 2859 ¹³
501 2843 548 2868 σὺν
563 2850 619 2868 om.
640 2849 680 2876 pr.
695 2841 727 2868 A.

176 2878 198 2893 “
215 2879 270 2910 τοῖς
304 2879 364 2906 libri
395 2886 450 2907 om.
506 2878 526 2893 ”
545 2875 664 2913 ἡϐῶντα]
697 2875 776 2912 ἡμῶν
796 2876 866 2912 μετὰ
880 2876 908 2904 Β.

768 2840 788 2856 ¹¹
802 2839 849 2866 τοῦ
868 2855 903 2861 —-
923 2840 1008 2873 Ἀλεξ.
1044 2848 1088 2868 om
1117 2840 1148 2867 Α.
1190 2840 1210 2855 ι’
1242 2839 1376 2875 θαλάττης
1412 2849 1442 2872 ς.

1494 2840 1514 2856 ¹τ¹
1530 2838 1741 2874 διανισταμένης
1765 2840 1798 2868 A.
