1945 3073
135 156 184 190 133

678 160 941 191 BIBLIOTHECA.
967 172 1001 178 -
1018 160 1100 191 COD.
1122 161 1270 191 CCLVIII.

1700 158 1750 191 134

133 223 162 241 τε
177 215 192 241 ὁ
211 214 292 249 σοφὸς
321 214 491 246 ’Δοανάσιος,
522 216 571 242 καὶ
600 215 790 242 ἀποσταλέντα
818 215 917 251 πρὺς¹⁶

972 216 1124 250 episcopum
1135 223 1149 242 a
1157 214 1337 242 Constantino
1347 213 1509 250 imperatore
1515 214 1559 249 pio
1568 215 1681 243 missum
1690 216 1753 250 (no-

140 261 311 296 ’Λλέὶανδρον
336 261 382 288 τὴν
408 261 610 296 Ἀλεξανδρείας
624 261 701 296 παρὰ
717 262 763 287 τοῦ
788 260 916 292 εὐσεϐοῦς

135 307 264 342 βασιλέως
280 308 485 334 Κωνσταντίνου
503 305 568 342 (οἶδε
582 308 636 343 γὰρ
651 307 782 339 πολλάκις
795 315 917 342 μεμηχα-

133 353 246 388 νημένης
270 352 347 384 δόλος
370 354 418 379 καὶ
446 354 509 384 τοὺς
531 354 659 385 συνετοὺς
680 352 852 387 ἐκκλέπτειν)
879 352 916 387 μὴ

133 399 334 434 παραδέξασθαι
349 399 564 434 συνηγωνίσατο.
588 397 654 426 Εἶτα
668 400 696 426 δὲ
715 400 762 426 τοῦ
785 400 814 426 ὲν
829 399 917 433 ἁγίοις

132 446 341 480 τελευτήσαντος
373 445 550 482 Ἀλεξάνδρου
569 446 651 478 αὐτὸς
677 445 816 478 καταστὰς
832 445 918 472 διάδο-

133 500 188 527 χος,
213 492 281 527 πρὸς
297 491 389 527 πολλῷ
413 491 523 527 μείζους
549 492 658 527 ἀγῶνας
679 492 742 528 [779
767 491 813 528 H.]
835 493 918 518 ὲναπ-

135 537 226 564 εδύετο
241 547 248 554 ·
264 537 305 563 διὸ
317 538 364 564 καὶ
378 538 452 564 ἆπαν
466 537 497 564 τὸ
507 537 644 572 αἱρετικὸν
659 538 802 572 σύνταγμα
817 538 918 564 σκοπὸν

133 583 213 610 αὑτὸν
227 583 276 618 τῆς
293 583 361 615 ἰδίας
376 583 397 599 ¹⁷
415 583 598 618 προὺτίθεσαν
617 584 806 618 γλωσσαλγίας
825 592 854 610 τε
872 583 920 610 καὶ

134 630 326 664 συκοφαντίας.
342 629 568 665 Συμφράττονται
583 630 615 665 δὴ
631 630 747 665 μάλιστα
763 630 822 656 κατ’
836 629 918 656 αὑτοῦ

134 676 157 701 οῑ
175 675 239 710 περὶ
254 675 384 702 Εὐσέϐιον
400 676 446 702 τὸν
462 675 659 711 Νικομηδείας,
684 676 732 703 καὶ
759 676 919 711 μισθοῦνται

132 729 207 753 τινας
222 721 271 756 τῆς
290 721 427 756 Μελετίου
444 722 578 757 αἱρέσεως
591 742 598 755 ,
614 723 662 749 καὶ
677 722 712 750 δι’
739 722 830 750 αὐτῶν
853 731 920 749 κατ-

133 769 244 805 ηγορίας
257 769 468 804 συῤῥάπτουσιν,
478 766 514 796 ὧν
524 771 541 805 ἡ
560 770 608 805 μὲν
624 770 719 805 πρώτη
730 769 806 805 λινῆν
819 770 920 803 ἐσθῆτα

132 815 194 846 τοὺς
227 814 394 848 Αἰγυπτίους
414 815 501 841 τελεῖν
524 816 560 850 τῇ
593 815 788 851 Ἀλεξανδρέων
813 816 845 841 ὲκ
870 815 920 850 τῆς

139 861 297 888 Ἀθανασίου
326 860 484 892 πλεονεξίας
512 860 738 897 συνέπλαττεν,ή
766 861 876 897 δευτέρα
890 861 918 888 δὲ

133 907 169 938 ὼς
183 908 240 938 τοῖς
256 905 388 941 βασιλέων
400 906 421 922 ’⁸
439 906 573 942 ἐνεδρεύει
591 907 737 942 πράγμασι
751 907 918 942 (Φιλουμὲνῳ

134 953 187 988 γάρ
200 962 263 985 τινι,
287 952 430 979 ἐπιθέσθαι
448 953 586 988 τυραννίδι
603 954 698 988 φήμην
720 953 840 984 λαϐόντι,
852 962 918 988 χρυ-

134 999 190 1026 σίου
208 999 310 1035 πλῆρες
324 999 513 1031 ἐξαποστεῖλαι
537 1000 742 1035 γλωσσόκομον)
763 999 916 1027 ὑπετίθετο.

134 1045 215 1082 ίιιδτ
225 1044 271 1081 R.]
286 1046 341 1072 Καὶ
355 1046 372 1080 ἡ
382 1045 461 1081 τρίτη
484 1045 608 1081 Ἰσχύραν
622 1046 669 1072 καὶ
690 1045 739 1081 τὴν
753 1046 918 1080 ἀνατραπεῖ-

133 1099 181 1117 σαν
194 1091 335 1126 τράπεζαν
360 1091 407 1117 καὶ
423 1091 453 1117 τὸ
478 1090 615 1125 κατεαγὺς
639 1091 771 1126 μυστικὸν
788 1092 918 1127 ποτήριον

133 1138 180 1165 καὶ
193 1138 239 1165 τὸν
256 1137 410 1173 Μαρεώτην
427 1138 474 1164 καὶ
497 1138 642 1173 Μακάριον
665 1138 712 1165 τὸν
732 1137 917 1173 πρεσϐύτερον

132 1186 179 1211 καὶ
192 1185 242 1220 τὴν
257 1184 408 1220 λῃστρικὴν
423 1184 506 1210 αὐτοῦ
532 1184 626 1218 ἔφοδον
644 1185 690 1211 καὶ
707 1184 738 1211 τὸ
761 1184 814 1211 ἀνὰ
829 1185 918 1211 πᾶσαν

968 263 1005 289 vit
1016 263 1089 289 enim
1107 262 1252 290 lictal‘raus
1270 262 1351 289 etiam
1368 260 1514 296 prudentes
1529 268 1601 296 saepe
1616 261 1752 297 decipere)

967 308 1086 342 recipere
1094 307 1189 335 noluit.
1198 307 1297 335 Deinde
1304 311 1411 334 mortuo
1421 312 1515 334 sancto
1522 306 1686 340 Alexandro,
1696 307 1753 342 ipse

969 361 1112 382 successor
1120 355 1272 386 ordinatus,
1281 354 1363 389 paulo
1370 357 1430 388 post
1441 354 1524 380 multa
1532 353 1680 381 certamina
1688 353 1754 381 sub-

968 400 1009 428 iit.
1019 401 1109 434 Quare
1125 400 1241 428 haeretici
1259 401 1286 427 in
1301 400 1376 427 illum
1389 399 1477 427 solum
1488 400 1594 434 linguas
1601 400 1754 433 vibrabant,

967 452 995 474 et
1005 455 1067 474 eum
1086 446 1334 474 calumniabantur.
1348 445 1496 473 Moliuntur
1508 450 1536 473 et
1559 451 1669 474 struunt
1686 446 1754 473 insi—

968 491 1028 520 dias
1050 493 1076 519 in
1090 493 1164 520 illum
1182 493 1301 520 maxime
1322 492 1467 527 episcopus
1482 492 1649 520 Nicomedia
1667 492 1752 519 Euse-

968 538 1040 570 bius,
1057 543 1083 566 et
1101 538 1220 569 asseclae,
1236 543 1263 566 et
1280 538 1434 566 conducunt
1448 538 1581 573 quosdam
1600 538 1711 570 Meletii,
1728 543 1757 566 et

969 591 1017 618 per
1043 583 1105 610 illos
1133 583 1324 610 accusationes
1351 583 1451 610 multas
1475 587 1623 610 consuunt.
1650 583 1755 616 Primo,

969 629 1069 656 lineam
1088 633 1190 657 vestem
1209 628 1351 664 Egyptios
1374 629 1548 664 Suppeditare
1565 629 1757 656 Alexandrina:

971 675 1100 703 Ecclesiae
1116 683 1149 702 ex
1176 676 1289 702 avaritia
1310 675 1454 702 Athanasii
1481 675 1684 703 conﬁnxerunt.
1710 675 1758 703 Se-

970 722 1060 750 cundo
1073 721 1231 755 imperatori
1249 721 1361 748 insidias
1380 721 1481 748 moliri.
1499 721 1663 749 Philumeno
1682 722 1755 749 enim

970 768 1077 796 cuidam
1102 768 1245 802 imperium
1271 768 1409 795 allectanti
1439 768 1581 795 collectam
1611 768 1755 803 pecuniam

971 814 1160 850 suppeditasse
1174 814 1278 841 dicunt.
1300 812 1392 841 Tertio
1414 814 1564 850 lschyram,
1584 819 1611 842 et
1633 822 1756 842 eversam

971 867 1107 891 mensam,
1122 864 1149 887 et
1158 860 1286 894 poculum
1301 860 1446 895 mysticum
1460 860 1642 891 confractum,
1658 864 1686 887 et
1702 858 1758 885 Ma-

972 912 1086 940 reotem,
1100 912 1124 935 el
1141 907 1289 935 Macarium
1309 908 1509 943 presbyterum,
1531 912 1558 934 et
1572 908 1659 934 instar
1673 907 1758 934 latro-

971 962 1036 981 num
1063 954 1228 989 ingressum,
1248 958 1275 980 et
1290 954 1362 988 quod
1379 958 1435 980 toto
1449 954 1516 980 orbe
1542 952 1662 980 fabulam
1679 957 1759 980 noto-

973 1001 1042 1027 riam
1057 1000 1234 1032 concitasset,
1252 1000 1394 1034 objiciunt.
1407 999 1469 1027 [hec
1478 1004 1505 1026 et
1520 999 1621 1026 similia
1637 999 1757 1034 impera-

972 1051 1058 1074 torem
1086 1046 1202 1073 edocent
1229 1047 1341 1073 asseclw
1365 1045 1487 1078 Eusebii,
1509 1045 1610 1080 quibus
1631 1045 1664 1072 ad
1689 1046 1757 1072 iram

970 1097 1064 1120 contra
1077 1092 1258 1120 Athanasium
1277 1092 1424 1123 concitant,
1446 1097 1618 1124 accusantes,
1634 1092 1706 1126 quod
1718 1091 1760 1118 vi—

971 1147 1031 1166 rum
1045 1139 1218 1173 imperatoris
1232 1139 1369 1166 mandatis
1382 1143 1521 1174 parentem
1551 1142 1680 1173 rectaque
1695 1145 1759 1165 sen-

970 1185 1082 1212 tientem
1098 1193 1151 1212 non
1168 1185 1331 1213 admisisset.

131 1231 179 1265 τὴν
201 1230 367 1266 οἰκουμένην
406 1230 565 1265 θεαθρισθὲν
594 1230 685 1265 δρᾶμα
717 1232 885 1266 σκηνοποιεῖ.
917 1230 1011 1258 Ταῦτα
1031 1231 1079 1258 καὶ
1099 1231 1204 1258 τοιαῦθ’
1219 1232 1301 1267 ἕτερα
1314 1233 1337 1259 οἱ
1357 1232 1421 1265 περὶ
1436 1231 1567 1258 Εὑσέϐιον
1588 1231 1758 1266 δραματουρ-

132 1278 276 1312 γήσαντες,
301 1278 341 1308 εἰς
365 1277 451 1308 ἀκοὰς
471 1276 598 1311 ἐνηχοῦσι
619 1277 669 1308 τὰς
693 1276 852 1312 βασιλικὰς,
869 1277 916 1303 καὶ
945 1276 1065 1304 κινοῦσιν
1097 1277 1137 1309 εἰς
1162 1278 1259 1313 ὀργὴν,
1288 1277 1477 1311 αἰτιασάμενοι
1501 1277 1543 1303 ὅτι
1575 1276 1623 1303 καὶ
1650 1277 1760 1311 ’Δρειον

135 1325 284 1361 βασιλικοῖς
298 1325 540 1361 καὶγριὴιιμασιη
558 1324 606 1351 καὶ
635 1325 829 1361 προστάγμασι
850 1324 1011 1357 πεποιθότα,
1040 1325 1130 1352 καίτοι
1142 1325 1165 1341 ¹⁰
1195 1326 1230 1352 τὰ
1263 1325 1332 1360 ὀρθὰ
1356 1324 1518 1360 φρονοῦντα,
1547 1324 1599 1350 οὐκ
1628 1324 1760 1359 ἠνέσχετο

133 1370 270 1402 δέξασθαι.

170 1417 236 1442 Κατ’
253 1417 342 1443 ἐκεῖνο
359 1416 387 1442 δὲ
400 1415 497 1452 καιροῦ
514 1416 562 1443 καὶ
578 1416 625 1443 ἐπὶ
643 1417 678 1443 τὰ
698 1415 753 1442 τῶν
772 1415 922 1451 Ἰεροσολύ-

136 1471 194 1496 μων
206 1462 333 1496 ὲγκαίνια
350 1463 443 1497 σχεδὸν
457 1462 559 1494 πάντες
575 1461 710 1497 συνῄεσαν
724 1462 749 1488 οῑ
763 1461 918 1488 ἐπίσκοποι·

133 1510 181 1535 καὶ
198 1509 296 1544 γράφει
315 1510 518 1540 Κωνσταντῖνος
535 1508 674 1544 ὁεὺσεϐὴς
688 1507 816 1543 βασιλεὺς
839 1507 920 1534 πάλιν

133 1555 295 1591 συλλεγῆναι
326 1555 455 1587 σύνοδον,
488 1554 663 1590 ἐποψομένην
688 1553 706 1581 ἃ
744 1553 867 1580 διέϐαλλέ
891 1561 921 1580 τε

139 1602 314 1635 Ἀθανάσιον,
330 1602 378 1628 καὶ
389 1602 407 1629 ἃ
424 1602 537 1637 συνίστη
559 1602 604 1628 τὸν
624 1602 733 1637 ’Λρειον
743 1610 750 1617 ·
764 1601 811 1628 καὶ
833 1601 858 1627 εί
873 1600 921 1635 μὲν

133 1648 229 1683 φθόνος
254 1647 447 1683 ὁρθοδοξοῦντα
467 1647 513 1674 τὸν
543 1648 653 1683 Ἀρειον
677 1648 730 1683 τῆς
755 1647 919 1682 Ἐκκλησίας

133 1694 284 1729 διέστησεν,
298 1694 339 1725 εις
351 1694 464 1730 εἰρήνην
479 1694 647 1729 συμϐιϐάσαι
662 1693 712 1728 τὴν
729 1693 878 1724 διάστασιν,
896 1693 920 1719 εί

133 1740 156 1766 δ’
171 1740 253 1771 αὐτὸς
266 1740 358 1775 ἀπάτῃ
373 1739 516 1775 κέχρηται,
534 1741 575 1772 εἰς
595 1739 797 1775 ’Λλεξάνδρειάν
817 1747 847 1765 τε
862 1739 920 1765 δια-

134 1786 296 1822 πμφθῆναι
308 1787 391 1812 κάκεῖ
402 1786 449 1812 σὺν
458 1785 588 1820 ἀκριϐείᾳ
600 1785 778 1817 ὑπ’ὲξέτασιν
788 1784 919 1817 ἄγεσθαι’

133 1832 184 1867 τὴν
201 1833 230 1859 δὲ
242 1831 384 1866 διάσκεψιν
402 1831 452 1867 τὴν
478 1832 543 1867 περὶ
571 1831 729 1858 Ἀθανάσιον
748 1831 794 1857 καὶ
812 1831 921 1865 Ἀρειον

134 1878 336 1913 ποοευομένους
355 1878 402 1904 ἐπὶ
414 1877 449 1904 τὰ
473 1876 647 1912 Ἰεροσόλυμα
660 1875 721 1903 ὁδοῦ
738 1876 879 1911 πάρεργον
892 1876 921 1902 ὲν

135 1925 217 1960 Τύρῳ
230 1922 406 1959 ποιήσασθαι.
427 1922 594 1958 Τριακοστὸν
615 1921 644 1948 δὲ
668 1921 728 1948 τότε
752 1920 848 1956 ἠνύετο
862 1920 922 1951 ἔτος

133 1970 183 2005 τῆς
202 1968 408 1996 Κωνσταντίνου
420 1967 575 2003 βασιλείων
593 1967 724 2002 ἑξήκοντα
741 1967 769 1993 δὲ
777 1967 921 1993 ἐπίσκοποι

133 2017 184 2052 τὴν
199 2017 228 2042 ὲν
242 2015 324 2052 Τύρῳ
336 2014 445 2041 σύνοδον
459 2013 752 2050 ὲπλήρουν.Διονυσίου
764 2012 811 2039 τοῦ
823 2013 922 2040 ὑπατι-

133 2062 183 2089 κοῦ
199 2063 361 2096 συνάγοντος
372 2061 479 2092 αὐτοὺς,
499 2060 558 2095 μεθ’
575 2055 606 2086 οὗ
622 2059 668 2086 καὶ
687 2060 701 2086 ὁ
722 2059 772 2093 τῆς
787 2058 921 2093 ἐπαρχίας

134 2109 227 2143 ἄρχων
235 2108 283 2134 καί
292 2115 364 2139 τινες
379 2107 433 2133 τῶν
453 2107 482 2133 ὲν
496 2107 568 2133 τέλει
580 2107 613 2141 τῇ
633 2105 734 2140 συνόδῳ
747 2105 920 2140 συνήδρευον.

135 2154 232 2190 Παρῆν
249 2154 276 2181 δὲ
302 2154 348 2181 καὶ
382 2153 552 2184 ’Λθανάσιος.
578 2151 646 2178 ἀλλὰ
671 2152 719 2178 καὶ
750 2149 922 2185 Μακάριοςό

134 2200 331 2237 πρεσϐύτερος,
363 2199 562 2234 στρατιωτικῆς
584 2198 676 2233 χειρὸς
705 2197 760 2224 ἀπὸ
795 2196 921 2228 Ἀλεξαν-

133 2247 227 2282 δρείας
246 2245 449 2281 σιδηροδέσμιον
475 2244 557 2271 αὐτὸν
583 2243 782 2279 ἀγαγουσης¹ί.
805 2242 921 2278 Πρώτην

133 2292 181 2318 οὖν
197 2291 365 2326 κατηγορίαν
380 2291 404 2317 oi
419 2290 585 2324 συκοφάνται
596 2290 619 2305 ¹¹
638 2289 690 2324 τὴν
704 2289 767 2324 περὶ
785 2288 834 2322 τῆς
847 2288 921 2323 λινῆς
938 2306 960 2334 D

133 2335 250 2370 ἐσθῆτος
262 2334 471 2370 προϐάλλονται.
490 2334 571 2361 Ἀλλὰ
596 2334 699 2368 ταύτην
718 2334 768 2367 τὴν
782 2333 920 2367 διαϐολὴν,

133 2382 184 2408 οὐκ
199 2382 228 2408 ὲν
242 2381 323 2416 Τύρῳ
337 2381 417 2416 μόνον
429 2379 596 2415 κινηθεῖσαν,
609 2379 676 2406 ἀλλὰ
688 2379 734 2406 καὶ
748 2379 880 2414 πρότερον
894 2379 924 2405 ὲν

133 2428 306 2463 Νικομηδείᾳ
320 2428 381 2459 ταῖς
396 2427 443 2454 τοῦ
463 2426 598 2461 βασιλέως
621 2425 800 2461 ἑνηχηθεῖσαν
816 2425 922 2457 ἀκοαῖς,

134 2475 220 2505 Ἀπις
235 2482 264 2500 τε
280 2474 329 2500 καὶ
341 2473 483 2508 Μακάριος
507 2473 532 2499 οἱ
554 2472 601 2507 τῆς
624 2471 828 2506 ’Δλεξανδρείας
853 2479 922 2505 πρε-

135 2521 263 2555 σϐύτεροι
291 2521 382 2547 ἐκεῖσε
409 2519 613 2555 παρατυχόντες
650 2518 748 2553 ῥᾳδίως
767 2516 921 2552 διήλεγξαν.

132 2568 178 2594 Διὸ
206 2567 262 2594 τῶν
290 2567 341 2602 μὲν
372 2565 548 2600 συκοφαντῶν
581 2565 596 2591 ὁ
632 2564 758 2600 βασιλεὺς
783 2563 924 2599 καθήψατο

133 2614 308 2649 γράμμασιν,
330 2612 488 2640 Ἀθανάσιον
500 2611 528 2638 δὲ
541 2610 611 2646 πρὸς
630 2610 725 2637 ἑαυτὸν
741 2610 828 2636 ἐλθεῖν
855 2617 924 2644 προ-

132 2660 278 2695 ετρέψατο.
295 2659 351 2686 Καὶ
363 2658 398 2685 τὰ
416 2658 566 2693 γράμματα
578 2654 630 2692 ἦκε
647 2657 713 2692 πρὸς
725 2656 776 2692 τὴν
796 2656 825 2682 ὲν
843 2654 924 2690 Τύρῳ

133 2706 243 2733 σύνοδον
254 2726 262 2738 ,
279 2705 326 2733 καὶ
353 2705 393 2736 εὶς
409 2705 560 2739 κατήφειαν
576 2703 624 2739 τὴν
637 2703 701 2737 περὶ
722 2702 769 2730 τὸν
792 2701 921 2728 Εὺσέϐιον

1006 1412 1107 1440 Eodem
1141 1415 1262 1446 tempore
1288 1411 1322 1438 ad
1350 1410 1477 1437 Enczcnia
1504 1410 1759 1446 Hierosolymorum

970 1467 1067 1488 omnes
1097 1458 1153 1486 fere
1181 1457 1302 1492 episcopi
1331 1461 1524 1487 convenerant,
1541 1461 1567 1484 et
1603 1458 1761 1484 Constanti-

971 1514 1023 1534 nus
1043 1505 1105 1540 pius
1128 1503 1277 1538 imperator
1296 1503 1409 1537 scripsit
1432 1502 1530 1538 4781)
1549 1503 1681 1538 synodum
1698 1512 1760 1530 rur-

971 1560 1019 1580 sus
1027 1550 1246 1586 congregandam
1258 1548 1291 1576 ad
1306 1557 1338 1576 ea
1350 1549 1532 1582 discutienda,
1545 1557 1606 1583 quze
1616 1550 1650 1577 de
1664 1553 1760 1576 sancto

972 1597 1124 1626 Athanasio
1136 1596 1307 1628 dicebantur,
1318 1599 1346 1622 et
1357 1597 1390 1622 ad
1399 1595 1494 1622 Arium
1510 1596 1537 1622 in
1551 1595 1602 1622 ﬁde
1619 1595 1761 1622 stabilien-

972 1645 1048 1672 dum.
1067 1642 1145 1676 Quod
1162 1642 1184 1669 si
1200 1641 1302 1668 invidia
1322 1641 1416 1668 Arium
1432 1641 1466 1668 ab
1482 1641 1601 1668 Ecclesia
1617 1641 1760 1676 disjunre-

973 1696 1023 1722 rat,
1051 1694 1081 1716 ut
1116 1689 1256 1716 studerent
1288 1691 1420 1722 utrosque
1442 1687 1590 1714 conciliare
1614 1695 1621 1714 :
1644 1687 1667 1714 si
1694 1694 1759 1714 vero

972 1744 1039 1764 usus
1050 1739 1123 1763 esset
1138 1734 1200 1761 (icta
1213 1733 1331 1769 quadam
1346 1732 1442 1760 fraude
1458 1733 1550 1764 Arius,
1564 1732 1758 1760 Alexandriam

971 1782 1087 1814 veniret,
1100 1785 1127 1808 et
1149 1780 1185 1807 ihi
1212 1779 1347 1815 judicium
1365 1779 1399 1806 de
1413 1786 1446 1806 eo
1475 1783 1503 1806 et
1516 1785 1630 1805 examen
1646 1786 1760 1806 accura—

972 1834 1030 1857 tum
1049 1829 1135 1856 lleret.
1152 1827 1321 1854 Divertentes
1335 1825 1418 1861 igitur
1430 1832 1446 1853 a
1460 1825 1513 1856 via,
1526 1825 1603 1860 prius
1616 1824 1680 1860 Tyri
1691 1833 1759 1852 con-

972 1879 1101 1911 gregatos
1125 1874 1269 1908 episcopos
1291 1881 1323 1901 ea
1356 1881 1417 1908 qua:
1455 1877 1548 1900 contra
1578 1872 1758 1900 Anathasium

971 1927 1061 1953 erant.
1076 1921 1165 1949 obiter
1182 1921 1322 1955 disputare
1345 1924 1373 1946 et
1387 1927 1448 1954 quae
1462 1924 1556 1946 contra
1574 1919 1680 1950 Arium,
1702 1919 1761 1953 ius-

972 1968 1018 1995 sit.
1031 1967 1201 1995 Tricesimus
1221 1971 1312 1993 autem
1337 1965 1381 1992 hic
1399 1969 1458 1991 erat
1485 1972 1573 1991 annus
1597 1963 1672 1998 regni
1692 1963 1761 1990 Con-

972 2014 1097 2042 stantini.
1119 2013 1239 2041 Aderant
1252 2019 1317 2039 vero
1332 2010 1397 2046 Tyri
1416 2018 1449 2038 ex
1469 2009 1585 2037 diversis
1602 2009 1760 2036 civitatibus

972 2060 1092 2095 episcopi
1106 2060 1264 2094 sexaginta,
1286 2057 1416 2091 Dionysio
1435 2055 1572 2083 consulari
1592 2060 1761 2082 convocante

972 2108 1044 2140 illos,
1065 2115 1128 2134 cum
1143 2114 1198 2141 quo
1212 2110 1239 2132 et
1260 2104 1404 2140 praefectus
1425 2110 1480 2130 ora:
1503 2102 1586 2136 illius,
1606 2107 1633 2130 et
1648 2102 1759 2136 quidam

972 2151 1151 2186 magistratus
1174 2150 1207 2176 atl
1235 2148 1370 2184 synodum
1391 2152 1588 2174 convenerunt.
1618 2145 1712 2172 Adfuit
1732 2150 1761 2172 et

972 2196 1148 2227 Athanasius,
1167 2195 1233 2229 quin
1250 2198 1277 2220 et
1292 2192 1425 2220 Macarius
1440 2191 1580 2227 presbyter
1595 2190 1761 2218 Alexandria

973 2241 1067 2269 ferreis
1085 2240 1189 2268 catenis
1208 2239 1315 2267 vinctus
1326 2239 1414 2274 copiis
1427 2238 1543 2265 militum
1558 2237 1757 2265 adducebatur.

972 2287 1095 2314 Primum
1113 2287 1204 2321 itaque
1225 2289 1401 2313 accusatores
1422 2284 1455 2311 de
1474 2289 1550 2311 veste
1569 2284 1640 2311 linea
1653 2284 1760 2311 calum-

975 2332 1042 2360 niati
1067 2336 1142 2363 sunt.
1166 2331 1212 2358 sed
1237 2331 1311 2358 illam
1327 2330 1492 2358 calumniam
1514 2338 1568 2357 non
1583 2330 1672 2357 solum
1694 2329 1760 2365 Tyri

973 2384 1088 2411 motam,
1105 2378 1151 2406 sed
1171 2382 1199 2404 et
1217 2378 1294 2412 prius
1309 2376 1472 2405 Nicomedize
1487 2376 1521 2404 ab
1536 2376 1703 2412 imperatore
1718 2376 1761 2404 in-

972 2425 1124 2456 tellectam,
1147 2424 1214 2459 Apis
1241 2420 1280 2451 et'
1302 2423 1437 2450 Macarius
1467 2423 1608 2458 presbyter
1640 2423 1760 2451 civitatis

972 2471 1153 2503 Alexandriae,
1176 2469 1222 2504 qui
1248 2475 1304 2496 tum
1328 2469 1392 2497 illuc
1405 2477 1470 2497 casu
1485 2470 1663 2504 advenerant,
1680 2469 1762 2497 facile

973 2517 1139 2546 refutarnnt.
1167 2516 1236 2543 Hinc
1262 2515 1373 2551 quidem
1407 2520 1582 2544 accusatores
1611 2516 1761 2551 imperator

973 2570 1021 2599 per
1044 2563 1148 2590 litteras
1171 2562 1331 2598 perstrinxit
1355 2571 1362 2590 :
1383 2561 1561 2590 Athanasium
1587 2570 1652 2590 vero
1673 2563 1706 2590 ad
1729 2571 1760 2590 se

974 2609 1066 2636 venire
1080 2608 1175 2644 jussit.
1191 2607 1300 2635 Littera:
1319 2608 1353 2635 ad
1374 2608 1508 2643 synodum
1525 2607 1587 2644 Tyri
1608 2616 1760 2644 congrega-

975 2658 1031 2681 tam
1046 2656 1180 2680 venerunt
1195 2661 1202 2679 :
1219 2651 1319 2687 quibus
1335 2651 1411 2679 lectis
1435 2651 1582 2680 Eusebiani
1603 2660 1665 2680 eum
1684 2653 1761 2680 dolo-

977 2707 1033 2726 rem
1052 2702 1259 2730 contraxerunt,
1281 2705 1362 2733 quem
1387 2698 1537 2726 Athanasio
1560 2703 1639 2726 antea
1660 2699 1761 2726 intule-

736 2767 856 2796 VAlll/E
883 2765 1089 2798 LECTlONES,

164 2845 185 2862 η
202 2843 270 2878 7:96;
285 2842 328 2870 B:
345 2842 390 2878 τον
404 2850 434 2873 ς.
474 2841 495 2856 ¹⁷
513 2839 662 2878 οικείας-ς.

129 2881 167 2907 τὰ
186 2873 424 2914 ἀρῶ-φρονοῦντα
436 2884 492 2904 om.
510 2877 532 2903 Δ
581 2876 601 2890 ¹¹
618 2873 736 2908 ἀγούσης
755 2881 785 2904 ς-

713 2837 735 2853 ¹³
749 2836 880 2872 βασιλέως
898 2845 928 2869 ς.

832 2873 854 2888 ²¹
871 2873 895 2898 οἰ
910 2873 1078 2908 συκοφάνται
1097 2880 1151 2900 orn.
1170 2873 1204 2900 A.

997 2837 1017 2853 "
1031 2837 1077 2864 καὶ
1094 2837 1157 2871 Ἀρ.
1175 2836 1237 2871 βασ.
1268 2836 1316 2864 καὶ
1340 2820 1449 2872 γράμμ.
1476 2835 1537 2862 add.
1555 2835 1586 2861 A.
1635 2836 1657 2851 "
1673 2837 1762 2865 καίτοι
