1945 3073
177 157 228 188 135

757 153 889 185 ΡΗΟΤῙΙ
904 150 1155 182 PATRIARCILE
1172 150 1227 181 (ΖΡ.

1750 148 1799 181 136

173 216 237 238 rant
275 210 352 244 Quod
373 211 522 245 imperator
550 211 612 239 illos
645 210 764 243 graviter
787 211 965 238 accusasset,

1020 205 1135 240 φατρίαν
1172 204 1347 232 συνέστελλεν
1385 204 1435 240 ἤδη
1463 203 1564 240 πολλὴν
1589 204 1705 238 ῥέουσαν
1730 204 1802 230 κατά

173 257 270 286 demde
295 257 368 292 quod
392 258 528 285 calumnia
547 258 580 285 de
599 258 670 285 linea
689 262 763 284 veste
790 255 963 291 imperatoris

174 312 256 331 aures
280 308 359 331 antea
380 309 552 339 occupasset.
567 303 630 331 Haec
642 303 780 331 calumnia
793 309 856 330 cum
872 301 964 329 minus

174 350 347 384 procederet,
385 349 523 385 Ischyram
556 357 583 377 et
609 349 758 377 Macarium
797 347 964 382 producunt.

174 395 288 431 Magnus
304 403 368 423 vero
384 395 553 424 Athanasius
575 396 696 423 asseclas
716 395 837 427 Eusebii,
863 398 893 421 ut
919 393 968 420 ho-

175 448 241 475 stes.
266 443 384 478 legitima
404 443 565 477 exceptione
577 442 680 477 reiecit.
702 440 730 470 In
750 440 848 476 primis
872 444 963 467 autem

175 489 357 516 demonstrari
370 488 488 521 volebat,
510 496 544 515 an
563 488 690 523 lschyras
702 495 767 514 vere
782 490 857 514 esset
877 492 968 513 sacer-

175 534 236 566 dos,
266 534 293 561 in
320 542 402 569 quem
434 534 520 562 sacris
547 538 708 569 operantem
731 533 845 560 irruisse
860 533 967 567 tingunt

175 579 336 614 Macarium,
359 580 470 615 vimque
494 580 621 607 intulisse
648 580 762 607 missum
785 579 820 606 ab
850 578 969 606 Athana-

175 626 228 658 sio,
243 634 350 653 sacram
366 634 489 653 mensam
505 627 658 659 evertisse,
673 626 786 654 calicem
801 625 927 661 fregisse,
939 629 968 652 et

175 679 253 698 sacra
279 671 367 699 Biblia
389 672 588 699 combussisse.
618 671 670 699 Sed
691 672 737 698 hic
761 671 806 699 illa
821 672 875 699 duo
888 679 966 698 com-

176 719 251 745 muni
285 718 337 752 legi
365 718 487 753 opponit.
516 717 626 745 Iudices
645 723 734 745 autem
771 717 894 752 judicare
918 717 966 744 de-

175 769 338 797 trectarunt,
377 768 405 791 et
439 763 586 791 calumniis
621 763 816 791 confirmandis
861 768 967 797 tempus

177 815 328 838 traxerunt.
341 810 523 842 Quamobrem
533 817 628 837 eorum
641 818 702 846 quae
710 810 784 845 juste
794 810 965 842 dicta'erant,

175 857 310 883 rationem
327 856 429 882 nullam
452 855 618 883 habuerunt.
635 855 775 882 Accedunt
791 855 824 882 ad
852 862 966 882 accusa-

1022 251 1192 282 Ἀοανασίου,
1203 252 1245 278 ὅτι
1257 260 1286 278 τε
1306 251 1404 283 αὐτοὺς
1421 251 1435 277 ὁ
1451 249 1576 285 βασιλεὺς
1593 250 1735 285 ᾐτιάσατο,
1755 249 1803 276 καὶ

1015 297 1056 324 ὃτι
1071 298 1087 332 ἡ
1100 297 1171 324 κατὰ
1186 296 1235 332 τὴν
1248 297 1324 332 λινῆν
1341 296 1445 331 ἐσθῆτα
1465 295 1631 329 συκοφαντία
1645 295 1802 329 προέφθασε
1827 318 1831 329 ,

1015 343 1106 370 δοῦναι
1117 343 1163 370 τδν
1177 343 1298 378 ἔλεγχον.
1325 343 1381 376 Τῆς
1397 341 1426 368 δὲ
1443 341 1570 376 διαϐολῆς
1590 341 1692 376 ταύτης
1717 341 1787 367 ἐκπε

1017 389 1109 421 σόντες
1125 389 1161 415 τὰ
1176 390 1240 424 περὶ
1262 387 1388 423 Ὶσχύραν
1401 387 1465 423 [780
1476 387 1522 423 H.]
1539 388 1586 414 καὶ
1600 388 1742 422 Μακάριον
1756 386 1803 414 τδν

1016 434 1201 470 πρεσϐύτερον
1224 434 1420 471 προτείνουσιν.
1440 433 1469 460 '0
1486 434 1515 460 δὲ
1531 434 1615 468 σοφὸς
1645 433 1804 466 ’Δθανάσιος

1017 481 1210 517 παρεγράφετο
1223 482 1246 497 ⁸³
1261 481 1312 516 μὲν
1324 481 1396 507 κατὰ
1405 480 1505 515 νόμους
1517 480 1645 515 πράττων
1658 480 1721 512 τοὺς
1735 488 1804 515 προσ

1016 529 1112 561 (pavet;
1126 528 1252 563 ἐχθροὺς,
1269 526 1401 554 Εὺσέϐιόν
1413 535 1485 561 φημι
1498 526 1545 553 καὶ
1558 526 1620 557 τοὺς
1635 525 1802 561 ὁμόφρονας,

1015 571 1091 608 ἠξίου
1104 572 1132 598 δὲ
1147 572 1200 607 πρὸ
1217 572 1326 599 πάντων
1345 571 1470 606 Ἰσχύραν
1497 569 1682 605 ἐπιδειχθῆναι
1694 569 1718 585 ³⁸
1734 578 1804 604 πρε-

1017 618 1158 653 σϐύτερον,
1174 615 1205 645 οὗ
1219 617 1442 652 λειτουργοῦντος
1453 617 1629 643 ἐπεισπεσείν
1644 615 1775 642 ἔπλαττεν
1786 615 1804 651 ἠ

1016 663 1172 698 κατηγορία
1189 662 1237 690 τὸν
1253 663 1398 697 Μακάριον
1415 661 1486 689 κατὰ
1499 661 1648 697 λῃστρικὴν
1665 660 1760 695 ἔφοδον
1775 661 1804 694 ἐξ

1016 709 1170 744 ἀποστολῆς
1197 709 1367 740 Ἀθανασίου,
1396 709 1444 735 καὶ¹
1472 708 1624 743 ἀνατρέψαι
1646 707 1697 742 τὴν
1728 707 1805 742 ἱερὰν

1017 753 1166 788 τράπεζαν,
1184 754 1274 781 καὶτὸ
1296 754 1428 789 μυστικὸν
1449 753 1580 785 κατεάξαι
1601 754 1741 788 ποτήριον,
1757 752 1806 781 καὶ

1016 800 1051 826 τὰ
1060 799 1111 835 τῆς
1124 800 1199 832 θείας
1213 800 1233 826 Γ
1236 801 1325 835 ραφῆς
1342 799 1422 835 ἡμῶν
1437 799 1526 834 βιϐλία
1542 798 1610 832 πυρὶ
1624 797 1802 833 παραδοῦναι.

1023 845 1093 872 Ἀλλ’
1109 847 1123 872 ὸ
1139 846 1188 881 μὲν
1205 846 1240 872 τὰ
1251 845 1298 872 δύο
1313 845 1402 872 ταῦτα
1425 845 1501 879 νόμῳ
1522 844 1607 880 κοινῷ
1623 843 1804 879 άντεπαρετί-

176 901 276 928 tionem
302 900 413 928 Macarii
436 905 462 927 et
477 900 604 936 lscbyrae.
619 905 647 927 et
662 898 847 934 promptitudo
867 898 967 934 ἧσθαι

1020 891 1092 918 Der“
1108 892 1156 919 καὶ¹
1173 891 1424 926 ἀντεπρουὸάλλετο
1436 899 1444 907 ·
1466 892 1491 918 οί
1511 891 1538 918 δὲ
1554 890 1647 926 κριταὶ
1665 890 1725 924 οὐχὶ
1745 889 1807 924 κρί-

174 944 401 972 calumniantium
434 948 494 971 erat
533 942 713 970 intolerabilis
737 951 745 970 :
772 942 863 976 inopia
902 949 966 970 vero

176 990 203 1016 in
217 989 430 1017 demonstrando
461 997 495 1017 ac
530 990 681 1024 probando,
709 988 876 1016 alacritatem
906 988 967 1015 illo-

182 1043 243 1062 rum
278 1035 402 1063 fraudem
435 1043 516 1068 esse,
548 1043 580 1063 ac
616 1034 780 1062 maleﬁcium
820 1034 967 1069 impietatis

173 1086 259 1116 alque
291 1081 399 1109 invidia:
429 1081 600 1110 ostendebat.
625 1080 700 1108 Mora
719 1085 810 1107 autem
829 1087 861 1107 ac
891 1080 966 1112 dolo,

177 1126 293 1161 repulsa:
312 1126 432 1153 dedecus
455 1131 589 1162 tegentes,
619 1125 734 1152 mittunt
763 1126 789 1152 in
818 1124 966 1152 Mareotem

177 1171 305 1199 factionis
345 1171 469 1205 ejusdem
523 1171 668 1202 homines,
720 1170 882 1198 simulantes
934 1178 968 1197 eo

178 1217 205 1244 in
220 1217 281 1244 loco
299 1224 413 1244 examen
434 1224 541 1248 eorum,
566 1224 628 1251 qum
652 1216 688 1243 ibi
702 1221 779 1252 gesta
795 1221 897 1247 essent,
909 1216 968 1243 fieri

177 1268 313 1298 oportere.
337 1262 405 1290 Cum
428 1268 519 1290 autem
538 1262 704 1289 Athanasius
721 1262 825 1289 videret
837 1269 885 1290 eos
898 1262 967 1289 mitti

177 1316 248 1343 quos
266 1307 398 1342 reiecerat
407 1307 524 1342 judices,
549 1306 860 1342 Theogonium,Marin,
880 1306 969 1334 Theo-

173 1354 294 1386 dorum,
330 1352 531 1385 Macedoniam,
555 1352 712 1386 Ursacium,
737 1353 916 1388 proclamavit
941 1357 970 1380 et

174 1403 347 1426 coulestatus
362 1403 404 1426 est
422 1400 551 1426 omnibus
572 1398 691 1426 maxime
717 1398 891 1425 manifestam
907 1405 970 1426 esse

176 1444 328 1479 injuriam:
351 1444 500 1472 Macarium
525 1452 635 1479 quoque
653 1445 843 1480 presbyterum
867 1444 896 1471 in
909 1444 971 1472 vin-

179 1490 249 1517 culis
273 1490 380 1523 baberi,
405 1490 544 1525 qui'prior
561 1491 767 1518 accusationem
792 1491 968 1523 instituisset,

178 1541 366 1563 accusatorem
388 1544 453 1564 vero
474 1536 614 1572 Ischyram
629 1537 780 1572 illegitimis
801 1537 912 1572 adiungi
926 1536 970 1572 ju-

178 1583 295 1612 dicibus.
311 1583 380 1611 Cum
398 1583 502 1612 videret
514 1585 617 1612 nullam
637 1585 680 1612 sui
698 1585 831 1612 rationem
847 1592 863 1612 a
879 1583 969 1611 Patri-

179 1631 230 1658 bus
243 1631 270 1658 in
293 1630 398 1666 synodo
435 1630 543 1663 haberi,
577 1631 647 1658 clam
672 1631 741 1666 ipsis
758 1631 887 1664 decessit,
897 1635 924 1659 et
936 1631 969 1658 ad

174 1677 371 1713 imperatorem
406 1677 486 1711 quasi
513 1677 665 1705 accersitus
678 1677 804 1705 accessit.
828 1677 880 1710 Qui
906 1685 971 1705 vero

179 1723 258 1750 missi
272 1727 350 1750 erant
365 1723 392 1750 in
414 1722 561 1751 Mareotem
575 1730 607 1750 ex
617 1730 670 1750 una
678 1723 765 1750 solum
778 1729 854 1758 parte
863 1723 971 1759 (quem-

180 1769 326 1797 admodum
348 1769 401 1796 illis
425 1769 598 1796 mendacium
621 1773 701 1803 atque
719 1768 822 1796 invidia
853 1770 971 1804 impera-

182 1814 252 1848 bat),
266 1813 339 1840 facto
357 1814 543 1842 accusationis
557 1814 660 1846 libello.
672 1815 706 1842 ad
718 1815 852 1850 synodum
868 1816 971 1844 reversi

181 1864 256 1889 sunt.
269 1867 330 1893 qua:
345 1859 467 1896 synodus
483 1864 563 1887 antea
577 1859 633 1895 jam
645 1860 774 1887 absentiae
789 1867 873 1888 causa
893 1868 972 1888 sanc-

182 1910 240 1933 tum
262 1905 443 1932 Athanasium
460 1905 669 1933 condemnarat.
686 1904 755 1933 Cum
769 1911 860 1934 autem
874 1906 970 1933 rediis-

181 1955 253 1983 sent,
270 1950 527 1978 condemnationem
542 1950 742 1978 confirmarunt
757 1952 851 1979 multis
865 1951 969 1979 calum-

181 1995 237 2023 niis
253 1994 365 2025 additis,
391 2001 418 2022 et
434 1994 595 2023 festinantes
618 1995 690 2030 Tyro
703 1995 918 2032 Hierosolymam
935 1997 969 2024 ad

182 2040 280 2068 festum
302 2041 518 2069 consecrationis
542 2041 676 2074 ecclesiae,
700 2041 813 2071 nefariis
842 2043 970 2070 nimirum

181 2093 214 2113 ac
233 2086 346 2121 pollutis
359 2085 499 2119 manibus,
520 2086 640 2119 iverunt,
654 2087 701 2122 qui
722 2088 815 2115 statim
842 2095 874 2115 eo
889 2095 971 2116 vene-

182 2136 248 2158 runt
271 2136 299 2158 et
312 2131 458 2158 Eusebiani
479 2131 574 2158 Arium
601 2132 723 2166 praefecti
748 2132 808 2159 loco
824 2133 969 2168 recipiunt.

182 2175 290 2203 Fideles
306 2183 403 2203 omnes
422 2177 540 2203 aversati
553 2181 618 2203 sunt
628 2176 798 2208 deﬁnientes,
811 2182 840 2204 ut
853 2178 971 2206 Alexan-

1017 947 1083 971 νειν,
1110 939 1150 971 είς
1169 939 1198 965 δὲ
1209 939 1232 955 ³³
1258 939 1289 965 τὸ
1308 938 1454 974 κρατύνειν
1479 946 1527 973 την
1543 937 1725 971 συκοφαντίαν
1745 935 1806 962 ὃλον

1017 983 1118 1011 ἔτεινον
1133 984 1179 1010 τὸν
1197 983 1337 1017 λογισμόν.
1363 983 1408 1010 Διὸ
1439 983 1519 1024 λόγον
1545 982 1595 1017 μὲν
1615 982 1669 1008 τῶν
1694 980 1806 1010 δικαίως

1016 1028 1171 1064 λεγομένων
1192 1028 1287 1055 οὺδένα
1312 1025 1395 1062 εἶχον,
1424 1027 1564 1061 είσάγεται
1584 1025 1612 1052 δὲ
1637 1026 1654 1061 ή
1671 1025 1735 1060 περὶ
1759 1024 1807 1051 τδν

1017 1074 1158 1110 Μακάριον
1184 1074 1233 1102 καὶ
1259 1073 1384 1109 Ἰσχύραν
1407 1072 1603 1108 κατηγορία¹⁷.
1624 1071 1680 1098 Καὶ
1702 1071 1732 1097 τὺ
1756 1070 1806 1105 μὲν

1018 1120 1159 1156 πρόθυμον
1173 1117 1207 1156 ἧν
1229 1120 1283 1146 τῶν
1303 1119 1481 1153 συκοφαντῶν
1504 1118 1654 1153 ἀφόρητον,
1668 1117 1699 1144 τὸ
1714 1116 1743 1142 δὲ
1755 1116 1806 1150 τῆς

1017 1164 1182 1196 ἀποδείξεως
1191 1164 1293 1200 ἄπορον
1303 1165 1353 1198 τὴν
1365 1163 1521 1199 προθυμίαν
1530 1163 1633 1190 ἐδείκνυ
1647 1161 1807 1193 δυσσεϐείας

1019 1210 1068 1237 καὶ
1080 1209 1179 1245 φθόνου
1201 1210 1395 1245 κακούργημα.
1421 1209 1590 1244 Ὑπερϐἐσει,
1606 1208 1635 1235 δὲ
1653 1208 1700 1235 καὶ
1724 1207 1806 1242 τέχνῃ

1017 1257 1067 1292 τὴν
1089 1257 1141 1290 τῆς
1166 1257 1315 1291 ἀποτυχίας
1331 1256 1462 1292 αἰσχύνην
1486 1255 1677 1287 συσκιάζοντες
1689 1255 1712 1270 ’³
1739 1253 1807 1289 πρὸς

1019 1302 1064 1330 τὸν
1077 1302 1231 1337 Μαρεώτην
1245 1303 1296 1337 τῆς
1311 1303 1400 1329 αὐτῶν
1413 1302 1568 1338 συμμορίας
1585 1300 1807 1331 ἀποστέλλουσιν,

1021 1347 1101 1384 [1455
1117 1347 1164 1384 8.]
1176 1349 1266 1375 ἐκεῖσε
1277 1348 1327 1384 τὴν
1340 1349 1443 1380 ἕτασιν,
1455 1349 1484 1375 ὲν
1499 1344 1521 1382 ᾧ
1536 1349 1553 1384 ὴ
1565 1346 1664 1382 πρᾶξις
1676 1346 1806 1382 προῆλθε,

1019 1394 1079 1421 δέον
1094 1394 1222 1429 γενέσθαι
1235 1395 1483 1430 προφασισάμενοι.
1508 1394 1551 1426 Ὠς
1564 1393 1587 1421 δ’
1605 1392 1704 1421 εἶδενιὸ
1727 1392 1808 1420 Ἀθα-

1021 1440 1113 1472 vasto:
1141 1440 1187 1472 οὓς
1231 1441 1457 1475 παρεγράψατο³³
1486 1440 1584 1476 κριτὰς
1615 1438 1808 1474 στελλομένους

1022 1486 1176 1522 (Θεογόνιος
1189 1486 1211 1502 ³ο
1226 1486 1281 1522 γὰρ
1294 1484 1328 1522 ἦν
1347 1487 1395 1513 καὶ
1419 1486 1519 1521 Μάρης
1534 1486 1581 1512 καὶ
1603 1485 1741 1521 Θεόδωρος
1761 1484 1809 1511 καὶ¹

1021 1531 1189 1564 Μακεδόνιος
1205 1531 1254 1558 καὶ
1270 1532 1292 1547 ³³
1313 1532 1487 1567 Οὺρσάκιος),
1509 1530 1711 1567 διεμαρτύρατο
1740 1531 1809 1557 πᾶσι

1020 1577 1052 1604 τὺ
1069 1578 1303 1613 περιφανέστατον
1313 1578 1335 1593 ³³
1353 1576 1401 1604 τοῦ
1428 1577 1610 1612 ἀδικήματος,
1630 1576 1677 1603 καὶ
1693 1576 1733 1602 ὅτι
1747 1575 1808 1602 Μα-

1020 1624 1116 1660 κάριος
1135 1624 1184 1660 μὲν
1207 1625 1222 1651 ὁ
1239 1624 1348 1660 πρῶτος
1370 1623 1419 1659 τὴν
1445 1623 1554 1659 γραφὴν
1571 1622 1753 1657 ὑφιστάμενος
1779 1622 1808 1648 ἐν

1022 1670 1142 1706 σιδήροις
1153 1667 1200 1706 ἦν,
1221 1669 1346 1705 Ίσχύρας
1360 1669 1383 1696 δ’
1398 1670 1412 1696 ὁ
1425 1669 1578 1704 κατήγορος
1590 1669 1647 1700 τοῖς
1663 1668 1809 1703 ὲκθέσμοις

1020 1717 1128 1752 κριταῖς
1142 1715 1333 1743 συνετέτακτο.
1360 1715 1404 1747 Ὧς
1420 1715 1442 1741 δ’
1457 1715 1487 1741 οὑ
1504 1715 1648 1750 προσεῖχον
1663 1714 1680 1749 ἡ
1699 1713 1808 1745 σύνοδος

1019 1759 1061 1794 οἷς
1078 1763 1174 1798 ῂτιᾶτο
1188 1762 1234 1789 καὶ
1245 1761 1445 1797 διεμαρτύρετο
1454 1762 1487 1793 ³³,
1500 1760 1634 1788 διαλαθὼν
1650 1760 1718 1797 πρὸς
1735 1761 1810 1795 βασι-

1020 1808 1079 1841 λέα,
1097 1808 1144 1835 ἆτε
1157 1808 1189 1843 δὴ
1202 1807 1250 1835 καὶ
1265 1807 1458 1843 μετακληθεὶς,
1470 1807 1657 1843 ἀνεχώρησεν.
1673 1807 1706 1832 οι
1718 1806 1747 1833 δὲ
1761 1804 1809 1832 τοῦ

1020 1854 1172 1888 Μαρεώτου
1197 1854 1291 1889 κριταὶ
1310 1854 1343 1880 ἐκ
1369 1854 1562 1889 μονομερείας,
1593 1852 1632 1885 ὡς
1656 1853 1748 1885 αὐτοῖς
1778 1852 1811 1880 τὸ

1019 1900 1115 1935 ψεῦδος
1131 1900 1202 1928 καὶὸ
1216 1900 1313 1935 φθόνος
1332 1900 1491 1932 ἐπέταττεν,
1508 1900 1694 1935 ὑπομνήματα
1711 1908 1811 1926 συντα-

1021 1946 1132 1981 ξάμενοι
1154 1945 1223 1981 πρὸς
1246 1945 1296 1980 τὴν
1322 1945 1432 1972 σύνοδον
1456 1945 1622 1981 ἐπανῄεσαν.
1650 1945 1724 1979 Αὐτὴ
1736 1944 1758 1960 ³⁸
1769 1944 1809 1977 δὲ,

1021 1993 1086 2027 πρὶν
1102 1992 1119 2026 ἦ
1142 1991 1347 2027 παραγενέσθαι
1366 1991 1490 2025 τούτους,
1516 1992 1623 2027 ἐρήμην
1651 1990 1810 2017 Ἀθανασίου

1022 2037 1217 2073 κατεδιῄτησε⁸
1242 2038 1471 2074 παραγεγονότων
1483 2037 1512 2064 δὲ
1527 2038 1577 2072 τήν
1604 2045 1634 2064 τε
1650 2036 1812 2072 καθαίρεσιν

1022 2083 1202 2119 ἐπεκύρωσαν
1221 2084 1270 2110 καὶ
1280 2083 1426 2119 λοιδορίαις
1437 2082 1607 2118 ἐπηύξησαν.
1631 2083 1687 2109 Καὶ
1703 2091 1812 2118 παραυ-

1021 2131 1086 2157 τίκα
1109 2130 1178 2165 πρὸς
1206 2129 1256 2165 τὴν
1283 2129 1447 2164 καθιέρωσιν
1474 2129 1524 2164 τῆς
1550 2130 1579 2156 ἐν
1615 2129 1812 2164 Ἰεροσολύμοις

1023 2175 1174 2210 ἐκκλησίας
1185 2176 1210 2201 oi
1221 2175 1252 2201 τὸ
1264 2175 1436 2210 ἱερουργικὺν
1447 2174 1477 2207 ἐξ
1489 2172 1526 2201 ὧν
1541 2174 1661 2210 ἔπραξαν
1673 2176 1814 2206 ἀνοσιουρ-

181 2221 247 2247 dria:
261 2220 344 2246 Arius
354 2227 461 2250 eorum.
473 2220 616 2254 dequibus
631 2225 819 2253 accusaretur,
836 2222 968 2249 rationem

1024 2223 1155 2256 γήσαντες
1184 2220 1286 2256 σπουδῇ
1310 2220 1520 2256 παραγίνονται.
1547 2221 1603 2247 Καὶ
1630 2221 1676 2246 τὸν
1702 2221 1812 2256 Ἀρειον

183 2265 317 2296 redderet,
337 2272 420 2299 quam
438 2265 484 2292 ubi
508 2265 635 2298 accessit,
652 2270 749 2300 captus
762 2271 813 2294 est.
830 2266 897 2294 Dum
917 2268 976 2297 haec

183 2310 221 2337 ita
232 2315 374 2345 geruntur,
399 2311 512 2339 reddita:
531 2316 597 2339 sunt
622 2312 797 2348 imperatoris
817 2314 924 2347 littera,
948 2320 977 2342 ut

183 2354 350 2382 Athanasius
369 2355 402 2383 ad
424 2356 514 2390 ipsum
536 2358 651 2391 veniret,
673 2357 813 2393 iubentes,
835 2363 861 2386 et
881 2361 976 2388 Ariani

183 2408 291 2435 quoque
313 2402 518 2437 quamprimum
544 2402 812 2439 Constantinopolim
837 2405 976 2434 venirent.

186 2446 232 2475 Ila:
249 2446 345 2474 litterae
366 2448 523 2475 maestitiam
552 2450 655 2485 synodo
681 2455 854 2485 pepererunt.
871 2451 976 2484 Quam-

183 2495 277 2521 obrem
295 2494 407 2528 plurimi
420 2495 532 2523 domum
548 2497 664 2532 regressi
687 2500 750 2524 sunt
765 2497 899 2526 Eusebius
912 2506 977 2528 vero

184 2545 212 2567 et
224 2540 402 2575 Theogonius
416 2541 526 2569 interim
543 2542 579 2570 ibi
593 2550 697 2570 moram
720 2543 827 2571 trahere
853 2544 979 2573 decreve-

187 2591 260 2619 runt,
287 2586 420 2621 temporis
443 2593 520 2613 mora
548 2586 652 2614 solvere
677 2594 822 2615 maerorem
851 2587 977 2623 cogitari.

185 2637 236 2660 tes.

1025 2268 1174 2295 ἐπιστάντα
1188 2268 1214 2294 οι
1236 2267 1286 2303 μὲν
1315 2268 1378 2303 περὶ
1399 2267 1528 2294 Εὑσέὸιον
1545 2267 1670 2301 ἀσμένως
1699 2266 1814 2302 προσδέ-

1025 2321 1127 2347 χονται,
1160 2313 1184 2339 oi
1207 2312 1235 2339 δὲ
1253 2312 1304 2347 τῆς
1330 2312 1413 2349 ὀρθῆς
1438 2312 1653 2347 ἀπεστράφησαν
1683 2311 1814 2344 πίστεως,

1025 2359 1169 2393 ὁρίσαντες
1186 2360 1215 2385 ἐν
1238 2359 1429 2394 Ἀλεξανδρείᾳ
1444 2359 1490 2385 τὸν
1505 2358 1583 2393 λόγον
1597 2358 1709 2393 ὑπέχειν
1729 2355 1767 2385 ὧν
1784 2360 1814 2385 ὲν

1028 2405 1105 2441 αἰτίᾳ
1119 2405 1294 2432 καθίσταται·
1304 2402 1356 2441 ἐνῇ
1370 2405 1417 2431 καὶ
1423 2405 1444 2421 ³³
1457 2403 1653 2439 παραγεγονὼς
1664 2404 1747 2432 ἐάλω.
1769 2405 1815 2431 Ἐν

1024 2451 1133 2483 τούτοις
1158 2451 1188 2478 δὲ
1211 2451 1266 2477 τῶν
1294 2450 1490 2486 πραττομένων
1522 2450 1692 2485 κινουμένων
1718 2450 1815 2485 φθάνει

1026 2498 1180 2533 γράμματα
1204 2497 1252 2524 τοῦ
1270 2496 1410 2532 βασιλέως,
1426 2496 1473 2522 καὶ
1495 2495 1654 2523 Ἀθανάσιον
1677 2496 1745 2531 πρὸς
1768 2496 1816 2521 αύ-

1024 2544 1071 2571 τὸν
1086 2543 1297 2578 ἀπαγγέλλοντα
1311 2543 1390 2578 ἥκειν
1405 2543 1453 2569 καὶ
1477 2543 1577 2575 αὐτοὺς
1593 2543 1640 2570 ἐπὶ
1668 2543 1717 2577 τὴν
1734 2542 1814 2576 βασις

1026 2589 1086 2617 λίδα
1100 2590 1323 2626 παραγενέσθαι·
1340 2590 1388 2616 καὶ
1408 2591 1449 2622 εἰς
1473 2590 1595 2625 ἀγωνίαν
1620 2588 1750 2625 ἐμϐάλλει
1765 2587 1815 2623 τὴν

1029 2637 1150 2665 σύνοδον.
1177 2637 1222 2664 Διδ
1246 2637 1272 2664 ol
1298 2636 1407 2668 πλείους
1425 2636 1475 2672 μὲν
1500 2636 1589 2663 αὐτῶν
1602 2636 1642 2667 είς
1666 2635 1699 2662 τά
1726 2634 1815 2660 οἰκεῖα

779 2718 894 2747 νΑΒιΑΞ
923 2718 1127 2747 LECTIONES.

224 2763 247 2779 ³³
260 2763 461 2806 περιεγράφετο
472 2771 516 2806 ςί.
543 2763 566 2778 ³⁵
576 2763 770 2806 ἀποδειχθῆναι
780 2774 799 2798 ς
809 2785 817 2793 .
855 2767 878 2783 ¹¹
895 2767 1098 2806 ᾁχτιπαρετίθει
1110 2767 1164 2806 Δκαὶ
1181 2765 1429 2806 ἀντικρουσάλλετο
1436 2767 1491 2806 5.“
1511 2765 1534 2780 "
1548 2765 1587 2806 sic
1601 2763 1648 2806 δη,
1657 2763 1814 2806 ἀλλξξῑςμΒ-

187 2798 208 2813 ³⁷
226 2800 392 2834 κατηγορίαν
408 2807 439 2830 ς.

189 2840 249 2860 rum
268 2834 314 2861 καὶ
338 2834 400 2862 add.
417 2835 453 2861 Α.

187 2875 244 2896 orti.
260 2868 291 2896 Β.

495 2799 517 2814 ³⁸
535 2799 725 2831 συσκιάζοντες
755 2800 781 2834 Α
793 2821 801 2833 ,
822 2799 1003 2834 σκευάζοντες
1015 2810 1045 2834 ς.

499 2833 522 2850 ³³
538 2833 784 2873 περιφανέστατον]
808 2838 900 2864 malim
914 2833 917 2834 ⁷
930 2833 1077 2873 περιφανές
1099 2845 1139 2865 τε.
1170 2833 1176 2838 ⁷
1190 2837 1212 2853 ³³

1711 2799 1731 2814 ³³
1748 2799 1817 2826 alte-

1110 2802 1132 2818 ”
1147 2800 1340 2864 προεγὲάψατο
1365 2803 1395 2829 Α.
1435 2802 1457 2818 ³⁸·
1473 2800 1613 2834 Θεογένιος
1628 2800 1657 2825 Β.
1711 2800 1731 2814 ³³
1748 2800 1817 2826 alle-

1110 2845 1139 2864 re.
1190 2837 1212 2853 “
1252 2836 1437 2864 ιειιαοτύοατο
1452 2845 1483 2864 ς.
1533 2835 1555 2851 ⁸⁵
1569 2833 1637 2864 αὕτη
1654 2841 1684 2864 ς.
1733 2833 1754 2850 ³⁵
1771 2835 1818 2861 καὶ

1252 2833 1437 2874 ιεμαρτύρατο
1452 2845 1483 2869 ς.
1533 2835 1555 2851 ⁸⁵
1569 2833 1637 2869 αὕτη
1654 2841 1684 2865 ς.
