1952 3072
175 163 227 198 139

751 163 884 194 PHOTII
904 163 1157 194 PATRIARCHIE
1176 164 1233 196 (ΣΡ.

1755 163 1805 197 140

173 220 284 256 θρωπος
310 218 361 245 οὑκ
390 217 607 254 ὲμακροθύμησε
621 217 695 254 δίκη,
711 218 772 250 ταῖς
788 218 817 245 δὲ
831 217 879 245 τοῦ
898 218 972 254 ῑεροῦ
999 218 1176 255 Ἀλεξάνδρου
1188 218 1463 257 παροξυνθεῖσαΓ182
1491 221 1527 258 ﬁ]
1543 220 1708 257 προσευχαῖς
1737 221 1805 258 αὑτῇ

173 266 279 303 αἱρέσει
294 264 424 291 ἐκκόπτει
452 265 498 292 τὸν
523 265 645 300 Ἀρειον,
665 264 713 291 καὶ
733 263 789 292 τῶν
802 264 966 300 σπλάγχνων
985 265 1068 292 αὐτοῦ
1097 266 1196 302 ἁθρόον
1226 266 1412 295 διαπεσόντων
1446 269 1570 296 κάτωθεν
1590 269 1644 305 τῆς
1665 269 1737 304 ζωῆς
1754 270 1807 297 ἀπ.

172 314 328 343 ελαύνεται.

210 362 310 391 Statim
338 361 420 397 igitur
442 361 551 395 Ariani,
567 361 649 396 paulo
675 366 756 390 antea
783 361 880 397 quieti,
907 367 963 397 post

1055 359 1163 395 Μικρὸν
1178 359 1206 386 δὲ
1223 358 1278 385 τῶν
1296 358 1327 391 ἐξ
1348 359 1456 394 Ἀρείου
1478 360 1719 396 ἐφησυχασάντων,
1731 359 1808 393 αὖθις

171 410 264 438 omnia
286 409 462 442 conturbant,
477 412 660 444 opportunam
674 416 704 436 se
725 413 822 436 nactos
839 408 966 436 occasio-

171 464 233 484 nem
249 455 300 483 rati
319 460 443 490 tempore
458 454 548 482 exsilii
569 454 725 482 Athanasii.
749 454 805 483 Sed
828 454 875 483 Dei
899 462 965 490 pro-

170 502 290 530 videntia
302 501 441 537 praevertit
456 508 514 534 eos,
528 500 710 528 Athanasium
727 501 761 529 ab
774 501 871 530 exsilio
885 508 964 529 revo-

170 556 238 577 cans
256 548 338 584 regiis
359 548 455 576 litteris
472 556 480 576 :
504 547 604 582 quibus
626 547 701 575 illum
722 547 860 576 Constans
885 547 966 576 Occi-

109 609 112 612 ~
170 595 259 623 dentis
294 594 442 629 imperator
472 593 656 626 Alexandriae,
696 598 850 621 commeatu
889 593 964 626 dato,

170 640 302 673 restituit,
336 644 363 667 et
389 643 524 675 quotquot
556 639 702 667 orthodoxi
727 644 821 667 errant
849 639 965 667 libenter

169 691 310 722 pastorem
333 690 524 721 susceperunt.
546 685 674 714 Haeretici
702 689 797 713 contra
814 685 965 714 seditiones

170 737 291 765 movent.
306 739 368 768 quae
379 739 491 760 causam
507 732 692 759 exhibuerunt
712 731 823 760 Eusebii
837 732 962 766 asseclis,

169 777 356 806 calumniandi
371 784 435 804 eum
449 777 522 812 apud
549 777 743 812 imperatorem
758 775 962 810 Constantium,

170 828 198 852 et
207 824 352 852 calumniis
376 824 445 851 adeo
471 824 667 858 imperatorem
682 823 716 850 ad
731 822 802 850 iram
821 830 963 858 provoca-

168 874 245 903 runt,
263 874 294 897 ut
312 877 376 897 eum
402 869 502 896 iterum
525 869 623 897 exsilio
637 868 791 896 damnaret.
813 867 847 896 Hi
864 868 964 896 mortui

169 914 313 949 cujusdam
328 921 408 941 manu
422 918 525 941 resecta
544 914 580 941 ad
596 913 763 941 calumniam
789 918 885 942 sancto
904 913 964 942 viro

169 960 322 988 faciendam
335 959 415 987 abusi
442 964 514 987 sunt.
528 959 647 987 Arsenio
662 959 736 987 enim
758 959 870 987 cuidam
889 959 964 988 dice-

167 1006 235 1033 bant
245 1005 280 1033 ab
297 1005 448 1033 Athanasio
461 1010 630 1041 amputatum
647 1013 719 1039 esse,
736 1013 792 1041 qua
809 1006 842 1034 ad
860 1007 962 1034 veneﬁ-

168 1053 242 1079 cium
258 1055 392 1080 uteretur.
977 1041 1000 1070 Β

1018 406 1125 433 ἅπαντα
1152 403 1276 437 κινοῦσι,
1304 403 1334 430 τὺ
1364 404 1509 440 ὑπερόριον
1545 405 1705 433 Ἀθανασίου
1737 407 1807 441 μέγα

1016 453 1099 480 ὅπλον
1111 451 1205 484 αὺτοῖς
1226 452 1267 484 είς
1281 451 1312 478 τὸ
1326 451 1556 486 καταπράξασθαι
1572 450 1590 478 ἂ.
1603 451 1751 478 διενοοῦντο
1764 460 1807 478 νο-

1018 499 1154 534 μίζοντες.
1178 497 1249 524 Ἀλλ’
1263 498 1281 533 ἡ
1303 497 1362 524 θεία
1379 497 1492 532 πρόνοια
1509 497 1560 532 τὴν
1584 496 1674 523 αὐτῶν
1690 497 1807 532 σπουδὴν

1018 544 1215 581 προφθάνουσα
1240 544 1398 571 Ἀθανάσιον
1424 542 1557 577 ἐπανάγει
1577 542 1626 576 τῆς
1649 543 1806 578 ὑπερορίας,

1015 591 1179 627 γράμμασιν
1202 590 1385 626 ὠχυρωμένον
1402 589 1562 625 βασιλικοῖς,
1579 585 1619 620 οἷς
1633 588 1714 615 αὑτὸν
1726 590 1740 615 ό
1758 589 1808 624 τῆς

1015 636 1118 669 δύσεως
1129 636 1199 672 έχων
1209 636 1240 663 τὸ
1258 635 1397 671 σκῆπτρον
1415 634 1547 666 Κώνστας
1562 634 1711 669 ἐφοδιάζων
1730 634 1754 651 ’⁸⁸
1768 635 1807 667 είς

1024 683 1229 718 Ἀλεξάνδρειαν
1243 682 1430 714 ἐξαπέστειλε.
1449 682 1504 709 Καὶ
1517 681 1612 717 ἥδιστα
1626 681 1676 717 μὲν
1691 681 1736 709 τὸν
1749 689 1807 708 ποι-

1017 729 1096 764 μένα,
1115 729 1172 756 ὅσοι
1198 728 1249 761 τῆς
1267 727 1423 763 ὀρθοδοξίας
1438 724 1519 762 ἦσαν,
1536 726 1670 761 ἐδέχοντο·
1686 725 1718 753 τὺ
1733 726 1757 753 δ’
1769 727 1807 753 αι-

1015 775 1120 810 ρετίζον
1142 775 1252 807 στάσεις
1280 774 1411 806 ἀνεκίνει,
1436 773 1560 806 καὶτοῖς
1586 773 1651 809 περὶ
1676 773 1806 800 Εὑσέϐιον

1014 821 1144 857 ἀφορμὰς
1164 822 1296 857 παρεῖχον
1312 819 1497 848 ὲνδιαὸάλλειν
1519 820 1602 847 πάλιν
1626 819 1672 846 τὸν
1692 819 1806 847 Ἀθανά-

1015 878 1072 897 σιον
1098 870 1167 906 πρὸς
1195 870 1398 898 Κωνστάντιον.
1421 869 1479 896 Καὶ
1498 869 1626 896 τοσοῦτον
1641 870 1702 900 ταῖς
1716 868 1805 895 διαϐοω

1013 915 1075 948 λαῖς
1095 917 1135 948 είς
1149 916 1236 952 ὀργὴν
1256 916 1302 943 τὸν
1318 916 1478 952 εὖρίπιστον
1502 915 1692 951 ἁνερῤίπισαν,
1706 914 1744 946 ὡς
1758 914 1807 941 αὑ·

1013 963 1078 989 τίκα
1097 963 1180 990 πάλιν
1197 963 1347 999 ὑπερορίαν
1370 964 1440 990 κατά
1456 962 1503 990 τοῦ
1529 962 1608 996 ἁγίου
1624 961 1805 997 ψηφίσασθαι.

1014 1003 1098 1034 Οὗτοι
1115 1008 1164 1035 καὶ
1177 1007 1274 1044 νεκροῦ
1289 1017 1362 1040 τινος
1376 1009 1456 1044 χεῖρα
1477 1008 1519 1039 εἰς
1532 1007 1613 1035 ὅπλον
1626 1006 1806 1041 συκοφαντίας

1015 1053 1085 1079 κατὰ
1094 1053 1142 1080 τοῦ
1158 1054 1232 1081 ὁσίου
1248 1054 1417 1089 ἐκκόψαντες
1430 1053 1648 1081 καθωπλίσαντο-
1666 1053 1805 1088 ’Δρσενίου

167 1100 197 1128 δὲ
211 1098 314 1135 ταύτην
327 1099 351 1116 ⁸⁸
367 1099 515 1136 ἐφήμιζον,
550 1098 596 1127 καὶ
634 1099 687 1126 ὑπὸ
719 1098 879 1126 Ἀθανασίου
901 1099 950 1135 μὲν
985 1100 1163 1136 ἐκκεκόφθαι,
1190 1099 1262 1128 εἶναι
1289 1101 1318 1128 δὲ
1349 1101 1424 1137 αὺτῷ
1443 1100 1547 1137 ταύτην
1567 1099 1688 1136 μανικῆς
1707 1099 1804 1136 τέχνης

168 1148 295 1184 ὅργανον.

204 1194 287 1229 Atqui
304 1193 395 1222 exsilii
405 1193 549 1222 decretum
564 1193 687 1221 nondum
712 1192 810 1227 fertur,
827 1193 875 1221 sed
892 1200 960 1221 con-

169 1240 264 1268 cilium
290 1238 370 1276 Tyri,
384 1240 532 1267 mandante
563 1239 735 1272 Constantio,
751 1239 848 1274 agitur.
879 1238 962 1274 Igitur

168 1286 334 1314 Archelaum
376 1285 578 1318 domesticum,
621 1285 772 1320 eademque
798 1284 962 1313 sentientem

169 1331 254 1359 mittit
273 1330 376 1367 Tyrum
392 1338 454 1358 cum
470 1330 586 1366 praeside
610 1330 769 1362 thnicite,
794 1334 823 1358 ut
845 1329 962 1357 concilio

170 1384 231 1405 cum
243 1376 406 1404 Eusebianis
421 1376 560 1407 intersint,
575 1380 675 1411 etquae
689 1375 822 1403 adversus
837 1375 961 1403 Athana-

169 1423 239 1451 slum
260 1423 428 1454 dicerentur,
451 1422 616 1457 expendant.
640 1421 759 1457 Tempus
784 1422 876 1457 itaque
897 1421 962 1457 Tyri

169 1471 359 1500 extraxerunt,
387 1473 470 1494 mora:
504 1466 625 1493 colorem
660 1465 738 1501 impii
766 1470 960 1501 praetexentes,

166 1513 249 1548 quasi
267 1512 434 1540 Alexandria
462 1516 638 1540 accusatores
660 1516 870 1547 exspectarent,
892 1519 962 1547 quo-

168 1566 231 1586 rum
245 1558 272 1585 in
287 1561 435 1593 conspectu
451 1558 553 1585 crimen
571 1558 748 1585 commissum
769 1563 852 1590 esset,
868 1562 895 1585 et
911 1557 962 1585 Ar-

164 1604 275 1632 senium
288 1603 372 1639 probe
386 1608 508 1631 nossent.
523 1603 568 1631 Sic
583 1608 673 1631 autem
686 1603 862 1638 dispensante
869 1603 962 1632 divina

160 1649 342 1686 aprovidentia
361 1656 406 1676 res
423 1653 498 1684 gesta
516 1654 568 1676 est.
587 1649 653 1684 Erat
671 1648 744 1676 enim
769 1648 902 1677 Arscnius
916 1648 962 1676 ille

161 1695 256 1723 ’lector
272 1694 462 1722 Alexandrina:
478 1694 616 1728 Ecclesiae,
633 1694 690 1730 qui,
703 1701 766 1721 cum
781 1694 816 1722 ob
827 1694 962 1731 ﬂagitium

166 1740 282 1777 aliquod
305 1749 401 1777 pmnas
423 1740 491 1768 dare
517 1741 638 1772 deberet,
666 1748 681 1768 a
705 1740 786 1768 beato
808 1740 961 1770 Athanasio

166 1788 312 1821 liberatus,
343 1787 408 1823 fuga
439 1788 556 1815 salutem
584 1787 636 1815 sibi
660 1787 818 1822 quaesierat.
837 1787 962 1823 Cumque

166 1835 248 1863 exsul
260 1842 316 1862 non
341 1838 494 1870 appareret,
525 1834 590 1862 hinc
614 1833 803 1862 calumniandi
818 1829 999 1862 audaciamC

166 1880 246 1916 impii
254 1880 375 1916 rapiunt.
388 1879 450 1913 Sed,
459 1887 548 1907 comm
553 1880 592 1907 ise
599 1880 705 1907 ratione
713 1879 812 1907 ductus
819 1879 961 1913 Arsenius,

171 1926 246 1961 quod
275 1926 324 1961 qui
354 1933 384 1954 se
407 1926 547 1959 liberarat,
590 1930 729 1961 pateretur
767 1926 962 1962 (accusationis

165 1975 244 2002 fama
275 1974 376 2010 ubique
402 1979 530 2010 vagante,
560 1974 626 2002 dum
651 1979 798 2003 cunctatur
828 1975 962 2010 synodus)

167 2021 272 2057 Tyrum
286 2021 435 2055 advolavit,
450 2020 551 2057 4801)
567 2027 644 2049 ratus
656 2021 710 2049 sibi
725 2021 816 2056 potius
836 2022 960 2048 morien-

170 2066 235 2094 dum
249 2073 322 2099 esse,
339 2066 361 2094 si
377 2073 490 2094 necesse
509 2066 556 2099 sit,
573 2073 656 2101 quam
672 2070 703 2093 ut
721 2065 864 2095 Athanasii
878 2073 963 2094 causa

166 2112 323 2141 Ecclesiam
338 2112 449 2148 prodat.
467 2113 565 2148 itaque
578 2117 685 2141 secreto
697 2120 727 2141 se
743 2113 854 2141 exhibet
867 2117 963 2141 sancto

171 2158 334 2192 Athanasio,
349 2158 394 2186 cui
410 2159 433 2186 is
448 2158 596 2186 consilium
612 2158 699 2194 dedit,
719 2166 753 2186 ne
767 2163 830 2186 ante
848 2164 962 2187 senten-

167 2205 237 2232 tiam
261 2205 441 2240 spectandum
471 2212 502 2233 se
527 2204 666 2237 exhibeat,
689 2212 724 2232 ne
753 2204 820 2240 quid
847 2205 912 2232 mali
929 2205 963 2232 ab

169 2250 292 2278 inimicis
317 2250 448 2285 patiatur,
463 2253 513 2277 aut
529 2249 640 2278 solliciti
672 2250 825 2285 cogitarent
847 2250 881 2278 de
894 2250 964 2278 dila-

171 2296 257 2330 tione,
283 2300 312 2323 et
330 2296 470 2324 solverent
486 2297 558 2324 hanc
571 2297 785 2324 accusationem.
805 2297 963 2324 Convocato

169 2342 265 2378 itaque
279 2342 410 2375 concilio,
425 2342 545 2377 primum
562 2342 766 2370 accusationem
784 2342 823 2369 illi
838 2341 872 2369 de
884 2342 963 2369 adul-

167 2388 240 2416 terio
254 2388 574 2421 intenderunt,-adducta
597 2388 712 2416 muliere
729 2389 848 2423 quadam
876 2388 965 2422 impu-

170 2435 305 2470 dica,quat
313 2434 467 2469 impudens,
475 2440 503 2462 et
511 2435 635 2463 mercede
644 2435 789 2467 conducta,
799 2434 900 2469 ingenti
908 2434 965 2462 cla-

170 2488 247 2508 more
252 2481 367 2516 iactaret
383 2488 412 2508 se
430 2484 512 2509 noctu
521 2481 555 2509 ab
565 2481 716 2509 Athanasio
726 2488 773 2515 per
783 2480 838 2507 vim
853 2484 967 2508 constu-

167 2531 288 2562 pratam.
297 2527 363 2555 Erat
373 2532 465 2555 autem
477 2535 541 2555 cum
554 2528 601 2555 illo
608 2527 769 2555 Timotheus
778 2527 929 2562 presbyter,
939 2531 968 2554 et

171 2573 316 2601 consilium
328 2574 437 2609 sapiens
448 2574 528 2610 plano
536 2581 568 2601 ac
576 2573 697 2601 divinum
709 2573 830 2608 capiunt,
841 2581 897 2608 quo
911 2577 967 2601 sta-

171 2620 219 2647 tim
237 2625 430 2648 accusatorum
448 2620 586 2648 calumnia
608 2616 739 2647 concidit.
755 2619 824 2647 Cum
849 2620 874 2647 in
897 2627 965 2648 con-

170 2672 295 2702 spectum
325 2667 450 2695 mulieris
483 2666 634 2700 venissent,
662 2666 831 2694 Athanasius
851 2667 962 2702 quidem

1050 1191 1135 1227 Καὶή
1153 1191 1202 1226 μὲν
1216 1191 1267 1227 τῆς
1289 1191 1440 1227 ὑπερορίας
1459 1189 1551 1226 ψῆφος
1574 1190 1604 1216 οὐ
1625 1189 1729 1223 λύεται,
1746 1198 1806 1217 συν-

1012 1238 1101 1274 έδριον
1130 1238 1152 1265 δ’
1184 1238 1213 1264 ὲν
1236 1238 1319 1274 Τύρῳ
1344 1236 1477 1273 βασιλέως
1498 1237 1713 1272 προστάττοντος
1740 1245 1804 1263 συν-

1012 1283 1182 1320 αθροίζεται,
1198 1285 1247 1312 καὶ
1269 1284 1477 1320 προχειρίζεται
1487 1283 1518 1310 τὸ
1531 1283 1669 1319 βασιλικὸν
1681 1283 1805 1320 βούλημα

1012 1330 1097 1366 ἄνδρα
1120 1330 1260 1358 συνέστιον
1284 1331 1332 1357 καὶ
1355 1330 1508 1365 ὁμόφρονα,
1533 1329 1678 1365 Ἀρχέλαον
1706 1330 1802 1365 ὄνομα,

1011 1378 1060 1405 καὶ¹
1075 1378 1124 1405 σὺν
1139 1376 1214 1412 αὐτῷ
1230 1376 1275 1403 τὸν
1288 1376 1415 1411 Φοινικῆς
1439 1375 1569 1411 ἄρχοντα,
1586 1375 1760 1412 συνεδριάσαι
1775 1384 1804 1403 τε

1011 1425 1069 1456 τοῖς
1089 1423 1154 1459 περὶ
1174 1423 1320 1456 Εὑσέϐιον,
1347 1423 1394 1450 καὶ
1424 1422 1670 1457 συνδιασκέψασθαι
1695 1422 1713 1449 ἃ
1733 1422 1805 1449 κατὰ

1011 1470 1059 1497 τοῦ
1070 1470 1095 1487 ⁸⁸
1118 1470 1281 1497 Ἀθανασίου
1304 1467 1516 1496 συνεσκεύαστο.
1543 1468 1696 1503 Ἐχρόνιζον
1715 1466 1763 1495 οὖν
1779 1469 1804 1495 οἱ

1012 1517 1041 1544 ὲν
1056 1516 1148 1552 Τύρῳ,
1163 1516 1202 1547 ὡς
1222 1515 1272 1551 μὲν
1290 1515 1316 1542 οἱ
1332 1515 1472 1547 δυσσεϐεῖς
1487 1515 1660 1548 ὲπλάττοντο,
1675 1514 1738 1546 τοὺς
1750 1514 1805 1542 ἀπὸ

1018 1561 1222 1597 Ἀλεξανδρείας
1234 1561 1406 1596 κατηγόρους
1421 1560 1615 1596 ἀναμένοντες,
1632 1559 1680 1591 οὓς
1695 1560 1743 1586 καὶ
1755 1558 1803 1586 τοῦ

1014 1609 1115 1644 μύσους
1129 1608 1151 1624 ⁸⁷
1164 1608 1302 1639 αὐτόπτας
1316 1606 1420 1634 καὶτὸν
1441 1607 1580 1642 Ἀρσένιον
1600 1607 1692 1638 καλῶς
1707 1606 1800 1640 ὲπιγι-

1012 1653 1128 1680 νώσκειν
1156 1653 1317 1688 διήγγελλον
1327 1652 1361 1685 ⁸⁸,
1390 1652 1429 1684 ὡς
1451 1652 1481 1679 δὲ
1496 1652 1527 1679 τὸ
1544 1652 1694 1687 ἐκϐεϐηκὸς
1708 1651 1804 1684 ἔδειξε,

1022 1699 1094 1726 κατά
1112 1698 1188 1725 θείαν
1203 1698 1343 1734 πρόνοιαν.
1358 1696 1413 1724 Ἦν
1427 1697 1477 1733 μὲν
1491 1698 1546 1733 γάρ
1566 1698 1581 1723 ὁ
1602 1697 1741 1733 Ἀρσένιος
1756 1697 1805 1732 τῆς

1012 1745 1044 1771 έν
1064 1744 1253 1780 ’Δλεξανδρείᾳ
1276 1744 1440 1779 Ἐκκλησίας
1458 1744 1647 1779 ἀναγνώστης,
1673 1743 1720 1770 καί
1739 1751 1804 1770 ποτε

1011 1790 1090 1826 δίκην
1109 1791 1227 1826 αἰσχρᾶς
1244 1790 1332 1822 αἰτίας
1349 1790 1455 1826 μέλλων
1481 1790 1592 1825 ὑπέχειν
1616 1789 1805 1826 ἐξαρπάζεται

1015 1836 1065 1872 μὲν
1076 1837 1128 1864 ὑπὸ
1151 1836 1323 1870 Ἀθανασίου,
1342 1836 1456 1872 δρασμῴ
1479 1836 1506 1863 δὲ
1520 1836 1568 1872 τὴν
1585 1836 1721 1871 σωτηρίαν
1734 1845 1804 1871 καρ-

1015 1883 1123 1916 ποῦται,
1137 1884 1185 1910 καὶ
1198 1884 1228 1910 τὺ
1244 1883 1346 1918 ἀφανὲς
1365 1883 1413 1910 τοῦ
1430 1884 1550 1918 φυγάδος
1564 1884 1674 1919 θαρρεῖν
1684 1883 1723 1919 τῷ
1736 1884 1806 1910 πλά-

1014 1939 1097 1965 σματι
1109 1930 1159 1966 τῆς
1173 1930 1333 1962 δυσσεϐείας
1351 1930 1373 1946 ⁸⁹
1394 1930 1547 1957 ὑπετίθετο.
1569 1930 1640 1957 Ἀλλ’
1651 1927 1741 1957 οἶκτον
1755 1929 1804 1956 λα-

1013 1977 1070 2004 ϐὼν
1090 1976 1137 2004 τοῦ
1154 1977 1278 2012 σωτῆρος
1293 1977 1308 2003 ό
1333 1977 1470 2012 Ἀρσένιος
1489 1977 1528 2012 (ὲν
1541 1977 1595 2012 γὰρ
1607 1976 1646 2012 τῷ
1664 1976 1805 2011 βραδύνειν

1013 2024 1044 2050 τὸ
1071 2023 1207 2059 συνέδριον
1231 2024 1248 2058 ἡ
1271 2023 1322 2057 τῆς
1347 2023 1531 2057 συκοφαντίας
1561 2023 1640 2058 φήμη
1663 2021 1803 2057 πανταχοῦ

1013 2069 1154 2105 διέδραμε)
1180 2068 1248 2104 πρὸς
1273 2068 1322 2104 τὴν
1333 2068 1421 2104 Τύρον
1434 2068 1629 2103 παραγίνεται,
1648 2068 1729 2105 [1457
1755 2067 1802 2104 R.]

1014 2116 1143 2151 κρεῖσσον
1160 2115 1347 2150 λογιζόμενος,
1365 2115 1389 2141 ει
1400 2115 1466 2147 δέοι,
1479 2115 1561 2142 αὑτὸν
1576 2116 1624 2141 καὶ
1635 2115 1772 2146 τεθνάναι,
1786 2114 1804 2150 ἢ

1013 2161 1047 2187 δι’
1062 2160 1144 2188 αὑτὸν
1168 2160 1218 2195 τὴν
1240 2161 1404 2195 οἰκουμένην
1440 2161 1504 2197 περὶ
1524 2161 1684 2196 τηλικούτου
1708 2161 1806 2196 ἀνδρὸς

1015 2205 1250 2238 σκανδαλίζεσθαι,
1295 2207 1490 2241 Ἐμφανὶζεται
1512 2206 1545 2242 δὴ
1572 2206 1644 2233 κατὰ
1669 2205 1806 2241 μυστικὴν

1014 2251 1124 2287 ὁμιλίαν
1133 2251 1173 2286 τῷ
1182 2251 1205 2267 ⁸⁸
1219 2251 1362 2288 σεϐασμίῳ
1378 2252 1544 2287 ’Δθανασίῳ,
1560 2252 1607 2278 καὶ
1622 2251 1730 2286 δέχεται
1740 2249 1805 2286 βον-

1014 2297 1063 2332 λὴν
1081 2297 1222 2324 λανθάνειν
1236 2298 1342 2329 πάντας
1358 2297 1411 2333 πρὸ
1425 2297 1475 2332 τῆς
1495 2297 1583 2333 δίκης,
1601 2297 1644 2323 ἵνα
1663 2296 1700 2332 μή
1711 2304 1738 2322 τι
1757 2305 1808 2322 κα-

1015 2343 1063 2370 κὸν
1086 2343 1167 2375 αὐτὸς
1193 2343 1270 2379 παρὰ
1286 2342 1341 2370 τῶν
1367 2342 1544 2376 συκοφαντῶν
1569 2342 1644 2378 πάθῃ
1664 2342 1697 2375 “,
1721 2342 1737 2378 ἢ
1761 2342 1808 2369 τὸν

1015 2389 1126 2424 ἔλεγχον
1145 2389 1266 2424 ἄφυκτον
1281 2389 1328 2415 τοῦ
1343 2388 1504 2423 πλάσματος
1516 2389 1540 2414 οἱ
1557 2388 1761 2424 δραματουργοὶ
1783 2388 1807 2404 ⁵³

1018 2434 1173 2466 συνιδόντες
1197 2435 1238 2466 εἰς
1260 2433 1407 2469 ὑπέρθεσιν
1435 2433 1465 2460 τὸ
1489 2433 1617 2469 ἔγκλημα
1632 2434 1807 2461 διαλύσωσιν.

1025 2479 1210 2516 Ἀθροίζουσιν
1225 2480 1273 2507 οὖν
1287 2480 1317 2506 τὸ
1333 2479 1482 2515 συνέδριον·
1496 2479 1545 2506 καὶ
1560 2480 1657 2516 πρώτη
1673 2489 1809 2515 συκοφαν-

1018 2527 1074 2559 τία,
1095 2526 1206 2561 γύναιον
1226 2526 1301 2562 αὑτῷ
1320 2527 1454 2560 ἐπαφιᾶσι
1482 2527 1607 2563 μοιχείαν
1622 2526 1810 2562 ἀνακαλούμε-

1017 2582 1073 2600 νον.
1092 2572 1172 2599 Ἐϐόα
1187 2573 1215 2599 δὲ
1237 2572 1267 2600 τὺ
1289 2573 1398 2605 ἀναιδὲς
1415 2574 1503 2601 ἐκεῖνο
1531 2574 1579 2601 καὶ
1598 2573 1810 2610 μεμισθωμένον

1017 2619 1130 2653 γύναιον
1152 2619 1262 2654 νύκτωρ
1288 2619 1395 2646 ἄκουσα
1414 2619 1519 2655 φθορὰν
1540 2619 1691 2654 ὑποστῆναι
1710 2619 1811 2645 ἐπιπε-

1018 2665 1110 2698 σόντος
1126 2666 1196 2701 αὐτῇ
1224 2664 1396 2693 Ἀθανασίου.
1419 2666 1507 2701 Συνῆν
1533 2666 1572 2702 τῷ
1593 2665 1642 2701 τῆς
1658 2665 1812 2701 παρθενίας

801 2768 918 2796 VARIE
949 2767 1154 2797 LECTIONES.

207 2851 230 2868 ιι
247 2849 437 2889 έὲφιάσωνχι.
454 2848 501 2889 ηιξ
512 2847 597 2889 αὐτή-ν
612 2847 642 2875 Β.
683 2847 704 2864 ³⁸
717 2855 764 2889 του
780 2855 835 2889 olm.
901 2847 923 2864 "
942 2848 1038 2889 μίσους
1056 2848 1103 2889 B.__
1125 2848 1149 2889 ‘f
1162 2849 1354 2889 dtﬁyyalovg.
1392 2852 1414 2867 ⁸³
1430 2851 1479 2885 τῆς
1491 2851 1710 2889 δυσσεϐείαςὲΑΒ
1725 2862 1731 2880 :
1748 2853 1812 2884 τοὺς

172 2882 356 2917 δυσσεϐεῖςς.
395 2884 417 2899 ⁵ο
433 2884 471 2918 τῷ
487 2885 509 2910 Λ
527 2893 535 2911 :
554 2882 592 2919 τῷ
614 2893 642 2910 τε
661 2892 692 2914 ς.
731 2883 751 2899 ¹’
767 2882 841 2919 πάθῃ
857 2883 895 2910 li:
914 2883 993 2911 πάθοι

1011 2893 1042 2916 ς.
1081 2884 1104 2901 ⁵¹
1120 2884 1280 2920 πλάσματος
1296 2886 1321 2913 oi.
1333 2884 1535 2922 δραματουργοί
1552 2887 1573 2912 Α
1589 2896 1595 2914 z
1614 2887 1756 2924 δράματος
1774 2897 1808 2919 ς.
