1945 3073
151 183 198 217 141

672 187 938 221 BIBLIDTHECA.
948 202 984 208 —
1001 190 1084 221 COD.
1100 189 1250 223 CCLVIII.

1727 190 1779 224 142

149 241 210 279 [785
220 242 269 278 ﬂ.)
285 242 388 279 ἐραστῇ
402 243 452 271 καὶ
470 242 603 280 Τιμόθεος
614 245 629 272 δ
642 246 726 274 αὐτοῦ
741 247 935 284 πρεσϐύτερος,

991 249 1072 277 tacite
1086 249 1170 277 Deum
1186 253 1313 284 precatur
1328 257 1336 278 :
1354 248 1516 278 Timotheus
1528 256 1594 278 vero
1609 250 1778 286 (impudente

148 287 194 314 καὶ
210 287 311 323 βουλὴν
336 288 442 323 σοφίας,
461 290 563 324 μᾶλλον
583 291 613 317 δὲ
627 291 702 324 θείας
715 293 858 325 ἐπιπνοίας
874 293 936 329 βου-

148 332 281 366 λεύονται,
297 334 331 361 δι’
345 331 381 371 ἧς
395 334 427 362 τὸ
443 337 635 372 κακομήχανον
651 338 706 365 τῶν
730 338 868 366 δυσσεϐὦν
884 341 934 375 ρᾳ-

149 379 211 412 δίως
224 379 339 415 ἔμελλεν
349 381 525 409 ἀπαιτεῖσθαι
541 382 588 410 τὸν
597 382 717 420 ἔλεγχον.
737 385 814 412 Ἐπεὶ
828 385 882 421 γὰρ
893 385 934 417 είς

149 426 295 461 πρόσωπον
309 426 434 462 ἤχθησαν
449 427 496 454 τοῦ
510 428 632 462 γυναίου,
655 430 670 456 ὁ
690 430 739 466 μὲν
761 430 934 466 κατηγορού-

148 480 227 507 μενος
244 473 332 508 ἡσυχῇ
351 472 417 500 Θεὸν
439 473 585 507 ἐδυσώπει,
603 475 736 510 Τιμόθεος
753 476 776 503 δ’
794 476 934 504 ἀναιδευο-

148 518 230 554 μένης
241 519 291 550 τῆς
302 518 432 554 μαινάδος
446 520 494 546 καὶ
505 519 550 546 τὸν
570 520 727 548 Ἀθανάσιον
735 521 784 558 (ὡς
794 522 932 558 ἐδιδάχθη)

130 567 132 569 ’
147 565 248 601 φθορέα
261 565 408 600 καλούσης,
429 565 443 592 ὁ
458 565 646 603 πρεσϐύτερος
664 566 703 599 ὡς
716 566 796 603 δῆθεν
818 567 933 596 Ἀθανά-

148 620 213 644 σιος,
230 611 304 638 Εἰπέ
326 620 387 646 μοι,
412 609 437 638 ὦ
462 612 560 647 γύναι,
590 612 684 648 φησιν,
706 613 764 648 ἐγὼ
782 613 862 648 παρὰ
881 614 933 642 σοι

146 657 265 692 suum;
280 658 300 692 ἢ
314 658 356 685 σύ
368 666 408 692 με
418 657 454 685 ἐν
464 658 536 691 οῑκῳ
551 658 591 692 τῷ
606 658 651 692 σῷ
666 659 802 693 ὐπεδέξω
814 669 825 693 ;
844 661 865 695 ἢ
879 661 932 689 νύ‹

146 712 221 738 κτον)
242 711 279 731 σε
297 703 484 739 ἐϐιασάμην;
504 705 520 741 ὴ
540 705 569 732 δὲ
588 702 633 733 οἷα
661 705 773 741 γύναιον
794 707 827 734 ἐκ
848 706 934 742 δημο-

148 749 205 776 σίου
229 750 336 784 τέγους,
353 750 458 777 ἀναιδεῖ
480 750 621 786 προσώπῳ
631 752 811 779 καίάτενέσιν
833 752 934 788 ὀφθαλ-

147 797 207 832 μοῖς
231 796 302 832 πρὸς
331 796 377 823 τὸν
401 796 425 813 ³⁸
447 797 580 831 Τιμόθεον
599 798 786 833 ἀποϐλέψασα,
803 797 845 826 Σὺ
864 796 894 826 εἷ
916 799 934 827 ό

146 842 204 877 τὴν
214 842 289 875 βίαν
300 852 352 878 μοι
362 843 533 878 ears-rsde
542 843 593 870 καὶ
606 843 665 879 τὴν·
676 844 791 879 φθορὰν
804 845 932 880 νύκτωρ,

146 890 246 918 ἀνεϐόα
258 910 265 921 ,
293 890 342 917 καὶ
361 889 431 926 πρὸς
450 890 516 921 τοὺς
534 890 632 926 κριτὰς
653 891 853 928 ὲπιστραφεῖσα
870 891 933 924 τοὺς

986 295 1102 324 muliere
1142 296 1321 324 Athanasium
1363 296 1449 330 illum,
1494 300 1523 324 ut
1572 296 1669 324 edocta
1707 302 1777 329 erat.

988 345 1175 376 corruptorem
1191 349 1272 369 suum
1288 341 1415 375 vocante)
1426 341 1577 377 presbyter,
1590 341 1670 376 quasi
1692 341 1779 370 Atha-

985 385 1082 414 nasius
1093 391 1166 415 esset
1182 395 1189 414 :
1205 386 1257 414 Dic
1275 387 1353 420 mihi,
1369 387 1469 423 inquit,
1481 386 1587 420 mulier,
1609 395 1691 423 egone
1706 388 1776 422 apud

985 437 1011 460 te
1035 433 1182 461 diuersatus
1202 441 1271 467 sum,
1296 433 1336 461 vel
1359 438 1390 461 tu,
1406 442 1446 461 me
1470 433 1578 462 domum
1600 438 1673 462 tuam
1692 434 1779 462 admi-

984 479 1055 511 sisti,
1078 480 1119 507 vel
1142 483 1223 507 noctu
1239 483 1264 506 te
1290 479 1387 507 violavi
1399 480 1412 507 ?
1427 479 1487 515 Ipsa
1502 487 1579 512 vero,
1597 485 1627 508 ut
1648 481 1777 508 meretrix

984 524 1114 560 vulgaris,
1142 526 1295 562 impudenti
1324 525 1413 560 vultu,
1441 530 1470 554 et
1495 526 1559 553 lixis
1581 525 1671 554 oculis
1686 525 1778 553 Timo-

983 571 1077 600 theum
1108 572 1243 607 aspiciens
1272 580 1281 600 :
1309 571 1350 600 Tu
1365 580 1402 605 es,
1433 573 1479 608 qui
1500 577 1580 599 noctu
1601 580 1642 599 me
1665 573 1776 600 invitam

984 619 1159 653 compressisti
1174 639 1182 652 ,
1206 623 1235 648 et
1259 618 1295 648 ad
1316 619 1425 655 judices
1445 619 1537 654 iurata
1561 617 1775 650 vociferabatur,

984 663 1158 691 Timotheum
1172 664 1260 701 digito
1271 664 1418 693 ostendens
1444 671 1478 692 ac
1495 664 1608 692 trahens
1624 672 1632 690 :
1652 663 1704 691 Hic
1724 669 1775 696 est,

989 717 1042 737 non
1069 709 1150 744 alius,
1167 711 1213 746 qui
1230 718 1271 738 me
1289 710 1417 745 corrupit.
1444 709 1558 745 Cognita
1580 709 1670 737 insani
1692 709 1775 737 scorti

984 756 1154 790 temulentis,
1182 756 1290 792 iudices
1321 764 1385 784 cum
1411 756 1576 785 satellitibus
1591 755 1729 786 ridebant.
1747 763 1775 783 et

985 802 1157 838 prudentiam
1170 803 1258 831 sancti
1283 802 1427 831 Athanasii
1443 802 1629 836 mirabantur,
1647 802 1720 837 quod
1734 806 1776 829 ta-

984 848 1071 876 cendo
1085 849 1287 877 accusationem
1303 849 1331 876 in
1346 849 1520 877 adversarios
1535 852 1701 883 retorquens
1718 847 1773 877 im-

983 894 1132 929 pudentem
1146 902 1208 922 esse
1220 895 1386 923 calumniam
1399 895 1627 923 demonstrasset.
1641 894 1694 930 Ipsi
1709 901 1776 922 vero

146 938 340 974 φρικτοτάτους
354 937 453 973 ὅρκους
479 938 540 969 ταῖς
569 937 708 969 διαϐολαῖς
730 938 874 973 συνῆπτεν,
895 938 933 970 ὡς

986 939 1081 975 seipsis
1096 940 1222 968 meliores
1231 948 1284 968 non
1300 945 1367 969 sunt
1379 941 1489 974 redditi,
1504 945 1535 969 ut
1549 941 1595 976 jus
1609 944 1636 968 et
1663 947 1772 974 aequum

145 982 256 1017 οὗτος,
275 983 322 1010 τὸν
347 983 480 1019 Τιμόθεον
503 982 584 1010 πάλιν
604 983 863 1011 δακτυλοδεικτοὼα
885 985 934 1012 καὶ

146 1029 271 1062 ἕλκουσα,
291 1027 385 1062 οὗτός
400 1028 486 1056 ἐστιν
500 1029 552 1057 καὶ
570 1030 626 1057 οὐκ
637 1029 732 1063 ἄλλος
746 1031 763 1057 ὁ
776 1030 846 1064 ἐμὸς
860 1031 934 1065 φθο-

143 1077 225 1110 ρεύς.
238 1076 270 1102 Οἱ
284 1074 313 1101 δὲ
327 1074 419 1110 κριταὶ⁵
436 1075 486 1103 σὺν
514 1076 571 1108 τοῖς
585 1075 746 1112 δορυφόροις
758 1075 809 1111 τῆς
829 1076 934 1112 μαχλά-

146 1121 190 1152 δος
212 1121 261 1156 μὲν
285 1119 461 1154 κατεγέλων,
487 1120 647 1148 Ἀθανάσιον
673 1120 702 1147 δὲ
722 1120 772 1155 τῆς
800 1121 935 1154 συνέσεως

146 1165 304 1200 ἐθαύμαζον
326 1165 401 1197 ὅπως
426 1165 511 1200 σιγῶν
523 1164 555 1193 τὸ
575 1166 637 1193 κατ’
653 1166 736 1193 αὑτοῦ
756 1166 882 1203 ἔγκλημα
894 1167 935 1200 εις

146 1211 209 1243 τοὺς
234 1211 406 1247 κατηγόρους
430 1211 601 1247 περιτρέψας
628 1213 839 1246 ἀναιδεστάτους
854 1222 935 1241 συκο-

141 1256 249 1291 φάντας
269 1257 420 1290 ἀπέδειξεν·
440 1257 518 1284 αὐτοὶ
540 1257 571 1284 δὲ
594 1258 700 1285 ἑαυτῶν
715 1259 792 1286 οὐδὲν
806 1259 934 1294 ἀμείνους

147 1302 188 1333 εἰς
199 1301 231 1327 τὸ
246 1301 388 1335 φροντίσαι
401 1301 449 1328 τοῦ
463 1302 569 1329 δικαίου
588 1302 742 1336 γεγόνασιν.
758 1304 790 1330 Ol
803 1303 834 1330 δὲ
849 1305 936 1340 κατή-

147 1355 234 1383 γοροι,
249 1347 308 1374 δέον
323 1347 427 1374 στένειν
438 1347 462 1364 ⁵⁸
479 1348 528 1375 καὶ
544 1348 624 1383 χάριν
638 1348 737 1376 ειδέναι
751 1350 828 1381 εἴτις
838 1350 936 1382 αὐτοὺς

148 1393 188 1429 μὴ
204 1393 336 1429 άπαιτοῐη
355 1393 407 1429 τὴν
429 1394 479 1429 τῆς
495 1394 679 1429 συκοφαντίας
694 1395 782 1430 δίκην,
794 1396 819 1422 oi
837 1395 867 1423 δὲ
887 1396 936 1423 καὶ

148 1439 218 1475 πρὸς
231 1439 280 1475 τὴν
302 1440 441 1475 Ἀρσενίου
463 1439 554 1474 δεξιὰν
576 1440 626 1476 τὴν
643 1439 770 1475 γλῶσσαν
784 1441 936 1474 ὁπλίζουσι,

147 1486 195 1512 καὶ
209 1485 288 1520 φόνον
305 1487 362 1522 ἄμα
380 1487 433 1513 καὶ
443 1486 572 1522 γοητείαν
586 1486 625 1522 τῷ
638 1487 689 1523 τῆς
703 1486 846 1520 εὐσεϐείας
860 1487 935 1522 ἀγωρ

147 1533 225 1568 νιστῇ
241 1533 448 1568 περιάπτουσιν.
479 1533 551 1560 Ἀλλ’
569 1535 673 1566 ἐκεῖνος
692 1535 722 1562 ὲν
743 1534 784 1570 τῷ
804 1534 936 1571 ἀταράχῳ

147 1579 195 1605 καὶ
206 1578 256 1614 τῆς
273 1580 364 1615 φωνῆς
381 1579 427 1607 καὶ
440 1579 621 1616 τῆςγνώμης,
641 1580 697 1608 Kal
713 1580 760 1614 τίς
775 1580 832 1616 γάρ
850 1580 937 1608 ἐστιν

147 1625 182 1657 ἐξ
195 1624 290 1659 ὑμῶν,
310 1626 404 1662 φησὶν,
421 1626 444 1642 ⁸³
465 1627 482 1652 ό
502 1625 658 1661 γινώσκων
674 1627 730 1654 τὸν·
747 1626 898 1661 Ἀρσένισν
916 1626 936 1662 ἢ

147 1671 205 1705 τὴν
230 1670 324 1699 αὐτοῦ
353 1671 457 1705 δεξιάν
465 1681 475 1706 ;
494 1672 625 1708 Φαμένων
640 1672 664 1699 δ’
687 1672 738 1700 οὐκ
762 1672 873 1707 ὀλίγων,
889 1671 937 1705 οὓς

148 1715 205 1752 εἶχε
221 1717 253 1744 τὺ
278 1718 415 1754 συνέδριον
435 1718 484 1745 σὺν
505 1719 563 1750 τοῖς
587 1719 763 1754 κατηγόροις,
786 1718 824 1751 ὼς
846 1718 938 1754 σαφῶς

147 1762 244 1790 εἰδεῖεν
256 1763 303 1790 τὸν
324 1763 462 1799 Ἀρσένιον
471 1784 479 1796 ,
499 1764 556 1791 Καὶ
569 1764 634 1791 ἐπεὶ
645 1765 776 1798 βεϐαίως
793 1764 842 1791 καὶ
855 1765 938 1798 dept-

148 1808 241 1843 ϐᾶ)ςρ
258 1810 417 1842 ’Λθανάσιος
427 1810 524 1846 ἔφησε,
536 1810 696 1846 γινώσκειν
705 1808 789 1839 οὗτοι
802 1819 938 1845 συνωμο-

148 1857 287 1891 λόγησαν
303 1856 356 1883 τὸν
374 1857 541 1891 Ἀρσένιον,
565 1859 582 1885 ό
601 1857 635 1884 δὲ
655 1857 811 1892 πάρεστιν,
826 1858 936 1884 εἰσίτω.

148 1902 324 1934 Εἰσελθόντος
341 1903 380 1936 δὲ,
396 1903 477 1930 πάλιν
504 1903 636 1939 ἐπηρώτα
663 1905 687 1930 εἰ
715 1903 760 1930 τὸν
776 1902 937 1939 είσαχθέντα

148 1948 238 1974 ἴσασιν
257 1948 294 1980 ὡς
307 1949 331 1965 ⁸⁸
346 1949 388 1984 εἴη
411 1949 558 1985 ’Λρσένιος.
575 1950 636 1976 Τῶν
648 1950 677 1976 δὲ
694 1950 745 1976 οὐκ
755 1949 873 1985 ἑχόντων
887 1950 937 1985 ἀρ-

148 1993 292 2029 νήσασθαι,
311 1994 386 2021 ἕλκει
401 2003 431 2022 τε
445 1995 527 2022 αὐτὸν
544 1994 644 2030 μᾶλλον
660 1995 707 2021 τοῦ
720 1994 842 2030 βήματος
857 1994 939 2029 ἐγγύ-

148 2048 237 2075 τερον,
255 2040 303 2066 καὶ
329 2040 438 2076 πρῶτον
462 2040 511 2076 τὴν
542 2040 632 2073 δεξιὰν
650 2041 787 2068 ἀνατεῖναι
808 2040 938 2072 κελεύσας

148 2087 238 2121 χεῖρα,
258 2084 318 2113 εἶτα
339 2087 385 2114 καὶ
411 2087 460 2122 τὴν
487 2087 646 2123 ἀριστερὰν,
676 2086 838 2122 ἀνέκραγεν
860 2087 938 2114 Ἰδοὺ

154 2130 329 2166 Ἀρσένιος,
364 2132 474 2166 ἄνδρες
508 2132 639 2160 πολῖταιο
658 2132 723 2160 ἰδοὺ
751 2132 801 2160 zul
825 2134 856 2159 al
883 2132 939 2160 δύο

147 2178 257 2205 τούτου
271 2178 377 2212 χεῖρες,
389 2175 411 2206 ὦ
424 2178 583 2213 θαυμάσιοι
594 2178 744 2205 δικασταί.
761 2179 939 2205 Εῑπάτωσαν

148 2219 206 2250 οὗν
224 2223 254 2249 οἱ
270 2222 430 2257 κατήγοροι
449 2223 531 2256 τινος
546 2223 632 2250 ἐστὶν
643 2223 665 2239 ⁵⁷
685 2224 704 2257 ἠ
715 2223 779 2258 χεὶρ
795 2223 845 2250 καὶ
858 2223 939 2257 τινος

148 2268 247 2302 αὐτὴν
264 2268 429 2303 ἐξέκοψαν.
443 2268 506 2304 Ἐφ’
529 2265 554 2304 ᾧ
573 2270 628 2304 γὰρ
647 2269 740 2304 ταύτῃ
755 2269 935 2305 ἐχρήσαντο,
952 2286 975 2314 D

147 2314 249 2340 οὐκέτι
259 2314 370 2341 λοιπὸν
384 2314 484 2342 οὐδενὶ
494 2314 727 2349 ἀμφισϐήτησις·
742 2315 936 2351 ὲχειροκόπη-

147 2366 211 2385 σαν
232 2358 287 2393 γὰρ
311 2358 482 2394 ἄνθρωπον,
498 2359 538 2393 ὡς
554 2359 593 2387 ἂν
613 2360 692 2395 ἡμᾶς
712 2360 934 2388 θανατώσωσιν.

155 2404 227 2430 Ἀλλ’
240 2405 255 2430 ὁ
282 2404 332 2440 μὲν
349 2405 420 2432 οὕτω
443 2405 477 2433 τὰ
496 2405 550 2433 τῶν
572 2407 729 2434 ἀντιπάλων
746 2407 834 2434 πάντα
848 2407 936 2435 διέλυε

151 2451 349 2485 μηχανήματα·
375 2452 400 2478 οἱ
423 2452 452 2478 δὲ
472 2453 566 2488 κριταὶ
583 2453 678 2488 τυφλοὶ
693 2455 740 2481 καὶ
756 2454 844 2488 κωφοὶ
859 2454 891 2481 ἐκ
906 2462 936 2480 τε

148 2497 198 2523 τοῦ
225 2497 317 2532 ζητεῖν
345 2498 473 2534 ἀρέσκειν
489 2500 675 2536 Κωνσταντὶῳ
689 2501 833 2535 γεγονότες
847 2501 895 2527 καὶ
906 2500 936 2534 ἐξ

150 2539 189 2569 ὧν
205 2544 354 2571 ἀπέκλινον
374 2546 430 2577 τοῖς
445 2546 640 2581 αίρετίζουσιν,
653 2547 785 2574 ἀπέλιπόν
799 2556 829 2574 τε
845 2546 876 2573 τὸ
890 2546 939 2582 βῆ-

150 2598 202 2625 μα,
228 2591 277 2617 καὶ
298 2592 362 2627 σιγῇ
378 2591 477 2619 διδόναι
499 2593 534 2620 τὰ
561 2593 730 2628 ἐληλεγμένα
752 2593 936 2629 ὲτεχνάζοντο.

155 2634 408 2672 Ὑποχωρησάντων
417 2637 444 2664 δὲ
453 2637 564 2670 τούτων,
576 2638 657 2674 [1440
670 2639 716 2675 R.]
726 2638 832 2674 κίνησις
845 2638 937 2665 οὐκέτι

152 2682 355 2715 συκοφαντιῶν,
385 2683 444 2710 ἀλλ’
461 2684 576 2716 ἀναιδῶς
602 2684 759 2719 μιαιφονίας
789 2683 860 2711 κατὰ
890 2683 936 2711 τοῦ

150 2728 348 2764 τρισαριστέως
360 2728 423 2765 [784
435 2729 482 2766 Η.]
501 2730 715 2766 ἀναῤῥήγνυται,
732 2730 779 2758 καὶ
792 2731 816 2757 οἰ
830 2732 879 2766 μὲν
894 2729 938 2756 λό-

984 990 1139 1014 servarent.
1157 986 1338 1015 Accusatores
1365 994 1441 1020 vero,
1468 994 1539 1022 quos
1561 986 1687 1014 beneﬁcii
1714 985 1775 1012 loco

984 1030 1086 1059 ducere
1103 1031 1261 1066 oportebat,
1287 1032 1362 1067 quod
1377 1032 1525 1060 calumnite
1545 1036 1654 1068 ptenam
1675 1030 1774 1066 eﬂ‘uge—

984 1080 1056 1109 rent,
1083 1083 1152 1108 mox.
1162 1076 1197 1104 ad
1217 1076 1341 1104 dextram
1362 1076 1473 1104 Arsenii
1498 1083 1528 1105 se
1553 1079 1728 1108 convertunt,
1748 1079 1777 1102 et

984 1122 1086 1149 caedem
1101 1121 1184 1149 simul
1210 1126 1237 1149 et
1261 1122 1414 1157 praestigias
1441 1121 1481 1150 illi
1519 1121 1664 1156 objiciunt.
1705 1119 1775 1146 Tum

984 1166 1151 1195 Athanasius
1172 1166 1297 1194 interrita
1319 1173 1387 1194 voce
1409 1173 1442 1194 ac
1459 1169 1551 1193 mente
1564 1164 1598 1192 ad
1614 1171 1663 1191 eos
1680 1172 1687 1189 :
1708 1162 1776 1196 Quis

985 1217 1101 1240 vestrum
1138 1213 1211 1241 nouit
1242 1213 1393 1246 Arsenium,
1426 1216 1474 1240 aut
1510 1212 1579 1240 hanc
1605 1218 1661 1238 esse
1692 1210 1776 1244 ipsius

985 1259 1105 1286 dextram
1120 1259 1193 1287 scit?
1222 1258 1462 1294 Respondentibus
1491 1262 1582 1286 autem
1605 1256 1731 1290 plurimis
1743 1263 1777 1283 ex

984 1305 1085 1341 ἀξια
1109 1306 1326 1337 accusatoribus,
1353 1312 1384 1333 se
1408 1305 1494 1339 probe
1511 1311 1597 1332 nosse
1617 1302 1776 1334 Arsenium,

985 1356 1043 1379 tum
1077 1351 1268 1379 Athanasius:
1289 1349 1520 1386 Quandoquidem,
1551 1349 1599 1383 ait,
1625 1351 1778 1375 constanter

986 1404 1018 1423 ac
1035 1396 1149 1431 ﬁrmiter
1165 1395 1278 1431 confessi
1299 1399 1361 1422 sunt
1388 1403 1416 1422 se
1432 1402 1507 1422 nosse
1533 1393 1686 1426 Arsaniam,
1702 1392 1778 1420 adest

985 1441 1042 1475 ille,
1057 1442 1232 1478 ingrediatur.
1244 1441 1280 1469 Ut
1293 1445 1385 1469 autem
1403 1440 1537 1469 Arsenius
1552 1440 1673 1472 advenit,
1689 1439 1775 1467 inter-

985 1493 1065 1524 rogat
1079 1489 1179 1516 iterum
1207 1496 1242 1516 an
1265 1489 1413 1516 adductum
1433 1488 1560 1516 nossentl
1575 1494 1611 1515 an
1630 1491 1705 1515 esset
1726 1488 1778 1513 Aro

986 1534 1081 1563 senius
1091 1535 1104 1562 ?
1118 1535 1186 1562 Cum
1202 1535 1240 1563 illi
1253 1542 1356 1570 negare
1371 1541 1426 1562 non
1443 1538 1566 1570 possent,
1591 1533 1677 1561 traxit
1699 1533 1776 1561 illum

986 1581 1098 1616 propius
1120 1581 1149 1608 in
1163 1580 1308 1616 judicium.
1324 1584 1351 1608 et
1373 1579 1494 1616 primum
1508 1579 1647 1607 dexteram
1665 1579 1779 1607 tendere

986 1626 1085 1662 jubens
1118 1634 1240 1660 manum,
1270 1626 1369 1654 deinde
1398 1629 1426 1653 et
1453 1625 1605 1657 sinistram,
1621 1624 1775 1652 clamavit:

988 1671 1056 1700 Ecce
1065 1673 1202 1706 Arsenius,
1221 1680 1237 1700 ο
1249 1672 1316 1699 cives
1331 1680 1341 1699 :
1356 1679 1415 1699 ecce
1430 1671 1512 1698 etiam
1527 1679 1622 1698 manus
1634 1670 1748 1698 hominis
1764 1677 1775 1697 :

988 1726 1003 1745 ο
1016 1718 1153 1746 mirandas
1166 1717 1291 1754 judices!
1303 1718 1397 1745 dicant
1422 1709 1510 1752 igitur~
1527 1716 1686 1749 aduersarii,
1701 1717 1778 1751 cujus

987 1765 1022 1791 sit
1036 1764 1084 1791 illa
1095 1771 1200 1796 manus,
1215 1769 1240 1791 et
1259 1763 1328 1791 unde
1351 1763 1427 1790 illam
1436 1763 1603 1790 reseruat-int.
1635 1762 1693 1796 Quo
1708 1762 1778 1790 enim

987 1811 1039 1846 ﬁne
1059 1810 1109 1837 hac
1128 1811 1171 1838 usi
1185 1814 1257 1843 sunt,
1289 1809 1386 1837 nemini
1400 1809 1514 1844 amplius
1530 1809 1640 1836 dubium
1663 1816 1720 1836 esse
1731 1816 1779 1843 po-

989 1861 1050 1884 test.
1067 1856 1177 1884 Homini
1193 1857 1264 1883 enim
1280 1863 1389 1883 manum
1400 1859 1584 1889 amputarunt,
1600 1858 1630 1881 ut
1644 1862 1691 1882 nos
1708 1855 1779 1881 occi-

987 1903 1088 1930 derent.
1115 1902 1160 1929 Sic
1187 1902 1233 1929 ille
1261 1902 1360 1929 iterum
1386 1901 1465 1928 dolos
1481 1908 1577 1928 eorum
1595 1900 1705 1928 evertit.
1721 1898 1776 1927 Sed

985 1948 1091 1984 iudices
1102 1948 1166 1976 caeci
1180 1953 1208 1975 et
1220 1948 1303 1981 muti,
1321 1955 1383 1975 cum
1403 1948 1469 1982 quia
1491 1945 1653 1975 Constantio
1669 1945 1778 1981 placere

988 1994 1144 2026 studebant,
1160 1998 1216 2021 tum
1235 1994 1299 2029 quia
1318 1993 1452 2021 haereticis
1466 1992 1568 2021 addicti
1593 1996 1683 2025 erant,
1697 1991 1778 2020 desc~

988 2044 1078 2068 rentes
1089 2040 1233 2075 judicium,
1258 2039 1428 2067 confutatam
1447 2038 1614 2066 calumniam
1631 2043 1722 2073 tegere
1733 2037 1777 2065 ni-

989 2087 1126 2119 tebantur,
1150 2086 1345 2114 decedentibus
1374 2085 1450 2113 illis:
1477 2085 1620 2112 calumnia:
1642 2091 1698 2111 non
1716 2091 1777 2111 am-

988 2132 1060 2167 plius
1080 2132 1114 2160 ab
1136 2132 1301 2160 adversariis
1324 2132 1514 2163 intenduntur,
1537 2131 1585 2159 sed
1600 2130 1775 2165 impudenter

988 2177 1089 2205 easdem
1114 2178 1222 2205 tertium
1246 2177 1302 2212 jam
1327 2176 1424 2205 victori
1447 2177 1591 2203 intentant.
1614 2175 1648 2203 lli
1663 2175 1775 2211 quidem

988 2224 1090 2256 verbis,
1107 2224 1144 2251 illi
1156 2231 1222 2251 vero
1235 2223 1362 2251 manibus
1375 2230 1438 2251 eum
1452 2222 1599 2258 pulsabant
1614 2230 1621 2250 :
1638 2221 1685 2249 alii
1700 2227 1778 2249 com-

990 2269 1163 2297 minabantur
1174 2268 1198 2296 ei
1219 2272 1334 2296 mortem
1358 2269 1393 2296 ab
1416 2268 1581 2304 imperatore
1606 2267 1714 2295 illatum
1731 2266 1776 2294 iri.

989 2314 1083 2349 itaque
1116 2314 1267 2342 Archelaus
1296 2314 1488 2347 Athanasium,
1512 2321 1594 2349 quem
1616 2313 1674 2348 jam
1699 2313 1777 2348 impii

990 2360 1164 2388 dilaceraturi
1178 2364 1268 2394 erant,
1286 2361 1330 2388 vix
1344 2360 1563 2395 domoegressus
1577 2360 1698 2396 (tametsi
1711 2367 1778 2388 con-

989 2407 1046 2434 cilii
1059 2411 1216 2441 respectum
1236 2414 1291 2434 non
1307 2406 1430 2440 haberet,
1458 2407 1576 2434 naturali
1594 2411 1687 2435 tamen
1705 2413 1777 2441 qua-

990 2453 1053 2480 dam
1079 2453 1245 2481 verecundia
1272 2453 1442 2489 tenebatur),
1462 2453 1627 2482 satellitibus
1655 2453 1778 2489 periculo

991 2499 1081 2534 eripit,
1107 2499 1299 2534 occultamque
1339 2499 1431 2535 fugam
1463 2504 1578 2536 apparat
1612 2507 1645 2528 ac
1668 2499 1777 2528 suadet.

991 2543 1099 2572 Rursus
1121 2545 1203 2579 igitur
1228 2545 1377 2573 adversarii
1401 2545 1460 2580 ejus
1474 2547 1622 2574 concilium
1637 2551 1777 2581 cogentes,

991 2589 1108 2617 nefanda
1138 2595 1222 2625 atque
1257 2591 1372 2618 conﬁcta
1395 2591 1511 2619 erimina
1534 2592 1570 2624 ei,
1596 2595 1627 2619 ut
1640 2591 1778 2626 capiatur,

991 2635 1135 2671 objiciunt.
1150 2635 1215 2669 Qua:
1231 2636 1371 2664 mendacia
1391 2637 1508 2665 diversis
1523 2637 1622 2665 libellis
1639 2636 1778 2671 descripta

990 2681 1152 2709 Constantio
1179 2681 1300 2715 mittunt,
1330 2690 1362 2710 ac
1383 2687 1440 2711 toto
1461 2691 1530 2719 pene
1554 2688 1688 2711 terrarum
1712 2682 1779 2710 orbe

991 2731 1132 2764 spargunt.
1147 2727 1241 2763 Itaque
1254 2733 1350 2756 sancto
1357 2729 1507 2758 Athanasio
1523 2730 1613 2757 omnis
1627 2729 1703 2756 locus
1716 2735 1777 2764 per-

746 2820 864 2849 VARIAS
891 2817 1096 2848 LECTIONES.

186 2876 209 2919 ’ξ
223 2878 269 2904 τὴν
282 2885 338 2919 om.
356 2878 387 2907 A.
425 2881 448 2897 “
466 2881 581 2918 στένειν]
596 2883 718 2919 στέργειν
729 2882 858 2917 Scaliger.
898 2880 920 2898 "
937 2881 1019 2917 φησὶν
1032 2879 1062 2914 ἐξ
1077 2879 1154 2917 ὑμῶν
1169 2888 1204 2913 cz
1221 2879 1242 2908 Β
1257 2888 1311 2909 om.
1329 2880 1421 2917 φησιν.
1460 2878 1539 2914 δ’ὡς]
1550 2879 1575 2906 ιῖ
1585 2879 1612 2907 Β.
1652 2878 1675 2897 ⁵⁷
1686 2876 1775 2918 ἔστιν]

147 2911 180 2940 τί
195 2912 269 2940 ἔστιν
278 2913 312 2941 Δ.
