1945 3073
734 176 867 208 ΡΗΟΤΙΙ
886 176 949 206 ΡΑἹ

1002 174 1135 205 ΑΗΟΗᾹΞ
1152 175 1206 206 CP.
1265 180 1268 182 ⁷
1733 174 1781 206 1M

166 180 216 214 143

166 235 269 270 fugium
290 232 414 268 prmbnit,
436 232 498 267 quia
520 231 598 259 valde
623 231 805 267 quaerebatur,
831 232 899 259 adeo
918 236 947 258 ιιι

1002 240 1065 265 ιιοις1
1077 232 1101 257 ol
1117 231 1145 257 δὲ
1164 230 1212 269 καὶ
1226 230 1306 266 χερσὶ
1322 230 1368 257 τὸν
1381 229 1492 265 νικητὴν
1508 229 1742 267 προύπηλάκιζον,
1757 231 1781 257 oi
1832 232 1833 236 ‘

167 280 263 309 scienti
295 284 322 307 et
337 287 390 306 non
405 278 533 306 iudicanti
545 279 723 306 Athanasium
735 278 849 314 capitale
867 277 946 305 foret:

1002 276 1030 303 δὲ
1047 277 1094 303 καὶ
1108 276 1153 303 τὸν
1169 276 1201 302 ὲκ
1214 275 1261 302 τοῦ
1280 275 1412 311 βασιλέως
1427 277 1548 304 ὲπέσειον
1560 277 1683 304 θάνατον.
1708 277 1738 304 '0
1754 277 1782 304 δὲ

1008 322 1153 357 Ἀρχέλαος
1168 321 1300 357 μέλλοντα
1319 322 1485 349 διασπᾶσθαι
1504 321 1550 348 τὸν
1572 322 1646 355 ὅσιον
1663 322 1714 349 ὑπὸ
1727 322 1782 349 τῶν

1001 367 1148 400 δυσσεσῶν,
1171 368 1247 403 μόλις
1269 367 1320 403 τῆς
1344 369 1434 400 οἰκίας
1461 369 1583 401 καταόὰς
1612 369 1647 404 (εἰ
1665 368 1719 404 γὰρ
1735 368 1783 396 καὶ

166 326 276 359 prannia
293 333 356 352 vero
371 330 587 360 proponerentur
606 324 650 358 iis,
666 324 713 359 qui
727 329 775 351 aut
786 323 878 350 vivum
898 322 947 350 ad-

166 369 306 400 ducerent.
322 373 367 396 aut
385 372 467 403 caput
482 368 619 395 alTerrent.

167 418 234 451 πρὸς
249 417 297 452 τὴν
315 417 406 453 κρίσιν
432 417 481 452 οὺχ
506 415 596 451 ἑώρα,
614 416 671 442 ἀλλ’
687 415 734 442 οὖν
751 415 806 450 εἶχέ
837 425 896 442 τινα
918 416 968 450 τῆς
988 415 1095 450 φύσεως
1129 416 1206 451 αἰδῶ)
1224 416 1294 451 μετὰ
1315 416 1363 443 καὶ
1386 416 1440 442 τῶν
1454 417 1610 452 δορυφόρων
1623 415 1781 450 ἐξαρπάζει,
1834 412 1835 416 ¹

167 463 215 490 καὶ
231 463 352 498 δρασμὸν
373 462 488 497 κρύφιον
514 461 588 496 αὐτῷ
603 462 808 497 παρασκευάζει
842 462 890 488 καὶ
923 461 1090 488 ὑποτίθεται.
1109 462 1146 488 Τὸ
1167 463 1195 489 δὲ
1228 462 1358 492 δυσσεϐὲς
1383 462 1603 497 συνεδριὰσαντες
1620 462 1695 493 αὖθις
1717 463 1784 496 γρά-
1816 496 1822 499 _

170 509 250 543 φουσι
264 517 293 535 τε
305 509 349 535 τὸν
359 508 480 535 ἀναίτιον
496 508 598 539 αἰτίαις
612 508 735 538 ἀτόποις.
751 508 784 539 ἃς
801 508 878 534 αὐτοὶ
910 507 1090 540 συνέπλασαν,
1126 509 1239 541 ἁλῶναι,
1266 509 1313 535 καὶ
1335 508 1474 544 διαφόροις
1498 507 1635 543 βιϐλιδίοις
1666 508 1783 540 ἐγκατα-

166 555 275 590 θέμενοι
291 555 326 581 τὰ
339 555 386 581 τοῦ
403 555 516 590 ψεύδους
527 554 566 590 τῷ
591 563 620 580 τε
639 555 822 590 Κωνσταντίῳ
836 555 883 582 καὶ
900 555 974 590 πάσῃ
990 555 1190 591 διαπέμπονται
1206 558 1240 591 τῇ
1257 556 1416 591 οἰκουμένῃ’
1448 557 1496 582 καὶ
1515 555 1620 589 γίνεται
1649 555 1688 589 τῷ
1703 555 1785 581 πολυ-

165 602 239 637 ἀθλῳ
253 602 327 628 πᾶσα
355 601 432 636 χώρα
458 601 531 635 φυγὴ
552 600 655 635 σφόδρα
670 601 839 636 ζητουμένῳ.
865 600 951 635 Καὶὴ
969 600 1083 635 ζήτησις
1107 603 1163 633 τοῖς
1190 603 1239 637 μὲν
1269 601 1401 628 συνειδόσι
1428 602 1476 628 καὶ
1511 601 1547 636 μὴ
1580 600 1784 636 καταμηνύουσι

165 648 239 683 ζωῆς
264 647 408 682 ἀφαίρεσιν
435 646 566 673 ἐπέϐαλλε
595 647 618 663 ⁸⁸
643 647 693 681 τὴν
719 647 828 682 ζημίαν·
854 648 909 678 τοῖς
924 646 953 673 δὲ
973 647 1162 684 κομίζουσινῆ
1195 648 1284 680 ζῶντα
1307 649 1323 684 ἢ
1351 648 1400 684 τὴν
1428 648 1509 675 αὑτοῦ
1528 647 1649 682 κεφαλὴν
1686 647 1785 682 δωρεαὶ

164 694 353 730 προὺτείνοντο
370 694 499 728 μεγάλαι.

198 739 257 772 Qua
273 747 302 766 re
315 739 433 774 cognita,
456 739 637 766 adamantina:
664 739 746 766 homo
766 739 903 774 patientiae
921 738 949 766 in

149 777 154 802 ἶ
164 786 241 813 fovea
264 793 363 820 aquam
381 793 435 812 non
453 785 582 817 habente,
598 790 671 813 totos
691 792 739 812 sex
753 792 838 812 annos
862 785 949 812 latens

164 831 300 858 contrivit.
314 830 404 858 Pridie
416 838 480 857 vero
493 830 554 865 ejus
571 830 626 857 diei
646 838 699 865 qua
712 829 872 865 prodendus
891 833 949 857 erat

145 877 207 912 yille
222 877 308 909 locus,
329 875 495 904 revelatione
512 876 629 911 quadam
651 876 743 903 divina
762 876 788 903 in
810 876 894 903 alium
908 875 948 903 lo-

1039 739 1073 765 ‘A
1100 738 1213 765 συνιδὼν
1236 739 1249 764 ὀ
1270 739 1320 773 τῆς
1348 737 1486 772 ὑπομονῆς
1509 736 1615 771 ἀδάμας
1637 735 1667 762 ὲν
1691 735 1786 770 λάκκῳ

1001 784 1072 819 ὕδωρ
1094 784 1131 820 μὴ
1146 783 1232 819 ἔχοντι
1247 784 1293 810 ἐπὶ
1318 783 1347 816 ἓξ
1361 783 1433 810 ἔτεσι
1456 782 1546 809 λαθὼν
1565 781 1719 816 ἐκαρτέρει.
1742 780 1785 811 Ὠς

1000 831 1029 857 δὲ
1051 830 1100 857 καὶ
1121 830 1152 856 τὺ
1171 829 1269 865 χωρίον
1287 830 1375 856 ἐκεῖνο
1391 827 1564 863 προδίδοσθαι
1589 826 1694 862 ἔμελλε,
1711 826 1785 857 θείας

1000 876 1087 911 ὅψεως
1098 876 1149 911 τὴν
1165 875 1309 911 προδοσίαν
1321 874 1361 909 τῷ
1376 874 1521 909 Θεράποντι
1534 873 1587 908 πρὸ
1603 873 1669 907 μιᾶς
1679 872 1785 906 ἡμέρας

163 930 225 949 cum
251 921 381 957 profugit,
403 925 429 949 et
452 921 487 949 in.
502 921 675 949 Occidentem
698 922 782 955 venit,
798 922 949 956 imperante

1003 922 1161 958 μηνυσάσης
1174 921 1304 948 κάκεῖθεν
1324 920 1518 955 ἀποδιδράσκει
1532 920 1580 946 καὶ
1593 918 1661 953 πρὸς
1673 917 1723 952 τὴν
1739 917 1785 943 δύ-

162 968 199 995 ὶιιί
210 968 368 1002 Constante,
382 975 433 995 suo
448 972 475 995 et
493 967 587 996 fratris
600 968 642 996 sui
667 967 838 995 Constantini
862 967 950 1002 impe-

163 1007 214 1042 rio.
233 1014 342 1042 Etenim
368 1015 445 1041 illum
468 1015 606 1042 exercitus
628 1014 754 1042 aﬂectato
780 1014 895 1049 imperio
910 1014 950 1040 in-

164 1060 317 1088 terfecerat.
359 1060 456 1096 48ιὸ
500 1060 569 1088 Tum
614 1061 782 1088 Athanasius
811 1059 950 1095 profectus

164 1105 277 1132 Romam
303 1104 337 1137 ad
359 1104 461 1131 Julium
482 1104 637 1139 pontiﬁcem
659 1105 883 1132 commemoratis
897 1104 949 1138 ipsi

163 1148 290 1175 omnibus
320 1155 382 1183 qua:
393 1148 428 1175 ab
444 1149 553 1175 Arianis
573 1157 669 1183 passus
688 1153 771 1180 esset,
793 1148 820 1174 in
836 1155 952 1182 conspe-

163 1199 208 1221 ctu
221 1193 378 1221 Constantis
404 1194 588 1228 imperatoris,
605 1198 631 1220 et
647 1194 780 1228 synodum
797 1193 950 1220 Antiochia:

163 1240 197 1268 ad
218 1240 387 1267 eversionem
414 1239 574 1267 orthodoxae
602 1239 664 1266 ﬁdci
688 1244 812 1266 coactam
838 1243 951 1271 esse,et

161 1286 309 1321 Georgium
327 1285 379 1313 sibi
399 1293 587 1313 successorem
602 1285 663 1313 illos
683 1290 778 1312 contra
800 1285 885 1320 legem
901 1285 949 1312 de-

163 1332 246 1365 disse,
258 1335 286 1359 et.
309 1339 359 1366 pro
373 1332 419 1358 illo
440 1331 522 1358 etiam
546 1330 721 1366 Gregorium.
737 1329 872 1359 Eusebius
888 1331 950 1367 qui-

163 1379 235 1411 dem,
251 1378 285 1405 iis
302 1378 421 1412 peractis
432 1385 492 1412 quae
505 1377 621 1410 volebat,
637 1378 797 1412 legationem
817 1377 849 1404 ad
865 1384 949 1404 vene-

165 1425 278 1450 randum
295 1422 396 1450 Juliuin
414 1422 568 1458 pontiﬁcem
596 1421 750 1450 Romanum
771 1423 881 1457 legavit,
899 1424 950 1450 hoc

163 1476 257 1504 agens,
274 1474 305 1496 ιιι
325 1468 504 1496 Athanasium
525 1476 578 1495 una
593 1468 747 1496 damnaret.
765 1468 854 1496 Julius
871 1476 948 1501 vero,

163 1515 283 1550 acceptis
297 1515 331 1542 ab
345 1515 464 1542 Eusebio
479 1515 588 1545 litteris.
607 1519 713 1542 tantum
732 1515 809 1543 abest
822 1520 852 1542 ut
867 1515 947 1543 dam-

163 1560 296 1592 nandum,
326 1561 408 1587 etiam
435 1558 630 1587 absolvendum
667 1559 816 1594 comperit,
844 1560 944 1594 injuria

1002 977 1043 994 σιν
1053 968 1178 1002 ἀπαίρει,
1190 967 1237 994 τοῦ
1249 967 1428 998 Κιὶινσταντος
1439 966 1488 1001 ἤδη
1501 965 1551 999 τὴν
1565 964 1653 1000 ἀρχὴν
1667 963 1784 998 ἔχοντος,

1000 1014 1031 1040 οὐ
1053 1013 1103 1049 τὴν
1127 1013 1225 1040 ἑαυτοῦ
1244 1013 1334 1048 μόνον,
1352 1012 1420 1039 ἀλλὰ
1442 1012 1489 1038 καὶ
1504 1012 1554 1046 τὴν
1569 1010 1616 1037 τοῦ
1633 1010 1655 1026 ⁵⁸
1670 1008 1784 1044 ἀδελφοῦ

1000 1059 1224 1086 Κωνσταντίνουο
1242 1059 1357 1094 καὶγὰρ
1376 1057 1456 1085 αὐτὸν
1475 1057 1505 1084 τὺ
1527 1055 1723 1091 στρατιωτικὸν
1739 1063 1785 1081 τυ-

1001 1105 1103 1140 ραννίδι
1125 1105 1282 1140 ἐπιθέμενοι
1305 1104 1420 1131 ἀνεῖλον.
1444 1103 1570 1130 Διδάσκει
1580 1101 1724 1137 τοιγαροῦν
1740 1101 1784 1128 διὰ

1001 1150 1155 1185 συνδρομῆς
1176 1149 1285 1176 Ἰουλίου
1313 1150 1361 1176 τοῦ
1382 1149 1492 1184 Ῥώμης
1507 1148 1552 1175 τὸν
1568 1147 1679 1183 βασιλέα
1705 1146 1784 1174 Κών-

1001 1203 1102 1222 σταντα
1130 1195 1180 1226 τὰς
1203 1194 1339 1225 ουσκευὰς
1356 1193 1390 1224 ἃς
1415 1193 1468 1220 ὑπὸ
1493 1194 1546 1220 τῶν
1569 1192 1718 1228 ’Λρειανῶν
1735 1193 1786 1218 ὑπ-

1000 1240 1075 1275 έστη,
1085 1240 1132 1266 καὶ
1149 1239 1198 1275 τὴν
1216 1239 1323 1266 σύνοδον
1337 1239 1386 1274 τὴν
1397 1239 1426 1266 ἐν
1443 1238 1592 1273 Ἀντιοχείᾳ
1606 1238 1653 1264 ἐπὶ
1664 1239 1784 1274 διαστρο-

1000 1287 1037 1320 φῇ
1056 1287 1106 1320 τῆς
1129 1285 1246 1317 πίστεως
1270 1285 1521 1320 συγκροτηθείσαν,
1538 1285 1585 1311 καὶ
1597 1284 1635 1316 ὡς
1649 1285 1785 1319 Γεώργιον

1000 1333 1041 1364 εἰς
1071 1332 1117 1358 τὸν
1143 1331 1226 1358 αὑτοῦ
1257 1332 1352 1367 θρόνον
1380 1331 1522 1365 έκθέσμως
1544 1331 1785 1366 χειροτονήσαντες

999 1378 1208 1413 ὲγκαθίδρυσαν,
1221 1378 1267 1404 καὶ
1283 1378 1333 1403 οὐκ
1346 1378 1450 1404 ἐκεῖνον
1477 1377 1569 1412 μόνον,
1589 1376 1655 1403 ἀλλὰ
1668 1376 1715 1402 καὶ
1730 1376 1785 1411 πρὸ

999 1425 1106 1451 ἐκείνου
1125 1423 1284 1458 Γρηγόριον.
1303 1423 1432 1454 Εὐσέϐιος
1453 1423 1546 1457 μέντοι
1563 1423 1784 1457 διαπραξάμενος

1000 1470 1017 1497 ἃ
1031 1469 1193 1501 ἐσπούδαζε,
1206 1468 1431 1503 διαπρεσϐεύεται
1443 1468 1512 1503 πρὸς
1523 1468 1568 1494 τὸν
1578 1469 1650 1495 ὅσιον
1666 1468 1784 1500 Ἰούλιον,

1001 1516 1128 1543 κοινωνὸν
1150 1516 1242 1542 λαϐεῖν
1269 1516 1317 1550 τῆς
1343 1515 1501 1542 Ἀθανασίου
1516 1515 1707 1550 κατακρίσεως
1732 1523 1786 1549 μη-

999 1562 1166 1598 χανώμενος.
1190 1562 1219 1589 ’0
1233 1563 1272 1594 δὲ,
1297 1562 1327 1594 ἐξ
1345 1558 1381 1593 ὧν
1395 1562 1498 1593 ἐκεῖνος
1508 1561 1627 1596 ἔγραφεν
1639 1562 1672 1592 ⁸ο,
1686 1561 1717 1587 οὐ
1735 1570 1785 1588 κα-

164 1605 291 1633 affectum
313 1605 413 1632 litteris
443 1606 634 1632 conﬁrmatum
658 1605 853 1632 Alexandriam
884 1606 947 1632 mit-

1002 1608 1128 1644 τάκρισιν
1144 1609 1177 1642 εί,
1192 1609 1315 1635 ἀθώωσιν
1329 1608 1358 1635 δὲ
1373 1607 1473 1642 μᾶλλον
1481 1608 1638 1634 ’Δθανασίου
1652 1607 1785 1643 συνορῶν,

164 1652 206 1684 tit,
237 1656 265 1679 et
287 1651 454 1686 postliminio
467 1650 594 1683 restituit,
610 1657 665 1677 non
687 1658 783 1685 parum
803 1652 949 1685 reprehen-

164 1697 233 1724 dens
244 1704 302 1728 eos,
317 1697 363 1731 qui
380 1696 481 1730 injuste
497 1703 559 1723 eum
574 1696 636 1723 loco
655 1696 858 1724 detnrbassent.

199 1782 305 1815 Ariani,
321 1782 510 1810 Constantium
532 1783 620 1819 magis
633 1784 775 1819 magisque
798 1785 948 1820 depravan-

165 1833 217 1860 tes,
241 1829 413 1864 Gregorium,
442 1836 523 1863 quem
544 1829 582 1856 illi
607 1830 810 1864 ordinaverant,
832 1831 950 1859 Alexan-

163 1874 253 1901 driam
269 1878 373 1901 armata
388 1874 414 1901 vi
431 1874 618 1902 deducendum
636 1880 734 1903 curant
752 1877 864 1912 (quibus
881 1886 949 1913 prte-

165 1923 226 1946 erat
240 1920 327 1954 copiis
345 1920 500 1956 Syrianus),
520 1929 581 1956 qua:
591 1922 711 1958 quinque
726 1923 841 1950 millium
861 1929 948 1951 erant.

164 1966 250 1999 igitur
266 1970 377 1994 sanctus
391 1967 555 1994 Athanasius
575 1969 726 1996 exercitum
747 1969 824 2004 fugit,
854 1974 881 1997 et
899 1971 950 1997 mi-

165 2011 237 2043 lites,
252 2011 299 2046 qui
319 2012 346 2038 in
363 2012 422 2046 ejus
449 2020 541 2040 necent
571 2015 760 2048 conspirarant
776 2025 783 2042 :
800 2021 827 2042 ct
850 2016 949 2043 iterum

165 2059 283 2088 Romam
301 2069 332 2088 se
355 2062 478 2089 contulit.
497 2062 646 2098 Gregorius
666 2069 755 2090 autem
773 2065 874 2099 impius
897 2065 950 2093 Ec-

163 2107 275 2136 clesium
284 2109 437 2142 occupavit.
450 2109 636 2142 Alexandrini,
650 2110 675 2137 id
686 2110 786 2137 factum
799 2119 851 2138 non
861 2111 949 2139 fcren-

165 2159 216 2185 tes,
234 2153 384 2181 Ecclesiam
401 2154 492 2181 Sancti
518 2154 640 2190 Dionysii
655 2156 844 2183 incenderunt.
864 2157 950 2192 igitur

164 2205 277 2226 sanctus
305 2199 406 2226 Paulus
431 2199 710 2235 Constantinopoleos
734 2202 879 2236 episcopus
896 2211 949 2230 una

165 2251 227 2271 cum
245 2244 395 2272 Athanasio
409 2245 537 2272 exsulans
562 2245 655 2273 lloma:
667 2251 735 2278 erat,
750 2253 777 2274 et
793 2248 890 2281 palmae
902 2256 947 2276 so-

165 2290 225 2317 cius
241 2289 302 2317 fuit.
321 2290 456 2327 Constans
469 2296 559 2318 autem
574 2291 669 2319 scribit
683 2285 761 2319 fratri
774 2293 944 2326 Constantio,

165 2339 278 2370 urgente
305 2334 385 2362 simul
414 2336 503 2370 ipsum
526 2335 600 2363 .Iulio
615 2337 753 2371 pontiﬁce,
769 2343 799 2365 ut
824 2339 949 2373 proprios

165 2381 340 2416 episcopatus
356 2382 509 2416 reciperent
523 2382 611 2410 allecti
629 2383 739 2418 injuria.
765 2384 817 2411 Sed
837 2389 866 2411 ut
880 2385 950 2411 nihil

166 2426 291 2454 ell'ectum
310 2431 362 2462 est,
385 2429 524 2462 postulant
541 2430 623 2463 igitur
643 2430 809 2458 Athanasius
838 2435 864 2457 ct
879 2430 950 2458 Pau-

167 2476 210 2503 lus
238 2482 267 2504 ut
287 2479 454 2504 metimenica
481 2479 585 2513 synodo
611 2478 803 2510 decernuntur,
826 2486 887 2512 quin
915 2479 949 2506 ad

166 2522 246 2550 ﬁdem
258 2522 446 2554 orthodoxam,
456 2528 482 2550 et
493 2531 541 2550 eos
554 2523 721 2557 pertinerent
733 2532 740 2550 :
753 2523 837 2559 [quod
850 2523 882 2551 iis
888 2523 948 2550 vio-
959 2530 961 2533 '

166 2568 228 2595 latis
243 2568 323 2596 simul
334 2569 399 2597 tides
415 2571 498 2596 etiam
513 2578 610 2597 casura
623 2569 718 2605 esset.]
734 2570 875 2597 inducitur
883 2577 948 2606 ergo

166 2614 267 2642 iterum
280 2615 400 2649 synodus
423 2615 541 2643 Serdica:
554 2623 690 2643 consensu
706 2616 848 2650 utriusque
861 2617 948 2651 impe-

166 2661 276 2694 ratoris,
289 2661 433 2689 undecimo
444 2669 539 2690 annoa
555 2666 641 2689 morte
653 2661 836 2695 Constantini,
853 2663 948 2689 horum

1000 1655 1146 1690 γράμμασι
1169 1656 1215 1681 τὸν
1237 1654 1401 1690 ἠδικημένον
1425 1654 1583 1690 ἐπιρρώσας
1603 1655 1643 1686 εἰς
1663 1654 1786 1686 Ἀλεξάν-

999 1701 1092 1736 δρειαν
1106 1701 1278 1732 ἀποστέλλει,
1291 1701 1320 1726 ὲν
1334 1698 1375 1731 οἷς
1391 1701 1436 1727 καὶ
1452 1701 1515 1732 τοὺς
1528 1700 1608 1726 αὐτὸν
1618 1700 1783 1733 καθελόντας

999 1746 1092 1773 δικαία
1109 1748 1156 1773 καὶ
1171 1747 1201 1773 οὐ
1223 1747 1309 1782 μικρὰ
1328 1746 1432 1782 μέμψις
1446 1747 1608 1782 μετὴρχετο.

1037 1793 1108 1819 Ἀλλ’
1139 1793 1164 1819 οἱ
1189 1793 1238 1828 τῆς
1251 1793 1356 1828 Ἀρείου
1381 1792 1483 1828 λύσσης
1503 1793 1718 1829 ὑποφθείραντες
1738 1794 1786 1821 ἐπὶ

1000 1839 1082 1865 πλέον
1106 1839 1151 1865 τὸν
1179 1839 1378 1870 Κωνστὰντιον,
1403 1838 1432 1865 ὃν
1456 1839 1533 1865 αὐτοὶ
1546 1839 1785 1875 κεχειροτονήκασι

1002 1883 1154 1920 Γρηγόριον
1169 1884 1216 1910 ἐπὶ
1229 1884 1279 1919 τὴν
1294 1883 1501 1918 Ἀλεξάνδρειαν
1515 1887 1698 1921 στρατιωτικῇ
1714 1886 1786 1920 χειρὶ

1000 1929 1192 1964 ἐκπεμφθῆναι
1207 1929 1452 1964 καταπράττονται·
1470 1930 1600 1965 Συριανὺς
1613 1929 1647 1966 ἦν
1665 1940 1785 1966 στρατη-

1000 1977 1047 2010 γὸς
1071 1977 1119 2011 τῆς
1145 1976 1271 2012 τοιαύτης
1294 1977 1490 2012 παρατάξεως,.
1508 1978 1555 2004 καὶ
1571 1978 1586 2003 ὁ
1604 1978 1718 2012 στρατὸς
1744 1980 1785 2010 εἰς

1001 2024 1080 2049 πέντε
1103 2022 1224 2057 χιλιάδας
1247 2023 1424 2057 ἀπηρτίζετο.
1450 2023 1596 2058 Διαφεύγει
1610 2023 1632 2049 δ’
1648 2023 1720 2050 οὗνὸ
1740 2033 1786 2050 σο-

1000 2069 1051 2104 φὸς
1067 2069 1225 2100 Ἀθανάσιος
1243 2070 1287 2096 τόν
1302 2078 1332 2095 τε
1349 2069 1499 2104 στρατηγὸν
1511 2070 1558 2096 καὶ
1574 2071 1636 2101 τοὺς
1652 2069 1785 2105 στρατιώ-

1000 2124 1049 2147 τας
1061 2115 1192 2147 πνέοντας
1208 2116 1268 2141 κατ¹
1281 2115 1363 2142 αὑτοῦ
1379 2116 1423 2142 τὸν
1444 2115 1534 2150 φόνον,
1550 2117 1597 2142 καὶ
1616 2116 1646 2143 τὸ
1657 2116 1784 2152 δεύτερον

1000 2161 1046 2187 ἐπὶ
1059 2160 1108 2195 τὴν
1128 2161 1237 2196 Ῥώμην
1253 2160 1408 2196 ἀνατρέχει.
1429 2161 1458 2187 Ὀ
1477 2161 1506 2188 δὲ
1525 2161 1658 2198 δυσσεϐὴς
1680 2163 1785 2197 Γρηγόο

1001 2216 1058 2243 ριος
1068 2208 1117 2243 τῆς
1129 2207 1327 2244 Ἀλεξανδρέων
1341 2209 1488 2244 ἐκράτησε·
1501 2210 1548 2235 καὶ
1559 2210 1575 2244 ἡ
1590 2208 1668 2240 πόλις
1678 2208 1708 2235 τὸ
1720 2217 1785 2234 συν-

1001 2253 1109 2287 ενεχθὲν
1125 2253 1176 2279 οὐκ
1191 2254 1219 2280 ἐν
1241 2253 1280 2288 τῷ
1306 2253 1413 2289 ἀνεκτῷ
1438 2253 1536 2289 θεμένη
1549 2254 1597 2289 τὴν
1611 2253 1784 2288 καλουμένην

997 2299 1135 2326 Διονυσίου
1161 2299 1308 2334 ἐκκλησίαν
1332 2300 1496 2335 ἐνέπρησαν.
1511 2300 1634 2334 Συνῆσαν
1654 2299 1717 2334 [785
1734 2299 1783 2335 8.]

998 2341 1044 2370 οὖν
1060 2343 1183 2377 ἀλλήλοις
1200 2345 1318 2379 φυγάδες
1340 2345 1416 2376 ὄντες
1431 2346 1444 2370 ὂ
1455 2353 1485 2371 τε
1503 2344 1648 2381 σεϐάσμιος
1668 2344 1785 2371 Ἀθανά-

999 2398 1056 2421 σιος
1076 2390 1124 2416 καὶ
1148 2390 1264 2423 Παῦλος,
1287 2393 1353 2422 τοῖς.
1367 2392 1435 2422 ίσοις
1461 2390 1608 2425 ἀριστείοις
1627 2391 1784 2426 κοσμούμε-

998 2445 1038 2463 νοι
1063 2437 1095 2464 θ’.
1109 2437 1210 2472 Γράφει
1230 2437 1258 2463 δὲ
1287 2436 1418 2469 Κώνστας
1439 2437 1479 2472 τῷ
1507 2437 1613 2472 ἀδελφῷ
1638 2439 1785 2464 Κωνστανο
1821 2452 1823 2454 -

998 2483 1066 2518 τίῳ,
1095 2483 1347 2519 συμπαρορμῶντος
1373 2484 1465 2512 αὑτὸν,
1481 2475 1533 2510 ’καὶ
1555 2483 1603 2510 τοῦ
1632 2484 1783 2520 ἀρχιερέως

1006 2529 1128 2560 Ἰουλίου,
1146 2528 1217 2555 ὥστε
1246 2529 1294 2559 τὰς
1311 2529 1377 2561 ἰδίας
1394 2530 1546 2561 ὲπισκοπὰς
1562 2530 1704 2556 ἀναλαϐεῖν
1719 2530 1784 2560 τοὺς

999 2574 1189 2609 ἠδικημένους.
1210 2575 1253 2606 Ὠς
1267 2575 1289 2605 δῖ
1302 2575 1377 2601 οὐδὲν
1404 2576 1495 2611 ἤνυεν,
1518 2576 1640 2608 ἀξιοῦσιν
1665 2575 1745 2602 αὑτὸν
1758 2577 1783 2601 οἱ

999 2621 1064 2655 περὶ
1077 2619 1236 2647 ’Λοανάσιον
1255 2621 1431 2656 οίκουμενικῇ
1445 2622 1546 2657 συνόδῳ
1559 2622 1594 2648 τὰ
1609 2621 1671 2656 περὶ
1684 2620 1784 2652 αὐτούς

999 2672 1029 2690 τε
1046 2665 1093 2690 καὶ
1112 2665 1160 2698 τῆς
1182 2665 1455 2702 συνεπηρεαζομένης
1470 2668 1587 2698 πίστεως
1597 2665 1783 2701 ἐπικριθῆναι.

748 2761 866 2790 VARUE
899 2763 1090 2792 LECTIONES

203 2843 226 2860 "
241 2843 355 2870 ἐπέϐαλε
369 2852 400 2875 ς.

170 2879 279 2906 nomine
294 2884 353 2914 post
380 2878 490 2914 μᾶλλον,
517 2877 546 2904 Β.
586 2877 607 2892 θ’
622 2877 808 2913 κοσμούμενος
824 2877 853 2905 Β.

449 2843 472 2859 ⁸⁸
487 2841 535 2884 more.
549 2849 607 2884 oni:
622 2841 652 2868 Α.
672 2841 694 2857 ⁸ο
711 2841 947 2884 ξγραφενῆὲκεῖνος
962 2844 992 2872 Β,
1031 2846 1051 2862 ⁶¹
1071 2846 1244 2884 κατάκρισιν]
1258 2849 1423 2884 κατάκρισιν
1441 2846 1611 2883 Ἀθανασίου,
1626 2847 1730 2876 omisso
1749 2855 1786 2876 eo
