1952 3072
183 153 231 188 147

752 145 884 179 ΡΗΟΤΠ
900 142 1152 175 PATRIARCH/E
1169 143 1224 174 (ΖΡ.

1748 142 1798 176 148

182 209 229 246 qui
248 215 338 236 secum
359 209 503 239 sentirent,
520 211 628 233 summo
650 203 744 232 dolore
767 196 828 231 sese
850 199 963 228 affectu-

1017 197 1205 230 Κωνστάντιος
1225 196 1253 224 δὲ
1268 197 1417 234 προθύμως
1436 207 1466 225 τε
1485 199 1533 226 καὶ
1547 198 1596 226 σὺν
1609 199 1688 235 ἡδονῇ
1711 199 1799 235 ἐπηγ-

181 263 254 284 mm.
268 254 362 289 ltaque
377 253 534 288 imperator,
544 250 596 278 viri
614 249 787 285 prudentiam
803 247 965 278 admiratus,

182 310 214 329 ac
236 301 385 333 solertiam,
408 306 481 332 eum,
503 305 602 333 magno
627 297 730 324 honore
749 295 853 327 habito,
877 293 967 321 dimit-

124 361 126 364 ν
183 348 214 375 Iit
230 356 239 374 :
252 346 376 375 scribens
391 345 475 373 etiam
488 343 635 380 (Nestorio)
653 340 808 377 Augustali,
829 339 900 367 inter
917 345 966 367 cae-

182 399 240 421 tera
257 397 288 421 ut
308 399 407 427 magno
432 391 537 419 honore
559 388 621 417 eum
645 387 804 419 deduceret,
822 390 850 413 et
874 384 966 413 omnia

181 448 243 475 quae
257 441 315 475 ipse
332 437 517 470 Constantius,
530 440 558 464 et
576 434 670 463 Ariani
690 437 786 463 contra
807 433 886 460 illum
908 435 966 460 sta-

183 486 310 518 tuissent,
326 484 404 512 irrita
423 483 537 511 haberet
551 492 561 510 :
575 481 640 517 quin
656 485 684 508 et
696 481 800 508 clerum
815 478 874 514 ejus
890 485 967 506 eam-

181 533 241 559 dem
257 531 334 567 jubet
353 530 480 558 obtinere
498 528 672 564 dignitatem,
693 526 901 560 libertatemque
921 531 968 552 res

180 586 276 607 sacras
290 576 399 613 publice
412 574 634 604 administrandi.

213 707 381 736 Athanasius
405 706 497 742 itaque
525 712 588 734 cum
612 703 782 740 pervenisset
806 702 964 738 Hierosoly-

178 762 262 786 mam,
283 753 404 780 Maximo
422 751 552 787 episcopo
574 755 602 778 et
628 749 792 781 confessori,
811 754 876 776 nota
897 747 964 776 facit

177 805 237 828 acta
268 799 441 827 Sardicensis
474 797 596 831 concilii,
627 796 758 832 quodque
783 794 964 823 Constantius

178 848 326 881 imperator
347 852 412 880 erga
435 852 465 872 se
480 843 549 871 bene
562 844 700 871 animatus
720 842 768 870 sit.
784 841 886 870 Deinde
900 848 964 869 con-

177 895 270 926 gregat
281 890 416 926 synodum
429 889 636 924 episcoporum,
647 895 708 923 qua:
720 887 802 916 beato
811 887 962 915 Athanasio

176 940 205 964 et
228 935 449 963 communionem
471 938 499 961 et
527 933 687 969 dignitatem
711 932 896 968 episcopalem
913 932 964 960 de-

177 982 281 1014 cernit,
305 987 334 1009 et
357 980 455 1009 scribit
477 979 537 1015 ipsa
562 979 685 1015 synodus
708 978 912 1011 Alexandrinis,
938 983 966 1006 et

178 1027 306 1056 omnibus
328 1027 355 1054 in
386 1026 505 1062 [Egypto
524 1030 552 1053 et
573 1024 658 1060 Libya
679 1024 829 1060 episcopis,
850 1031 911 1059 quae
931 1024 965 1052 de

177 1073 328 1102 Athanasio
341 1072 449 1100 decreta
463 1076 557 1100 essent
569 1075 597 1100 et
610 1075 696 1107 gesta.

213 1162 382 1190 Athanasius
405 1166 497 1189 autem
523 1160 715 1189 Alexandriam
739 1167 803 1188 cum
830 1159 963 1193 venisset,

177 1212 328 1236 conventus
345 1208 534 1243 episcoporum
553 1207 581 1234 in
592 1206 710 1242 Egypto
722 1207 787 1242 egit,
801 1213 863 1241 quae
875 1213 962 1241 syno-

176 1255 229 1283 dus
242 1253 429 1282 consentiebat
452 1253 488 1281 iis
515 1260 575 1288 quae
593 1253 621 1280 in
644 1252 802 1280 Sardicensi
817 1256 845 1280 et
866 1251 964 1280 Hiero-

177 1300 342 1335 solymitana
356 1298 462 1335 synodo
483 1298 594 1327 decreta
609 1302 712 1326 essent.
729 1298 796 1329 Sed,
806 1297 963 1334 Magnentio

178 1345 346 1380 tyrannidem
372 1345 532 1379 affectante,
556 1350 584 1372 et
604 1344 753 1375 Constante
777 1344 964 1379 interempto,

175 1391 271 1420 Ariani
295 1391 395 1419 iterum
412 1391 507 1420 dolose
522 1396 618 1420 contra
631 1390 816 1419 Athanasium
839 1390 965 1418 concita-

176 1441 242 1464 runt
263 1436 468 1470 Constantium,
489 1443 521 1464 ac
544 1443 641 1464 rursus
657 1435 742 1471 impia
760 1435 880 1469 decreta,
898 1443 964 1463 rur-

175 1489 224 1511 sus
238 1481 313 1517 fuga,
332 1489 431 1510 rursus
450 1482 603 1518 inquisitio,
620 1486 648 1509 et
664 1481 752 1510 sancti
766 1481 796 1509 fit
811 1481 962 1517 indagatio.

175 1527 312 1563 Georgius
331 1535 398 1556 vero
411 1527 603 1556 Alexandrinae
615 1527 875 1560 Ecclesia'invasor,
896 1527 962 1555 item
978 1544 1000 1574 ο

173 1575 304 1608 Acacius,
323 1578 351 1602 et
376 1574 551 1610 Patrophilus
572 1578 724 1603 sectatores
746 1574 816 1608 Arii,
837 1579 962 1602 sanctum

176 1621 325 1649 Maximum
339 1621 619 1657 Hierosolymitanum
634 1621 808 1656 expulerunt,
825 1625 854 1648 et
872 1619 961 1655 Cyril-

176 1667 233 1695 lum
252 1667 464 1695 substituerunt.
479 1666 614 1701 Georgius
628 1673 695 1694 vero
709 1670 750 1693 tot
761 1665 830 1694 mala
842 1665 964 1693 Alexan-

174 1713 243 1740 «trite
262 1713 364 1746 intulit,
380 1717 412 1740 ut
436 1720 468 1740 ea
494 1720 556 1747 quae
584 1713 612 1740 in
635 1712 809 1740 Christianos
833 1711 962 1740 fecerunt

177 1758 294 1791 cthnici,
310 1758 431 1786 humana
447 1763 539 1793 putes.
557 1757 642 1786 Novae
655 1758 848 1794 excogitantur
861 1765 960 1794 pmnae,

174 1803 231 1838 igni
245 1803 365 1839 virgines
381 1803 461 1831 nudae
480 1804 700 1839 apponebantur,
722 1808 750 1832 et
764 1811 840 1832 mors
860 1805 962 1831 multos

173 1850 254 1882 alios,
266 1855 294 1878 et
310 1850 366 1879 vita
382 1856 409 1878 et
424 1858 504 1886 pmua
519 1851 631 1886 eripuit.
646 1850 816 1879 Exsulabant
832 1850 861 1880 in
874 1850 960 1887 Egy-

172 1901 220 1932 pto
235 1897 343 1932 triginta
359 1898 415 1926 duo
431 1898 562 1934 episcopi,
577 1904 605 1926 et
621 1898 788 1927 sacerdotes.

1017 244 1135 278 γείλατο⁶
1153 244 1246 279 ὴγνόει
1260 244 1288 271 δὲ
1303 244 1356 280 ἄρα
1373 244 1466 271 λυπῶν
1479 245 1514 272 τὰ
1530 245 1645 280 μέγιστα
1660 254 1722 278 τους
1735 246 1799 281 δμόο

1017 298 1128 325 φρονας.
1144 290 1218 325 Πλὴν
1235 290 1424 324 καταπλαγεὶς
1434 290 1485 325 τὴν
1500 290 1547 317 τοῦ
1560 291 1720 318 Ἀθανασίου
1735 292 1800 318 σύν-

1017 335 1074 362 εσίν
1087 344 1117 362 τε
1134 336 1182 362 καὶ
1197 335 1351 371 ἀγχίνοιαν,
1374 335 1412 367 ὡς
1435 336 1607 372 προείρηται,
1624 337 1693 372 μετὰ
1709 337 1800 372 πάσης

1016 380 1095 415 δόξης
1115 382 1162 407 καὶ
1183 381 1265 416 τιμῆς
1281 381 1431 416 ἐκπέμπει,
1451 382 1565 417 γράφων
1589 383 1637 410 καὶ
1664 383 1732 418 πρὸς
1754 383 1800 411 τὸν

1015 426 1215 460 Αὑγουστάλιον
1232 425 1312 462 [HM
1329 426 1377 462 ﬂ.)
1390 426 1426 453 τά
1435 435 1464 453 τε
1479 427 1546 454 ἄλλα
1560 427 1603 455 διὰ
1619 428 1800 464 σεϐασμιδτη-

1016 481 1062 504 τος
1081 473 1157 507 ἄγειν
1177 472 1268 506 αὐτὸν,
1281 472 1330 499 καὶ
1343 473 1444 507 πάντα,
1457 470 1498 505 οἷς
1511 473 1592 501 αὐτὸν
1612 474 1692 506 αὑτός
1706 482 1737 500 τε
1753 474 1800 501 καὶ

1016 519 1041 545 et
1064 518 1113 545 σὺν
1136 517 1211 553 αὐτῷ
1238 518 1468 554 κατεψηφίσαντο,
1482 519 1512 546 τὸ
1535 519 1639 555 ἄκυρον
1660 520 1708 546 καὶ
1721 520 1799 547 ἀνεν-

1015 565 1131 600 έργητον
1145 564 1229 600 ἔχειν,
1259 564 1328 592 ἀλλά
1339 573 1371 599 γε
1385 564 1418 600 δὴ
1427 565 1475 592 καὶ
1489 565 1535 592 τδν
1551 565 1596 592 ὑπ’
1608 565 1683 601 αὐτῷ
1697 565 1721 581 ⁷⁸
1734 565 1801 601 κλῆ-

1019 620 1065 648 ρον
1076 611 1127 648 τὴν
1139 611 1278 648 προτέραν
1290 612 1374 647 τιμὴν
1389 611 1437 639 καὶ
1450 611 1541 648 πάσης
1553 612 1683 648 δημοσίου
1697 612 1800 648 ὑπηρε-

1016 659 1077 691 σίας
1088 659 1232 686 ἀναλαϐεῖν
1249 658 1299 694 τὴν
1313 658 1480 694 ἐλευθερίαν.

1050 705 1220 732 Καταλαϐὼν
1236 704 1282 732 οὖν
1296 704 1312 731 ό
1328 704 1486 736 ’Δθανάσιος
1498 703 1533 731 τὰ
1555 703 1736 740 Ἰεροσόλυμα,
1751 705 1799 732 καὶ

1013 750 1133 787 Μαξίμῳ
1151 750 1191 786 τῷ
1204 751 1328 787 ἀρχιερεῖ
1343 750 1390 777 τοῦ
1405 750 1472 777 Θεοῦ
1486 750 1534 777 καὶ
1543 750 1695 785 ὸμολογητῇ
1707 750 1800 777 συνελ-

1015 797 1069 824 θὼν
1087 797 1128 829 si;
1144 796 1206 832 ϐψιν
1225 805 1255 824 τε
1278 797 1326 824 καὶ
1341 796 1461 832 ὁμιλίαν,
1476 796 1511 824 τά
1520 805 1550 824 τε
1563 797 1592 823 ὲν
1609 796 1726 832 Σαρδικῇ
1742 796 1800 823 δια-

1014 843 1199 879 πεπραγμένα
1211 843 1258 869 καὶ
1268 842 1306 874 ὡς
1315 843 1383 878 πρὸς
1396 842 1477 870 αὐτὸν
1492 842 1681 874 Κωνστάντιος
1694 842 1801 877 διετέθη

1015 889 1255 926 ἁναδιδαξάμενος,
1280 890 1389 917 σύνοδον
1415 890 1544 925 ἀθροῖσαι
1561 889 1608 916 τδν
1632 889 1801 925 ὁμολογητὴν

1015 933 1248 973 καταπράττεται.
1264 938 1319 964 Καὶ
1332 938 1349 973 ή
1363 936 1473 968 σύνοδος
1496 936 1535 971 τῷ
1555 936 1704 972 θαυμαστῷ
1720 936 1802 963 Ἀθα-

1014 982 1099 1018 νασίῳ
1116 982 1164 1010 καὶ
1175 982 1224 1018 τὴν
1236 983 1380 1010 κοινωνίαν
1396 982 1444 1009 καὶ
1464 981 1495 1008 τὸ
1511 981 1703 1017 ἀρχιερατικὸν
1720 981 1802 1014 ἀξίω-

1016 1037 1055 1064 μα
1065 1028 1260 1065 ὲπιψηφίζεται
1279 1028 1313 1061 ⁷⁸,
1326 1028 1374 1055 καὶ
1386 1028 1488 1063 γράφει
1501 1029 1557 1060 τοῖς
1572 1028 1601 1054 ἐν
1611 1026 1802 1063 Ἀλεξανδρείᾳ

1015 1075 1062 1101 καὶ
1073 1074 1149 1111 πάσῃ
1162 1076 1196 1109 τῇ
1211 1083 1242 1101 τε
1257 1073 1390 1109 Αἰγύπτῳ
1409 1074 1458 1101 καὶ
1471 1074 1558 1109 Λιϐύῃ
1573 1073 1592 1100 ἃ
1607 1074 1673 1108 περὶ
1686 1074 1802 1101 Ἀθανα-

1016 1119 1074 1146 σίου
1094 1119 1166 1154 έγνω
1182 1127 1214 1145 τε
1229 1119 1278 1146 καὶ
1295 1118 1470 1154 διεπράξατο.

1055 1164 1085 1192 '0
1106 1164 1135 1191 δὲ
1161 1165 1284 1198 γενναῖος
1308 1160 1386 1195 οὗτος
1413 1162 1534 1198 ἀθλητὴς
1555 1164 1589 1198 τῇ
1614 1162 1802 1199 ’Δλεξανδρείᾳ

1014 1208 1128 1248 ἐπιστὰς
1149 1207 1256 1240 καθίζει
1274 1208 1322 1234 καὶ
1346 1208 1428 1240 αὐτὸς
1449 1208 1600 1244 ἀρχιερέων
1619 1207 1651 1240 ὲξ
1663 1208 1804 1242 Αἰγύπτου

1013 1262 1045 1280 τε
1059 1253 1107 1280 καὶ
1127 1252 1231 1289 Λιϐύης
1252 1253 1392 1287 σύλλογον·
1408 1252 1456 1280 καὶ
1487 1252 1559 1288 αὕτη
1578 1253 1628 1285 τὰς
1642 1253 1739 1289 ὁμοίας
1755 1253 1804 1280 καὶ

1014 1299 1239 1335 ἀπαραλλάκτους
1257 1299 1365 1335 ψήφους
1385 1300 1446 1331 ταῖς
1472 1299 1502 1327 ὲν
1521 1299 1642 1336 Σαρδικῇ
1662 1300 1709 1328 καὶ
1726 1300 1756 1327 ὲν
1777 1300 1804 1317 ⁷⁸

1021 1346 1219 1382 Ἰεροσολύμοις
1237 1346 1355 1378 συνόδοις
1369 1345 1527 1382 ψηφίζεται.
1552 1346 1636 1373 Ἀλλὰ
1649 1346 1704 1382 γὰρ
1723 1347 1804 1381 Μαγ-

1014 1393 1119 1420 νεντίου
1141 1392 1279 1428 τυραννίδι
1300 1392 1463 1428 ἐπιθεμένου
1490 1392 1538 1419 καὶ
1556 1391 1601 1419 τὸν
1629 1392 1805 1427 βασιλεύοντα

1013 1439 1064 1474 τῆς
1088 1438 1196 1470 Δύσεως
1211 1437 1429 1473 διαφθείραντος,
1443 1438 1467 1464 οἱ
1493 1437 1523 1471 ἐξ
1537 1437 1643 1473 Ἀρείου
1660 1437 1742 1464 πάλιν
1758 1437 1806 1464 τὸν

1014 1484 1153 1520 κονιορτὸν
1174 1484 1364 1512 Κωνστάντιον
1389 1482 1460 1510 κατὰ
1481 1483 1528 1510 τοῦ
1546 1482 1696 1510 πολυάθλου
1720 1483 1805 1518 ἀναῤ-

1017 1530 1154 1566 ῥιπίζουσι
1166 1538 1174 1545 ν
1189 1529 1236 1557 καὶ
1261 1529 1343 1556 πάλιν
1358 1529 1394 1557 τὰ
1410 1529 1461 1565 τῆς
1486 1529 1614 1561 ἀσεϐείας
1627 1528 1803 1564 ψηφίσματα,

1017 1576 1064 1603 καὶ
1076 1576 1158 1604 πάλιν
1173 1575 1259 1611 φυγὴ,
1273 1575 1321 1602 καὶ
1332 1575 1415 1602 πάλιν
1425 1574 1533 1610 ἔρευνα,
1549 1574 1599 1602 καὶ
1614 1574 1694 1601 πάλιν
1705 1573 1805 1610 ἀναζή-

1013 1631 1104 1659 τησις.
1133 1621 1190 1650 Καὶ
1216 1621 1250 1658 δὴ
1275 1621 1323 1648 καὶ
1344 1620 1481 1657 Γεώργιος
1504 1622 1519 1648 δ
1535 1621 1587 1657 τῆς
1604 1620 1804 1656 ’Δλεξανδρέων

1015 1670 1119 1701 πόλεως
1139 1668 1266 1705 ἁρπάσας
1275 1668 1322 1696 τὸν
1338 1667 1443 1704 θρόνον,
1457 1667 1516 1703 ἅμα
1524 1668 1582 1698 τοῖς
1596 1667 1661 1702 περὶ
1672 1666 1803 1693 ’Δκάκιον

1015 1716 1063 1745 καὶ
1076 1715 1258 1752 Πατρόφιλον,
1275 1716 1299 1744 οἱ
1313 1714 1363 1750 τῆς
1375 1715 1480 1750 ’Δρείου
1501 1713 1628 1749 φατρίας,
1647 1712 1805 1748 έξωθήσαν-

1014 1772 1061 1794 τες
1078 1762 1272 1799 Ἰεροσολύμων
1294 1761 1340 1788 τὸν
1364 1760 1536 1797 δμολογητὴν
1549 1759 1676 1794 Μάξιμον
1692 1760 1803 1786 ἀντεισ-

1014 1810 1110 1844 άγουσι
1132 1808 1277 1842 Κύριλλον.
1299 1808 1328 1834 Ὀ
1345 1807 1374 1835 δὲ
1398 1807 1420 1823 ⁷⁷
1436 1805 1569 1841 δυσσεϐὴς
1590 1804 1728 1839 Γεώργιος
1756 1812 1803 1831 το-

1015 1856 1118 1884 σούτων
1131 1855 1155 1871 ⁷⁸
1169 1854 1219 1890 τὴν
1230 1852 1429 1888 Ἀλεξανδρέων
1443 1852 1576 1887 ἐνέπλησε
1598 1850 1703 1883 κακῶν,
1718 1849 1756 1882 ὡς
1768 1849 1805 1877 τὰ

1012 1901 1069 1932 τοῖς
1078 1899 1193 1934 Ἕλλησι
1207 1898 1276 1926 κατὰ
1286 1896 1458 1934 Χριστιανῶν
1468 1895 1638 1932 τολμηθέντα
1649 1894 1805 1931 φιλανθρω.

172 1942 240 1970 πιαν
256 1942 425 1978 νομίζεσθαι.
440 1943 568 1979 Δίκισμοί
583 1952 613 1971 τε
634 1943 689 1979 γὰρ
722 1945 859 1980 σωμάτων
876 1949 984 1982 καιναῖς
1013 1948 1146 1979 ἐπινοίαις
1167 1945 1324 1981 ἀφορήτους
1348 1943 1477 1979 φέροντες
1495 1942 1545 1974 τὰς
1571 1941 1722 1977 ἀλγηδόνας
1734 1949 1804 1968 κατ-

172 1991 290 2024 έξαινον,
323 1991 372 2018 καὶ
395 1991 452 2027 πῦρ
470 1994 588 2026 γυμναῖς
609 1993 670 2025 ταῖς
706 1994 855 2029 παρθένοις
888 1997 1085 2033 προσεφέρετο,
1102 1995 1150 2022 καὶ
1179 1993 1294 2023 θάνατος
1310 1992 1333 2008 τ’
1349 1990 1464 2021 πολλοὺς
1487 1989 1585 2021 ἄλλους
1615 1989 1661 2015 καὶ
1682 1986 1730 2015 τοῦ
1751 1987 1804 2023 ζῇν

173 2037 238 2076 [78Ἰ
257 2036 306 2074 Ηι]
320 2038 367 2066 καὶ
381 2038 431 2072 τῆς
445 2039 581 2074 τιμωρίας
595 2039 653 2075 ἅμα
667 2039 691 2056 ⁸⁸
708 2040 857 2077 ἐξήρπαξε-
879 2043 1009 2078 γεγόνασι
1029 2044 1077 2071 καὶ
1095 2040 1240 2076 ὑπερορίαι
1257 2038 1312 2065 τῶν
1346 2037 1418 2064 κατὰ
1451 2035 1501 2072 τὴν
1532 2035 1670 2070 Αιγυπτον
1705 2033 1803 2070 ἱερέων

171 2091 203 2110 τε
220 2091 268 2110 και
282 2083 434 2119 ἀρχιερέων
446 2083 494 2110 δύο
508 2084 556 2112 rat
570 2084 729 2120 τριάκοντα.
1231 2082 1235 2083 ν

207 2128 309 2164 mli
327 2128 516 2162 Constantius,
541 2138 604 2158 cum
626 2130 731 2158 videret
746 2131 839 2167 sejam
863 2132 959 2162 fratris

1055 2131 1085 2157 '0
1101 2129 1131 2156 δὶ
1150 2126 1338 2157 Κωνστάντιος
1359 2123 1522 2159 προσλαϐὼν
1536 2123 1585 2151 καὶ
1606 2123 1656 2159 τὴν
1672 2121 1805 2158 τάδελφοῦ

173 2174 319 2210 imperium
335 2180 458 2209 nactum,
477 2176 622 2212 episcopos
635 2175 828 2207 Occidentales
843 2184 961 2207 conatur

1017 2176 1111 2214 ἀρχὴν,
1124 2174 1172 2202 καὶ
1187 2170 1416 2207 τοὺςἘσπερίους
1430 2171 1596 2202 ἐπισκόπους
1612 2169 1753 2206 μεθέλκειν
1764 2168 1806 2201 εῐς

172 2220 313 2253 inducere,
333 2227 363 2249 ut
377 2221 563 2256 :Athanasium
581 2223 809 2259 condemnarent,
831 2230 859 2253 et
879 2226 961 2254 Aria-

1017 2232 1043 2250 re
1063 2223 1113 2257 τὴν
1143 2218 1303 2247 Ἀθανασίου
1331 2217 1493 2252 κατάκρισιν
1521 2217 1568 2244 καὶ
1593 2216 1633 2248 εἰς
1652 2215 1702 2251 τὴν
1733 2214 1804 2242 ιδίαν

174 2274 239 2294 nam
261 2271 364 2295 sectam
390 2268 571 2303 susciperent,
598 2273 626 2296 et
645 2273 790 2304 propterea
811 2271 960 2299 concilium

1017 2265 1180 2297 ἐσπούδαζεν
1190 2264 1297 2299 αἵρεσιν
1312 2270 1319 2277 ·
1332 2262 1373 2290 διὸ
1388 2262 1436 2289 καὶ
1449 2262 1557 2289 σύνοδον
1571 2261 1615 2289 διὰ
1633 2260 1719 2287 ταῦτα
1730 2260 1804 2287 κατὰ

172 2312 351 2341 convocabat.
383 2313 526 2342 Mediolani
557 2315 585 2342 in
610 2314 694 2343 Italiae
725 2316 853 2350 civitate,
876 2317 959 2345 etiam

1017 2312 1181 2341 Μεδιόλανον
1197 2309 1275 2336 πόλιν
1294 2308 1344 2344 τῆς
1362 2307 1480 2339 Ἰταλίας
1499 2307 1631 2342 ἀθροίζει.
1648 2306 1703 2333 Καί
1726 2314 1804 2337 τινας

171 2358 274 2387 multos
296 2358 327 2386 in
351 2366 430 2387 suam
457 2361 621 2390 sententiam
645 2362 777 2390 traduxit.
810 2362 958 2399 Dionysius

1017 2358 1063 2394 μὲν
1073 2356 1142 2392 πρὸς
1152 2355 1184 2382 τὸ
1194 2356 1294 2382 οἰκεῖον
1308 2353 1463 2388 διαστρέφει
1472 2352 1604 2388 βούλημα·
1616 2351 1753 2382 Διονύσιος
1763 2351 1804 2384 δὲ,

173 2407 277 2438 autem,
293 2409 322 2432 et
333 2405 481 2438 Eusebius,
501 2406 664 2440 Rhodanus,
675 2408 819 2441 Paulinus,
834 2397 957 2442 Lucifer,

1017 2404 1058 2431 ιαὶ
1066 2402 1207 2434 Εὐσέϐιος,
1216 2400 1264 2428 καὶ
1277 2398 1550 2431 Ῥοδανδς,Παυλῑνός
1565 2406 1596 2424 -τε
1611 2398 1659 2425 καὶ
1666 2397 1804 2432 Δουκίφερ

171 2450 243 2485 piam
256 2451 421 2478 sententiam
436 2459 498 2479 cum
515 2452 641 2480 deserere
654 2453 768 2486 nollent,
778 2461 868 2489 neque
882 2454 959 2482 dam<

1017 2450 1042 2477 τὸ
1053 2450 1152 2476 οἰκεῖον
1167 2448 1215 2476 καὶ
1232 2447 1282 2482 τῆς
1299 2445 1439 2476 εὐσεϐείας
1453 2444 1492 2480 μὴ
1515 2443 1731 2480 καθυϐρίσαντες
1742 2443 1807 2478 φρό-

170 2496 230 2524 uari
263 2496 442 2524 Athanasium
470 2497 637 2526 sustinerent
664 2499 803 2534 (videbant
823 2500 896 2528 enim
916 2501 960 2529 in-

1017 2496 1150 2532 ιημα,καὶ
1167 2494 1222 2522 οὐδ’
1249 2493 1408 2521 Ἀθανασὶου
1426 2492 1600 2527 καταγνῶναι
1623 2492 1804 2526 ἀνασχόμενοι

171 2542 282 2570 teritum
302 2543 364 2569 tidei
381 2550 443 2570 cum
461 2543 606 2571 Athanasii
628 2543 740 2572 interitu
761 2553 823 2574 esse
844 2546 960 2582 conjun-

1017 2543 1121 2579 [ᾔδεσαν
1135 2542 1189 2577 γὰρ
1199 2541 1249 2575 τὴν
1264 2538 1424 2567 Ἀθανασίου
1435 2538 1599 2573 κατάκρισιν
1613 2538 1664 2573 τὴν
1677 2536 1726 2571 τῆς
1753 2534 1802 2562 πί-

168 2589 268 2624 ctum),
289 2589 442 2616 Ariminum
459 2589 486 2617 in
502 2589 628 2617 exsilium
645 2591 816 2626 ablegantur.
839 2581 958 2621 Sanctus

1017 2596 1096 2619 ττεως
1109 2585 1336 2622 προοιμιάζεσθαι
1353 2583 1524 2619 καθαίρεσιν)
1531 2584 1560 2611 ὲν
1574 2584 1601 2610 'A
1607 2582 1712 2618 ριμήνῳ
1720 2581 1806 2616 ὑπερ.

169 2638 261 2662 autem
276 2633 524 2667 Athanasius,cum
536 2636 633 2663 iterum
647 2625 826 2672 comperisset
839 2639 959 2667 Arianos

1017 2633 1156 2670 aplCowat.
1168 2632 1252 2664 Γνοὺς
1263 2631 1285 2657 δ’
1293 2632 1307 2657 ὁ
1315 2630 1362 2658 τοῦ
1373 2629 1441 2657 Θεοῦ
1450 2629 1577 2667 θεράπων
1594 2627 1751 2658 Ἀθανάσιος

168 2679 196 2708 in
211 2687 241 2708 se
249 2681 397 2717 quarendo
418 2681 537 2718 amplius
556 2682 686 2717 grassari,
701 2671 782 2719 atque
803 2685 954 2718 crudelius,

1017 2679 1094 2708 πάλιν
1106 2678 1165 2706 κατ’
1179 2678 1262 2705 αὑτοῦ
1277 2675 1440 2713 πικρῶερὸν
1455 2684 1485 2703 τε
1501 2675 1548 2702 καὶ
1573 2671 1755 2708 φονικώτερον
1771 2671 1804 2698 τὸ

781 2765 900 2796 VARIA§
941 2769 1144 2799 LECTIONES.

205 2818 326 2858 tam
342 2819 381 2858 B;
413 2821 716 2858 πέπιφημεξεταιλιι
754 2825 777 2842 τ·
792 2824 907 2855 alterum
925 2828 1032 2858 inda.
1048 2827 1082 2857 A.
1128 2827 1151 2844 "
1167 2827 1196 2855 at
1215 2826 1278 2855 add.
1297 2826 1330 2855 A.

171 2855 214 2884 Vc!
229 2854 346 2884 θανάτου
363 2856 394 2885 Β.
431 2856 454 2874 ⁸⁸
470 2854 606 2894 ἃμαῙπρο
621 2859 652 2886 Β.

1381 2826 1404 2843 ’⁵
1417 2824 1543 2854 τοσοῦτον
1559 2822 1594 2849 Β.
1634 2821 1658 2838 ⁷³
1673 2819 1802 2853 θανάτοις
