1945 3073
144 131 193 165 149

653 131 914 163 BIBLIO‘I‘HECA.
933 147 965 152 —
982 134 1064 164 COD.
1085 134 1234 167 CCLVIII.

1720 134 1770 168 150

143 186 280 224 αἱρετικὸν
291 185 471 222 παροξύνεται
488 185 591 220 στῖφος,
605 184 697 212 λαθὼν
717 185 841 218 ἅπαντας
862 187 925 220 τοὺς

984 188 1047 217 :lam
1061 189 1190 217 omnibus
1203 190 1232 216 in
1250 189 1318 217 urbe
1330 189 1364 217 ad
1379 189 1510 225 virginem
1527 190 1672 225 quamdam
1688 191 1770 227 fugit,

145 236 174 262 ἐν
190 235 223 270 τῇ
235 233 311 260 πόλει
325 231 452 268 παρθένῳ
464 230 519 259 τινὶ
529 231 707 266 καταφεύγει,
722 231 762 267 τῷ
779 232 928 267 ἀνυπόπτῳ

142 281 189 316 τῆς
203 279 287 315 κόρης
308 277 433 304 κλέπτων
450 277 499 312 τὴν
525 276 645 312 εὕρεσιν.
660 275 716 304 Ἦν
728 277 783 313 γὰρ
808 278 826 314 ἡ
837 279 928 311 νεᾶνις

144 328 189 354 καὶ
202 326 252 362 τὴν
271 320 332 360 ὅφιν
346 324 446 360 ὡραία,
457 324 504 351 καὶ
531 325 667 351 συνοικεῖν
693 324 763 361 αὐτῇ
789 325 857 361 μηδὲ
883 325 930 352 τὸν

144 372 256 407 τυχόντα
280 371 375 406 ἄνδρα,
391 370 458 405 μήτι
484 378 517 404 γε
541 369 683 406 ἀρχιερέα,
708 370 808 406 πολλὴν
821 371 869 399 καὶ
883 371 930 407 βε-

145 418 222 445 ϐαίαν
236 416 287 452 τὴν
311 415 501 452 πληροφορίαν
528 416 596 443 πᾶσι
621 415 780 452 παρέχουσα
796 424 803 431 °
819 416 881 449 ἔτος
899 417 929 444 δὲ

141 464 192 499 ,τῆς
210 462 318 499 ἡλικίας
335 462 458 489 εἰκοστὸν
470 459 538 497 ἦγεν
556 461 579 478 ⁸⁸
591 461 646 489 ἀπὸ
659 461 795 496 γενέσεως
809 470 817 478 ·
839 462 932 490 ἀνατί-

146 509 223 544 θησιν
232 505 279 536 οὖν
291 508 359 543 αὐτῇ
375 508 388 534 6
402 508 453 542 τῆς
464 506 614 542 παρθενίας
640 507 686 534 καὶ
709 507 870 539 διδάσκαλος
884 509 932 535 καὶ

142 554 232 589 ¹φύλαξ
254 554 289 582 τὰ
309 554 370 581 καθ’
385 553 491 585 ἑαυτὸν,
506 553 548 580 ὅτι
573 553 643 589 πρδς
668 553 826 588 μιαιφονίαν
847 553 930 580 αὑτοῦ

146 600 311 634 ἐξοπλίζοιτο
332 599 362 626 τὸ
379 599 527 635 αἱρετικὸν,
539 599 587 626 καὶ¹
603 599 641 631 ὠς
658 598 748 626 πάντα
763 599 798 626 τὰ
820 598 873 633 ἔξω
884 599 934 635 τῆς

146 646 248 676 πόλεως
269 645 503 681 προκατείλητιται
529 645 663 678 ὲρεύναις,
682 645 730 671 καὶ
753 645 792 677 ὡς
808 645 841 672 ὲκ
857 645 933 678 θείας

147 691 233 726 ὂψεως
248 691 298 726 τὴν
310 691 447 726 σωτηρίαν
461 689 535 725 αὐτῷ
548 689 772 726 πρυτανευούσης
794 690 862 725 πρὸς
884 690 934 717 αὒ-

146 737 195 773 τὴν
208 737 281 772 ἥκοι.
309 737 343 763 Ἦ
359 736 387 763 δὲ
402 735 471 771 μετὰ
490 736 577 771 χαρᾶς
589 735 772 771 ἀνεκλαλήτου
796 737 845 763 καὶ
865 736 934 763 ὑποκ

144 782 250 818 δέχεται
265 782 312 809 καὶ
325 782 406 814 ὲπὶέξ
414 782 461 818 ἐτη
476 781 675 817 κατακρύπτει·
691 781 738 808 καὶ
747 782 764 816 ἡ
778 781 926 808 Κωνσταν-

978 235 1053 262 nulla
1071 235 1228 270 suspicione
1242 235 1297 263 illic
1313 235 1433 263 latitans.
1449 235 1514 263 Erat
1526 236 1599 263 enim
1626 236 1771 271 juvencula

979 284 1006 308 et
1021 279 1232 315 formosissima,
1253 285 1283 308 ut
1302 280 1460 308 cohabitare
1480 280 1516 307 illi
1533 280 1621 308 virum
1640 281 1769 316 aliquem,

980 331 1028 354 aut
1041 326 1200 363 episcopum
1223 335 1306 355 nemo
1327 327 1611 362 suspicaretur,,quae
1634 335 1769 356 annorum

980 372 1076 408 viginti
1091 377 1161 402 erat.
1186 373 1273 409 Igitur
1289 374 1314 402 ei
1332 373 1498 409 virginitatis
1510 378 1616 406 custos,
1633 378 1662 401 et
1685 374 1772 410 magi-

982 411 1232 453 sterv'Athanasius
1252 425 1373 446 armatos
1392 423 1589 446 commemorat
1609 419 1644 446 ad
1668 419 1770 448 eadem

983 463 1114 496 Arianos,
1135 469 1215 492 extra
1236 464 1332 492 urbem
1346 464 1374 491 in
1391 464 1520 492 omnibus
1535 472 1565 492 se
1581 464 1650 492 locis
1663 464 1771 500 quaesi-

983 512 1053 543 tum,
1068 515 1096 536 et
1114 509 1161 537 Dei
1182 502 1297 537 monitis
1311 509 1426 537 salutem
1450 509 1475 537 ei
1487 510 1674 544 procurantis,
1691 517 1721 537 se
1736 510 1769 537 ad

983 554 1058 582 illam
1076 555 1195 583 venisse.
1218 555 1264 583 Illa
1287 555 1410 591 gaudens
1429 556 1568 584 hominem
1590 557 1722 590 suscepit,
1745 559 1774 583 et

984 601 1055 636 apud
1071 601 1145 628 illam
1170 609 1218 629 sex
1238 609 1326 629 annos
1346 601 1464 634 delituit,
1489 601 1577 629 donec
1604 609 1678 629 mors
1699 602 1774 628 Con-

985 645 1080 672 stantii
1096 645 1277 673 Athanasium
1303 646 1439 674 liberavit.
1459 646 1627 675 Toto-enim
1649 651 1773 681 tempore

986 697 1111 726 prompte
1134 697 1161 719 et
1180 692 1309 727 religiose
1332 697 1428 720 sancto
1448 693 1508 720 viro
1531 692 1578 720 illa
1597 692 1773 725 ministravit,

988 737 1060 771 quod
1079 738 1155 772 parvi
1177 744 1204 765 et
1217 738 1319 773 magni,
1334 738 1416 766 amici
1431 738 1590 773 inimicique
1600 738 1678 773 juxta
1694 738 1774 773 igno-

985 783 1094 811 rabant.

145 829 201 858 τίου
216 828 328 864 τελευτὴ
336 828 412 860 λύσις
429 828 591 864 γίνεταιτῆς
609 827 778 863 ἀποκρυῦἦς.
792 827 874 864 [M45
883 827 929 864 8.]
949 829 993 868 ‘Ev_
1010 831 1079 857 πᾶσι
1091 830 1120 857 δὲ
1135 830 1283 866 προθύμως
1293 830 1340 858 καὶ
1355 830 1508 866 σεδασμίως
1519 831 1536 866 ἡ
1546 830 1679 866 παρθένος
1693 830 1776 863 ἐξυπ-

145 875 238 910 ηρέτει
253 875 299 902 τὸν
318 875 400 908 ὂσιον,
419 875 525 907 πάντας
541 874 604 906 τοὺς
628 874 658 901 ὲν
673 874 706 910 τῇ
720 874 797 901 πόλει
822 873 936 910 μικρούς
954 876 1048 910 ἰε-καὶ
1067 876 1212 911 μεγάλους,
1246 877 1294 903 καὶ
1306 877 1370 909 τοὺς
1400 876 1545 912 φιλοῦντας
1561 877 1608 904 καὶ
1621 878 1685 909 τοὺς
1709 877 1775 905 διώ-

145 928 224 954 κτας,
240 920 465 948 διαλανθάνουσαι.

179 950 348 1002 Πρω-τάττει
366 966 389 1006 δ’
401 964 448 992 οὖν
468 965 481 991 6
495 963 685 996 Κωνστάντιος
700 964 764 996 τοὺς
782 964 820 1000 μὴ
842 964 932 1000 βουλο-

988 950 994 1006 ξ
1021 963 1112 997 Quare
1128 962 1307 990 Constantius
1335 969 1383 990 eos
1403 962 1451 997 qui
1474 961 1578 990 nollent
1601 970 1647 998 per
1669 963 1774 992 Italiam

147 1011 245 1048 μένως
259 1011 313 1038 τῶν
326 1003 397 1038 κατὰ
409 1011 459 1046 τὴν
476 1010 592 1037 Ἰταλίαν
609 1010 763 1045 ἀρχιερέων
779 1011 813 1046 τῇ
825 1010 932 1046 Ἀρείου

146 1058 371 1095 καθυπογράφειν
390 1056 549 1090 ἐξωθεῖσθαι
563 1056 617 1083 τῶν
636 1055 815 1092 Ἐκκλησιῶν,
839 1057 887 1084 καὶ
912 1057 934 1073 ⁸·

146 1104 211 1132 ἀντ’
226 1104 339 1131 ἐκείνων
351 1103 413 1135 τοὺς
426 1102 565 1135 δυσσεϐεῖς
585 1102 810 1137 ὲγκαθίστασθαι.
832 1102 934 1138 ’Υπερ-

147 1149 262 1184 ωρίζετο
292 1149 339 1175 καὶ
353 1147 478 1183 Λιϐἐριος
493 1148 554 1174 τότε
566 1148 580 1174 6
594 1148 663 1183 μετὰ
682 1147 791 1174 Ἰούλιον
811 1147 857 1174 τὸν
872 1147 932 1182 Θρό-

147 1203 192 1222 νον
213 1194 323 1230 Ῥώμης
345 1194 452 1225 ἰθύνων,
467 1193 513 1220 καὶ
536 1194 791 1229 ἀντιχειρυτονεῖται
804 1192 887 1228 Φῆλιξ
900 1193 934 1226 ⁸³,

148 1241 179 1272 ὃς
194 1241 364 1277 παραχρῆμα
377 1240 426 1275 μὲν
437 1240 518 1275 ποινῇ
536 1238 660 1275 θεηλάτῳ
668 1240 703 1275 τῇ
716 1238 771 1266 τῶν
785 1237 939 1274 ὀφθαλμῶν

148 1286 273 1323 πηρώσει
290 1286 481 1318 ὑποϐάλλεται,
499 1286 612 1320 ὕστερον
628 1285 657 1312 δὲ
675 1285 723 1312 καὶ
737 1284 846 1320 λοιμικῇ
866 1283 938 1321 νόσιιῑ

149 1333 328 1369 κατασχεθεὶς
347 1332 544 1368 διαφθείρεται.
560 1332 601 1359 Τὰ
617 1331 686 1359 αὐτὰ
699 1331 727 1358 δὲ
739 1331 787 1358 καὶ
806 1330 937 1362 Μελέτιος

151 1379 166 1406 6
181 1378 346 1414 Ἀντιοχείας
361 1377 506 1412 ὑφίσταται
526 1385 534 1392 ·
551 1377 599 1404 καὶ
608 1376 787 1411 ἅντικαθιστᾷ
800 1377 817 1412 ὴ
832 1375 937 1410 αἵρεσις

150 1425 197 1451 τὸν
211 1424 342 1456 Εὑζώῖον,
357 1424 386 1450 ἐν
401 1422 686 1450 Κωνσταντινουπόλει
699 1422 728 1448 δὲ
741 1422 787 1449 τὸν
799 1422 936 1456 scaeam,

986 1010 1095 1037 Arianae
1120 1013 1202 1037 secta:
1222 1008 1408 1041 subscribere,
1430 1008 1546 1036 ecclesia
1568 1009 1728 1044 ejiciendus,
1744 1015 1777 1039 et

987 1048 1056 1085 alios
1074 1063 1170 1084 eorum
1186 1056 1249 1083 loco
1265 1055 1456 1091 subrogandos
1471 1063 1533 1083 esse
1558 1061 1660 1084 censet.
1682 1056 1773 1085 Exsu-

986 1102 1052 1130 lavit
1068 1107 1135 1130 tunc
1154 1101 1236 1129 etiam
1255 1100 1392 1134 Liberius,
1417 1101 1463 1136 qui
1481 1105 1542 1136 post
1555 1099 1656 1129 Julium
1680 1101 1774 1130 Eccle—

986 1149 1055 1177 siam
1071 1147 1195 1184 pontifex
1208 1148 1309 1181 tenuit,
1325 1151 1353 1175 et
1365 1155 1415 1183 pro
1431 1147 1478 1175 illo
1497 1152 1608 1175 creatur
1624 1148 1711 1178 Felix.
1726 1149 1772 1183 qui

986 1195 1078 1223 statim
1094 1195 1237 1223 oculorum
1252 1194 1409 1230 privatione
1422 1193 1554 1221 divinitus
1576 1193 1700 1223 immissa
1718 1200 1783 1222 ιον--

986 1247 1096 1277 quetur,
1112 1246 1206 1277 postea
1222 1239 1362 1276 pestilenti
1376 1240 1474 1267 morbo
1487 1246 1667 1275 consumptus
1682 1241 1774 1276 periit.

987 1287 1088 1316 Eadem
1108 1286 1233 1314 Meletius
1252 1284 1405 1313 Antiochia:
1420 1285 1520 1320 praesul
1533 1285 1647 1320 patitur,
1663 1289 1690 1312 et
1714 1285 1775 1320 ejus

987 1334 1048 1362 loco
1064 1333 1197 1361 Euzoium
1225 1331 1346 1360 haeretici
1362 1330 1511 1364 sufﬁciunt,
1534 1330 1775 1367 Constantinopoli

987 1378 1154 1412 Eudoxium,
1174 1378 1251 1405 viros
1273 1376 1383 1412 impios,
1410 1380 1437 1404 et
1450 1376 1485 1404 ob
1508 1375 1671 1412 ﬂagitiosam
1689 1379 1789 1406 vitam.

988 1424 1087 1452 haeresi
1103 1423 1293 1459 dignissimos.

151 1470 250 1506 ἄνδρας
260 1469 400 1501 δυσσεϐεῖς
414 1468 461 1495 καὶ
471 1467 517 1495 τὸν
529 1468 586 1503 βίον
595 1467 724 1501 ὲπαξίους
737 1469 786 1504 τῆς
794 1468 936 1504 αἱρέσεως.

188 1515 256 1542 Κατ’
268 1516 358 1542 ἐκεῖνο
370 1514 467 1550 καιροῦ
485 1514 531 1541 καὶ
546 1514 691 1542 ἰουλιανὸν
716 1515 731 1541 6
749 1515 932 1547 Κωνστάντιος

1023 1508 1122 1546 ἀεθό
1148 1509 1250 1537 Eodem
1277 1513 1399 1543 tempore
1420 1508 1597 1536 Constantius
1627 1508 1778 1544 imperator

152 1560 314 1596 ἀναγορεύει
329 1560 467 1596 Καίσαρα,
478 1559 524 1586 καὶ
538 1559 607 1594 πρὸς
616 1559 666 1592 τὰς
674 1559 791 1592 Γαλλίας
805 1560 829 1576 ⁸⁸
835 1560 932 1596 ἐκπέμ-

988 1554 1129 1584 Iulianum
1142 1554 1279 1582 Caesarem
1295 1558 1379 1587 creat,
1396 1559 1423 1582 et
1443 1555 1470 1582 in
1489 1554 1591 1582 Gallias
1613 1555 1707 1582 mittit.
1725 1555 1779 1584 Eo—

152 1616 209 1635 πει.
218 1607 382 1642 Ἐγκαινίζει
389 1607 418 1634 δὲ
431 1606 495 1643 [788
505 1605 552 1642 1L]
561 1608 607 1633 καὶ
616 1607 668 1642 τὴν
682 1606 711 1633 ὲν
723 1607 932 1634 Κωνσταντινου

992 1603 1055 1630 dem
1068 1607 1192 1637 tempore
1209 1605 1236 1629 et
1253 1601 1377 1629 ecclesiae
1397 1609 1483 1636 nuper
1497 1600 1648 1635 aediﬁcatae,
1663 1601 1708 1629 cui
1724 1609 1776 1628 no-

152 1653 230 1681 πόλει
239 1638 302 1690 τίαρ¹
311 1638 395 1680 αὑτοῦ
402 1638 613 1689 νεουργηθεῖσαν
629 1638 786 1687 ἐκκλησίαν·
796 1652 932 1687 ἐπώνυμοι

991 1656 1054 1677 men
1069 1648 1183 1684 Sophim,
1206 1647 1405 1675 dedicationem
1427 1647 1578 1675 innovavit.
1594 1646 1698 1683 Impius
1723 1647 1781 1687 Eu-‘

153 1700 222 1735 αὐτῇ
241 1700 260 1735 ὴ
272 1698 322 1726 τοῦ
335 1698 402 1726 Θεοῦ
428 1699 535 1734 Σοφία.
551 1697 607 1725 Καὶ
621 1697 636 1724 6
652 1697 786 1733 δυσσεϐὴς
802 1697 927 1730 Εὑδόξιος

991 1694 1100 1727 doxius,
1119 1700 1181 1721 cum
1200 1693 1329 1721 thronum
1349 1692 1585 1728 Constantinopoli
1596 1693 1781 1728 suscepisset,

153 1745 226 1773 κατὰ
242 1745 276 1772 τὰ
289 1744 415 1780 ἑγκαὲνια
429 1743 624 1780 ὲνθρονισθεὶς,
637 1743 750 1780 πρώτην
771 1744 880 1780 ἐκείνην
893 1744 932 1780 rip

992 1739 1019 1767 in
1035 1739 1094 1774 ipsa
1116 1738 1288 1766 dedicatione
1302 1739 1419 1774 primam
1440 1738 1516 1765 illam
1537 1738 1679 1771 audacem,
1695 1743 1778 1774 atque

154 1792 294 1827 τολμηρὰν
307 1791 354 1819 καὶ
364 1790 568 1827 ἀφρονεστάτην
579 1791 668 1826 ἀφῆκε
685 1791 787 1827 φωνὴν,
796 1790 828 1818 '0
841 1791 932 1826 Hati‘u

992 1784 1177 1820 impudentem
1200 1783 1291 1811 emisit
1313 1791 1418 1817 vocem,
1448 1783 1528 1811 Pater
1547 1784 1645 1818 impius
1660 1792 1670 1811 :
1687 1783 1778 1812 Filius

155 1837 287 1872 ἀσεϐὴς,
307 1838 322 1864 6
341 1837 408 1870 Υιὸς
426 1836 567 1870 εὐσεϐής.
587 1836 709 1872 Θορύὸου
733 1837 762 1864 δὲ
778 1837 883 1864 δικαίου
912 1837 932 1864 τε

992 1831 1062 1866 pius.
1084 1829 1211 1858 Tumultu
1236 1829 1321 1865 igitur
1342 1837 1451 1865 magno,
1484 1834 1511 1857 et
1533 1830 1669 1858 seditione
1694 1837 1779 1866 super

155 1882 260 1918 πλῆθος
273 1882 478 1918 περιλαϐόντος,
489 1882 568 1918 κακῷ
581 1881 613 1909 τὸ
627 1882 711 1910 κακδν
727 1883 832 1910 ἐπενόει
843 1892 932 1911 κατευ-

993 1876 1045 1903 hac
1059 1882 1089 1903 re
1103 1879 1174 1907 orta,
1188 1875 1261 1902 malo
1279 1874 1381 1902 malum
1397 1875 1568 1910 restinguere
1581 1879 1699 1903 conatur
1713 1874 1781 1903 :.Ne

156 1928 258 1961 νὰζειν,
285 1928 343 1960 καὶ,
370 1926 475 1962 Μηδὲν
488 1926 578 1962 ὑμᾶς,
611 1927 689 1963 φησὶ,
718 1928 883 1962 ταραττέτω
900 1936 932 1955 ἰ

994 1922 1094 1955 turbet,
1110 1921 1210 1957 inquit,
1238 1929 1282 1948 vos
1296 1921 1396 1948 dictum
1411 1928 1508 1948 meum.
1522 1919 1604 1948 Pater
1618 1921 1687 1948 enim
1706 1921 1791 1948 τίσει

153 1973 213 2009 μὲν
234 1973 291 2009 τύρ
314 1973 416 2008 Πατὴρ
441 1972 626 2012 ἀσεϐὴς-,ζὸτι
641 1972 752 2000 οὐδένα
764 1973 856 2004 σέϐει,
869 1974 886 2000 ό
909 1973 932 2000 ὸῖ

994 1966 1051 2001 ϐῆς
1071 1971 1121 2000 est,
1136 1966 1198 2002 quia
1213 1966 1340 1993 neminem
1360 1966 1445 1993 colit:
1466 1964 1554 1993 Filius
1581 1971 1669 1992 autem
1691 1967 1779 1994 εὐσε-

160 2019 228 2053 Υιὸς
247 2019 390 2054 εὐσεϐὴς,
406 2019 451 2047 ὅτι
481 2011 574 2047 σέϐειν
588 2019 642 2046 τὸν
664 2019 790 2054 Πατέρα.
805 2018 900 2046 Ταῦτα
921 2019 932 2036 ⁸

994 2013 1050 2048 ϐῆς
1061 2013 1124 2049 quia
1137 2012 1200 2040 colit
1215 2011 1334 2040 Patrem.
1350 2012 1458 2040 Dicente
1470 2012 1527 2039 haec
1540 2012 1624 2047 impie
1639 2011 1779 2046 Eudoxio,

155 2066 204 2093 τοῦ
230 2066 378 2098 δυσσεϐοῦς
401 2067 488 2093 είπεϊν
508 2065 701 2100 ἑπιμανέντος,
726 2064 741 2091 6
764 2063 880 2101 θόρυϐος
905 2066 932 2092 εἰη

994 2060 1126 2088 tumultus
1147 2058 1256 2094 quidem
1279 2058 1389 2086 sedatus
1414 2062 1465 2090 est,
1489 2057 1564 2085 risus
1586 2065 1653 2085 vero
1677 2057 1780 2086 multus

157 2111 259 2148 χλεύην
272 2112 319 2138 καὶ
334 2111 523 2147 μυκτηρισμὺν
539 2111 663 2143 ὲκλυθεὶς
673 2111 737 2143 τοὺς
753 2110 867 2143 πολλοὺς
889 2111 932 2138 τῶπ

994 2114 1044 2142 pro
1057 2106 1173 2134 tumultu
1191 2105 1356 2133 subsecutus
1376 2108 1428 2136 est,
1448 2104 1516 2132 adeo
1536 2108 1566 2131 ut
1587 2103 1666 2132 multi
1681 2111 1778 2132 eorum
1820 2136 1822 2138 τ

159 2158 376 2192 συνειλεγμένων
390 2157 546 2184 διεσκέδασε
559 2157 609 2193 τῆς
618 2157 776 2191 ἐκκλησίας.

995 2152 1115 2180 ridentes
1126 2159 1159 2179 ex
1173 2151 1289 2179 ecclesia
1302 2151 1476 2179 decederent.

199 2203 229 2230 Ὀ
245 2203 336 2238 μέντοι
351 2211 383 2237 γε
403 2202 547 2235 Ἰουλιανὸς
561 2202 632 2229 κατὰ
647 2203 696 2235 τὰς
707 2202 823 2234 Γαλλίας
837 2201 932 2238 διατρί-

1030 2197 1132 2226 Verum
1149 2197 1177 2225 in
1193 2195 1289 2224 Galliis
1311 2195 1436 2225 Julianus
1462 2203 1556 2232 agens,
1579 2195 1665 2232 partis
1686 2197 1783 2225 multis

157 2247 224 2280 ϐων,
239 2248 286 2275 καὶ
306 2247 384 2280 νίκας
407 2247 612 2283 ἀναδησάμενος
624 2247 695 2274 κατὰ
717 2247 873 2284 βαρϐάρων,
891 2247 932 2275 ύπί

996 2243 1030 2271 de
1046 2242 1175 2271 Barbaris
1189 2242 1312 2270 victoriis
1329 2246 1489 2275 coronatus,
1505 2250 1521 2270 a
1535 2242 1670 2270 militibus
1683 2243 1783 2278 Augu-

156 2293 213 2320 τῶν
221 2293 394 2329 στρατιωτῶν
405 2292 622 2329 ἀνακηρύττεται
635 2292 770 2328 βασίλεύς.
784 2293 839 2320 Καὶ
863 2294 932 2320 Κων-

997 2294 1056 2318 stus
1074 2294 1193 2317 creatur.
1219 2288 1297 2322 Quod
1324 2296 1387 2316 cum
1410 2288 1573 2317 rescisceret
1590 2287 1782 2323 Constantius,

159 2339 282 2371 στάντως
306 2339 400 2375 μαθὼν
418 2339 469 2374 τὴν
483 2339 634 2375 ὰνάρῤησιν
649 2338 810 2374 βαπτίζεται
837 2339 886 2374 μὲν
908 2341 932 2374 1i

985 2331 1153 2372 baptizatus
1166 2336 1199 2364 ab
1214 2335 1318 2364 Euzoio
1332 2335 1378 2363 Det
1391 2335 1548 2363 adversario
1562 2334 1613 2371 (5),
1627 2335 1661 2363 ad
1678 2334 1781 2363 bellum

158 2384 286 2420 θεομάχῳ
311 2385 384 2420 χειρὶ
424 2385 568 2418 Εύζωΐου,
599 2384 769 2418 ὲξοπλίζεται
807 2385 837 2411 δὲ
875 2393 932 2412 κατι

998 2387 1093 2412 contra
1113 2382 1201 2416 illum,
1218 2382 1264 2417 qui
1277 2381 1451 2416 cxsurgebat,
1466 2380 1595 2409 accinxit.
1607 2381 1642 2409 At
1658 2388 1720 2408 cum
1735 2387 1783 2409 es-

156 2430 207 2457 τοῦ
220 2430 430 2462 ἐπαναστάντος.
444 2430 593 2466 Γενόμενος
607 2430 637 2457 δὲ
653 2431 683 2457 ὲν
701 2429 796 2465 Μόψου
809 2430 833 2446 ⁸ο
852 2430 932 2465 κρήνῃ

998 2433 1041 2457 set-
1059 2428 1088 2455 in
1106 2427 1208 2456 Ciliciae
1227 2427 1356 2462 oppidulo
1375 2426 1554 2462 Mepsocrene
1581 2427 1702 2458 nomine,
1727 2433 1784 2461 prae

157 2476 307 2513 (πολίχνιον
320 2477 349 2505 δὲ
361 2476 440 2504 τοῦτο
451 2477 500 2513 τῆς
510 2477 648 2512 Κιλικίας)
660 2475 713 2504 ὑπὸ
725 2475 883 2512 φροντίδων,
900 2473 932 2502 αἰ

999 2474 1182 2503 sollicitudine
1197 2473 1233 2501 ob
1250 2473 1351 2501 bellum
1365 2473 1509 2509 apoplexia
1530 2476 1675 2508 correptus
1687 2472 1781 2508 exspi-

803 2575 920 2605 VABIAE‘.
954 2575 1145 2605 LECTIONES

160 2665 313 2739 “Q62.va
324 2668 376 2731 AA:
395 2668 492 2703 ἠνύετο
507 2669 576 2705 αὐτῇ
594 2679 624 2702 ς.
661 2669 685 2686 ⁸²
696 2669 744 2697 καὶ
755 2675 812 2697 om.
837 2677 879 2705 pr.
912 2667 945 2695 Δ.
982 2668 1006 2684 ⁸³
1024 2669 1099 2702 Φίλιξ
1124 2677 1155 2701 ς.
1193 2669 1216 2686 ³⁸
1239 2667 1368 2701 Γαλλίους
1394 2667 1428 2696 Α.
1465 2667 1489 2684 ⁸⁸
1514 2666 1601 2694 ταῦτα
1622 2665 1652 2693 δὲ
1674 2664 1725 2692 τοῦ
1753 2670 1794 2696 ς..

917 2785 1034 2815 ΝΟΤΑΕ.

200 2854 240 2890 (5)
260 2854 395 2884 Batonius
413 2854 526 2884 Cardin.
545 2859 618 2883 tomo
637 2853 670 2882 lll
695 2853 793 2883 Annal.
816 2853 931 2888 Eccles.,
952 2861 1013 2890 pag.
1028 2852 1091 2882 675.
