1945 3073
163 142 215 177 153

687 151 991 185 BIBLIOTHECA.--
1005 156 1086 187 COD.
1107 158 1253 191 CCLVIII.

1730 159 1780 191 154

163 203 321 254 gavisurus
337 204 493 233 Ἀθανάσιον
505 206 627 235 ἐκποδὼν
638 209 763 244 ποιῆσαι,
774 211 947 248 ἐννοούμενος

1001 219 1105 246 nasium
1121 219 1243 254 ejiceret,
1260 223 1337 247 ratus
1352 218 1525 247 Christianos
1535 218 1615 247 aliter
1630 218 1663 245 ad
1681 218 1779 253 impie-

161 251 210 284 ὡς,
226 251 305 286 εἴπερ
321 251 338 287 ή
359 251 533 288 Ἀλεξάνδρου
553 254 630 287 πόλις
643 255 750 283 ἐκείνου
763 258 945 295 ἀπαλλαγείη,

165 298 264 333 ῥᾳδίως
279 298 342 329 τοὺς
357 299 386 323 ὲν
402 300 470 334 αὐτῇ
486 299 666 335 Χριστιανοὺς
680 303 721 333 είς
731 303 761 329 τὸ
768 304 867 331 οἰκεῖον
879 305 945 340 μεθ·-

162 344 271 371 ελκύσει
279 344 447 381 δυσσέϐημα.
459 346 505 373 Διδ
514 347 594 374 πάλιν
613 349 789 384 συκοφάνται,
801 352 847 378 καὶ
865 352 947 380 πάλιν

163 390 325 426 στρατηγὸς,
340 391 386 418 καὶ
400 391 480 419 πάλιν
491 393 618 428 στρατὸς,
632 395 679 422 καὶ
689 395 770 423 πάλιν
789 397 947 430 Ἀοανάσιος

162 435 371 471 ἐκζητούμενος,
387 438 434 464 καὶ
448 438 529 466 πάλιν
544 440 629 475 φυγή.
653 440 707 468 Καὶ
723 443 773 477 τῆς
800 443 946 479 ἐκκλησίας

162 481 250 517 λάθρα
257 482 367 517 διαδρὰς
379 483 490 516 ὁλκάδος
503 484 637 512 ἐπιϐαίνει
650 486 698 513 καὶ
707 486 754 513 ἐπὶ
768 488 817 523 τὴν
825 487 947 524 Θηϐαΐδα

164 527 292 561 ίθύνεται,
302 528 347 555 καὶ
360 529 374 555 ὁ
390 530 531 565 σατράπης
540 530 652 558 ὄπισθεν
667 532 677 548 ⁸
691 533 855 560 καταδιώκει
869 543 876 551 -
899 535 946 561 καὶ

163 573 295 608 μηνύεται
308 574 388 600 τοῦτο
401 575 416 600 ὀ
435 575 608 611 διωκόμενος,
624 578 672 605 καὶ
693 579 755 613 δψις
785 579 866 606 αὐτὸν
887 579 946 607 θεία

161 619 378 654 παρακελεύεται
388 620 600 657 ἀντιστρέψαιτὸ
607 623 699 650 πλοῖον
710 625 758 651 καὶ
767 625 815 660 τὴν
822 626 946 652 ἐναντίαν

163 666 319 697 πλοῖζεσθαι
333 667 355 693 ⁷.
370 667 430 694 Τῶν
445 668 473 694 δὲ
486 669 620 697 συνόντων
637 671 796 698 κωλυόντων
808 673 837 698 οὐ
849 671 940 706 λόγοις

165 713 244 747 μόνον
255 712 323 739 ἀλλὰ
333 713 382 740 καὶ
395 713 520 749 δάκρυσι,
535 715 598 750 μηδ’
613 716 653 747 εἰς
666 716 777 752 δλεθρον
791 717 862 744 οὕτω
879 727 946 753 προ-

162 756 234 791 φανῆ
251 756 347 784 ἑαυτὸν
371 765 401 783 τε
416 758 427 773 ⁸
450 759 594 791 κάκείνους
608 760 744 793 ἐκδοῦναι,
768 761 900 798 ὲθάρῤυνέ
915 772 945 789 τε

163 801 248 837 μηδὲν
260 802 270 818 ⁹
287 802 412 834 δεδιέναι,
428 804 476 830 καὶ
487 804 659 832 ἀνεδίδασκεν
673 806 710 835 ὼς
723 807 754 834 τὸ
766 807 843 834 Θεῖον
855 809 946 841 αὐτοῖς

161 849 204 882 εἴη
222 848 378 884 σύμμαχον.
405 849 451 882 Ἐξ
467 850 640 886 ὑποστροφῆς
656 853 701 879 οὖν
719 853 786 889 πρὸς
800 855 849 890 τὴν
857 855 946 887 Ἀλεξ-

161 893 287 929 άνδρειαν
304 894 483 930 ἀναγομένοις
506 897 673 924 συναντῶσιν
689 899 713 925 οἱ
735 899 879 932 διώκοντες
898 901 946 928 καὶ
963 894 984 922 Β

161 939 338 975 ἐπερωτῶσιν
348 941 375 967 εί
390 950 441 968 που
457 941 536 969 ἴδοιεν
567 942 726 971 Ἀθανάσιον
754 946 889 980 φεύγοντα
901 955 908 962 ·
921 947 946 974 οί

162 985 191 1012 δὲ
201 985 346 1020 ἠμείϐοντο
362 987 409 1016 καὶ
429 986 494 1013 ίδείν
512 988 606 1024 αὑτὸν,
623 988 672 1015 καὶ
686 989 725 1021 ὡς
740 991 764 1017 εί
781 990 803 1006 ¹⁰
818 991 947 1027 ἐπιταχύ-

161 1041 236 1061 νειαν
245 1034 340 1061 τοῦτον
352 1035 568 1071 καταλήψεσθαι.
582 1036 639 1063 Καὶ
653 1037 765 1070 τούτους
777 1038 827 1074 μὲν
839 1040 947 1066 πλανω-

165 1080 262 1114 μένους
284 1081 462 1116 ἀπέπεμπον,
478 1082 556 1109 αὐτοὶ
569 1083 598 1110 δὲ
612 1083 709 1110 θᾶττον
732 1085 773 1116 εἰς
788 1085 838 1120 τὴν
873 1086 948 1113 Ἀλε-

163 1126 276 1162 ξάνδρου
289 1128 474 1163 κατήχθησαν.
489 1129 544 1155 Καὶ
554 1128 658 1164 βραχὺν
672 1130 767 1165 χρόνον
780 1131 948 1167 ἀποκρυϐεὶς

161 1172 176 1197 ό
189 1171 343 1204 θεσπέσιος,
363 1172 507 1199 Ἰουλιανοῦ
518 1173 566 1200 τοῦ
590 1174 758 1201 Ἀποστάτου
771 1175 820 1212 τὴν
830 1176 907 1210 δίκην
919 1177 948 1203 ὲν

163 1217 281 1251 Πέρσαις
293 1218 490 1253 ἀπαιτηθέντος
503 1239 510 1252 ,
529 1220 754 1256 ὲπαρρησιάσατό
776 1230 807 1248 τε
829 1223 875 1249 καὶ
899 1222 948 1257 τὴν

162 1265 208 1291 τοῦ
224 1266 373 1298 πσωκότος
383 1266 475 1293 πίστιν
486 1267 648 1302 ἐδογμάτιζὲ
656 1276 684 1294 τε
697 1268 744 1295 καὶ
754 1269 947 1304 ἀνεκήρυττεν.

205 1311 285 1338 Ἀλλὰ
295 1312 350 1347 γὰρ
365 1312 508 1344 Ἰουλιανὸς
521 1312 569 1356 μὲν
581 1313 611 1339 έν
623 1313 736 1349 Περσίδι
750 1314 881 1350 ἀνῃρέθη,
893 1316 948 1342 τῶν

167 1357 215 1392 μὲν
226 1358 266 1389 εἰς
284 1358 393 1392 Πέρσην
402 1358 462 1384 τινὰ
479 1358 534 1384 τῶν
561 1358 720 1393 αὐτομόλων
731 1359 780 1392 τὴν
806 1359 948 1395 ἀναίρεσιν

163 1402 361 1438 ἀναφερόντων,
371 1403 425 1430 τῶν
436 1403 464 1429 δὲ
476 1403 515 1435 είς
528 1411 589 1430 τινα
599 1403 653 1429 τῶν
662 1403 801 1430 ὑποτελῶν
815 1413 949 1439 στρατιω-

160 1448 218 1474 τῶν
237 1457 244 1465 ·
259 1449 274 1474 ό
288 1448 317 1475 δὲ
332 1449 416 1480 πολὺς
431 1449 477 1475 καὶ
491 1449 540 1485 τῆς
565 1449 695 1484 ἀληθείας
709 1450 856 1486 ὲγγύτερος
870 1450 948 1485 λόγος

165 1493 294 1530 θεήλατον
312 1494 394 1521 αὐτὸν
416 1495 566 1530 ὑποστῆναι
592 1496 642 1531 τὴν
660 1496 768 1532 σφαγὴν
785 1497 947 1525 ἐκδιδάσκει.

164 1539 356 1575 Καταστρέφει
372 1539 395 1566 δ’
415 1539 463 1567 οὖν
481 1541 503 1558 ¹¹
526 1541 572 1568 τὸν
593 1541 649 1576 βίον
673 1542 703 1569 ἐν
719 1543 766 1569 καὶ
785 1543 949 1577 τριακοστὸν

166 1585 288 1616 διαϐιοὺς
302 1584 372 1619 ἔτος,
391 1586 421 1612 ὲν
435 1586 464 1613 δὲ
480 1588 513 1622 τῇ
530 1586 654 1622 βασιλείᾳ
682 1588 769 1622 μῆνας
785 1588 881 1615 εἴκοσι.
894 1588 948 1615 Καὶ

165 1629 317 1666 διαδέχεται
339 1631 389 1666 τὴν
402 1631 558 1668 Ῥωμαϊκὴν
574 1632 711 1667 βασιλείαν
725 1633 807 1668 ψήφω
815 1634 861 1660 τοῦ
879 1642 947 1660 παν-

165 1677 212 1709 τὸς
233 1677 437 1713 στρατεύματος
469 1679 607 1711 Ἰοϐιανὸς,
622 1678 652 1706 οὗ
676 1679 722 1706 καὶ
755 1680 865 1716 μνήμην
893 1680 913 1696 ’³
936 1681 950 1707 ὁ

164 1723 245 1758 λόγος
272 1724 350 1759 ἔσχεν
382 1724 545 1760 ἔμπροσθεν.
568 1725 638 1751 Ἀλλ’
662 1723 738 1757 οὗτος
763 1726 835 1752 ὀκτὼ
861 1727 950 1762 μῆνας

167 1770 266 1805 μόνους
295 1771 325 1797 ὲν
346 1772 378 1806 τῇ
403 1771 527 1806 βασιλείᾳ
555 1771 701 1806 διαρκέσας
733 1773 803 1798 κατά
826 1772 951 1799 Βιθυνίαν

165 1816 308 1843 ἀπολείπει
322 1817 356 1844 τὰ
367 1817 534 1853 ἀνθρώπινα.
554 1819 620 1845 Μετ’
634 1819 738 1845 ἐκεῖνον
755 1819 783 1845 δὲ
805 1819 951 1846 Οὐάλεντι-

165 1862 268 1895 νιανδς,
285 1862 366 1899 ἀνὴρ,
389 1863 485 1899 ὥσπερ
508 1864 523 1890 ὁ
548 1863 602 1899 πρὸ
612 1864 705 1897 αὑτοῦ,
732 1865 781 1900 τῆς
812 1865 953 1896 εὐσεϐείας

168 1908 350 1944 ὑπέρμαχος·
378 1909 426 1936 καὶ
446 1909 579 1943 λαμϐάνει
603 1910 731 1937 κοινωνὸν
758 1910 806 1945 (ὡς
830 1910 886 1937 εἴθε
914 1910 951 1947 μὴ

168 1953 267 1989 (basis)
292 1955 347 1981 τῶν
379 1954 540 1991 Ῥωμαϊκῶν
565 1956 714 1990 σκήπτρων
736 1956 875 1983 Οὐάλεντα
904 1957 950 1984 τὸν

997 271 1079 294 tatem
1102 267 1213 294 minime
1234 266 1339 294 traduci
1362 274 1452 301 posse,
1476 265 1529 294 n'rsi
1544 264 1708 292 Alexandria
1734 264 1780 292 ille

997 312 1152 348 pelleretur.
1166 312 1256 346 Quare
1273 313 1370 340 iterum
1389 312 1514 339 oriuntur
1527 315 1712 343 accusatores,
1728 310 1780 337 ite-

996 367 1057 387 rum
1070 359 1135 392 dux,
1149 364 1178 386 et
1189 356 1288 386 milites
1305 367 1312 385 :
1328 366 1438 386 rursum
1456 357 1624 385 Athanasius
1637 356 1779 392 quzeritur,

997 412 1024 434 et
1038 405 1116 441 fugit.
1131 404 1235 432 Furtim
1252 405 1345 440 itaque
1365 412 1398 432 ex
1413 404 1478 431 urbe
1495 404 1603 438 fugiens
1620 404 1782 431 conscendit

996 460 1104 484 navem,
1122 453 1149 480 in
1163 452 1328 480 Thebaidem
1343 452 1426 479 venit.
1443 450 1556 486 Satrapa
1575 451 1649 478 illum
1668 458 1683 478 a
1703 455 1781 485 tergo

996 503 1107 527 secutus
1120 503 1185 538 esti:
1202 498 1274 533 quod
1287 506 1349 526 cum
1369 497 1414 525 ille
1431 497 1602 532 intelligeret,
1618 497 1709 524 divina
1731 505 1781 524 vo-

996 546 1100 573 luntate
1126 545 1208 572 vertit
1237 544 1393 580 navigium,
1429 547 1456 571 et
1485 543 1595 571 obviam
1624 541 1780 577 insequenti

997 592 1117 626 navigat.
1129 590 1186 618 lllis
1198 599 1273 623 vero,
1287 591 1333 626 qui
1345 594 1439 619 saneto
1452 589 1567 617 aderant
1580 588 1779 622 inhibentibus,

996 638 1062 673 quin
1087 638 1168 665 etiam
1192 637 1372 672 plorantibus,
1394 644 1429 664 ne
1446 637 1473 663 in
1489 642 1612 672 apertum
1633 635 1780 663 discrimen

996 691 1026 711 se
1055 691 1176 719 suosque
1197 683 1354 718 eonjiceret,
1384 683 1422 709 ait
1451 688 1563 710 sanctus
1591 681 1778 708 Athanasius:

995 729 1140 763 Contidite,
1160 730 1244 757 nolite
1260 729 1367 760 timere,
1381 728 1453 756 Deus
1472 728 1544 756 enim
1563 736 1615 754 una
1635 727 1780 754 nobiseum

996 782 1107 811 pugnat.
1140 776 1243 810 Itaque,
1271 782 1405 803 converso
1426 781 1509 802 cursu
1539 780 1623 805 retro,
1655 772 1781 800 feruntur

997 821 1189 849 Alexandriam
1210 827 1317 847 versus.
1346 820 1500 846 Occurrunt
1525 822 1731 853 persecutores,
1754 821 1782 844 et

996 871 1094 902 rogant
1106 874 1171 893 num
1186 866 1368 893 Athanasium
1380 864 1477 901 4841)
1490 863 1638 899 fugientem
1652 862 1779 890 viderint.

997 911 1038 939 Illi
1067 917 1158 939 autem
1188 911 1388 946 responderunt
1411 919 1439 938 se
1463 910 1582 941 vidisse,
1608 916 1660 936 nec
1685 908 1781 943 procul

997 958 1091 986 abesse
1105 966 1112 985 :
1127 958 1151 985 si
1163 961 1333 984 maturarent
1353 960 1538 984 assecuturos.
1552 954 1598 982 Sic
1611 954 1673 981 illos
1686 961 1781 980 erran-

997 1008 1038 1031 tes
1064 1003 1239 1031 dimiserunt.
1263 1001 1316 1037 lpsi
1348 1009 1413 1033 vero
1438 1001 1562 1028 celeriter
1587 998 1779 1026 Alexandriam

997 1057 1094 1077 navem
1130 1048 1303 1084 appulerunt.
1335 1046 1478 1080 Parvoque
1513 1049 1636 1080 tempore
1671 1044 1781 1071 latitans

998 1097 1174 1129 Athanasius,
1189 1095 1301 1123 Iuliano
1315 1096 1341 1122 in
1357 1094 1450 1122 Persia
1465 1093 1595 1121 divinitus
1607 1092 1780 1125 interempto,

997 1153 1060 1172 cum
1085 1144 1210 1171 libertate
1227 1142 1341 1169 verbum
1360 1141 1408 1168 Dei
1429 1138 1605 1175 praedicabat,
1632 1141 1659 1166 et
1681 1137 1782 1165 saluta-

997 1199 1054 1219 rem
1070 1191 1149 1219 fidem
1163 1189 1327 1218 enuntiavit.

1030 1313 1156 1340 Julianus
1186 1311 1259 1338 enim
1285 1310 1312 1337 in
1342 1308 1455 1336 Perside
1483 1305 1609 1335 sublatus
1633 1308 1688 1337 est,
1718 1303 1779 1331 aliis

998 1359 1108 1394 quidem
1123 1358 1212 1385 Persa:
1226 1357 1334 1385 cuidam
1348 1354 1499 1389 transfugae
1510 1356 1627 1380 mortem
1639 1352 1785 1386 imputan—

999 1405 1082 1437 tibus,
1105 1403 1167 1430 aliis
1182 1410 1246 1430 vero
1263 1401 1344 1429 alicui
1368 1408 1384 1428 e
1407 1400 1550 1427 militibus.
1575 1397 1627 1425 Sed
1647 1396 1786 1424 verisimi-

999 1450 1052 1477 lius
1075 1454 1116 1476 est
1144 1456 1158 1475 a
1186 1448 1365 1482 pluribusque
1390 1445 1522 1472 creditum
1550 1443 1681 1470 divinitus
1706 1442 1784 1468 illum

998 1494 1173 1523 interfectum
1191 1500 1261 1521 esse.
1284 1492 1378 1527 itaque
1395 1491 1491 1526 viginti
1503 1493 1610 1517 tantum
1633 1495 1742 1516 menses
1757 1487 1784 1513 in

1000 1541 1107 1576 imperii
1134 1540 1241 1575 fastigio
1261 1539 1313 1566 fuit
1327 1538 1454 1567 Julianus
1470 1546 1477 1564 :
1501 1537 1570 1564 vixit
1588 1538 1678 1562 autem
1696 1540 1785 1561 annos

1002 1596 1086 1615 unum
1116 1591 1142 1614 et
1165 1586 1286 1622 triginta.
1311 1585 1334 1612 A
1356 1589 1442 1611 morte
1466 1583 1549 1618 igitur
1569 1581 1669 1609 Iuliani
1685 1600 1693 1613 ,
1716 1587 1784 1607 con-

1002 1642 1083 1663 sensu
1104 1633 1187 1660 totius
1203 1631 1338 1659 exercitus
1354 1629 1486 1658 Iovianus
1507 1634 1622 1661 regnum
1652 1625 1784 1660 capessit,

1002 1680 1080 1714 cujus
1095 1678 1177 1714 paulo
1191 1681 1254 1705 ante
1269 1675 1454 1703 meminimus.
1471 1673 1525 1700 Sed
1540 1672 1585 1699 ille
1599 1675 1662 1698 octo
1675 1676 1786 1697 menses

1002 1730 1108 1754 tantum
1124 1724 1238 1759 imperio
1253 1723 1355 1758 potitus
1371 1721 1398 1748 in
1414 1720 1540 1755 Bithynia
1560 1717 1628 1745 obiit
1643 1725 1651 1744 :
1669 1716 1714 1745 cui
1732 1716 1786 1743 Va-

1004 1771 1171 1800 lentinianus
1186 1768 1315 1800 succedit,
1331 1766 1440 1802 pietatis
1454 1768 1654 1800 propugnator,
1667 1766 1694 1789 et
1709 1760 1786 1796 regni

1005 1819 1111 1846 sociant
1135 1817 1244 1843 fratrem
1270 1813 1409 1841 Valentem
1433 1811 1518 1848 (quod
1545 1810 1650 1837 utinam
1673 1807 1788 1835 minime

1006 1863 1120 1898 factum)
1135 1861 1245 1896 accipit.
1262 1860 1316 1888 Sed
1331 1858 1541 1887 Valentinianus
1556 1855 1667 1890 triginta
1680 1858 1787 1881 tantum

1004 1912 1061 1939 dies
1079 1907 1312 1942 Constantinopoli
1338 1905 1502 1936 subsistens,
1522 1901 1629 1930 Valenti
1648 1900 1788 1928 Orientem

1006 1955 1150 1987 concessit,
1167 1955 1226 1989 ipse
1242 1953 1275 1980 ad
1293 1951 1466 1980 Occidentem
1483 1957 1514 1977 se
1528 1948 1640 1983 recepit.

168 2000 292 2035 ἀδελφόν.
313 2001 367 2028 Καὶ
387 1989 460 2036 μῆνα
485 2001 596 2038 ἡμερῶν
611 1989 648 2029 γὲν
683 2002 968 2029 Κωνσταντινουπόλει
994 2001 1136 2037 διατρίψας
1162 1999 1286 2035 ἀφορίζει
1314 1998 1362 2034 μὲν
1393 1996 1525 2024 Οὐάλεντι
1549 1993 1598 2030 τὴν
1641 1989 1787 2026 ἀνατολὴν,

167 2046 241 2082 αὐτῷ
254 2046 283 2073 δὲ
294 2046 381 2073 λείπει
396 2047 446 2082 τῆς
458 2047 566 2079 Δύσεως
579 2047 629 2082 τὴν
645 2048 742 2083 ἀρχήν.

209 2094 287 2121 Ἐπεὶ
300 2093 329 2120 δὲ
359 2091 435 2126 οὗτος
451 2095 489 2125 είς
503 2095 584 2121 Δύσιν
598 2095 714 2130 ἀπῆρεν,
727 2096 740 2121 ό
759 2095 872 2128 ἀδελφὸς
903 2094 954 2128 μὲν

167 2141 228 2172 ταῖς
259 2142 406 2175 μητρικαῖς
423 2140 526 2174 ὠδῖσιν,
542 2141 592 2167 οὐκ
614 2140 727 2175 ἀδελφὸς
748 2141 787 2173 δὲ,
811 2141 878 2167 ἀλλὰ
905 2141 951 2167 καὶ

1036 2093 1161 2126 Cumque
1189 2090 1215 2116 in
1247 2087 1421 2116 Occidentem
1449 2084 1587 2115 venisset.
1614 2082 1701 2109 frater
1727 2081 1788 2115 ejus

1000 2138 1124 2165 uterinus
1140 2135 1263 2171 quidem,
1287 2133 1333 2161 sed
1349 2132 1401 2159 fide
1422 2131 1521 2162 hostis,
1545 2126 1718 2163 implacabile
1734 2126 1787 2154 bel-

168 2173 321 2218 ἀντίπαλος-
344 2187 394 2222 τὴν
419 2173 532 2220 πίστιν,
564 2173 690 2223 πόλεμον.
717 2187 848 2214 ἄσπονδον
880 2187 948 2214 κατά

1001 2186 1061 2213 \um
1080 2182 1240 2211 orthodoxae
1252 2178 1378 2208 Ecclesiae
1392 2177 1485 2205 movit.
1499 2176 1537 2203 Ac
1548 2175 1664 2210 primum
1679 2173 1788 2208 quidem

169 2232 234 2269 [790
247 2232 295 2269 IL]
310 2232 359 2268 τῆς
371 2233 524 2268 ὀρθοδοξίας
537 2235 616 2261 κινεῖ.
626 2235 649 2270 [1
655 2234 705 2262 M9
713 2233 759 2269 IL]
774 2234 829 2261 Καὶ
843 2234 952 2269 πρῶτον

171 2280 220 2314 μὲν
235 2280 281 2306 τὸν
295 2279 450 2314 θαυμαστὸν
462 2279 590 2307 Μελέτιον
606 2281 657 2307 ὑπὸ
678 2280 820 2307 Ἰουλιανοῦ
834 2279 953 2317 ἀνακλη-

170 2323 249 2350 θένια
263 2325 311 2351 καὶ
325 2325 369 2352 τὸν
383 2326 482 2352 οἰκεῖον
490 2326 658 2361 ἀπειληφότα
671 2326 765 2361 θρόνον
791 2325 950 2361 ὑπερορίζει

171 2370 240 2405 μετὰ
253 2371 300 2397 καὶ
326 2371 431 2398 πολλῶν
453 2372 541 2398 ἄλλων
556 2371 708 2408 ἀρχιερέων
731 2381 761 2398 τε
777 2372 824 2399 καὶ
847 2372 902 2398 τῶν
923 2372 953 2398 ἐν

170 2414 261 2450 κλήρῳ
272 2415 401 2449 λογάδων.
413 2416 507 2443 ἔπειτα
524 2416 552 2443 δὲ
570 2411 617 2443 καὶ
639 2417 688 2453 τὴν
711 2417 849 2452 Αἴγυπτον
871 2417 954 2444 ἐκτα-

172 2461 265 2495 ράσσει
279 2462 311 2489 ¹δ.
327 2463 383 2489 Καὶ
406 2463 513 2494 στάσεις
540 2463 587 2490 καὶ
619 2463 728 2498 θόρυϐοι
769 2463 955 2498 χαλεπώτεροι

169 2507 225 2533 τῶν
250 2507 410 2541 φθασάντων
440 2508 555 2535 διέσειον
582 2509 631 2544 τὴν
673 2509 869 2544 ’Δλεξανδρέων
906 2508 954 2534 πόέ

171 2551 222 2580 λιν.
251 2553 349 2586 Δεδιὼς
375 2554 404 2581 δὲ
431 2555 446 2581 ό
465 2555 611 2590 θεόλητπος
637 2556 675 2591 μὴ
702 2556 758 2589 ἄρα
782 2556 831 2590 τῆς
856 2555 885 2581 ὲν
914 2553 953 2589 τῷ

171 2598 268 2634 πλήθει
302 2601 423 2634 στάσεως
448 2602 529 2635 αὐτὸς
552 2602 601 2638 τὴν
626 2603 715 2630 αἰτίαν
735 2602 831 2635 λάϐοι,
857 2601 954 2628 τέσσα-

1006 2234 1129 2258 sanetum
1144 2227 1263 2255 Melitum
1276 2233 1291 2253 a
1306 2224 1415 2256 Juliano
1430 2227 1600 2254 revocatum,
1622 2225 1649 2248 et
1663 2219 1781 2255 propria:

1006 2276 1064 2305 sedi
1082 2275 1237 2302 restitutum
1253 2277 1281 2300 et
1304 2272 1373 2299 alios
1387 2270 1489 2298 multos
1507 2269 1660 2304 episcopos,
1681 2270 1708 2293 et
1722 2265 1788 2293 eleri

1005 2322 1156 2358 praecipuos
1169 2318 1265 2347 exsilio
1280 2317 1387 2344 multat.
1398 2314 1499 2343 Deinde
1512 2317 1599 2341 totam
1615 2311 1696 2340 etiam
1710 2310 1789 2345 Egy-

1007 2375 1082 2405 ptum
1098 2367 1200 2399 turbat,
1212 2365 1355 2395 tumultus,
1370 2361 1578 2398 persecutioque
1593 2358 1690 2393 major,
1706 2364 1787 2392 quam

1006 2403 1085 2443 antea
1103 2420 1235 2448 unquam,
1248 2409 1439 2439 Alexandriam
1469 2406 1583 2435 invadit.
1598 2405 1720 2432 Metuens
1738 2403 1790 2430 ita-

998 2470 1059 2497 ~que
1083 2459 1258 2490 Athanasius,
1282 2464 1317 2485 ne
1341 2456 1368 2483 in
1401 2462 1431 2482 se
1454 2453 1554 2482 seditio
1576 2451 1784 2482 transferretur,

1007 2512 1079 2535 totos
1102 2509 1218 2541 quatuor
1249 2509 1358 2530 menses
1385 2501 1412 2529 in
1438 2500 1557 2536 patrium
1581 2500 1788 2525 monumentum

1007 2554 1125 2589 seipsum
1154 2550 1268 2579 abdidit.
1297 2548 1439 2580 Tatianus,
1459 2552 1522 2574 tunc
1551 2543 1659 2579 Egypti
1678 2548 1787 2589 praeses,

1007 2587 1134 2631 caedium,
1149 2598 1249 2634 quibus
1264 2595 1358 2628 multis
1376 2594 1518 2629 Egyptios
1531 2591 1674 2625 alllixerat,
1696 2587 1787 2616 statim

791 2697 910 2726 VARIIE
941 2695 1138 2726 LECTIONES.

206 2791 216 2807 '
231 2790 326 2818 δπιθεν
341 2790 374 2818 A.
411 2792 421 2807 "
436 2791 600 2824 πλωϊζεσθαι
616 2802 647 2825 ς,

683 2793 745 2819 ⁸τε
780 2791 886 2820 om.A.
925 2790 1033 2825 ’μηδέν
1060 2788 1202 2825 Αςμής.

1248 2787 1270 2803 ¹⁰
1283 2786 1307 2813 εί
1329 2793 1384 2813 om.
1404 2785 1436 2812 A.
1487 2783 1506 2799 “
1523 2782 1546 2809 δ’
1558 2778 1604 2809 οὖν
1617 2781 1640 2817 ᾼ
1654 2789 1661 2808 :
1677 2779 1786 2817 γοῦν-ς,

171 2826 194 2843 υ
209 2815 676 2868 xéi'éi'v'éiipqv'éiHaut],
687 2815 745 2864 δρὸῖ
755 2815 904 2856 aenae.
917 2815 1136 2868 «agitatam;
1149 2815 1231 2859 ἥξων
1241 2823 1292 2858 τῆς
1304 2821 1364 2858 ὀρθ.
1380 2828 1410 2860 ς.
1424 2820 1444 2836 ιι
1460 2815 1634 2860 έκταράσσει]
1651 2815 1785 2858 nemeae;

171 2868 214 2893 σει
228 2861 250 2896 A
267 2871 275 2890 ι
289 2861 396 2906 καταρρ
411 2862 489 2889 άσσει
504 2861 534 2890 Β.
