1952 3072
172 150 224 184 155

745 155 877 186 ΡΗΟΤΙΙ
893 155 1147 186 PATRIARCH/E
1161 155 1215 186 ΕΡ.

1739 152 1790 185 156

169 215 267 245 pinnas
292 207 385 237 divina
402 209 524 238 vindicta
550 209 636 238 dedit.
667 209 757 239 Simul
772 211 845 239 enim
861 211 952 247 digni-

1019 221 1054 245 ιας
1077 212 1154 245 ὅλους
1175 213 1262 248 μῆνας
1277 208 1372 242 ἑαυτόν
1397 214 1427 241 ἐν
1439 213 1560 250 πατρῴῳ
1574 214 1596 231 ’⁸
1615 211 1692 247 τάφῳ
1707 220 1791 239 κατα-

170 258 237 286 tate,
259 258 286 282 et
304 255 429 290 pecuniis
444 256 568 292 privatus
592 258 690 293 stipem
712 258 799 293 petiit,
813 258 913 294 485a
927 262 956 287 et

170 309 260 330 caecus
274 301 457 337 ignominiose
470 307 594 331 mortuus
602 310 654 332 est.
669 303 763 333 Tantis
778 305 861 340 igitur
876 305 956 334 malis

171 347 274 383 ubique
299 348 511 383 grassantibus,
545 353 719 378 terraemotus
760 351 957 385 superveniens

171 395 347 427 universalis,
372 395 473 424 multas
495 397 575 424 urbes
591 397 699 431 evertit,
722 401 749 425 et
764 397 857 425 decem
871 396 910 432 (5)
929 397 958 425 In

171 440 251 468 Creta
275 449 283 467 :
303 449 379 469 mare
406 442 489 470 etiam
517 442 650 471 terminos
675 443 802 471 excessit.
827 442 959 476 Quaedam

173 486 246 513 enim
260 486 321 514 loca
338 487 405 515 adeo
418 487 572 520 inundavit,
587 491 617 515 ut
628 495 690 523 quae
703 488 809 516 consita
823 492 886 516 ante
899 488 960 516 fue-

172 537 246 565 rant,
264 533 470 567 navigarentur.
494 533 563 562 Aliis
588 539 680 561 autem
703 534 772 562 locis
786 538 892 562 tantum
914 542 959 562 re-

173 578 267 610 cessit.
279 583 308 606 ut
326 578 354 606 in
371 579 447 607 sicco
459 579 559 614 reperti
581 579 636 608 sint
657 579 827 614 navigantes.
845 579 899 608 Sed
917 580 961 608 his

174 623 302 651 omnibus
331 631 386 651 non
414 625 531 660 resipuit
565 624 675 653 Valens.
703 624 839 658 Quoniam
869 630 961 653 autem

174 674 285 704 propter
301 669 453 698 absentiam
478 671 567 699 sancti
589 671 733 699 Athanasii
754 674 830 699 totus
844 672 962 707 populus

174 714 348 743 Alexandriae
363 716 423 750 ejus
437 715 574 744 desiderio
591 717 823 750 tumultuabatur,
838 717 962 745 dicebat-

173 768 229 796 que
245 768 301 787 non
317 765 422 789 tantum
445 769 475 789 se
494 762 636 790 onerarias
654 770 749 796 naves,
767 770 861 790 verum
879 763 962 791 etiam

175 806 284 841 publica
299 808 414 835 aediﬁcia
431 808 494 844 igne
515 814 753 843 consumpturum,
770 809 823 836 nisi
839 808 963 837 Athana-

1005 258 1134 294 κρύπτει.
1157 259 1186 286 '0
1205 259 1233 286 δὲ
1245 260 1308 292 τοὺς
1323 261 1395 288 κατὰ
1410 260 1460 297 τὴν
1470 261 1609 295 Αἴγυπτον
1624 258 1720 294 φόνους
1738 266 1792 284 πα-

1005 305 1168 341 λαμὼμενος
1183 306 1314 337 Τατιανὺς
1344 304 1379 343 ἦν
1405 307 1420 334 6
1441 307 1544 343 ταύτης
1571 307 1691 341 ἔπαρχος
1715 304 1748 338 ¹⁶ν
1763 303 1794 330 δν

1007 353 1024 387 ἡ
1042 352 1100 380 θεία
1134 352 1196 388 δίκη
1218 352 1265 379 καὶ
1288 353 1337 388 τῆς
1363 353 1519 388 μιαιφονίας
1544 353 1591 379 καὶ
1622 351 1672 386 τῆς
1699 351 1796 377 δυσσε-

1009 397 1084 430 ϐείας
1098 398 1192 425 θᾶττον
1221 397 1337 433 μετῆλθε
1353 406 1361 414 ’
1381 398 1427 425 τοῦ
1447 407 1477 425 τε
1494 398 1549 433 γὰρ
1566 396 1722 432 ἀξιώματος
1746 394 1794 421 καὶ

1009 442 1063 469 τῶν
1085 442 1188 470 πολλῶν
1212 442 1339 470 ὲκπίπτει
1364 444 1524 479 χρημάτων,
1541 442 1587 470 καὶ
1615 442 1664 477 τῆς
1692 440 1796 477 τροφῆς

1010 488 1095 522 αὐτῆς
1110 489 1225 525 ἐπαίτης
1236 487 1270 526 ἦν
1284 497 1293 504 '
1310 489 1380 517 ἀλλὰ
1395 489 1444 516 καὶ
1457 489 1520 520 τοὺς
1544 488 1700 522 ὀφθαλμοὺς
1726 487 1796 513 ἀπο-

1011 534 1100 562 ϐαλὼν
1107 535 1151 563 τὸν
1164 535 1220 571 βίον
1231 535 1363 571 ἀλγεινῶς
1370 544 1400 562 τε
1411 536 1459 563 καὶ
1466 535 1585 570 αἰσχρῶς
1598 532 1794 568 καταστρέφει.

1017 582 1062 608 Ἐν
1071 583 1176 613 τούτοις
1189 582 1217 609 δὲ
1231 583 1441 618 κυμαινομένων
1455 581 1509 608 τῶν
1524 581 1593 607 ὅλων
1610 578 1721 614 σεισμδς
1733 580 1795 605 ἑπι-

1013 629 1129 662 σκήπτει
1148 627 1202 654 τῶν
1219 627 1330 655 πώποτε
1355 627 1548 663 γεγενημένων
1560 626 1575 652 6
1593 626 1734 661 μέγιστος,
1749 623 1798 650 καὶ

1013 673 1113 703 πολλὰς
1129 673 1250 707 ὲδαφίζει
1264 673 1319 701 τῶν
1334 673 1449 705 πόλεων,
1464 672 1535 707 ἀτὰρ
1549 671 1580 707 δὴ
1597 673 1645 697 καὶ
1659 670 1710 704 τῆς
1726 669 1798 705 Κρή-

1012 727 1062 754 της
1083 718 1132 751 τὰς
1145 719 1210 747 δέκα
1232 719 1324 751 πόλεις
1342 719 1533 755 κατηρείπωσε
1550 725 1557 733 '
1572 717 1619 744 καὶ
1633 718 1650 752 ἡ
1678 716 1800 743 θάλασσα

1012 764 1067 791 τῶν
1080 765 1152 792 ίδίων
1165 766 1235 800 ὅρων
1254 766 1438 801 ύπερχυθεῖσα
1449 764 1547 799 πολλὴν
1561 763 1611 798 μὲν
1621 763 1670 794 τῆς
1684 762 1800 797 ἠπείρου

1014 810 1220 846 ἁποτεμομένη,
1247 811 1385 838 θάλασσαν
1406 811 1470 838 νέαν
1485 809 1578 842 ἔδειξε,
1595 808 1695 844 πολλὴν
1711 807 1738 834 δὲ
1749 806 1801 842 τῆς

176 852 248 880 sium
262 854 409 888 reciperet,
425 861 486 881 cum
501 855 664 882 rescisceret
678 855 778 889 impius
794 854 902 887 Valens,
914 863 964 890 per

1019 856 1179 891 ύποϐρυχίου
1209 857 1317 893 ἀρότρῳ
1341 857 1490 892 ὑπέθηκεν.
1507 855 1578 882 Ἀλλ’
1604 854 1679 881 οὐδὲν
1698 852 1801 879 τούτων

175 898 282 926 litteras
298 900 470 934 signiﬁcavit,
490 905 520 927 ut
539 900 674 936 intrepide
694 900 834 929 Ecclesias
856 906 964 937 regeret

1019 900 1185 935 ἐσωφρόνισε
1211 901 1231 916 ¹⁷
1247 901 1294 928 τὸν
1321 901 1469 929 Οὐάλεντα.
1489 900 1567 927 Ἐπεὶ
1589 899 1619 926 δὲ
1641 899 1656 925 6
1678 897 1803 929 Ἀλεξαν-

175 945 354 974 Athanasius.

1016 946 1100 982 δρέων
1112 947 1198 983 δῆμος
1212 947 1286 983 πόθῳ
1297 947 1346 975 καὶ
1359 947 1450 974 πίστει
1459 947 1507 973 τοῦ
1518 945 1645 982 ποιμένος
1659 943 1803 976 ἐστασίαζὲ

173 998 204 1017 τε
221 991 268 1018 καὶ
285 991 374 1018 πάντα
391 992 506 1026 πράξειν
520 991 638 1026 ἠπείλει,
659 991 705 1018 καὶ
718 991 752 1018 τά
764 1000 794 1018 τε
807 992 907 1027 σιτηγὰ
925 991 981 1019 τῶν
998 992 1098 1020 πλοίων
1129 994 1177 1020 καὶ
1199 993 1299 1025 αὐτοὺς
1317 993 1381 1025 τοὺς
1395 992 1542 1028 δημοσίους
1574 990 1761 1023 σιτοϐολῶνας,
1778 986 1804 1016 εἰ

176 1036 214 1072 μὴ
228 1036 274 1063 τὸν
293 1036 451 1064 διδάσκαλον
465 1037 656 1072 ἁπολήψοιντο,
669 1037 737 1072 πυρὶ
756 1037 847 1064 δοῦναι
862 1038 884 1054 ¹⁸
915 1038 1086 1071 διετείνοντο,
1099 1039 1181 1073 γνοὺς
1210 1039 1298 1066 ταῦτα
1310 1039 1324 1066 ό
1338 1038 1472 1074 δυσσεϐὴς
1509 1037 1631 1073 Οὐάλης,
1650 1036 1696 1063 διὰ
1717 1045 1804 1072 γραμ-

176 1082 269 1118 μάτων
284 1082 391 1110 δίδωσιν
398 1083 551 1119 Ἀθανασίῳ
574 1084 664 1110 πᾶσαν
679 1084 772 1111 ἄδειαν
787 1084 836 1116 τὰς
844 1084 1010 1121 Ἐκκλησίας
1027 1085 1139 1113 ἰθύνειν.

210 1129 382 1157 Antiochiam
402 1135 492 1157 autem
507 1130 681 1165 proiecturus
704 1131 852 1166 imperator
865 1151 873 1164 ,
898 1139 962 1160 cum

174 1176 278 1211 impius
298 1176 449 1208 Eudoxius,
476 1177 521 1211 qui
538 1176 726 1204 novemdecim
760 1184 847 1205 annos
865 1182 963 1206 contra

175 1222 237 1256 pios
255 1222 426 1256 implacabile
435 1227 558 1257 gesserat
568 1223 681 1256 bellum,
697 1227 823 1251 mortuus
838 1227 920 1255 esset.
934 1224 963 1251 in

175 1268 219 1295 via
235 1267 269 1295 ad
286 1267 473 1296 Nicomediam
490 1268 627 1296 detinetur
641 1277 649 1295 :
664 1273 722 1296 tum
744 1276 810 1296 vero
827 1269 920 1297 Ariani
935 1269 964 1297 in

1058 1133 1191 1168 Ἐξορμᾷν
1203 1133 1232 1159 δὲ
1253 1133 1357 1168 μέλλων
1376 1133 1416 1164 είς
1437 1131 1614 1168 Ἀντιόχειαν,
1629 1129 1692 1157 ἐπεὶ
1719 1129 1804 1157 Εὐδό-

1017 1177 1074 1212 ξιος
1091 1179 1105 1205 6
1122 1178 1295 1214 μισόχριστος
1310 1179 1324 1205 6
1337 1178 1402 1205 δέκα
1415 1178 1437 1194 ¹⁹
1449 1178 1496 1205 καὶ
1511 1178 1589 1205 ἐννέα
1602 1177 1649 1213 ἐτη
1669 1176 1740 1203 κατὰ
1750 1176 1805 1203 τῶν

1017 1224 1138 1251 εὐσεϐῶν
1151 1224 1282 1251 ἄσπονδον
1293 1224 1410 1259 πόλεμον
1426 1223 1569 1250 ἀναλαϐὼν
1583 1222 1742 1258 ἀπεφθάρη,
1755 1223 1806 1257 τῆς

1017 1269 1171 1305 ὁδοιπορίας
1194 1269 1266 1296 κατὰ
1291 1269 1340 1305 τὴν
1363 1269 1547 1305 Νικομήδειαν
1577 1267 1736 1304 ἐπεσχέθη.⁸
1751 1267 1807 1294 Καὶ

175 1313 278 1341 mortui
303 1313 395 1342 locum
418 1313 610 1349 Demophilnm
634 1314 794 1349 subrogant.
812 1315 964 1343 Orthodoxi

1019 1315 1043 1341 οί
1063 1314 1114 1350 μὲν
1127 1314 1158 1347 ὲξ
1175 1313 1280 1350 Ἀρείου
1296 1314 1450 1350 Δημόφιλον
1463 1313 1674 1350 χειροτονοῦσιν,
1687 1313 1713 1340 ot
1726 1312 1755 1339 δὲ
1776 1312 1807 1339 τὸ

176 1370 240 1389 vero
255 1362 403 1397 Evagrium
419 1362 564 1397 quemdam
578 1382 586 1395 ,
613 1362 657 1390 cui
684 1370 784 1390 manus
799 1362 896 1390 beatus
908 1362 965 1390 Eu-

1019 1360 1160 1396 ύμοούσιον
1175 1360 1373 1396 πρεσϐεύοντες
1388 1359 1526 1396 Εὺάγριόν
1546 1368 1620 1393 τινα,
1646 1359 1694 1386 τοῦ
1719 1367 1810 1394 μακαΔ

177 1406 298 1434 stathius
311 1406 464 1434 ordinando
479 1406 606 1441 imponit,
623 1406 671 1442 qui
680 1407 746 1434 olim
756 1411 819 1434 ante
827 1407 965 1435 Meletium

1021 1406 1078 1442 ρίου
1093 1406 1242 1434 Εὑσταθίου
1267 1406 1317 1442 τὴν
1333 1406 1537 1442 τελεσιουργίαν
1563 1405 1766 1442 χειρισαμένου,
1778 1404 1808 1437 ὃς

180 1451 374 1479 Alexandrina:
400 1452 556 1486 praefuisset
573 1452 722 1486 Ecclesiae,
748 1457 776 1480 et
799 1452 834 1480 ab
860 1451 965 1480 Ariani:

1020 1452 1075 1488 πρὸ
1089 1452 1222 1480 Μελετίου
1252 1452 1302 1488 τὴν
1323 1452 1483 1487 Ἀντιοχέων
1503 1451 1669 1487 Ἐκκλησίαν
1694 1451 1808 1487 ποιμαί-

178 1497 293 1533 ejectus,
308 1497 342 1526 ab
362 1498 460 1526 exsilio
475 1503 565 1526 autem
579 1504 724 1527 revocatus
734 1518 742 1531 ,
759 1506 774 1526 a
791 1498 909 1527 Joviano
923 1499 965 1534 pio

1021 1506 1075 1525 νων
1089 1498 1123 1530 ’⁸,
1138 1497 1191 1524 ὑπὸ
1205 1497 1260 1525 τῶν
1282 1497 1430 1533 ’Δρειανῶν
1447 1497 1662 1533 συνεσκευάσθη,
1690 1497 1737 1524 καὶ
1760 1497 1810 1532 τῆς

180 1543 419 1578 Constantinopoli
441 1548 508 1571 tunc
532 1544 702 1571 morabatur.
719 1543 826 1577 Quibus
839 1543 965 1579 cognitis,

1023 1544 1171 1580 ὑπερορίας
1184 1545 1340 1580 ψηφίσματι
1365 1544 1412 1571 τοῦ
1441 1543 1570 1576 εὐσεϐοῦς
1592 1543 1720 1572 Ἰοϐιανοῦ
1746 1544 1812 1571 ἀνα·

180 1588 281 1617 Valens
293 1589 363 1617 facta
375 1590 540 1617 Arianorum
555 1597 617 1617 cum
628 1589 729 1626 gaudio
739 1589 866 1625 probavit
879 1598 886 1617 :
900 1597 971 1625 pra:-

181 1644 265 1665 cones
282 1641 372 1665 autem
389 1637 509 1671 pietatis,
525 1636 701 1665 Eustathium
724 1636 833 1672 quidem
854 1636 901 1671 qui
923 1644 971 1664 or-

180 1682 333 1715 dinaverat,
353 1687 457 1711 armata
475 1690 560 1710 manu
576 1682 676 1718 Bizyen
691 1682 815 1710 Thracia
828 1682 925 1710 urbem
942 1682 971 1710 in

181 1729 305 1757 exsilium
321 1728 415 1764 pellit,
436 1728 583 1764 Evagrium
597 1735 663 1756 vero
679 1728 833 1756 ordinatum
848 1729 903 1756 alio
922 1729 972 1756 ah-

1023 1636 1106 1672 σεϐὴς
1124 1635 1242 1672 οὺάλης,
1261 1636 1356 1672 μαθὼν
1368 1636 1403 1663 τὰ
1427 1636 1596 1672 πραχθέντα,
1613 1634 1653 1668 οἷς
1672 1636 1722 1672 μὲν
1733 1636 1758 1663 οῑ
1782 1635 1813 1668 ἐξ

1028 1682 1134 1718 Ἀρείου
1151 1681 1285 1718 ἔπραξαν,
1312 1681 1435 1718 συνήσθη
1461 1691 1492 1708 τε
1514 1682 1563 1709 καὶ
1589 1681 1729 1717 ἠγάπησε,
1757 1681 1813 1708 τῶν

1022 1727 1052 1755 δὲ
1067 1728 1090 1744 ’³
1103 1727 1231 1764 κηρύκων
1248 1728 1298 1764 τῆς
1312 1728 1455 1761 εὐσεϐείας
1465 1728 1615 1756 Εὑστάθιον
1629 1728 1679 1764 μὲν
1694 1728 1741 1755 τὸν
1755 1736 1815 1763 χει-

181 1775 264 1809 legat.
278 1773 328 1802 liis
343 1774 379 1801 ita
396 1773 540 1807 confectis,
559 1772 662 1802 Valens
676 1774 778 1809 impius
793 1774 965 1803 Antiochiam

1027 1774 1209 1810 ροτονήσαντα
1222 1774 1267 1801 διὰ
1281 1774 1479 1810 στρατιωτικῆς
1494 1774 1586 1810 χειρὸς
1597 1775 1627 1801 ὲν
1640 1773 1725 1810 Βιζὺῃ
1737 1773 1815 1800 πόλει

182 1820 267 1852 venit,
288 1819 384 1847 eadem
405 1819 433 1847 in
446 1819 507 1855 pios
523 1819 641 1852 faciens,
655 1825 683 1848 et
698 1821 857 1856 excogitans
867 1841 875 1855 ,
890 1826 917 1849 et
929 1822 965 1850 hit

1029 1821 1079 1856 τῆς
1105 1820 1216 1856 Θρᾴκης
1231 1820 1390 1857 περιορίζει,
1409 1821 1543 1857 Εὖάγριον
1558 1821 1587 1848 δὲ
1601 1820 1647 1848 τὸν
1659 1828 1815 1856 χειροτονη-

182 1865 269 1893 multo
287 1865 436 1893 deteriora.
459 1865 572 1894 Diversa
591 1867 665 1894 enim
678 1871 766 1895 morte
792 1866 965 1896 Christianos

1027 1866 1107 1893 θέντα
1123 1867 1192 1903 ἄλλῃ
1207 1868 1330 1903 συνεῖχεν
1343 1867 1487 1904 ὑπερορίᾳ.
1505 1867 1562 1895 Καὶ
1579 1867 1667 1895 ταῦτα
1681 1866 1787 1903 πράξας
1800 1867 1814 1893 6

1022 1590 1134 1626 κληθεὶς
1157 1590 1186 1617 ἐν
1200 1589 1485 1617 Κωνσταντινουπόλει
1500 1589 1643 1626 διέτριϐεν.
1662 1589 1691 1617 '0
1705 1589 1734 1617 δὲ
1748 1589 1812 1617 δυσ-
1860 1618 1865 1622 ,

183 1911 275 1944 allicit,
291 1916 318 1938 et
330 1911 431 1939 multos
447 1910 476 1939 in
494 1911 607 1940 (luvium
624 1912 755 1940 Orontem
773 1912 884 1948 mergit.

1025 1913 1157 1949 δυσσεϐὴς
1172 1914 1219 1941 ἐπὶ
1232 1914 1281 1950 τὴν
1288 1914 1425 1950 Ἀντιόχου
1447 1915 1613 1949 ἀφικνεῖται,
1624 1914 1658 1941 τὰ
1665 1914 1735 1940 αὐτὰ
1744 1912 1815 1940 κατὰ

182 1957 238 1985 τῶν
264 1957 449 1984 εὐσεϐούντων
472 1958 520 1985 καὶ
542 1959 671 1994 πράττων
701 1959 747 1986 καὶ
775 1959 983 1995 διανοούμενοις,
1004 1958 1106 1994 μᾶλλον
1126 1960 1155 1987 δὲ
1177 1960 1268 1996 πολλῷ
1284 1960 1404 1996 χείρονα.
1437 1961 1493 1988 Καὶ
1521 1961 1576 1996 γὰρ
1597 1960 1736 1996 διαφόροις
1768 1958 1816 1986 θα-

183 2004 274 2036 νάτοις
286 2004 348 2036 τοὺς
366 2004 545 2038 εὐσεϐοῦντας
560 2005 649 2041 ὑπῆγε
659 2014 666 2021 ·
697 2005 817 2041 μάλιστα
850 2005 879 2033 δὲ
907 2006 962 2033 τῶν
994 2006 1083 2041 φόνων
1100 2006 1176 2042 αὐτῷ
1190 2007 1220 2034 τὸ
1236 2007 1447 2043 προχειοότατον
1461 2005 1495 2035 ἦν
1512 2008 1535 2023 ³³
1549 2007 1672 2043 ποταμὸς
1687 2007 1703 2034 6
1721 2005 1812 2042 Ὀρόν-

182 2061 244 2088 της.

220 2099 360 2128 Seditione
383 2100 476 2136 itaque
503 2101 576 2130 hanc
601 2108 679 2129 oram
704 2106 858 2138 occupante
873 2122 881 2136 ,
911 2108 965 2137 pos

1060 2100 1117 2136 Τῆς
1137 2098 1295 2134 συγχύσεως
1321 2095 1368 2125 οὖν
1392 2097 1440 2125 καὶ
1459 2098 1582 2133 ταραχῆς
1600 2097 1625 2113 ³³
1643 2095 1746 2132 ταύτης
1765 2095 1816 2131 τὴν

184 2147 270 2175 multa
297 2151 324 2175 et
343 2147 472 2175 diuturna
487 2155 536 2182 pro
553 2147 654 2183 pietate
669 2150 832 2181 certamina,
852 2153 879 2176 ct
894 2148 972 2177 labo-

184 2201 239 2225 res,
253 2191 286 2220 ad
300 2199 474 2220 communem
488 2192 629 2220 dominum
640 2213 648 2226 ,
673 2200 754 2228 quem
771 2193 923 2227 dilexerat,
947 2198 975 2222 et

185 2247 235 2275 pro
242 2247 297 2274 quo
308 2247 406 2274 passus
417 2243 474 2267 erat
483 2239 606 2275 gaudens
620 2240 732 2273 athleta,
742 2244 772 2267 ut
784 2248 900 2269 coronas
912 2248 976 2269 con-

185 2287 328 2319 sequatur,
341 2285 511 2312 Athanasius
528 2285 731 2321 commigravit,
745 2286 915 2322 consumptis
937 2286 975 2322 (6)

185 2330 367 2366 quadraginta
382 2331 482 2367 4851)
501 2332 581 2360 annis
595 2332 622 2360 in
641 2332 796 2361 sacerdotio
812 2333 866 2367 vel
882 2333 974 2369 potius

186 2375 215 2404 in
229 2376 323 2405 labore
339 2385 390 2413 pro
407 2378 461 2407 ﬁde
474 2379 639 2408 orthodoxa.

221 2465 304 2495 Liber
322 2467 395 2496 unde
416 2467 474 2497 haec
492 2470 689 2506 excerpsimus,
713 2469 907 2508 negligentiam
922 2477 974 2507 po-

1021 2145 1186 2181 οῑκουμένην
1199 2143 1408 2179 ἀνατρεπούσης
1423 2142 1484 2180 [791
1501 2142 1560 2179 11.],
1589 2142 1660 2178 μετὰ
1672 2142 1735 2173 τοὺς
1751 2141 1816 2168 πολ-

1021 2193 1095 2225 λοὺς,
1113 2191 1162 2218 καὶ
1178 2191 1301 2226 μακροὺς
1322 2189 1394 2227 ὑπὲρ
1409 2190 1458 2226 τῆς
1476 2189 1618 2222 εὐσεϐείας
1647 2189 1747 2221 ἄθλους
1766 2188 1816 2216 καὶ

1023 2239 1175 2274 καμάτους,
1195 2238 1236 2269 είς
1258 2237 1306 2265 τὸν
1333 2237 1424 2265 κοινὸν
1441 2236 1591 2273 Δεσπότην,
1610 2236 1640 2263 ὃν
1666 2235 1753 2271 ἐφίλει
1768 2234 1817 2262 καὶ

1023 2285 1095 2321 ὑπὲρ
1111 2280 1142 2312 οὗ
1157 2284 1271 2320 ἔπασχε,
1291 2284 1396 2320 χαίρων
1424 2285 1439 2311 6
1455 2283 1586 2319 ἀθλητὴς.
1611 2283 1655 2309 ἵνα
1671 2281 1740 2318 τύχῃ
1762 2280 1818 2309 τῶν

1024 2331 1162 2364 ἐπάθλων,
1177 2331 1365 2366 ἀπεδήμησεν,
1380 2329 1428 2365 ἔτη
1447 2329 1594 2365 διαρκέσας
1609 2328 1639 2355 ἐν
1670 2329 1704 2363 τῇ
1721 2328 1817 2364 ἀρχιε-

1028 2378 1128 2414 ρατικῇ
1140 2377 1248 2413 τελετῇ,
1265 2376 1364 2412 μᾶλλον
1376 2375 1399 2403 δ’
1414 2377 1444 2404 ὲν
1457 2376 1514 2407 τοῖς
1543 2374 1613 2410 ὑπὲρ
1627 2373 1714 2409 αὐτῆς
1740 2374 1816 2408 ἀνω⁴

1028 2423 1151 2460 νίσμασι,
1167 2423 1387 2458 τεσσαράκοντα.

1063 2471 1126 2498 Ὀτι
1140 2471 1158 2506 ή
1177 2470 1323 2506 συγγραφὴ
1343 2469 1373 2503 ἐξ
1401 2466 1436 2506 ἧς
1451 2468 1470 2504 ἠ
1486 2466 1657 2504 προκειμένη
1683 2464 1818 2502 προῆλθεν

838 2571 958 2600 VARIIE
985 2570 1191 2600 LECTIONES.

226 2616 248 2656 '_'
262 2615 398 2651 πατρῴων
411 2625 443 2656 5:,
482 2617 505 2634 "
531 2619 660 2656 ἐπάρχων
672 2619 778 2656 Ᾱ.ω¹ῗ
805 2620 956 2656 ἐσωφρόνει
985 2619 1017 2648 B.
1042 2619 1092 2656 7’7"
1120 2618 1214 2656 δούναι
1238 2616 1484 2656 Δι’-παραδοῠνομ
1517 2625 1559 2656 ς.-
1598 2616 1645 2656 "_6
1664 2612 1815 2642 δέκαΑΒε

187 2651 291 2692 δῲδεκα
322 2660 353 2683 ς.
393 2652 434 2692 _'°
454 2651 686 2691 nouitatvw'v"mg.
718 2654 779 2684 libri
807 2651 971 2692 ποιμαίνειν.

189 2688 239 2722 χής
250 2695 307 2715 om.
327 2695 369 2722 pr.
386 2688 420 2716 Δ.

1027 2655 1049 2671 ¹¹
1071 2654 1100 2682 δὲ
1124 2653 1233 2683 add.A.
1290 2653 1313 2669 "
1325 2651 1361 2690 ἦν
1370 2653 1432 2681 add.
1462 2653 1494 2680 Β.
1549 2653 1560 2668 ¹
1601 2651 1698 2687 τῆς-
1727 2656 1818 2684 ταρα-

935 2791 1051 2823 ΝΟἸῈ.

227 2863 264 2899 (5)
277 2863 396 2892 Centum
410 2864 492 2894 habet.
501 2865 710 2901 Metaphrasues.

1065 2864 1105 2901 (6)
1123 2863 1174 2894 Sex
1189 2869 1216 2893 et
1230 2863 1420 2901 quadraginta,
1434 2862 1544 2893 Simeon
1563 2859 1773 2896 Metaphrastes.
