1945 3073
178 169 231 202 159

752 169 885 200 ΡΗΟΤΙΙ
899 169 1151 200 PATRIARCH/E
1165 169 1221 200 ΕΡ.

1743 167 1795 200 160

212 227 262 255 Hic
284 226 355 262 patri
375 233 426 254 suo
445 226 559 262 SOpltilO
571 233 685 262 operam
703 226 731 254 in
749 227 848 255 studiis
878 227 960 255 dedit.

1051 223 1134 258 Οὗτος
1150 226 1190 261 τῷ
1201 225 1292 258 οἰκείῳ
1310 225 1393 260 πατρὶ
1407 224 1513 260 Σοφίλῳ
1529 224 1715 260 σοφιστεύοντι
1744 234 1796 260 μα-

176 274 302 304 Οεεοίιίυε
313 281 378 301 vero
388 274 471 309 hujus
485 273 602 301 oratoris
619 273 779 308 magistrum
795 273 862 301 facit
874 273 961 301 histo-

176 323 264 350 ricum
284 320 483 356 Thucydidem.
506 320 678 348 Dissensissc
697 327 762 347 vero
783 320 859 347 illum
877 328 893 347 ιι
912 320 963 348 So—

176 373 251 396 crate
267 375 321 395 non
332 366 533 399 contentionis,
563 366 610 394 sed
627 366 820 402 investigandae
840 366 962 394 Veritatis

177 414 274 449 gratia.
299 413 423 441 Primum
450 418 540 440 autem
562 411 718 439 condidisse
739 412 804 439 dicit
825 412 963 439 orationes

174 460 330 496 jinliciales.
352 459 567 487 Prmcedentium
590 459 663 486 enim
687 466 767 486 nemo
789 459 842 486 hoc
864 466 963 494 genere

176 504 309 531 orationis
327 511 393 531 usus
410 511 470 531 esse
486 502 699 538 deprcnenditur
715 511 722 530 :
738 510 827 537 neque
840 503 962 538 reperias

173 549 331 585 judicialem
347 549 499 577 oralionem
517 549 646 584 scriptam
662 552 725 575 ante
741 552 863 583 tempora
884 548 963 575 Anti—

175 596 296 630 phontis.
311 595 432 622 Primum
448 602 556 629 quoque
573 599 658 622 artem
675 594 816 621 rhetoricae
841 592 964 621 referunt

176 641 322 669 tradidisse
335 662 342 673 ,
359 640 445 668 solers
466 647 528 666 cum
544 645 626 672 esset,
642 645 669 667 et
685 640 747 668 inde
768 639 893 667 Nestoris
920 646 964 666 co-

176 693 295 721 gnomen
309 685 448 712 sortitum.
467 684 543 711 Plato
564 684 590 711 in
607 683 740 711 Pisandro
760 683 836 711 illum
851 689 881 710 ut
897 691 962 710 ava-

176 739 235 757 rum
251 730 375 758 incessit.
393 729 476 757 Fama
489 735 530 756 est
547 729 620 756 illum
633 730 713 757 etiam
729 729 874 765 tragoedias
885 736 962 756 com-

177 775 312 809 posuisse,
320 774 446 809 privatim
456 773 579 808 quidem,
591 777 687 800 etcum
699 773 827 807 Dionysio
835 771 963 807 Tyranno

177 820 389 848 cohabitantem.
403 819 561 846 Studentem
578 826 643 846 vero
657 818 733 853 prius
748 817 824 852 poesi
838 836 846 849 ,
874 820 960 844 artem

177 867 254 893 aiunt
268 866 344 893 illum
361 865 497 900 reperisse
507 873 562 900 qua
579 864 690 892 tristitia
708 863 909 898 depelleretur,
934 865 962 889 et

172 913 253 947 juxta
269 912 358 939 forum
373 897 498 939 Corinthi
513 897 687 938 domuncula:
700 897 809 937 cuidam
821 915 837 935 a
850 915 881 936 se
895 914 963 935 con-
974 897 999 928 Β

175 961 286 985 structae
301 957 342 985 sic
362 956 537 992 inscripsisse
553 963 561 982 :
579 956 614 984 Se
629 955 754 983 oratione
770 961 822 982 sua
836 953 961 982 dolorem

174 1009 254 1037 posse
269 1002 379 1038 pellere.
391 1002 500 1029 Etenim
513 1001 707 1037 interrogando
721 1001 851 1030 maeroris
862 1008 962 1030 causas

175 1049 268 1077 tristes
290 1049 493 1076 consolabatur.
510 1048 569 1076 Hoc
588 1048 707 1076 studium
729 1048 824 1076 minus
837 1055 898 1076 esse
912 1054 963 1083 pu-

174 1099 236 1122 tans
248 1113 256 1126 ,
282 1102 364 1128 quam
389 1094 492 1129 ingenii
509 1094 551 1121 sui
568 1093 752 1129 pws-stantiam
768 1094 877 1122 deceret
891 1114 898 1126 ,
927 1092 962 1120 ad

175 1140 324 1168 oratoriam
341 1140 441 1167 iterum
458 1148 488 1167 se
506 1140 650 1172 convertit,
668 1140 784 1175 Scripsit
798 1140 880 1168 etiam
900 1147 962 1167 ora-

174 1187 275 1214 tionem
291 1191 388 1214 contra
406 1186 598 1221 Hippocratem
614 1186 763 1218 medicum,
780 1190 808 1214 et
823 1186 900 1213 illum
917 1186 961 1213 ln-

173 1233 245 1260 dicta
260 1240 342 1260 causa
358 1232 510 1260 damnavit.
531 1232 638 1259 Floruit
653 1236 743 1259 autem
757 1239 788 1259 ea
801 1235 961 1267 tempestate

173 1286 227 1314 qua
244 1279 344 1306 bellum
354 1283 460 1314 gestum
476 1287 537 1306 cum
549 1279 743 1314 Persis,paulo
757 1284 820 1307 ante
832 1279 960 1314 Gorgiam

173 1323 325 1358 sopliistam
345 1328 437 1351 natus.
460 1324 589 1352 Extendit
603 1332 669 1352 vero
686 1325 770 1352 vitam
786 1332 874 1360 usque
890 1324 918 1352 in
934 1324 961 1352 id

173 1374 294 1404 tempus,
310 1377 366 1404 quo
377 1371 516 1405 popularis
528 1376 616 1399 status
628 1375 670 1398 est
688 1379 702 1398 a
731 1371 784 1400 400
803 1371 840 1407 (8)
856 1371 960 1408 Tyran—

173 1417 218 1443 uis
237 1416 371 1450 sublatus,
390 1418 470 1452 cujus
487 1418 647 1446 mutationis
675 1423 703 1445 et
733 1418 825 1453 ipsum
849 1425 959 1446 causam

172 1467 226 1487 una
241 1460 326 1489 fuisse
345 1462 431 1489 aiunt.
451 1461 633 1495 Quamobrem
651 1467 678 1490 et
693 1463 783 1491 soluta
804 1463 900 1490 horum
918 1469 961 1498 ty-

172 1507 303 1540 rannide,
319 1507 346 1534 in
364 1508 408 1542 jus
422 1513 536 1536 vocatus
555 1508 702 1536 damnatur
713 1530 720 1542 ,
746 1512 772 1536 et
789 1509 960 1543 proditorum

171 1559 253 1587 paena
270 1552 423 1588 insepultus
442 1553 582 1589 proiectus
596 1559 655 1588 est,
671 1559 699 1581 et
717 1554 829 1582 infamia
848 1559 959 1582 notatus

172 1605 228 1625 non
245 1599 326 1626 modo
339 1599 407 1634 ipse,
421 1600 468 1627 Sed
484 1600 544 1635 ejus
560 1600 642 1627 etiam
663 1607 759 1628 omnes
777 1600 891 1635 posteri.
909 1599 962 1635 Ly-
974 1599 987 1611 “

173 1643 228 1671 sias
240 1651 306 1671 vero
314 1649 409 1678 contra
424 1649 518 1672 narrat
530 1644 607 1672 illum
620 1645 711 1680 potius
723 1652 738 1672 a
754 1644 961 1680 quadringentis

173 1689 298 1724 tyrannis
307 1690 481 1717 interfectum
495 1698 568 1718 esse.
583 1691 637 1717 Alii
649 1691 740 1718 ferunt
753 1691 828 1718 illum
839 1691 960 1724 legatum

173 1734 207 1762 ad
220 1734 379 1770 Dionysium
396 1735 554 1770 Tyrannum
571 1735 736 1770 profectum,
763 1740 790 1764 et
811 1737 963 1771 quaestione

174 1779 292 1814 quadam
317 1780 478 1815 proposita,
495 1780 633 1814 quodnam
660 1784 734 1808 esset
757 1781 888 1816 optimum
912 1789 960 1814 aes,

174 1825 241 1852 illud
257 1825 390 1859 optimum
405 1832 466 1853 esse
483 1825 597 1858 dixisse,
616 1834 649 1854 ex
663 1835 718 1862 quo
735 1832 832 1855 statua:
845 1828 961 1856 Hermo-

173 1870 219 1898 dio
244 1875 271 1897 et
284 1870 463 1905 Aristogitoni
486 1871 564 1900 facta:
576 1876 681 1907 essent,
704 1873 868 1901 Audientem
896 1882 961 1902 vero

173 1915 346 1952 Dionysium,
360 1920 387 1944 et
399 1917 426 1944 in
440 1924 470 1945 se
484 1917 543 1945 haec
562 1917 617 1946 dici
632 1920 829 1954 suspicantem,
844 1924 872 1947 et
886 1920 961 1948 necis

172 1970 229 1991 sure
252 1963 459 1991 incitamentum
479 1971 560 1997 esse,
580 1965 679 2000 capitis
702 1970 840 1994 oratorem
861 1966 960 2002 αεει

172 2008 381 2037 condemnasse.
407 2009 462 2038 Alii
483 2017 549 2038 vero
563 2016 709 2047 propterea
734 2013 855 2040 occisum
882 2020 961 2040 com-

173 2061 340 2088 memorant,
354 2056 427 2091 quod
442 2055 566 2093 Dionysii
585 2057 658 2087 illius
676 2058 824 2095 tragoedias
844 2058 961 2090 liberius

172 2100 391 2135 perstrinxisset.

516 2248 617 2277 CCLX.

423 2295 552 2323 Isocratis
565 2295 709 2323 orationes.

205 2340 334 2377 Legimus
348 2341 439 2370 varias
453 2343 593 2371 orationes
606 2341 744 2370 Isocratis.
761 2342 896 2371 Dicuntur
907 2351 959 2370 nu-

171 2395 248 2416 mero
265 2389 416 2423 sexaginta,
427 2397 543 2424 quarum
556 2388 675 2424 quinque
688 2393 714 2417 et
722 2389 819 2424 viginti
831 2389 961 2425 Dionysio

170 2433 288 2468 egitima:
298 2437 372 2465 sunt,
390 2432 500 2461 Caecilio
511 2433 605 2468 viginti
617 2439 691 2461 octo.
706 2433 856 2470 Scripsisse
870 2439 960 2462 autem

170 2479 245 2508 illum
259 2484 345 2506 artem
362 2478 507 2506 rhetorica
516 2479 636 2513 tradunt,
646 2488 729 2515 quam
743 2480 836 2515 etejus
850 2480 961 2508 nomine

171 2525 333 2560 inscriptam
341 2524 454 2553 scimus.
469 2524 594 2553 Aliivcro
603 2526 716 2554 tradunt
725 2527 798 2554 hunc
811 2526 839 2554 in
856 2527 961 2555 oratio-

172 2572 255 2601 nibus
267 2571 356 2608 magis
371 2570 569 2600 exercitatione
583 2579 666 2608 quam
677 2577 736 2601 arte
751 2581 831 2602 usum
852 2581 923 2601 csse.

977 2251 999 2280 D

990 290 992 292 τ
1015 271 1144 308 θητεῦσαι
1172 271 1281 306 λέγεται
1297 279 1304 288 ·
1322 270 1464 302 Καικίλιος
1480 271 1508 297 δὲ
1524 270 1687 298 Θουκυδίδου
1715 271 1737 286 ⁸⁸
1749 270 1797 297 τοῦ

1015 317 1196 353 συγγραφέως
1213 315 1336 352 μαθητὴν
1355 315 1496 351 γεγονέναι
1525 316 1592 352 φησι
1613 315 1659 343 τὸν
1683 316 1796 352 ῥήτορα.

1013 363 1189 398 Διενεχθῆναι
1210 362 1239 389 δέ
1269 370 1351 396 φασιν
1375 361 1455 389 αὑτὸν
1483 362 1530 389 καὶ
1556 361 1695 398 Σωκράτει
1712 361 1735 377 ⁸³
1758 359 1799 396 τῷ

1013 408 1162 443 φιλοσόφῳ,
1178 408 1207 434 οὐ
1225 407 1292 442 πρὸς
1307 406 1330 422 ³⁸
1343 407 1595 442 φιλονεικίαν,ἀλλὰ
1608 408 1677 443 πρὸς
1688 407 1798 443 ἔλεγχον

1012 454 1119 490 ὁρῶντα
1131 454 1163 481 ³⁸.
1181 444 1314 486 Συντάξαι
1328 453 1357 480 δὲ
1371 453 1453 480 αὐτὸν
1468 454 1514 481 καὶ
1529 454 1638 489 πρῶτόν
1651 462 1717 488 φασι
1735 454 1799 486 τοὺς

1013 501 1042 528 ἐν
1056 501 1112 532 τοῖς
1126 499 1311 536 δικαστηρίοις
1326 500 1522 534 ἀγωνιστικοὺς
1543 499 1607 536 [792
1622 499 1669 536 IL]
1683 500 1778 534 λόγους
1789 508 1797 516 ·

1013 547 1067 574 τῶν
1089 547 1143 582 γὰρ
1161 546 1214 582 πρὸ
1237 545 1319 573 αὑτοῦ
1338 545 1426 578 οὐδεὶς
1443 546 1568 581 φαίνεται
1593 546 1688 578 καθεὶς
1703 546 1799 573 ἑαυτὸν

1013 593 1054 624 εἰς
1078 592 1172 620 τοῦτον
1199 593 1245 620 τὸν
1261 592 1364 627 ἀγῶνα,
1384 591 1439 619 οὐδ’
1464 591 1522 618 ἐστι
1546 591 1639 619 λαϐεῖν
1661 592 1799 619 δικανικὸν

1014 638 1093 672 λόγον
1118 638 1171 666 τῶν
1196 637 1355 674 Ἀντιφῶντι
1378 638 1401 654 ³⁸
1433 638 1567 674 πρότερον
1583 639 1799 674 γεγραμμένων,

1013 685 1126 719 Πρῶτον
1146 685 1175 712 δὲ
1190 685 1271 713 αὑτὸν
1297 685 1345 712 καὶ
1361 684 1509 721 ῥητορικὰς
1530 685 1711 718 συντάξασθαί
1734 693 1801 719 φασι

1013 732 1121 766 τέχνας,
1148 731 1276 766 ἀγχίνουν
1300 731 1442 765 γεγονότα·
1455 731 1499 758 διὰ
1526 730 1605 757 τοῦτο
1630 730 1723 757 λαϐεῖν
1751 732 1800 757 ἐπ-

1013 776 1121 812 ώνυμον
1133 777 1181 804 καὶ
1199 778 1244 804 τὸν
1257 777 1392 812 Νέστορα.
1406 776 1541 812 κωμῳδεῖ
1554 777 1582 803 δὲ
1593 776 1673 803 αὐτὸν
1684 777 1725 807 είς
1740 775 1800 811 φιλ-

1017 824 1152 859 αργυρίαν
1174 823 1287 850 Πλάτων
1306 825 1335 850 ἐν
1357 823 1524 859 Πεισάνδρῳ.
1551 823 1638 857 Λόγος
1662 823 1692 850 δὲ
1718 822 1799 850 αὑτὸν

1013 869 1061 897 καὶ⁸
1072 869 1225 905 τραγῳδίας
1240 869 1385 902 συνθεῖναι,
1402 869 1455 905 ίδίᾳ
1465 878 1494 895 τε
1516 869 1564 896 καὶ
1584 869 1715 904 Διονυσίῳ
1739 878 1801 897 συν-

1013 915 1185 951 διατρίϐοντα
1204 915 1243 950 τῷ
1264 915 1399 952 τυράννῳ.
1427 915 1597 951 Σχολάξοντα
1622 915 1651 942 δὲ
1669 915 1801 952 πρότερον

1014 962 1048 997 τῇ
1074 962 1181 997 ποιήσει
1197 962 1294 998 τέχνην
1308 962 1390 997 φασὶν
1403 961 1485 989 αὐτὸν
1501 961 1621 997 ἐξευρεῖν
1634 962 1655 978 ³⁷
1672 962 1800 994 ἀλυπίας,

1014 1008 1062 1035 καὶ
1073 1007 1144 1034 κατὰ
1156 1007 1206 1041 τὴν
1221 1007 1325 1043 ἀγορὰν
1338 1008 1367 1034 ἐν
1382 1007 1507 1044 Κορίνθῳ
1523 1007 1605 1043 [1455
1617 1006 1664 1043 R.]
1682 1006 1800 1043 οἰκημά-

1015 1053 1071 1080 τιόν
1084 1061 1111 1079 τι
1124 1052 1371 1088 οἰκοδομησάμενον
1387 1052 1538 1089 ἐπιγράψαι
1560 1052 1691 1080 δύνασθαι
1719 1051 1801 1079 αὐτὸν

1014 1097 1078 1129 τοὺς
1096 1097 1283 1132 λυπουμένους
1293 1097 1338 1124 διὰ
1360 1097 1448 1132 λόγων
1463 1097 1486 1113 ³⁵
1500 1097 1678 1134 θεραπεύειν·
1697 1097 1745 1124 καὶ
1768 1095 1800 1132 δὴ

1014 1143 1061 1171 καὶ
1082 1144 1284 1179 πυνθανόμενος
1295 1143 1345 1176 τὰς
1366 1144 1457 1177 αἰτίας
1469 1145 1518 1180 τῆς
1537 1144 1627 1180 λύπης
1637 1144 1699 1175 τοὺς
1717 1144 1800 1171 ἀνιω-

1016 1192 1113 1227 μένους
1127 1192 1324 1228 παρεμυθεῖτο.
1338 1192 1424 1220 Τοῦτο
1436 1192 1464 1220 δὲ
1481 1193 1512 1219 τδ
1527 1192 1698 1228 ἐπιτήδευμα
1718 1190 1800 1230 ἦττον

1014 1235 1083 1265 εἶναι
1098 1237 1213 1273 νομίσας
1228 1238 1277 1273 τῆς
1303 1238 1400 1266 ἑαυτοῦ
1417 1238 1608 1274 μεγαλονοίας,
1623 1238 1670 1265 ἐπὶ
1690 1239 1800 1274 ῥητορι-

1014 1283 1065 1318 κὴν
1076 1284 1193 1320 ἐτράπη.
1209 1284 1402 1320 Συνεγράψατο
1419 1284 1448 1311 δέ
1462 1284 1509 1312 καὶ
1524 1284 1801 1320 κατὰἹπποκράτους

1013 1329 1060 1356 τοῦ
1083 1330 1176 1366 ἰατροῦ
1196 1330 1286 1364 λόγον,
1315 1330 1363 1358 καὶ
1388 1327 1459 1358 εἷλεν
1476 1330 1558 1358 αὐτὸν
1583 1330 1612 1364 ἐξ
1633 1330 1748 1366 ἐρήμου.
1770 1329 1801 1358 Ὁ

1013 1375 1041 1402 δὲ
1055 1375 1149 1411 χρόνος
1159 1375 1205 1412 ἦν,
1217 1376 1279 1403 καθ’
1299 1376 1329 1403 ὃν
1349 1376 1484 1412 ἤκμαζεν,
1504 1377 1534 1403 ἐν
1550 1372 1573 1411 ᾧ
1597 1376 1801 1412 διαπέπρακται

1013 1420 1048 1447 τὰ
1066 1420 1198 1456 Περσικὰ,
1215 1421 1298 1457 ὀλίγῳ
1312 1421 1445 1457 πρότερον
1466 1421 1580 1458 Γοργίου
1594 1421 1641 1449 τοῦ
1674 1421 1800 1457 σοφιστοῦ

1013 1467 1133 1501 γεγονώς
1147 1475 1154 1483 ·
1170 1468 1314 1504 παρέτεινε
1328 1467 1357 1495 δὲ
1368 1468 1414 1495 τὸν
1432 1468 1489 1504 βίον
1505 1468 1558 1502 ἕως
1571 1469 1623 1504 τῆς
1643 1468 1696 1496 ὑπὸ
1710 1468 1764 1496 τῶν
1778 1472 1800 1496 u'

1013 1514 1200 1550 γεγενημένης
1212 1514 1386 1547 καταλύσεως
1408 1516 1459 1551 τῆς
1474 1515 1676 1551 δημοκρατίας,
1694 1513 1728 1552 ἧς
1753 1515 1802 1543 καὶ

1014 1560 1095 1588 αὐτὸν
1109 1561 1198 1588 αἰτίαν
1213 1563 1410 1597 μετεσχηκέναι
1426 1562 1493 1597 φασὶ
1507 1563 1659 1597 παρασχεῖν
1671 1570 1678 1578 ι
1693 1561 1733 1588 διὸ
1753 1562 1802 1589 καὶ

1016 1606 1084 1642 μετὰ
1101 1606 1151 1643 τὴν
1167 1607 1318 1634 κατάλυσιν
1333 1607 1388 1634 τῶν
1399 1611 1421 1634 ν’
1443 1607 1629 1642 εἰσαγγελθεὶς
1649 1607 1738 1641 ἑάλω,
1753 1607 1802 1636 καὶ

1012 1654 1069 1684 τοῖς
1094 1652 1149 1680 τῶν
1169 1652 1306 1689 προδοτῶν
1321 1653 1471 1688 ἐπιτιμίοις
1499 1653 1666 1689 ὐποϐληθεὶς
1697 1653 1802 1689 ἄταφος

1012 1698 1124 1734 ἐρρίφη,
1148 1698 1195 1725 καὶ
1210 1698 1321 1732 γέγονεν
1334 1697 1441 1733 ἄτιμος,
1457 1698 1507 1725 οὐκ
1517 1698 1598 1730 αὐτὸς
1622 1698 1701 1734 μόνον
1713 1718 1721 1731 ,
1733 1697 1802 1725 ἀλλὰ

1012 1745 1060 1772 καὶ
1078 1745 1102 1771 οί
1125 1744 1154 1777 ἐξ
1169 1743 1252 1778 αὑτοῦ
1270 1743 1379 1778 φύντες.
1403 1744 1506 1777 Λυσίας
1521 1744 1550 1771 δὲ
1563 1745 1717 1772 τούναντίον
1731 1745 1802 1772 ιστο-

1015 1792 1057 1826 ρεῖ
1070 1798 1077 1805 ·
1095 1791 1163 1826 φησὶ
1176 1789 1230 1825 γὰρ
1246 1789 1347 1825 μᾶλλον
1362 1789 1444 1817 αὑτὸν
1454 1791 1506 1817 ύπὺ
1519 1791 1575 1817 τῶν
1599 1794 1621 1818 υ¹
1635 1791 1801 1827 ἀνῃρῆσθαι.

1012 1837 1045 1864 Οἱ
1059 1837 1088 1864 δέ
1115 1845 1198 1871 φασιν
1213 1836 1293 1863 αὑτὸν
1312 1835 1484 1873 πρεσϐευτὴν
1500 1836 1570 1873 πρὸς
1594 1838 1733 1864 Διονύσιον
1755 1837 1802 1864 τὸν

1011 1882 1142 1918 τύραννον
1158 1883 1379 1920 παραγεγονότα,
1407 1884 1455 1910 καὶ
1479 1882 1619 1920 ζητήσεώς
1644 1892 1718 1916 τινος
1745 1893 1801 1910 πα-

1013 1929 1188 1965 ραπεσούσης
1204 1930 1245 1962 τίς
1265 1929 1376 1966 ἄριστός
1387 1930 1445 1956 ἐστι
1461 1929 1573 1965 χαλκὸς,
1589 1930 1669 1958 αὐτὸν
1690 1930 1801 1966 ἄριστον

1011 1972 1082 2002 εἶναι
1104 1974 1187 2010 φάναι
1199 1975 1230 2009 ἐξ
1246 1972 1277 2003 οὖ
1291 1975 1386 2011 στῆλαι
1405 1975 1542 2011 Ἁρμοδίῳ
1565 1976 1727 2012 πεποίηνται
1753 1976 1801 2002 καὶ

1018 2021 1240 2057 ’Δριστογείτονν
1254 2022 1409 2051 ἀκούσαντα
1430 2022 1459 2049 δὲ
1472 2021 1518 2049 τὸν
1530 2023 1679 2055 Διονύσιον,
1697 2022 1742 2049 καὶ
1758 2023 1801 2054 είς

1011 2068 1094 2095 αὑτὸν
1128 2068 1319 2104 ὑπονοήσαντα
1361 2069 1407 2096 τὸν
1445 2068 1524 2104 λόγον
1549 2068 1716 2105 ἀπερῤῖφθαι
1753 2069 1803 2097 καὶ

1011 2114 1170 2150 προτροπὴν
1205 2112 1276 2142 εἶναι
1310 2115 1360 2151 τῆς
1391 2114 1474 2143 αὐτοῦ
1510 2115 1685 2146 καταλύσεως
1699 2134 1708 2147 ,
1750 2115 1808 2150 τὴν,

1011 2158 1057 2185 ἐπὶ
1071 2157 1178 2194 θανάτῳ
1201 2158 1246 2185 τὸν
1267 2159 1371 2195 ῥήτορα
1400 2160 1592 2187 καταδικάσαι.
1618 2159 1650 2186 Ol
1674 2160 1702 2186 δὲ
1721 2159 1800 2194 διότι,

1012 2204 1090 2238 φασὶ,
1102 2203 1152 2236 τὰς
1162 2204 1315 2241 τραγῳδίας
1328 2205 1412 2232 αὐτοῦ
1424 2204 1558 2241 διασύρων
1571 2205 1799 2241 ἐπαρρησιάζετο.

1378 2250 1424 2269 ττι

1378 2268 1418 2278 ...υ
1428 2272 1435 2279 .

1259 2296 1450 2332 Ἰσοκράτους
1463 2298 1558 2332 λόγοι.

1048 2342 1259 2378 ’Δνεγώσοησαν
1277 2343 1448 2378 Ἰσοκράτους
1461 2343 1534 2377 λόγοι
1550 2342 1685 2378 διάφοροι.
1696 2342 1798 2379 Φέρον-

1007 2398 1054 2416 ται
1072 2389 1101 2416 δὲ
1119 2389 1203 2416 αὑτοῦ
1217 2389 1263 2416 τὸν
1287 2389 1405 2425 ἀριθμὸν
1420 2389 1452 2422 ξ’,
1467 2386 1504 2416 ὧν
1522 2389 1671 2424 ἐκρίθησαν
1691 2390 1801 2425 γνήσιοι

1009 2435 1078 2462 κατὰ
1094 2435 1145 2470 μὲν
1161 2435 1299 2462 Διονύσιον
1315 2435 1362 2462 ἐπὶ
1377 2436 1431 2467 τοῖς
1445 2438 1466 2461 ε’
1480 2438 1505 2462 κ’
1521 2435 1555 2467 ³³,
1572 2435 1646 2462 κατὰ
1660 2436 1689 2462 δὲ
1703 2436 1801 2462 Καικί-

1008 2481 1065 2508 λιον
1084 2485 1108 2517 η’
1120 2482 1168 2509 καὶ
1183 2481 1219 2510 κ’.
1245 2481 1416 2518 Γεγραφέναι
1441 2481 1470 2508 δέ
1496 2481 1578 2508 αὐτὸν
1591 2482 1639 2509 καὶ
1652 2481 1676 2498 ⁸ο
1701 2482 1800 2517 τέχνην

1011 2527 1159 2564 ῥητορικὴν
1178 2528 1315 2562 λέγουσιν,
1331 2528 1365 2563 ἥν
1382 2528 1430 2554 καὶ
1449 2528 1529 2563 ἡμεῖς
1543 2527 1624 2563 ῐσμεν
1636 2527 1682 2554 τοῦ
1704 2527 1800 2562 ἀνδρὸς

1009 2574 1235 2610 ἐπιγραφομένην
1253 2574 1293 2610 τῷ
1306 2574 1420 2609 ὀνόματι
1435 2582 1443 2589 ·
1461 2574 1487 2601 οἱ
1500 2574 1529 2602 δὲ
1543 2575 1710 2611 συνασκήσει
1730 2573 1799 2609 μᾶλ-

827 2632 944 2660 νΛΒΙᾸΕ
973 2632 1178 2662 LECTIONES.

208 2681 293 2722 “_xal
303 2689 363 2722 _om.
446 2682 469 2722 ξ’
484 2681 649 2722 Θουκυδίδην
665 2690 695 2713 ς.
712 2680 748 2708 cf.
759 2680 954 2722 Wyttenbach.
966 2717 971 2722 I
985 2680 1137 2722 Plutarch.
1151 2683 1180 2715 4,

1200 2689 1227 2717 p.
1243 2681 1306 2718 3M.
1344 2681 1366 2698 ³³
1396 2682 1536 2718 Σωκράτει
1549 2681 1571 2709 Β
1597 2680 1752 2718 εΣιυκράτῃ
1765 2689 1796 2713 ς.

173 2715 203 2759 ’3‘
212 2717 242 2743 οὺ
258 2718 361 2759 πρός-
372 2718 395 2735 ³⁸
409 2716 526 2754 ὁρῶντα]
536 2716 611 2759 ,πρὸς
626 2716 737 2759 ἔλεγχον
753 2715 876 2759 ὁρῶνται
887 2717 997 2759 οἱπρὺεὶ
1006 2715 1223 2759 ιριιλονειίκίαν-ΔΒ..
1259 2717 1282 2759 ³ξ
1302 2715 1508 2759 ᾎντιφιῖξιντίῗ-
1521 2715 1804 2759 γεγραμμένῳνλνὶιηῦ.

179 2750 600 2789 ’Δντιφῶντος-μγεγραμμένὰν.
639 2752 665 2769 ³⁷
679 2750 799 2788 ἐξευρεῖν
811 2751 892 2778 αὐτόν
906 2751 937 2778 Β.
949 2750 955 2752 ⁷
976 2752 999 2767 ³⁸
1011 2751 1092 2786 λόγου
1103 2751 1133 2779 Β.
1166 2753 1188 2769 ⁸³
1204 2752 1223 2779 ε’
1239 2753 1285 2780 καὶ
1296 2752 1320 2779 κ’
1337 2761 1367 2786 ς’.
1382 2750 1389 2752 ’
1399 2752 1422 2768 ⁸ο
1439 2753 1487 2783 καὶ
1500 2750 1564 2780 ante
1575 2750 1675 2788 τέχνην
1687 2750 1750 2780 add.
1763 2752 1798 2779 A.

935 2809 1052 2839 NOTAE.

209 2858 248 2902 (ti)
262 2858 448 2894 Quadraginta
463 2858 546 2887 habet
561 2857 723 2887 Plutarchus
738 2863 767 2887 ut
796 2858 834 2888 ibi
851 2859 958 2889 numeri
977 2865 1042 2890 nota
1067 2867 1210 2899 peccatum
1232 2866 1380 2902 appareat,
1418 2866 1484 2896 ctu,
1504 2868 1554 2897 pro
1587 2869 1625 2897 μ,
1663 2867 1794 2899 reponen-

174 2892 248 2931 tium-
