1945 3073
569 147 575 166 Ι

139 172 184 205 161

688 174 948 205 BlBLIOTIIECA.
961 187 996 194 —
1009 175 1090 205 COD.
1105 175 1210 205 CGLX.

1703 173 1753 206 162

137 231 182 258 λον
195 230 212 266 ἢ
225 229 308 265 τέχνῃ
323 228 478 264 χρήσασθαι
492 229 564 256 κατά
577 229 640 261 τοὺς
654 229 750 264 λόγους
769 230 814 257 τὸν
834 230 918 266 ἄνδρα

1004 229 1089 257 Natus
1105 234 1147 257 est
1167 230 1241 257 circa
1266 228 1452 265 Olympiadem
1470 229 1664 263 octogesimam
1692 238 1753 258 sex—

157 277 212 304 ασί.

137 286 269 356 φαΓΞγονε
289 321 318 347 δὲ
336 320 406 347 κατᾶ
419 320 469 355 τὴν
484 319 510 347 π’
530 321 578 347 καὶ
592 319 620 353 ς’
655 321 825 356 Ολυμπιάδα,
854 320 920 348 νεώ-

138 375 215 401 τερος
228 366 278 400 μὲν
295 365 396 392 Λυσίου
410 365 457 390 ἐπὶ
469 364 545 391 δυσὶν
560 364 631 391 ἔτεσι
651 365 697 391 καὶ
713 368 747 396 κ’,
778 364 920 397 Πλάτωνος

137 413 163 440 δὲ
182 411 366 448 πρεσὸύτερος
383 410 399 436 ι’
413 411 527 437 δεόντων
543 412 636 446 τριῶν.
657 409 711 437 Ἦν
725 410 753 436 δὲ
766 412 829 442 παῖς
857 411 920 436 Θεο-

136 458 222 494 δώρου
243 456 373 493 Ἐρχιέως
387 456 422 488 δι,
440 456 498 488 ἐνὸς
512 456 566 483 τῶν
584 456 701 491 μετρίων
729 457 856 483 πολιτῶν.
876 457 920 482 Ἐν

137 504 215 531 παισὶ
249 504 298 539 μὲν
328 502 374 529 οὖν
392 502 477 529 τελῶν
509 503 662 538 ἠκροάσατο
678 502 809 537 Προδίκου
826 511 855 528 τε
873 501 919 528 τοῦ

137 549 259 579 Κείουη,
275 548 322 574 καὶ
335 548 450 583 Γοργίου
469 547 516 574 τοῦ
532 549 683 581 Λεοντίνου,
700 548 747 575 καὶ
763 547 856 574 Τισίου
873 547 919 574 τοῦ

136 593 317 628 Συρακουσίου
330 593 363 626 ⁸³,
370 594 417 620 καὶ
431 593 477 620 τοῦ
488 594 600 629 ῥήτορος
608 593 794 630 Θηραμένους.
803 594 919 629 [79511.]

136 641 182 672 Et;
193 639 326 674 ἄνδραςδὲ
352 639 462 671 τελέσας
477 640 646 676 πραγμάτων
661 641 710 676 μὲν
724 641 859 677 ἀναχωρεῖ
867 641 920 667 τῶν

136 686 294 718 πολιτικῶν,
312 686 353 712 ὅτι
368 694 397 713 τε
412 686 462 721 τὴν
482 687 573 721 φωνὴν
589 687 678 722 ἰσχνὸς
690 685 724 723 ἧν
737 687 840 714 καὶτὸν
857 688 920 722 τρό-

137 740 187 757 πον
208 731 343 767 εὐλαϐής·
361 731 396 758 τὰ
423 731 538 767 πατρῷα
571 732 660 767 μέντοι
680 732 875 767 ἀποϐεϐληκὼς
892 734 921 758 ἐν

136 777 175 812 τῷ
189 777 257 812 πρὸς
271 777 501 812 Λακεδαιμονίους
517 777 638 812 πολέμῳ,
655 777 702 804 Eva
718 778 798 813 μόνον
814 777 858 804 τὸν
871 778 922 813 τῆς

137 823 297 854 ἀντιδόσεως
312 823 394 857 λόγον
407 823 492 850 είπὼν
515 823 620 858 ἀπέστη
636 823 685 858 τῆς
700 823 829 858 τοιαύτης
851 832 919 859 προ‹

138 869 280 902 σιρέσεως,
297 868 367 895 ἰδίαν
381 867 410 893 δὲ
424 867 567 903 διατριίὴν
582 867 807 902 ὑποστησάμενος
821 867 868 893 ἐπὶ
890 866 921 893 τὺ

971 279 1038 303 tam.
1061 275 1158 303 Junior
1183 275 1264 311 Lysia
1287 275 1366 302 annis
1383 275 1478 310 viginti
1493 279 1520 302 et
1537 275 1644 303 duobus
1659 296 1667 308 ,
1695 275 1755 303 Pla-

970 326 1033 349 tone
1061 326 1165 356 septem
1192 322 1272 349 annis
1303 321 1452 356 antiquior.
1476 320 1541 348 Erat
1569 325 1659 348 autem
1683 321 1755 349 ﬁlius

971 362 1107 394 Theodori
1122 367 1273 395 sacerdotis
1290 367 1361 394 inter
1375 367 1527 394 mediocres
1546 366 1630 394 cives.
1654 366 1756 394 Etiam-

971 421 1035 440 num
1050 420 1118 448 puer
1132 413 1237 440 audivit
1255 412 1400 440 Prodicum
1425 411 1542 443 Chium.
1573 417 1600 439 ct
1625 411 1755 447 Gorgiam

970 458 1143 491 Leontinum,
1161 463 1188 486 et
1203 458 1304 485 Tisiam
1329 457 1543 493 Syracusanum,
1557 463 1584 484 et
1606 457 1755 484 Therame-

972 513 1034 532 nem
1047 505 1195 532 rhetorem.
1211 503 1270 531 Jarn
1285 504 1328 531 vir
1346 504 1505 539 reipublica:
1523 512 1617 532 curam
1632 512 1686 531 non
1707 505 1755 531 ad-

971 550 1066 582 misit;
1084 550 1148 585 quia
1170 550 1264 585 gracili
1282 557 1349 577 voce
1375 555 1433 577 erat
1461 558 1492 578 ac
1509 550 1620 578 timidus
1638 560 1644 577 :
1662 557 1754 585 pater-

972 603 1075 631 nasque
1095 595 1246 631 respiciens
1268 595 1441 623 calamitates
1462 596 1533 623 bello
1550 595 1686 623 Laconico
1707 603 1755 623 ac-

971 647 1081 676 ceptas,
1107 649 1190 668 unam
1215 641 1302 668 solam
1332 641 1370 668 De
1401 641 1582 668 retributione
1603 641 1754 668 oralionem

972 686 1077 717 habuit,
1094 690 1122 713 et
1133 693 1148 713 a
1165 686 1281 713 dicendo
1305 685 1435 720 deinceps
1452 685 1594 712 abstinuit.
1613 685 1754 712 Instituta-

972 739 1025 767 que
1038 732 1102 758 ludo
1115 751 1122 765 ,
1145 731 1334 766 philosophari
1370 735 1397 758 et
1410 731 1530 758 scribere
1544 735 1585 758 est
1599 738 1755 766 aggressus.

974 784 1006 804 ac
1018 777 1223 813 panegyricum,
1238 781 1266 803 et
1281 776 1413 811 quasdam
1429 777 1456 803 in
1470 783 1569 809 genere
1579 776 1757 803 deliberativo

972 822 1083 857 scripsit
1099 823 1249 854 orationes,
1268 827 1344 850 ratus
1358 823 1394 849 ita
1409 821 1518 850 Graecos
1532 822 1564 849 ad
1578 829 1609 849 ea
1623 829 1684 856 quae
1699 821 1757 848 θαί-

972 867 1016 895 cio
1031 867 1225 902 honestatique
1237 872 1301 894 sunt
1315 871 1510 899 consentanea,
1534 874 1614 901 posse
1634 866 1755 894 incitari.

137 914 292 949 φιλοσοφεῖν
309 913 356 940 καὶ
382 913 498 949 γράφειν
516 913 640 949 ὥρμησε,
660 913 707 940 καὶ
723 913 738 940 ὃ
751 921 781 939 τε
796 921 919 948 πανηγυ-

972 913 1050 947 Quod
1069 913 1224 941 institutum
1240 921 1301 941 cum
1325 914 1438 940 minime
1457 913 1571 941 feliciter
1587 913 1755 945 succederet,

138 960 213 995 ρικδς
235 959 309 994 αύτῷ
330 959 410 994 λόγος
432 960 566 995 συνετάγη
596 960 642 986 καί
675 968 747 991 τινες
763 959 838 986 ἄλλοι
865 959 920 985 τῶν

137 1005 376 1039 συμϐουλευτικῶν
400 1006 544 1042 ἡγουμένῳ
571 1008 633 1037 ταῖς
661 1006 838 1041 παραινέσεσι
857 1006 920 1038 τοὺς

117 1051 270 1086 .”Ελὶηνας
285 1052 394 1087 φρονεῖν
418 1051 555 1085 ἐκδιδάξαι
574 1052 608 1079 τὰ
634 1052 817 1088 συμφέροντα.
839 1052 920 1079 Ἀπο-

135 1098 224 1133 τυχὼν
243 1098 271 1125 δὲ
286 1098 337 1134 τῆς
351 1098 475 1134 γνώμης,
487 1099 581 1126 τούτου
596 1098 647 1134 μὲν
666 1099 771 1134 ἀπέστη
793 1098 841 1125 τοῦ
860 1100 921 1125 ὲπι-

135 1144 315 1180 τηδεύματος,
334 1144 432 1180 σχολῆς
458 1144 486 1171 δὲ
512 1146 670 1181 σοφιστικῆς
688 1146 792 1180 ἡγεῖτο,
808 1145 846 1176 ὼς
871 1145 921 1180 μέν

134 1191 207 1223 τινές
222 1199 301 1226 φασι,
319 1191 353 1218 τὰ
372 1191 468 1226 πρῶτα
484 1191 531 1217 ἐπὶ
554 1191 630 1223 Χίου,
646 1191 769 1227 μαθητὰς
793 1191 861 1226 ἔχων
875 1191 919 1217 ἐν·

134 1238 192 1269 νέα,
201 1238 281 1273 ἡνίκα
295 1238 343 1264 καὶ
356 1237 402 1264 τὸν
418 1237 512 1273 μισθὸν
524 1237 585 1264 ίδὼν
598 1238 647 1273 τῆς
661 1238 832 1270 διδασκαλίας
843 1239 920 1275 ἀριθ-

136 1283 270 1318 μούμενον
279 1284 362 1318 φάναι
376 1283 557 1319 δακρύσαντα,
565 1284 603 1316 ὡς
612 1284 677 1311 Νῦν
683 1284 812 1319 ἐμαυτὸν
825 1284 921 1319 ἔγνων

135 1331 253 1363 τούτοις
274 1330 475 1365 πεπραμένον.
500 1329 683 1366 Ἦκροάσαντο
709 1330 736 1357 δὲ
763 1330 844 1357 αὑτοῦ
874 1331 921 1357 ἄλ-

135 1376 174 1403 λοι
186 1385 218 1402 τε
240 1376 341 1408 πολλοὶ,
362 1376 399 1408 ῶς
427 1376 474 1403 καὶ
498 1377 538 1408 είς
557 1376 653 1403 ἑκατὸν
676 1377 842 1410 συντελέσαι,
874 1377 921 1404 καὶ

135 1422 166 1458 δὴ
194 1423 241 1449 καὶ
257 1423 390 1458 Τιμόθεος
405 1423 420 1449 ό
448 1423 581 1456 Κόνωνος,
600 1423 658 1458 μεθ’
690 1419 720 1450 οὗ
750 1424 796 1450 καὶ
821 1423 921 1456 πολλὰς

135 1467 220 1495 ἐπιὼν
246 1468 338 1500 πόλεις
358 1469 407 1500 τὰς
423 1468 492 1504 πρὸς
512 1468 670 1504 Ἀθηναίους
683 1468 828 1499 ἐπιστολὰς
860 1478 922 1496 συν-

135 1515 241 1549 ετίθει,
256 1515 285 1542 αἱ
311 1514 356 1541 τὸν
381 1514 513 1550 Τιμόθεον
538 1515 742 1550 ἐπεγράφοντο·
777 1514 858 1551 [1456
876 1514 921 1552 IL]

134 1560 195 1586 ὅθεν
211 1561 314 1592 ἐκεῖνος
345 1561 468 1596 ταλάντῳ
492 1561 574 1588 αὑτὸν
588 1561 767 1596 ἐδωρήσαντο.
791 1561 921 1595 Γεγόνασι

971 959 1070 987 distitit
1085 964 1180 993 postea
1198 958 1266 986 alias
1278 959 1420 985 orationes
1432 959 1562 986 scribere.
1584 958 1690 986 Ludum
1704 966 1755 985 au-

970 1012 1022 1035 tem
1039 1007 1127 1035 tenuit
1140 1006 1230 1042 primo
1245 1006 1271 1033 in
1287 1006 1356 1033 Chio
1371 1026 1379 1038 ,
1404 1014 1478 1038 eum.
1496 1011 1526 1034 ut
1553 1007 1678 1034 nonnulli
1699 1011 1752 1033 tra-

969 1054 1047 1085 dunt,
1057 1060 1152 1080 novem
1166 1053 1278 1080 haberet
1288 1052 1426 1079 auditores
1443 1060 1449 1079 :
1462 1059 1495 1080 ex
1507 1059 1562 1087 quo
1573 1060 1635 1080 cum
1652 1052 1757 1079 videret

971 1104 1142 1126 numeratam
1167 1098 1339 1129 mercedem,
1362 1098 1561 1133 collaerymans
1576 1097 1635 1126 ait:
1653 1097 1687 1124 Ut
1706 1105 1758 1124 me-

968 1145 1059 1180 ipsum
1073 1144 1114 1172 his
1130 1144 1230 1180 pra'bui
1244 1143 1416 1171 vendendum.
1436 1145 1582 1172 Auditores
1597 1148 1691 1179 postea
1707 1144 1756 1171 ha-

969 1191 1030 1219 huit
1047 1195 1155 1219 centum
1169 1213 1177 1224 ,
1203 1191 1304 1219 multos
1328 1190 1438 1226 quidem
1457 1191 1542 1223 alios,
1560 1191 1607 1218 sed
1623 1191 1757 1225 imprimis

971 1236 1145 1264 Timotheum
1159 1236 1280 1265 Cononis
1303 1236 1389 1264 ﬁlium
1401 1257 1409 1269 ,
1437 1244 1558 1272 quocum
1576 1236 1675 1263 multas
1691 1236 1758 1262 adiit

971 1283 1108 1316 civitates,
1119 1290 1181 1310 cum
1197 1283 1258 1310 illas
1275 1283 1407 1310 scriberet
1421 1282 1552 1318 epistolas
1564 1301 1572 1313 .
1586 1290 1645 1317 quae
1657 1286 1723 1309 sunt
1741 1289 1757 1309 a

971 1327 1116 1355 Timotheo
1128 1328 1218 1356 missa:
1226 1328 1259 1356 ad
1268 1328 1534 1356 Athenienses:inde
1542 1328 1673 1355 talentum
1685 1327 1757 1354 dono

971 1375 1085 1410 accepit.
1107 1374 1184 1402 Dedit
1203 1381 1233 1401 se
1248 1382 1358 1408 quoque
1380 1374 1418 1400 illi
1438 1374 1470 1401 ad
1493 1374 1657 1401 audiendum
1668 1374 1758 1400 Xeno:

971 1419 1044 1454 phon
1064 1419 1149 1454 Grylli
1168 1418 1240 1446 ﬁlius
1258 1419 1450 1454 Theopompus
1462 1419 1563 1452 Chius,
1589 1424 1617 1446 et
1630 1420 1757 1454 Ephorus

971 1465 1110 1498 Cummus,
1127 1472 1196 1500 quos
1215 1465 1249 1492 ad
1267 1465 1438 1492 scribendam
1455 1464 1597 1492 historiam
1620 1465 1756 1496 incitavit.

971 1511 1004 1538 ad
1020 1515 1128 1546 captum
1143 1510 1276 1545 cujusque
1289 1516 1350 1545 apte
1360 1515 1521 1545 argumenta
1534 1511 1655 1537 historia:
1664 1510 1758 1537 distri-

973 1557 1059 1584 buens
1070 1565 1077 1583 :
1088 1557 1121 1584 ad
1134 1557 1192 1583 haec
1201 1561 1228 1583 ct
1244 1556 1429 1591 Asclepiades,
1440 1556 1486 1591 qui
1498 1556 1644 1590 tragmdias
1656 1556 1757 1592 487a

135 1605 164 1631 δὲ
187 1605 269 1632 αὑτοῦ
286 1606 419 1641 ἀκροαταὶ
430 1606 477 1632 καὶ
488 1605 612 1640 Ξενοφῶν
623 1608 637 1632 ὁ
651 1605 770 1641 Γρύλλου
783 1606 830 1633 καὶ
855 1606 919 1632 Θεό-

974 1602 1095 1637 scripsit,
1113 1607 1140 1630 et
1154 1602 1323 1630 Theodectes
1340 1602 1499 1635 Phaselites,
1510 1602 1558 1636 qui
1569 1603 1651 1629 etiam
1663 1609 1757 1637 postea

135 1659 244 1686 πομπος
265 1653 279 1679 ό
297 1653 362 1684 Χῖος
385 1652 433 1678 καλ⁵
452 1652 570 1687 Ἔφορος
591 1652 605 1679 ό
634 1653 769 1688 Κυμαῖος,
786 1650 825 1684 οἷς
838 1652 861 1668 ’⁵⁵
872 1653 919 1679 καὶ

134 1699 195 1729 ταῖς
207 1699 354 1734 ἱστορικαῖς
372 1700 544 1734 συγγραφαῖς
550 1699 740 1735 τκρούτρέψατο
754 1698 917 1734 χρήσασθαι,

134 1745 204 1779 πρὸς
226 1744 276 1780 τὴν
297 1745 414 1771 ἑκάστου
425 1745 505 1778 φύσιν
522 1745 659 1779 ἀναλόγως
673 1746 721 1772 καὶ
748 1745 797 1776 τὰς
820 1745 918 1772 ὑποθέ-

135 1798 193 1821 σεις
207 1789 256 1825 τῆς
276 1790 397 1825 ἱστορίας
420 1790 513 1821 αὐτοῖς
541 1789 747 1825 διανειμάμενος
761 1797 767 1804 ·
796 1791 842 1816 ἐπὶ
863 1789 920 1816 τού-

132 1842 189 1866 τοις
213 1835 261 1861 καὶ
277 1835 489 1870 ’Λσκληπιάδης,
502 1834 531 1866 ὃς
545 1835 579 1861 τὰ
602 1834 811 1870 τραγῳδούμενα
826 1835 848 1850 ⁸³
859 1843 921 1861 συν-

133 1879 283 1914 εγράψατο,
299 1869 448 1914 Θεοδέκτης
462 1880 491 1905 δὲ
507 1879 530 1895 ⁸⁸
544 1879 558 1904 ό
570 1869 734 1915 Φασηλίτης,
746 1869 749 1870 ν
763 1880 810 1906 καὶ
838 1879 918 1911 αὐτὸς

134 1923 248 1961 ὕστερον
261 1925 414 1960 τραγῳδίας
432 1925 630 1961 συνταξάμενος
639 1935 648 1942 ν
661 1926 728 1953 ἀλλὰ
739 1927 786 1953 καὶ
814 1926 918 1953 Λαοδά-

135 1971 227 2006 μαςὸ
248 1971 388 2006 Ἀθηναῖος
418 1972 465 1998 καὶ
486 1972 621 2007 Λάκριτος
644 1972 658 1998 ὁ
687 1972 870 2007 νομοθετήσας
895 1972 918 1989 ⁸⁷

139 2017 304 2052 Ἀθηναίοις,
319 2017 357 2048 ὡς
368 2017 398 2043 δέ
418 2026 500 2052 φασιν
522 2018 608 2049 ἄλλοι,
633 2018 680 2045 καὶ
698 2018 859 2053 Ὑπερείδης
871 2019 918 2045 καὶ

138 2062 248 2094 Ἰσαῖος.
274 2062 450 2098 Δημοσθένης
473 2063 501 2089 δὲ
527 2063 665 2099 προσῆλθε
686 2063 734 2098 μὲν
748 2062 823 2099 αὑτῷ
850 2064 917 2098 μετὰ

972 1649 1131 1684 Tragmdias
1143 1648 1307 1683 composuit.
1325 1647 1396 1681 Quin
1414 1649 1496 1676 etiam
1509 1647 1660 1676 Leodamas
1674 1649 1757 1676 Athe-

971 1695 1085 1727 niensis.
1096 1700 1123 1722 et
1132 1694 1268 1726 Lacritus,
1276 1695 1323 1730 qui
1337 1699 1432 1722 auctor
1443 1695 1532 1730 legum
1544 1695 1757 1723 Atheniensibus

972 1741 1146 1769 ferendarum
1162 1741 1223 1768 l'uit.
1240 1741 1344 1769 Ferunt
1355 1745 1444 1768 autem
1460 1741 1583 1769 nonnulli
1600 1747 1628 1769 et
1641 1741 1756 1777 Hyperi—

972 1789 1033 1814 dem
1045 1791 1073 1815 et
1088 1788 1183 1815 Isaeum
1208 1787 1347 1815 auditores
1369 1787 1455 1815 fuisse
1467 1807 1474 1819 ,
1501 1791 1528 1814 et
1547 1787 1757 1816 Demosthenem

973 1833 1006 1860 ad
1028 1840 1091 1861 eum
1111 1833 1236 1861 studiose
1254 1834 1404 1862 accessisse
1417 1854 1424 1866 ,
1450 1833 1608 1869 dixisseque
1633 1842 1662 1861 se
1682 1835 1757 1862 mille

974 1879 1137 1911 drachmas,
1161 1885 1216 1913 quo
1231 1879 1319 1913 pretio
1335 1878 1379 1906 ille
1392 1879 1529 1911 docebat,
1557 1879 1678 1914 praebere
1701 1887 1756 1906 non

971 1932 1070 1960 posse.
1092 1924 1220 1952 daturum
1236 1932 1302 1952 vero
1324 1924 1473 1957 ducentas,
1497 1930 1527 1952 ut
1549 1925 1671 1960 quintam
1689 1926 1756 1953 artis

970 1975 1076 2006 partem
1103 1969 1230 1998 disceret.
1269 1970 1416 1997 isorratem
1441 1975 1531 1998 autem
1559 1971 1755 2003 respondisse:

970 2019 1061 2045 Artem
1079 2026 1131 2045 non
1147 2018 1174 2044 in
1191 2018 1278 2052 frusta
1293 2018 1466 2049 dissecamus,
1482 2018 1527 2044 sed
1547 2018 1571 2044 si
1589 2019 1688 2046 discere
1703 2027 1754 2045 ro—

971 2064 1019 2096 les,
1032 2069 1115 2091 totam
1132 2066 1194 2091 bene
1209 2064 1314 2090 dicendi
1328 2069 1412 2091 artem
1426 2064 1473 2091 tibi
1486 2065 1604 2092 vendam.

133 2108 275 2143 σπουδῆς,
295 2109 343 2134 καὶ
369 2107 459 2143 χιλίας
482 2108 531 2143 μὲν
547 2128 554 2141 ,
579 2108 613 2140 ἃς
654 2109 865 2144 εἰσεπράττετο,
889 2110 937 2136 οὐκ
974 2110 1046 2146 ἔχειν
1068 2110 1121 2145 ἔφη
1135 2109 1159 2130 4⁸⁸
1176 2110 1339 2145 παρασχεῖν,
1363 2110 1503 2141 διακοσίας
1525 2110 1552 2136 δὲ
1582 2110 1624 2144 ἐφ’
1640 2111 1663 2131 ι’
1679 2108 1700 2144 ᾧ
1725 2112 1755 2137 eo

132 2155 260 2189 πέμπτον
282 2152 365 2188 μέρος
390 2153 520 2188 ἐκμαθεῖν
554 2154 669 2181 δώσειν·
694 2157 762 2191 πρὸς
779 2155 807 2182 δὲ
831 2155 917 2183 ταῦτα
945 2156 990 2183 τὸν
1019 2156 1177 2192 Ἰσοκράτην
1207 2156 1416 2191 ἀποκρίνασθαι,
1431 2155 1468 2187 ὡς
1494 2157 1535 2182 Οὐ
1565 2155 1756 2191 τεμαχίζομεν

132 2200 191 2233 τὴν
204 2198 418 2236 πραγματείαν,
440 2200 510 2227 ἀλλ’
535 2201 560 2226 sl
572 2201 709 2233 βούλοιο.
731 2202 902 2236 ὁλόκληρόν
920 2210 970 2229 σοι
991 2202 1183 2237 ἀποδώσομαι
1203 2203 1226 2218 ⁵ο
1240 2202 1297 2236 τὴν
1311 2201 1431 2236 τέχνην.

174 2250 225 2276 Τὸν
247 2249 297 2285 μὲν
309 2247 356 2276 οὖν
373 2250 438 2286 περὶ
463 2250 513 2283 τῆς
536 2249 696 2280 ἀντιδόσεως
716 2250 763 2277 καὶ
786 2250 833 2276 τὺν
851 2259 918 2278 παν-

1007 2250 1101 2286 Itaque
1118 2251 1268 2278 orationem
1284 2250 1322 2277 De
1329 2250 1508 2283 retributione,
1518 2251 1755 2290 panegyricum.et

134 2294 270 2330 ηγυρικδν
280 2295 328 2321 καί
338 2303 415 2326 τινας
427 2294 481 2321 τῶν
489 2294 728 2329 συμϐουλευτικῶν
743 2296 850 2331 εἴρηταί
871 2305 916 2332 μοι

132 2340 208 2371 ὅπως
227 2348 257 2366 τε
283 2340 331 2367 καὶ
361 2340 406 2366 ὅτε
429 2339 580 2372 συνέταξεν.
605 2340 739 2375 Συνέθηκε
759 2342 848 2376 μέντοι
872 2343 918 2369 τὸν

133 2385 335 2421 πανηγυρικὸν,
351 2386 376 2412 οἱ
398 2385 447 2420 μὲν
465 2385 537 2412 ἔτεσί
551 2395 616 2420 φασι
633 2390 659 2418 ι’,
673 2388 696 2413 οἱ
712 2387 740 2414 δὲ
755 2388 801 2414 ἐπὶ
814 2388 919 2420 τούτοις

131 2431 216 2466 ἕτερα
228 2434 258 2458 ε’.
270 2432 367 2458 Καίτοι
379 2431 401 2448 ³³
417 2432 531 2466 Γοργίου
547 2432 589 2458 τοῦ
606 2433 746 2460 Λεοντίνου
755 2434 802 2460 καὶ
818 2435 917 2461 Λυσίου

132 2477 188 2503 τῶν
205 2478 409 2513 ἐνθυμημάτων
422 2479 470 2504 καὶ
484 2479 707 2514 ἐπιχειρημάτων
723 2480 821 2514 μικροῦ
837 2489 921 2515 μετα-

133 2523 200 2558 σολὴ
220 2523 372 2558 καθέστηκε
389 2523 434 2549 καὶ
449 2523 593 2558 μετάθεσις
610 2525 624 2550 ὁ
644 2526 832 2559 πανηγυρικὸς
854 2526 918 2552 Ἰσο-

133 2569 252 2603 κράτους
272 2569 359 2602 λόγος.
385 2569 528 2604 Διατρῖψαι
549 2569 570 2595 δ’
587 2569 620 2596 ἄν
634 2578 676 2601 τις
690 2570 794 2606 οἰηθείη
813 2571 918 2606 μακρὸν

133 2615 206 2641 οὕτω
231 2615 327 2650 χρόνον
350 2614 398 2642 τοῦ
425 2615 615 2650 πανηγυρικοῦ
632 2616 846 2652 προσεδρεύοντα
872 2617 917 2644 τὸν

134 2662 239 2695 ῥήτορα
250 2662 283 2696 τῇ
297 2660 419 2696 συνθήκῃ
431 2660 474 2688 διὰ
488 2661 517 2687 τὺ
529 2662 578 2696 τῆς
588 2661 688 2694 λέξεως
697 2663 918 2700 κατεσκευασμέ-

133 2714 180 2733 νον
197 2707 244 2734 καὶ
272 2707 410 2743 περιττὸν,
432 2706 479 2733 καὶ
494 2706 539 2734 διὰ
563 2707 611 2743 τὴν
636 2709 676 2740 είς
704 2708 845 2745 ἀκρίϐειαν
864 2709 918 2735 τῶν

971 2289 1040 2324 alias
1049 2297 1076 2323 in
1084 2297 1210 2323 suasorio
1219 2301 1360 2331 genere,ut
1368 2296 1497 2329 diximus,
1507 2297 1637 2331 quasdam
1645 2306 1755 2333 compo-

969 2342 1237 2378 suitzpanegyricum
1248 2343 1323 2369 aiunt
1331 2342 1422 2369 decem
1433 2343 1513 2369 annis
1521 2343 1577 2374 alii,
1585 2343 1756 2379 aliiquinque

969 2387 1048 2416 annis
1055 2388 1221 2419 elaborasse,
1228 2393 1382 2422 quanquam
1390 2395 1404 2413 a
1413 2386 1518 2422 Gorgiae
1526 2388 1661 2420 Leontini,
1669 2395 1694 2416 et
1703 2389 1756 2425 Ly-

969 2435 1015 2461 siae
1023 2434 1231 2470 enthymematis
1247 2439 1273 2460 ct
1285 2433 1492 2468 cpicherematis
1500 2442 1594 2469 parum
1605 2441 1707 2463 mutata
1714 2442 1757 2464 est

971 2480 1058 2507 oratio
1068 2480 1229 2516 panegyrica
1245 2479 1384 2507 Isocratis.
1403 2479 1571 2514 Crcdaljure
1586 2481 1686 2516 aliquis
1699 2487 1755 2510 tam

973 2526 1053 2561 longo
1067 2530 1189 2560 tempore
1201 2527 1354 2553 orationem
1381 2525 1452 2552 hanc
1469 2526 1592 2554 edolassc
1607 2529 1756 2560 Oratorem,

972 2573 1037 2599 dum
1058 2572 1172 2599 inhazret
1187 2571 1396 2606 compositioni,
1413 2576 1531 2606 propter
1546 2578 1672 2601 ornatum
1691 2583 1756 2602 ora-

973 2617 1065 2649 tionis,
1082 2621 1108 2644 et
1124 2616 1328 2650 abundantiam,
1340 2621 1366 2644 et
1378 2621 1488 2652 propter
1508 2618 1629 2646 sedulam
1643 2620 1755 2647 eiectio-

974 2671 1036 2690 nem
1055 2663 1082 2689 in
1100 2663 1201 2695 verbis,
1213 2667 1241 2690 et
1253 2667 1376 2690 mutuam
1396 2663 1514 2697 partium
1530 2665 1754 2698 concinnitatem,

976 2710 1030 2736 imo
1047 2715 1205 2738 accuratam
1222 2710 1371 2738 incisorum
1384 2718 1416 2737 ac
1429 2710 1615 2740 membrorum
1628 2717 1756 2740 constru-

773 2765 889 2793 VARUE
916 2765 1117 2795 LECTIONES.

132 2843 223 2877 γῳδοῦ
314 2843 424 2880 at;me
439 2843 469 2872 Β.
523 2846 545 2861 ⁸⁸
557 2846 585 2872 δὲ
602 2854 633 2872 τε
651 2846 761 2873 Cones.

133 2879 168 2904 Α.
206 2880 228 2896 δ’
258 2881 272 2904 ὲ
292 2882 376 2904 μόνας
392 2881 432 2904 ἐφ’
445 2889 475 2904 ε.
513 2881 536 2897 ⁸⁸
552 2881 727 2904 ἀποδώσομεν
741 2890 761 2904 (-

282 2855 295 2871 ν
314 2854 424 2880 συνεγρ.

172 2807 193 2824 ⁴¹
208 2808 356 2849 ξΕρχιὲως]
377 2809 537 2871 Ἐρεχθιέως
553 2811 582 2838 Β.
618 2811 640 2827 δ’
652 2811 719 2838 Κίου
732 2812 766 2838 Α.
803 2812 826 2828 ⁸⁸
840 2814 1043 2848 Συρρακουσίου
1062 2815 1091 2842 Β.
1127 2815 1149 2830 ’⁸⁸
1166 2814 1212 2846 οὓς
1233 2814 1334 2843 Coraes
1350 2815 1464 2844 lsoerat.
1475 2816 1492 2843 2
1503 2837 1509 2848 ,
1525 2823 1542 2850 p
1565 2814 1613 2850 νβ’.

172 2843 223 2870 ιδου
247 2846 295 2871 μὲν
314 2854 424 2871 συνεγο.
462 2865 469 2871 .
523 2846 545 2861 ⁸⁸
557 2846 585 2871 δὲ
602 2854 633 2871 τε
651 2846 761 2871 Cones.
812 2847 835 2862 ⁸⁷
850 2849 996 2871 νομοθέτης
1017 2850 1046 2871 Α.
1071 2851 1172 2871 Πηναμς
1196 2853 1375 2871 nnrataeninnr
1395 2851 1537 2871 unaunam
1584 2851 1607 2866 ιε

1651 2815 1675 2831 η
1687 2824 1756 2851 ,ερατ

850 2847 996 2887 νομοθέτης
1015 2850 1047 2877 Α.
1071 2851 1172 2878 Coraus
1196 2853 1375 2885 σοφιστεύσας
1395 2847 1547 2886 Ἀθήνῃσιν.
1581 2847 1607 2866 ’⁸⁸
1624 2851 1676 2887 ἔφη
1691 2847 1755 2880 add.

258 2881 272 2907 ὲ
290 2882 376 2915 μόνας
392 2881 432 2914 ἐφ’
445 2889 475 2912 ς.
513 2881 536 2897 ⁸⁸
552 2881 727 2917 ἀποδώσομεν
741 2890 771 2913 ς’,
809 2883 830 2899 ⁵⁸
846 2881 965 2917 καίτοιγε
974 2881 1010 2916 ’ς.
