1945 3073
187 169 240 203 163

762 169 894 201 PHOTII
912 168 1163 200 PATRIARCHIE
1180 169 1234 201 (ΞΡ.

1756 169 1809 203 164

187 226 326 258 ctionem,
356 229 464 253 tantum
491 226 624 262 temporis
652 225 760 263 exigere
785 225 974 254 arbitrabitur.

1032 225 1167 261 δνομάτων
1192 225 1318 262 ἐκλογὴν,
1346 235 1393 254 και
1418 225 1451 261 δὴ
1478 225 1527 255 καὶ
1544 226 1594 262 τῆς
1611 226 1679 263 πρὸς
1706 227 1809 263 ἄλληλα

187 271 305 299 Maxime
320 278 386 299 vero
409 280 501 300 rerum
530 273 651 301 inventio
667 278 695 301 et
729 270 872 308 dispositio
905 273 976 300 hanc

186 317 398 352 occupationem
413 318 540 353 praebuit.
567 319 662 355 Capita
689 319 763 346 enim
788 322 815 346 et
835 318 977 353 epiclxere—

187 367 270 396 mala,
285 363 385 398 quibus
400 364 488 392 oratio
505 364 607 392 directa
628 364 778 399 perﬁcitur,
796 363 819 391 si
837 364 900 399 quis
912 364 975 392 dili-

186 414 281 444 genter
297 413 324 436 et
343 409 466 445 singulas
491 415 581 445 partes
605 410 764 443 attenderit,
781 410 902 438 inveniet
916 418 975 438 eam

186 455 297 482 nonnisi
317 456 399 491 longo
415 459 538 491 tempore
554 455 658 483 absolvi
684 456 816 491 potuisse.
837 455 928 489 Quare
947 460 976 483 et

186 501 289 529 multas
306 501 402 528 multis
411 501 557 537 judiciales
572 502 712 530 orationes
725 502 850 537 praebuit,
865 507 976 537 propter

185 551 295 574 mutuas
311 547 382 574 inter
393 555 423 574 se
433 547 630 580 dissensiones,
648 555 710 575 cum
728 547 776 574 alii
787 546 975 574 exercitationi

185 597 213 620 et
226 600 299 620 cura!
317 593 477 620 orationum
493 594 706 626 incumberent,
724 593 770 620 alii
788 593 879 628 specie
897 598 977 621 tenus

186 639 349 667 recitabant.
367 639 480 667 Licebat
494 644 584 667 autem
595 639 689 668 videre
707 640 776 668 alios
787 640 820 667 ad
831 639 976 675 judiciales

186 692 286 713 causas
299 689 378 720 aptos
391 692 464 718 esse,
480 685 548 713 alios
565 689 657 713 autem
674 685 790 713 dicendo
804 685 848 713 his
862 684 976 712 inferio-

188 739 230 759 res
242 739 312 759 esse.
331 731 566 759 Panathenaich
583 739 655 760 anno
668 736 731 759 ante
747 731 862 764 obitum,
878 731 931 763 vel,
945 735 976 758 ut

188 776 313 804 nonnulli
334 775 437 810 ferunt,
455 781 555 812 quarto
573 777 760 812 conscripsit.
776 777 837 805 illas
858 776 892 805 ad
912 775 976 803 Plii-

189 823 290 858 lippum
302 824 383 858 paulo
396 827 544 858 antequam
556 827 599 851 est
614 828 749 851 mortuus.

1024 269 1128 297 τούτων
1144 270 1292 307 συνθήκης.
1317 271 1397 298 Ἀλλὰ
1412 271 1460 298 καὶ¹
1474 273 1490 307 ἠ
1510 271 1563 299 τῶν
1580 271 1676 300 κώλων
1696 273 1742 299 καὶ
1759 281 1811 300 πεη

1026 315 1121 351 ριόδων
1139 315 1186 342 ἐπὶ
1214 315 1343 342 τοσοῦτον
1360 316 1489 352 ἀκρίϐεια
1512 317 1592 353 ίκανὴ
1618 317 1809 345 καταναλῶσαι

1026 361 1132 396 χρόνον.
1148 361 1274 388 Μάλιστα
1288 360 1317 387 δὲ
1330 361 1404 397 αὐτῷ
1418 363 1434 397 ἡ
1448 362 1503 389 τῶν
1516 363 1688 397 πραγμάτων
1700 363 1810 398 εὕρεσις

1026 406 1074 432 καὶ
1088 405 1223 441 διοίκησις
1243 406 1266 422 ⁵¹
1279 406 1330 442 τὴν
1348 407 1483 443 τοσαύτην
1497 408 1626 442 ἀσχολίαν
1649 408 1809 444 ἐνεποίησε·

1027 451 1062 478 τὰ
1081 452 1136 487 γὰρ
1148 452 1283 487 κεφάλαια
1300 453 1347 479 καὶ
1363 452 1397 480 τὰ
1415 453 1627 489 ἐπιχειρήματα,
1645 452 1687 486 οἷς
1700 456 1714 481 ὁ
1728 454 1808 489 λόγος

1025 498 1255 534 οἱκονομούμενος
1280 499 1477 535 ἀπαρτίζεται,
1494 501 1520 527 ετ
1539 509 1581 532 τις
1602 501 1740 536 ἱπιμελῶς
1764 502 1811 529 καὶ

1027 545 1092 580 [794
1111 544 1157 582 Η.]
1171 545 1233 573 καθ’
1254 545 1369 572 ἕκαστον
1398 547 1480 582 μέρος
1498 547 1684 582 ὲπισκέψοιτο,
1700 548 1810 584 εὑρήσει

1027 591 1238 627 συντελεσθῆναι
1253 592 1352 619 πολλοῦ
1363 592 1479 628 δεόμενα
1496 594 1605 628 χρόνου.
1622 594 1668 620 Διὸ
1683 594 1731 620 καὶ
1747 594 1812 621 πολ-

1026 636 1083 669 λοῖς
1100 637 1201 669 πολλὰς
1216 638 1239 654 ⁸³
1256 638 1378 674 παρέσχε
1392 638 1446 664 τῶν
1460 638 1592 674 κριτικῶν
1607 638 1748 675 διατριϐὰς
1762 639 1812 674 μὲν

1027 683 1091 710 καθ’
1104 683 1229 716 ἑαυτοὺς,
1250 683 1400 718 διαφωνίας
1409 684 1438 711 δὲ
1452 684 1519 720 πρὸς
1530 684 1672 719 ἀλλήλους,
1687 685 1743 711 τῶν
1763 685 1812 720 μὲν

1027 728 1259 765 ὲμϐαθυνομένων
1276 731 1310 765 τῇ
1332 729 1432 766 μελέτῃ
1444 730 1490 757 καὶ
1502 729 1703 765 διασκέψειτοῠ
1718 729 1810 764 λόγου,

1026 774 1082 802 τῶν
1095 775 1124 801 δὲ
1141 775 1213 802 κατὰ
1229 775 1260 802 τὸ
1273 775 1432 802 ἐπιπόλαιον
1449 775 1499 811 τὴν
1513 775 1667 810 ἀνάγνωσιν
1682 775 1812 811 ποιουμέ-

1028 830 1081 849 νων
1093 830 1101 838 ’
1126 821 1184 849 ἐστι
1209 823 1232 849 δ’
1245 823 1332 849 εἰπεῖν
1354 824 1402 850 καὶ
1415 823 1484 850 διότι
1494 824 1552 856 τοῖς
1567 823 1616 859 μὲν
1628 822 1715 849 ἔνεστι
1732 822 1813 858 φύσις

190 869 220 897 εὖ
242 870 341 905 ἔχουσα
356 870 425 905 πρὸς
439 870 489 902 τὰς
503 870 618 905 κρίσεις,
637 869 702 901 τοὺς
713 869 742 896 δὲ
769 869 784 895 ό
814 868 1010 904 ἐλαττούμενος
1030 867 1208 903 ἐπιγινώσκει
1225 869 1314 903 λόγος.
1331 869 1383 895 Τδν
1396 869 1425 896 δὲ
1435 869 1581 905 λεγόμενον
1606 868 1814 904 Παναθηναϊκὸν

190 916 243 952 πρὸ
261 916 384 943 ἐνιαυτοῦ
411 916 462 952 τῆς
487 916 618 950 τελευτῆς
645 915 727 943 αὑτοῦ
745 915 874 951 ἔγραψεν,
889 915 920 951 ἢ,
942 915 981 947 ὥς
995 915 1068 947 τινές
1100 923 1177 950 φασι,
1192 914 1246 950 πρὸ
1260 915 1417 951 τεσσάρων
1435 915 1484 943 καὶ
1516 916 1580 948 τοὺς
1596 914 1667 950 πρὸς
1681 914 1813 942 Φίλιππον

191 963 220 990 δὲ
240 963 322 999 ὀλίγῳ
343 963 477 1000 πρότερον
490 963 538 991 τοῦ
556 964 684 992 θανάτου.

224 1009 311 1043 Vixit,
323 1015 353 1038 ut
362 1011 503 1038 nonnullis
514 1011 612 1046 placet,
623 1019 710 1039 annos
721 1014 830 1039 centum
840 1020 847 1038 ι
857 1016 888 1039 ut
903 1011 976 1044 aliis,
991 1017 1014 1045 Β

189 1061 251 1085 octo
265 1061 293 1084 et
307 1057 468 1092 nonaginta.
486 1057 610 1085 Mortuus
626 1062 718 1084 autem
733 1061 775 1085 est
794 1057 893 1093 “7b
905 1065 975 1084 nun-

190 1103 258 1131 tiata
273 1103 312 1130 illi
330 1103 407 1130 clade
423 1103 613 1135 Climronensi,
631 1110 692 1131 cum
711 1103 895 1138 quadriduum
914 1103 976 1130 cibo

190 1149 380 1182 abstinuisset,
392 1153 422 1176 ut
431 1148 478 1183 qui
492 1149 576 1176 nollet
587 1148 642 1184 jam
657 1153 755 1183 quarto
771 1147 903 1176 Graeciam
918 1155 976 1176 ser-

196 1195 283 1222 vitute
295 1202 454 1229 oppressam
465 1195 567 1222 videre.
598 1194 671 1222 Satis
699 1194 799 1222 uberes
811 1201 977 1230 magnasque

191 1239 302 1267 divitias
323 1239 421 1272 tenuit,
438 1247 493 1267 non
516 1240 605 1267 solum
619 1239 692 1274 quod
721 1247 735 1266 a
753 1239 935 1267 familiaribus
950 1243 978 1267 et

193 1286 260 1321 ipsis
276 1285 348 1313 notis
363 1285 483 1321 exigeret
496 1285 651 1320 pecuniam,
668 1292 763 1312 verum
777 1285 857 1312 etiam
872 1285 943 1320 quod
962 1293 979 1313 a

194 1331 302 1359 Nieoclc
316 1339 378 1367 rege
393 1331 497 1367 Cypri,
525 1331 573 1367 qui
599 1332 656 1367 ipse
671 1337 731 1359 erat
746 1331 876 1367 Evagorae
894 1331 977 1364 illius,

195 1378 289 1413 viginti
299 1377 400 1404 talenta
412 1385 460 1413 pro
473 1378 574 1413 scripta
589 1378 622 1405 ad
638 1378 715 1406 illum
728 1377 852 1406 oratione
867 1377 977 1412 recepit.

195 1423 261 1457 Quae
275 1430 320 1451 res
333 1430 395 1451 cum
416 1423 456 1450 illi
472 1431 598 1459 magnam
614 1423 745 1451 conﬂaret
760 1423 890 1451 invidiam
902 1442 910 1456 ,
939 1426 980 1450 ter

194 1471 228 1497 ad
246 1469 453 1497 trierarchicum
472 1477 574 1496 munus
587 1469 755 1505 designatus,
767 1469 925 1504 bisquidem
933 1467 980 1495 lilii

194 1522 288 1551 opera,
316 1515 513 1543 imbecillitatis
538 1516 716 1544 excusatione
737 1515 899 1550 deprecatus
916 1519 979 1542 est:

194 1561 275 1590 tertio
307 1568 373 1589 vero
404 1569 467 1590 cum
501 1562 670 1596 suscepisset
721 1560 892 1596 consumpsit
924 1566 980 1588 non

230 1614 291 1634 uea.

230 1615 291 1634 uca.

194 1615 264 1681 paEt
278 1661 340 1681 cum
352 1653 579 1688 interrogaretur,
589 1659 637 1681 cur
646 1652 714 1687 ipse,
726 1651 770 1687 qui
781 1651 892 1680 doceret
899 1651 980 1684 alios,

1068 1008 1151 1035 Ἑϐίω
1162 1007 1203 1040 δὲ,
1220 1007 1258 1040 ὡς
1273 1008 1323 1043 μέν
1333 1008 1406 1040 τινές
1423 1015 1515 1042 φασιν,
1528 1007 1576 1042 ἔτη
1589 1010 1621 1042 ρ’,
1633 1007 1671 1039 ὡς
1682 1007 1702 1034 δ’
1713 1007 1812 1043 ἕτεροι,

1028 1055 1103 1082 δυοῖν
1118 1054 1142 1071 ⁸⁸
1155 1054 1269 1081 δεόντων
1286 1054 1376 1090 μόνον.
1399 1053 1573 1089 Ἐτελεύτησε
1588 1053 1616 1080 δὲ
1625 1053 1813 1087 ἀπαγγελθέν-

1029 1109 1076 1133 τος
1100 1099 1177 1135 αὺτῷ
1195 1099 1241 1126 τοῦ
1256 1099 1322 1135 περὶ
1345 1099 1516 1134 Χαιρώνειαν
1537 1097 1651 1130 πάθους,
1671 1098 1813 1133 ἐξαγαγων

1029 1147 1126 1174 ἑαυτὸν
1142 1146 1189 1173 τοῦ
1212 1146 1269 1181 βίου
1284 1146 1410 1181 τέτρασιν
1429 1145 1452 1161 ⁸⁸
1471 1144 1589 1180 ἡμέραις
1606 1145 1749 1180 ἀσιτήσας,
1764 1145 1813 1172 ἇτι

1029 1193 1061 1228 δὴ
1083 1192 1121 1228 μὴ
1135 1192 1285 1224 ὑπομείνας
1298 1191 1361 1217 ἰδεῖν
1375 1190 1505 1226 τετράκις
1524 1190 1548 1206 ⁸⁸
1564 1189 1748 1226 δουλουμένην
1763 1191 1813 1227 τὴν

1034 1238 1157 1265 Ἐλλάδα.
1184 1237 1328 1272 Εὑπόρησε
1339 1236 1369 1263 δὲ
1392 1236 1525 1272 ἀργύριον
1562 1236 1664 1270 ἱκανὸν,
1692 1237 1724 1263 οὑ
1750 1238 1814 1270 τοὺς

1028 1283 1184 1318 γνωρίμους
1199 1282 1372 1318 εἰσπράττων
1387 1282 1476 1318 μόνον,
1494 1282 1563 1309 ἀλλὰ
1580 1282 1627 1309 καὶ
1640 1282 1716 1318 παρὰ
1730 1282 1814 1310 Νικο-

1029 1329 1134 1362 κλέους,
1160 1327 1189 1360 ὃς
1205 1327 1345 1355 ἐϐασίλευε
1360 1328 1414 1354 τῶν
1427 1328 1450 1346 ⁵⁷
1472 1328 1606 1365 Κυπρίων
1619 1329 1769 1364 (Εὐαγόρου
1784 1328 1814 1355 δὲ

1028 1373 1063 1411 ἦν
1077 1371 1156 1406 οὗτος
1182 1374 1239 1406 υἱὸς
1250 1374 1274 1391 ⁸⁸
1285 1375 1306 1409 ),
1323 1374 1394 1410 ὑπὲρ
1406 1374 1453 1401 τοῦ
1470 1374 1539 1410 πρὸς
1563 1374 1645 1402 αὑτὸν
1661 1375 1815 1410 γραφέντος

1030 1420 1266 1456 συμϐουλευτικοῦ
1283 1420 1364 1454 λόγου
1376 1420 1496 1447 τάλαντα
1508 1419 1599 1447 λαϐὼν
1619 1420 1734 1448 εἴκοσιν.
1755 1419 1816 1453 Ἐφ’

1030 1462 1071 1497 οἷς
1093 1464 1190 1500 φθόνον
1214 1464 1367 1499 ὲφελκύσας
1390 1466 1571 1501 τριηραρχεῖν
1589 1465 1818 1501 προεϐλήθη,καὶ

1029 1511 1071 1544 δὶς
1088 1511 1138 1547 μιν
1156 1511 1298 1539 ἀσθένειαν
1318 1511 1494 1547 σκηψάμενος
1510 1511 1555 1538 διὰ
1572 1512 1620 1539 τοῦ
1635 1511 1728 1544 παιδὸς
1744 1520 1817 1548 παρ-

1030 1558 1169 1594 ῃτήσατο.
1187 1557 1217 1584 τὺ
1242 1556 1271 1584 δὲ
1285 1557 1377 1592 τρίτον
1404 1558 1523 1590 ἀναστὰς
1547 1558 1570 1574 δ’
1592 1557 1731 1593 ἀνήλωσεν
1758 1557 1813 1585 οὐκ

1031 1603 1119 1638 όλίγα.

1067 1646 1152 1681 Οὗτος
1164 1656 1233 1685 προς
1248 1649 1294 1676 τὸν
1306 1649 1508 1684 πυνθανόμενον
1521 1649 1543 1666 ⁸ο
1556 1649 1601 1675 διὰ
1610 1648 1637 1676 τί
1653 1649 1690 1684 μὴ
1704 1647 1819 1680 δυνατὸς

195 1699 248 1728 sibi
262 1699 387 1726 docendo
397 1706 452 1726 non
471 1702 545 1726 esset
559 1697 626 1726 satis
636 1717 645 1732 ,
663 1697 804 1732 respondit
824 1697 862 1731 (9)
877 1697 979 1725 colicu-

1033 1694 1071 1721 ὣν
1095 1694 1265 1730 δημηγορεῖν
1281 1693 1378 1725 ἄλλους
1394 1695 1466 1720 ποιεῖ
1489 1693 1673 1730 δημηγόρους,
1695 1693 1737 1720 ὃτι
1767 1692 1818 1720 καὶ

196 1745 237 1773 las
248 1745 358 1780 quidem
380 1745 454 1780 ipsas
469 1751 563 1772 secare
577 1751 631 1771 non
645 1751 734 1778 posse,
744 1750 791 1770 eas
801 1747 891 1771 tamen
907 1743 981 1772 l'erro

197 1789 309 1818 secandi
325 1789 378 1816 vim
394 1796 427 1817 ac
438 1788 593 1816 facultatem
608 1789 684 1816 dare.
700 1788 768 1816 Cum
781 1793 860 1822 pater
870 1788 980 1823 quidam

197 1836 301 1863 diceret
322 1842 351 1862 se
369 1834 458 1862 solum
473 1841 584 1861 servum
608 1842 669 1863 cum
684 1834 740 1861 ﬁlio
761 1835 869 1863 misisse
885 1843 891 1862 :
909 1834 980 1870 Ergo

196 1880 315 1911 discede,
344 1880 432 1914 inquit
451 1889 458 1908 :
479 1888 541 1907 nam
560 1887 608 1914 pro
631 1887 683 1907 una
705 1879 770 1907 duos
791 1880 930 1908 habiturus
953 1888 980 1908 es

197 1933 297 1953 servos.
312 1925 433 1952 Socratis
443 1929 560 1952 mortem
575 1925 754 1953 immoderate
762 1924 833 1953 ferre
845 1925 919 1953 visus
928 1930 979 1958 est,

197 1976 227 1999 ut
257 1975 360 1998 atratus
378 1971 436 2006 ipse
453 1971 577 2005 sequenti
593 1970 637 1998 die
650 1971 677 1998 in
694 1971 832 2006 publicum
849 1971 978 2006 prodiret.

197 2016 243 2045 Bis
265 2021 321 2044 tota
347 2016 401 2044 vita
428 2016 455 2043 in
478 2020 617 2044 certamen
642 2021 685 2043 est
702 2021 815 2044 vocatus
834 2025 840 2044 :
861 2016 980 2051 primum

197 2063 307 2100 quidem
321 2083 329 2096 ,
355 2071 418 2092 cum
441 2063 475 2090 ad
495 2063 704 2091 retributionem
720 2063 795 2090 illum
820 2063 980 2098 Megaclides

198 2110 380 2143 convocavit,
410 2109 453 2137 cui
474 2109 648 2144 respondenti
681 2108 839 2136 facultatem
867 2109 981 2136 morbus

198 2156 340 2192 praecidit,
365 2155 413 2183 sed
436 2155 520 2183 misso
535 2154 593 2182 lilio
605 2155 729 2190 Aphareo
743 2155 868 2189 superior
889 2155 981 2182 fuitin

203 2208 289 2228 causa
308 2209 315 2227 :
330 2199 449 2227 secundo
464 2207 541 2230 vero.
555 2207 617 2227 eum
633 2200 666 2227 ad
677 2199 885 2227 retributionem
902 2200 981 2227 trire-

199 2247 284 2274 mium
307 2254 390 2274 causa
406 2250 534 2281 suscepta
549 2250 591 2274 est
605 2253 621 2273 a
639 2245 801 2281 Lysimacho
816 2251 929 2275 vocatus
943 2254 951 2274 ε
965 2254 981 2274 a

198 2299 254 2328 quo
267 2299 329 2320 cum
344 2292 432 2320 victus
444 2296 537 2326 esset,
559 2292 728 2320 trierarchis:
736 2299 806 2320 Onus
816 2292 910 2320 subiit.

1034 1741 1063 1767 αἰ
1080 1740 1187 1773 ἀκόναι,
1205 1739 1269 1775 ἔφη,
1288 1739 1370 1767 αὑταὶ
1396 1740 1417 1756 ⁸·
1445 1740 1493 1774 μὲν
1506 1739 1614 1774 τέμνειν
1628 1739 1658 1765 οὺ
1679 1737 1818 1770 δύνανται,

1032 1787 1078 1814 τὸν
1106 1787 1135 1814 δὲ
1162 1787 1272 1822 σίδηρον
1295 1786 1427 1822 τμητικὺν
1456 1786 1574 1813 ποιοῦσι.
1604 1785 1684 1821 [M57
1699 1783 1745 1820 IL]
1761 1783 1819 1811 Καὶ

1033 1833 1102 1869 πρὸς
1116 1833 1162 1860 τδν
1178 1833 1287 1860 εἰπόντα
1299 1833 1328 1858 δὲ
1341 1832 1447 1867 πατέρα
1464 1832 1502 1864 ὡς
1519 1832 1595 1858 οὐδὲν
1610 1830 1703 1866 ἀλλοῆ
1718 1830 1820 1865 ἀνδρα.

1033 1879 1113 1905 ποδον
1126 1878 1281 1913 συνέπεμψε
1293 1877 1333 1912 τῷ
1343 1877 1435 1912 οἰκείῳ
1447 1877 1533 1910 παιδὶ,
1551 1875 1711 1911 Tomaer
1723 1874 1818 1909 ἄπιθι,

1034 1924 1088 1959 ἔφη
1099 1931 1106 1939 '
1124 1923 1180 1951 δύο
1190 1926 1244 1959 γὰρ
1258 1924 1323 1951 ἀνθ’
1334 1923 1403 1956 ἐνὸς
1415 1922 1495 1956 ἔξεις
1506 1921 1688 1956 ἀνδράποδα.
1710 1921 1773 1947 Ἐπὶ
1788 1921 1818 1948 δὲ

1033 1971 1073 2006 τῷ
1090 1970 1255 2006 Σωκράτους
1274 1969 1380 2006 θανάτῳ
1399 1969 1460 1996 λίαν
1475 1969 1607 2004 ἐλυπήθη,
1631 1968 1678 1995 καὶ
1695 1967 1805 2002 μελανει

1035 2017 1125 2052 μονῶν
1138 2016 1259 2052 προῆλθε
1285 2018 1319 2052 τῇ
1335 2016 1475 2052 ὑστεραίᾳ.
1502 2016 1553 2042 Δύο
1565 2015 1593 2041 δὲ
1615 2015 1643 2041 ὲν
1663 2013 1761 2040 ἆπαντι
1778 2012 1818 2048 τῷ

1035 2062 1085 2097 βίῳ
1097 2062 1263 2097 συνέστησαν
1274 2061 1350 2096 αὐτῷ
1361 2061 1475 2095 ἀγῶνες,
1483 2060 1614 2095 πρότερος
1628 2059 1678 2094 μὲν
1692 2059 1732 2089 εις
1742 2058 1819 2085 ἀντί-

1033 2107 1107 2134 δοσιν
1123 2107 1364 2143 προκαλεσαμένου
1388 2106 1467 2133 αὺτδν
1484 2104 1678 2139 Μεγακλείδου,
1704 2102 1773 2138 πρὸς
1787 2103 1818 2130 ὃν

1036 2154 1088 2181 οὐκ
1101 2154 1244 2189 ἀπήντησε
1252 2153 1296 2180 διὰ
1309 2154 1447 2186 νόσον,τὺν
1462 2153 1491 2180 δὲ
1500 2152 1576 2179 θετὸν
1591 2152 1650 2178 υἱὸν
1661 2151 1719 2178 ἀνθ’
1732 2150 1817 2178 αὐτοῦ

1036 2199 1258 2236 προϐαλλόμενος
1287 2199 1309 2216 ⁶¹
1344 2199 1465 2235 Ἀφαρέα
1494 2198 1620 2234 ἐνίκησε·
1648 2197 1772 2232 δεύτερος
1788 2196 1818 2223 δὲ

1039 2245 1199 2280 Λυσιμάχου
1215 2244 1454 2280 προκαλεσαμένου
1466 2243 1548 2270 αὑτὸν
1561 2242 1625 2278 περὶ
1638 2240 1819 2277 τριηραρχίας

1055 2291 1079 2322 ις
1107 2289 1253 2323 ἀντίδοσιν,
1274 2290 1302 2316 ὲν
1365 2289 1412 2317 καὶ
1429 2288 1556 2325 ἡττηθεὶς
1569 2287 1619 2324 τὴν
1637 2285 1820 2323 τριηραρχίαν

1037 2336 1151 2372 ὑπέστη.

233 2379 396 2413 Puritatem,
415 2379 650 2414 perspicuitatem,
675 2383 702 2407 et
712 2386 807 2407 curam
826 2379 979 2407 orationum

1074 2367 1179 2412 Τῶν-δὲ
1202 2385 1288 2420 λόγων
1311 2383 1393 2412 αὐτοῦ
1407 2383 1438 2411 τὸ
1462 2382 1583 2417 ιὺκρινὲς
1602 2379 1650 2408 καὶ
1666 2379 1752 2414 σαφὲς
1771 2376 1820 2405 καὶ

201 2424 263 2460 ejus
276 2432 373 2452 omnes
385 2429 497 2456 norunt.
518 2429 545 2452 et
560 2425 623 2452 illas
640 2432 695 2451 non
717 2429 885 2453 venustatem
902 2425 984 2453 modo

204 2471 336 2504 innatam,
350 2471 398 2498 sed
413 2478 473 2505 quae
486 2469 568 2497 etiam
582 2470 610 2497 in
629 2469 723 2497 incisis
736 2474 867 2505 versetur,
883 2472 984 2500 conde-

202 2515 475 2551 corare.Quanquam
489 2514 585 2550 ﬁguris
597 2522 651 2542 non
662 2515 822 2548 abundaret,
838 2524 888 2544 nec
900 2517 981 2545 etiam

819 2572 938 2602 VARl/E

1040 2430 1260 2466 μεμελετημένον
1284 2431 1352 2457 πᾶσι
1371 2430 1461 2465 δῆλον,
1483 2430 1530 2455 καὶ
1541 2427 1579 2460 ὡς
1601 2427 1715 2454 ἐπανθεῖ
1727 2424 1820 2454 αὐτοῖς

1037 2476 1067 2502 οὺ
1086 2477 1167 2511 μόνον
1180 2476 1312 2512 ἔμφυτον,
1328 2476 1396 2503 ἀλλὰ
1410 2476 1457 2503 καὶ
1474 2474 1647 2510 κομμωτικὸν
1658 2472 1764 2502 κάλλος.
1780 2469 1819 2496 Οὐ

1042 2521 1135 2556 μέντοι
1157 2529 1190 2556 γε
1209 2521 1392 2558 πολυσχήμων
1412 2522 1427 2548 ὸ
1445 2520 1525 2556 ἀνὴρ,
1552 2520 1613 2546 οὐδὲ
1633 2518 1693 2550 ταῖς
1707 2515 1777 2544 κατὰ
1787 2514 1820 2541 τδ

972 2575 1175 2605 LECTIONES.

234 2621 258 2637 "
269 2621 349 2662 διοίκ.
363 2621 410 2647 καὶ
431 2620 482 2661 τήν
495 2629 526 2652 ς.
547 2619 572 2636 ⁸³
587 2619 688 2651 πολλὰς
702 2620 807 2665 πολλοῖς
819 2629 849 2653 ς.
886 2622 910 2638 ⁸⁸
927 2622 998 2650 δυεῖν
1012 2624 1041 2652 Β.
1066 2625 1088 2641 ⁵⁸
1105 2625 1250 2660 τέσσαρσιν
1266 2624 1296 2653 Β.
1333 2625 1356 2642 ⁸⁸
1368 2625 1511 2689 τετράκιςὲ
1522 2622 1683 2676 γεγηρακὼς
1693 2621 1820 2657 Wytten-

236 2657 324 2684 chius.
370 2656 464 2689 ’ἴτων
477 2656 516 2682 Αἰ
536 2655 585 2689 τήν
605 2663 635 2686 ςυ
673 2656 695 2672 ⁸⁸
708 2664 785 2687 ουτος
800 2657 814 2682 ὁ
827 2657 883 2687 υἱὸς
898 2666 929 2689 ς-
977 2659 1000 2674 ⁸⁹
1014 2659 1144 2689 ἀναστὰς]
1159 2661 1277 2689 ὑποστάς
1293 2660 1406 2689 Coraes.
1425 2661 1461 2689 cf.
1476 2661 1494 2688 2
1514 2681 1522 2689 .
1569 2661 1579 2676 ⁸
1606 2656 1820 2689 διαπυνθανόμε-

200 2657 324 2684 bachius.

199 2700 244 2718 νον
261 2700 292 2724 ς.
339 2691 359 2706 ⁶¹
375 2687 453 2718 αὗται
468 2698 498 2722 ς.
537 2687 666 2718 ¹¹ἰιιλίίῐη
689 2691 898 2727 προϐαλόμενος.

370 2653 465 2696 "fani
477 2656 516 2682 A:
536 2655 585 2696 τῄν
605 2663 636 2696 ςτ
673 2656 695 2672 ⁸⁸
708 2653 785 2696 οὗῖος
798 2657 814 2696 ό
827 2657 883 2687 υἱὸς
898 2666 929 2689 ς.
977 2659 1000 2674 ⁸⁹
1014 2659 1144 2696 ἀναστὰς]
1159 2653 1277 2694 ὑποστάς
1293 2660 1406 2690 Coraes.
1416 2653 1461 2690 'cf.
1476 2653 1494 2688 ξ

1606 2656 1821 2690 διαπυνθανόμε-

939 2751 1055 2781 NOTAE.

236 2812 276 2848 (9)
291 2811 420 2840 Horatius
435 2811 566 2847 expressit
581 2811 608 2839 in
625 2810 688 2839 Arte
699 2815 773 2846 poet.

943 2844 1049 2882 Fungar
1061 2847 1114 2874 vice
1128 2847 1204 2879 catis,
1221 2853 1328 2874 acutum

642 2881 756 2909 Reddere
773 2889 831 2916 qua:
845 2881 944 2917 ferrum
960 2881 1038 2916 valet,
1055 2891 1145 2911 exsors
1164 2883 1222 2917 ipsa
1237 2883 1352 2910 secandi.
