1945 3073
175 164 224 196 167

748 151 882 193 PHo'm
897 160 1148 191 PATRIARCH/E
1166 160 1221 191 cr.

1747 156 1798 191 168

172 224 243 256 quas
267 219 294 246 in
316 218 453 255 republica
466 217 605 254 gessisset,
620 224 747 253 magnam
761 218 876 253 gloriam
888 220 962 245 esset

1022 217 1130 245 ἐπέθετο
1147 216 1316 252 ναυκληρίαν
1332 215 1366 247 ⁷⁸,
1392 216 1440 243 καὶ
1452 215 1509 248 τοῖς
1521 223 1552 243 τι
1573 215 1706 251 Κυπρίων
1722 215 1799 250 βασι⁴

172 270 349 298 consecutus,
369 265 479 292 navium
500 268 527 292 et
542 265 600 299 ipse
624 265 803 298 gubernator,
828 269 854 291 et
870 263 959 290 admi-

172 313 303 340 nisuator
328 310 416 338 factas
437 315 489 343 est,
509 317 541 338 ac
560 310 640 346 Cypri
669 310 790 344 regibus,
809 309 960 344 multisque

173 359 234 386 aliis
250 357 402 385 illustribus
417 356 536 391 hospitio
549 356 599 384 fuit
614 357 789 389 coniunctus,
803 364 866 384 cum
894 356 959 387 Ari-

173 403 252 431 suidis
268 402 362 435 filiam,
378 409 461 428 unam
473 409 505 428 ex
522 402 629 429 civibus
652 401 844 429 consobrinam
866 409 956 433 suam,

173 450 244 476 clam
259 449 422 476 domesticis
437 452 464 475 et
478 447 658 475 familiaribus
673 448 777 480 eduxit,
792 452 819 475 'et
828 448 862 476 ad
879 449 962 484 Cypri

173 498 264 529 regem
278 494 352 521 dono
369 493 452 520 misit.
470 492 556 527 Cujus
572 492 612 520 rei
626 500 707 520 causa
726 501 788 520 cum
810 494 915 521 videret
930 501 961 521 se

173 539 201 566 in
215 539 261 573 jus
277 546 339 565 mox
358 543 484 566 vocatum
500 538 544 571 iri,
560 546 656 565 rursus
672 539 745 565 illam
761 546 778 565 e
790 538 889 574 ᾅδει)
907 538 961 574 Cy-

173 592 225 620 pro
238 589 281 612 est
297 584 414 616 furatus,
430 591 549 619 eumque
562 584 763 619 deprehensum
785 592 834 612 rex
851 585 878 612 in
899 587 962 612 vin-

173 631 233 659 cula
250 631 372 666 conjicit.
396 629 465 658 Cum
482 638 547 658 vero
570 631 730 666 aufugisset.
745 631 816 658 venit
841 631 869 658 in
885 631 957 659 civi-

173 682 257 704 tatem
275 684 330 711 quo
344 681 467 711 tempore
479 677 671 712 quadringenti
689 676 741 704 viri
765 677 962 711 rempublicam

175 721 424 749 administrabant:
442 729 458 749 a
478 722 579 756 quibus
596 730 659 750 cum
678 727 752 750 esset
773 722 894 755 vinctus,
911 730 962 749 au-

174 767 254 803 fugit,
271 775 304 795 ac
326 775 421 795 rursus
432 775 529 795 eVerso
545 768 592 795 illo
611 775 760 803 paucorum
778 768 920 796 dominatu
935 768 963 795 in

173 814 301 842 exsilium
318 814 413 849 pulsus
437 818 489 842 est.
513 813 570 842 Hoc
593 815 682 842 exsilii
706 817 829 850 tempore
858 815 964 842 Elidem

175 860 301 893 incoluit,
318 865 346 888 et
360 867 423 888 cum
436 859 601 896 Thrasybuli
615 861 763 889 familiares
777 861 803 888 in
824 861 964 888 civitatem

175 906 309 938 redirent,
335 907 394 941 ipse
414 914 527 941 quoque
544 911 586 933 est
611 914 751 934 reversus.
775 905 875 933 Missus
900 914 966 934 vero

176 959 228 987 pro
243 959 311 987 pace
327 951 360 978 ad
374 949 598 979 Lacedaamonios
612 959 674 980 cum
690 952 813 986 improbe
829 951 966 978 videretur

176 998 205 1025 in
218 998 270 1024 hoc
285 997 378 1024 studio
394 1001 530 1029 versatus,
545 997 623 1032 fugit.
640 996 725 1024 Porro
736 996 771 1023 ab
786 996 832 1023 illo
842 996 966 1023 denomi-

176 1049 258 1072 natur
265 1044 346 1072 etiam
354 1043 481 1072 Mercurii
493 1049 593 1072 statua.
601 1043 639 1071 Ea
646 1043 850 1078 enimquamvis
867 1050 881 1069 a
893 1042 965 1069 tribu

175 1090 288 1125 (Egeide
301 1091 390 1125 posita
405 1098 437 1118 ae
453 1090 580 1118 dedicata
601 1091 647 1122 sit,
672 1090 706 1117 ab
722 1089 862 1117 Andocide
875 1093 965 1116 tamen

177 1144 278 1163 nomen
297 1136 386 1169 habet,
398 1136 471 1171 quod
486 1136 532 1164 ille
550 1140 648 1164 statuae
662 1136 786 1171 proxime
803 1135 948 1162 habitaret.

511 1225 637 1255 CCLXII.

441 1272 530 1309 Lysia:
544 1273 689 1300 orationes.

214 1320 279 1356 Legi
295 1319 386 1348 varias
408 1319 499 1356 Lysia:
517 1320 667 1352 orationes,
684 1327 746 1355 quae
761 1319 890 1347 dicuntur
906 1326 967 1347 esse

178 1373 295 1393 numero
311 1369 437 1392 trecentae
453 1369 480 1392 et
499 1365 594 1400 viginti
610 1364 742 1399 quinque,
762 1370 885 1399 quarum
901 1363 969 1398 legi-

180 1411 256 1438 tima:
286 1415 352 1438 sunt
375 1410 497 1438 ducenta:
528 1415 555 1438 et
580 1410 692 1446 triginta
720 1415 787 1437 tres.
817 1409 846 1436 in
868 1409 970 1444 quibus

179 1457 233 1488 bis,
265 1461 369 1483 tantum
400 1456 514 1484 dicendo
536 1456 626 1484 victus
643 1455 753 1489 dicitur,
782 1463 843 1483 cum
876 1460 967 1482 tamen

182 1502 282 1536 sapius
298 1509 361 1528 eum
384 1501 550 1528 adversariis
563 1501 745 1528 contenderit.
763 1500 811 1528 Est
825 1499 852 1527 in
867 1500 969 1527 oratio-

181 1547 262 1573 nibus
275 1546 334 1573 suis
356 1545 546 1586 brevissimus,
574 1550 602 1573 et
621 1545 655 1573 ad
664 1545 884 1581 persuadendum
909 1552 970 1581 per-

1010 265 1088 292 λεῦσι
1110 264 1184 298 ξένος
1210 264 1319 298 ἐγένετο
1342 263 1389 290 καὶ
1414 262 1522 294 πολλοῖς
1549 263 1640 294 ἄλλοις
1665 262 1797 298 δοκίμοις,

1010 311 1092 349 ήνίκα
1121 311 1170 338 καὶ
1195 310 1334 345 θυγατέρα
1364 310 1414 344 μὲν
1439 308 1607 344 Ἀριστείδου
1630 308 1743 343 ἀνεψιὰν
1770 309 1799 335 δὲ

1013 358 1097 386 αὑτοῦ
1116 357 1170 384 τῶν
1197 357 1305 384 οἰκείων
1330 355 1506 390 ὑπεκκλέψας
1525 355 1611 390 δῶρον
1629 355 1736 390 ἔπεμψε
1757 355 1800 391 τῷ

1011 406 1143 442 Κυπρίων
1162 404 1276 440 βασιλεῖ.
1302 403 1414 431 Μέλλων
1435 403 1463 430 δὲ
1484 403 1524 435 εἰς
1550 402 1726 442 δικαστήριον
1753 402 1801 429 ἐπὶ

1011 455 1044 489 τῇ
1060 440 1217 488 κακουργίᾳ
1232 450 1405 485 εἰσάγεσθαι,
1421 449 1501 477 πάλιν
1513 448 1597 485 αὐτὴν
1612 449 1665 475 ἀπὺ
1684 440 1799 483 Κύπρου

1012 498 1134 530 κλέπτει,
1154 497 1202 524 καὶ
1224 497 1304 528 ἁλοὺς
1334 496 1386 522 ῠπδ
1422 495 1469 522 τοῦ
1504 494 1637 530 Κυπρίων
1670 494 1802 529 βασιλέως

1013 545 1125 580 δεσμοῖς
1139 543 1290 579 παρεδόθη.
1308 541 1445 569 Κάκεῖθεν
1461 540 1490 567 δὲ
1512 540 1623 575 διαδρὰς
1643 540 1801 575 ἐπεδήμησε

1012 593 1046 626 τῇ
1065 591 1143 618 πόλει
1159 589 1223 617 κατ’
1235 589 1324 615 ἐκεῖνο
1339 587 1449 623 καιροῦ,
1469 587 1553 622 ἡνίκα
1565 587 1621 617 τοῖς
1636 589 1659 612 u’
1680 585 1714 612 τὰ
1726 585 1802 612 πολι-

1013 638 1079 666 τικὰ
1105 634 1309 673 μετεχειρίζετο
1332 633 1505 669 πράγματα·
1532 631 1618 663 δεθεὶς
1638 631 1666 658 δὲ
1689 631 1736 657 καὶ
1751 630 1804 657 ὑπὸ

1013 683 1118 711 τούτων
1144 682 1226 709 πάλιν
1245 681 1384 715 διέφυγεν.
1407 678 1504 706 Ἢνίκα
1528 677 1558 705 δὲ
1582 677 1599 713 ή
1624 677 1646 693 ⁷⁸
1660 676 1804 711 ὀλιγαρχία

1016 728 1165 764 κατελύθη,
1193 725 1367 762 ἐφυγαδεύθη
1389 725 1439 760 τῆς
1466 723 1582 755 πόλεως,
1599 722 1648 749 καὶ
1669 722 1697 749 ὲν
1714 721 1804 748 Ἤλιδι

1014 776 1062 803 τδν
1077 776 1128 810 τῆς
1146 774 1235 809 φυγῆς
1253 772 1350 808 χρόνον
1363 770 1508 808 διατρίψας
1527 769 1582 796 τῶν
1605 769 1670 805 περὶ
1696 767 1805 804 Θρασύ-

1018 821 1113 849 ϐουλον
1137 819 1361 854 κατεληλυθότων
1377 818 1425 845 καὶ
1451 816 1533 848 αὐτὸς
1557 814 1804 850 συγκατελήλυθεν.

996 892 1000 903 ,_
1016 866 1145 903 Αἱρεθεὶς
1164 865 1228 902 [796
1240 864 1286 901 IL]
1299 864 1328 891 δὲ
1340 864 1405 899 περὶ
1418 863 1468 897 τῆς
1491 862 1602 896 εἰρήνης
1621 860 1661 891 είς
1673 859 1807 886 Λακεδαίέ

979 898 1003 928 Β
1020 898 1087 950 μονα
1102 898 1265 949 πρεσὸεύειν
1276 898 1330 937 *καὶ
1343 898 1446 937 ἀδικεῖν
1460 907 1539 940 δόξας
1555 906 1649 941 ἔφυγε.
1661 904 1764 950 Τούτου
1776 903 1806 950 δέ

1019 949 1093 986 ἔστιν
1115 957 1260 993 ἐπώνυμος
1285 956 1333 982 καὶ
1362 954 1483 990 Ἑρμῆς,
1510 952 1638 986 ἀνάθημα
1658 950 1707 985 μὲν
1721 949 1807 984 φυλῆς

1020 1004 1158 1040 Αἰγηΐδος.
1184 1002 1344 1038 ἐπικληθεὶς
1364 1001 1394 1028 δὲ
1419 999 1582 1031 Ἀνδοκίδου,
1602 996 1669 1024 διότι
1692 996 1807 1032 πλησίον

1019 1049 1102 1078 αὐτοῦ
1122 1047 1277 1082 Ἀνδοκίδης
1296 1047 1373 1083 ᾤκει.

1372 1211 1452 1239 ΣΞΒν.

1297 1258 1414 1286 Λυσίου
1428 1257 1524 1293 λόγοι.

1063 1304 1285 1340 Ἀνεγνὼσθησαν
1312 1303 1412 1331 Λυσίου
1428 1303 1503 1338 λόγοι
1517 1302 1656 1338 διάφοροι·
1678 1301 1808 1337 φέρονται

1020 1349 1049 1376 δὲ
1063 1349 1146 1377 αὑτοῦ
1160 1352 1199 1375 κε’
1215 1348 1262 1375 καὶ
1281 1351 1315 1380 u',
1338 1345 1376 1374 ὦν
1396 1349 1453 1378 τοῖς
1467 1347 1591 1382 γνησίοις
1616 1349 1640 1381 γ’
1657 1346 1705 1372 καὶ
1717 1345 1740 1371 λ’
1761 1344 1810 1372 καὶ

1021 1395 1177 1426 διακοσίους
1192 1395 1214 1412 ⁷⁸
1231 1394 1416 1430 ὲγκρίνουσιν,
1433 1394 1462 1419 ὲν
1476 1392 1517 1425 οἷς
1535 1393 1576 1424 δὶς
1594 1392 1674 1428 μόνον
1685 1391 1715 1418 τὺ
1729 1390 1810 1417 ἔλατ-

1021 1452 1069 1470 τον
1084 1443 1208 1476 ἐνεγκεῖν
1224 1443 1257 1477 τῇ
1276 1441 1348 1474 λέξει
1363 1440 1433 1476 πρὸς
1445 1440 1508 1471 τοὺς
1524 1437 1729 1473 ἀνταγωνιστὰς
1746 1437 1810 1464 πολ·

1021 1489 1102 1520 λὰκις
1119 1487 1327 1522 ἀγωνισάμενος
1353 1486 1474 1520 λέγεται.
1502 1486 1580 1512 Ἔστι
1602 1484 1631 1519 δὲ
1648 1486 1706 1516 τοῖς
1721 1484 1811 1518 λόγοις

1024 1533 1195 1570 βραχιότατός
1216 1542 1247 1559 τε
1264 1533 1312 1559 καὶ
1330 1531 1532 1563 πιθανώτατος,
1548 1531 1595 1558 καὶ
1609 1530 1650 1566 τῷ
1671 1530 1760 1557 δοκεῖν
1773 1529 1811 1565 μὴ

181 1592 333 1628 appositus,
351 1596 378 1619 et
404 1584 426 1619 si
439 1592 501 1626 quis
517 1593 588 1620 alius
600 1575 719 1627 graviter
730 1592 837 1620 dicendi
851 1575 967 1627 peri-tus,

1022 1579 1115 1607 δεινῶς
1131 1579 1231 1613 λέγειν,
1251 1578 1331 1613 εἴπερ
1347 1586 1389 1609 τις
1407 1577 1497 1608 ἄλλος,
1512 1577 1665 1608 δεινότατος
1682 1577 1722 1593 ⁷⁷⁸
1743 1575 1813 1604 ἀλλὰ

183 1637 292 1664 tametsi
322 1644 378 1664 non
404 1642 546 1672 appareat.
565 1637 673 1665 Etenim
695 1645 853 1672 quanquam
880 1637 972 1665 facilis

181 1683 290 1710 videtur
303 1690 377 1715 esse,
393 1683 576 1711 nihilominus
596 1688 687 1712 tamen
709 1685 816 1712 imitatu
842 1689 884 1712 est
905 1684 974 1712 ditii-

182 1729 257 1756 cilis.
270 1729 374 1755 Multas
388 1729 528 1756 orationes
550 1730 667 1764 privatis
687 1730 846 1759 hominibus
863 1730 974 1758 dedisse

183 1774 296 1801 dicitur.
314 1772 435 1808 Scripsit
448 1773 512 1800 item
528 1774 555 1801 in
578 1781 678 1810 genere
695 1775 841 1808 orationis,
864 1776 974 1803 concio-

185 1827 246 1853 nes,
263 1819 408 1854 epistolas,
426 1819 609 1853 laudationes,
623 1821 771 1856 epitapbia,
789 1822 934 1854 amatoria,
947 1825 974 1848 et

184 1862 309 1891 Socratis
324 1862 526 1892 defensionem.
543 1865 576 1892 ln
594 1865 735 1901 plerisque
749 1866 921 1894 orationibus
932 1871 975 1894 est

184 1909 310 1943 moralis,
327 1914 354 1936 et
366 1909 476 1944 quidem
495 1910 528 1937 ad
554 1911 761 1947 intelligentiam
785 1920 848 1940 cum
871 1912 974 1940 bunum

185 1955 304 1984 sortitur
319 1960 523 1991 argumentum,
543 1962 569 1984 et
584 1958 656 1994 quod
677 1958 711 1986 ad
729 1959 842 1987 meliora
862 1963 974 1985 conten-

185 2000 243 2028 dat.
254 1998 332 2027 Unde
348 2008 402 2027 non
422 2001 541 2028 tenuiter
554 2001 711 2034 dicendum,
725 2002 790 2037 quid
803 2003 841 2029 rei
855 2006 973 2037 gestum,

185 2045 233 2074 sed
253 2050 281 2072 et
295 2046 366 2073 ratio
380 2045 517 2080 addenda,
535 2048 570 2074 ob
585 2055 668 2082 quam
687 2048 794 2082 singula
810 2047 866 2075 sint
883 2051 973 2081 gesla;

185 2091 263 2118 verbi
281 2091 382 2126 gratia,
405 2092 427 2120 si
449 2092 569 2120 difficilia
588 2094 706 2127 dixerit;
727 2093 834 2120 causari
855 2093 975 2120 necessi-

187 2143 269 2165 tatem
287 2147 351 2173 erga
365 2139 482 2173 amicos,
499 2145 546 2167 aut
559 2141 628 2167 alios
649 2140 803 2167 moderatos
820 2150 827 2167 :
846 2140 890 2168 sin
909 2147 975 2167 vero

187 2184 313 2217 meliora,
328 2185 494 2213 voluntatem
507 2186 687 2221 prmtendere.
700 2186 762 2213 Hzec
777 2194 841 2213 vero
856 2186 975 2213 maxime

187 2230 339 2265 probabilis
352 2236 404 2261 est.
422 2231 445 2258 si
465 2239 575 2258 causam
594 2231 689 2258 addas.
708 2231 813 2259 Causas
832 2238 897 2259 vero
921 2240 974 2259 non

187 2279 295 2310 oportet
304 2275 430 2303 utilitatis
442 2276 526 2310 gratia
536 2283 686 2304 assumere.
698 2276 918 2304 Prudentisenim
926 2277 977 2304 hoc

187 2320 276 2355 magis
298 2326 341 2348 est
362 2321 416 2348 viri
436 2329 518 2356 quam
543 2320 614 2356 frugi
632 2328 664 2348 ac
686 2321 775 2356 probi.
791 2321 913 2350 Dillicilis
932 2321 978 2348 hic

189 2368 232 2391 est
257 2364 385 2392 servandi
412 2365 523 2398 modus,
539 2364 566 2391 in
583 2372 638 2399 quo
653 2369 680 2392 et
703 2365 797 2401 Lysias
812 2373 883 2400 saepe
902 2365 977 2392 vide-

189 2413 237 2438 tur
255 2417 393 2445 peccasse.
412 2409 530 2437 Maxime
542 2409 663 2438 celebres
678 2410 814 2437 habentur
836 2417 897 2437 cum
918 2409 977 2436 aliae

189 2455 333 2483 orationes
351 2455 421 2490 ejus,
438 2459 496 2481 tum
518 2454 552 2482 de
572 2455 656 2482 tutela
680 2459 775 2482 contra
792 2453 976 2489 Diogitoncm,

188 2501 357 2536 probabilem
382 2504 500 2535 namque
520 2503 546 2528 et
570 2508 667 2536 puram
693 2500 878 2528 narrationem
900 2499 975 2532 facit,

190 2547 238 2574 sed
257 2555 311 2574 non
327 2553 403 2574 recta
433 2547 466 2573 ad
493 2546 718 2582 ampliﬁcationes
733 2551 761 2574 et
776 2546 975 2581 aggerationes,

189 2596 222 2619 ut
236 2592 315 2619 multi
330 2591 445 2624 faciunt,
463 2592 642 2620 convertitur.
654 2592 759 2620 Etenim
776 2600 829 2620 non
845 2598 908 2620 sunt
921 2593 977 2620 haec

190 2637 302 2673 propria
316 2637 420 2673 ﬁssa
435 2638 532 2673 prima:
547 2639 587 2666 rei
601 2639 802 2674 explicationis,
820 2639 867 2666 sed
884 2639 976 2666 locum

192 2683 295 2711 habent
313 2683 340 2710 in
358 2684 546 2718 sequentibus.
572 2684 698 2720 Magnam
720 2689 810 2712 autem
829 2684 976 2720 puritatem

1022 1625 1077 1661 γὰρ
1091 1624 1138 1652 καὶ
1152 1623 1262 1655 εὔκολος
1282 1621 1352 1649 εἶναι
1368 1621 1455 1649 δοκῶν
1467 1622 1543 1648 οὐδὲν
1554 1621 1663 1648 ἔλαττον
1673 1621 1814 1657 δυσμίμη-

1024 1681 1070 1703 τος
1085 1671 1279 1697 ἐπιδείκνυται.
1296 1669 1366 1701 Τοὺς
1378 1669 1470 1704 μέντοι
1481 1677 1514 1703 γε
1531 1667 1584 1695 τῶν
1600 1668 1687 1702 λόγων
1703 1667 1815 1699 πλείους

1026 1717 1145 1747 ἰδιώταις
1169 1714 1348 1742 ἑκδεδωκέναι
1376 1714 1496 1749 λέγεται.
1525 1713 1759 1748 Συγκεφαλαιοῦσι
1784 1711 1813 1739 δὲ

1023 1764 1088 1795 τοὺς
1105 1761 1293 1796 λόγουςαὺτοῦ
1310 1760 1488 1796 δημηγορίαι,
1507 1760 1658 1792 ἐπιστολαὶ,
1675 1758 1813 1793 ἐγκώμια,

1024 1809 1178 1842 ἐπιτάφιοι,
1194 1807 1321 1843 ὲρωτικοὶ
1335 1806 1383 1833 καὶ⁴
1397 1806 1558 1842 Σωκράτους
1572 1805 1714 1839 ἀπολογία.
1735 1804 1814 1830 Ἔστι

1026 1855 1076 1891 μὲν
1099 1855 1129 1881 ὲν
1148 1854 1198 1880 οὐκ
1219 1854 1321 1888 ὀλίγοις
1338 1853 1420 1879 αὑτοῦ
1436 1853 1527 1887 λόγοις
1541 1852 1647 1888 ἡθικδς,
1665 1851 1769 1885 γίνεται
1784 1850 1816 1876 δὲ

1025 1899 1096 1927 κατὰ
1111 1899 1161 1934 τὴν
1181 1899 1204 1915 ⁷⁸
1218 1899 1339 1925 διάνοιαν
1361 1899 1375 1924 ὁ
1398 1897 1504 1933 ἡθικὺς,
1533 1898 1596 1924 ὅταν
1616 1896 1738 1932 χρηστὴν
1764 1895 1814 1931 ἔχῃ

1025 1946 1186 1983 προαίρεσιν
1200 1946 1247 1972 καὶ
1263 1945 1332 1981 πρὸς
1357 1945 1392 1972 τὰ
1407 1944 1504 1981 βελτίω
1522 1944 1669 1980 ῥέπουσαν.
1689 1944 1770 1970 Ὅθεν
1781 1943 1813 1969 οὑ

1027 1994 1079 2029 χρὴ
1095 1993 1181 2028 ψιλῶς
1198 1993 1231 2020 τὰ
1248 1991 1407 2028 πραχθέντα
1421 1991 1522 2026 λέγειν.
1538 1990 1605 2018 ἀλλὰ
1619 1990 1666 2017 καὶ
1677 1989 1725 2024 τὴν
1743 1988 1816 2023 γνώ-

1027 2050 1081 2076 μην
1107 2039 1252 2066 συνάπτειν
1268 2039 1328 2073 μεθ’
1343 2036 1377 2075 ἦς
1395 2037 1546 2072 ἐπράττετο
1559 2036 1685 2068 ἕκαστον,
1697 2032 1763 2068 οἷον;
1781 2034 1815 2061 ἂν

1028 2086 1077 2121 μὲν
1091 2085 1198 2120 χαλεπὰ
1254 2084 1276 2100 ⁷⁹
1289 2084 1336 2110 καὶ
1351 2083 1419 2118 πρὸς
1435 2083 1530 2118 φίλους
1543 2082 1560 2117 ἢ
1571 2082 1658 2113 ἄλλως
1675 2080 1815 2116 μετρίους,

1025 2130 1075 2166 τὴν
1087 2129 1212 2163 ἀνάγκην
1229 2128 1379 2161 αἰτιᾶσθαι,
1394 2127 1427 2155 ἂν
1442 2128 1471 2154 δὲ
1489 2127 1605 2163 ἀμείνω,
1619 2127 1668 2162 τὴν
1684 2126 1816 2161 προαίρε-

1027 2185 1080 2203 σιν.
1096 2176 1171 2211 Αὕτη
1191 2175 1219 2202 δὲ
1236 2175 1353 2210 μάλιστα
1370 2175 1472 2210 πιθανὴ
1487 2174 1602 2209 γίνεται,
1628 2174 1652 2199 εἰ
1664 2173 1713 2207 τὴν
1726 2173 1817 2198 αἰτίαν

1027 2222 1186 2259 προσλάϐοι.
1203 2222 1259 2253 Τὰς
1274 2221 1366 2257 μέντοι
1380 2229 1412 2255 γε
1430 2221 1453 2236 ⁸³
1465 2220 1554 2252 αἰτίας
1566 2220 1595 2246 οὐ
1611 2219 1663 2254 χρὴ
1679 2218 1725 2244 τοῦ
1737 2218 1816 2245 λυσι-

991 2262 1014 2290 Ῐ)
1028 2269 1121 2300 τελοῦς
1139 2269 1221 2295 ἕνεκα
1234 2267 1459 2303 παραλαμϐάνειν
1471 2275 1478 2282 -
1495 2265 1626 2301 φρονίμου
1645 2264 1699 2299 γὰρ
1713 2264 1817 2298 μᾶλλον

1028 2316 1045 2351 ἢ
1062 2314 1181 2350 χρηστοῦ
1196 2314 1244 2341 καὶ
1268 2313 1439 2348 εὐγνώμονος
1455 2312 1489 2338 τὰ
1511 2310 1633 2337 τοιαῦτα.
1647 2309 1772 2341 Χαλεπὸς
1787 2309 1817 2337 δὲ

1029 2363 1043 2389 ὁ
1059 2362 1161 2397 τρόπος
1176 2360 1308 2395 φυλάξαι·
1324 2360 1364 2386 διὸ
1378 2359 1425 2386 καὶ
1440 2357 1544 2388 Λυσίας
1558 2357 1586 2382 ἐν
1600 2356 1675 2392 αὐτῷ
1691 2356 1817 2391 φαίνεται

1028 2407 1159 2438 πολλάκις
1169 2405 1370 2440 διαμαρτάνων.
1384 2403 1576 2439 Θαυμάζονται
1589 2402 1681 2437 μέντοι
1693 2410 1725 2436 γε
1733 2401 1816 2428 αὑτοῦ

1028 2453 1103 2480 ἄλλοι
1114 2460 1143 2478 τε
1155 2451 1247 2478 πολλοὶ
1258 2451 1279 2466 ⁸¹
1295 2450 1371 2484 λόγοι
1385 2449 1432 2476 καὶ
1444 2449 1477 2483 δὴ
1493 2447 1539 2474 καὶ
1553 2448 1567 2473 ὀ
1579 2446 1648 2483 πρὸς
1661 2446 1818 2480 Διογείτονα

1030 2498 1184 2534 ἐπιτροπῆς
1196 2505 1203 2512 ·
1217 2496 1334 2531 πιθανήν
1348 2504 1376 2521 τε
1391 2495 1445 2530 γὰρ
1459 2494 1506 2521 καὶ
1519 2493 1644 2529 καθαρὰν
1658 2493 1706 2527 τὴν
1722 2492 1818 2527 διήγη-

1032 2553 1074 2571 σιν
1088 2545 1217 2575 ποιεῖται,
1235 2543 1292 2570 ἀλλ’
1318 2542 1368 2569 οὐκ
1381 2542 1463 2573 εὐθὺς
1491 2541 1537 2568 ἐπὶ
1553 2540 1602 2571 τὰς
1622 2539 1749 2574 αὐξήσεις
1770 2538 1818 2563 καὶ

1031 2591 1080 2622 τὰς
1103 2589 1251 2620 δεινώσεις,
1279 2589 1347 2624 ὅπερ
1376 2587 1468 2614 πολλοὶ
1490 2586 1650 2622 πάσχουσιν,
1670 2584 1815 2617 ὑπάγεται.

1030 2636 1085 2662 Καὶ
1099 2636 1152 2671 γὰρ
1174 2635 1229 2662 οὐδ’
1244 2634 1267 2650 ⁸⁸
1281 2634 1353 2660 ἐστιν
1368 2633 1454 2660 οίκεῖα
1469 2633 1503 2660 τὰ
1516 2632 1628 2659 τοιαῦτα
1642 2631 1690 2664 τῆς
1705 2628 1818 2665 πρώτης

1031 2681 1204 2712 διδασκαλίας
1229 2680 1277 2706 τοῦ
1307 2680 1488 2715 πράγματος,
1515 2679 1572 2706 ἀλλ’
1603 2679 1631 2704 ἐν
1660 2678 1715 2708 τοῖς
1748 2675 1818 2710 μετὰ

825 2771 942 2800 νΑιιιΑι
970 2770 1172 2799 LECTIONES.

228 2852 250 2872 "
263 2853 414 2915 ναυκληρίᾳ.
427 2851 562 2888 Taylorus
576 2851 663 2881 Lectt.

230 2894 341 2915 nrmstat
384 2889 464 2915 εινός.
513 2889 535 2905 ⁷³
551 2888 600 2915 τὴν
620 2896 663 2915 om

192 2890 214 2908 "
230 2894 341 2924 praestat
357 2890 464 2920 δεινός.

678 2852 785 2896 Lysiae:
797 2860 824 2896 ρ.
835 2851 911 2896 Δ689ι
922 2852 957 2880 cf.
975 2860 991 2887 p

513 2889 535 2905 "
551 2888 600 2923 τὴν
620 2896 674 2916 om.
692 2890 724 2915 A.
761 2888 813 2924 ἠᾗ
830 2888 851 2914 Α
864 2897 870 2915 :
885 2888 926 2923 εἴη
959 2896 989 2920 ς.

1019 2852 1070 2880 489
1087 2853 1100 2879 b
1117 2853 1150 2880 57
1169 2857 1195 2881 et
1211 2853 1263 2881 490
1278 2853 1292 2879 b
1305 2853 1351 2880 25.
1388 2852 1411 2868 τι
1428 2852 1445 2887 ἡ
1457 2857 1513 2887 om.
1534 2850 1566 2887 ᾼ.
1603 2848 1626 2887 fg
1638 2825 1770 2887 ἑιριρεέσιρι

1028 2888 1051 2904 ⁸⁸
1071 2897 1102 2923 γε
1118 2896 1173 2916 om.
1195 2889 1227 2916 Α.
1265 2889 1284 2906 ⁸·
1298 2896 1327 2914 τε
1345 2881 1515 2914 πολλοὶάιίιίι
1534 2885 1567 2912 Α.
1604 2883 1627 2900 ⁸¹
1644 2882 1711 2919 οὐδ’]
1726 2881 1821 2909 οὺκΒ.
