1945 3073
154 157 204 189 169

669 160 930 190 BIBLIOTHECA.
942 173 970 178 —
990 162 1072 193 COD.
1087 163 1224 194 CCLXII.

1723 163 1775 198 110

150 213 234 240 ταῦτα
262 212 354 247 χώραν
379 211 436 247 ἔχει
462 211 672 245 καταλέγεσθαι,
703 213 781 248 [1461
811 213 856 249 IL]
884 215 930 241 Καί

990 221 1018 244 et
1034 218 1256 252 perspicuitatem
1269 218 1294 245 in
1308 219 1389 246 rebus
1402 223 1428 247 et
1441 219 1540 253 verbis,
1555 219 1637 248 etiam
1652 220 1679 248 in
1696 221 1773 256 priri-

150 258 256 292 πολλὴν
271 258 299 284 δὲ
314 258 365 293 τὴν
377 258 552 293 καθαρότητα
567 259 615 285 καὶ
632 260 782 295 σαφήνειαν
798 259 827 286 ἐν
840 269 870 286 τε
884 261 939 292 τοῖς

151 306 295 340 πράγμασι
308 305 356 331 καὶ
374 306 436 336 ταῖς
447 304 552 336 λέξεσιν
568 305 617 331 ἀπ’
630 305 717 340 αὐτῆς
729 306 780 341 τῆς
798 307 845 333 τοῦ
859 306 939 341 λόγου

149 350 332 385 προϐάλλεται
352 350 451 386 ἀρχῆς,
472 350 568 386 ὥσπερ
594 352 641 378 καὶ
664 351 696 378 τὸ
720 353 816 388 σχῆμα
827 352 859 380 τὸ
877 353 937 379 κατ’

147 397 255 424 εὐθεῖαν
271 396 391 433 ἁρμόζον
403 389 608 432 ἀφηγήσει,⁴καὶ
621 397 652 424 τδ
665 398 749 433 μηδέν
758 407 785 425 τι
799 398 822 415 ⁸⁸
837 398 938 432 ἔξωθεν

148 442 372 477 συνεφέλκεσθαι.
391 442 428 469 Τὺ
444 443 473 469 δὲ
488 444 537 478 τῆς
550 444 686 479 ἁρμονίας
699 444 783 471 αὐτοῦ
796 444 894 476 κάλλος
907 445 938 471 οὐ

147 490 248 518 παντός
266 491 342 516 ἐστιν
352 489 533 517 αἰσθάνεσθαι
545 498 552 505 ·
562 490 611 517 καὶ
627 490 682 526 γὰρ
693 491 767 517 δοκεῖ
782 491 832 526 μὲν
845 491 939 522 ἁπλῶς

146 535 193 562 καὶ¹
207 535 245 566 ὡς
259 534 338 570 ἔτυχε
360 535 532 569 συγκεῖσθαι,
547 536 588 567 εἰς
612 536 766 572 ὕπερὸολὴν
786 537 815 563 δὲ
834 538 937 572 κόσμου

146 581 375 609 κατεσκεύασται.
402 582 458 608 Καὶ
479 582 574 613 ἁπλῶς
597 582 657 614 ὅλος
672 583 696 599 ⁸⁸
716 584 731 610 ὁ
757 583 836 618 λόγος
862 583 937 615 ἄξιος

146 627 284 663 θαυμάσαι
299 627 372 654 κατά
396 635 426 654 τε
445 627 480 654 τὰ
496 629 624 664 σχήματα
635 629 684 655 καὶ
699 629 733 655 τὰ
748 630 875 664 νοήματα
888 629 935 656 καὶ¹

989 263 1062 298 cipio
1077 264 1211 292 orationis
1234 265 1367 298 ostendit,
1385 270 1415 293 ut
1430 266 1458 292 in
1480 267 1621 294 narrando
1634 266 1696 294 sine
1714 275 1772 294 am-

988 308 1116 344 bagibus,
1153 315 1182 337 et
1209 310 1278 337 nihil
1301 316 1442 339 externum
1467 311 1580 339 aliunde
1602 312 1774 340 asciscendo.

988 353 1167 383 Venustatem
1184 361 1275 383 autem
1291 357 1503 391 compositionis
1518 364 1574 386 non
1588 357 1680 392 quivis
1695 356 1777 385 facile

987 401 1190 430 animadvertit.
1206 402 1274 430 Nam
1300 403 1465 438 simpliciter
1486 408 1514 431 et
1532 411 1599 431 casu
1617 408 1647 431 ut
1671 411 1715 431 res
1730 403 1778 432 dat

987 456 1027 481 se,
1046 448 1138 476 dicere
1153 449 1270 482 videtur,
1294 450 1415 485 assurgit
1440 454 1530 478 tamen
1558 454 1656 478 ornatu
1682 450 1709 478 in
1726 449 1776 477 iui-

987 502 1126 527 mensum,
1146 500 1242 530 estque
1266 496 1355 522 oratio
1379 496 1439 530 ejus
1453 500 1481 526 ct
1503 494 1615 530 propter
1633 496 1775 525 schemata

984 540 1066 575 digna
1077 540 1272 576 admiratione,
1293 546 1320 569 et
1331 545 1442 577 propter
1461 549 1584 574 sensum,
1594 546 1622 569 et
1634 542 1729 574 verba,
1747 545 1776 569 et

985 586 1152 613 concinnam
1165 587 1262 614 horum
1282 587 1520 621 compositionem,
1534 591 1562 614 et
1576 587 1774 618 inventionem,

983 635 1012 657 et
1023 631 1146 658 ordinem
1163 631 1394 667 enthymematum
1415 637 1442 660 et
1459 632 1701 667 epicherematum.

145 675 178 700 τὰ
205 675 325 709 ὀνόματα
350 675 395 701 καὶ
421 676 472 710 τὴν
492 677 652 711 ἐναρμόνιον
681 677 783 703 τούτων
800 673 938 713 συνθήκην
958 679 1002 705 καῖ
1018 679 1067 714 τὴν
1084 679 1196 715 εὕρεσιν
1223 681 1271 706 καὶ
1304 679 1380 712 τάξιν
1393 680 1447 706 τῶν
1461 680 1664 716 ἐνθυμημάτων
1678 689 1709 708 τε
1727 681 1775 708 καὶ

145 721 375 756 ἐπιχειρημάτων.

185 769 396 804 ’Λμφιϐάλλεται
421 769 471 805 μὲν
498 769 563 804 παρ’
587 769 669 802 ὲνίοις
696 770 720 786 ⁸⁵
742 771 757 797 ὸ
787 770 854 805 περὶ
878 770 932 798 τοῦ

144 816 241 850 σηκοῦ
263 816 341 849 λόγος
355 823 363 830 ·
381 817 395 842 ὁ
427 815 511 849 σηκὸς
542 815 571 842 δὲ
597 816 644 842 νῦν
667 814 739 848 εἶδός
753 817 827 843 ἐστιν
856 817 932 852 ἱερᾶς

144 860 246 891 ἐλαίας.
273 860 343 887 Ἀλλ’
367 860 407 887 ὄτι
434 861 484 895 μὲν
511 861 620 896 γνήσιος
637 861 747 893 Λυσίου,
773 862 805 888 ἐκ
823 870 853 887 τε
877 861 932 888 τῶν

143 907 298 941 κεφαλαίων
311 906 391 940 δῆλον
411 907 459 933 καὶ
478 907 511 932 ἐκ
525 906 582 933 τῶν
601 907 664 941 περὶ
689 906 772 933 αὐτοῦ
790 908 932 942 ἐπιχειρη-

145 953 235 988 μάτων
250 953 299 980 καὶ
315 953 339 968 ⁸⁵
357 952 387 985 ἐξ
402 951 484 979 αὑτοῦ
502 960 535 986 γε
548 952 594 978 τοῦ
610 952 754 988 προοιμίου
771 953 821 987 τῆς
841 961 871 979 τε
890 953 931 979 δι-

143 1000 268 1034 ηγήσεως
290 998 338 1026 καὶ
359 997 405 1025 τοῦ
422 998 549 1032 ἑπιλόγου
565 999 648 1034 (πάνυ
664 998 729 1034 [797
738 998 784 1034 [1.]
802 999 857 1034 γὰρ
876 999 934 1025 δαι-

144 1044 244 1080 μονίως
266 1045 313 1071 καὶ
340 1044 413 1071 κατὰ
427 1044 476 1080 τὴν
507 1043 667 1080 εἰθισμένην
693 1044 733 1079 τῷ
747 1044 825 1079 ἀνδρὶ
851 1046 880 1071 ὲν
899 1045 931 1080 τῇ

142 1091 272 1126 ἁπλότητι
288 1090 428 1126 δεινότητα
442 1092 517 1117 ἐστιν
532 1090 734 1126 ἐξειργασμένα
754 1090 853 1125 ταῦτα)
866 1099 873 1106 ·
887 1091 933 1117 καὶ

144 1138 195 1173 μὴν
206 1138 230 1174 ξ’
247 1138 338 1164 καὶτὸ
360 1137 421 1165 κατ’
437 1137 596 1173 ἐνθύμημα,
614 1137 683 1164 ἀλλὰ
696 1137 733 1173 μὴ
747 1137 808 1164 κατ’
828 1137 932 1172 ἐπιχεί-

144 1191 217 1217 ρημα
231 1182 363 1218 προάγειν
378 1182 427 1214 τὰς
444 1182 596 1214 ἀποδείξεις
620 1182 669 1209 τοῦ
698 1182 800 1209 Λυσίου
816 1182 931 1217 μάλιστα

142 1229 173 1254 τὺ
189 1228 287 1263 ίδὶωμα
299 1228 478 1263 ἀπαγγέλλει.
495 1228 576 1256 Ἀλλὰ
594 1229 684 1255 καὶτὸ
702 1228 739 1264 μὴ
754 1228 816 1255 καθ’
830 1229 859 1255 ἓν
874 1228 932 1255 δια-

142 1274 267 1310 τρίϐοντα
286 1273 418 1310 μηκύνειν
433 1274 480 1301 τὸν
497 1275 576 1309 λόγον
602 1275 652 1310 τῆς
666 1275 713 1302 τοῦ
729 1275 830 1301 Λυσίου
858 1275 932 1301 ἐστὶν

141 1320 293 1355 ἀκριϐείας,
321 1321 371 1347 καὶ
384 1321 414 1347 τὸ
442 1320 563 1354 εὐπαγὲς
578 1319 633 1347 τῶν
649 1320 748 1354 λόγοιν,
763 1320 811 1347 καὶ
841 1319 871 1347 τὸ
887 1320 931 1347 διὰ

142 1364 309 1401 βραχύτητος
336 1365 441 1401 πολλὴν
470 1367 602 1402 παρέχειν
631 1366 740 1402 ἡδονὴν,
762 1365 778 1392 ὃ
802 1365 873 1400 μετά
898 1374 930 1400 γε

140 1411 315 1446 Δημοσθένην
329 1408 411 1443 οὗτος
445 1412 526 1447 μόνος
539 1412 595 1438 τῶν
615 1411 704 1439 ἄλλων
720 1411 843 1447 ῥητόρων
868 1412 931 1446 φαί-

140 1465 215 1483 νεται
235 1457 413 1493 κατορθώσας
423 1478 430 1491 ,
458 1458 507 1485 καὶ
521 1458 551 1484 τὸ
573 1457 671 1490 κάλλος
685 1458 715 1484 δὲ
729 1457 780 1493 τῆς
796 1457 930 1485 διατυπώ-

142 1511 222 1536 σεως,
238 1505 268 1530 ὲν
282 1499 304 1538 ᾧ
321 1504 390 1539 μήτε
406 1503 552 1535 Πλάτωνος
567 1504 638 1539 μήτε
652 1503 841 1539 Δημοσθένους
861 1503 929 1538 μήτε

140 1550 266 1585 Λίσχίνου
274 1550 305 1577 τὸ
320 1550 431 1578 ὲλαττόν
447 1551 521 1577 ἐστιν
534 1550 762 1585 ἀπενηνεγμένας.
776 1549 886 1584 Ἰδίωμσ.
896 1549 925 1576 δὲ

141 1596 242 1623 Λυσίου
256 1596 305 1623 καὶ
314 1596 344 1623 τὸ
354 1597 403 1629 τὰς
418 1597 570 1629 ἀντιθέσεις
584 1596 715 1632 προάγειν
731 1596 864 1632 μηδαμῶς
877 1596 926 1630 μὲν

141 1641 325 1677 ἐμφαινούσας
343 1642 374 1669 τὸ
391 1642 660 1678 ἑπιὸεδουλευμένον,
680 1642 711 1669 τὸ
728 1642 758 1668 δὲ
778 1642 824 1668 ὑπ’
837 1641 928 1668 αὐτῶν

140 1688 194 1715 τῶν
207 1689 379 1724 πραγμάτων
394 1689 603 1724 ὲπεσπασμένον
618 1688 762 1715 δεικνύειν.
773 1688 928 1724 Τεκμήριον

139 1734 168 1761 δὲ
201 1735 251 1771 τῆς
277 1735 418 1770 Λυσιακῆς
445 1736 585 1770 δυνάμεως
607 1735 655 1762 καὶ
681 1736 713 1761 τὸ
740 1736 769 1761 ὲν
799 1734 872 1770 πάσῃ
895 1735 930 1769 τῇ

139 1781 256 1816 πριόδῳ
268 1781 321 1808 τῶν
331 1783 418 1809 κόλων
430 1782 599 1817 εὐάρμοστον
606 1781 654 1808 καὶ
663 1781 732 1817 μετὰ
744 1780 930 1816 καθαρότητος

139 1827 261 1860 εὐανθές.
277 1828 382 1860 Παυλος
397 1828 428 1855 δέ
442 1836 473 1862 γε
488 1829 503 1854 ὁ
520 1829 552 1854 ὲκ
566 1827 673 1859 Μυσίας
695 1827 740 1854 τόν
753 1836 782 1853 τε
799 1826 930 1860 περὶτοῦ

139 1874 250 1908 σηκοῦ,
268 1874 358 1909 λόγον,
378 1875 454 1901 οὐδὲν
479 1874 534 1900 τῶν
559 1873 713 1909 εἰρημένων
742 1873 854 1905 συνιεὶς,
878 1873 928 1906 τῆς

138 1920 192 1957 [τε]
207 1922 382 1956 γνησιότητος
396 1921 452 1947 τῶν
464 1921 608 1947 Λυσιακῶν
624 1920 750 1946 ἐκϐάλλει
764 1919 861 1953 λόγων,
879 1919 927 1945 καὶ

138 1965 252 1997 πολλοὺς
267 1966 313 1992 καὶ
330 1965 428 1997 καλοὺς
440 1965 535 1996 ἄλλους
547 1965 586 1996 είς
597 1965 689 1995 νόθους
703 1964 925 1999 ἀπορῤιψάμενος

138 2010 240 2046 πολλῆς
269 2011 316 2038 καὶ
347 2011 469 2046 μεγάλης
498 2010 562 2041 τοὺς
598 2008 759 2044 ἀνθρώπους
790 2008 923 2041 ὠφελείας

1021 772 1049 799 In
1063 771 1175 799 dubium
1191 775 1282 799 autem
1298 779 1313 798 a
1327 771 1466 799 nonnullis
1482 775 1595 799 vocatur
1610 772 1698 800 oratio
1709 773 1774 806 περὶ

984 817 1031 844 τοῦ
1048 817 1133 852 σηκοῦ
1154 825 1215 852 ηυδε
1229 821 1272 844 est
1286 817 1391 851 species
1409 824 1494 845 sacra!
1511 817 1590 845 oleae.
1607 817 1660 846 Sed
1676 824 1771 847 verum

950 855 969 883 Β
984 865 1044 898 ejus
1059 872 1120 891 esse
1134 868 1275 891 auctorem
1291 863 1403 898 Lysiam
1423 871 1438 891 e
1454 864 1588 898 capitibus
1602 869 1726 900 apparet,
1746 870 1772 893 et

984 917 1016 936 ex
1030 910 1209 944 argumentis,
1229 916 1246 937 e
1270 909 1416 944 protentio,
1435 911 1594 937 narratione
1613 915 1641 938 et
1655 910 1770 946 epilogo.

984 954 1156 982 Felicissimo
1184 953 1270 986 enim,
1294 959 1321 981 et
1345 958 1477 981 consueta
1498 954 1562 981 huic
1584 955 1718 990 gravitate
1742 955 1770 982 in

978 997 1163 1032 simplicitate
1180 1002 1245 1025 sunt
1262 997 1308 1024 illa
1322 997 1487 1032 composita,
1505 1003 1532 1025 et
1553 999 1704 1026 secundum
1720 1006 1771 1026 en-

984 1043 1163 1079 thymemata,
1179 1047 1205 1070 et
1233 1050 1287 1070 non
1304 1043 1515 1078 epicherematis
1534 1043 1642 1080 singula
1656 1044 1771 1072 demon-

984 1094 1084 1122 slrare,
1097 1088 1187 1124 Lysiae
1204 1093 1326 1116 tenorem
1343 1089 1462 1116 maxime
1476 1088 1590 1122 indicat,
1606 1089 1672 1125 quin
1687 1089 1770 1118 etiam

983 1134 1147 1167 orationem,
1162 1140 1216 1161 non
1232 1134 1281 1161 uni
1294 1133 1469 1161 immorando
1481 1134 1643 1169 producere,
1655 1135 1771 1162 solertia:

983 1178 1071 1214 Lysiae
1093 1181 1136 1206 est
1163 1186 1172 1205 :
1195 1182 1226 1205 ut
1249 1181 1276 1206 et
1303 1178 1428 1206 soliditas
1453 1179 1628 1213 orationum;
1654 1180 1771 1216 denique

983 1233 1109 1262 magnam
1126 1226 1261 1254 brevitate
1276 1226 1444 1261 voluptatem
1461 1226 1558 1254 aﬂerre
1576 1226 1615 1262 (in
1631 1234 1686 1262 quo
1707 1232 1770 1262 post

982 1273 1193 1300 Demosthenem
1222 1272 1298 1300 solus
1315 1272 1386 1299 inter
1403 1264 1518 1300 ceteros
1531 1277 1658 1300 oratores
1682 1273 1771 1300 excel-

982 1319 1068 1348 luisse
1080 1319 1201 1354 videtur)
1218 1323 1245 1346 et
1261 1319 1439 1355 pulchritudo
1452 1319 1656 1354 descriptionis,
1669 1327 1723 1354 quo
1741 1319 1770 1347 in

981 1370 1079 1398 genere
1103 1371 1193 1397 neque
1216 1362 1335 1396 Platoni,
1353 1370 1404 1390 nec
1426 1363 1572 1395 AEscbini,
1593 1371 1645 1392 nec
1672 1364 1770 1392 Demo-

981 1410 1073 1438 SIheni
1095 1410 1177 1437 cedit.
1202 1409 1347 1445 Proprium
1363 1415 1454 1437 autem
1470 1409 1557 1446 Lysia:
1574 1416 1616 1438 est
1635 1412 1767 1440 antitheta

981 1454 1115 1490 proferre,
1133 1463 1193 1490 quae
1210 1463 1264 1482 non
1290 1456 1439 1484 ostendant
1459 1457 1612 1492 captiosum
1629 1458 1705 1493 quid,
1719 1458 1768 1486 sed

981 1507 997 1526 a
1010 1500 1093 1527 rebus
1105 1500 1188 1528 ducta
1203 1500 1403 1528 demonstrent.
1419 1500 1533 1537 Signum
1546 1501 1673 1538 Lysiam?
1685 1502 1769 1531 facul-

980 1546 1045 1573 tatis
1064 1550 1117 1579 est,
1133 1550 1161 1574 et
1178 1546 1206 1573 in
1222 1546 1297 1573 omni
1315 1546 1429 1582 periodo
1449 1547 1635 1575 membrorum
1654 1550 1765 1576 concin-

982 1592 1064 1624 nitas,
1094 1597 1121 1620 et
1145 1600 1209 1620 cum
1239 1593 1359 1628 puritate
1382 1593 1521 1621 ﬂoridum.
1547 1593 1648 1623 Paulus
1673 1594 1767 1631 Mysus

982 1639 1134 1666 orationem
1148 1638 1272 1666 eamdem
1288 1640 1355 1676 περὶ
1371 1638 1419 1666 τοῦ
1439 1639 1526 1675 σηκοῦ
1541 1648 1604 1668 cum
1619 1641 1692 1669 dicta
1712 1650 1768 1669 non

984 1683 1156 1719 intelligeret,
1174 1691 1189 1711 a
1207 1684 1334 1719 genuinis
1361 1683 1452 1719 Lysia:
1477 1685 1650 1713 orationibus
1676 1691 1768 1713 exter-

981 1730 1077 1762 miuat,
1093 1734 1121 1757 et
1138 1730 1238 1757 multas
1263 1730 1449 1766 pulchrasque
1464 1730 1532 1758 alias
1552 1724 1690 1759 orationes
1705 1736 1767 1759 tan-

979 1783 1060 1811 quam
1085 1776 1189 1804 alienas
1207 1776 1334 1811 rejiciens
1347 1796 1355 1810 ,
1372 1784 1498 1812 magnam
1514 1777 1658 1805 utilitatem
1680 1778 1768 1806 homi-

978 1823 1059 1850 nibus
1071 1823 1195 1857 eripuit:
1211 1831 1267 1850 non
1282 1823 1533 1858 inventis'amplius
1549 1823 1593 1852 his
1609 1832 1671 1861 quo:
1685 1824 1719 1852 ab
1734 1833 1768 1852 eo

978 1868 1004 1895 in
1015 1868 1253 1902 reprehensionem
1265 1868 1437 1896 ceciderunt.
1451 1868 1541 1896 Semel
1555 1869 1628 1896 enim
1640 1870 1766 1902 seclusae,

980 1915 1108 1950 neglecte
1136 1919 1211 1947 sunt,
1240 1914 1314 1949 quod
1342 1914 1442 1950 4891)
1471 1915 1647 1950 reprehensio
1671 1916 1768 1943 fortior

978 1964 1060 1992 esset,
1081 1955 1314 1994 quemadmodum
1336 1959 1365 1987 in
1386 1960 1449 1987 aliis
1466 1961 1571 1994 multis,
1588 1961 1701 1989 veritate
1718 1963 1767 1990 de-

977 2011 1057 2033 tecta.

136 2056 335 2091 ἀπεστέρησεν,
364 2057 413 2092 οὐχ
438 2055 638 2092 εὑρισκομένων
664 2054 703 2080 ἔτι
728 2053 781 2079 τῶν
798 2053 851 2079 ὑπὸ
867 2051 992 2086 διαϐολὴν
1010 2050 1169 2078 πεσόντων·
1198 2050 1271 2082 ἅπαξ
1300 2050 1356 2085 γὰρ
1385 2051 1581 2087 ἀποκριθέντες
1619 2052 1765 2088 παρεωρά-

135 2106 235 2140 θησαν,
265 2104 495 2141 ὲπικρατεστέρας
524 2103 574 2138 τῆς
601 2102 738 2136 διαϐολῆς,
756 2101 849 2135 ὥσπερ
873 2100 921 2127 καὶ
940 2100 983 2126 ἐπ’
1001 2099 1088 2126 ἀλλων
1106 2099 1220 2132 πολλῶν,
1243 2099 1260 2134 ἦ
1275 2098 1325 2132 τῆς
1339 2098 1468 2135 ἀληθείας
1480 2100 1677 2135 γεγενημένης,

176 2152 255 2178 Ἔστι
265 2151 294 2178 δὲ
307 2152 322 2178 ὁ
344 2151 447 2181 Λυσίας
460 2150 546 2181 δεινὸς
562 2149 611 2184 μὲν
631 2147 814 2183 παθήνασθαι,
830 2147 925 2181 ἐπιτή-

1013 2146 1111 2173 Dexter
1135 2150 1226 2172 autem
1250 2149 1278 2172 et
1305 2153 1371 2172 acer
1395 2144 1447 2172 fuit
1463 2145 1558 2180 Lysias
1582 2146 1615 2172 ad
1639 2153 1765 2174 commo-

136 2199 207 2230 δειος
222 2198 251 2225 δὲ
267 2198 330 2229 τοὺς
340 2197 410 2233 πρὸς
424 2196 539 2232 αὔξησιν
554 2196 684 2223 διαθεῖναι
695 2195 802 2228 λόγους.
816 2193 894 2224 Τινὲς
903 2193 926 2208 ⁸⁸

138 2245 190 2279 μὲν
219 2243 266 2270 οὖν
295 2243 350 2270 τῶν
368 2243 432 2279 περὶ
457 2243 520 2274 τοὺς
543 2241 704 2278 ῥητορικοὺς
734 2238 926 2274 διατριϐόντων

137 2292 243 2326 λόγους,
263 2291 287 2308 ⁸⁸
302 2291 354 2318 οὐκ
380 2290 466 2326 ὀρθῶς
489 2289 512 2306 ⁹⁰
530 2288 692 2324 ὑπήχθησαν
717 2286 804 2312 εἰπεῖν
821 2286 842 2301 ⁰¹
862 2285 927 2320 περὶ

134 2338 239 2366 Λυσίου
253 2336 291 2369 ὥς
319 2336 458 2369 ἀποδεῖξαι
477 2335 527 2371 μὲν
541 2335 576 2361 τὰ
589 2333 751 2369 ἐγκλήματα
769 2331 834 2366 παρ’
851 2332 926 2357 ὁντι-

136 2383 221 2411 ναοῦν
243 2383 298 2410 τῶν
322 2382 445 2409 παλαιῶν
462 2381 566 2417 ἀνδρῶν
584 2381 615 2407 τὸ
628 2379 847 2415 προκεκριμένον
858 2378 924 2413 ἔχει¹

135 2429 255 2464 αὐξῆσαι
263 2429 292 2455 δὲ
304 2429 390 2456 ταῦτα
404 2428 509 2454 πολλῶν
517 2426 622 2462 ἐνδεής.
634 2425 689 2453 Καὶ
700 2426 755 2459 γὰρ
768 2425 925 2459 ἐλέγχονται

135 2475 266 2510 φανερῶς
286 2475 338 2501 ὑπὸ
350 2474 405 2500 τῶν
414 2474 496 2500 αὑτοῦ
511 2473 597 2508 λόγων
613 2472 681 2500 πολὺ
694 2472 744 2506 τῆς
756 2471 799 2497 ἐπ’
811 2470 886 2505 αὐτῷ
899 2470 922 2486 ⁹²

134 2521 365 2556 διασφαλλόμενοι
383 2520 509 2555 κρίσεως.
524 2521 582 2547 Καὶ
600 2519 716 2554 μάλιστά
729 2526 761 2551 γε
783 2516 895 2548 τούτους
910 2517 925 2542 ὁ

135 2568 209 2595 κατὰ
220 2567 448 2603 Μνησιπτολέμου
463 2566 596 2601 διελέγχει
610 2574 618 2581 ·
633 2565 796 2599 θαυμαστῶς
811 2564 864 2599 γὰρ
874 2563 924 2598 τὴν

133 2613 307 2649 κατηγορίαν
321 2613 345 2630 ⁸³
361 2612 429 2648 πρὸς
441 2611 555 2647 μέγεθος
569 2608 645 2642 οὗτος
652 2609 767 2645 ηὔξησε.
783 2609 923 2640 Καικίλιος

133 2659 164 2687 δὲ
182 2659 335 2695 ἁμαρτάνει
357 2657 498 2694 εὑρετικὺν
510 2657 561 2692 μὲν
579 2656 624 2683 τὸν
640 2656 735 2691 ἄνδρα,
750 2656 829 2690 εἴπερ
843 2655 922 2682 ἄλλον

975 2192 1078 2219 vendos
1093 2190 1219 2223 allectus,
1245 2195 1272 2218 et
1289 2192 1425 2219 orationis
1440 2191 1641 2226 amplificandae
1657 2194 1766 2229 egregie

975 2237 1092 2272 peritus.
1104 2235 1235 2263 Nonnulli
1252 2237 1335 2272 igitur
1346 2237 1472 2264 rhetores
1483 2244 1536 2263 non
1550 2241 1622 2264 recte
1636 2238 1669 2265 de
1684 2238 1765 2274 Lysia

975 2283 1116 2316 dixerunt,
1129 2283 1275 2310 ostendere
1289 2283 1407 2311 crimina
1424 2290 1480 2317 prae
1495 2284 1613 2316 caeteris,
1631 2286 1678 2320 qui
1694 2290 1767 2313 ante-

975 2333 1131 2361 cesserunt,
1148 2336 1239 2363 pOSsc,
1259 2329 1462 2365 ampliﬁcandis
1483 2338 1548 2358 vero
1562 2331 1595 2358 iis
1610 2332 1698 2359 multo
1722 2333 1765 2361 in-

975 2374 1106 2402 feriorem
1138 2382 1210 2403 esse.
1239 2375 1347 2403 Etenim
1384 2380 1476 2410 aperte
1511 2376 1673 2404 refelluntur
1705 2378 1765 2413 ejus

973 2421 1159 2455 orationibus,
1184 2421 1285 2456 quibus
1305 2421 1442 2456 judicium
1467 2430 1562 2450 eorum
1588 2422 1686 2450 falsum
1703 2431 1766 2452 esse

973 2470 1158 2503 convincitur,
1173 2474 1200 2497 et
1215 2470 1334 2497 maxime
1346 2470 1470 2498 oratione
1490 2475 1587 2498 contra
1616 2470 1767 2506 Mnesipto-

973 2515 1076 2542 lemon.
1087 2515 1186 2542 Mirum
1202 2516 1275 2543 enim
1291 2516 1318 2543 in
1334 2516 1446 2544 modum
1455 2517 1659 2553 accusationem
1672 2523 1763 2553 auget.

972 2561 1054 2588 Errat
1068 2566 1094 2588 et
1113 2561 1249 2595 Caecilius,
1268 2563 1315 2597 qui
1331 2570 1394 2590 cum
1411 2564 1485 2591 hunc
1499 2564 1569 2591 inter
1584 2564 1653 2591 alios
1670 2565 1766 2592 inven-

972 2608 1048 2634 tione
1073 2612 1204 2642 praestare
1228 2613 1347 2641 asserat,
1364 2609 1474 2637 inventa
1498 2615 1588 2637 tamen
1617 2611 1764 2644 disponere

972 2653 1085 2688 perinde
1097 2660 1178 2688 posse
1188 2659 1277 2689 negat,
1289 2654 1353 2683 licet
1369 2655 1422 2683 bac
1435 2655 1543 2684 virtutis
1559 2655 1671 2692 dicendi
1683 2661 1762 2690 parte

800 2734 917 2763 VARIAS
940 2735 1145 2764 LECTlONES.

170 2811 195 2827 ”
207 2819 233 2837 τι
252 2810 273 2837 Β
286 2815 312 2838 et
339 2817 411 2837 corr.
426 2809 449 2835 Α
476 2817 483 2835 :

133 2846 157 2863 “
172 2847 245 2878 τινὲς
257 2854 312 2873 om.
321 2845 351 2872 Β.

508 2808 555 2844 τὴν
580 2817 623 2844 ςκ
647 2808 669 2823 ⁸⁸
684 2807 743 2844 ὅλος
756 2806 871 2844 ιιῴΙηΛ.Δ
900 2808 925 2844 διδ
941 2808 956 2844 ό
971 2808 1035 2841 παρ’
1052 2807 1132 2838 ἐνίοις
1147 2816 1177 2839 ς’.

399 2844 422 2860 θ’
439 2842 539 2883 λόγους
548 2852 602 2883 om.
615 2843 646 2870 Β.
682 2844 704 2883 9‘“
713 2842 921 2883 _690L7);__unf110.
932 2843 970 2883 Alt:
1009 2844 1029 2859 “'
1047 2844 1134 2883 εξῖιεῖν
1145 2843 1209 2878 περὶ
1219 2844 1399 2883 ΛυσίουῙττερὶ
1413 2846 1512 2874 Λυσίου
1529 2842 1620 2873 εἰπεῖν’
1628 2846 1683 2874 τῶν
1695 2849 1761 2883 περὶ

1226 2809 1249 2846 f"
1262 2809 1309 2846 καὶ
1322 2809 1391 2846 σιω.
1404 2809 1436 2836 Λ.
1483 2810 1506 2827 ⁸⁷
1521 2809 1568 2837 καὶ
1583 2810 1636 2846 μὴν
1647 2811 1709 2838 add.
1724 2812 1759 2840 Α.

132 2883 184 2909 τοὺ
196 2877 373 2918 ςρητορικούς
396 2888 466 2911 τινες
479 2879 668 2913 διατριϐόντων
690 2878 785 2918 λόγους
803 2877 831 2904 Β.
870 2879 892 2895 θ’
911 2879 975 2906 αὑτὸ
993 2886 1022 2909 ς.
1060 2878 1083 2894 ’³
1101 2877 1286 2914 προσηγορίαν
1302 2877 1335 2908 Λῖ

283 2928 420 2958 ΡΔτιιοι..
437 2928 494 2957 Ge.
508 2926 585 2956 CIV.

1470 2928 1472 2930 ’
1510 2929 1530 2960 6
