1945 3073
185 170 235 204 171

763 170 895 201 PHOTII
913 168 1167 200 PATRIARCHA‘I
1181 169 1235 200 ΟΡ.

1763 168 1816 202 1⁵12

185 227 289 256 nemini
305 226 402 254 cedere
423 226 557 254 videatur.
579 225 650 254 Vidit
673 225 887 255 Demosthenem
905 227 971 254 ado-

1024 226 1096 258 τινὰ,
1111 225 1301 261 ωνομολογῶν
1312 245 1321 258 ,
1336 225 1513 262 οἰκονομῆσαι
1522 225 1551 252 δὲ
1567 225 1603 252 τὰ
1613 224 1759 261 εὑρεθέντα
1767 224 1818 261 οὺχ

186 272 336 299 Icsccntem
366 270 475 305 Lysias,
505 275 667 306 patremque
698 271 796 299 habuit
822 271 974 308 Cephalum

185 318 331 354 Lysaniani
349 317 463 352 Cephali
483 318 579 346 ﬁlium.
608 317 632 346 Is
656 319 768 346 natione
785 318 976 355 Syracusanus

184 365 246 392 fuit.
271 365 391 392 Athenas
414 372 476 391 cum
503 365 660 401 migrasset,
680 366 779 400 partim
800 366 878 394 urbis
901 365 976 393 desi-

184 412 262 439 derio
277 416 384 446 captus,
403 411 502 446 partim
517 411 629 439 Periclis
644 411 794 447 Xanthippi
820 411 867 439 lilii
902 412 975 440 fama

184 458 332 489 excitatus,
350 457 385 484 ibi
403 457 492 492 primo
505 457 617 493 quidem
634 465 696 485 cum
710 457 872 486 clarissimis
888 458 974 486 Athe-

185 503 328 532 niensibus
343 503 520 531 erudiebatur
534 511 542 530 :
560 508 707 539 postquam
724 511 790 532 vero
812 503 910 532 civitas
925 511 975 532 co-

185 550 287 578 loniam
305 549 432 586 Sybarim
451 549 539 582 misit,
553 550 623 578 abiit
640 558 695 578 una
717 558 780 578 cum
795 549 881 578 fratre
894 549 975 578 Pole-

185 597 300 624 marcho
335 601 400 624 natu
431 596 565 629 maximo,
598 601 629 624 ut
658 596 825 626 hereditatis
856 601 976 633 paternae

185 643 324 679 particeps
350 643 437 671 fleret.
465 642 534 670 Cum
560 643 617 678 jam
644 643 849 679 quindecimum
871 652 974 672 annum

185 694 288 726 ageret,
306 689 378 725 apud
392 688 508 723 Tisiam,
522 693 551 717 et
564 688 670 717 Niciam
691 689 881 726 Syracusanos
894 690 975 719 insti-

185 739 283 771 tuitur,
301 746 420 773 cumque
431 738 543 766 domum
567 743 767 774 comparasset,
787 743 870 774 atque
885 739 975 767 haere-

184 785 296 813 ditatem
316 789 390 813 esset
407 788 592 818 consecutus,
612 785 680 812 vixit
703 785 731 813 in
754 793 863 813 summa
885 785 974 813 abun-

185 831 278 858 dantia
295 838 383 866 usque
397 830 431 858 ad
447 830 573 858 Clearchi
587 835 745 866 praeturam,
762 831 885 867 sequenti
902 838 975 859 anno

185 881 344 909 accusatus,
362 876 435 912 quod
459 882 554 913 partes
575 877 784 904 Atheniensium
801 881 973 912 sequeretur.

185 931 248 951 cum
264 923 326 951 aliis
342 923 430 951 tribus
458 928 500 950 est
513 923 602 958 patria
617 923 757 958 expulsus.
776 922 898 951 Athenas
908 930 974 950 vero

184 977 248 997 cum
265 969 397 1001 venisset,
416 977 478 996 cum
494 969 551 1004 jam
575 969 767 1005 quadringenti
789 969 839 996 viri
865 976 975 1003 rempu-

184 1014 285 1041 blicam
303 1014 331 1041 in
355 1021 434 1041 suam
457 1013 588 1041 ditionem
610 1013 789 1049 redegissent,
812 1013 840 1041 in
861 1020 893 1041 ea
909 1013 973 1049 egit.

184 1060 253 1088 Cum
272 1067 339 1088 vero
355 1060 468 1095 triginta
493 1060 546 1087 viri
570 1060 769 1095 rempublicam
794 1060 973 1094 recepissent,

183 1106 286 1134 mansit
297 1113 386 1133 annos
401 1110 505 1141 septem
524 1114 532 1133 :
553 1106 677 1141 privatus
693 1113 761 1134 vero
783 1106 972 1139 facultatibus,

183 1160 217 1180 ac
229 1152 313 1180 fratre
327 1151 505 1180 Polemarcho
526 1152 642 1185 amisso,
662 1152 722 1188 ipse
743 1159 816 1188 aegre
838 1151 973 1188 effugiens

183 1198 373 1226 imminentem
397 1198 559 1232 interitum,
582 1198 638 1233 egit
658 1198 786 1236 Megaris.
812 1197 973 1227 Tribulibus

182 1252 248 1272 vero
264 1244 337 1272 illius
352 1244 469 1272 reditum
485 1244 656 1280 urgentibus,
671 1245 836 1273 utilissimus
849 1245 973 1273 omnium

183 1289 247 1321 fuit.
266 1290 329 1318 data
350 1290 424 1318 mille
445 1290 638 1318 drachmarum
666 1291 793 1326 pecunia,
816 1295 844 1318 et
870 1291 973 1326 clypeis

182 1336 320 1369 ducentis,
347 1337 505 1372 missusque
531 1344 594 1365 cum
623 1337 760 1365 Hermone
791 1337 973 1365 subsidiarios

185 1383 286 1411 milites
311 1384 439 1411 mercede
459 1382 591 1411 conduxit
606 1387 742 1410 trecentos
756 1387 785 1410 et
803 1383 885 1416 duos.
909 1390 973 1419 per-

182 1429 326 1465 suasitque
354 1428 524 1465 Thrasybulo
551 1428 653 1457 Eliensi
679 1428 779 1465 590a
802 1429 912 1464 hospiti,
943 1434 973 1457 ut

183 1475 238 1503 duo
253 1475 357 1502 talenta
376 1475 463 1502 daret.
492 1475 539 1503 His
555 1475 588 1502 de
608 1476 702 1504 causis
730 1483 793 1503 cum
815 1476 973 1511 scripsisset

183 1521 428 1558 Thrasybulusjus
443 1521 561 1549 civitatis
579 1521 616 1548 illi
633 1527 694 1556 post
708 1521 826 1549 reditum
849 1522 971 1549 dandum

181 1576 254 1601 esse,
280 1567 398 1603 populus
425 1567 602 1595 Atheniensis
624 1568 726 1595 donum
751 1573 841 1595 ratum
864 1569 1007 1618 habuit.C

181 1615 320 1642 Arcliinus
346 1622 413 1642 vero
443 1621 505 1642 eum
530 1618 643 1642 accusat
674 1614 837 1642 violatarum
867 1615 969 1650 legum,

181 1660 255 1696 quod
271 1660 394 1688 nondum
415 1659 488 1688 facto
511 1659 762 1693 senatusconsulto,
774 1659 876 1688 donum
893 1667 971 1688 acce-

184 1706 280 1740 pisset.
308 1706 460 1740 Postquam
482 1712 548 1733 vero
565 1705 706 1732 decretum
732 1704 892 1741 abrogatum
917 1709 969 1738 est,

180 1752 244 1787 jure
268 1751 400 1784 civitatis,
425 1755 453 1778 et
477 1750 613 1786 reliquum
631 1755 737 1786 tempus
760 1750 872 1786 perinde
893 1758 926 1778 ac
948 1751 971 1779 si

181 1798 251 1825 civis
263 1797 370 1831 fuisset,
384 1796 529 1832 transegit,
541 1796 664 1832 obiitque
676 1797 778 1825 ibidem
792 1804 878 1825 annos
890 1802 972 1825 natus

183 1849 239 1872 tres
250 1843 444 1879 et‘octoginta,
460 1842 506 1871 alii
522 1846 626 1878 septem
638 1843 812 1872 subtrahunt.

500 1978 637 2007 CCLXIII.

478 2025 543 2054 1εωί
558 2027 704 2055 orationes.

217 2072 347 2108 Legimus
357 2072 447 2102 varias
459 2073 600 2102 orationes
607 2073 666 2102 Iszei
680 2083 687 2102 :
700 2082 817 2110 quarum
829 2083 971 2108 numerus.

185 2123 214 2146 ut
229 2118 315 2146 semel
332 2118 434 2151 dicam,
462 2118 607 2153 sexaginta
621 2123 742 2153 quatuor
756 2127 763 2146 :
778 2126 896 2153 quarum
911 2126 972 2154 ger—

182 2173 272 2193 mana!
290 2166 380 2194 solum
401 2165 613 2202 quinquaginta.
638 2165 749 2202 Lysiam
773 2170 865 2193 autem
885 2168 972 2202 potis-

183 2211 284 2240 simum
300 2212 424 2239 imitatus
437 2216 489 2241 est.
505 2211 588 2246 cujus
603 2216 631 2238 et
645 2211 797 2246 discipulus
821 2211 881 2240 fuit.
906 2212 972 2240 lmi-

181 2263 268 2285 Iatum
278 2265 344 2285 vero
353 2257 430 2285 illum
440 2257 525 2286 fuisse
532 2257 624 2292 arguit
635 2257 776 2285 nominum
786 2258 969 2293 concinnitas,

178 2308 207 2330 et
220 2310 312 2330 rerum
328 2303 458 2338 gravitas.
473 2303 520 2330 Sic
532 2303 606 2331 enim
621 2303 762 2331 orationes
773 2304 846 2332 illius
857 2303 966 2338 Lysiam

178 2349 334 2381 imitantur,
351 2354 382 2376 ut
399 2348 453 2376 nisi
468 2348 531 2384 quis
547 2348 692 2384 diligenter
709 2349 841 2383 attendat,
862 2350 966 2378 utrius-

178 2401 234 2429 que
250 2393 312 2429 styli
331 2392 512 2421 diﬂerentiam
528 2392 574 2420 vix
599 2392 753 2428 dignoscat,
778 2393 920 2421 schemata
942 2394 966 2421 si

177 2440 312 2476 excipias.
329 2438 437 2467 Etenim
451 2439 557 2474 primus
569 2438 653 2466 Isaeus
667 2439 808 2466 schemata
828 2439 965 2473 adhibuit,

176 2491 205 2515 et
214 2486 335 2514 animum
345 2485 378 2514 ad
392 2485 500 2514 civilem
509 2490 596 2513 artem
607 2486 754 2518 convertit,
765 2486 839 2521 quod
848 2487 968 2515 maxime

177 2532 387 2565 Demosthenes,
403 2531 477 2559 illius
488 2531 654 2566 discipulus,
665 2531 789 2560 imitatus
801 2536 853 2560 est.
862 2532 967 2561 Genere

175 2583 236 2606 erat
249 2577 448 2606 Chalcidensis.
462 2576 583 2605 Athenas
593 2584 659 2605 vero
674 2577 776 2606 missus
793 2577 881 2614 Lysia:
896 2587 966 2614 μνω-

176 2625 290 2660 ceptori,
309 2628 340 2651 ut
362 2623 493 2656 diximus,
519 2630 632 2658 operam
655 2623 741 2652 dedit.
768 2623 875 2652 Floruit
899 2631 965 2652 vero

176 2675 240 2707 post
253 2669 518 2706 Peloponnesiacum
532 2669 682 2702 bellum,et
696 2677 784 2706 usque
799 2671 833 2698 ad
848 2670 966 2707 Philippi

177 2717 323 2754 imperium
340 2715 476 2752 pervenit.
497 2714 548 2744 Hic
563 2716 660 2744 relicto
683 2716 748 2745 ludo
771 2724 843 2750 suo.
867 2717 966 2746 Demoo

1026 271 1114 304 οὕτως
1135 272 1229 299 ίκανόν
1244 281 1251 288 ·
1268 273 1317 299 καὶ
1343 273 1399 308 γὰρ
1419 272 1472 299 κάν
1497 272 1586 308 τούτῳ
1604 272 1645 307 τῷ
1664 272 1743 308 μέρει
1767 272 1818 307 τῆς

1025 319 1128 355 ἀρετῆς
1144 318 1192 346 τοῦ
1206 319 1286 354 λόγου
1299 318 1405 351 οὐδενὸς
1419 319 1517 354 ὁρᾶται
1531 318 1707 354 φαυλότερος.
1721 315 1820 345 Εῐδεδδ

1026 366 1204 401 Δημοσθένην
1224 365 1368 401 μειράκιον
1383 365 1407 382 ⁸⁸
1430 365 1506 393 ὅντα.
1533 365 1603 397 Παῖς
1626 364 1656 392 δὲ
1676 363 1790 399 γέγονεν
1804 365 1820 392 δ

1026 410 1129 442 Λυσίας
1143 410 1270 445 Κεφάλου
1284 410 1332 438 τοῦ
1352 411 1489 438 Λυσανίου
1504 409 1551 438 τοῦ
1573 410 1715 445 Κεφάλου,
1740 409 1820 444 γένος

1027 456 1276 492 μὲνΣνρακούσιος,
1293 456 1464 492 μετανάστης
1472 456 1501 483 δὶ
1511 455 1630 490 γεγονὼς
1644 455 1684 488 εἰς
1702 455 1820 491 Ἀθήνας

1026 502 1103 538 πόθῳ
1112 511 1143 530 τε
1159 502 1208 538 τῆς
1224 502 1329 535 πόλεως
1351 503 1399 530 καὶ
1414 503 1465 538 τῆς
1480 501 1646 538 Περικλέους
1671 501 1720 528 τοῦ
1748 501 1818 529 Ξαν-

1025 549 1127 576 θίππου
1155 549 1260 585 φήμης,
1287 545 1348 586 ὲνῇ
1369 549 1404 576 τὰ
1427 548 1478 584 μιν
1494 548 1592 584 πρῶτα
1608 546 1819 575 συνεπαιδεύετο

1025 597 1083 628 τοῖς
1098 595 1327 631 ἐπιφανεστάτοις
1340 595 1396 623 τῶν
1413 594 1574 630 Ἀθηναίων,
1590 593 1704 630 ὕστερον
1714 594 1744 621 δὲ
1767 593 1818 629 τὴν

1025 640 1192 676 είςΣύὸαριν
1199 641 1330 668 ἀποικίαν
1337 639 1448 668 στελλού
1452 647 1502 675 σης
1509 639 1560 675 τῆς
1566 639 1670 671 πόλεως
1681 638 1762 675 [1464
1769 638 1817 674 IL]

1025 685 1111 722 ᾤχετο
1124 686 1172 712 καὶ
1196 685 1279 717 αὐτὸς
1299 685 1349 712 σὺν
1362 684 1402 720 τῷ
1415 683 1598 720 πρεσϐυτάτῳ
1617 682 1671 710 τῶν
1694 682 1818 718 ἀδελφῶν

1025 731 1205 767 Πολεμάρχῳ,
1226 731 1269 766 ἐφ’
1281 728 1304 765 ᾧ
1317 730 1364 758 τοῦ
1382 729 1510 766 πατρῴου
1524 729 1669 764 μετασχεῖν
1693 728 1797 764 κλήρου
1808 735 1817 743 ·

1025 776 1085 808 ἔτος
1098 776 1127 803 δὲ
1141 775 1332 808 ἑξκαιδέκατον
1341 776 1364 792 ³⁸
1386 772 1449 810 ἦγε.
1471 773 1530 800 Καὶ
1550 773 1685 808 διέτριόεν
1708 771 1817 808 ἀκροώ-

1026 830 1106 856 μενος
1121 821 1216 848 Τισίου
1233 829 1262 847 τε
1280 820 1328 848 καὶ
1346 819 1433 847 Nuda
1448 818 1502 846 τῶν
1518 819 1709 855 Συρακουσίων
1721 818 1755 845 ’⁸.
1771 819 1814 846 οι-

1026 866 1088 893 κίαν
1100 866 1129 893 δὲ
1143 865 1422 900 κατασκευασάμενος
1437 865 1485 892 καὶ
1502 865 1604 900 κλήρου
1620 864 1710 899 τυχὼν
1727 864 1818 892 imit-

991 907 1012 935 Β
1026 912 1120 939 τεύετο
1135 912 1190 938 τῶν
1205 911 1311 938 πολλῶν
1332 910 1397 947 [798
1421 909 1471 946 Η.]
1493 910 1544 937 οὐκ
1570 910 1741 944 ἐνδεέστερον
1764 910 1818 942 ἕως

1027 959 1169 995 Κλεάρχου
1196 958 1244 986 τοῦ
1275 958 1421 994 Ἀθήνῃσιν
1450 958 1582 994 ἄρχοντος
1597 964 1606 973 ·
1632 956 1673 992 τῷ
1696 956 1725 984 δὲ
1751 957 1816 993 ἑξῆς

1026 1005 1143 1040 ἐνιαυτῷ
1169 1003 1320 1037 ἀττικίζειν
1348 1003 1483 1036 αἰτιαθεὶς
1510 1003 1571 1039 μεθ’
1598 1003 1700 1039 ἑτέρων
1730 1003 1816 1039 τριῶν

1026 1051 1141 1084 ἐξέπεσε
1154 1051 1204 1087 τῆς
1219 1050 1357 1087 πατρίδος.
1373 1050 1503 1088 Ἀθήνῃσι
1516 1050 1546 1078 δὲ
1555 1049 1751 1086 παραγεγονὼς
1761 1049 1817 1077 τῶν

1026 1097 1049 1125 λ’
1062 1098 1113 1134 τὴν
1127 1097 1204 1124 πόλιν
1222 1097 1339 1133 ἑχόντων
1357 1097 1493 1132 διέμεινεν
1510 1096 1533 1114 ’⁷
1548 1096 1643 1124 αὐτόθι
1654 1103 1662 1111 ·
1686 1096 1740 1123 τῶν
1755 1095 1816 1124 λ’δὲ

1026 1143 1078 1180 τὴν
1092 1143 1169 1171 πόλιν
1194 1143 1460 1179 ἀντικατασχόντων,
1479 1142 1502 1176 ζ’
1531 1143 1581 1179 μὲν
1596 1142 1644 1179 ἐτη
1668 1141 1815 1178 διέμεινεν,

1027 1189 1202 1225 ’Δφαιρεθεὶς
1227 1189 1257 1217 δὲ
1269 1189 1320 1226 τήν
1342 1189 1437 1216 οὐσίαν
1451 1189 1499 1217 καὶ
1524 1189 1571 1217 τδν
1584 1189 1697 1224 ἀδελφὸν
1711 1189 1817 1225 Πολέμ-

1026 1243 1114 1271 αρχον
1134 1235 1290 1269 ἀποϐαλὼν,
1318 1235 1400 1268 αὐτὸς
1419 1235 1497 1271 μόλις
1511 1235 1623 1271 διαδρὰς
1639 1236 1687 1263 τὸν
1701 1236 1816 1271 ἐπικρε-

1027 1281 1148 1316 μάμενον
1171 1281 1292 1317 ὄλεθρον,
1314 1282 1409 1316 διῆγεν
1428 1282 1464 1309 ’ὲν
1486 1281 1635 1317 Μεγάροις.
1650 1281 1712 1309 Τῶν
1723 1281 1747 1308 δ’
1759 1281 1816 1310 ἀπὸ

1024 1327 1115 1362 Φυλῆς
1138 1328 1307 1363 ἐπιθεμένων
1330 1330 1363 1364 τῇ
1381 1328 1486 1364 καθόδῳ
1504 1328 1714 1364 χρησιμώτατος
1728 1328 1817 1356 ἁπάνο

1024 1383 1079 1402 των
1088 1374 1183 1409 γέγονε
1214 1375 1247 1410 τῇ
1277 1374 1396 1410 πράξει·
1429 1374 1558 1410 χρήματά
1582 1382 1612 1401 τε
1647 1373 1702 1409 γὰρ
1733 1374 1816 1407 αὐτὸς

1025 1420 1129 1456 παρέχε
1135 1420 1259 1456 δραχμὰς
1265 1420 1288 1437 ⁵⁸
1299 1419 1431 1456 δισχιλίας
1438 1420 1485 1447 καὶ
1492 1419 1609 1451 ἀσπίδας
1620 1418 1657 1452 ς’,
1669 1419 1776 1452 σταλεὶς
1786 1419 1816 1446 δὲ

1026 1467 1075 1494 σὺν
1100 1467 1215 1502 Ἕρμονι
1241 1467 1404 1502 ἐπικούρους
1433 1475 1463 1493 τε
1506 1466 1677 1499 έμισθώσατο
1699 1469 1733 1498 τ’,
1767 1466 1817 1493 καὶ

1025 1512 1194 1547 Θρασύδαιον
1216 1513 1262 1539 τὸν
1284 1512 1388 1539 Ἠλεῖον
1403 1512 1495 1539 ἔπεισε
1522 1512 1600 1545 ξένον
1615 1512 1680 1539 ὄντα
1698 1512 1773 1548 αὐτῷ
1792 1514 1814 1548 β’

1025 1558 1145 1586 τάλαντα
1162 1559 1324 1594 παρασχεῖν.
1345 1557 1403 1592 Ἐφ’
1421 1554 1463 1590 οἷς
1478 1557 1581 1593 γράφει
1600 1558 1650 1593 μὲν
1673 1558 1743 1593 μετὰ
1764 1558 1816 1593 τὴν

1023 1605 1136 1633 κάθοδον
1158 1606 1173 1632 ό
1194 1604 1384 1640 Θρασύϐουλος
1398 1604 1535 1631 πολιτείαν
1553 1604 1638 1639 αὐτῷ,
1651 1605 1665 1631 ό
1679 1604 1708 1631 δὲ
1729 1605 1817 1640 δῆμος

1021 1651 1146 1687 ἐκύρωσε
1168 1650 1218 1686 τήν
1235 1650 1350 1686 δωρεάν.
1369 1650 1491 1686 ’Δρχῖνος
1501 1650 1540 1682 δὲ,
1555 1649 1600 1676 διὰ
1624 1649 1655 1677 τδ
1678 1650 1817 1685 ἀπροϐούν

1022 1696 1115 1724 λευτον
1131 1696 1292 1732 είσαχθῆναι
1313 1695 1344 1722 τὺ
1356 1694 1497 1731 ψήφισμα,
1516 1695 1653 1730 γράφεται
1679 1694 1814 1732 [γραφὴν]

1022 1743 1191 1780 παρανόμων
1212 1743 1262 1778 τὴν
1282 1743 1387 1778 δωρεάν
1400 1750 1408 1758 ·
1433 1742 1481 1769 καὶ
1500 1742 1562 1768 ἐπεὶ
1584 1742 1761 1778 κατεγνώσθη
1783 1743 1816 1769 τὸ

1022 1789 1160 1825 ψήφισμα,
1176 1789 1225 1824 τῆς
1243 1788 1293 1824 μὲν
1310 1788 1452 1820 πολιτείας
1471 1789 1485 1815 ό
1500 1788 1604 1820 Λυσίας
1620 1787 1813 1822 ἀπελαύνεται,

1022 1837 1070 1864 τὸν
1084 1835 1177 1862 λοιπὸν
1190 1835 1220 1862 δὲ
1243 1835 1340 1871 χρόνον
1360 1834 1481 1862 κατεϐίω
1496 1834 1618 1870 ἰσοτελὴς
1630 1834 1677 1861 ῶν.
1697 1834 1752 1862 Καὶ
1767 1843 1814 1861 τε-

1023 1881 1107 1916 λευτᾷ
1123 1879 1230 1912 αὐτόθι,
1252 1882 1278 1914 7'
1294 1879 1343 1907 καὶ
1356 1879 1384 1906 π’
1411 1879 1460 1914 ἔτη
1473 1878 1594 1913 γεγονώς
1606 1887 1614 1896 ο
1642 1880 1667 1906 oi
1687 1879 1717 1906 δὲ
1730 1879 1814 1915 ἀφαι-

1024 1926 1116 1963 ροῦσιν
1131 1926 1215 1954 αὐτοῦ
1228 1925 1261 1958 ζ’.

1374 1980 1454 2009 ΣΞΓ.

1304 2029 1420 2057 Ἰσαίου
1438 2028 1533 2063 λόγοι.

1064 2077 1290 2113 ’Δνεγνὼσθησαν
1301 2076 1325 2092 ’³
1340 2075 1438 2102 Ἰσαίου
1452 2074 1577 2110 διάφοροι
1594 2074 1679 2108 λόγοι.
1691 2069 1771 2101 Οὗτοι
1782 2073 1812 2100 δδ

1023 2125 1116 2156 ἁπλῶς
1128 2125 1216 2151 εἰπεῖν
1242 2123 1283 2155 είς
1304 2122 1326 2149 δ’
1341 2121 1389 2148 καὶ
1403 2121 1425 2154 ξ’
1440 2119 1685 2156 συναριθμοῦνται·
1708 2119 1813 2146 τούτων

1021 2170 1051 2197 δὲ
1066 2170 1091 2197 οί
1105 2169 1136 2196 τὸ
1160 2168 1273 2203 γνήσιον
1298 2166 1523 2202 μαρτυρηθέντες
1546 2168 1569 2192 ν’
1601 2163 1812 2192 καταλείπονται

1024 2217 1110 2252 μόνοι.
1125 2215 1226 2242 Λυσίου
1243 2213 1251 2229 ¹
1265 2213 1294 2240 δὲ
1306 2213 1402 2247 γέγονε
1423 2211 1555 2248 μιμητὴς,
1567 2206 1599 2237 οὗ
1612 2210 1660 2237 καὶ
1685 2208 1812 2245 μαθητὴς

987 2261 1008 2289 D
1024 2261 1203 2298 ἐχρημάτισε.
1222 2259 1278 2295 Τὴν
1292 2258 1408 2294 μίμησιν
1417 2257 1446 2285 δὲ
1457 2256 1532 2293 αὐτῷ
1549 2255 1701 2292 προσάπτει
1715 2255 1771 2282 τῶν
1780 2264 1813 2282 τε

1021 2308 1162 2342 ὀνομάτων
1171 2306 1188 2342 ή
1201 2305 1318 2341 ἁρμονία
1328 2304 1402 2340 καὶὴ
1416 2304 1445 2331 ὲν
1460 2303 1517 2334 τοῖς
1526 2301 1670 2338 πράγμασι
1676 2300 1811 2336 δεινότηςο

1008 2346 1092 2380 ὀὔτω
1105 2351 1160 2387 γὰρ
1166 2350 1250 2378 αὐτοῦ
1260 2351 1285 2377 οί
1298 2350 1373 2385 λόγοι
1385 2349 1454 2385 πρὸς
1469 2347 1589 2379 ἐκείνους
1600 2347 1649 2382 τὴν
1664 2346 1812 2382 ὁμοιότητα

1020 2398 1149 2434 φέρουσιν
1163 2397 1212 2430 ὼς,
1227 2396 1252 2423 εί
1266 2397 1303 2432 μή
1318 2404 1360 2427 τις
1378 2394 1480 2431 πολλὴν
1492 2393 1582 2421 αὐτῶν
1596 2393 1740 2429 ποιήσαιτο
1761 2392 1812 2428 τὴν

1019 2443 1162 2479 διάσκεψιν
1181 2442 1229 2470 καὶ
1249 2440 1376 2477 μελέτην,
1395 2440 1446 2467 οὐκ
1459 2439 1494 2467 ἂν
1507 2438 1648 2475 ἑκατέρων
1662 2437 1750 2473 λόγων
1760 2436 1811 2464 τοῦ

1019 2488 1194 2525 χαρακτῆρος
1217 2486 1267 2522 τὴν
1288 2485 1419 2521 διαφορὰν
1444 2484 1567 2520 διαγνοίη
1577 2504 1586 2518 ,
1602 2483 1673 2520 πλὴν
1690 2482 1762 2510 κατά
1776 2491 1809 2516 γε

1018 2536 1082 2568 τοὺς
1098 2532 1316 2570 σχηματισμούς.
1331 2532 1386 2559 Καὶ
1397 2532 1452 2567 γὰρ
1463 2530 1573 2567 πρῶτος
1589 2531 1686 2563 ἰσαίος
1699 2538 1811 2566 σχημα-

1016 2581 1102 2614 τίζειν
1124 2580 1227 2617 ήρξατο
1248 2579 1297 2606 καὶ
1317 2578 1432 2614 τρέπειν
1461 2578 1510 2606 ἐπὶ
1533 2578 1564 2606 τὸ
1596 2577 1736 2605 πολιτικὸν
1759 2576 1811 2612 τήν

1017 2627 1146 2660 διάνοιαν,
1157 2626 1172 2653 ὃ
1184 2626 1301 2661 μάλιστα
1314 2625 1363 2652 xal.
1374 2624 1560 2661 Δημοσθένης,
1579 2623 1703 2660 μαθητής
1726 2622 1810 2650 αὐτοῦ

1019 2672 1150 2707 γεγονὼς,
1165 2671 1332 2707 ἐμιμήσατο.
1351 2670 1503 2703 Χαλκιδεὺς
1515 2670 1544 2697 δι
1554 2670 1564 2686 ²
1577 2669 1673 2705 γέγονε
1685 2668 1716 2696 τὸ
1731 2668 1812 2703 γένος

1019 2720 1034 2747 ὁ
1057 2718 1163 2752 Ἰσαῖος,
1187 2718 1228 2749 είς
1252 2716 1368 2753 Ἀθήνας
1387 2716 1417 2744 δὲ
1433 2715 1571 2753 μετελθὼν
1595 2715 1742 2752 ἐσχόλασεν
1760 2714 1811 2748 (ὡς

818 2800 939 2830 VAHIE
959 2801 1161 2831 LEG'I‘IONES.

211 2866 235 2881 ”
249 2867 392 2904 μειράκιον
406 2865 581 2902 Δημοσθένην
596 2874 627 2898 ς.
664 2866 687 2883 ’⁸
701 2866 893 2900 ἐξκαιδέκατον
903 2869 925 2896 Α

176 2908 222 2928 νεν
253 2903 288 2929 Δ.
340 2903 364 2920 ⁸⁸
382 2901 508 2929 omnia:
525 2901 656 2929 δισγιλίας
675 2902 797 2929 παρέσγε
810 2910 840 2929 ς.
877 2905 900 2921 ³⁸

955 2879 962 2898 :
989 2870 1069 2898 πέντε
1083 2871 1130 2897 καὶ
1139 2869 1251 2897 δέκατον
1270 2877 1301 2901 ς.

340 2903 364 2920 ⁸⁸
382 2901 508 2940 δραχμὰς
525 2901 656 2938 δισχιλίας
675 2902 797 2938 παρέσχε
810 2910 840 2935 ς.
877 2905 900 2921 ⁸⁸
937 2905 1094 2942 ἀνεγνώσθη
1124 2906 1156 2933 Α.
1196 2905 1204 2922 ¹
1224 2905 1312 2932 Λυσία
1326 2904 1359 2931 Λ.
1397 2904 1407 2919 ¹

1346 2868 1369 2884 ’⁸
1386 2867 1577 2932 ξυὲἑιζιόῖισίυέν
1591 2868 1625 2896 Δ.

1678 2866 1702 2884 η
1715 2864 1809 2901 MP...
