  <div class='ocr_page' id='page_1' title='image "/cluster/home/n/w/nwhite01/storage/ocr_20150623/104/njp.32101077772885/092.png"; bbox 0 0 1945 3073; ppageno 0'>
   <div class='ocr_carea' id='block_1_1' title="bbox 156 174 1349 212">
    <p class='ocr_par' dir='ltr' id='par_1_1' title="bbox 156 174 1349 212">
     <span class='ocr_line' id='line_1_1' title="bbox 156 174 1349 212; baseline -0.003 -2"><span class='ocrx_word' id='word_1_1' title='bbox 156 179 200 212; x_wconf 82' lang='grc'><strong>173</strong></span> <span class='ocrx_word' id='word_1_2' title='bbox 573 175 838 207; x_wconf 72' lang='lat' dir='ltr'><strong>BLBLIOTHECA.</strong></span> <span class='ocrx_word' id='word_1_3' title='bbox 855 187 890 193; x_wconf 89' lang='lat'><strong>—</strong></span> <span class='ocrx_word' id='word_1_4' title='bbox 903 174 1012 205; x_wconf 87' lang='lat' dir='ltr'><strong>CODD.</strong></span> <span class='ocrx_word' id='word_1_5' title='bbox 1028 175 1185 212; x_wconf 86' lang='lat' dir='ltr'><strong>CCLXIII,</strong></span> <span class='ocrx_word' id='word_1_6' title='bbox 1202 175 1349 207; x_wconf 86' lang='lat' dir='ltr'><strong>CCLXIV.</strong></span> 
     </span>
    </p>
   </div>
   <div class='ocr_carea' id='block_1_2' title="bbox 1733 173 1784 207">
    <p class='ocr_par' dir='ltr' id='par_1_2' title="bbox 1733 173 1784 207">
     <span class='ocr_line' id='line_1_2' title="bbox 1733 173 1784 207; baseline -0.02 0"><span class='ocrx_word' id='word_1_7' title='bbox 1733 173 1784 207; x_wconf 77' lang='grc' dir='ltr'><strong>ιτι</strong></span> 
     </span>
    </p>
   </div>
   <div class='ocr_carea' id='block_1_3' title="bbox 154 230 940 270">
    <p class='ocr_par' dir='ltr' id='par_1_3' title="bbox 154 230 938 270">
     <span class='ocr_line' id='line_1_3' title="bbox 154 230 938 270; baseline -0.005 -9"><span class='ocrx_word' id='word_1_8' title='bbox 154 233 321 270; x_wconf 85' lang='grc' dir='ltr'>προείρηται)</span> <span class='ocrx_word' id='word_1_9' title='bbox 334 232 438 268; x_wconf 71' lang='grc' dir='ltr'>Λυσίᾳ*</span> <span class='ocrx_word' id='word_1_10' title='bbox 457 233 566 268; x_wconf 72' lang='grc' dir='ltr'>ἦκμασε.</span> <span class='ocrx_word' id='word_1_11' title='bbox 581 232 610 258; x_wconf 84' lang='grc' dir='ltr'><strong>δὲ</strong></span> <span class='ocrx_word' id='word_1_12' title='bbox 633 231 703 267; x_wconf 85' lang='grc' dir='ltr'>μετὰ</span> <span class='ocrx_word' id='word_1_13' title='bbox 723 231 769 258; x_wconf 77' lang='grc' dir='ltr'>τὸν</span> <span class='ocrx_word' id='word_1_14' title='bbox 783 230 938 265; x_wconf 85' lang='grc' dir='ltr'>Πελοποννη</span> 
     </span>
    </p>
   </div>
   <div class='ocr_carea' id='block_1_4' title="bbox 994 230 1783 270">
    <p class='ocr_par' dir='ltr' id='par_1_4' title="bbox 994 231 1783 268">
     <span class='ocr_line' id='line_1_4' title="bbox 994 231 1783 268; baseline 0.003 -10"><span class='ocrx_word' id='word_1_15' title='bbox 994 231 1114 259; x_wconf 87' lang='lat' dir='ltr'><strong>sthenem</strong></span> <span class='ocrx_word' id='word_1_16' title='bbox 1130 231 1224 259; x_wconf 86' lang='lat' dir='ltr'><strong>decem</strong></span> <span class='ocrx_word' id='word_1_17' title='bbox 1242 232 1359 259; x_wconf 87' lang='lat' dir='ltr'><strong>millium</strong></span> <span class='ocrx_word' id='word_1_18' title='bbox 1380 231 1575 260; x_wconf 91' lang='lat' dir='ltr'><strong>drac‘hmarum</strong></span> <span class='ocrx_word' id='word_1_19' title='bbox 1590 231 1679 268; x_wconf 88' lang='lat' dir='ltr'><strong>pretio</strong></span> <span class='ocrx_word' id='word_1_20' title='bbox 1699 233 1783 261; x_wconf 89' lang='lat' dir='ltr'><strong>insti-</strong></span> 
     </span>
    </p>
   </div>
   <div class='ocr_carea' id='block_1_5' title="bbox 154 277 940 315">
    <p class='ocr_par' dir='ltr' id='par_1_5' title="bbox 154 277 940 315">
     <span class='ocr_line' id='line_1_5' title="bbox 154 277 940 315; baseline -0.005 -7"><span class='ocrx_word' id='word_1_21' title='bbox 154 281 240 308; x_wconf 80' lang='grc' dir='ltr'>σιακὸν</span> <span class='ocrx_word' id='word_1_22' title='bbox 255 280 384 315; x_wconf 80' lang='grc' dir='ltr'>πόλεμον,</span> <span class='ocrx_word' id='word_1_23' title='bbox 404 279 453 306; x_wconf 76' lang='grc' dir='ltr'>καὶ</span> <span class='ocrx_word' id='word_1_24' title='bbox 469 278 550 314; x_wconf 60' lang='grc' dir='ltr'>μῄίρι</span> <span class='ocrx_word' id='word_1_25' title='bbox 571 278 622 313; x_wconf 82' lang='grc' dir='ltr'>τῆς</span> <span class='ocrx_word' id='word_1_26' title='bbox 635 278 776 304; x_wconf 76' lang='grc' dir='ltr'>ἱΦιλίππου</span> <span class='ocrx_word' id='word_1_27' title='bbox 796 277 940 313; x_wconf 81' lang='grc' dir='ltr'><strong>διήρκεσεν</strong></span> 
     </span>
    </p>
   </div>
   <div class='ocr_carea' id='block_1_6' title="bbox 154 323 940 363">
    <p class='ocr_par' dir='ltr' id='par_1_6' title="bbox 154 323 940 363">
     <span class='ocr_line' id='line_1_6' title="bbox 154 323 940 363; baseline -0.008 -8"><span class='ocrx_word' id='word_1_28' title='bbox 154 327 244 363; x_wconf 78' lang='grc' dir='ltr'>ἀρχῆς.</span> <span class='ocrx_word' id='word_1_29' title='bbox 268 325 403 357; x_wconf 84' lang='grc' dir='ltr'>Ἀποστὰς</span> <span class='ocrx_word' id='word_1_30' title='bbox 415 325 426 341; x_wconf 84' lang='grc'>³</span> <span class='ocrx_word' id='word_1_31' title='bbox 442 324 471 352; x_wconf 84' lang='grc' dir='ltr'><strong>δὲ</strong></span> <span class='ocrx_word' id='word_1_32' title='bbox 483 333 550 351; x_wconf 87' lang='grc' dir='ltr'>ποτε</span> <span class='ocrx_word' id='word_1_33' title='bbox 563 324 614 360; x_wconf 85' lang='grc' dir='ltr'>τῆς</span> <span class='ocrx_word' id='word_1_34' title='bbox 631 323 728 360; x_wconf 83' lang='grc' dir='ltr'><strong>σχολῆς</strong></span> <span class='ocrx_word' id='word_1_35' title='bbox 742 323 789 350; x_wconf 73' lang='grc' dir='ltr'><strong>ἐπὶ</strong></span> <span class='ocrx_word' id='word_1_36' title='bbox 803 323 940 359; x_wconf 82' lang='grc' dir='ltr'><strong>δραχμαῖς</strong></span> 
     </span>
    </p>
   </div>
   <div class='ocr_carea' id='block_1_7' title="bbox 994 275 1781 311">
    <p class='ocr_par' dir='ltr' id='par_1_7' title="bbox 994 275 1781 311">
     <span class='ocr_line' id='line_1_7' title="bbox 994 275 1781 311; baseline 0.003 -9"><span class='ocrx_word' id='word_1_37' title='bbox 994 276 1058 309; x_wconf 88' lang='lat' dir='ltr'><strong>tuit,</strong></span> <span class='ocrx_word' id='word_1_38' title='bbox 1074 276 1110 303; x_wconf 89' lang='lat' dir='ltr'><strong>ob</strong></span> <span class='ocrx_word' id='word_1_39' title='bbox 1126 275 1208 310; x_wconf 86' lang='lat' dir='ltr'><strong>idque</strong></span> <span class='ocrx_word' id='word_1_40' title='bbox 1219 276 1339 304; x_wconf 77' lang='lat' dir='ltr'><strong>maxime</strong></span> <span class='ocrx_word' id='word_1_41' title='bbox 1352 276 1491 305; x_wconf 79' lang='lat' dir='ltr'><strong>excelluit.</strong></span> <span class='ocrx_word' id='word_1_42' title='bbox 1505 277 1559 311; x_wconf 93' lang='lat' dir='ltr'><strong>lpsi</strong></span> <span class='ocrx_word' id='word_1_43' title='bbox 1583 276 1666 304; x_wconf 89' lang='lat' dir='ltr'><strong>etiam</strong></span> <span class='ocrx_word' id='word_1_44' title='bbox 1682 277 1781 304; x_wconf 91' lang='lat' dir='ltr'><strong>Demo-</strong></span> 
     </span>
    </p>
   </div>
   <div class='ocr_carea' id='block_1_8' title="bbox 994 322 1711 358">
    <p class='ocr_par' dir='ltr' id='par_1_8' title="bbox 994 322 1711 358">
     <span class='ocr_line' id='line_1_8' title="bbox 994 322 1711 358; baseline 0 -8"><span class='ocrx_word' id='word_1_45' title='bbox 994 322 1085 350; x_wconf 88' lang='lat' dir='ltr'><strong>stheni</strong></span> <span class='ocrx_word' id='word_1_46' title='bbox 1098 322 1133 350; x_wconf 89' lang='lat' dir='ltr'><strong>de</strong></span> <span class='ocrx_word' id='word_1_47' title='bbox 1147 327 1175 349; x_wconf 93' lang='lat' dir='ltr'><strong>tu</strong></span> <span class='ocrx_word' id='word_1_48' title='bbox 1181 322 1287 351; x_wconf 83' lang='lat' dir='ltr'><strong>toribus</strong></span> <span class='ocrx_word' id='word_1_49' title='bbox 1300 322 1444 358; x_wconf 84' lang='lat' dir='ltr'><strong>scripsisse</strong></span> <span class='ocrx_word' id='word_1_50' title='bbox 1457 322 1548 350; x_wconf 88' lang='lat' dir='ltr'><strong>l‘erunt</strong></span> <span class='ocrx_word' id='word_1_51' title='bbox 1559 324 1711 351; x_wconf 83' lang='lat' dir='ltr'><strong>orationes.</strong></span> 
     </span>
    </p>
   </div>
   <div class='ocr_carea' id='block_1_9' title="bbox 155 368 1784 412">
    <p class='ocr_par' dir='ltr' id='par_1_9' title="bbox 155 368 1784 412">
     <span class='ocr_line' id='line_1_9' title="bbox 155 368 1784 412; baseline -0.003 -11"><span class='ocrx_word' id='word_1_52' title='bbox 155 375 256 412; x_wconf 78' lang='grc' dir='ltr'><strong>μυρίαις</strong></span> <span class='ocrx_word' id='word_1_53' title='bbox 280 373 459 408; x_wconf 73' lang='grc' dir='ltr'><strong>καθηγήσατο</strong></span> <span class='ocrx_word' id='word_1_54' title='bbox 478 370 686 407; x_wconf 71' lang='grc' dir='ltr'><strong>Δημοσθένους·</strong></span> <span class='ocrx_word' id='word_1_55' title='bbox 701 370 741 398; x_wconf 79' lang='grc' dir='ltr'><strong>διὸ</strong></span> <span class='ocrx_word' id='word_1_56' title='bbox 761 371 810 398; x_wconf 84' lang='grc' dir='ltr'>καὶ</span> <span class='ocrx_word' id='word_1_57' title='bbox 837 370 955 406; x_wconf 85' lang='grc' dir='ltr'>μάλιστα</span> <span class='ocrx_word' id='word_1_58' title='bbox 981 369 1094 405; x_wconf 84' lang='grc' dir='ltr'>γέγονεν</span> <span class='ocrx_word' id='word_1_59' title='bbox 1114 369 1262 405; x_wconf 75' lang='grc' dir='ltr'>ἐπιφανής.</span> <span class='ocrx_word' id='word_1_60' title='bbox 1284 369 1353 397; x_wconf 73' lang='grc' dir='ltr'><strong>Φασὶ</strong></span> <span class='ocrx_word' id='word_1_61' title='bbox 1368 368 1398 396; x_wconf 83' lang='grc' dir='ltr'><strong>δὲ</strong></span> <span class='ocrx_word' id='word_1_62' title='bbox 1413 369 1495 396; x_wconf 83' lang='grc' dir='ltr'>αὑτὸν</span> <span class='ocrx_word' id='word_1_63' title='bbox 1516 369 1564 396; x_wconf 74' lang='grc' dir='ltr'>καὶ</span> <span class='ocrx_word' id='word_1_64' title='bbox 1586 369 1650 397; x_wconf 78' lang='grc' dir='ltr'>τοὺς</span> <span class='ocrx_word' id='word_1_65' title='bbox 1675 369 1784 405; x_wconf 74' lang='grc' dir='ltr'>ἐπιτρο-</span> 
     </span>
    </p>
   </div>
   <div class='ocr_carea' id='block_1_10' title="bbox 153 417 731 456">
    <p class='ocr_par' dir='ltr' id='par_1_10' title="bbox 153 417 731 456">
     <span class='ocr_line' id='line_1_10' title="bbox 153 417 731 456; baseline -0.005 -7"><span class='ocrx_word' id='word_1_66' title='bbox 153 421 245 454; x_wconf 80' lang='grc' dir='ltr'>πικοὺς</span> <span class='ocrx_word' id='word_1_67' title='bbox 272 420 370 455; x_wconf 80' lang='grc' dir='ltr'><strong>λόγους</strong></span> <span class='ocrx_word' id='word_1_68' title='bbox 395 419 563 456; x_wconf 80' lang='grc' dir='ltr'><strong>Δημοσθένει</strong></span> <span class='ocrx_word' id='word_1_69' title='bbox 591 417 731 452; x_wconf 79' lang='grc' dir='ltr'><strong>συντάξαι.</strong></span> 
     </span>
    </p>
   </div>
   <div class='ocr_carea' id='block_1_11' title="bbox 494 474 575 503">
    <p class='ocr_par' dir='ltr' id='par_1_11' title="bbox 494 474 575 503">
     <span class='ocr_line' id='line_1_11' title="bbox 494 474 575 503; baseline 0.012 -1"><span class='ocrx_word' id='word_1_70' title='bbox 494 474 575 503; x_wconf 84' lang='grc' dir='ltr'><strong>ΣΞΔ’.</strong></span> 
     </span>
    </p>
   </div>
   <div class='ocr_carea' id='block_1_12' title="bbox 407 521 665 557">
    <p class='ocr_par' dir='ltr' id='par_1_12' title="bbox 407 521 665 557">
     <span class='ocr_line' id='line_1_12' title="bbox 407 521 665 557; baseline -0.004 -7"><span class='ocrx_word' id='word_1_71' title='bbox 407 521 554 557; x_wconf 80' lang='grc' dir='ltr'>Δίσχινοῦ</span> <span class='ocrx_word' id='word_1_72' title='bbox 569 522 665 556; x_wconf 74' lang='grc' dir='ltr'>λόγοι.</span> 
     </span>
    </p>
   </div>
   <div class='ocr_carea' id='block_1_13' title="bbox 189 565 943 604">
    <p class='ocr_par' dir='ltr' id='par_1_13' title="bbox 189 565 943 604">
     <span class='ocr_line' id='line_1_13' title="bbox 189 565 943 604; baseline -0.001 -8"><span class='ocrx_word' id='word_1_73' title='bbox 189 567 413 603; x_wconf 82' lang='grc' dir='ltr'>Ἀνεγνώσθησαν</span> <span class='ocrx_word' id='word_1_74' title='bbox 435 567 447 584; x_wconf 73' lang='grc'><strong>⁸</strong></span> <span class='ocrx_word' id='word_1_75' title='bbox 457 568 584 603; x_wconf 75' lang='grc' dir='ltr'><strong>Αἰσχίνου</strong></span> <span class='ocrx_word' id='word_1_76' title='bbox 607 568 691 604; x_wconf 82' lang='grc' dir='ltr'><strong>λόγοι,</strong></span> <span class='ocrx_word' id='word_1_77' title='bbox 712 565 751 597; x_wconf 86' lang='grc' dir='ltr'>ὧν</span> <span class='ocrx_word' id='word_1_78' title='bbox 763 569 795 596; x_wconf 82' lang='grc' dir='ltr'>τὸ</span> <span class='ocrx_word' id='word_1_79' title='bbox 810 567 914 604; x_wconf 85' lang='grc' dir='ltr'>πλῆθος</span> <span class='ocrx_word' id='word_1_80' title='bbox 928 569 943 595; x_wconf 82' lang='grc' dir='ltr'><strong><em>ὸ</em></strong></span> 
     </span>
    </p>
   </div>
   <div class='ocr_carea' id='block_1_14' title="bbox 153 613 943 652">
    <p class='ocr_par' dir='ltr' id='par_1_14' title="bbox 153 613 943 652">
     <span class='ocr_line' id='line_1_14' title="bbox 153 613 943 652; baseline -0.001 -10"><span class='ocrx_word' id='word_1_81' title='bbox 153 616 221 652; x_wconf 82' lang='grc' dir='ltr'>τρεῖς</span> <span class='ocrx_word' id='word_1_82' title='bbox 249 613 367 650; x_wconf 77' lang='grc' dir='ltr'>ἀριθμὸς</span> <span class='ocrx_word' id='word_1_83' title='bbox 385 613 549 649; x_wconf 80' lang='grc' dir='ltr'>περιορίζει,</span> <span class='ocrx_word' id='word_1_84' title='bbox 564 614 613 642; x_wconf 78' lang='grc' dir='ltr'>καὶ</span> <span class='ocrx_word' id='word_1_85' title='bbox 640 615 783 643; x_wconf 78' lang='grc' dir='ltr'>ἐπιστολαὶ</span> <span class='ocrx_word' id='word_1_86' title='bbox 804 614 838 644; x_wconf 86' lang='grc' dir='ltr'><strong>θ’.</strong></span> <span class='ocrx_word' id='word_1_87' title='bbox 865 615 896 642; x_wconf 84' lang='grc' dir='ltr'>Ὁ</span> <span class='ocrx_word' id='word_1_88' title='bbox 913 613 943 641; x_wconf 83' lang='grc' dir='ltr'><strong>δὲ</strong></span> 
     </span>
    </p>
   </div>
   <div class='ocr_carea' id='block_1_15' title="bbox 155 659 942 697">
    <p class='ocr_par' dir='ltr' id='par_1_15' title="bbox 155 659 942 697">
     <span class='ocr_line' id='line_1_15' title="bbox 155 659 942 697; baseline -0.001 -9"><span class='ocrx_word' id='word_1_89' title='bbox 155 660 298 695; x_wconf 70' lang='grc' dir='ltr'>Δητλιακὸς</span> <span class='ocrx_word' id='word_1_90' title='bbox 314 660 536 696; x_wconf 79' lang='grc' dir='ltr'><strong>ἐπιγραφόμενος</strong></span> <span class='ocrx_word' id='word_1_91' title='bbox 555 661 606 687; x_wconf 84' lang='grc' dir='ltr'><strong>οὒκ</strong></span> <span class='ocrx_word' id='word_1_92' title='bbox 622 660 698 688; x_wconf 70' lang='grc' dir='ltr'>ἐστιν</span> <span class='ocrx_word' id='word_1_93' title='bbox 712 661 849 697; x_wconf 82' lang='grc' dir='ltr'>Αίσχίνου.</span> <span class='ocrx_word' id='word_1_94' title='bbox 863 659 942 688; x_wconf 82' lang='grc' dir='ltr'>Ἐστι</span> 
     </span>
    </p>
   </div>
   <div class='ocr_carea' id='block_1_16' title="bbox 152 705 941 742">
    <p class='ocr_par' dir='ltr' id='par_1_16' title="bbox 152 705 941 742">
     <span class='ocr_line' id='line_1_16' title="bbox 152 705 941 742; baseline -0.001 -9"><span class='ocrx_word' id='word_1_95' title='bbox 152 706 178 733; x_wconf 72' lang='grc' dir='ltr'><strong>δὲ</strong></span> <span class='ocrx_word' id='word_1_96' title='bbox 201 707 258 738; x_wconf 80' lang='grc' dir='ltr'>τοῖς</span> <span class='ocrx_word' id='word_1_97' title='bbox 280 706 371 740; x_wconf 90' lang='grc' dir='ltr'>λόγοις</span> <span class='ocrx_word' id='word_1_98' title='bbox 402 705 486 733; x_wconf 81' lang='grc' dir='ltr'>αὑτοῦ</span> <span class='ocrx_word' id='word_1_99' title='bbox 510 705 614 740; x_wconf 83' lang='grc' dir='ltr'>γλυκύς</span> <span class='ocrx_word' id='word_1_100' title='bbox 635 715 665 733; x_wconf 86' lang='grc' dir='ltr'><strong>τε</strong></span> <span class='ocrx_word' id='word_1_101' title='bbox 688 707 737 734; x_wconf 79' lang='grc' dir='ltr'>καὶ</span> <span class='ocrx_word' id='word_1_102' title='bbox 758 706 881 742; x_wconf 76' lang='grc' dir='ltr'>καθαρὸς</span> <span class='ocrx_word' id='word_1_103' title='bbox 893 706 941 733; x_wconf 81' lang='grc' dir='ltr'>καὶ</span> 
     </span>
    </p>
   </div>
   <div class='ocr_carea' id='block_1_17' title="bbox 153 750 939 788">
    <p class='ocr_par' dir='ltr' id='par_1_17' title="bbox 153 750 939 788">
     <span class='ocr_line' id='line_1_17' title="bbox 153 750 939 788; baseline 0.001 -10"><span class='ocrx_word' id='word_1_104' title='bbox 153 751 274 788; x_wconf 79' lang='grc' dir='ltr'>εὖκρινὴς</span> <span class='ocrx_word' id='word_1_105' title='bbox 307 751 355 778; x_wconf 79' lang='grc' dir='ltr'>καὶ</span> <span class='ocrx_word' id='word_1_106' title='bbox 394 752 428 787; x_wconf 87' lang='grc' dir='ltr'>τῇ</span> <span class='ocrx_word' id='word_1_107' title='bbox 454 750 509 778; x_wconf 84' lang='grc' dir='ltr'>τῶν</span> <span class='ocrx_word' id='word_1_108' title='bbox 553 751 753 787; x_wconf 76' lang='grc' dir='ltr'><strong>ἐνθυμημάτων</strong></span> <span class='ocrx_word' id='word_1_109' title='bbox 789 752 939 786; x_wconf 75' lang='grc' dir='ltr'>σαφηνεία</span> 
     </span>
    </p>
   </div>
   <div class='ocr_carea' id='block_1_18' title="bbox 152 789 940 833">
    <p class='ocr_par' dir='ltr' id='par_1_18' title="bbox 152 789 940 833">
     <span class='ocr_line' id='line_1_18' title="bbox 152 789 940 833; baseline -0.004 -7"><span class='ocrx_word' id='word_1_110' title='bbox 152 798 374 833; x_wconf 79' lang='grc' dir='ltr'>σεμνυνόμενος</span> <span class='ocrx_word' id='word_1_111' title='bbox 389 789 480 833; x_wconf 55' lang='grc'><strong>[1163</strong></span> <span class='ocrx_word' id='word_1_112' title='bbox 496 796 544 833; x_wconf 82' lang='lat' dir='ltr'><strong>R.]</strong></span> <span class='ocrx_word' id='word_1_113' title='bbox 566 797 596 824; x_wconf 79' lang='grc' dir='ltr'>Ὀ</span> <span class='ocrx_word' id='word_1_114' title='bbox 609 797 782 833; x_wconf 81' lang='grc' dir='ltr'>μέντοικατὰ</span> <span class='ocrx_word' id='word_1_115' title='bbox 796 797 940 833; x_wconf 81' lang='grc' dir='ltr'><strong>Τιμάρχου</strong></span> 
     </span>
    </p>
   </div>
   <div class='ocr_carea' id='block_1_19' title="bbox 1154 473 1611 504">
    <p class='ocr_par' dir='ltr' id='par_1_19' title="bbox 1154 473 1611 504">
     <span class='ocr_line' id='line_1_19' title="bbox 1154 473 1611 504; baseline -0.007 -1"><span class='ocrx_word' id='word_1_116' title='bbox 1154 473 1289 504; x_wconf 80' lang='lat' dir='ltr'><strong>CCLXIV.</strong></span> <span class='ocrx_word' id='word_1_117' title='bbox 1310 473 1448 501; x_wconf 63' lang='lat' dir='ltr'><strong>{Erchim&#39;t</strong></span> <span class='ocrx_word' id='word_1_118' title='bbox 1467 474 1611 502; x_wconf 72' lang='lat' dir='ltr'><strong>oratiom.</strong></span> 
     </span>
    </p>
   </div>
   <div class='ocr_carea' id='block_1_20' title="bbox 1027 563 1782 599">
    <p class='ocr_par' dir='ltr' id='par_1_20' title="bbox 1027 563 1782 599">
     <span class='ocr_line' id='line_1_20' title="bbox 1027 563 1782 599; baseline 0 -7"><span class='ocrx_word' id='word_1_119' title='bbox 1027 564 1118 592; x_wconf 59' lang='lat' dir='ltr'><strong>Lecta</strong></span> <span class='ocrx_word' id='word_1_120' title='bbox 1142 568 1208 592; x_wconf 90' lang='lat' dir='ltr'><strong>sunt</strong></span> <span class='ocrx_word' id='word_1_121' title='bbox 1230 563 1371 591; x_wconf 88' lang='lat' dir='ltr'><strong>orationes</strong></span> <span class='ocrx_word' id='word_1_122' title='bbox 1392 563 1558 592; x_wconf 69' lang='lat' dir='ltr'><strong>Eschinis:</strong></span> <span class='ocrx_word' id='word_1_123' title='bbox 1585 571 1704 599; x_wconf 83' lang='lat' dir='ltr'><strong>quarum</strong></span> <span class='ocrx_word' id='word_1_124' title='bbox 1726 568 1782 592; x_wconf 87' lang='lat' dir='ltr'><strong>tres</strong></span> 
     </span>
    </p>
   </div>
   <div class='ocr_carea' id='block_1_21' title="bbox 991 606 1781 642">
    <p class='ocr_par' dir='ltr' id='par_1_21' title="bbox 991 606 1781 642">
     <span class='ocr_line' id='line_1_21' title="bbox 991 606 1781 642; baseline -0.001 -6"><span class='ocrx_word' id='word_1_125' title='bbox 991 615 1107 636; x_wconf 86' lang='lat' dir='ltr'><strong>numero</strong></span> <span class='ocrx_word' id='word_1_126' title='bbox 1119 611 1195 641; x_wconf 88' lang='lat' dir='ltr'><strong>sunt,</strong></span> <span class='ocrx_word' id='word_1_127' title='bbox 1208 611 1236 635; x_wconf 90' lang='lat' dir='ltr'><strong>et</strong></span> <span class='ocrx_word' id='word_1_128' title='bbox 1246 607 1371 642; x_wconf 68' lang='lat' dir='ltr'><strong>epistolae</strong></span> <span class='ocrx_word' id='word_1_129' title='bbox 1387 615 1495 635; x_wconf 89' lang='lat' dir='ltr'><strong>novem.</strong></span> <span class='ocrx_word' id='word_1_130' title='bbox 1514 606 1582 634; x_wconf 87' lang='lat' dir='ltr'><strong>Nam</strong></span> <span class='ocrx_word' id='word_1_131' title='bbox 1601 607 1710 635; x_wconf 81' lang='lat' dir='ltr'><strong>Deliaco</strong></span> <span class='ocrx_word' id='word_1_132' title='bbox 1726 615 1781 636; x_wconf 82' lang='lat' dir='ltr'><strong>non</strong></span> 
     </span>
    </p>
   </div>
   <div class='ocr_carea' id='block_1_22' title="bbox 990 654 1781 690">
    <p class='ocr_par' dir='ltr' id='par_1_22' title="bbox 990 654 1781 690">
     <span class='ocr_line' id='line_1_22' title="bbox 990 654 1781 690; baseline -0.001 -7"><span class='ocrx_word' id='word_1_133' title='bbox 990 661 1033 683; x_wconf 90' lang='lat' dir='ltr'><strong>est</strong></span> <span class='ocrx_word' id='word_1_134' title='bbox 1050 655 1201 684; x_wconf 64' lang='lat' dir='ltr'><strong>Eschinis.</strong></span> <span class='ocrx_word' id='word_1_135' title='bbox 1226 654 1257 682; x_wconf 80' lang='lat' dir='ltr'><strong>In</strong></span> <span class='ocrx_word' id='word_1_136' title='bbox 1281 655 1455 683; x_wconf 90' lang='lat' dir='ltr'><strong>orationibus</strong></span> <span class='ocrx_word' id='word_1_137' title='bbox 1475 654 1534 683; x_wconf 87' lang='lat' dir='ltr'><strong>suis</strong></span> <span class='ocrx_word' id='word_1_138' title='bbox 1557 654 1662 688; x_wconf 79' lang='lat' dir='ltr'><strong>suavis,</strong></span> <span class='ocrx_word' id='word_1_139' title='bbox 1684 663 1781 690; x_wconf 87' lang='lat' dir='ltr'><strong>purus,</strong></span> 
     </span>
    </p>
   </div>
   <div class='ocr_carea' id='block_1_23' title="bbox 990 701 1782 737">
    <p class='ocr_par' dir='ltr' id='par_1_23' title="bbox 990 701 1782 737">
     <span class='ocr_line' id='line_1_23' title="bbox 990 701 1782 737; baseline 0 -9"><span class='ocrx_word' id='word_1_140' title='bbox 990 701 1148 735; x_wconf 68' lang='lat' dir='ltr'><strong>distinctus,</strong></span> <span class='ocrx_word' id='word_1_141' title='bbox 1168 705 1196 729; x_wconf 93' lang='lat' dir='ltr'><strong>et</strong></span> <span class='ocrx_word' id='word_1_142' title='bbox 1217 701 1452 737; x_wconf 88' lang='lat' dir='ltr'><strong>enthymematum</strong></span> <span class='ocrx_word' id='word_1_143' title='bbox 1473 701 1668 736; x_wconf 84' lang='lat' dir='ltr'><strong>perspicuitate</strong></span> <span class='ocrx_word' id='word_1_144' title='bbox 1688 701 1782 729; x_wconf 80' lang='lat' dir='ltr'><strong>excel-</strong></span> 
     </span>
    </p>
   </div>
   <div class='ocr_carea' id='block_1_24' title="bbox 994 747 1782 783">
    <p class='ocr_par' dir='ltr' id='par_1_24' title="bbox 994 747 1782 783">
     <span class='ocr_line' id='line_1_24' title="bbox 994 747 1782 783; baseline -0.001 -7"><span class='ocrx_word' id='word_1_145' title='bbox 994 748 1064 776; x_wconf 87' lang='lat' dir='ltr'><strong>lens.</strong></span> <span class='ocrx_word' id='word_1_146' title='bbox 1077 747 1172 776; x_wconf 77' lang='lat' dir='ltr'><strong>Oratio</strong></span> <span class='ocrx_word' id='word_1_147' title='bbox 1183 754 1248 776; x_wconf 85' lang='lat' dir='ltr'><strong>vero</strong></span> <span class='ocrx_word' id='word_1_148' title='bbox 1261 749 1289 775; x_wconf 94' lang='lat' dir='ltr'><strong>in</strong></span> <span class='ocrx_word' id='word_1_149' title='bbox 1304 747 1480 775; x_wconf 86' lang='lat' dir='ltr'><strong>Timarchum</strong></span> <span class='ocrx_word' id='word_1_150' title='bbox 1497 747 1601 781; x_wconf 89' lang='lat' dir='ltr'><strong>habita,</strong></span> <span class='ocrx_word' id='word_1_151' title='bbox 1616 747 1686 783; x_wconf 81' lang='lat' dir='ltr'><strong>quod</strong></span> <span class='ocrx_word' id='word_1_152' title='bbox 1698 756 1782 775; x_wconf 80' lang='lat' dir='ltr'><strong>mere—</strong></span> 
     </span>
    </p>
   </div>
   <div class='ocr_carea' id='block_1_25' title="bbox 994 794 1780 829">
    <p class='ocr_par' dir='ltr' id='par_1_25' title="bbox 994 794 1780 829">
     <span class='ocr_line' id='line_1_25' title="bbox 994 794 1780 829; baseline 0 -7"><span class='ocrx_word' id='word_1_153' title='bbox 994 794 1255 829; x_wconf 78' lang='lat' dir='ltr'><strong>triciam-[actitarel,</strong></span> <span class='ocrx_word' id='word_1_154' title='bbox 1267 798 1389 822; x_wconf 86' lang='lat' dir='ltr'><strong>accusat.</strong></span> <span class='ocrx_word' id='word_1_155' title='bbox 1401 794 1568 826; x_wconf 77' lang='lat' dir='ltr'><strong>Timarchus</strong></span> <span class='ocrx_word' id='word_1_156' title='bbox 1579 802 1643 823; x_wconf 88' lang='lat' dir='ltr'><strong>vero</strong></span> <span class='ocrx_word' id='word_1_157' title='bbox 1654 795 1780 829; x_wconf 86' lang='lat' dir='ltr'><strong>territus,</strong></span> 
     </span>
    </p>
   </div>
   <div class='ocr_carea' id='block_1_26' title="bbox 152 839 940 887">
    <p class='ocr_par' dir='ltr' id='par_1_26' title="bbox 152 841 938 880">
     <span class='ocr_line' id='line_1_26' title="bbox 152 841 938 880; baseline -0.003 -10"><span class='ocrx_word' id='word_1_158' title='bbox 152 843 223 878; x_wconf 74' lang='grc' dir='ltr'>λόγος</span> <span class='ocrx_word' id='word_1_159' title='bbox 234 842 298 880; x_wconf 82' lang='grc'><strong>[799</strong></span> <span class='ocrx_word' id='word_1_160' title='bbox 311 842 358 878; x_wconf 72' lang='lat' dir='ltr'><strong>IL]</strong></span> <span class='ocrx_word' id='word_1_161' title='bbox 375 842 541 878; x_wconf 78' lang='grc' dir='ltr'><strong>ἑταιρήσεως</strong></span> <span class='ocrx_word' id='word_1_162' title='bbox 554 843 565 859; x_wconf 84' lang='grc'><strong><em>⁵</em></strong></span> <span class='ocrx_word' id='word_1_163' title='bbox 579 842 624 868; x_wconf 84' lang='grc' dir='ltr'>τὸν</span> <span class='ocrx_word' id='word_1_164' title='bbox 633 842 773 878; x_wconf 74' lang='grc' dir='ltr'><strong>Τίμαρχον</strong></span> <span class='ocrx_word' id='word_1_165' title='bbox 787 841 922 877; x_wconf 84' lang='grc' dir='ltr'>γράφεται</span> <span class='ocrx_word' id='word_1_166' title='bbox 932 849 938 855; x_wconf 87' lang='grc'><strong>·</strong></span> 
     </span>
    </p>
   </div>
   <div class='ocr_carea' id='block_1_27' title="bbox 994 839 1548 887">
    <p class='ocr_par' dir='ltr' id='par_1_27' title="bbox 994 839 1548 876">
     <span class='ocr_line' id='line_1_27' title="bbox 994 839 1548 876; baseline 0 -8"><span class='ocrx_word' id='word_1_167' title='bbox 994 841 1181 876; x_wconf 85' lang='lat' dir='ltr'><strong>iudiciumque</strong></span> <span class='ocrx_word' id='word_1_168' title='bbox 1192 839 1335 875; x_wconf 81' lang='lat' dir='ltr'><strong>delugiens</strong></span> <span class='ocrx_word' id='word_1_169' title='bbox 1349 847 1380 868; x_wconf 87' lang='lat' dir='ltr'><strong>se</strong></span> <span class='ocrx_word' id='word_1_170' title='bbox 1394 840 1548 875; x_wconf 83' lang='lat' dir='ltr'><strong>suspendit.</strong></span> 
     </span>
    </p>
   </div>
   <div class='ocr_carea' id='block_1_28' title="bbox 152 889 940 926">
    <p class='ocr_par' dir='ltr' id='par_1_28' title="bbox 152 889 940 926">
     <span class='ocr_line' id='line_1_28' title="bbox 152 889 940 926; baseline 0 -9"><span class='ocrx_word' id='word_1_171' title='bbox 152 891 196 917; x_wconf 80' lang='grc' dir='ltr'>καὶ</span> <span class='ocrx_word' id='word_1_172' title='bbox 210 892 226 917; x_wconf 74' lang='grc' dir='ltr'><strong>ο</strong></span> <span class='ocrx_word' id='word_1_173' title='bbox 241 890 381 926; x_wconf 81' lang='grc' dir='ltr'>Τίμαρχος</span> <span class='ocrx_word' id='word_1_174' title='bbox 398 889 584 924; x_wconf 77' lang='grc' dir='ltr'>καταπλαγεὶς</span> <span class='ocrx_word' id='word_1_175' title='bbox 612 890 661 917; x_wconf 82' lang='grc' dir='ltr'>καὶ</span> <span class='ocrx_word' id='word_1_176' title='bbox 684 890 772 918; x_wconf 88' lang='grc' dir='ltr'>λιπὼν</span> <span class='ocrx_word' id='word_1_177' title='bbox 786 890 831 917; x_wconf 77' lang='grc' dir='ltr'><strong>τὸν</strong></span> <span class='ocrx_word' id='word_1_178' title='bbox 845 890 940 925; x_wconf 79' lang='grc' dir='ltr'>ἀγῶνα</span> 
     </span>
    </p>
   </div>
   <div class='ocr_carea' id='block_1_29' title="bbox 130 927 425 971">
    <p class='ocr_par' dir='ltr' id='par_1_29' title="bbox 130 927 425 971">
     <span class='ocr_line' id='line_1_29' title="bbox 130 927 425 971; baseline -0.003 -9"><span class='ocrx_word' id='word_1_179' title='bbox 130 927 137 938; x_wconf 65' lang='grc'><strong><em>⁸</em></strong></span> <span class='ocrx_word' id='word_1_180' title='bbox 153 936 247 963; x_wconf 76' lang='grc' dir='ltr'>ἑαυτὸν</span> <span class='ocrx_word' id='word_1_181' title='bbox 260 935 425 971; x_wconf 83' lang='grc' dir='ltr'>ἀνήρτησεν.</span> 
     </span>
    </p>
   </div>
   <div class='ocr_carea' id='block_1_30' title="bbox 189 981 940 1018">
    <p class='ocr_par' dir='ltr' id='par_1_30' title="bbox 189 981 940 1018">
     <span class='ocr_line' id='line_1_30' title="bbox 189 981 940 1018; baseline -0.001 -9"><span class='ocrx_word' id='word_1_182' title='bbox 189 982 350 1018; x_wconf 80' lang='grc' dir='ltr'>Ἐπήγγειλε</span> <span class='ocrx_word' id='word_1_183' title='bbox 363 981 393 1009; x_wconf 80' lang='grc' dir='ltr'><strong>δὲ</strong></span> <span class='ocrx_word' id='word_1_184' title='bbox 409 983 456 1008; x_wconf 80' lang='grc' dir='ltr'>καὶ</span> <span class='ocrx_word' id='word_1_185' title='bbox 465 982 516 1017; x_wconf 79' lang='grc' dir='ltr'><strong>τὴν</strong></span> <span class='ocrx_word' id='word_1_186' title='bbox 531 982 562 1009; x_wconf 72' lang='grc' dir='ltr'><strong>ἐν</strong></span> <span class='ocrx_word' id='word_1_187' title='bbox 571 982 714 1018; x_wconf 78' lang='grc' dir='ltr'>Ταμύναις</span> <span class='ocrx_word' id='word_1_188' title='bbox 731 981 811 1018; x_wconf 90' lang='grc' dir='ltr'>νίκην</span> <span class='ocrx_word' id='word_1_189' title='bbox 831 982 940 1018; x_wconf 84' lang='grc' dir='ltr'>πρῶτος</span> 
     </span>
    </p>
   </div>
   <div class='ocr_carea' id='block_1_31' title="bbox 157 1027 941 1064">
    <p class='ocr_par' dir='ltr' id='par_1_31' title="bbox 157 1027 941 1064">
     <span class='ocr_line' id='line_1_31' title="bbox 157 1027 941 1064; baseline 0.001 -9"><span class='ocrx_word' id='word_1_190' title='bbox 157 1028 308 1064; x_wconf 81' lang='grc' dir='ltr'>Ἀθηναίοις</span> <span class='ocrx_word' id='word_1_191' title='bbox 316 1028 347 1055; x_wconf 87' lang='grc' dir='ltr'>τὺ</span> <span class='ocrx_word' id='word_1_192' title='bbox 354 1027 496 1064; x_wconf 61' lang='grc' dir='ltr'>δεύτερον</span> <span class='ocrx_word' id='word_1_193' title='bbox 510 1028 550 1055; x_wconf 76' lang='grc' dir='ltr'><strong>διὸ</strong></span> <span class='ocrx_word' id='word_1_194' title='bbox 562 1029 609 1056; x_wconf 81' lang='grc' dir='ltr'>καὶ</span> <span class='ocrx_word' id='word_1_195' title='bbox 622 1029 809 1064; x_wconf 75' lang='grc' dir='ltr'>ἐστεφανώθη.</span> <span class='ocrx_word' id='word_1_196' title='bbox 828 1029 897 1056; x_wconf 79' lang='grc' dir='ltr'>Φασὶ</span> <span class='ocrx_word' id='word_1_197' title='bbox 912 1029 941 1056; x_wconf 79' lang='grc' dir='ltr'><strong>δὲ</strong></span> 
     </span>
    </p>
   </div>
   <div class='ocr_carea' id='block_1_32' title="bbox 152 1074 940 1111">
    <p class='ocr_par' dir='ltr' id='par_1_32' title="bbox 152 1074 940 1111">
     <span class='ocr_line' id='line_1_32' title="bbox 152 1074 940 1111; baseline 0.001 -10"><span class='ocrx_word' id='word_1_198' title='bbox 152 1075 184 1102; x_wconf 82' lang='grc' dir='ltr'><strong>τὰ</strong></span> <span class='ocrx_word' id='word_1_199' title='bbox 199 1074 253 1110; x_wconf 85' lang='grc' dir='ltr'>μὲν</span> <span class='ocrx_word' id='word_1_200' title='bbox 278 1074 376 1110; x_wconf 84' lang='grc' dir='ltr'>πρῶτα</span> <span class='ocrx_word' id='word_1_201' title='bbox 386 1075 475 1101; x_wconf 86' lang='grc' dir='ltr'>εἰπεῖν</span> <span class='ocrx_word' id='word_1_202' title='bbox 486 1074 569 1102; x_wconf 79' lang='grc' dir='ltr'>αὐτὸν</span> <span class='ocrx_word' id='word_1_203' title='bbox 591 1076 621 1102; x_wconf 80' lang='grc' dir='ltr'>ὲν</span> <span class='ocrx_word' id='word_1_204' title='bbox 635 1074 675 1110; x_wconf 82' lang='grc' dir='ltr'>τῷ</span> <span class='ocrx_word' id='word_1_205' title='bbox 697 1075 776 1111; x_wconf 81' lang='grc' dir='ltr'>δήμῳ</span> <span class='ocrx_word' id='word_1_206' title='bbox 796 1075 867 1102; x_wconf 80' lang='grc' dir='ltr'>κατὰ</span> <span class='ocrx_word' id='word_1_207' title='bbox 892 1075 940 1102; x_wconf 71' lang='grc' dir='ltr'>Φι-</span> 
     </span>
    </p>
   </div>
   <div class='ocr_carea' id='block_1_33' title="bbox 152 1122 941 1159">
    <p class='ocr_par' dir='ltr' id='par_1_33' title="bbox 152 1122 941 1159">
     <span class='ocr_line' id='line_1_33' title="bbox 152 1122 941 1159; baseline 0 -9"><span class='ocrx_word' id='word_1_208' title='bbox 152 1123 263 1155; x_wconf 81' lang='grc' dir='ltr'>λίππου,</span> <span class='ocrx_word' id='word_1_209' title='bbox 281 1122 530 1158; x_wconf 85' lang='grc' dir='ltr'>ὲνευδοκιμήσαντα</span> <span class='ocrx_word' id='word_1_210' title='bbox 554 1122 583 1149; x_wconf 82' lang='grc' dir='ltr'><strong>δὲ</strong></span> <span class='ocrx_word' id='word_1_211' title='bbox 604 1122 643 1158; x_wconf 83' lang='grc' dir='ltr'><strong>τῷ</strong></span> <span class='ocrx_word' id='word_1_212' title='bbox 668 1122 742 1159; x_wconf 85' lang='grc' dir='ltr'>λόγῳ</span> <span class='ocrx_word' id='word_1_213' title='bbox 767 1122 941 1159; x_wconf 73' lang='grc' dir='ltr'>πρεσϐευτὴν</span> 
     </span>
    </p>
   </div>
   <div class='ocr_carea' id='block_1_34' title="bbox 150 1168 942 1205">
    <p class='ocr_par' dir='ltr' id='par_1_34' title="bbox 150 1168 942 1205">
     <span class='ocr_line' id='line_1_34' title="bbox 150 1168 942 1205; baseline 0.001 -9"><span class='ocrx_word' id='word_1_214' title='bbox 150 1169 216 1205; x_wconf 80' lang='grc' dir='ltr'>πρὸς</span> <span class='ocrx_word' id='word_1_215' title='bbox 238 1168 373 1204; x_wconf 79' lang='grc' dir='ltr'>Ἀρκάδας</span> <span class='ocrx_word' id='word_1_216' title='bbox 387 1169 672 1204; x_wconf 80' lang='grc' dir='ltr'>χειροτονηθῆναι,είς</span> <span class='ocrx_word' id='word_1_217' title='bbox 685 1169 732 1201; x_wconf 86' lang='grc' dir='ltr'>οὒς</span> <span class='ocrx_word' id='word_1_218' title='bbox 743 1169 942 1205; x_wconf 75' lang='grc' dir='ltr'>παραγεγονὼς</span> 
     </span>
    </p>
   </div>
   <div class='ocr_carea' id='block_1_35' title="bbox 153 1215 745 1251">
    <p class='ocr_par' dir='ltr' id='par_1_35' title="bbox 153 1215 745 1251">
     <span class='ocr_line' id='line_1_35' title="bbox 153 1215 745 1251; baseline 0.002 -10"><span class='ocrx_word' id='word_1_219' title='bbox 153 1216 331 1250; x_wconf 76' lang='grc' dir='ltr'><strong>συνεστήσατο</strong></span> <span class='ocrx_word' id='word_1_220' title='bbox 341 1215 404 1247; x_wconf 80' lang='grc' dir='ltr'>τοὺς</span> <span class='ocrx_word' id='word_1_221' title='bbox 416 1215 531 1251; x_wconf 83' lang='grc' dir='ltr'><strong>μυρίους</strong></span> <span class='ocrx_word' id='word_1_222' title='bbox 542 1215 590 1242; x_wconf 76' lang='grc' dir='ltr'><strong>ἐπὶ</strong></span> <span class='ocrx_word' id='word_1_223' title='bbox 603 1215 745 1243; x_wconf 80' lang='grc' dir='ltr'>Φίλιππον.</span> 
     </span>
    </p>
   </div>
   <div class='ocr_carea' id='block_1_36' title="bbox 184 1295 942 1340">
    <p class='ocr_par' dir='ltr' id='par_1_36' title="bbox 184 1295 942 1340">
     <span class='ocr_line' id='line_1_36' title="bbox 184 1295 942 1340; baseline 0.003 -11"><span class='ocrx_word' id='word_1_224' title='bbox 184 1297 269 1335; x_wconf 69' lang='grc' dir='ltr'>Οὗτος</span> <span class='ocrx_word' id='word_1_225' title='bbox 282 1303 297 1330; x_wconf 85' lang='grc' dir='ltr'><strong><em>ὁ</em></strong></span> <span class='ocrx_word' id='word_1_226' title='bbox 308 1302 437 1339; x_wconf 78' lang='grc' dir='ltr'>Αἰσχίνης</span> <span class='ocrx_word' id='word_1_227' title='bbox 445 1305 508 1335; x_wconf 88' lang='grc' dir='ltr'>παῖς</span> <span class='ocrx_word' id='word_1_228' title='bbox 519 1304 632 1338; x_wconf 77' lang='grc' dir='ltr'>γέγονεν</span> <span class='ocrx_word' id='word_1_229' title='bbox 645 1304 824 1340; x_wconf 71' lang='grc' dir='ltr'>Ἀτρομήτου,</span> <span class='ocrx_word' id='word_1_230' title='bbox 840 1295 942 1339; x_wconf 83' lang='grc' dir='ltr'>φυγόν-</span> 
     </span>
    </p>
   </div>
   <div class='ocr_carea' id='block_1_37' title="bbox 150 1349 940 1386">
    <p class='ocr_par' dir='ltr' id='par_1_37' title="bbox 150 1349 940 1386">
     <span class='ocr_line' id='line_1_37' title="bbox 150 1349 940 1386; baseline 0.003 -11"><span class='ocrx_word' id='word_1_231' title='bbox 150 1356 195 1380; x_wconf 91' lang='grc' dir='ltr'><strong>τος</strong></span> <span class='ocrx_word' id='word_1_232' title='bbox 209 1349 260 1384; x_wconf 82' lang='grc' dir='ltr'>μὲν</span> <span class='ocrx_word' id='word_1_233' title='bbox 273 1349 321 1376; x_wconf 74' lang='grc' dir='ltr'><strong>ἐπὶ</strong></span> <span class='ocrx_word' id='word_1_234' title='bbox 344 1349 398 1376; x_wconf 89' lang='grc' dir='ltr'><strong>τῶν</strong></span> <span class='ocrx_word' id='word_1_235' title='bbox 414 1350 448 1382; x_wconf 84' lang='grc' dir='ltr'><strong>λ’,</strong></span> <span class='ocrx_word' id='word_1_236' title='bbox 464 1350 722 1385; x_wconf 86' lang='grc' dir='ltr'>συγκαταγαγόντος</span> <span class='ocrx_word' id='word_1_237' title='bbox 731 1350 760 1377; x_wconf 77' lang='grc' dir='ltr'><strong>δὲ</strong></span> <span class='ocrx_word' id='word_1_238' title='bbox 774 1350 820 1378; x_wconf 79' lang='grc' dir='ltr'><strong>τὸν</strong></span> <span class='ocrx_word' id='word_1_239' title='bbox 844 1350 940 1386; x_wconf 86' lang='grc' dir='ltr'>δῆμον.</span> 
     </span>
    </p>
   </div>
   <div class='ocr_carea' id='block_1_38' title="bbox 151 1394 943 1432">
    <p class='ocr_par' dir='ltr' id='par_1_38' title="bbox 151 1394 943 1432">
     <span class='ocr_line' id='line_1_38' title="bbox 151 1394 943 1432; baseline 0.003 -11"><span class='ocrx_word' id='word_1_240' title='bbox 151 1394 252 1422; x_wconf 86' lang='grc' dir='ltr'><strong>Τούτου</strong></span> <span class='ocrx_word' id='word_1_241' title='bbox 264 1395 297 1430; x_wconf 82' lang='grc' dir='ltr'><strong>δὴ</strong></span> <span class='ocrx_word' id='word_1_242' title='bbox 308 1395 355 1422; x_wconf 78' lang='grc' dir='ltr'>καὶ</span> <span class='ocrx_word' id='word_1_243' title='bbox 377 1395 550 1428; x_wconf 78' lang='grc' dir='ltr'>Γλαυκοθέας</span> <span class='ocrx_word' id='word_1_244' title='bbox 563 1396 669 1430; x_wconf 88' lang='grc' dir='ltr'>γίνεται</span> <span class='ocrx_word' id='word_1_245' title='bbox 697 1396 765 1428; x_wconf 83' lang='grc' dir='ltr'>υίὸς,</span> <span class='ocrx_word' id='word_1_246' title='bbox 782 1396 943 1432; x_wconf 77' lang='grc' dir='ltr'><strong>Κοθωκίδης</strong></span> 
     </span>
    </p>
   </div>
   <div class='ocr_carea' id='block_1_39' title="bbox 152 1441 942 1477">
    <p class='ocr_par' dir='ltr' id='par_1_39' title="bbox 152 1441 942 1477">
     <span class='ocr_line' id='line_1_39' title="bbox 152 1441 942 1477; baseline 0.001 -9"><span class='ocrx_word' id='word_1_247' title='bbox 152 1441 202 1476; x_wconf 81' lang='grc' dir='ltr'>μὲν</span> <span class='ocrx_word' id='word_1_248' title='bbox 220 1441 267 1468; x_wconf 86' lang='grc' dir='ltr'>τὸν</span> <span class='ocrx_word' id='word_1_249' title='bbox 292 1441 389 1477; x_wconf 82' lang='grc' dir='ltr'>δῆμον,</span> <span class='ocrx_word' id='word_1_250' title='bbox 409 1441 471 1469; x_wconf 82' lang='grc' dir='ltr'>οὔτε</span> <span class='ocrx_word' id='word_1_251' title='bbox 496 1442 524 1468; x_wconf 75' lang='grc' dir='ltr'><strong>δὲ</strong></span> <span class='ocrx_word' id='word_1_252' title='bbox 542 1442 597 1469; x_wconf 89' lang='grc' dir='ltr'><strong>τῶν</strong></span> <span class='ocrx_word' id='word_1_253' title='bbox 611 1442 622 1458; x_wconf 88' lang='grc'>⁶</span> <span class='ocrx_word' id='word_1_254' title='bbox 634 1442 682 1469; x_wconf 73' lang='grc' dir='ltr'>ἐπὶ</span> <span class='ocrx_word' id='word_1_255' title='bbox 694 1442 768 1476; x_wconf 82' lang='grc' dir='ltr'>γένει</span> <span class='ocrx_word' id='word_1_256' title='bbox 783 1442 942 1477; x_wconf 82' lang='grc' dir='ltr'>περιφανῶν</span> 
     </span>
    </p>
   </div>
   <div class='ocr_carea' id='block_1_40' title="bbox 150 1486 943 1523">
    <p class='ocr_par' dir='ltr' id='par_1_40' title="bbox 150 1486 943 1523">
     <span class='ocr_line' id='line_1_40' title="bbox 150 1486 943 1523; baseline 0 -9"><span class='ocrx_word' id='word_1_257' title='bbox 150 1486 212 1514; x_wconf 75' lang='grc' dir='ltr'>οὔτε</span> <span class='ocrx_word' id='word_1_258' title='bbox 225 1487 280 1514; x_wconf 86' lang='grc' dir='ltr'><strong>τῶν</strong></span> <span class='ocrx_word' id='word_1_259' title='bbox 292 1487 340 1514; x_wconf 74' lang='grc' dir='ltr'><strong>ἐπὶ</strong></span> <span class='ocrx_word' id='word_1_260' title='bbox 352 1488 476 1523; x_wconf 86' lang='grc' dir='ltr'>χρήμασι</span> <span class='ocrx_word' id='word_1_261' title='bbox 494 1487 641 1523; x_wconf 82' lang='grc' dir='ltr'><strong>λαμπρῶν.</strong></span> <span class='ocrx_word' id='word_1_262' title='bbox 661 1488 707 1515; x_wconf 89' lang='grc' dir='ltr'>Ἐν</span> <span class='ocrx_word' id='word_1_263' title='bbox 722 1488 751 1515; x_wconf 82' lang='grc' dir='ltr'><strong>δὲ</strong></span> <span class='ocrx_word' id='word_1_264' title='bbox 765 1487 805 1523; x_wconf 85' lang='grc' dir='ltr'>τῷ</span> <span class='ocrx_word' id='word_1_265' title='bbox 819 1488 874 1521; x_wconf 84' lang='grc' dir='ltr'>νέῳ</span> <span class='ocrx_word' id='word_1_266' title='bbox 891 1488 943 1523; x_wconf 81' lang='grc' dir='ltr'>τῆς</span> 
     </span>
    </p>
   </div>
   <div class='ocr_carea' id='block_1_41' title="bbox 1027 976 1778 1018">
    <p class='ocr_par' dir='ltr' id='par_1_41' title="bbox 1027 976 1778 1018">
     <span class='ocr_line' id='line_1_41' title="bbox 1027 976 1778 1018; baseline -0.001 -8"><span class='ocrx_word' id='word_1_267' title='bbox 1027 981 1171 1010; x_wconf 82' lang='lat' dir='ltr'><strong>Nuntiavit</strong></span> <span class='ocrx_word' id='word_1_268' title='bbox 1183 976 1290 1017; x_wconf 86' lang='lat' dir='ltr'><strong>primus</strong></span> <span class='ocrx_word' id='word_1_269' title='bbox 1307 982 1456 1010; x_wconf 89' lang='lat' dir='ltr'><strong>secundam</strong></span> <span class='ocrx_word' id='word_1_270' title='bbox 1475 981 1618 1010; x_wconf 83' lang='lat' dir='ltr'><strong>victoriam</strong></span> <span class='ocrx_word' id='word_1_271' title='bbox 1632 981 1660 1009; x_wconf 86' lang='lat' dir='ltr'><strong>in</strong></span> <span class='ocrx_word' id='word_1_272' title='bbox 1676 980 1778 1018; x_wconf 83' lang='lat' dir='ltr'><strong>Tamy-</strong></span> 
     </span>
    </p>
   </div>
   <div class='ocr_carea' id='block_1_42' title="bbox 991 1028 1775 1064">
    <p class='ocr_par' dir='ltr' id='par_1_42' title="bbox 991 1028 1775 1064">
     <span class='ocr_line' id='line_1_42' title="bbox 991 1028 1775 1064; baseline 0.001 -8"><span class='ocrx_word' id='word_1_273' title='bbox 991 1029 1033 1057; x_wconf 87' lang='lat' dir='ltr'><strong>nis</strong></span> <span class='ocrx_word' id='word_1_274' title='bbox 1045 1028 1268 1060; x_wconf 79' lang='lat' dir='ltr'><strong>Atheniensibus.</strong></span> <span class='ocrx_word' id='word_1_275' title='bbox 1281 1029 1462 1064; x_wconf 83' lang='lat' dir='ltr'><strong>quamobrem</strong></span> <span class='ocrx_word' id='word_1_276' title='bbox 1475 1035 1577 1056; x_wconf 81' lang='lat' dir='ltr'><strong>corona</strong></span> <span class='ocrx_word' id='word_1_277' title='bbox 1589 1028 1710 1056; x_wconf 85' lang='lat' dir='ltr'><strong>donatus</strong></span> <span class='ocrx_word' id='word_1_278' title='bbox 1723 1035 1775 1057; x_wconf 83' lang='lat' dir='ltr'><strong>est.</strong></span> 
     </span>
    </p>
   </div>
   <div class='ocr_carea' id='block_1_43' title="bbox 991 1073 1778 1110">
    <p class='ocr_par' dir='ltr' id='par_1_43' title="bbox 991 1073 1778 1110">
     <span class='ocr_line' id='line_1_43' title="bbox 991 1073 1778 1110; baseline -0.001 -7"><span class='ocrx_word' id='word_1_279' title='bbox 991 1075 1095 1103; x_wconf 85' lang='lat' dir='ltr'><strong>Ferunt</strong></span> <span class='ocrx_word' id='word_1_280' title='bbox 1115 1079 1205 1102; x_wconf 88' lang='lat' dir='ltr'><strong>autem</strong></span> <span class='ocrx_word' id='word_1_281' title='bbox 1225 1073 1324 1110; x_wconf 62' lang='lat' dir='ltr'><strong>Ml;</strong></span> <span class='ocrx_word' id='word_1_282' title='bbox 1348 1074 1466 1109; x_wconf 89' lang='lat' dir='ltr'><strong>primum</strong></span> <span class='ocrx_word' id='word_1_283' title='bbox 1483 1074 1573 1109; x_wconf 89' lang='lat' dir='ltr'><strong>ipsum</strong></span> <span class='ocrx_word' id='word_1_284' title='bbox 1598 1074 1631 1101; x_wconf 86' lang='lat' dir='ltr'><strong>ad</strong></span> <span class='ocrx_word' id='word_1_285' title='bbox 1649 1074 1778 1109; x_wconf 86' lang='lat' dir='ltr'><strong>populum</strong></span> 
     </span>
    </p>
   </div>
   <div class='ocr_carea' id='block_1_44' title="bbox 991 1120 1779 1156">
    <p class='ocr_par' dir='ltr' id='par_1_44' title="bbox 991 1120 1779 1156">
     <span class='ocr_line' id='line_1_44' title="bbox 991 1120 1779 1156; baseline -0.003 -7"><span class='ocrx_word' id='word_1_286' title='bbox 991 1126 1088 1149; x_wconf 86' lang='lat' dir='ltr'><strong>contra</strong></span> <span class='ocrx_word' id='word_1_287' title='bbox 1119 1120 1276 1156; x_wconf 84' lang='lat' dir='ltr'><strong>Philippum</strong></span> <span class='ocrx_word' id='word_1_288' title='bbox 1298 1128 1405 1154; x_wconf 89' lang='lat' dir='ltr'><strong>orasse,</strong></span> <span class='ocrx_word' id='word_1_289' title='bbox 1426 1128 1545 1155; x_wconf 88' lang='lat' dir='ltr'><strong>cumque</strong></span> <span class='ocrx_word' id='word_1_290' title='bbox 1568 1120 1694 1148; x_wconf 84' lang='lat' dir='ltr'><strong>oratione</strong></span> <span class='ocrx_word' id='word_1_291' title='bbox 1716 1127 1779 1156; x_wconf 77' lang='lat' dir='ltr'><strong>gra-</strong></span> 
     </span>
    </p>
   </div>
   <div class='ocr_carea' id='block_1_45' title="bbox 993 1165 1780 1202">
    <p class='ocr_par' dir='ltr' id='par_1_45' title="bbox 993 1165 1780 1202">
     <span class='ocr_line' id='line_1_45' title="bbox 993 1165 1780 1202; baseline -0.003 -7"><span class='ocrx_word' id='word_1_292' title='bbox 993 1168 1057 1195; x_wconf 87' lang='lat' dir='ltr'><strong>tiam</strong></span> <span class='ocrx_word' id='word_1_293' title='bbox 1070 1170 1268 1202; x_wconf 82' lang='lat' dir='ltr'><strong>comparasset,</strong></span> <span class='ocrx_word' id='word_1_294' title='bbox 1278 1166 1397 1201; x_wconf 81' lang='lat' dir='ltr'><strong>legatum</strong></span> <span class='ocrx_word' id='word_1_295' title='bbox 1407 1165 1441 1193; x_wconf 87' lang='lat' dir='ltr'><strong>ad</strong></span> <span class='ocrx_word' id='word_1_296' title='bbox 1451 1166 1574 1193; x_wconf 85' lang='lat' dir='ltr'><strong>Arcadas</strong></span> <span class='ocrx_word' id='word_1_297' title='bbox 1582 1166 1697 1193; x_wconf 89' lang='lat' dir='ltr'><strong>missum</strong></span> <span class='ocrx_word' id='word_1_298' title='bbox 1707 1173 1780 1200; x_wconf 88' lang='lat' dir='ltr'><strong>esse,</strong></span> 
     </span>
    </p>
   </div>
   <div class='ocr_carea' id='block_1_46' title="bbox 992 1211 1780 1249">
    <p class='ocr_par' dir='ltr' id='par_1_46' title="bbox 992 1211 1780 1249">
     <span class='ocr_line' id='line_1_46' title="bbox 992 1211 1780 1249; baseline -0.004 -7"><span class='ocrx_word' id='word_1_299' title='bbox 992 1214 1025 1242; x_wconf 85' lang='lat' dir='ltr'><strong>ad</strong></span> <span class='ocrx_word' id='word_1_300' title='bbox 1040 1220 1110 1249; x_wconf 90' lang='lat' dir='ltr'><strong>quos</strong></span> <span class='ocrx_word' id='word_1_301' title='bbox 1123 1220 1185 1240; x_wconf 93' lang='lat' dir='ltr'><strong>cum</strong></span> <span class='ocrx_word' id='word_1_302' title='bbox 1197 1213 1329 1246; x_wconf 85' lang='lat' dir='ltr'><strong>venisset,</strong></span> <span class='ocrx_word' id='word_1_303' title='bbox 1348 1212 1443 1240; x_wconf 80' lang='lat' dir='ltr'><strong>decem</strong></span> <span class='ocrx_word' id='word_1_304' title='bbox 1458 1211 1542 1239; x_wconf 88' lang='lat' dir='ltr'><strong>millia</strong></span> <span class='ocrx_word' id='word_1_305' title='bbox 1560 1216 1656 1239; x_wconf 90' lang='lat' dir='ltr'><strong>contra</strong></span> <span class='ocrx_word' id='word_1_306' title='bbox 1676 1211 1780 1248; x_wconf 79' lang='lat' dir='ltr'><strong>Philip-</strong></span> 
     </span>
    </p>
   </div>
   <div class='ocr_carea' id='block_1_47' title="bbox 992 1267 1287 1296">
    <p class='ocr_par' dir='ltr' id='par_1_47' title="bbox 992 1267 1287 1296">
     <span class='ocr_line' id='line_1_47' title="bbox 992 1267 1287 1296; baseline -0.003 -8"><span class='ocrx_word' id='word_1_307' title='bbox 992 1268 1057 1296; x_wconf 92' lang='lat' dir='ltr'><strong>pum</strong></span> <span class='ocrx_word' id='word_1_308' title='bbox 1073 1267 1209 1288; x_wconf 86' lang='lat' dir='ltr'><strong>armasse.</strong></span> <span class='ocrx_word' id='word_1_309' title='bbox 1285 1290 1287 1293; x_wconf 43' lang='grc'>,</span> 
     </span>
    </p>
   </div>
   <div class='ocr_carea' id='block_1_48' title="bbox 1027 1304 1779 1341">
    <p class='ocr_par' dir='ltr' id='par_1_48' title="bbox 1027 1304 1779 1341">
     <span class='ocr_line' id='line_1_48' title="bbox 1027 1304 1779 1341; baseline -0.003 -7"><span class='ocrx_word' id='word_1_310' title='bbox 1027 1306 1174 1334; x_wconf 70' lang='grc' dir='ltr'>ιΕδειιίηοε</span> <span class='ocrx_word' id='word_1_311' title='bbox 1190 1306 1235 1333; x_wconf 88' lang='lat' dir='ltr'><strong>hic</strong></span> <span class='ocrx_word' id='word_1_312' title='bbox 1247 1309 1325 1341; x_wconf 88' lang='lat' dir='ltr'><strong>patre</strong></span> <span class='ocrx_word' id='word_1_313' title='bbox 1339 1310 1420 1332; x_wconf 82' lang='lat' dir='ltr'><strong>natus</strong></span> <span class='ocrx_word' id='word_1_314' title='bbox 1434 1309 1477 1332; x_wconf 89' lang='lat' dir='ltr'><strong>est</strong></span> <span class='ocrx_word' id='word_1_315' title='bbox 1487 1305 1639 1338; x_wconf 85' lang='lat' dir='ltr'><strong>Atrometo,</strong></span> <span class='ocrx_word' id='word_1_316' title='bbox 1655 1304 1704 1340; x_wconf 87' lang='lat' dir='ltr'><strong>qui</strong></span> <span class='ocrx_word' id='word_1_317' title='bbox 1722 1305 1779 1332; x_wconf 82' lang='lat' dir='ltr'><strong>ini—</strong></span> 
     </span>
    </p>
   </div>
   <div class='ocr_carea' id='block_1_49' title="bbox 993 1350 1780 1386">
    <p class='ocr_par' dir='ltr' id='par_1_49' title="bbox 993 1350 1780 1386">
     <span class='ocr_line' id='line_1_49' title="bbox 993 1350 1780 1386; baseline -0.003 -7"><span class='ocrx_word' id='word_1_318' title='bbox 993 1352 1032 1380; x_wconf 88' lang='lat' dir='ltr'><strong>tio</strong></span> <span class='ocrx_word' id='word_1_319' title='bbox 1042 1359 1104 1379; x_wconf 92' lang='lat' dir='ltr'><strong>cum</strong></span> <span class='ocrx_word' id='word_1_320' title='bbox 1121 1351 1173 1379; x_wconf 91' lang='lat' dir='ltr'><strong>sub</strong></span> <span class='ocrx_word' id='word_1_321' title='bbox 1188 1351 1300 1386; x_wconf 77' lang='lat' dir='ltr'><strong>triginta</strong></span> <span class='ocrx_word' id='word_1_322' title='bbox 1313 1350 1438 1385; x_wconf 85' lang='lat' dir='ltr'><strong>tyrannis</strong></span> <span class='ocrx_word' id='word_1_323' title='bbox 1453 1350 1600 1383; x_wconf 81' lang='lat' dir='ltr'><strong>exsularet,</strong></span> <span class='ocrx_word' id='word_1_324' title='bbox 1613 1351 1670 1385; x_wconf 85' lang='lat' dir='ltr'><strong>ipse</strong></span> <span class='ocrx_word' id='word_1_325' title='bbox 1684 1354 1780 1385; x_wconf 85' lang='lat' dir='ltr'><strong>postea</strong></span> 
     </span>
    </p>
   </div>
   <div class='ocr_carea' id='block_1_50' title="bbox 992 1394 1780 1432">
    <p class='ocr_par' dir='ltr' id='par_1_50' title="bbox 992 1394 1780 1432">
     <span class='ocr_line' id='line_1_50' title="bbox 992 1394 1780 1432; baseline -0.001 -8"><span class='ocrx_word' id='word_1_326' title='bbox 992 1397 1124 1432; x_wconf 84' lang='lat' dir='ltr'><strong>populum</strong></span> <span class='ocrx_word' id='word_1_327' title='bbox 1139 1399 1173 1424; x_wconf 89' lang='lat' dir='ltr'><strong>ad</strong></span> <span class='ocrx_word' id='word_1_328' title='bbox 1189 1396 1342 1424; x_wconf 84' lang='lat' dir='ltr'><strong>libertatem</strong></span> <span class='ocrx_word' id='word_1_329' title='bbox 1363 1396 1518 1423; x_wconf 84' lang='lat' dir='ltr'><strong>revocavit:</strong></span> <span class='ocrx_word' id='word_1_330' title='bbox 1535 1394 1701 1423; x_wconf 69' lang='lat' dir='ltr'><strong>Glauconbea</strong></span> <span class='ocrx_word' id='word_1_331' title='bbox 1719 1403 1780 1431; x_wconf 48' lang='lat' dir='ltr'><strong>mae</strong></span> 
     </span>
    </p>
   </div>
   <div class='ocr_carea' id='block_1_51' title="bbox 994 1441 1780 1476">
    <p class='ocr_par' dir='ltr' id='par_1_51' title="bbox 994 1441 1780 1476">
     <span class='ocr_line' id='line_1_51' title="bbox 994 1441 1780 1476; baseline -0.004 -5"><span class='ocrx_word' id='word_1_332' title='bbox 994 1449 1046 1475; x_wconf 88' lang='lat' dir='ltr'><strong>tre,</strong></span> <span class='ocrx_word' id='word_1_333' title='bbox 1068 1443 1141 1470; x_wconf 86' lang='lat' dir='ltr'><strong>tribu</strong></span> <span class='ocrx_word' id='word_1_334' title='bbox 1164 1450 1229 1470; x_wconf 90' lang='lat' dir='ltr'><strong>vero</strong></span> <span class='ocrx_word' id='word_1_335' title='bbox 1241 1441 1417 1474; x_wconf 87' lang='lat' dir='ltr'><strong>Cothocides,</strong></span> <span class='ocrx_word' id='word_1_336' title='bbox 1443 1449 1533 1476; x_wconf 87' lang='lat' dir='ltr'><strong>neque</strong></span> <span class='ocrx_word' id='word_1_337' title='bbox 1559 1449 1668 1476; x_wconf 81' lang='lat' dir='ltr'><strong>genere,</strong></span> <span class='ocrx_word' id='word_1_338' title='bbox 1691 1448 1780 1476; x_wconf 78' lang='lat' dir='ltr'><strong>neque</strong></span> 
     </span>
    </p>
   </div>
   <div class='ocr_carea' id='block_1_52' title="bbox 993 1487 1781 1524">
    <p class='ocr_par' dir='ltr' id='par_1_52' title="bbox 993 1487 1781 1524">
     <span class='ocr_line' id='line_1_52' title="bbox 993 1487 1781 1524; baseline -0.003 -8"><span class='ocrx_word' id='word_1_339' title='bbox 993 1489 1094 1524; x_wconf 90' lang='lat' dir='ltr'><strong>opibus</strong></span> <span class='ocrx_word' id='word_1_340' title='bbox 1109 1488 1237 1516; x_wconf 85' lang='lat' dir='ltr'><strong>celebris.</strong></span> <span class='ocrx_word' id='word_1_341' title='bbox 1253 1487 1422 1516; x_wconf 82' lang='lat' dir='ltr'><strong>Adolescens</strong></span> <span class='ocrx_word' id='word_1_342' title='bbox 1437 1495 1501 1515; x_wconf 84' lang='lat' dir='ltr'><strong>cum</strong></span> <span class='ocrx_word' id='word_1_343' title='bbox 1514 1492 1589 1515; x_wconf 84' lang='lat' dir='ltr'><strong>esset</strong></span> <span class='ocrx_word' id='word_1_344' title='bbox 1600 1495 1634 1516; x_wconf 88' lang='lat' dir='ltr'><strong>ac</strong></span> <span class='ocrx_word' id='word_1_345' title='bbox 1648 1487 1781 1515; x_wconf 86' lang='lat' dir='ltr'><strong>robustus</strong></span> 
     </span>
    </p>
   </div>
   <div class='ocr_carea' id='block_1_53' title="bbox 151 1532 940 1570">
    <p class='ocr_par' dir='ltr' id='par_1_53' title="bbox 151 1532 940 1569">
     <span class='ocr_line' id='line_1_53' title="bbox 151 1532 940 1569; baseline 0.003 -10"><span class='ocrx_word' id='word_1_346' title='bbox 151 1532 260 1568; x_wconf 79' lang='grc' dir='ltr'>ἡλικίας</span> <span class='ocrx_word' id='word_1_347' title='bbox 275 1532 307 1560; x_wconf 78' lang='grc' dir='ltr'><strong>τὸ</strong></span> <span class='ocrx_word' id='word_1_348' title='bbox 330 1532 412 1568; x_wconf 87' lang='grc' dir='ltr'>σῶμα</span> <span class='ocrx_word' id='word_1_349' title='bbox 437 1533 529 1568; x_wconf 80' lang='grc' dir='ltr'>φέρων</span> <span class='ocrx_word' id='word_1_350' title='bbox 560 1533 718 1569; x_wconf 68' lang='grc' dir='ltr'>ἐρρωμένον</span> <span class='ocrx_word' id='word_1_351' title='bbox 745 1534 781 1561; x_wconf 80' lang='grc' dir='ltr'>τὰ</span> <span class='ocrx_word' id='word_1_352' title='bbox 804 1533 940 1568; x_wconf 80' lang='grc' dir='ltr'>γυμνάσια</span> 
     </span>
    </p>
   </div>
   <div class='ocr_carea' id='block_1_54' title="bbox 994 1532 1781 1570">
    <p class='ocr_par' dir='ltr' id='par_1_54' title="bbox 994 1533 1781 1570">
     <span class='ocr_line' id='line_1_54' title="bbox 994 1533 1781 1570; baseline -0.003 -8"><span class='ocrx_word' id='word_1_353' title='bbox 994 1535 1111 1567; x_wconf 90' lang='lat' dir='ltr'><strong>viribus,</strong></span> <span class='ocrx_word' id='word_1_354' title='bbox 1136 1534 1172 1562; x_wconf 89' lang='lat' dir='ltr'><strong>ad</strong></span> <span class='ocrx_word' id='word_1_355' title='bbox 1193 1534 1334 1570; x_wconf 83' lang='lat' dir='ltr'><strong>gymnasia</strong></span> <span class='ocrx_word' id='word_1_356' title='bbox 1352 1533 1475 1562; x_wconf 81' lang='lat' dir='ltr'><strong>studium</strong></span> <span class='ocrx_word' id='word_1_357' title='bbox 1491 1533 1668 1568; x_wconf 86' lang='lat' dir='ltr'><strong>laboremque</strong></span> <span class='ocrx_word' id='word_1_358' title='bbox 1681 1536 1781 1561; x_wconf 88' lang='lat' dir='ltr'><strong>contu-</strong></span> 
     </span>
    </p>
   </div>
   <div class='ocr_carea' id='block_1_55' title="bbox 151 1577 940 1615">
    <p class='ocr_par' dir='ltr' id='par_1_55' title="bbox 151 1577 940 1615">
     <span class='ocr_line' id='line_1_55' title="bbox 151 1577 940 1615; baseline 0.001 -10"><span class='ocrx_word' id='word_1_359' title='bbox 151 1578 292 1612; x_wconf 75' lang='grc' dir='ltr'>ἐπονεῖτο,</span> <span class='ocrx_word' id='word_1_360' title='bbox 325 1577 525 1614; x_wconf 78' lang='grc' dir='ltr'>λαμπρόφωνος</span> <span class='ocrx_word' id='word_1_361' title='bbox 556 1578 586 1606; x_wconf 77' lang='grc' dir='ltr'><strong>δὲ</strong></span> <span class='ocrx_word' id='word_1_362' title='bbox 612 1578 745 1614; x_wconf 85' lang='grc' dir='ltr'>πεφυκὼς</span> <span class='ocrx_word' id='word_1_363' title='bbox 784 1579 940 1615; x_wconf 79' lang='grc' dir='ltr'>τραγῳδίαν</span> 
     </span>
    </p>
   </div>
   <div class='ocr_carea' id='block_1_56' title="bbox 152 1623 941 1661">
    <p class='ocr_par' dir='ltr' id='par_1_56' title="bbox 152 1623 941 1661">
     <span class='ocr_line' id='line_1_56' title="bbox 152 1623 941 1661; baseline 0.003 -11"><span class='ocrx_word' id='word_1_364' title='bbox 152 1624 257 1659; x_wconf 80' lang='grc' dir='ltr'>ἦσκησε</span> <span class='ocrx_word' id='word_1_365' title='bbox 272 1624 342 1659; x_wconf 79' lang='grc' dir='ltr'>μετὰ</span> <span class='ocrx_word' id='word_1_366' title='bbox 349 1624 436 1651; x_wconf 83' lang='grc' dir='ltr'>ταῦτα</span> <span class='ocrx_word' id='word_1_367' title='bbox 448 1645 455 1658; x_wconf 86' lang='grc'>,</span> <span class='ocrx_word' id='word_1_368' title='bbox 470 1623 508 1656; x_wconf 83' lang='grc' dir='ltr'><strong>ὡς</strong></span> <span class='ocrx_word' id='word_1_369' title='bbox 522 1625 551 1651; x_wconf 83' lang='grc' dir='ltr'><strong>δὲ</strong></span> <span class='ocrx_word' id='word_1_370' title='bbox 570 1624 644 1659; x_wconf 80' lang='grc' dir='ltr'>λέγει</span> <span class='ocrx_word' id='word_1_371' title='bbox 666 1625 853 1661; x_wconf 81' lang='grc' dir='ltr'><strong>Δημοσθένης,</strong></span> <span class='ocrx_word' id='word_1_372' title='bbox 875 1626 941 1652; x_wconf 81' lang='grc' dir='ltr'><strong>ὐπο-</strong></span> 
     </span>
    </p>
   </div>
   <div class='ocr_carea' id='block_1_57' title="bbox 151 1669 941 1708">
    <p class='ocr_par' dir='ltr' id='par_1_57' title="bbox 151 1669 941 1708">
     <span class='ocr_line' id='line_1_57' title="bbox 151 1669 941 1708; baseline 0.003 -12"><span class='ocrx_word' id='word_1_373' title='bbox 151 1669 357 1706; x_wconf 83' lang='grc' dir='ltr'>γραμματεύων</span> <span class='ocrx_word' id='word_1_374' title='bbox 377 1671 425 1699; x_wconf 74' lang='grc' dir='ltr'>καὶ</span> <span class='ocrx_word' id='word_1_375' title='bbox 443 1672 667 1707; x_wconf 86' lang='grc' dir='ltr'>τριταγωνιστῶν</span> <span class='ocrx_word' id='word_1_376' title='bbox 698 1671 887 1708; x_wconf 70' lang='grc' dir='ltr'>’Δριστοδήμιιὶ</span> <span class='ocrx_word' id='word_1_377' title='bbox 912 1672 941 1698; x_wconf 74' lang='grc' dir='ltr'><strong>έν</strong></span> 
     </span>
    </p>
   </div>
   <div class='ocr_carea' id='block_1_58' title="bbox 149 1715 941 1752">
    <p class='ocr_par' dir='ltr' id='par_1_58' title="bbox 149 1715 941 1752">
     <span class='ocr_line' id='line_1_58' title="bbox 149 1715 941 1752; baseline 0.001 -9"><span class='ocrx_word' id='word_1_378' title='bbox 149 1717 207 1747; x_wconf 80' lang='grc' dir='ltr'>τοῖς</span> <span class='ocrx_word' id='word_1_379' title='bbox 233 1716 304 1744; x_wconf 75' lang='grc' dir='ltr'>κατὰ</span> <span class='ocrx_word' id='word_1_380' title='bbox 327 1717 431 1752; x_wconf 82' lang='grc' dir='ltr'>δήμους</span> <span class='ocrx_word' id='word_1_381' title='bbox 457 1717 618 1748; x_wconf 89' lang='grc' dir='ltr'>Διονυσίοις.</span> <span class='ocrx_word' id='word_1_382' title='bbox 647 1717 703 1744; x_wconf 79' lang='grc' dir='ltr'><strong>Καὶ</strong></span> <span class='ocrx_word' id='word_1_383' title='bbox 731 1717 796 1749; x_wconf 84' lang='grc' dir='ltr'>παῖς</span> <span class='ocrx_word' id='word_1_384' title='bbox 829 1717 877 1752; x_wconf 83' lang='grc' dir='ltr'>μὲν</span> <span class='ocrx_word' id='word_1_385' title='bbox 903 1715 941 1744; x_wconf 79' lang='grc' dir='ltr'>ὢν</span> 
     </span>
    </p>
   </div>
   <div class='ocr_carea' id='block_1_59' title="bbox 150 1761 941 1799">
    <p class='ocr_par' dir='ltr' id='par_1_59' title="bbox 150 1761 941 1799">
     <span class='ocr_line' id='line_1_59' title="bbox 150 1761 941 1799; baseline 0.001 -11"><span class='ocrx_word' id='word_1_386' title='bbox 150 1761 275 1789; x_wconf 71' lang='grc' dir='ltr'>ἐδίδασκε</span> <span class='ocrx_word' id='word_1_387' title='bbox 287 1762 336 1790; x_wconf 79' lang='grc' dir='ltr'>σὺν</span> <span class='ocrx_word' id='word_1_388' title='bbox 358 1763 397 1798; x_wconf 86' lang='grc' dir='ltr'>τῷ</span> <span class='ocrx_word' id='word_1_389' title='bbox 417 1762 503 1799; x_wconf 78' lang='grc' dir='ltr'>πατρὶ</span> <span class='ocrx_word' id='word_1_390' title='bbox 520 1763 683 1799; x_wconf 82' lang='grc' dir='ltr'>γράμματα,</span> <span class='ocrx_word' id='word_1_391' title='bbox 699 1765 740 1795; x_wconf 78' lang='grc' dir='ltr'>εἰς</span> <span class='ocrx_word' id='word_1_392' title='bbox 753 1764 784 1790; x_wconf 74' lang='grc' dir='ltr'>τὸ</span> <span class='ocrx_word' id='word_1_393' title='bbox 801 1763 941 1798; x_wconf 82' lang='grc' dir='ltr'>μειράκιον</span> 
     </span>
    </p>
   </div>
   <div class='ocr_carea' id='block_1_60' title="bbox 149 1806 941 1844">
    <p class='ocr_par' dir='ltr' id='par_1_60' title="bbox 149 1806 941 1844">
     <span class='ocr_line' id='line_1_60' title="bbox 149 1806 941 1844; baseline 0.003 -11"><span class='ocrx_word' id='word_1_394' title='bbox 149 1806 180 1832; x_wconf 85' lang='grc' dir='ltr'>δὲ</span> <span class='ocrx_word' id='word_1_395' title='bbox 206 1807 347 1841; x_wconf 83' lang='grc' dir='ltr'>προελθὼν</span> <span class='ocrx_word' id='word_1_396' title='bbox 371 1808 558 1844; x_wconf 76' lang='grc' dir='ltr'>ἐστρατεύετο.</span> <span class='ocrx_word' id='word_1_397' title='bbox 588 1809 759 1844; x_wconf 83' lang='grc' dir='ltr'>Ἦκροάσατο</span> <span class='ocrx_word' id='word_1_398' title='bbox 786 1808 826 1841; x_wconf 74' lang='grc' dir='ltr'><strong>δὲ,</strong></span> <span class='ocrx_word' id='word_1_399' title='bbox 842 1809 867 1835; x_wconf 88' lang='grc' dir='ltr'>οἰ</span> <span class='ocrx_word' id='word_1_400' title='bbox 890 1808 941 1844; x_wconf 81' lang='grc' dir='ltr'><strong>μέν</strong></span> 
     </span>
    </p>
   </div>
   <div class='ocr_carea' id='block_1_61' title="bbox 151 1853 941 1889">
    <p class='ocr_par' dir='ltr' id='par_1_61' title="bbox 151 1853 941 1889">
     <span class='ocr_line' id='line_1_61' title="bbox 151 1853 941 1889; baseline 0.005 -11"><span class='ocrx_word' id='word_1_401' title='bbox 151 1860 235 1886; x_wconf 81' lang='grc' dir='ltr'>φασιν</span> <span class='ocrx_word' id='word_1_402' title='bbox 272 1853 442 1889; x_wconf 79' lang='grc' dir='ltr'>Ἰσοκράτους</span> <span class='ocrx_word' id='word_1_403' title='bbox 468 1854 516 1881; x_wconf 77' lang='grc' dir='ltr'>καὶ</span> <span class='ocrx_word' id='word_1_404' title='bbox 551 1854 712 1887; x_wconf 79' lang='grc' dir='ltr'>Πλάτωνος,</span> <span class='ocrx_word' id='word_1_405' title='bbox 740 1855 884 1887; x_wconf 78' lang='grc' dir='ltr'>Καικίλιος</span> <span class='ocrx_word' id='word_1_406' title='bbox 912 1855 941 1881; x_wconf 81' lang='grc' dir='ltr'><strong>δὲ</strong></span> 
     </span>
    </p>
   </div>
   <div class='ocr_carea' id='block_1_62' title="bbox 150 1897 941 1936">
    <p class='ocr_par' dir='ltr' id='par_1_62' title="bbox 150 1897 941 1936">
     <span class='ocr_line' id='line_1_62' title="bbox 150 1897 941 1936; baseline 0.004 -12"><span class='ocrx_word' id='word_1_407' title='bbox 150 1897 348 1933; x_wconf 77' lang='grc' dir='ltr'>Λεωδάμαντος</span> <span class='ocrx_word' id='word_1_408' title='bbox 371 1899 456 1933; x_wconf 80' lang='grc' dir='ltr'>λέγει.</span> <span class='ocrx_word' id='word_1_409' title='bbox 483 1899 694 1935; x_wconf 85' lang='grc' dir='ltr'>Πολιτευόμενος</span> <span class='ocrx_word' id='word_1_410' title='bbox 719 1901 811 1936; x_wconf 86' lang='grc' dir='ltr'>μέντοι</span> <span class='ocrx_word' id='word_1_411' title='bbox 835 1909 868 1935; x_wconf 88' lang='grc' dir='ltr'><strong>γε</strong></span> <span class='ocrx_word' id='word_1_412' title='bbox 890 1901 941 1927; x_wconf 83' lang='grc' dir='ltr'>οὐκ</span> 
     </span>
    </p>
   </div>
   <div class='ocr_carea' id='block_1_63' title="bbox 149 1943 941 1981">
    <p class='ocr_par' dir='ltr' id='par_1_63' title="bbox 149 1943 941 1981">
     <span class='ocr_line' id='line_1_63' title="bbox 149 1943 941 1981; baseline 0.005 -13"><span class='ocrx_word' id='word_1_413' title='bbox 149 1943 264 1977; x_wconf 84' lang='grc' dir='ltr'>ἀφανῶς</span> <span class='ocrx_word' id='word_1_414' title='bbox 277 1945 310 1970; x_wconf 80' lang='grc' dir='ltr'>ὲκ</span> <span class='ocrx_word' id='word_1_415' title='bbox 318 1944 367 1979; x_wconf 86' lang='grc' dir='ltr'>τῆς</span> <span class='ocrx_word' id='word_1_416' title='bbox 388 1945 514 1977; x_wconf 71' lang='grc' dir='ltr'>ἐναντίας</span> <span class='ocrx_word' id='word_1_417' title='bbox 530 1945 651 1980; x_wconf 84' lang='grc' dir='ltr'>μερίδος,</span> <span class='ocrx_word' id='word_1_418' title='bbox 667 1946 866 1981; x_wconf 79' lang='grc' dir='ltr'>συνεπρέσὸευε</span> <span class='ocrx_word' id='word_1_419' title='bbox 884 1947 941 1977; x_wconf 81' lang='grc' dir='ltr'><strong>τοῖς</strong></span> 
     </span>
    </p>
   </div>
   <div class='ocr_carea' id='block_1_64' title="bbox 150 1989 942 2027">
    <p class='ocr_par' dir='ltr' id='par_1_64' title="bbox 150 1989 942 2027">
     <span class='ocr_line' id='line_1_64' title="bbox 150 1989 942 2027; baseline 0.004 -12"><span class='ocrx_word' id='word_1_420' title='bbox 150 1989 217 2024; x_wconf 80' lang='grc' dir='ltr'>περὶ</span> <span class='ocrx_word' id='word_1_421' title='bbox 223 1990 399 2026; x_wconf 81' lang='grc' dir='ltr'>Δημοσθένην</span> <span class='ocrx_word' id='word_1_422' title='bbox 410 1990 494 2023; x_wconf 77' lang='grc' dir='ltr'>ἄλλας</span> <span class='ocrx_word' id='word_1_423' title='bbox 500 2000 530 2018; x_wconf 89' lang='grc' dir='ltr'>τε</span> <span class='ocrx_word' id='word_1_424' title='bbox 541 1992 690 2027; x_wconf 72' lang='grc' dir='ltr'>πρεσϐείας</span> <span class='ocrx_word' id='word_1_425' title='bbox 703 1991 803 2023; x_wconf 85' lang='grc' dir='ltr'>πολλὰς</span> <span class='ocrx_word' id='word_1_426' title='bbox 814 1991 862 2018; x_wconf 74' lang='grc' dir='ltr'>καὶ</span> <span class='ocrx_word' id='word_1_427' title='bbox 873 1991 942 2027; x_wconf 82' lang='grc' dir='ltr'>πρὸς</span> 
     </span>
    </p>
   </div>
   <div class='ocr_carea' id='block_1_65' title="bbox 149 2035 942 2074">
    <p class='ocr_par' dir='ltr' id='par_1_65' title="bbox 149 2035 942 2074">
     <span class='ocr_line' id='line_1_65' title="bbox 149 2035 942 2074; baseline 0.003 -12"><span class='ocrx_word' id='word_1_428' title='bbox 149 2035 285 2063; x_wconf 68' lang='grc' dir='ltr'>Φίλιππον</span> <span class='ocrx_word' id='word_1_429' title='bbox 298 2036 370 2072; x_wconf 80' lang='grc' dir='ltr'>ὑπὲρ</span> <span class='ocrx_word' id='word_1_430' title='bbox 383 2036 433 2072; x_wconf 86' lang='grc' dir='ltr'><strong>τῆς</strong></span> <span class='ocrx_word' id='word_1_431' title='bbox 448 2037 570 2073; x_wconf 87' lang='grc' dir='ltr'>εἰρήνης,</span> <span class='ocrx_word' id='word_1_432' title='bbox 593 2037 637 2073; x_wconf 79' lang='grc' dir='ltr'><strong>ἐφ’</strong></span> <span class='ocrx_word' id='word_1_433' title='bbox 695 2037 744 2064; x_wconf 79' lang='grc' dir='ltr'>καὶ</span> <span class='ocrx_word' id='word_1_434' title='bbox 759 2037 835 2073; x_wconf 75' lang='grc' dir='ltr'>’παρὰ</span> <span class='ocrx_word' id='word_1_435' title='bbox 856 2039 942 2073; x_wconf 89' lang='grc' dir='ltr'>Δημο-</span> 
     </span>
    </p>
   </div>
   <div class='ocr_carea' id='block_1_66' title="bbox 150 2082 942 2119">
    <p class='ocr_par' dir='ltr' id='par_1_66' title="bbox 150 2082 942 2119">
     <span class='ocr_line' id='line_1_66' title="bbox 150 2082 942 2119; baseline 0.004 -12"><span class='ocrx_word' id='word_1_436' title='bbox 150 2082 266 2114; x_wconf 75' lang='grc' dir='ltr'>σθένους</span> <span class='ocrx_word' id='word_1_437' title='bbox 280 2083 457 2119; x_wconf 80' lang='grc' dir='ltr'>κατηγορήθη</span> <span class='ocrx_word' id='word_1_438' title='bbox 474 2083 515 2110; x_wconf 72' lang='lat' dir='ltr'><strong>Est</strong></span> <span class='ocrx_word' id='word_1_439' title='bbox 531 2084 559 2110; x_wconf 79' lang='grc' dir='ltr'><strong>δὲ</strong></span> <span class='ocrx_word' id='word_1_440' title='bbox 575 2083 613 2116; x_wconf 82' lang='grc' dir='ltr'>ὡς</span> <span class='ocrx_word' id='word_1_441' title='bbox 627 2083 747 2118; x_wconf 84' lang='grc' dir='ltr'>πόλεμον</span> <span class='ocrx_word' id='word_1_442' title='bbox 767 2082 876 2118; x_wconf 73' lang='grc' dir='ltr'>ἐξάψειε</span> <span class='ocrx_word' id='word_1_443' title='bbox 888 2084 942 2110; x_wconf 87' lang='grc' dir='ltr'><strong>Πυ-</strong></span> 
     </span>
    </p>
   </div>
   <div class='ocr_carea' id='block_1_67' title="bbox 150 2127 942 2165">
    <p class='ocr_par' dir='ltr' id='par_1_67' title="bbox 150 2127 942 2165">
     <span class='ocr_line' id='line_1_67' title="bbox 150 2127 942 2165; baseline 0.004 -12"><span class='ocrx_word' id='word_1_444' title='bbox 150 2127 273 2163; x_wconf 87' lang='grc' dir='ltr'>λαγόρας</span> <span class='ocrx_word' id='word_1_445' title='bbox 287 2128 408 2164; x_wconf 81' lang='grc' dir='ltr'>αἰρεθεὶς</span> <span class='ocrx_word' id='word_1_446' title='bbox 422 2129 491 2164; x_wconf 82' lang='grc' dir='ltr'>πρὸς</span> <span class='ocrx_word' id='word_1_447' title='bbox 509 2130 652 2165; x_wconf 81' lang='grc' dir='ltr'>’Δμφισεϊς</span> <span class='ocrx_word' id='word_1_448' title='bbox 666 2130 676 2146; x_wconf 88' lang='grc'><strong>⁷</strong></span> <span class='ocrx_word' id='word_1_449' title='bbox 693 2130 885 2165; x_wconf 80' lang='grc' dir='ltr'>Ἀμφικτύοσι,</span> <span class='ocrx_word' id='word_1_450' title='bbox 896 2130 942 2157; x_wconf 76' lang='grc' dir='ltr'><strong>καὶ</strong></span> 
     </span>
    </p>
   </div>
   <div class='ocr_carea' id='block_1_68' title="bbox 148 2172 939 2211">
    <p class='ocr_par' dir='ltr' id='par_1_68' title="bbox 148 2172 939 2211">
     <span class='ocr_line' id='line_1_68' title="bbox 148 2172 939 2211; baseline 0.003 -12"><span class='ocrx_word' id='word_1_451' title='bbox 148 2172 198 2199; x_wconf 76' lang='grc' dir='ltr'>τὸν</span> <span class='ocrx_word' id='word_1_452' title='bbox 211 2173 309 2208; x_wconf 79' lang='grc' dir='ltr'>λιμένα</span> <span class='ocrx_word' id='word_1_453' title='bbox 325 2173 530 2209; x_wconf 71' lang='grc' dir='ltr'>ἐργαζομένοις·</span> <span class='ocrx_word' id='word_1_454' title='bbox 563 2175 593 2207; x_wconf 81' lang='grc' dir='ltr'><strong>ἐξ</strong></span> <span class='ocrx_word' id='word_1_455' title='bbox 607 2172 641 2211; x_wconf 89' lang='grc' dir='ltr'><strong>ἦς</strong></span> <span class='ocrx_word' id='word_1_456' title='bbox 655 2174 666 2190; x_wconf 82' lang='grc'><strong><em>⁵</em></strong></span> <span class='ocrx_word' id='word_1_457' title='bbox 691 2174 817 2210; x_wconf 79' lang='grc' dir='ltr'>πράξεως</span> <span class='ocrx_word' id='word_1_458' title='bbox 840 2174 939 2210; x_wconf 77' lang='grc' dir='ltr'>συνέϐη</span> 
     </span>
    </p>
   </div>
   <div class='ocr_carea' id='block_1_69' title="bbox 992 1578 1778 1610">
    <p class='ocr_par' dir='ltr' id='par_1_69' title="bbox 992 1578 1778 1610">
     <span class='ocr_line' id='line_1_69' title="bbox 992 1578 1778 1610; baseline -0.004 -1"><span class='ocrx_word' id='word_1_459' title='bbox 992 1581 1034 1609; x_wconf 89' lang='lat' dir='ltr'><strong>lit.</strong></span> <span class='ocrx_word' id='word_1_460' title='bbox 1053 1580 1151 1609; x_wconf 85' lang='lat' dir='ltr'><strong>Postea</strong></span> <span class='ocrx_word' id='word_1_461' title='bbox 1169 1587 1232 1608; x_wconf 91' lang='lat' dir='ltr'><strong>cum</strong></span> <span class='ocrx_word' id='word_1_462' title='bbox 1254 1580 1329 1607; x_wconf 86' lang='lat' dir='ltr'><strong>vocis</strong></span> <span class='ocrx_word' id='word_1_463' title='bbox 1348 1579 1481 1607; x_wconf 84' lang='lat' dir='ltr'><strong>ﬁrmitate</strong></span> <span class='ocrx_word' id='word_1_464' title='bbox 1500 1587 1533 1607; x_wconf 89' lang='lat' dir='ltr'><strong>ac</strong></span> <span class='ocrx_word' id='word_1_465' title='bbox 1552 1579 1650 1606; x_wconf 88' lang='lat' dir='ltr'><strong>robore</strong></span> <span class='ocrx_word' id='word_1_466' title='bbox 1665 1578 1778 1610; x_wconf 83' lang='lat' dir='ltr'><strong>valeret,</strong></span> 
     </span>
    </p>
   </div>
   <div class='ocr_carea' id='block_1_70' title="bbox 993 1625 1780 1662">
    <p class='ocr_par' dir='ltr' id='par_1_70' title="bbox 993 1625 1780 1662">
     <span class='ocr_line' id='line_1_70' title="bbox 993 1625 1780 1662; baseline -0.001 -7"><span class='ocrx_word' id='word_1_467' title='bbox 993 1635 1022 1656; x_wconf 91' lang='lat' dir='ltr'><strong>se</strong></span> <span class='ocrx_word' id='word_1_468' title='bbox 1037 1627 1177 1662; x_wconf 84' lang='lat' dir='ltr'><strong>tragoediis</strong></span> <span class='ocrx_word' id='word_1_469' title='bbox 1200 1626 1313 1662; x_wconf 77' lang='lat' dir='ltr'><strong>agendis</strong></span> <span class='ocrx_word' id='word_1_470' title='bbox 1334 1627 1474 1655; x_wconf 81' lang='lat' dir='ltr'><strong>exercuit:</strong></span> <span class='ocrx_word' id='word_1_471' title='bbox 1487 1631 1525 1660; x_wconf 88' lang='lat' dir='ltr'><strong>et,</strong></span> <span class='ocrx_word' id='word_1_472' title='bbox 1542 1630 1573 1654; x_wconf 93' lang='lat' dir='ltr'><strong>ut</strong></span> <span class='ocrx_word' id='word_1_473' title='bbox 1583 1625 1780 1654; x_wconf 86' lang='lat' dir='ltr'><strong>Demosthenes</strong></span> 
     </span>
    </p>
   </div>
   <div class='ocr_carea' id='block_1_71' title="bbox 992 1670 1780 1706">
    <p class='ocr_par' dir='ltr' id='par_1_71' title="bbox 992 1670 1780 1706">
     <span class='ocr_line' id='line_1_71' title="bbox 992 1670 1780 1706; baseline -0.005 -5"><span class='ocrx_word' id='word_1_474' title='bbox 992 1673 1098 1705; x_wconf 84' lang='lat' dir='ltr'><strong>scribit,</strong></span> <span class='ocrx_word' id='word_1_475' title='bbox 1116 1672 1216 1700; x_wconf 67' lang='lat' dir='ltr'><strong>scribae</strong></span> <span class='ocrx_word' id='word_1_476' title='bbox 1229 1671 1360 1704; x_wconf 85' lang='lat' dir='ltr'><strong>vicarius,</strong></span> <span class='ocrx_word' id='word_1_477' title='bbox 1383 1679 1416 1698; x_wconf 93' lang='lat' dir='ltr'><strong>ac</strong></span> <span class='ocrx_word' id='word_1_478' title='bbox 1431 1670 1488 1706; x_wconf 82' lang='grc'><strong>(10)</strong></span> <span class='ocrx_word' id='word_1_479' title='bbox 1509 1670 1604 1698; x_wconf 87' lang='lat' dir='ltr'><strong>tertias</strong></span> <span class='ocrx_word' id='word_1_480' title='bbox 1615 1677 1698 1706; x_wconf 86' lang='lat' dir='ltr'><strong>agens</strong></span> <span class='ocrx_word' id='word_1_481' title='bbox 1717 1677 1780 1705; x_wconf 85' lang='lat' dir='ltr'><strong>par-</strong></span> 
     </span>
    </p>
   </div>
   <div class='ocr_carea' id='block_1_72' title="bbox 992 1717 1781 1751">
    <p class='ocr_par' dir='ltr' id='par_1_72' title="bbox 992 1717 1781 1751">
     <span class='ocr_line' id='line_1_72' title="bbox 992 1717 1781 1751; baseline -0.004 -5"><span class='ocrx_word' id='word_1_482' title='bbox 992 1724 1033 1746; x_wconf 86' lang='lat' dir='ltr'><strong>tes</strong></span> <span class='ocrx_word' id='word_1_483' title='bbox 1046 1719 1072 1746; x_wconf 92' lang='lat' dir='ltr'><strong>in</strong></span> <span class='ocrx_word' id='word_1_484' title='bbox 1089 1718 1305 1746; x_wconf 83' lang='lat' dir='ltr'><strong>Bacchanalibus</strong></span> <span class='ocrx_word' id='word_1_485' title='bbox 1326 1717 1494 1746; x_wconf 84' lang='lat' dir='ltr'><strong>Aristodemi</strong></span> <span class='ocrx_word' id='word_1_486' title='bbox 1522 1717 1657 1744; x_wconf 84' lang='lat' dir='ltr'><strong>arbitratu</strong></span> <span class='ocrx_word' id='word_1_487' title='bbox 1671 1723 1781 1751; x_wconf 83' lang='lat' dir='ltr'><strong>semper</strong></span> 
     </span>
    </p>
   </div>
   <div class='ocr_carea' id='block_1_73' title="bbox 991 1764 1781 1800">
    <p class='ocr_par' dir='ltr' id='par_1_73' title="bbox 991 1764 1781 1800">
     <span class='ocr_line' id='line_1_73' title="bbox 991 1764 1781 1800; baseline -0.003 -8"><span class='ocrx_word' id='word_1_488' title='bbox 991 1765 1043 1793; x_wconf 80' lang='lat' dir='ltr'><strong>fuit</strong></span> <span class='ocrx_word' id='word_1_489' title='bbox 1055 1775 1061 1793; x_wconf 96' lang='lat'>:</span> <span class='ocrx_word' id='word_1_490' title='bbox 1078 1765 1225 1800; x_wconf 84' lang='lat' dir='ltr'><strong>etjuvenis</strong></span> <span class='ocrx_word' id='word_1_491' title='bbox 1233 1765 1315 1792; x_wconf 82' lang='lat' dir='ltr'><strong>etiam</strong></span> <span class='ocrx_word' id='word_1_492' title='bbox 1326 1772 1391 1792; x_wconf 92' lang='lat' dir='ltr'><strong>num</strong></span> <span class='ocrx_word' id='word_1_493' title='bbox 1406 1764 1511 1791; x_wconf 86' lang='lat' dir='ltr'><strong>litteras</strong></span> <span class='ocrx_word' id='word_1_494' title='bbox 1524 1771 1579 1791; x_wconf 87' lang='lat' dir='ltr'><strong>una</strong></span> <span class='ocrx_word' id='word_1_495' title='bbox 1593 1771 1655 1791; x_wconf 92' lang='lat' dir='ltr'><strong>cum</strong></span> <span class='ocrx_word' id='word_1_496' title='bbox 1668 1767 1781 1798; x_wconf 79' lang='lat' dir='ltr'><strong>parente</strong></span> 
     </span>
    </p>
   </div>
   <div class='ocr_carea' id='block_1_74' title="bbox 991 1808 1778 1846">
    <p class='ocr_par' dir='ltr' id='par_1_74' title="bbox 991 1808 1778 1846">
     <span class='ocr_line' id='line_1_74' title="bbox 991 1808 1778 1846; baseline -0.004 -8"><span class='ocrx_word' id='word_1_497' title='bbox 991 1811 1099 1839; x_wconf 89' lang='lat' dir='ltr'><strong>docuit:</strong></span> <span class='ocrx_word' id='word_1_498' title='bbox 1115 1811 1270 1846; x_wconf 81' lang='lat' dir='ltr'><strong>provectior</strong></span> <span class='ocrx_word' id='word_1_499' title='bbox 1288 1813 1379 1837; x_wconf 87' lang='lat' dir='ltr'><strong>autem</strong></span> <span class='ocrx_word' id='word_1_500' title='bbox 1394 1809 1534 1837; x_wconf 89' lang='lat' dir='ltr'><strong>militavit.</strong></span> <span class='ocrx_word' id='word_1_501' title='bbox 1552 1808 1682 1836; x_wconf 83' lang='lat' dir='ltr'><strong>Nonnulli</strong></span> <span class='ocrx_word' id='word_1_502' title='bbox 1697 1808 1778 1836; x_wconf 71' lang='lat' dir='ltr'><strong>etiam</strong></span> 
     </span>
    </p>
   </div>
   <div class='ocr_carea' id='block_1_75' title="bbox 992 1854 1781 1884">
    <p class='ocr_par' dir='ltr' id='par_1_75' title="bbox 992 1854 1781 1884">
     <span class='ocr_line' id='line_1_75' title="bbox 992 1854 1781 1884; baseline -0.001 0"><span class='ocrx_word' id='word_1_503' title='bbox 992 1856 1133 1884; x_wconf 84' lang='lat' dir='ltr'><strong>Socratem</strong></span> <span class='ocrx_word' id='word_1_504' title='bbox 1159 1861 1187 1884; x_wconf 91' lang='lat' dir='ltr'><strong>et</strong></span> <span class='ocrx_word' id='word_1_505' title='bbox 1208 1855 1351 1883; x_wconf 87' lang='lat' dir='ltr'><strong>Platonem</strong></span> <span class='ocrx_word' id='word_1_506' title='bbox 1379 1855 1491 1883; x_wconf 87' lang='lat' dir='ltr'><strong>audisse</strong></span> <span class='ocrx_word' id='word_1_507' title='bbox 1518 1855 1619 1883; x_wconf 77' lang='lat' dir='ltr'><strong>lerunt.</strong></span> <span class='ocrx_word' id='word_1_508' title='bbox 1654 1854 1781 1883; x_wconf 73' lang='lat' dir='ltr'><strong>Caecilius</strong></span> 
     </span>
    </p>
   </div>
   <div class='ocr_carea' id='block_1_76' title="bbox 991 1901 1781 1939">
    <p class='ocr_par' dir='ltr' id='par_1_76' title="bbox 991 1901 1781 1939">
     <span class='ocr_line' id='line_1_76' title="bbox 991 1901 1781 1939; baseline -0.001 -8"><span class='ocrx_word' id='word_1_509' title='bbox 991 1911 1056 1931; x_wconf 91' lang='lat' dir='ltr'><strong>vero</strong></span> <span class='ocrx_word' id='word_1_510' title='bbox 1068 1903 1125 1939; x_wconf 85' lang='lat' dir='ltr'><strong>(ll)</strong></span> <span class='ocrx_word' id='word_1_511' title='bbox 1145 1902 1339 1931; x_wconf 84' lang='lat' dir='ltr'><strong>Leodamantis</strong></span> <span class='ocrx_word' id='word_1_512' title='bbox 1360 1903 1526 1937; x_wconf 88' lang='lat' dir='ltr'><strong>discipulum</strong></span> <span class='ocrx_word' id='word_1_513' title='bbox 1548 1902 1622 1929; x_wconf 79' lang='lat' dir='ltr'><strong>facit.</strong></span> <span class='ocrx_word' id='word_1_514' title='bbox 1651 1901 1781 1930; x_wconf 81' lang='lat' dir='ltr'><strong>Versatus</strong></span> 
     </span>
    </p>
   </div>
   <div class='ocr_carea' id='block_1_77' title="bbox 991 1949 1780 1985">
    <p class='ocr_par' dir='ltr' id='par_1_77' title="bbox 991 1949 1780 1985">
     <span class='ocr_line' id='line_1_77' title="bbox 991 1949 1780 1985; baseline -0.004 -7"><span class='ocrx_word' id='word_1_515' title='bbox 991 1950 1020 1977; x_wconf 91' lang='lat' dir='ltr'><strong>in</strong></span> <span class='ocrx_word' id='word_1_516' title='bbox 1035 1950 1175 1985; x_wconf 85' lang='lat' dir='ltr'><strong>republica</strong></span> <span class='ocrx_word' id='word_1_517' title='bbox 1191 1954 1234 1977; x_wconf 89' lang='lat' dir='ltr'><strong>est</strong></span> <span class='ocrx_word' id='word_1_518' title='bbox 1258 1957 1312 1977; x_wconf 90' lang='lat' dir='ltr'><strong>non</strong></span> <span class='ocrx_word' id='word_1_519' title='bbox 1335 1949 1485 1985; x_wconf 77' lang='lat' dir='ltr'><strong>inglorius:</strong></span> <span class='ocrx_word' id='word_1_520' title='bbox 1501 1949 1573 1984; x_wconf 85' lang='lat' dir='ltr'><strong>quod</strong></span> <span class='ocrx_word' id='word_1_521' title='bbox 1591 1949 1780 1981; x_wconf 87' lang='lat' dir='ltr'><strong>Demostheni,</strong></span> 
     </span>
    </p>
   </div>
   <div class='ocr_carea' id='block_1_78' title="bbox 990 1994 1780 2031">
    <p class='ocr_par' dir='ltr' id='par_1_78' title="bbox 990 1994 1780 2031">
     <span class='ocr_line' id='line_1_78' title="bbox 990 1994 1780 2031; baseline -0.003 -8"><span class='ocrx_word' id='word_1_522' title='bbox 990 1996 1106 2031; x_wconf 85' lang='lat' dir='ltr'><strong>ejusque</strong></span> <span class='ocrx_word' id='word_1_523' title='bbox 1121 1994 1350 2030; x_wconf 76' lang='lat' dir='ltr'><strong>suffragatoribus</strong></span> <span class='ocrx_word' id='word_1_524' title='bbox 1370 1994 1572 2024; x_wconf 87' lang='lat' dir='ltr'><strong>adversaretur.</strong></span> <span class='ocrx_word' id='word_1_525' title='bbox 1588 2001 1650 2021; x_wconf 90' lang='lat' dir='ltr'><strong>cum</strong></span> <span class='ocrx_word' id='word_1_526' title='bbox 1670 2002 1725 2029; x_wconf 87' lang='lat' dir='ltr'><strong>quo</strong></span> <span class='ocrx_word' id='word_1_527' title='bbox 1739 1994 1780 2021; x_wconf 87' lang='lat' dir='ltr'><strong>le—</strong></span> 
     </span>
    </p>
   </div>
   <div class='ocr_carea' id='block_1_79' title="bbox 991 2040 1781 2078">
    <p class='ocr_par' dir='ltr' id='par_1_79' title="bbox 991 2040 1781 2078">
     <span class='ocr_line' id='line_1_79' title="bbox 991 2040 1781 2078; baseline -0.003 -9"><span class='ocrx_word' id='word_1_528' title='bbox 991 2043 1114 2078; x_wconf 76' lang='lat' dir='ltr'><strong>gatioues</strong></span> <span class='ocrx_word' id='word_1_529' title='bbox 1131 2042 1199 2069; x_wconf 92' lang='lat' dir='ltr'><strong>obiit</strong></span> <span class='ocrx_word' id='word_1_530' title='bbox 1219 2048 1282 2069; x_wconf 89' lang='lat' dir='ltr'><strong>cum</strong></span> <span class='ocrx_word' id='word_1_531' title='bbox 1308 2041 1409 2068; x_wconf 87' lang='lat' dir='ltr'><strong>multas</strong></span> <span class='ocrx_word' id='word_1_532' title='bbox 1426 2041 1505 2070; x_wconf 83' lang='lat' dir='ltr'><strong>alias,</strong></span> <span class='ocrx_word' id='word_1_533' title='bbox 1529 2044 1586 2066; x_wconf 90' lang='lat' dir='ltr'><strong>tum</strong></span> <span class='ocrx_word' id='word_1_534' title='bbox 1608 2041 1641 2067; x_wconf 86' lang='lat' dir='ltr'><strong>de</strong></span> <span class='ocrx_word' id='word_1_535' title='bbox 1659 2047 1724 2074; x_wconf 85' lang='lat' dir='ltr'><strong>pace</strong></span> <span class='ocrx_word' id='word_1_536' title='bbox 1746 2040 1781 2067; x_wconf 76' lang='lat' dir='ltr'><strong>atl</strong></span> 
     </span>
    </p>
   </div>
   <div class='ocr_carea' id='block_1_80' title="bbox 991 2085 1778 2122">
    <p class='ocr_par' dir='ltr' id='par_1_80' title="bbox 991 2085 1778 2122">
     <span class='ocr_line' id='line_1_80' title="bbox 991 2085 1778 2122; baseline -0.003 -8"><span class='ocrx_word' id='word_1_537' title='bbox 991 2087 1156 2122; x_wconf 88' lang='lat' dir='ltr'><strong>Philippum,</strong></span> <span class='ocrx_word' id='word_1_538' title='bbox 1185 2087 1212 2114; x_wconf 94' lang='lat' dir='ltr'><strong>in</strong></span> <span class='ocrx_word' id='word_1_539' title='bbox 1236 2094 1291 2121; x_wconf 87' lang='lat' dir='ltr'><strong>qua</strong></span> <span class='ocrx_word' id='word_1_540' title='bbox 1315 2090 1462 2113; x_wconf 85' lang='lat' dir='ltr'><strong>accusatus</strong></span> <span class='ocrx_word' id='word_1_541' title='bbox 1483 2094 1498 2112; x_wconf 88' lang='lat' dir='ltr'><strong>a</strong></span> <span class='ocrx_word' id='word_1_542' title='bbox 1516 2085 1698 2113; x_wconf 78' lang='lat' dir='ltr'><strong>Demosthene</strong></span> <span class='ocrx_word' id='word_1_543' title='bbox 1711 2090 1778 2113; x_wconf 89' lang='lat' dir='ltr'><strong>est:</strong></span> 
     </span>
    </p>
   </div>
   <div class='ocr_carea' id='block_1_81' title="bbox 991 2131 1780 2169">
    <p class='ocr_par' dir='ltr' id='par_1_81' title="bbox 991 2131 1780 2169">
     <span class='ocr_line' id='line_1_81' title="bbox 991 2131 1780 2169; baseline -0.004 -8"><span class='ocrx_word' id='word_1_544' title='bbox 991 2133 1118 2169; x_wconf 85' lang='lat' dir='ltr'><strong>quodque</strong></span> <span class='ocrx_word' id='word_1_545' title='bbox 1136 2133 1194 2168; x_wconf 88' lang='lat' dir='ltr'><strong>ipse</strong></span> <span class='ocrx_word' id='word_1_546' title='bbox 1216 2131 1362 2168; x_wconf 82' lang='lat' dir='ltr'><strong>Pylagoras</strong></span> <span class='ocrx_word' id='word_1_547' title='bbox 1386 2132 1523 2159; x_wconf 79' lang='lat' dir='ltr'><strong>exsistens</strong></span> <span class='ocrx_word' id='word_1_548' title='bbox 1542 2135 1639 2159; x_wconf 86' lang='lat' dir='ltr'><strong>auctor</strong></span> <span class='ocrx_word' id='word_1_549' title='bbox 1653 2131 1716 2159; x_wconf 89' lang='lat' dir='ltr'><strong>belli</strong></span> <span class='ocrx_word' id='word_1_550' title='bbox 1738 2132 1780 2159; x_wconf 85' lang='lat' dir='ltr'><strong>in-</strong></span> 
     </span>
    </p>
   </div>
   <div class='ocr_carea' id='block_1_82' title="bbox 993 2178 1779 2213">
    <p class='ocr_par' dir='ltr' id='par_1_82' title="bbox 993 2178 1779 2213">
     <span class='ocr_line' id='line_1_82' title="bbox 993 2178 1779 2213; baseline -0.003 -6"><span class='ocrx_word' id='word_1_551' title='bbox 993 2180 1154 2207; x_wconf 86' lang='lat' dir='ltr'><strong>troducendi</strong></span> <span class='ocrx_word' id='word_1_552' title='bbox 1185 2179 1292 2211; x_wconf 82' lang='lat' dir='ltr'><strong>fuisset,</strong></span> <span class='ocrx_word' id='word_1_553' title='bbox 1322 2186 1385 2206; x_wconf 89' lang='lat' dir='ltr'><strong>cum</strong></span> <span class='ocrx_word' id='word_1_554' title='bbox 1407 2178 1442 2205; x_wconf 87' lang='lat' dir='ltr'><strong>ab</strong></span> <span class='ocrx_word' id='word_1_555' title='bbox 1467 2178 1716 2213; x_wconf 79' lang='lat' dir='ltr'><strong>Amphictymiibus</strong></span> <span class='ocrx_word' id='word_1_556' title='bbox 1743 2178 1779 2206; x_wconf 80' lang='lat' dir='ltr'><strong>ad</strong></span> 
     </span>
    </p>
   </div>
   <div class='ocr_carea' id='block_1_83' title="bbox 149 2218 940 2260">
    <p class='ocr_par' dir='ltr' id='par_1_83' title="bbox 149 2218 940 2256">
     <span class='ocr_line' id='line_1_83' title="bbox 149 2218 940 2256; baseline 0.004 -11"><span class='ocrx_word' id='word_1_557' title='bbox 149 2218 280 2254; x_wconf 74' lang='grc' dir='ltr'>Φιλίππῳ</span> <span class='ocrx_word' id='word_1_558' title='bbox 302 2221 471 2255; x_wconf 84' lang='grc' dir='ltr'>προσφυγεῖν</span> <span class='ocrx_word' id='word_1_559' title='bbox 491 2221 701 2256; x_wconf 71' lang='grc' dir='ltr'>Ἀμφικτύονας,</span> <span class='ocrx_word' id='word_1_560' title='bbox 714 2221 761 2249; x_wconf 80' lang='grc' dir='ltr'><strong>τὸν</strong></span> <span class='ocrx_word' id='word_1_561' title='bbox 782 2221 811 2248; x_wconf 76' lang='grc' dir='ltr'><strong>δὲ</strong></span> <span class='ocrx_word' id='word_1_562' title='bbox 827 2221 880 2248; x_wconf 77' lang='grc' dir='ltr'><strong>ὑπὸ</strong></span> <span class='ocrx_word' id='word_1_563' title='bbox 893 2221 940 2248; x_wconf 82' lang='grc' dir='ltr'><strong>τοῦ</strong></span> 
     </span>
    </p>
   </div>
   <div class='ocr_carea' id='block_1_84' title="bbox 994 2218 1780 2260">
    <p class='ocr_par' dir='ltr' id='par_1_84' title="bbox 994 2224 1780 2260">
     <span class='ocr_line' id='line_1_84' title="bbox 994 2224 1780 2260; baseline -0.001 -8"><span class='ocrx_word' id='word_1_564' title='bbox 994 2225 1177 2260; x_wconf 72' lang='lat' dir='ltr'><strong>Amphissaeos</strong></span> <span class='ocrx_word' id='word_1_565' title='bbox 1190 2225 1296 2260; x_wconf 81' lang='lat' dir='ltr'><strong>legatus</strong></span> <span class='ocrx_word' id='word_1_566' title='bbox 1317 2229 1358 2252; x_wconf 84' lang='lat' dir='ltr'><strong>est</strong></span> <span class='ocrx_word' id='word_1_567' title='bbox 1376 2229 1495 2257; x_wconf 81' lang='lat' dir='ltr'><strong>creatus,</strong></span> <span class='ocrx_word' id='word_1_568' title='bbox 1518 2224 1626 2259; x_wconf 88' lang='lat' dir='ltr'><strong>ipsique</strong></span> <span class='ocrx_word' id='word_1_569' title='bbox 1649 2224 1780 2259; x_wconf 84' lang='lat' dir='ltr'><strong>Amphic-</strong></span> 
     </span>
    </p>
   </div>
   <div class='ocr_carea' id='block_1_85' title="bbox 149 2264 940 2304">
    <p class='ocr_par' dir='ltr' id='par_1_85' title="bbox 149 2264 940 2304">
     <span class='ocr_line' id='line_1_85' title="bbox 149 2264 940 2304; baseline 0.004 -13"><span class='ocrx_word' id='word_1_570' title='bbox 149 2264 281 2300; x_wconf 74' lang='grc' dir='ltr'>Αἰσχίνου</span> <span class='ocrx_word' id='word_1_571' title='bbox 303 2266 520 2302; x_wconf 82' lang='grc' dir='ltr'>συνεργούμενον</span> <span class='ocrx_word' id='word_1_572' title='bbox 547 2267 690 2294; x_wconf 72' lang='grc' dir='ltr'>ἐπιθέσθαι</span> <span class='ocrx_word' id='word_1_573' title='bbox 713 2269 770 2300; x_wconf 72' lang='grc' dir='ltr'>τοῖς</span> <span class='ocrx_word' id='word_1_574' title='bbox 794 2268 940 2304; x_wconf 82' lang='grc' dir='ltr'>πράγμασι</span> 
     </span>
    </p>
   </div>
   <div class='ocr_carea' id='block_1_86' title="bbox 148 2311 940 2350">
    <p class='ocr_par' dir='ltr' id='par_1_86' title="bbox 148 2311 940 2350">
     <span class='ocr_line' id='line_1_86' title="bbox 148 2311 940 2350; baseline 0.005 -12"><span class='ocrx_word' id='word_1_575' title='bbox 148 2311 202 2339; x_wconf 72' lang='grc' dir='ltr'><strong>καὶ</strong></span> <span class='ocrx_word' id='word_1_576' title='bbox 214 2312 265 2348; x_wconf 76' lang='grc' dir='ltr'><strong>τὴν</strong></span> <span class='ocrx_word' id='word_1_577' title='bbox 275 2312 383 2339; x_wconf 74' lang='grc' dir='ltr'>Φωκίδα</span> <span class='ocrx_word' id='word_1_578' title='bbox 398 2313 500 2341; x_wconf 79' lang='grc' dir='ltr'>λαϐεῖν.</span> <span class='ocrx_word' id='word_1_579' title='bbox 517 2315 694 2347; x_wconf 84' lang='grc' dir='ltr'>Συνειπόντος</span> <span class='ocrx_word' id='word_1_580' title='bbox 708 2315 802 2350; x_wconf 77' lang='grc' dir='ltr'>μέντοι</span> <span class='ocrx_word' id='word_1_581' title='bbox 822 2324 854 2350; x_wconf 86' lang='grc' dir='ltr'><strong>γε</strong></span> <span class='ocrx_word' id='word_1_582' title='bbox 866 2315 940 2350; x_wconf 86' lang='grc' dir='ltr'>αὐτῷ</span> 
     </span>
    </p>
   </div>
   <div class='ocr_carea' id='block_1_87' title="bbox 148 2358 940 2399">
    <p class='ocr_par' dir='ltr' id='par_1_87' title="bbox 148 2358 940 2399">
     <span class='ocr_line' id='line_1_87' title="bbox 148 2358 940 2399; baseline 0.008 -14"><span class='ocrx_word' id='word_1_583' title='bbox 148 2358 290 2386; x_wconf 77' lang='grc' dir='ltr'>Εὐϐούλου</span> <span class='ocrx_word' id='word_1_584' title='bbox 318 2360 367 2387; x_wconf 78' lang='grc' dir='ltr'>τοῦ</span> <span class='ocrx_word' id='word_1_585' title='bbox 398 2361 551 2397; x_wconf 81' lang='grc' dir='ltr'>Σπινθάρου</span> <span class='ocrx_word' id='word_1_586' title='bbox 573 2363 768 2399; x_wconf 80' lang='grc' dir='ltr'>Προσαλεισίου</span> <span class='ocrx_word' id='word_1_587' title='bbox 786 2365 797 2380; x_wconf 83' lang='grc'><strong>⁹</strong></span> <span class='ocrx_word' id='word_1_588' title='bbox 810 2363 940 2398; x_wconf 82' lang='grc' dir='ltr'>δημαγω-</span> 
     </span>
    </p>
   </div>
   <div class='ocr_carea' id='block_1_88' title="bbox 147 2405 940 2445">
    <p class='ocr_par' dir='ltr' id='par_1_88' title="bbox 147 2405 940 2445">
     <span class='ocr_line' id='line_1_88' title="bbox 147 2405 940 2445; baseline 0.006 -14"><span class='ocrx_word' id='word_1_589' title='bbox 147 2405 266 2439; x_wconf 71' lang='grc' dir='ltr'>γοῦντες</span> <span class='ocrx_word' id='word_1_590' title='bbox 277 2406 378 2442; x_wconf 80' lang='grc' dir='ltr'>ψήφοις</span> <span class='ocrx_word' id='word_1_591' title='bbox 400 2407 495 2442; x_wconf 86' lang='grc' dir='ltr'>μόναις</span> <span class='ocrx_word' id='word_1_592' title='bbox 502 2407 523 2435; x_wconf 85' lang='grc' dir='ltr'>λ’</span> <span class='ocrx_word' id='word_1_593' title='bbox 535 2409 669 2444; x_wconf 80' lang='grc' dir='ltr'>ἀπέφυγε.</span> <span class='ocrx_word' id='word_1_594' title='bbox 682 2409 813 2445; x_wconf 85' lang='grc' dir='ltr'>Χρόνῳδὲ</span> <span class='ocrx_word' id='word_1_595' title='bbox 827 2409 940 2444; x_wconf 76' lang='grc' dir='ltr'>ὕστερον</span> 
     </span>
    </p>
   </div>
   <div class='ocr_carea' id='block_1_89' title="bbox 146 2450 938 2491">
    <p class='ocr_par' dir='ltr' id='par_1_89' title="bbox 146 2450 938 2491">
     <span class='ocr_line' id='line_1_89' title="bbox 146 2450 938 2491; baseline 0.009 -15"><span class='ocrx_word' id='word_1_596' title='bbox 146 2450 289 2478; x_wconf 61' lang='grc' dir='ltr'>Φιλίππου</span> <span class='ocrx_word' id='word_1_597' title='bbox 306 2453 357 2488; x_wconf 79' lang='grc' dir='ltr'>μὲν</span> <span class='ocrx_word' id='word_1_598' title='bbox 371 2453 606 2490; x_wconf 81' lang='grc' dir='ltr'>τετελευτηκότος,</span> <span class='ocrx_word' id='word_1_599' title='bbox 629 2455 804 2491; x_wconf 78' lang='grc' dir='ltr'>Ἀλεξάνδρου</span> <span class='ocrx_word' id='word_1_600' title='bbox 827 2456 856 2482; x_wconf 81' lang='grc' dir='ltr'><strong>δὲ</strong></span> <span class='ocrx_word' id='word_1_601' title='bbox 880 2455 938 2483; x_wconf 88' lang='grc' dir='ltr'>δια-</span> 
     </span>
    </p>
   </div>
   <div class='ocr_carea' id='block_1_90' title="bbox 146 2497 941 2540">
    <p class='ocr_par' dir='ltr' id='par_1_90' title="bbox 146 2497 941 2540">
     <span class='ocr_line' id='line_1_90' title="bbox 146 2497 941 2540; baseline 0.009 -16"><span class='ocrx_word' id='word_1_602' title='bbox 146 2497 294 2531; x_wconf 73' lang='grc' dir='ltr'>ϐαίνοντος</span> <span class='ocrx_word' id='word_1_603' title='bbox 320 2499 361 2532; x_wconf 88' lang='grc' dir='ltr'><strong>εἰς</strong></span> <span class='ocrx_word' id='word_1_604' title='bbox 381 2499 431 2536; x_wconf 82' lang='grc' dir='ltr'><strong>τὴν</strong></span> <span class='ocrx_word' id='word_1_605' title='bbox 463 2501 571 2535; x_wconf 79' lang='grc' dir='ltr'>Ἀσίαν,</span> <span class='ocrx_word' id='word_1_606' title='bbox 598 2502 646 2530; x_wconf 77' lang='grc' dir='ltr'><strong>ἐπὶ</strong></span> <span class='ocrx_word' id='word_1_607' title='bbox 668 2504 728 2535; x_wconf 87' lang='grc' dir='ltr'>ταῖς</span> <span class='ocrx_word' id='word_1_608' title='bbox 753 2503 941 2540; x_wconf 83' lang='grc' dir='ltr'>Δημοσθένους</span> 
     </span>
    </p>
   </div>
   <div class='ocr_carea' id='block_1_91' title="bbox 994 2270 1780 2308">
    <p class='ocr_par' dir='ltr' id='par_1_91' title="bbox 994 2270 1780 2308">
     <span class='ocr_line' id='line_1_91' title="bbox 994 2270 1780 2308; baseline -0.001 -10"><span class='ocrx_word' id='word_1_609' title='bbox 994 2277 1090 2308; x_wconf 86' lang='lat' dir='ltr'><strong>tyoncs</strong></span> <span class='ocrx_word' id='word_1_610' title='bbox 1104 2276 1212 2305; x_wconf 89' lang='lat' dir='ltr'><strong>portum</strong></span> <span class='ocrx_word' id='word_1_611' title='bbox 1226 2271 1401 2303; x_wconf 72' lang='lat' dir='ltr'><strong>strinxissent,</strong></span> <span class='ocrx_word' id='word_1_612' title='bbox 1417 2278 1472 2305; x_wconf 92' lang='lat' dir='ltr'><strong>quo</strong></span> <span class='ocrx_word' id='word_1_613' title='bbox 1490 2270 1562 2298; x_wconf 79' lang='lat' dir='ltr'><strong>facto</strong></span> <span class='ocrx_word' id='word_1_614' title='bbox 1574 2271 1608 2298; x_wconf 89' lang='lat' dir='ltr'><strong>ad</strong></span> <span class='ocrx_word' id='word_1_615' title='bbox 1625 2270 1780 2306; x_wconf 87' lang='lat' dir='ltr'><strong>Philippum</strong></span> 
     </span>
    </p>
   </div>
   <div class='ocr_carea' id='block_1_92' title="bbox 993 2314 1779 2350">
    <p class='ocr_par' dir='ltr' id='par_1_92' title="bbox 993 2314 1779 2350">
     <span class='ocr_line' id='line_1_92' title="bbox 993 2314 1779 2350; baseline -0.001 -7"><span class='ocrx_word' id='word_1_616' title='bbox 993 2315 1186 2349; x_wconf 85' lang='lat' dir='ltr'><strong>confugerunt,</strong></span> <span class='ocrx_word' id='word_1_617' title='bbox 1205 2320 1233 2342; x_wconf 92' lang='lat' dir='ltr'><strong>ct</strong></span> <span class='ocrx_word' id='word_1_618' title='bbox 1255 2314 1408 2350; x_wconf 78' lang='lat' dir='ltr'><strong>Philippus,</strong></span> <span class='ocrx_word' id='word_1_619' title='bbox 1425 2319 1538 2341; x_wconf 88' lang='lat' dir='ltr'><strong>auctore</strong></span> <span class='ocrx_word' id='word_1_620' title='bbox 1564 2314 1707 2347; x_wconf 67' lang='lat' dir='ltr'><strong>Eschine,</strong></span> <span class='ocrx_word' id='word_1_621' title='bbox 1734 2322 1779 2342; x_wconf 85' lang='lat' dir='ltr'><strong>res</strong></span> 
     </span>
    </p>
   </div>
   <div class='ocr_carea' id='block_1_93' title="bbox 994 2360 1779 2397">
    <p class='ocr_par' dir='ltr' id='par_1_93' title="bbox 994 2360 1779 2397">
     <span class='ocr_line' id='line_1_93' title="bbox 994 2360 1779 2397; baseline -0.001 -8"><span class='ocrx_word' id='word_1_622' title='bbox 994 2362 1067 2397; x_wconf 87' lang='lat' dir='ltr'><strong>ipsas</strong></span> <span class='ocrx_word' id='word_1_623' title='bbox 1080 2365 1122 2389; x_wconf 85' lang='lat' dir='ltr'><strong>est</strong></span> <span class='ocrx_word' id='word_1_624' title='bbox 1138 2368 1297 2396; x_wconf 83' lang='lat' dir='ltr'><strong>aggressus,</strong></span> <span class='ocrx_word' id='word_1_625' title='bbox 1312 2366 1338 2388; x_wconf 88' lang='lat' dir='ltr'><strong>ct</strong></span> <span class='ocrx_word' id='word_1_626' title='bbox 1359 2360 1506 2388; x_wconf 86' lang='lat' dir='ltr'><strong>Phocidem</strong></span> <span class='ocrx_word' id='word_1_627' title='bbox 1533 2361 1614 2396; x_wconf 87' lang='lat' dir='ltr'><strong>cepit.</strong></span> <span class='ocrx_word' id='word_1_628' title='bbox 1634 2360 1700 2396; x_wconf 86' lang='lat' dir='ltr'><strong>Ejus</strong></span> <span class='ocrx_word' id='word_1_629' title='bbox 1717 2369 1779 2388; x_wconf 85' lang='lat' dir='ltr'><strong>sen-</strong></span> 
     </span>
    </p>
   </div>
   <div class='ocr_carea' id='block_1_94' title="bbox 993 2407 1777 2443">
    <p class='ocr_par' dir='ltr' id='par_1_94' title="bbox 993 2407 1777 2443">
     <span class='ocr_line' id='line_1_94' title="bbox 993 2407 1777 2443; baseline -0.001 -8"><span class='ocrx_word' id='word_1_630' title='bbox 993 2408 1084 2436; x_wconf 65' lang='lat' dir='ltr'><strong>tentiae</strong></span> <span class='ocrx_word' id='word_1_631' title='bbox 1099 2407 1286 2443; x_wconf 89' lang='lat' dir='ltr'><strong>patrocinante</strong></span> <span class='ocrx_word' id='word_1_632' title='bbox 1297 2407 1404 2435; x_wconf 90' lang='lat' dir='ltr'><strong>Eubulo</strong></span> <span class='ocrx_word' id='word_1_633' title='bbox 1417 2407 1556 2442; x_wconf 86' lang='lat' dir='ltr'><strong>Spinthari</strong></span> <span class='ocrx_word' id='word_1_634' title='bbox 1576 2407 1649 2435; x_wconf 79' lang='lat' dir='ltr'><strong>ﬁlios</strong></span> <span class='ocrx_word' id='word_1_635' title='bbox 1668 2411 1696 2434; x_wconf 86' lang='lat' dir='ltr'><strong>et</strong></span> <span class='ocrx_word' id='word_1_636' title='bbox 1708 2407 1777 2434; x_wconf 87' lang='lat' dir='ltr'><strong>Pro-</strong></span> 
     </span>
    </p>
   </div>
   <div class='ocr_carea' id='block_1_95' title="bbox 993 2454 1780 2490">
    <p class='ocr_par' dir='ltr' id='par_1_95' title="bbox 993 2454 1780 2490">
     <span class='ocr_line' id='line_1_95' title="bbox 993 2454 1780 2490; baseline 0 -8"><span class='ocrx_word' id='word_1_637' title='bbox 993 2455 1119 2486; x_wconf 80' lang='lat' dir='ltr'><strong>vallusio,</strong></span> <span class='ocrx_word' id='word_1_638' title='bbox 1131 2454 1178 2490; x_wconf 91' lang='lat' dir='ltr'><strong>qui</strong></span> <span class='ocrx_word' id='word_1_639' title='bbox 1194 2460 1251 2482; x_wconf 91' lang='lat' dir='ltr'><strong>tum</strong></span> <span class='ocrx_word' id='word_1_640' title='bbox 1273 2462 1408 2482; x_wconf 83' lang='lat' dir='ltr'><strong>summam</strong></span> <span class='ocrx_word' id='word_1_641' title='bbox 1422 2454 1496 2490; x_wconf 83' lang='lat' dir='ltr'><strong>apud</strong></span> <span class='ocrx_word' id='word_1_642' title='bbox 1509 2454 1638 2490; x_wconf 89' lang='lat' dir='ltr'><strong>populum</strong></span> <span class='ocrx_word' id='word_1_643' title='bbox 1657 2458 1780 2490; x_wconf 86' lang='lat' dir='ltr'><strong>potesta-</strong></span> 
     </span>
    </p>
   </div>
   <div class='ocr_carea' id='block_1_96' title="bbox 993 2499 1777 2536">
    <p class='ocr_par' dir='ltr' id='par_1_96' title="bbox 993 2499 1777 2536">
     <span class='ocr_line' id='line_1_96' title="bbox 993 2499 1777 2536; baseline -0.001 -7"><span class='ocrx_word' id='word_1_644' title='bbox 993 2505 1047 2529; x_wconf 89' lang='lat' dir='ltr'><strong>tem</strong></span> <span class='ocrx_word' id='word_1_645' title='bbox 1059 2500 1210 2533; x_wconf 88' lang='lat' dir='ltr'><strong>obtinebat,</strong></span> <span class='ocrx_word' id='word_1_646' title='bbox 1226 2500 1397 2534; x_wconf 87' lang='lat' dir='ltr'><strong>sublevatus,</strong></span> <span class='ocrx_word' id='word_1_647' title='bbox 1408 2500 1518 2535; x_wconf 82' lang='lat' dir='ltr'><strong>triginta</strong></span> <span class='ocrx_word' id='word_1_648' title='bbox 1530 2499 1668 2536; x_wconf 74' lang='lat' dir='ltr'><strong>sull‘ragiis</strong></span> <span class='ocrx_word' id='word_1_649' title='bbox 1677 2501 1777 2529; x_wconf 88' lang='lat' dir='ltr'><strong>evasit.</strong></span> 
     </span>
    </p>
   </div>
   <div class='ocr_carea' id='block_1_97' title="bbox 784 2602 1134 2632">
    <p class='ocr_par' dir='ltr' id='par_1_97' title="bbox 784 2602 1134 2632">
     <span class='ocr_line' id='line_1_97' title="bbox 784 2602 1134 2632; baseline 0 -1"><span class='ocrx_word' id='word_1_650' title='bbox 784 2602 902 2631; x_wconf 68' lang='lat' dir='ltr'><strong>VARUE</strong></span> <span class='ocrx_word' id='word_1_651' title='bbox 929 2602 1134 2632; x_wconf 73' lang='lat' dir='ltr'><strong>LECTIONES.</strong></span> 
     </span>
    </p>
   </div>
   <div class='ocr_carea' id='block_1_98' title="bbox 186 2658 386 2691">
    <p class='ocr_par' dir='ltr' id='par_1_98' title="bbox 186 2658 386 2691">
     <span class='ocr_line' id='line_1_98' title="bbox 186 2658 386 2691; baseline 0 -4"><span class='ocrx_word' id='word_1_652' title='bbox 186 2661 201 2677; x_wconf 87' lang='grc'>³</span> <span class='ocrx_word' id='word_1_653' title='bbox 216 2658 336 2691; x_wconf 82' lang='grc' dir='ltr'>ὑποστὰς</span> <span class='ocrx_word' id='word_1_654' title='bbox 354 2659 386 2687; x_wconf 75' lang='grc' dir='ltr'>Δ.</span> 
     </span>
    </p>
   </div>
   <div class='ocr_carea' id='block_1_99' title="bbox 142 2694 519 2760">
    <p class='ocr_par' dir='ltr' id='par_1_99' title="bbox 142 2694 519 2760">
     <span class='ocr_line' id='line_1_99' title="bbox 142 2694 519 2760; baseline 0 -38"><span class='ocrx_word' id='word_1_655' title='bbox 142 2703 265 2760; x_wconf 48' lang='lat' dir='ltr'><strong>{suam</strong></span> <span class='ocrx_word' id='word_1_656' title='bbox 283 2694 462 2731; x_wconf 80' lang='grc' dir='ltr'>Ἀμφικτύοσι</span> <span class='ocrx_word' id='word_1_657' title='bbox 480 2704 519 2732; x_wconf 89' lang='grc' dir='ltr'>πρ</span> 
     </span>
     <span class='ocr_line' id='line_1_100' title="bbox 202 2730 270 2758; baseline 0 0"><span class='ocrx_word' id='word_1_658' title='bbox 202 2730 270 2758; x_wconf 87' lang='grc' dir='ltr'>σίου.</span> 
     </span>
    </p>
   </div>
   <div class='ocr_carea' id='block_1_100' title="bbox 202 2730 270 2758">
    <p class='ocr_par' dir='ltr' id='par_1_100' title="bbox 202 2730 270 2758">
     <span class='ocr_line' id='line_1_101' title="bbox 202 2730 270 2758; baseline 0 0"><span class='ocrx_word' id='word_1_659' title='bbox 202 2730 270 2758; x_wconf 87' lang='grc' dir='ltr'>σίου.</span> 
     </span>
    </p>
   </div>
   <div class='ocr_carea' id='block_1_101' title="bbox 441 2659 1002 2698">
    <p class='ocr_par' dir='ltr' id='par_1_101' title="bbox 441 2659 1002 2698">
     <span class='ocr_line' id='line_1_102' title="bbox 441 2659 1002 2698; baseline 0 -10"><span class='ocrx_word' id='word_1_660' title='bbox 441 2659 453 2676; x_wconf 75' lang='grc'><strong><em>⁵</em></strong></span> <span class='ocrx_word' id='word_1_661' title='bbox 467 2660 623 2698; x_wconf 76' lang='grc' dir='ltr'>ἀνεγνώσθη</span> <span class='ocrx_word' id='word_1_662' title='bbox 639 2660 673 2688; x_wconf 83' lang='grc' dir='ltr'>Δ.</span> <span class='ocrx_word' id='word_1_663' title='bbox 701 2660 733 2698; x_wconf 38' lang='grc' dir='ltr'><strong>ψ’</strong></span> <span class='ocrx_word' id='word_1_664' title='bbox 747 2660 808 2698; x_wconf 80' lang='lat' dir='ltr'><strong>libri</strong></span> <span class='ocrx_word' id='word_1_665' title='bbox 823 2660 1002 2698; x_wconf 56' lang='lat' dir='ltr'><strong>_§_1Mpl§£ut€.</strong></span> 
     </span>
    </p>
   </div>
   <div class='ocr_carea' id='block_1_102' title="bbox 569 2689 1778 2732">
    <p class='ocr_par' dir='ltr' id='par_1_102' title="bbox 569 2689 1778 2732">
     <span class='ocr_line' id='line_1_103' title="bbox 569 2689 1778 2732; baseline -0.002 -9"><span class='ocrx_word' id='word_1_666' title='bbox 569 2689 728 2732; x_wconf 68' lang='grc' dir='ltr'>Ἀμφισσεῖς</span> <span class='ocrx_word' id='word_1_667' title='bbox 739 2696 770 2723; x_wconf 79' lang='grc' dir='ltr'>τὺ</span> <span class='ocrx_word' id='word_1_668' title='bbox 786 2695 876 2723; x_wconf 82' lang='grc' dir='ltr'>πεδίον</span> <span class='ocrx_word' id='word_1_669' title='bbox 891 2689 939 2724; x_wconf 65' lang='lat' dir='ltr'><strong>Stat</strong></span> <span class='ocrx_word' id='word_1_670' title='bbox 951 2689 996 2723; x_wconf 59' lang='grc' dir='ltr'>τῶ</span> <span class='ocrx_word' id='word_1_671' title='bbox 1009 2696 1034 2723; x_wconf 88' lang='grc' dir='ltr'>λ.</span> <span class='ocrx_word' id='word_1_672' title='bbox 1045 2694 1258 2730; x_wconf 71' lang='grc' dir='ltr'>ἑργαζομένους.</span> <span class='ocrx_word' id='word_1_673' title='bbox 1297 2695 1308 2711; x_wconf 75' lang='grc' dir='ltr'><strong>υ</strong></span> <span class='ocrx_word' id='word_1_674' title='bbox 1322 2689 1355 2726; x_wconf 69' lang='grc' dir='ltr'>εξ</span> <span class='ocrx_word' id='word_1_675' title='bbox 1361 2689 1407 2730; x_wconf 85' lang='grc' dir='ltr'><strong>ἦς]</strong></span> <span class='ocrx_word' id='word_1_676' title='bbox 1419 2689 1482 2730; x_wconf 76' lang='grc' dir='ltr'><strong>ἑξῆς</strong></span> <span class='ocrx_word' id='word_1_677' title='bbox 1493 2689 1529 2726; x_wconf 84' lang='grc' dir='ltr'><strong>’ς.</strong></span> <span class='ocrx_word' id='word_1_678' title='bbox 1566 2689 1654 2722; x_wconf 63' lang='grc' dir='ltr'>ίιίιπε</span> <span class='ocrx_word' id='word_1_679' title='bbox 1671 2694 1778 2729; x_wconf 79' lang='grc' dir='ltr'>Προσα-</span> 
     </span>
    </p>
   </div>
   <div class='ocr_carea' id='block_1_103' title="bbox 1063 2657 1779 2694">
    <p class='ocr_par' dir='ltr' id='par_1_103' title="bbox 1063 2657 1779 2694">
     <span class='ocr_line' id='line_1_104' title="bbox 1063 2657 1779 2694; baseline 0.001 -9"><span class='ocrx_word' id='word_1_680' title='bbox 1063 2659 1074 2676; x_wconf 70' lang='grc' dir='ltr'><strong>θ</strong></span> <span class='ocrx_word' id='word_1_681' title='bbox 1087 2659 1143 2686; x_wconf 88' lang='grc' dir='ltr'><strong>τῶν</strong></span> <span class='ocrx_word' id='word_1_682' title='bbox 1157 2657 1178 2686; x_wconf 90' lang='grc' dir='ltr'>Β</span> <span class='ocrx_word' id='word_1_683' title='bbox 1194 2667 1202 2686; x_wconf 88' lang='lat'>:</span> <span class='ocrx_word' id='word_1_684' title='bbox 1215 2658 1245 2685; x_wconf 73' lang='grc' dir='ltr'><strong>δὲ</strong></span> <span class='ocrx_word' id='word_1_685' title='bbox 1273 2658 1328 2686; x_wconf 82' lang='grc' dir='ltr'><strong>τῶν</strong></span> <span class='ocrx_word' id='word_1_686' title='bbox 1341 2667 1378 2694; x_wconf 57' lang='grc' dir='ltr'><strong>ςι</strong></span> <span class='ocrx_word' id='word_1_687' title='bbox 1396 2693 1404 2694; x_wconf 24' lang='lat'><em>7</em></span> <span class='ocrx_word' id='word_1_688' title='bbox 1424 2659 1435 2675; x_wconf 90' lang='grc'><strong>⁷</strong></span> <span class='ocrx_word' id='word_1_689' title='bbox 1446 2659 1593 2694; x_wconf 81' lang='grc' dir='ltr'>ἀμφισσεῖς</span> <span class='ocrx_word' id='word_1_690' title='bbox 1605 2658 1635 2685; x_wconf 85' lang='grc' dir='ltr'><strong>Β.</strong></span> <span class='ocrx_word' id='word_1_691' title='bbox 1651 2657 1779 2687; x_wconf 78' lang='lat' dir='ltr'><strong>Leicllius</strong></span> 
     </span>
    </p>
   </div>
   <div class='ocr_carea' id='block_1_104' title="bbox 926 2795 1040 2826">
    <p class='ocr_par' dir='ltr' id='par_1_104' title="bbox 926 2795 1040 2826">
     <span class='ocr_line' id='line_1_105' title="bbox 926 2795 1040 2826; baseline 0.009 -1"><span class='ocrx_word' id='word_1_692' title='bbox 926 2795 1029 2826; x_wconf 72' lang='grc' dir='ltr'>ΝΟΤιΕ</span> <span class='ocrx_word' id='word_1_693' title='bbox 1033 2818 1040 2826; x_wconf 95' lang='grc'><em>.</em></span> 
     </span>
    </p>
   </div>
   <div class='ocr_carea' id='block_1_105' title="bbox 185 2854 937 2892">
    <p class='ocr_par' dir='ltr' id='par_1_105' title="bbox 185 2854 937 2892">
     <span class='ocr_line' id='line_1_106' title="bbox 185 2854 937 2892; baseline 0 -9"><span class='ocrx_word' id='word_1_694' title='bbox 185 2855 248 2892; x_wconf 77' lang='grc' dir='ltr'><strong>(Ιθ)</strong></span> <span class='ocrx_word' id='word_1_695' title='bbox 256 2855 315 2892; x_wconf 80' lang='lat' dir='ltr'><strong>Cic.</strong></span> <span class='ocrx_word' id='word_1_696' title='bbox 332 2855 448 2889; x_wconf 69' lang='lat' dir='ltr'><strong>Divinat,</strong></span> <span class='ocrx_word' id='word_1_697' title='bbox 463 2857 491 2884; x_wconf 79' lang='lat' dir='ltr'><strong>in</strong></span> <span class='ocrx_word' id='word_1_698' title='bbox 507 2854 622 2892; x_wconf 69' lang='lat' dir='ltr'><strong>Verrem,</strong></span> <span class='ocrx_word' id='word_1_699' title='bbox 632 2860 660 2883; x_wconf 90' lang='lat' dir='ltr'><strong>ut</strong></span> <span class='ocrx_word' id='word_1_700' title='bbox 673 2855 700 2884; x_wconf 90' lang='lat' dir='ltr'><strong>in</strong></span> <span class='ocrx_word' id='word_1_701' title='bbox 711 2855 848 2884; x_wconf 84' lang='lat' dir='ltr'><strong>actoribus</strong></span> <span class='ocrx_word' id='word_1_702' title='bbox 863 2856 937 2884; x_wconf 73' lang='lat' dir='ltr'><strong>Cra:-</strong></span> 
     </span>
    </p>
   </div>
   <div class='ocr_carea' id='block_1_106' title="bbox 145 2891 908 2928">
    <p class='ocr_par' dir='ltr' id='par_1_106' title="bbox 145 2891 908 2928">
     <span class='ocr_line' id='line_1_107' title="bbox 145 2891 908 2928; baseline 0 -9"><span class='ocrx_word' id='word_1_703' title='bbox 145 2891 196 2920; x_wconf 74' lang='lat' dir='ltr'><strong>cis</strong></span> <span class='ocrx_word' id='word_1_704' title='bbox 215 2891 274 2921; x_wconf 78' lang='lat' dir='ltr'><strong>ﬁeri</strong></span> <span class='ocrx_word' id='word_1_705' title='bbox 288 2891 413 2921; x_wconf 82' lang='lat' dir='ltr'><strong>videmus</strong></span> <span class='ocrx_word' id='word_1_706' title='bbox 429 2898 500 2927; x_wconf 63' lang='lat' dir='ltr'><strong>sape</strong></span> <span class='ocrx_word' id='word_1_707' title='bbox 513 2891 589 2920; x_wconf 91' lang='lat' dir='ltr'><strong>illum</strong></span> <span class='ocrx_word' id='word_1_708' title='bbox 602 2892 649 2928; x_wconf 88' lang='lat' dir='ltr'><strong>qui</strong></span> <span class='ocrx_word' id='word_1_709' title='bbox 660 2896 702 2921; x_wconf 85' lang='lat' dir='ltr'><strong>est</strong></span> <span class='ocrx_word' id='word_1_710' title='bbox 717 2891 908 2921; x_wconf 82' lang='lat' dir='ltr'><strong>secundarum.</strong></span> 
     </span>
    </p>
   </div>
   <div class='ocr_carea' id='block_1_107' title="bbox 1026 2836 1773 2892">
    <p class='ocr_par' dir='ltr' id='par_1_107' title="bbox 1026 2836 1773 2892">
     <span class='ocr_line' id='line_1_108' title="bbox 1026 2836 1773 2892; baseline 0.004 -8"><span class='ocrx_word' id='word_1_711' title='bbox 1026 2856 1084 2892; x_wconf 80' lang='lat' dir='ltr'><strong>(ll)</strong></span> <span class='ocrx_word' id='word_1_712' title='bbox 1104 2857 1150 2885; x_wconf 88' lang='lat' dir='ltr'><strong>Sic</strong></span> <span class='ocrx_word' id='word_1_713' title='bbox 1160 2863 1187 2885; x_wconf 86' lang='lat' dir='ltr'><strong>et</strong></span> <span class='ocrx_word' id='word_1_714' title='bbox 1198 2858 1336 2887; x_wconf 81' lang='lat' dir='ltr'><strong>Plutarch.</strong></span> <span class='ocrx_word' id='word_1_715' title='bbox 1351 2836 1380 2886; x_wconf 85' lang='lat' dir='ltr'><strong>in</strong></span> <span class='ocrx_word' id='word_1_716' title='bbox 1404 2858 1426 2885; x_wconf 87' lang='lat' dir='ltr'><strong>x</strong></span> <span class='ocrx_word' id='word_1_717' title='bbox 1446 2857 1554 2887; x_wconf 77' lang='lat' dir='ltr'><strong>Orator.</strong></span> <span class='ocrx_word' id='word_1_718' title='bbox 1577 2856 1773 2888; x_wconf 69' lang='lat' dir='ltr'><strong>Alcidamlntis</strong></span> 
     </span>
    </p>
   </div>
   <div class='ocr_carea' id='block_1_108' title="bbox 992 2891 1424 2929">
    <p class='ocr_par' dir='ltr' id='par_1_108' title="bbox 992 2891 1424 2929">
     <span class='ocr_line' id='line_1_109' title="bbox 992 2891 1424 2929; baseline -0.002 -8"><span class='ocrx_word' id='word_1_719' title='bbox 992 2891 1101 2929; x_wconf 61' lang='lat' dir='ltr'><strong>Eleates,</strong></span> <span class='ocrx_word' id='word_1_720' title='bbox 1120 2894 1218 2924; x_wconf 84' lang='lat' dir='ltr'><strong>Suidas</strong></span> <span class='ocrx_word' id='word_1_721' title='bbox 1235 2895 1263 2923; x_wconf 89' lang='lat' dir='ltr'><strong>in</strong></span> <span class='ocrx_word' id='word_1_722' title='bbox 1281 2894 1424 2924; x_wconf 65' lang='lat' dir='ltr'><strong>Eschine.</strong></span> 
     </span>
    </p>
   </div>
  </div>
