1945 3073
167 156 219 188 ῙΤΤ
701 161 938 192 BlBLIOTHECi

994 173 1015 179 -
1029 162 1112 192 COD.
1132 163 1260 194 CCLXV.
1739 163 1791 198 178

166 210 268 246 μείζων
286 211 362 239 ἐστὶν
382 212 454 248 ἥπερ
476 213 493 248 ἡ
517 213 622 240 ἐκείνου
645 215 786 251 ἀπόφασις
812 217 893 248 αὐτὸς
907 217 938 243 ό¹

1008 217 1117 247 thenem
1138 218 1241 246 dixisse
1264 218 1423 255 confessus,
1447 226 1532 255 quam
1558 219 1680 256 Dionysii
1705 228 1788 256 nega-

171 257 380 291 Ἀριστογείτων
401 259 576 294 ἀνομολογῶν
597 261 773 298 Δημοσθένην
794 263 854 289 κατ’
869 262 938 289 αὐτο

1005 264 1044 290 tio
1057 264 1125 299 (t2).
1148 264 1254 292 Etenim
1285 265 1476 293 defendentem
1509 273 1539 293 se
1555 273 1611 293 non
1627 266 1725 298 obiter,
1741 267 1790 295 sed

165 304 351 337 γεγραφέναι·
377 305 426 331 καὶ
453 305 508 340 γὰρ
536 307 756 343 ἀπολογούμενος
783 309 833 336 οὐκ
858 309 887 335 ὲν
913 308 938 334 τί

1003 315 1129 338 accurate
1151 311 1331 338 exadversum
1349 311 1524 339 contendisse
1549 319 1582 338 ea
1605 311 1729 339 oratione
1740 319 1789 346 ap-

167 350 299 383 παρέργῳ
320 349 417 384 λέγων,
434 351 491 378 ἀλλ’
501 353 640 388 ἐπιμελῶς
657 354 908 390 ἀνταγωνιζόμενος
923 355 936 381 ὲ

1003 362 1090 391 paret,
1105 365 1166 392 qua:
1179 358 1339 385 inscribitur
1355 357 1488 393 Apologia
1501 363 1598 386 contra
1611 357 1787 386 demonstra-

164 393 203 440 τῷ
215 393 286 430 λόγῳ
298 395 453 430 δείκνυται,
469 398 498 430 ὃς
512 399 717 434 ἐπιγέγραπται
735 400 868 436 ἀπολογία
884 401 937 437 πρὸ

1003 404 1104 432 tionem
1117 403 1242 440 Lycurgi,
1257 408 1284 432 et
1300 404 1502 433 Demosthenis.

164 439 214 474 τὴν
232 440 346 474 ἔνδειξιν
362 442 534 479 Λυκούργου,
550 446 598 472 καὶ
612 446 811 481 Δημοσθένους.

199 486 255 514 Καὶ
270 487 285 513 ό
300 488 370 515 κατὰ
384 489 495 517 Μειδίου
509 491 531 507 ¹⁰
544 491 573 518 δὲ
593 492 641 518 καὶ
656 492 716 520 κατ’
731 494 859 528 Αἰσχίνου
873 493 937 528 λόγο

1038 492 1132 520 Oratio
1151 500 1262 528 quoque
1275 497 1371 521 contra
1388 492 1499 520 Midiam
1521 497 1549 520 et
1563 497 1659 521 contra
1677 491 1789 519 [Eschi-

163 531 254 558 αἰτίαν
269 532 332 568 ἔσχε
348 534 378 560 τὺ
391 535 413 550 ¹¹
429 536 466 571 μὴ
485 535 534 571 τὴν
549 537 635 572 αὐτὴν
654 539 725 566 κατὰ
747 539 838 566 πάντα
850 539 938 574 ἀρετὴ

1002 545 1064 565 nem
1079 544 1170 564 causa:
1182 537 1244 569 fuit,
1260 544 1310 564 cur
1320 537 1509 564 Demosthenis
1520 544 1580 564 esse
1593 545 1648 564 non
1664 536 1788 563 diceren-

162 578 203 614 τῷ
224 580 420 616 Δημοσθενικῷ
445 582 683 611 συνδιασώσασθαι
710 585 885 620 χαρακτῆρι·
903 594 938 612 κα

1002 587 1057 613 tur,
1074 581 1145 617 quod
1161 589 1216 608 non
1232 581 1303 608 idem
1331 581 1430 616 stylus.
1453 580 1560 608 Etenim
1584 579 1610 608 in
1625 580 1667 607 his
1681 579 1788 607 duabus

163 625 217 661 γὰρ
230 625 260 652 ὲν
273 628 329 658 τοῖς
342 627 402 654 δυσὶ
417 627 522 660 τούτοις
538 629 629 664 λόγοις
640 631 672 657 ὲκ
688 631 891 666 διαλειμμάτων
907 640 938 658 τιη

1001 628 1171 656 orationibus
1182 635 1214 655 ex
1230 626 1379 661 interiectis
1393 626 1556 661 quibusdam
1569 634 1678 661 urgens,
1690 625 1786 652 iisdem

162 672 216 698 νῶν
227 674 287 704 ταῖς
303 674 399 706 αὐταῖς
416 675 533 708 ἐννοίαις
556 677 709 705 ἐπιϐάλλων
724 678 891 713 ἁμιλλᾶσθαι
905 678 938 705 δο

1002 674 1178 709 argumentis,
1194 681 1288 702 secum
1311 673 1368 708 ipse
1381 673 1501 707 pugtiare
1515 673 1632 705 videtur,
1649 671 1728 707 quasi
1746 671 1789 698 di—

163 719 207 744 κεί
220 719 287 754 πρὸς
297 720 405 753 ἑαυτὸν,
418 721 513 757 ὥσπερ
524 723 703 758 ἀσκούμενος,
719 724 777 751 ἀλλ’
788 724 839 751 οὐκ
847 725 890 751 ἐπ’
901 724 938 751 αύη

1001 722 1106 749 micans
1133 727 1160 747 et
1175 727 1228 746 non
1254 726 1347 746 revera
1364 726 1500 753 pugnans.
1520 717 1588 745 llinc
1610 723 1637 745 ct
1661 716 1785 744 nonnulli

162 767 217 795 τοῖς
228 765 429 801 ἀγωνιζόμενος
442 768 500 800 τοῖς
512 767 613 804 ἔργοις.
631 769 678 796 Διὸ
698 770 745 796 καί
760 778 832 802 τινες
845 770 938 805 έφησα·

1000 768 1127 795 dixerunt
1138 765 1236 802 491b
1252 770 1395 799 utramque
1406 765 1558 791 orationem
1574 764 1599 790 in
1620 763 1783 791 adversariis

161 810 291 844 ἑκάτερον
306 811 386 846 λόγον
407 813 437 839 ἐν
449 813 553 846 ,τύποις
573 815 804 850 καταλειφθῆναι,
823 815 892 842 ἀλλά
912 815 938 851 μί

1000 814 1134 841 duntaxat
1167 811 1300 843 relictam,
1327 817 1415 844 ncque
1444 809 1548 844 integre
1572 810 1605 836 ad
1635 809 1782 836 editionem

161 855 229 890 πρὸς
240 855 346 883 ἔκδοσιν
363 857 593 894 διακεκαθάρθαι·
614 860 704 887 καίτοι
717 860 763 887 καὶ
776 860 855 887 τοῦτο
868 860 938 887 εὐλα-

1001 859 1134 887 relictam.
1160 857 1217 884 lloc
1246 857 1320 883 enim
1351 855 1473 883 timidius
1503 863 1535 883 ac
1560 855 1787 889 circumspectius

160 901 289 937 ὅέστερον
301 903 327 929 ol.
339 903 469 938 ῥηθέντες
480 890 555 938 λόγοι
570 905 704 932 ποιοῦσιν.
724 906 794 932 Ἀλλ’
806 906 832 933 οἱ
843 914 875 940 γε
888 905 935 932 τού

1001 913 1081 940 agere
1094 904 1231 932 videntur.
1252 903 1305 931 Sed
1323 904 1369 938 qui
1394 903 1444 930 has
1458 903 1600 933 damnant,
1621 901 1686 936 quid
1702 901 1740 927 illi
1754 901 1788 928 de

160 955 223 979 τους
238 948 398 984 αἰτιώμενοι
419 950 447 976 τί
471 950 505 977 ἀν
530 951 610 985 φαῖεν
635 951 700 986 περὶ
721 952 899 987 ’Δριστείδοψ
919 952 938 978 ὂ‹

1000 949 1273 985 Aristidejudicent?
1286 949 1331 984 qui
1348 948 1382 976 ad
1396 956 1527 975 nauseam
1544 955 1632 982 usque
1648 947 1700 973 hoc
1717 946 1787 981 stylo

160 993 208 1018 καὶ
223 994 386 1029 κατακόρως
405 996 444 1030 τῷ
461 995 588 1032 ἰδιώματι
603 997 690 1032 τούτῳ
706 997 832 1031 φαίνεται
848 1006 938 1033 κεχρη-

1000 997 1098 1029 utitur,
1113 1002 1143 1023 ut
1157 995 1205 1030 qui
1228 995 1255 1022 in
1273 1002 1354 1030 opere
1368 994 1480 1024 modum
1501 993 1624 1025 excedat,
1644 996 1670 1019 et
1688 998 1786 1026 super-

160 1038 250 1071 μένος,
264 1039 423 1075 αὖα-περκαὶ
436 1041 476 1077 τῷ
488 1043 615 1077 προϊέναι
625 1044 649 1059 ¹¹
663 1044 734 1070 κατὰ
747 1044 796 1075 τὰς
815 1045 938 1079 ἐργασίας

998 1043 1103 1071 ﬂuitate
1117 1042 1205 1078 magis
1234 1049 1317 1077 quam
1345 1039 1531 1068 mediocritate
1545 1038 1655 1066 utatur?
1670 1037 1788 1065 Maxime

158 1084 231 1118 πέρα
245 1083 292 1111 τοῦ
313 1086 435 1121 μετρίου,
453 1087 535 1114 καὶ²⁸
548 1087 588 1123 τῷ
604 1088 725 1124 περιττῷ
746 1089 846 1124 μᾶλλον
869 1089 886 1125 ἢ
909 1089 938 1125 τᾷ

998 1096 1064 1117 vero
1077 1089 1163 1116 oratio
1176 1091 1272 1115 contra
1280 1086 1439 1114 (Eschinem
1451 1084 1590 1112 asserendi
1605 1091 1700 1111 ansam
1713 1083 1787 1110 dedit

158 1130 251 1165 μέτρῳ
262 1130 313 1165 τῆς
327 1131 422 1166 χρείας
441 1133 744 1168 συμπαρεκτείνεσθαι;
760 1134 877 1170 μάλιστα
891 1134 919 1161 δὲ
933 1144 938 1160 ι

998 1137 1026 1164 in
1037 1133 1203 1163 adversariis
1230 1133 1350 1160 relictam
1372 1137 1441 1163 esse,
1471 1130 1594 1157 nondum
1617 1133 1707 1156 tamen
1724 1137 1785 1163 per-

156 1177 218 1202 κατ¹
233 1177 360 1212 Αἰσχίνου
374 1178 453 1212 λόγος
466 1180 605 1216 παρέσχεν
619 1181 710 1208 αἰτίαν
724 1182 753 1208 ὲν
765 1182 938 1218 ὑπομνήμασι

997 1183 1107 1210 fectam.
1130 1180 1312 1214 Quamobrem
1330 1186 1391 1213 qua:
1413 1177 1439 1204 in
1462 1176 1638 1204 accusatione
1657 1183 1784 1209 magnam

157 1223 366 1258 καταλελεῖφθαι
392 1223 469 1252 οὔπω
491 1226 541 1261 τὴν
560 1227 692 1261 ἐργασίαν
718 1227 877 1262 ἀπειληφὼς
900 1237 938 1255 τε·

998 1228 1098 1255 liabent
1111 1225 1304 1253 obscuritatem
1317 1227 1345 1251 et
1357 1222 1506 1254 levitatem,
1520 1225 1642 1248 extrema
1659 1220 1784 1247 oratione

156 1266 242 1293 λείαν·
253 1268 322 1295 διότι
334 1270 381 1296 καὶ
393 1269 411 1297 ἃ.
421 1270 490 1305 πρὸς
499 1271 549 1306 τὴν
561 1272 731 1309 κατηγορίαν
742 1272 804 1308 [801
821 1272 867 1309 Η.]
881 1273 938 1300 πολ·

997 1270 1159 1301 ali'eruntur,
1191 1268 1262 1304 quod
1287 1271 1380 1294 orator
1402 1274 1456 1293 non
1476 1264 1601 1296 attendit,
1629 1264 1716 1299 magis
1752 1263 1787 1290 de

155 1312 205 1348 λὴν
222 1313 285 1348 ἔσχε
307 1314 357 1350 τὴν
381 1315 559 1352 ἀμυδρότητα
580 1317 628 1344 καὶ
651 1307 826 1354 κουφότητα,
842 1307 890 1346 ἐπὶ
911 1320 938 1354 τῗ

996 1314 1114 1350 propriis
1128 1313 1220 1340 verbis
1240 1311 1385 1339 sollicitus.
1406 1309 1514 1336 Etenim
1540 1316 1594 1335 non
1614 1308 1677 1336 talis
1697 1307 1785 1335 oratio

155 1358 267 1394 τελευτῇ
285 1359 331 1386 τοῦ
348 1360 428 1395 λόγου
443 1361 590 1397 παρέθετο·
607 1363 674 1398 ὅπερ
689 1351 740 1389 oin:
754 1351 788 1390 ἀν
807 1351 938 1398 περιεῖδεί

997 1358 1083 1395 Lysiae
1096 1358 1123 1385 in
1141 1356 1389 1391 Mnesiptolemum,
1417 1353 1464 1382 sed
1484 1353 1511 1380 in
1529 1352 1668 1383 omnibus,
1683 1351 1786 1386 quibus

154 1403 169 1428 ό
184 1403 287 1439 ῥήτωρ,
297 1404 338 1436 είς
352 1404 475 1437 ἐξέτασιν
489 1396 690 1442 ἀκριϐεστέραν
701 1407 756 1434 τῶν
769 1396 938 1442 ἰδίωνλόγωι

996 1408 1113 1438 oportet,
1140 1401 1262 1437 partibus
1285 1399 1412 1426 atl'ectum
1435 1405 1558 1428 servans,
1579 1404 1631 1424 nec
1652 1396 1784 1431 impetum

154 1449 302 1481 καταστάς.
327 1449 408 1478 Ἀλλά
425 1451 478 1488 γὰρ
501 1452 550 1487 οὐχ
576 1451 648 1479 οὔτω
663 1452 786 1488 πρόεισιν
806 1453 820 1480 ό
844 1453 938 1480 Λυσίοι

995 1448 1128 1484 reprimit.
1144 1454 1194 1474 nec
1205 1445 1306 1473 desinit
1319 1444 1458 1472 auditores
1475 1443 1508 1470 ad
1528 1447 1681 1470 extremum
1695 1448 1787 1477 usque

153 1494 226 1521 κατὰ
240 1495 469 1533 Μνησιπτολέμου
486 1497 582 1532 λόγος,
599 1498 629 1524 ὲν
643 1498 712 1525 πᾶσι
727 1498 756 1524 δὲ
776 1499 832 1530 τοῖς
847 1498 938 1533 δεομέ-

995 1495 1123 1523 excitare.
1137 1493 1300 1526 Quanquam
1308 1496 1335 1518 et
1349 1491 1502 1518 orationem
1517 1490 1550 1517 de
1563 1489 1632 1517 falsa
1644 1488 1782 1525 legatione

153 1541 328 1593 vutg-pepedi
348 1542 379 1569 τὸ
400 1543 551 1579 παθητικὸν
568 1543 700 1579 φυλάξας,
710 1543 770 1570 οὐδὲ
789 1543 938 1579 παυόμενος

997 1539 1119 1568 nonnulli
1135 1538 1213 1565 aiunt
1231 1537 1259 1564 in
1281 1535 1486 1564 commentariis
1499 1535 1622 1562 relictam
1639 1541 1710 1567 esse,
1733 1540 1782 1562 ne-

1063 1592 1067 1593 ,
1081 1584 1090 1593 ι
1109 1592 1117 1593 η
1130 1581 1239 1593 .--ΛΠ-κ
1277 1588 1364 1593 ...υ-...ι
1392 1580 1496 1593 han-..“
1511 1579 1693 1593 nnnnn_:l\Iﬂm
1709 1585 1770 1593 neua

153 1587 203 1621 τῆς
214 1587 348 1624 ἐπιφορᾶς
360 1589 477 1625 ἀπέστη,
491 1590 613 1618 ἐπέτεινε
625 1591 654 1617 δὲ
668 1590 780 1626 μᾶλλον,
795 1590 857 1618 οὐδὲ
869 1590 938 1617 κατὰ

995 1592 1048 1621 que
1058 1584 1092 1612 ad
1105 1581 1252 1614 edendum,
1277 1588 1366 1615 neque
1392 1580 1496 1614 integre
1510 1579 1694 1613 conscriptam
1709 1585 1781 1606 esse.

153 1634 184 1659 ,ιδ
202 1621 277 1666 τέλοξ
299 1621 363 1667 Imb;
384 1621 521 1672 ἀκροάζτάς
544 1621 675 1668 ἀποστὰς’
688 1621 862 1672 παροξύνειν,
886 1636 942 1663 καὶ
995 1628 1180 1663 Quamobrem
1195 1624 1307 1661 quaeso?
1326 1622 1396 1657 Quia
1410 1627 1473 1658 post
1486 1622 1618 1657 epilogos,
1639 1622 1685 1656 qui
1706 1621 1784 1648 multi

155 1677 249 1711 μέντοι
267 1679 315 1706 καὶ
329 1679 376 1706 τὸν
399 1669 626 1717 παραπρεσϐείας
638 1681 662 1697 ’⁵
676 1669 749 1714 τινές
763 1682 793 1709 ὲν
816 1681 938 1717 ὑπομνή-

995 1680 1070 1707 sunt,
1084 1678 1112 1701 et
1129 1673 1277 1700 maximam
1293 1674 1429 1705 occupant
1444 1669 1577 1697 orationis
1589 1673 1704 1703 partem,
1720 1675 1783 1694 cum

154 1726 222 1760 μασξ
239 1735 304 1761 φασι
318 1728 546 1764 καταλειφθῆναι,
561 1729 620 1756 ἀλλ’
633 1730 664 1756 οὐ
679 1730 748 1765 πρὸς
763 1730 869 1757 ἔκδοσιν
880 1729 938 1756 οὐδὲ

996 1730 1075 1753 antea
1098 1721 1267 1757 objectiones
1296 1719 1396 1746 multas
1420 1718 1558 1749 refutarit,
1593 1717 1638 1744 hic
1669 1723 1783 1743 rursum

152 1771 223 1805 πρὸς
240 1771 270 1798 τὺ
286 1772 337 1807 τῆς
355 1761 489 1809 ἐργασίας
510 1761 715 1811 ἀπηρτισμένον
739 1761 895 1811 γεγράφθαι
906 1775 938 1802 ’⁵.

995 1771 1106 1800 easdem
1121 1767 1232 1800 refellit,
1248 1765 1323 1802 quod
1337 1770 1432 1794 contra
1452 1764 1599 1792 artiﬁcium
1616 1767 1668 1795 est,
1686 1769 1719 1789 ac
1739 1761 1780 1789 le-

151 1817 201 1843 Διέι
214 1817 258 1849 τί;
273 1817 355 1853 [1469
367 1819 414 1855 8.]
427 1820 493 1847 διότι
511 1821 580 1854 μετὰ
594 1822 629 1848 τὰ
643 1822 798 1857 ὲπιλογικὰ,
815 1822 900 1849 πολλά
911 1830 938 1849 τε

994 1825 1041 1853 ges
1058 1814 1175 1843 dicendi.

151 1864 218 1891 εντα
239 1866 286 1892 καὶ
307 1854 448 1901 σχεδδνῗτδ
480 1868 608 1896 πλεῖστον
628 1870 711 1905 μέρος
728 1854 877 1905 ἐπέχοντα,
895 1867 996 1899 πολλὰς
1012 1865 1065 1900 πρὸ
1079 1862 1170 1890 αὐτῶν
1187 1860 1338 1891 ἀντιθέσεις
1356 1858 1442 1886 είπὼν
1463 1857 1544 1884 πάλιν
1566 1856 1614 1884 ἐπὶ
1629 1854 1785 1887 ἀντιθέσεις.

150 1910 296 1945 ἐτράπετο·
312 1911 384 1946 ὅπερ
399 1913 609 1950 ἀνοικονόμητόν
621 1915 653 1941 τὲ
669 1916 727 1942 ἐστι
744 1916 792 1942 καὶ
804 1914 1008 1951 διερριμμένον-

187 1957 242 1983 Καὶ
261 1957 307 1984 τὸν
328 1957 399 1992 ὑπὲρ
421 1959 543 1994 Σατύρου
566 1959 596 1986 δὲ
617 1960 696 1995 λόγον
716 1961 765 1996 τῆς
786 1960 939 1997 ἐπιτροπῆς

149 2005 219 2037 πρὸς
239 2003 400 2039 Χαρίδημον
415 2006 439 2032 οἱ
459 2005 509 2040 μὲν
524 2006 592 2040 πρὸς
611 2007 661 2041 τὴν
684 2007 775 2041 κρίσιν
797 2007 904 2042 ἔχοντες
916 2007 939 2022 ⁵⁸

149 2050 180 2074 τὸ
195 2049 315 2084 ἀσφαλὲς
328 2051 516 2085 Δημοσθένους
536 2052 662 2086 λέγουσιν
684 2051 754 2078 εἶναι
766 2073 773 2084 ,
789 2053 804 2079 ὀ
818 2053 847 2079 δὲ
863 2051 937 2078 Καλ-

148 2094 274 2129 λίμαχος,
292 2096 347 2122 οὐδ’
362 2097 452 2129 ἱκανὸς
470 2097 508 2124 ὢν
527 2099 641 2134 κρίνειν,
658 2098 804 2134 Δεινάρχου
821 2098 937 2134 νομίζει.

148 2141 228 2172 Τινὲς
244 2141 273 2167 δὲ
296 2142 378 2169 αὐτὸν
399 2143 565 2171 ὑπεϐάλοντο
587 2144 687 2180 Λυσίᾳ,
708 2144 797 2171 καίτοι
825 2145 872 2171 καὶ
892 2144 939 2171 τὸν

147 2186 245 2220 χρόνον
268 2186 376 2222 ἔχοντες
395 2188 487 2218 αὑτοῖς
507 2190 708 2226 διαμαχόμενον
723 2191 771 2217 καὶ
789 2191 834 2217 τὸν
854 2190 938 2217 τύπον

147 2231 258 2259 ἅπαντα
282 2233 331 2268 τῆς
355 2234 486 2270 ἐργασίας
506 2236 554 2263 καὶ⁴
573 2235 608 2262 τὰ
635 2235 785 2271 πράγματα
815 2236 862 2262 καὶ
889 2236 938 2271 τὴν

1029 1956 1062 1983 Et
1077 1954 1229 1982 orationem
1256 1959 1306 1987 pro
1323 1950 1413 1985 Satyri
1430 1949 1515 1977 tutela
1529 1953 1626 1977 contra
1646 1947 1781 1977 Charide-

991 2011 1077 2033 mum,
1091 2001 1158 2028 recti
1174 2006 1303 2027 censores
1316 1996 1507 2024 Demosthenis
1521 2002 1582 2022 esse
1597 1994 1701 2021 dicunt.
1717 1993 1781 2021 Cal-

989 2048 1136 2079 limachus,
1155 2051 1253 2073 censor
1278 2050 1332 2070 non
1350 2042 1449 2073 bonus,
1471 2040 1599 2067 Dinarclii
1616 2047 1677 2067 esse
1692 2043 1779 2074 putat,

989 2093 1113 2122 nonnulli
1143 2091 1249 2126 Lysim;
1277 2092 1380 2123 pugnat
1397 2092 1488 2114 tamen
1511 2090 1665 2119 temporum
1697 2085 1777 2118 ratio,

990 2139 1132 2173 tutiusque
1147 2136 1215 2163 adeo
1227 2133 1360 2161 oratioais
1378 2133 1477 2167 stylus,
1489 2136 1515 2158 et
1530 2138 1585 2164 res,
1605 2135 1630 2157 et
1645 2130 1777 2162 elocutio,

988 2182 1183 2212 Demosuienis
1199 2188 1265 2208 vero
1279 2186 1341 2207 esse
1353 2181 1474 2212 arguunt
1487 2177 1598 2211 obliqua
1610 2175 1777 2208 enuntiatio,

987 2230 1212 2263 continuatioque
1223 2227 1410 2263 periodorum,
1423 2233 1455 2253 ac
1466 2225 1648 2252 vehementia.
1661 2223 1703 2251 Ab
1718 2223 1779 2258 ipso

147 2278 308 2313 ἑρμηνείαν.
323 2280 470 2315 Μαρτυρία
487 2281 517 2308 δὲ
530 2281 579 2308 τοῦ
594 2282 795 2317 Δημοσθενικὺν
809 2280 879 2308 εῖναι
892 2270 938 2308 τόν

994 2278 1061 2305 :nim
1079 2276 1213 2312 principio
1232 2275 1275 2301 his
1297 2273 1387 2300 oratio
1399 2275 1559 2304 exornatur,
1576 2270 1779 2306 adhibeturque

146 2323 226 2357 λόγον
241 2325 290 2351 καὶ
306 2326 320 2352 ὁ
338 2326 512 2362 πλαγιασμδς
529 2328 576 2354 καὶ
591 2328 608 2362 ἡ
629 2327 755 2362 συνέχεια
778 2327 834 2354 τῶν
857 2336 938 2363 περι-

994 2328 1077 2354 bonus
1101 2324 1249 2351 verborum
1265 2321 1398 2354 delectus,
1416 2324 1443 2347 et
1456 2319 1589 2346 concinna
1612 2319 1778 2353 compositio

144 2368 216 2396 όδων
231 2371 278 2396 καὶ
291 2371 433 2405 ήεῦτονία·
449 2373 480 2404 ἐξ
496 2373 579 2400 αὐτοῦ
593 2373 647 2408 γὰρ
657 2373 704 2399 τοῦ
717 2373 861 2408 προοιμίου
872 2373 934 2400 τού-

994 2372 1082 2399 anitct.
1098 2369 1245 2396 Tcstantur
1270 2367 1296 2394 id
1313 2367 1393 2394 etiam
1415 2366 1526 2399 iigurm:
1546 2369 1610 2392 sunt
1625 2365 1697 2392 enim
1712 2372 1775 2391 cum

144 2423 204 2446 τοις
219 2416 320 2450 όλόγος
335 2417 557 2446 διαποικίλλεται.
571 2420 627 2446 Καὶ
643 2419 696 2454 μὴν
711 2419 758 2445 καὶ
772 2420 789 2454 ἡ
805 2420 869 2454 περὶ
881 2419 935 2446 τῶν

994 2415 1137 2443 irriiiionia
1163 2414 1326 2452 conjuncta,
1347 2416 1376 2439 et
1389 2411 1547 2438 varietatem
1569 2410 1688 2438 orationi
1711 2411 1776 2438 aﬂ‘e-

143 2458 287 2496 όνομάτων
311 2463 411 2498 ἐκλογὴ
432 2465 472 2496 εἰς
495 2465 526 2491 τὺ
546 2465 657 2500 ἄριστον
682 2465 829 2500 ἁνηνέχθαι
849 2465 896 2491 καὶ
917 2466 933 2500 ὴ

994 2467 1061 2489 -υιιι.
1082 2461 1186 2488 Etenim
1204 2459 1304 2495 492a
1327 2457 1402 2485 addit
1425 2457 1665 2492 interrogationes,
1684 2457 1775 2484 reddi-

144 2508 272 2540 σύνθεσις
295 2508 325 2537 εὖ
344 2510 417 2546 ἔχειν
431 2512 655 2547 πεφιλοτίμηται.
675 2512 818 2547 Μαρτυρεῖ
837 2511 865 2537 δὲ
887 2512 935 2538 καὶ

994 2511 1085 2542 ,ioncs,
1104 2509 1243 2544 asyndcta.
1262 2514 1323 2542 quae
1349 2505 1468 2533 maxime
1494 2505 1672 2533 Demostheni
1693 2504 1776 2533 fami-

142 2553 179 2579 τά
194 2554 321 2589 σχήματα
332 2563 340 2570 ·
359 2555 417 2582 ἐστι
430 2556 484 2591 γὰρ
504 2557 735 2591 συνεστραμμένα
750 2556 819 2590 μετὰ
834 2556 932 2591 γοργό-

997 2555 1075 2586 iaria,
1088 2554 1136 2581 sed
1154 2559 1182 2580 et
1195 2556 1324 2579 accurata
1339 2550 1519 2584 constructio,
1537 2559 1597 2586 qua:
1611 2558 1663 2578 suo
1675 2555 1775 2578 ornatu

141 2606 226 2631 τητος
241 2599 288 2625 καὶ
305 2601 443 2627 ποικιλίαν
460 2601 498 2637 τῷ
520 2602 592 2637 λόγῳ
612 2601 798 2637 παρεχόμεναι
818 2601 932 2637 καὶγὰρ

994 2599 1132 2627 :tticaciam
1154 2605 1244 2626 tamen
1259 2605 1314 2625 non
1333 2597 1414 2631 tollit,
1435 2596 1556 2632 ipsaeque
1571 2597 1673 2632 periodi
1694 2597 1775 2624 undi-

776 2656 894 2684 VARl/E
911 2657 1058 2684 LECTION
1064 2657 1115 2684 ES.

192 2711 213 2727 ¹⁹
229 2713 244 2738 ὁ
259 2711 323 2739 add.
341 2712 374 2739 A.
428 2713 451 2728 ¹⁰
461 2713 565 2748 Μηδίου
580 2713 611 2740 Α,
662 2714 684 2729 ²¹
700 2714 730 2739 τὸ
747 2714 767 2739 Α
782 2723 787 2740 :
810 2713 856 2740 τοῦ
875 2722 904 2744 ς.
959 2714 982 2728 ²⁹
997 2713 1137 2747 προσιέναι
1154 2713 1187 2740 Α.
1237 2713 1259 2729 ’³
1275 2714 1322 2741 καὶ
1334 2713 1355 2740 Α
1369 2722 1375 2740 ε
1392 2707 1462 2740 κά.τά
1476 2721 1506 2744 ς-
1544 2711 1568 2728 ’⁸
1581 2711 1626 2737 τδν
1640 2709 1704 2744 περὶ
1720 2718 1773 2736 παι·

140 2755 229 2782 ραπρ.
245 2755 275 2779 ς.
315 2747 339 2764 ⁸⁵
354 2747 509 2783 γέγραπται
522 2750 555 2775 Α.
593 2749 616 2764 ¹⁶
628 2750 653 2775 οί
666 2763 699 2769 -
714 2749 833 2784 ἔχοντες]
847 2749 885 2780 ὡς
900 2764 934 2768 -
945 2748 1041 2783 ἔχοντα
1056 2749 1085 2775 Β.

897 2816 1013 2845 NOTAE.

177 2875 232 2910 (12)
252 2874 399 2910 Dionysius
413 2875 597 2905 llalicarnass.
614 2884 673 2912 pag.
691 2876 775 2905 (ἐι-οῖς.
794 2878 852 2909 197,
867 2885 947 2912 quem
966 2885 1028 2906 cutn
1043 2877 1086 2906 his
1100 2877 1224 2909 conferas
1237 2877 1309 2905 licet.
