1959 3081
163 146 216 180 1'19

738 151 868 182 ΡΗΟΤΙΙ
882 151 1135 182 PATRIARCHIE
1153 151 1209 182 GP.

1735 149 1788 183 180

163 212 218 241 quo
247 205 378 241 perfecte,
399 206 531 236 decorum
567 207 668 243 ubique
689 214 809 236 servant.
842 208 949 238 Nullam

1005 210 1152 246 ἐρωτήσεις
1164 207 1345 245 προϐάλλεται
1357 208 1406 237 καὶ
1422 208 1597 245 ὑποστροφὰς
1606 207 1655 236 καὶ
1663 208 1695 236 τδ
1704 208 1788 236 ἀσύν-

164 251 237 279 enim
261 251 486 287 compositionem
509 254 730 288 prtetermittere,
755 254 803 282 sed
828 254 948 289 periodis

164 300 257 327 omnia
269 300 424 336 complecti,
442 300 618 329 Demostheni
635 309 678 330 est
692 311 755 330 cum
768 302 899 337 Isocrate,
916 312 949 332 ac

165 345 246 381 Lysia
261 353 417 374 commune.
433 346 651 381 Atperiodorum
665 349 784 377 varietas
799 350 826 377 in
842 350 949 384 magni-

165 391 259 419 tudine
279 392 402 419 membra
418 391 582 427 adimplens,
598 393 784 422 diversitatem
800 394 871 422 inter
886 395 948 423 illos

164 437 245 471 parit,
263 445 326 465 cum
340 437 473 465 Isocrates
486 438 648 474 plerumque
659 440 791 467 ambitum
803 440 946 475 producat:

166 481 262 518 Lysias
278 491 344 510 vero
364 483 518 516 contrahat,
534 484 562 510 in
586 490 703 520 utroque
711 484 845 517 ~decorum
860 490 950 513 servet

166 528 371 556 Demosthenes.

1000 256 1093 288 anov,
1118 253 1160 288 οἷς
1179 255 1297 291 μάλιστα.
1319 255 1494 291 Δημοσθένης
1518 254 1610 290 χαίρει
1635 254 1787 290 χρώμενος.

1007 301 1087 328 Ἀλλὰ
1098 301 1146 327 καὶ
1159 301 1176 336 ή
1187 301 1312 332 σύνθεσις
1323 301 1458 336 ἐπιμελὴς
1470 301 1517 328 καὶ
1530 301 1580 336 τὴν
1592 300 1736 336 ἐνάργειαν
1748 300 1789 335 τῷ

999 347 1094 383 κόσμῳ
1107 347 1137 373 οὐ
1153 347 1356 383 διαφθείρουσα,
1374 347 1404 374 αἶ
1414 346 1457 381 (se
1483 347 1602 382 περίοδοι
1618 347 1658 382 τῷ
1672 347 1789 382 ἀπηρτι-

1001 393 1095 429 σμένῳ
1110 393 1293 429 συναγόμεναι
1311 394 1360 420 καὶ
1374 393 1405 420 τὺ
1419 394 1524 428 πρέπον
1544 392 1681 428 πανταχοῦ
1690 392 1789 419 διασώ-

1001 439 1087 472 ζουσι.
1112 439 1149 466 Τδ
1176 439 1226 475 μὲν
1252 439 1298 466 οὖν
1326 439 1440 475 μηδενὸς
1465 439 1604 473 φείδεσθαι
1622 438 1786 471 συνθέσεως,

1002 484 1071 512 ἀλλὰ
1087 484 1175 511 πάντα
1190 484 1344 519 διειλῆφθαι
1366 484 1502 520 περιόδοις
1518 483 1576 511 ἔστι
1597 484 1646 519 μὲν
1668 483 1788 518 Ἰσοκράς

1003 539 1066 563 τους
1080 532 1127 558 καὶ
1143 530 1244 557 Λυσίου
1259 531 1327 566 πρὸς
1342 529 1516 566 Δημοσθένην
1528 529 1627 556 κοινόν·
1641 529 1658 564 ή
1672 528 1701 555 δὲ
1717 527 1788 555 κατὰ

164 573 213 604 τὰς
231 574 373 609 περιόδους
397 574 427 600 έν
452 575 509 607 τοῖς
529 574 659 610 μεγέθεσι
678 576 801 603 ποικιλία
825 576 1024 613 συμπληροῦσα
1057 575 1092 604 τὰ
1121 576 1198 603 κῶλα
1229 575 1423 611 λαμϐανομένη
1437 575 1487 609 τὴν
1501 575 1570 610 πρὸς
1588 574 1710 606 ἐκείνους
1729 573 1787 600 δια-

167 622 254 658 φορὰν
278 615 482 657 ἀπεργάζεται,
503 623 552 650 τοῦ
579 624 630 659 μὲν
663 625 834 660 Ἰσοκράτους
857 625 896 658 ὡς
917 625 952 652 τὰ
989 624 1075 653 πολλὰ
1098 624 1266 660 μηκύνοντος
1288 624 1338 659 τὴν
1375 623 1509 660 ἐργασίαν
1533 622 1635 655 αὐτῶν,
1654 621 1702 649 τοῦ
1723 621 1752 648 δὲ
1765 621 1787 638 ’τ

164 668 266 696 Λυσίου
280 668 483 703 συντέμνοντος·
499 669 530 701 ἐξ
543 669 674 706 ἐκατέρου
690 670 719 697 δὲ
733 670 836 698 τούτων
849 670 888 706 τῷ
898 670 1066 706 Δημοσθένει
1080 670 1111 697 τὸ
1126 670 1230 706 πρέπον
1247 668 1419 701 διασώζεται.

199 715 293 744 Oratio
300 722 390 745 autem
402 725 462 753 qum
470 719 502 745 de
517 717 586 745 Pace
597 724 650 751 est,
664 720 815 755 composita
826 720 947 755 quidem,

165 763 212 790 sed
229 770 282 790 non
300 763 391 791 habita
407 764 581 793 existimatur
595 764 628 792 ab
643 765 723 798 aliis;
740 770 768 793 et
787 766 906 793 maxime
933 774 948 794 a

164 809 279 837 Libanio
306 810 440 845 sophista.
462 811 560 839 Orator
583 812 656 839 enim
679 812 839 840 [Eschinem
867 820 950 840 accu-

165 863 241 888 sans,
262 855 441 884 nihilominus
458 864 488 884 se
498 857 581 884 etiam
592 862 713 890 accusat,
729 858 801 892 quod
818 858 951 885 suasisset

164 901 377 929 Atheniensibus
396 901 623 938 Amphictyonem
646 911 706 931 esse
730 902 884 938 Philippum
906 903 951 931 de-

163 952 238 974 creto
254 947 479 978 renuntiandum.
495 956 549 982 qua
583 948 660 975 illum
687 950 785 976 acerbe
806 949 951 984 reprehen-

164 992 214 1025 dit,
240 993 312 1027 quod
340 993 400 1027 ejus
419 992 459 1020 rei
479 998 585 1025 auctor,
611 1000 763 1029 suasorque
788 994 950 1022 exstitisset.

163 1037 231 1066 Nam
246 1039 368 1067 suasisse
385 1039 461 1066 illum
478 1044 508 1067 ut
521 1040 707 1076 Amphictyon
722 1040 865 1077 Philippus
874 1049 952 1070 crea-

165 1089 252 1117 retur,
268 1084 374 1112 clarum
387 1089 438 1112 est.

200 1128 358 1157 Orationem
370 1137 435 1156 vero
450 1134 547 1157 contra
561 1129 695 1164 Neaeram,
709 1135 739 1158 ut
754 1131 951 1167 languidiorcm

165 1182 197 1203 ac
214 1175 418 1207 remissiore"),
447 1175 638 1204 Demosthenis
659 1177 783 1204 nonnulli
808 1186 824 1205 e
849 1178 952 1206 familia

164 1221 288 1256 ejiciunt,
307 1225 337 1248 ut
355 1225 382 1249 et
407 1220 583 1255 amatoriam,
599 1225 628 1249 et
652 1220 796 1250 funebrem
818 1222 952 1250 laudatio-

165 1274 238 1294 nem.

199 1311 283 1340 Aiunt
299 1317 326 1340 et
347 1314 557 1342 Demosthenem
577 1318 696 1348 quatuOr
709 1317 735 1341 et
756 1314 851 1350 viginti
866 1322 953 1342 annos

165 1364 258 1387 natum
283 1361 435 1390 orationem
458 1362 489 1388 de
506 1360 681 1388 Immum’tate
701 1368 796 1389 contra
811 1360 952 1395 Leptinem

166 1406 376 1441 conscripsisse,
403 1407 483 1443 cujus
503 1407 667 1443 prooemium
697 1407 865 1443 agonisticon
894 1415 954 1435 esse

165 1455 245 1487 putat
266 1452 406 1488 Longinus
429 1453 543 1482 criticus
566 1454 623 1490 (l5)
641 1462 648 1481 :
670 1454 715 1488 qui
739 1453 852 1481 Claudio
869 1454 954 1488 impc-

166 1500 245 1525 rante
269 1497 374 1531 ﬂoruit,
402 1506 555 1534 causasque
585 1499 717 1534 plurimas
738 1499 803 1534 egit,
834 1498 953 1526 Zenobia

1043 719 1073 745 ’0
1086 718 1114 745 δὲ
1129 717 1195 753 περὶ
1209 717 1258 752 τῆς
1275 716 1389 752 είρήνης
1401 715 1480 750 λόγος
1491 715 1539 742 καὶ
1553 714 1644 746 ἄλλοις
1658 713 1719 749 μὲν.
1738 712 1790 749 μά-

994 754 1079 791 λιστα
1101 763 1130 790 δὲ
1143 762 1264 798 Λιϐανίῳ
1283 762 1324 796 τῷ
1349 761 1462 797 σοφιστῇ
1480 759 1703 795 παρεσκευάσθαι
1726 758 1788 794 μὲν,

1001 810 1031 837 οὗ
1056 809 1110 845 μὴν
1131 808 1258 844 εἰρῆσθαι
1275 807 1360 836 δοκεῖ.
1386 806 1556 842 Κατηγορῶν
1578 805 1633 841 γὰρ
1657 806 1672 832 ὁ
1696 806 1789 841 ῥήτωρ

1002 856 1129 891 Αἰσχίνου
1144 855 1221 882 οὐδὲν
1243 854 1355 881 ἔλαττον
1365 854 1389 870 ’⁸
1409 853 1492 881 αὑτὸν
1513 853 1561 880 καὶ
1582 853 1630 881 ἐπὶ
1644 852 1731 888 τούτῳ
1746 853 1789 879 αί-

999 903 1101 934 τιᾶται,
1113 902 1154 928 ὅτι
1169 900 1377 927 συνεϐούλευσεν
1391 900 1414 916 ’³
1431 899 1583 934 Ἀθηναίοις
1603 897 1790 933 Ἀμφικτύονα

1000 944 1069 974 εἶναι
1088 946 1260 984 ψηφίσασθαι
1280 945 1423 972 Φίλιππον.
1444 945 1488 971 Ἐν
1502 941 1525 978 ᾧ
1549 941 1597 970 οὖν
1614 944 1718 970 ἐκεῖνον
1741 951 1790 969 πι-

1001 992 1075 1028 κρῶς
1085 991 1209 1019 διέϐαλλε
1221 992 1254 1024 ³⁸,
1272 991 1331 1024 πῶς
1349 991 1382 1018 ἂν
1400 990 1482 1022 αὐτὸς
1504 989 1641 1026 ἐθάρρησε
1661 989 1790 1024 γενέσθαι

1002 1039 1152 1074 σύμϐουλος
1163 1047 1172 1072 ;
1190 1038 1239 1065 καὶ
1253 1038 1307 1074 γὰρ
1320 1038 1335 1064 ὁ
1348 1037 1414 1073 περὶ
1426 1037 1478 1071 τῆς
1492 1036 1606 1071 εἰρήνης
1619 1036 1698 1070 λόγος
1711 1035 1792 1070 δῆλον

1001 1086 1043 1112 ὅτι
1055 1085 1102 1112 τὸν
1114 1085 1248 1111 Φίλιππον
1271 1083 1457 1119 Ἀμφικτύονα
1477 1081 1548 1110 εἶναι
1563 1081 1754 1117 συμϐουλεύει.

1038 1131 1093 1158 Καὶ
1114 1133 1161 1157 τὸν
1180 1130 1251 1158 κατὰ
1266 1129 1388 1165 Νεαίρας
1404 1129 1433 1156 δὲ
1448 1129 1528 1163 λόγον
1545 1128 1707 1163 ὗπτιότητός
1718 1136 1791 1160 τινες

1002 1177 1160 1212 αἰτιώμενοι
1183 1176 1237 1203 τῶν
1258 1175 1470 1211 Δημοσθενικῶν
1488 1174 1670 1210 ἀποκρίνουσι
1685 1173 1791 1208 λόγων,

1002 1223 1097 1258 ὥσπερ
1111 1223 1157 1249 καὶ
1177 1222 1224 1248 τὸν
1247 1222 1311 1256 περὶ
1322 1221 1423 1257 Ερωτος
1446 1220 1521 1256 αύτῷ
1535 1220 1729 1256 γεγραμμένον
1744 1221 1792 1247 καὶ

1001 1269 1047 1296 τδν
1062 1268 1213 1302 ἐπιτάφιον.

1036 1313 1106 1340 Φασὶ⁴
1119 1314 1146 1340 δὲ
1157 1313 1204 1340 τὸν
1215 1311 1390 1348 Δημοσθένην
1401 1312 1465 1349 [802
1475 1312 1522 1349 H.]
1534 1312 1556 1340 δ’
1570 1312 1617 1339 καὶ
1627 1315 1651 1338 κ’
1662 1311 1792 1346 γεγονότα

1003 1361 1051 1396 ἔτη
1066 1361 1088 1376 ³³
1103 1360 1148 1387 τὸν
1160 1360 1224 1394 περὶ
1234 1359 1289 1386 τῶν
1302 1359 1441 1392 ἀτελειῶν,
1450 1359 1509 1394 ἢτοι
1520 1359 1565 1386 τὸν
1577 1359 1644 1394 πρὸς
1657 1359 1793 1394 Λεπτίνην

1004 1406 1237 1443 φιλοπονήσασθαι
1251 1406 1341 1440 λόγον,
1355 1402 1386 1433 οὗ
1399 1406 1429 1433 τὸ
1440 1406 1584 1442 προοίμιον
1595 1406 1726 1440 Λογγῖνος
1743 1405 1793 1440 μὲν

1003 1452 1017 1479 ό
1031 1453 1152 1487 κριτικὸς
1167 1452 1346 1485 ἀγωνιστικὸν
1360 1451 1477 1486 νομίζει·
1495 1451 1542 1477 ἐπὶ
1557 1451 1693 1478 Κλαυδίου
1704 1451 1732 1477 δὲ
1748 1446 1794 1477 οὗ-

1004 1506 1049 1529 τος
1069 1496 1189 1532 ήκμαζε,
1210 1496 1258 1523 καὶ
1279 1496 1313 1523 τὰ
1349 1495 1435 1523 πολλὰ
1459 1496 1657 1532 συνηγωνίζετο
1676 1495 1793 1532 Ζηνοϐία

166 1539 353 1570 Osroenornm
367 1543 461 1578 regina
478 1543 622 1579 imperium
642 1548 761 1577 tenente,
779 1549 886 1571 mortuo
896 1544 950 1578 jam

1005 1545 1037 1578 τῇ
1054 1543 1109 1570 τῶν
1131 1542 1284 1579 Ὀσροηνῶν
1309 1542 1440 1577 βασιλίδι,
1456 1541 1507 1577 τὴν
1528 1541 1616 1577 ἀρχὴν
1640 1542 1794 1578 κατεχούσῃ

167 1587 310 1616 Odenatho
321 1589 429 1622 marito,
441 1596 522 1625 quem
536 1590 619 1625 prisci
633 1590 743 1617 tradunt
758 1590 907 1625 scriptores
920 1590 953 1617 ab

167 1633 306 1668 impietate
321 1636 442 1670 gentium
459 1635 493 1663 ad
516 1635 672 1663 Iudaeorum
686 1643 776 1664 mores
788 1636 952 1663 traductum.

168 1678 269 1707 Verum
292 1680 434 1716 Longinus
451 1681 490 1710 sic
509 1682 619 1716 quidem
635 1681 668 1709 de
690 1681 741 1710 hoc
761 1682 895 1718 prooemio
911 1682 954 1709 in-

167 1725 280 1758 dicavit,
306 1727 396 1754 caeteri
409 1727 482 1755 enim
509 1728 612 1756 morale
626 1736 687 1756 esse
709 1736 762 1755 non
789 1733 863 1756 recte
887 1736 954 1764 pro-

169 1771 306 1798 nuntiant.
322 1771 454 1800 Pluribus
466 1777 557 1801 autem
574 1773 630 1801 hate
647 1773 735 1800 oratio
760 1773 787 1800 in
806 1773 954 1809 judicando

169 1817 354 1846 contentionis
379 1819 521 1846 materiam
548 1820 675 1855 praebuit,
699 1821 737 1855 (in
767 1821 811 1848 his
838 1821 954 1856 Aspasio

169 1862 282 1894 rhetori,
297 1864 344 1898 qui
358 1865 500 1892 exordium
523 1865 590 1893 satis
602 1870 759 1893 accuratum
776 1874 837 1894 esse
850 1871 953 1902 negat),

169 1913 239 1937 utet
266 1909 354 1937 oratio
376 1914 472 1937 contra
493 1910 615 1942 Midiam,
636 1918 699 1938 nam
718 1915 746 1939 et
770 1912 804 1939 de
823 1912 874 1939 hac
900 1918 954 1939 non

169 1954 248 1989 pauci
263 1959 412 1989 certarunt,
428 1956 575 1991 multisque
591 1956 689 1993 “ab
699 1957 846 1985 altercandi
859 1965 953 1985 ansam

168 1999 293 2035 praebuit.
312 2000 364 2028 Alli
386 2001 459 2034 enim
474 2001 591 2029 formam
613 2003 652 2030 illi
673 2003 824 2031 aﬂ'ectionis
847 2004 953 2038 plenam

168 2051 196 2074 et
211 2047 372 2082 gravitatis:
390 2048 515 2076 nonnulli
534 2049 694 2084 negotialem
712 2051 897 2078 characterem
911 2055 954 2077 at-

169 2092 304 2125 tribuunt,
326 2098 355 2120 et
367 2093 478 2121 omnino
493 2094 638 2122 verborum
657 2095 776 2129 gravitas
791 2096 835 2122 hic
849 2099 902 2128 est,
927 2100 954 2123 et

167 2138 376 2172 compositionis
401 2139 561 2173 modulatio,
577 2144 603 2167 et
616 2148 724 2167 rursum
738 2141 908 2175 argumentis
927 2145 955 2169 et

168 2183 379 2217 enthymematis
405 2183 504 2212 ati'ectu
531 2185 630 2220 plenis,
655 2184 817 2219 patheticam
843 2193 954 2221 quoque

167 2229 420 2263 pronuntiationem
430 2231 629 2264 accommodat,
643 2231 817 2266 pragmaticis
828 2232 951 2260 vicissim
967 2219 992 2248 Ῑ)

166 2282 228 2309 qnze
247 2274 314 2310 ipsis
335 2277 511 2311 conveniunt,
535 2277 657 2312 adaptat.
675 2277 772 2305 Servat
790 2282 818 2306 et
838 2279 952 2307 aﬂ‘ectns

168 2320 295 2353 leniores,
308 2329 363 2349 non
375 2322 402 2349 in
417 2322 470 2350 hac
483 2322 566 2350 modo
581 2322 716 2355 oratione,
730 2323 777 2350 sed
794 2327 821 2351 et
836 2323 864 2350 in
879 2323 951 2351 aliis.

167 2364 267 2393 Verum
290 2366 478 2396 dillicillimum
490 2373 533 2395 est
544 2368 658 2400 oratori,
675 2368 703 2395 in
719 2369 893 2397 contentiosa
910 2369 954 2396 di—

167 2412 244 2439 cendi
257 2420 354 2448 genere
369 2413 486 2442 leniores
502 2418 630 2448 perpetuo
644 2414 758 2442 retinere
782 2417 810 2442 tu
826 2415 954 2443 adversa-

168 2457 238 2486 rium
264 2459 430 2492 ati'ectiones,
453 2459 478 2487 ei
503 2461 665 2494 praesertim,
694 2461 739 2487 cui
764 2461 951 2489 vehementius

167 2510 248 2540 atque
260 2505 349 2533 acrius
360 2505 499 2541 ingenium
517 2506 649 2535 obvenit:
668 2507 749 2543 quale
773 2506 950 2535 Demostheni

1010 1590 1152 1616 Ὀδενάθου
1167 1588 1215 1616 τοῦ
1229 1588 1325 1625 ἀνδρὸς
1339 1588 1423 1623 αὐτῆς
1437 1588 1661 1622 τετελευτηκότος
1671 1608 1679 1620 ,
1695 1589 1728 1623 ἢν
1744 1588 1794 1615 καὶ

1005 1634 1167 1670 μεταϐαλεῖν
1182 1635 1223 1666 είς
1236 1633 1270 1660 τὰ
1290 1633 1425 1660 Ἰουδαίων
1438 1632 1486 1668 ἔθη
1500 1633 1554 1660 ἀπὺ
1565 1632 1616 1668 τῆς
1633 1632 1793 1668 Ἑλληνικῆς

1003 1679 1215 1715 δεισιδαιμονίας
1232 1679 1346 1710 παλαιὸς
1361 1677 1513 1713 ἀναγράφει
1530 1677 1619 1712 λόγος.
1643 1678 1723 1704 Ἀλλὰ
1737 1677 1794 1714 γὰρ

1003 1729 1018 1754 ὁ
1033 1728 1083 1763 μὲν
1095 1728 1225 1761 Λογγῖνος
1236 1726 1365 1761 τοιαύτην
1382 1726 1447 1758 περὶ
1461 1725 1508 1752 τοῦ
1526 1726 1710 1761 προκειμένου
1725 1734 1794 1761 προ-

1004 1774 1093 1808 οιμίου
1109 1773 1158 1809 τὴν
1171 1773 1259 1808 ψῆφον
1270 1772 1374 1806 ἐξάγει.
1389 1772 1499 1807 Ἔτεροι
1509 1772 1537 1798 δὲ
1549 1772 1599 1798 οὐκ
1613 1772 1703 1807 ὀρθῶς
1727 1772 1795 1807 εφα-

1005 1828 1055 1846 σαν
1072 1819 1102 1845 τὸ
1116 1819 1260 1854 προοίμιον
1275 1817 1371 1853 ἠθικὸν
1393 1815 1474 1844 εἶναι.
1491 1818 1548 1844 Καὶ
1561 1817 1670 1849 πολλοῖς
1689 1815 1765 1850 οὗτος
1779 1819 1794 1845 ὁ

1004 1863 1082 1897 λόγος
1096 1862 1232 1897 παρέσχεν
1242 1862 1264 1878 ³³
1275 1862 1368 1896 ἀγῶνα
1383 1862 1523 1896 κρίνεσθαι
1531 1862 1686 1898 προτεθεὶς,
1698 1862 1794 1898 ὥσπερ

1004 1909 1052 1935 καὶ
1064 1908 1205 1943 ’Δσπασίῳ
1223 1907 1263 1943 τῷ
1281 1908 1388 1944 ῥήτορι,
1404 1908 1452 1934 ἆτε
1469 1908 1532 1943 μηδ’
1551 1908 1693 1944 ἀφιγμένῳ
1708 1908 1730 1924 ³³
1744 1909 1795 1944 τῆς

1004 1953 1051 1982 τοῦ
1068 1954 1149 1989 λόγου
1165 1954 1282 1989 θεωρίας
1298 1954 1339 1985 είς
1355 1953 1510 1989 ἀκρίϐειαν.
1533 1953 1671 1985 Ὡσαύτως
1696 1954 1725 1980 δὲ
1745 1955 1794 1981 καὶ

1003 2001 1018 2027 ὁ
1047 1999 1119 2028 κατὰ
1144 2000 1267 2027 Μειδίου·
1284 1999 1332 2026 καὶ
1363 1999 1417 2035 γὰρ
1440 2000 1487 2027 καὶ
1512 1996 1588 2031 οὗτος
1613 2000 1663 2027 οὐκ
1690 1999 1794 2034 ὀλίγοις

1004 2047 1116 2081 γέγονεν
1141 2047 1170 2073 έν
1195 2045 1309 2081 σπουδῇ,
1331 2046 1378 2073 καὶ
1402 2046 1453 2081 τῆς
1468 2046 1536 2082 πρὸς
1552 2046 1684 2081 ἀλλήλους
1707 2046 1794 2081 ἀμφι-

1005 2093 1163 2129 σϐητήσεως
1187 2093 1315 2127 ἀφορμὰς
1339 2091 1473 2127 παρέσχε.
1493 2092 1548 2119 Καὶ
1566 2094 1592 2119 οἱ
1609 2092 1657 2128 μὲν
1673 2092 1719 2119 τοῦ
1738 2101 1792 2119 πα-

1004 2138 1117 2173 θητικοῦ
1139 2139 1313 2173 χαρακτῆρος
1331 2135 1400 2164 εῐναί
1426 2146 1509 2173 φασιν
1523 2138 1622 2170 αὐτὸν,
1642 2138 1711 2173 μετὰ
1734 2137 1792 2164 δει-

1004 2185 1113 2217 νώσεως
1140 2184 1388 2220 ὲπεξειργασμένον
1399 2184 1432 2216 ³⁸,
1456 2184 1481 2211 ot
1509 2184 1539 2211 δὲ
1559 2184 1606 2211 τοῦ
1632 2192 1793 2219 πραγματι-

1005 2230 1072 2257 κοῦ·
1098 2230 1145 2256 καὶ
1165 2230 1260 2261 ἁπλῶς
1278 2230 1332 2256 τῶν
1352 2238 1381 2256 τε
1407 2229 1538 2265 ῥημάτων
1562 2228 1645 2256 αὐτοῦ
1673 2229 1703 2255 τὸ
1725 2237 1794 2264 σφο-

1004 2277 1067 2312 δρδν
1087 2276 1169 2312 [ιι-ιε
1183 2275 1231 2312 R.]
1249 2276 1296 2302 καὶ
1309 2277 1380 2303 κατὰ
1399 2276 1449 2312 τὴν
1470 2275 1594 2303 σύνθεσιν
1618 2275 1792 2312 ἐναρμόνιον.

1005 2323 1062 2349 Καὶ
1072 2322 1109 2354 ὡς
1121 2323 1179 2354 τοῖς
1194 2322 1356 2358 παθητικοῖς
1373 2322 1423 2357 μὲν
1435 2321 1490 2348 τῶν
1505 2321 1731 2356 ἐπιχειρημάτων
1744 2323 1794 2349 καὶ

1007 2368 1207 2403 ἐνθυμημάτων
1222 2368 1375 2403 παθητικὴν
1394 2367 1442 2395 καὶ
1461 2367 1511 2402 τὴν
1527 2366 1699 2401 ἀπαγγελίαν
1714 2376 1795 2403 περι-

1005 2415 1097 2446 άπτει,
1109 2416 1166 2446 τοῖς
1179 2415 1381 2449 πραγματικοῖς
1392 2413 1431 2445 δὲ,
1443 2413 1494 2440 ὅσα
1506 2412 1611 2445 τούτοις
1619 2414 1792 2450 ἐναρμόττει.

1007 2462 1119 2497 ’Έχεται
1128 2461 1151 2476 ³⁸
1165 2461 1214 2496 μὲν
1225 2458 1271 2487 οὖν
1286 2460 1333 2486 καὶ
1347 2459 1394 2486 τοῦ
1407 2459 1488 2494 ἤθους
1502 2460 1552 2486 οὐκ
1569 2461 1597 2486 ὲν
1611 2459 1698 2496 τούτῳ
1712 2461 1795 2496 μόνον

1004 2508 1043 2543 τῷ
1069 2507 1156 2542 λόγῳ,
1184 2505 1252 2534 ἀλλὰ
1278 2506 1326 2532 καὶ
1347 2506 1377 2532 ἐν
1392 2505 1500 2538 πολλοῖς
1524 2506 1626 2539 ἄλλοις.
1650 2507 1732 2534 Ἀλλά
1759 2515 1793 2541 γε

817 2579 935 2607 VARl/E
954 2579 1155 2608 LECTIONES.

203 2645 224 2660 ³⁷
239 2644 279 2680 δὲ]
293 2645 321 2672 δὲ
339 2644 412 2671 ἔστιν
428 2645 460 2673 Α.

510 2646 532 2662 ’³
547 2646 657 2674 ἔλαττον
668 2648 714 2674 τὸν
730 2647 812 2674 αὐτὸν
827 2656 856 2679 ς.

896 2648 919 2663 ’⁸³
937 2648 1127 2675 συνεϐούλευεν
1143 2649 1174 2675 Α.

1219 2649 1241 2664 ⁸ο
1256 2649 1362 2676 διέϐαλε
1375 2657 1410 2680 ς.
1449 2649 1471 2665 ³¹
1486 2649 1534 2684 ἔτη
1546 2657 1601 2676 om.
1616 2656 1657 2683 pr.
1673 2648 1707 2680 Δ,
1730 2651 1795 2684 ante

167 2681 298 2720 γεγονότα
316 2680 389 2720 pon‘it
403 2681 430 2707 Β.
479 2682 609 2720 “ﬂow
627 2683 764 2720 παρέσχεν
775 2683 806 2720 if.
853 2683 875 2698 ³³
892 2683 929 2717 μὴ
944 2683 1115 2720 διαφιγμένῳ
1141 2684 1161 2710 Β
1177 2692 1182 2710 :
1203 2684 1264 2719 μηδ’
1289 2685 1430 2720 ἑφιγμένῳ
1453 2680 1541 2720 Toup.
1557 2680 1672 2720 Longi“.
1690 2691 1717 2718 p.
1727 2681 1792 2708 221.

167 2714 189 2730 ³⁸
201 2714 417 2751 ἐπειργασμένον
434 2725 464 2750 ς’.
504 2717 526 2733 ³⁸
542 2714 644 2754 ἔχεται]
657 2714 769 2753 ἄρχεται
783 2719 803 2744 Β
817 2722 844 2745 ct
858 2714 929 2745 corr.
943 2719 976 2745 A.

918 2764 1030 2792 NOTAE.

204 2821 366 2861 (l5)_‘llnjus
377 2823 492 2860 Longini
504 2825 626 2861 Dionysii
638 2825 761 2853 meminit
778 2829 803 2852 et
819 2823 956 2859 Eunapius
976 2824 1135 2860 Sardianus,
1157 2830 1182 2854 et
1195 2830 1282 2854 exstat
1313 2825 1419 2854 libellus
1440 2825 1507 2861 Περὶ
1522 2824 1620 2859 ὕψους,
1635 2823 1671 2851 De
1686 2821 1793 2850 sublimi

171 2857 274 2884 dicendi
288 2867 388 2893 genere.
