1952 3072
132 130 183 165 181

680 126 945 160 BIBLIOTHECA.
961 139 995 147 ·-
1009 128 1092 160 COD.
1117 129 1246 161 CCLXV.

1709 127 1763 162 182

131 188 326 225 χαλεταῢτατόν
346 189 404 216 ἐστι
425 188 515 223 λόγων
542 188 733 223 ἀγωνιστικῶν
753 187 859 223 ἑργάτῃ
881 186 926 214 διὰ

980 191 1060 221 atque
1073 186 1185 215 Aristidi
1204 186 1311 224 obtigit.
1328 186 1397 216 Hinc
1410 186 1452 222 ﬁt,
1460 191 1502 216 ut
1510 186 1660 216 eﬂerantur
1676 194 1762 223 saepe-

130 235 227 267 τελους
241 235 360 270 φυλάξαι
375 234 442 271 πρὸς
455 234 504 262 τὸν
516 232 722 269 ἀνταγωνιστὴν
734 233 765 260 τὺ
778 230 856 268 ἦθος,
872 232 924 267 μά-

130 280 212 309 λιστα
223 281 252 308 δὲ
265 282 323 313 τοῖς
337 281 396 307 ὅσοι
412 279 521 314 φύσεως
538 278 634 314 ἔτυχον
648 277 816 313 πικροτέρας
831 285 862 304 τε
874 276 924 303 καὶ

131 327 360 362 παθητικωτέρας
370 347 378 359 ,
394 323 429 362 ἦς
443 325 493 360 οὐχ
507 325 609 361 ἥκιστα
631 323 806 359 Δημοσθένης
826 331 856 350 τε
874 322 924 350 καὶ

136 373 305 409 ’Δριατείδης
326 373 446 408 μετέχει,
460 372 562 408 Διόπερ
581 370 713 402 πολλάκις
728 370 873 405 ὶξάγονται
886 369 920 402 ³⁸,

128 419 181 455 τῆς
193 419 353 455 προθέσεως
368 418 569 453 ἐλαττουμένης
583 418 638 445 ὑπὸ
654 417 705 453 τῆς
722 416 840 452 φύσεως·
860 415 922 443 οὐδὲ

976 240 1103 266 numero,
1119 239 1217 262 natura
1235 235 1314 270 longe
1327 241 1519 271 argumentum
1534 239 1690 271 superante.
1708 234 1762 263 Ne-

975 285 1031 312 que
1057 278 1130 306 enim
1153 287 1199 308 ars
1220 280 1390 308 voluntatem
1413 281 1531 317 dirigere
1546 281 1631 314 valet,
1658 280 1710 307 nisi
1734 285 1763 307 et

975 324 1128 353 subsidium
1144 325 1245 361 ingenii
1262 327 1418 355 accesserit.
1438 327 1533 355 Annos
1552 331 1634 354 natus
1646 331 1709 354 octo
1735 330 1763 353 et

975 370 1088 406 triginta
1124 372 1286 400 Atheniensi
1314 373 1415 408 populo
1443 373 1590 409 persuasit,
1623 372 1761 408 Olynthiis

974 418 1107 446 auxilium
1123 424 1221 446 contra
1230 418 1385 455 Philippum
1399 420 1551 448 mitterent.

128 467 187 502 γὰρ
199 466 254 493 οὐδ’
267 466 344 494 ἔστιν
359 465 441 501 ἱκανὴ
453 465 536 500 τέχνη
552 464 726 500 κατορθῶσαι
740 464 771 491 τδ
785 463 920 500 βούλημα.
940 464 979 501 μὴ
1001 466 1133 503 συνεργὸν
1150 466 1249 502 ἔχουσα
1286 467 1335 494 καὶ
1354 467 1404 502 τὴν
1436 467 1486 503 τῆς
1502 467 1610 502 φύσεως
1631 466 1761 500 ίδιότητα.

135 513 223 541 Ἐτῶν
239 513 332 549 μέντοι
345 512 465 548 γεγονὼς
479 513 494 540 ὁ
509 513 601 548 ῥήτωρ
616 510 642 547 η’
657 511 705 539 καὶ
718 511 754 545 λ’,
768 511 862 540 ἔπεισε
894 510 1093 547 δημηγορήσας
1119 512 1167 540 τὸν
1195 513 1281 549 δῆμον
1291 513 1418 550 βοήθειαν
1436 513 1583 546 Ὀλυνθίοις
1604 513 1763 540 ἀποστεῖλαι

129 560 381 596 πρεσϐευσαμένοις
395 559 467 587 κατὰ
477 559 622 587 Φιλίππου.

164 606 250 642 Οὗτος
266 609 281 636 ό
296 609 474 646 Δημοσθένης
496 609 555 641 υίὸς
569 608 621 645 μὲν
641 608 756 644 γέγονεν
778 608 812 636 ἐκ
831 607 925 636 Κλεο-

128 655 230 692 ϐούλης
242 655 442 691 Δημοσθένους,
457 655 504 683 τὸν
517 656 604 691 δῆμον
616 654 775 687 Παιανιεύς.
788 654 925 682 Καταλειέ

1010 605 1208 636 Demosthenes
1240 607 1442 643 Demosthenis,
1466 613 1495 637 et
1526 608 1664 637 Cleobula:
1687 608 1762 636 ﬁlius

973 651 1047 680 tribu
1058 651 1236 686 Paeaniensis,
1256 653 1371 683 relictus
1382 661 1398 682 a
1411 657 1489 690 patre
1501 661 1566 682 cum
1588 658 1662 682 esset
1675 661 1761 681 annos

128 702 207 737 φθεὶς
221 702 250 730 δὲ
265 703 320 729 ὑπὸ
333 702 381 730 τοῦ
395 702 501 739 πατρὸς
515 702 584 730 ὲτῶν
603 702 626 735 ζ’
643 702 694 730 σὺν
714 701 817 737 ἀδελφῇ
837 708 922 736 μετα-

127 747 279 784 γενεστέρᾳ
291 747 368 775 δυσὶν
385 747 469 781 ἔτεσι,
483 747 530 775 τὸν
545 748 597 783 μὲν
611 747 708 784 χρόνον
723 747 775 782 τῆς
789 745 922 782 ὀρφανίας

980 751 1027 779 [uo
1044 749 1123 779 patre
1136 745 1252 775 orbatus
1272 745 1335 779 fuit,
1350 745 1424 782 apud
1442 750 1559 774 matrem
1574 746 1640 782 egit,
1653 753 1715 774 cum
1731 753 1763 773 se

126 794 206 830 παρὰ
219 795 254 830 τῇ
272 794 358 830 μητρὶ⁵
371 794 474 829 διῆγεν,
494 794 643 831 Ἰσοκράτει
658 793 797 830 σχολάζων
814 793 855 829 τῷ
871 793 921 829 ῥῆ-

980 791 1083 820 ῐεοοηιὶ
1096 792 1129 820 ad
1144 792 1310 820 audiendum
1322 793 1413 827 daret,
1432 798 1464 821 ut
1482 793 1594 828 quidam
1609 792 1687 820 aiunt
1700 801 1708 819 :
1732 796 1763 819 ut

126 846 200 875 τορι,
214 839 253 872 ὡς
266 840 296 867 δὲ
310 840 336 867 οῑ
350 840 460 872 πλείους
474 840 612 875 λέγουσιν,
631 840 722 876 Ἰσαίῳ
737 839 776 876 τῷ
792 838 922 867 Χαλκιδεῖ

980 842 1062 866 tutem
1083 838 1205 873 plurimi,
1229 838 1296 866 Isaeo
1309 838 1497 873 Chalcidensi,
1512 839 1560 874 qui
1576 843 1603 866 et
1628 838 1687 873 ipse
1701 837 1761 865 Iso—

127 874 167 913 ιν⁷
187 886 316 922 Ἀθήναις
339 874 534 921 σοφιστεύοντι.
563 886 594 914 '0
616 885 646 913 δὲ
675 874 773 918 ἦσαῖος
801 884 922 920 Ἰσοκρά-

980 884 1056 911 iratis
1068 889 1128 911 erat
1146 883 1311 919 discipulus,
1325 883 1418 912 studio
1432 884 1580 912 aemulandi
1593 882 1762 919 Thucydidis

127 939 193 963 τους
203 932 225 948 ⁸⁷
239 931 336 966 γέγονε
354 931 489 967 μαθητὴς.
504 931 670 967 Θουκυδίδην
685 931 775 966 ζηλῶν
789 931 837 958 καὶ
848 931 922 958 Πλά-

980 933 999 956 tt
1012 928 1136 957 Platonis
1150 928 1304 964 philosophi
1317 929 1465 956 incensus:
1482 927 1529 955 alii
1544 927 1617 955 enim
1633 927 1714 954 aliter
1726 927 1762 954 de

128 986 204 1005 τωνα
216 977 263 1005 τὸν
277 977 437 1012 φιλόσοφον.
453 977 546 1005 Ἄλλοι
561 977 590 1004 δὲ
605 976 674 1004 ἄλλα
686 976 751 1013 περί
763 985 793 1004 τε
806 976 921 1003 παιδεύ-

980 974 1104 1002 irationis
1125 974 1297 1002 institutione
1321 980 1354 1001 ac
1373 972 1533 1001 doctoribus
1550 977 1672 1000 narrant.
1689 972 1759 999 Cum

128 1032 202 1055 σεως
214 1023 403 1059 Δημοσθένους
423 1024 471 1051 καὶ
484 1023 540 1050 τῶν
558 1023 643 1051 αὐτοῦ
659 1023 830 1051 διδασκάλων
851 1023 923 1050 ίστο·

980 1026 1037 1047 vero
1050 1019 1085 1047 ad
1099 1024 1206 1047 aetatem
1219 1024 1355 1046 maturam
1373 1019 1554 1054 pervenisset,
1572 1025 1604 1046 ac
1618 1018 1760 1053 pauciora,

129 1070 235 1106 ροῦσιν.
249 1069 297 1103 EE;
309 1070 419 1106 ἠλικίαν
430 1070 459 1097 δὲ
469 1070 619 1103 καταστὰς,
634 1070 683 1098 καὶ
696 1071 801 1097 ἐλάττω
815 1070 864 1105 τὴν
875 1070 922 1097 οὐ-

980 1072 1057 1100 quam
1082 1070 1155 1094 esset
1178 1073 1299 1100 aequum,
1323 1073 1339 1093 a
1358 1065 1495 1092 tutoribus
1523 1064 1684 1099 accepisset,
1713 1063 1762 1098 qui

129 1116 192 1144 σίαν
207 1116 284 1151 παρὰ
299 1116 355 1143 τῶν
371 1116 528 1153 ἐπιτρόπων
542 1116 646 1149 λαϐὼν,
664 1116 805 1152 ιγράψατο
824 1116 924 1149 αὐτοὺς

980 1118 1031 1139 Lres
1059 1115 1148 1144 erant,
1165 1112 1295 1139 nimirum
1314 1111 1457 1147 Aphobus,
1479 1110 1642 1146 Theripides
1659 1115 1689 1138 et
1709 1109 1763 1137 De-

128 1162 284 1198 ἐπιτροτιῆς
300 1166 325 1197 γ’
337 1163 427 1197 ὄντας,
442 1162 574 1198 Ἄφοϐον,
584 1162 761 1199 Θηριππίδην
779 1163 826 1189 καὶ
838 1164 925 1197 Δημο-

980 1157 1106 1192 mophon,
1131 1157 1179 1193 qui
1201 1157 1265 1186 aliis
1280 1157 1395 1186 Demeas
1417 1162 1470 1190 est,
1493 1164 1508 1184 a
1525 1156 1641 1192 singulis
1660 1156 1763 1183 talenta

971 702 1054 726 natus
1065 704 1179 734 septem,
1192 704 1221 727 et
1230 706 1309 728 soror
1325 700 1458 735 quinque,
1474 705 1563 728 totum
1574 700 1641 728 illud
1654 705 1762 734 tempus

129 1208 225 1243 φῶντα
237 1208 247 1244 (
257 1209 283 1235 οἱ
296 1208 326 1235 δὲ
344 1209 406 1236 ἀντὶ
420 1208 605 1244 Δημοφῶντος
619 1208 730 1244 Δημέαν
749 1208 922 1243 εἰσάγουσι),

128 1255 240 1289 τίμημα
265 1257 281 1281 ι’
303 1254 443 1282 ταλάντων
466 1254 570 1290 ἑκάστῃ
593 1253 656 1290 δίκῃ
685 1252 919 1289 ἐπιγραψάμενος.

129 1300 188 1335 Τῆς
209 1299 301 1334 μέντοι
316 1300 468 1335 καταδίκης
482 1300 559 1327 οὐδὲν
579 1300 678 1332 αὐτοὺς
685 1299 708 1316 ³⁸
725 1299 918 1335 εἰσεπράξατο,

129 1346 194 1377 τοὺς
211 1346 262 1381 μὲν
273 1346 353 1381 ἀφεὶς
366 1346 511 1382 ἀργυρίου,
527 1347 590 1377 τοὺς
602 1346 632 1374 δὲ
645 1346 691 1373 καὶ
703 1345 825 1382 χάριτος.
841 1346 920 1381 Διρε-

129 1391 188 1423 Θεὶς
199 1391 229 1418 δὲ
244 1390 374 1427 χορηγὸς,
389 1392 504 1419 Μειδίαν
520 1401 550 1419 τε
563 1391 609 1419 τὸν
632 1391 840 1427 Ἀναγυράσιον,
854 1391 923 1428 πλή-

130 1437 216 1471 ξαντα
237 1438 319 1466 αὺτὸν
347 1439 377 1465 ὲν
400 1438 441 1474 τῷ
465 1438 572 1474 θεάτρῳ
595 1438 777 1474 χορηγοῦντα,
796 1437 860 1474 [805
877 1436 925 1474 H.]

973 1202 1066 1231 decem
1085 1203 1177 1230 multa:
1197 1211 1282 1231 causa
1297 1203 1456 1236 postulavit.
1473 1203 1605 1238 ipsosque
1620 1201 1697 1230 vicit.
1720 1201 1763 1235 Ip-

974 1256 1034 1276 sam
1051 1256 1116 1277 vero
1137 1249 1394 1278 condemnationem
1417 1249 1494 1284 parvi
1519 1248 1603 1280 fecit,
1623 1247 1685 1290 aliis
1700 1247 1762 1282 qui-

975 1294 1037 1323 dem
1052 1295 1181 1329 pecunia,
1205 1296 1269 1323 aliis
1291 1303 1357 1324 vero
1370 1296 1454 1324 etiam
1472 1295 1606 1330 obsequio
1628 1293 1764 1322 liberatis.

975 1341 1118 1377 Choragus
1146 1341 1234 1370 factus
1254 1342 1362 1370 Midiam
1389 1341 1599 1377 Anagyrasium,
1613 1340 1660 1376 qui
1686 1340 1763 1367 illum

975 1387 1128 1423 prtehitoris
1149 1388 1238 1416 oiiicio
1268 1388 1426 1423 fungentem
1455 1390 1640 1422 percusserat,
1665 1386 1693 1414 in
1718 1385 1766 1421 jus

975 1435 1094 1467 vocavit,
1108 1434 1283 1470 acceptisque
1304 1434 1393 1462 tribus
1407 1434 1603 1463 drachmarum
1629 1432 1766 1466 millibus,

128 1483 308 1519 γραψάμενος
320 1483 361 1516 είς
371 1483 463 1520 κρίσιν
476 1483 639 1520 κατέστησε,
651 1483 803 1520 τρισχιλίας
810 1484 832 1500 ³³
842 1483 871 1510 δὲ
878 1483 925 1510 λα-

980 1481 1013 1508 ab
1028 1479 1206 1508 accusatione
1218 1479 1332 1508 destitit.

129 1528 187 1555 σὼν
200 1529 268 1565 παρ’
283 1528 368 1556 αὑτοῦ
386 1529 436 1565 τῆς
450 1528 527 1564 δίκης
542 1529 688 1556 ἀπέλυσεν.

165 1575 284 1609 Λέγουσι
300 1575 329 1602 δὲ
343 1575 424 1602 αὐτὸν
438 1574 525 1603 πολλὰ
543 1575 594 1610 τῆς
607 1575 725 1610 Δφύσεως
741 1575 926 1610 ἐλαττώματα

130 1621 234 1659 μελέτῃ
245 1621 456 1657 διορθώσασθαι.
472 1622 528 1649 Καὶ
541 1621 600 1654 νέος
618 1621 667 1657 μὲν
681 1621 719 1648 ὣν
733 1621 774 1652 είς
792 1621 926 1656 σπήλαιον

129 1670 229 1697 ἑαυτὸν
244 1670 432 1702 ιναπέκλεισε,
449 1670 531 1697 κάκεῖ
542 1669 621 1705 διῆγε
635 1668 800 1704 φιλοσοφῶν,
814 1668 866 1703 τῆς
880 1676 927 1695 κε-

130 1716 223 1753 φαλῆς
237 1715 388 1752 ξυράμενος
401 1716 433 1744 τὺ
443 1716 466 1733 ⁸⁸
482 1717 581 1752 ἥμισυ,
596 1716 640 1743 ἵνα
656 1716 694 1752 μὴ
710 1715 786 1751 αύτῷ
801 1714 859 1750 ἐξῇ,
876 1715 926 1750 τῆς

129 1764 328 1800 ἀσχημοσύνης
342 1763 514 1798 κωλυούσης,
532 1762 669 1790 ποιεῖσθαι
686 1762 754 1798 μηδὲ
770 1761 927 1797 βουλομένῳ

129 1810 181 1846 τὴν
194 1810 319 1845 πρόοδον.
331 1809 465 1845 Δεύτερον
475 1809 505 1836 δὲ
520 1809 569 1836 ἐπὶ
582 1808 681 1844 στενῆς
695 1807 777 1836 αὐτόν
787 1816 854 1843 φασι
867 1807 926 1834 κλί-

130 1864 182 1891 νης
196 1855 357 1890 κοιμᾶσθαι,
368 1855 407 1888 ὡς
420 1855 493 1891 ἐχειν
504 1854 551 1883 διὰ
560 1854 667 1890 ταχέων
678 1854 853 1882 ἀνίστασθαι.
866 1853 928 1880 Τῶν

128 1901 192 1929 δὶδί
206 1902 350 1937 στοιχείων
361 1901 393 1928 τὸ
404 1901 445 1938 ῥῶ
459 1902 492 1938 τῇ
507 1900 616 1937 γλώττῃ
630 1899 668 1936 μὴ
682 1899 825 1935 πεφυκότα
838 1899 928 1933 λέγειν

130 1947 208 1982 πόνῳ
221 1946 388 1983 προσλαϐεῖν
399 1946 430 1973 τὺ
442 1946 584 1974 δύνασθαι.
600 1945 682 1973 Ἀλλὰ
694 1945 743 1973 καὶ
756 1945 802 1972 τὸν
812 1941 888 1980 ὦμον
898 1944 929 1971 ὲν

129 1991 171 2026 τῷ
186 1988 305 2027 μελετᾷν
319 1991 454 2028 ἀπρεπῶς
461 1991 484 2008 ⁸⁸
499 1991 638 2024 κινοῦντα,
650 1991 744 2018 ὀδελὸν
757 1992 790 2018 ἐκ
803 1991 853 2026 τῆς
865 1990 928 2027 ὀρο-

131 2037 186 2072 φῆς
199 2037 401 2073 ἀπαρτήσαντα
415 2038 444 2065 ὲν
460 2037 520 2074 χρῷ
532 2037 581 2065 τοῦ
597 2037 724 2073 σώματος
737 2037 755 2074 ἢ
771 2037 781 2072 (
793 2037 831 2068 ὡς
843 2037 929 2072 ἔνιοι)

131 2082 261 2118 ξιφίδιον,
277 2083 316 2115 ὡς
330 2083 365 2111 ἂν
381 2083 457 2119 φόϐῳ
472 2083 520 2110 τοῦ
540 2083 638 2110 παθεῖν
654 2082 704 2118 τὴν
719 2083 840 2118 ἠρεμίαν
854 2083 927 2117 ἄγοι,

131 2129 328 2165 ἀπαλλαγῆναι
345 2129 394 2156 τοῦ
417 2129 633 2165 συμπτώματος.
654 2129 727 2165 Πρὸς
747 2129 777 2156 δὲ
793 2130 857 2161 τοὺς
879 2128 928 2156 τοῦ

130 2176 219 2212 δήμου
239 2176 372 2213 θορύϐους
400 2176 614 2212 ταραττόμενος,
636 2176 680 2203 ῐνα
714 2176 752 2212 μὴ
776 2175 855 2203 τοῦτο
875 2175 929 2202 πά-

132 2231 194 2257 σχοι
204 2222 238 2254 ⁸³,
256 2222 304 2248 ἐπὶ
319 2222 348 2248 τὺ
364 2222 516 2257 Φαληρικὸν
532 2222 635 2250 κατιὼν
650 2222 720 2258 πρὸς
736 2222 803 2254 τοὺςι
815 2221 869 2249 τῶν
881 2230 931 2248 κυ-

134 2268 231 2304 μάτων
243 2268 328 2303 ἤχους
343 2267 393 2300 τὰς
409 2268 524 2303 μελέτας
545 2269 674 2303 ἐποιεῖτο,
691 2269 731 2305 τῷ
745 2269 802 2296 ἔθει
815 2270 865 2304 τὴν
878 2269 931 2305 φύ-

133 2323 179 2342 σιν
200 2314 449 2351 ἐπανορθούμενος.
482 2314 565 2342 ’Δλλὰ
585 2315 633 2342 καὶ
660 2315 815 2352 κάτοπτρον
839 2315 931 2352 ἑαυτῷ

133 2361 370 2394 κατεσκευάσατο,
390 2361 449 2388 ἴσον
470 2361 553 2389 αὐτοῦ
569 2361 610 2396 τῷ
634 2361 755 2398 μεγέθει,
780 2362 820 2394 είς
841 2362 856 2389 δ
879 2362 930 2395 τὰς

133 2406 250 2441 σκέψεις
262 2406 374 2442 ἀφορῶν
387 2408 517 2442 ἐποιεῖτο,
535 2407 579 2435 ἴνα
593 2408 620 2434 εἴ
632 2416 659 2435 τι
678 2408 720 2444 εἴη
734 2409 932 2444 παρημελημέ-

132 2461 181 2480 νον
197 2453 228 2479 ἐν
239 2452 280 2489 τῷ
295 2453 418 2489 σχήματι
430 2453 568 2488 λέγοντος,
588 2453 667 2481 τοῦτο
685 2453 828 2489 μανθάνων
844 2455 930 2482 ὲπαν-

131 2499 232 2534 άγοιτο
242 2499 268 2516 ⁸⁵
282 2500 352 2535 πρὸς
370 2499 401 2527 τὸ
415 2500 555 2536 εὔσχημον
565 2520 573 2528 .
595 2500 709 2532 Ἐνδεῶς
723 2500 752 2527 δὲ
781 2500 829 2527 τοῦ
849 2501 932 2528 πνεύ-

132 2555 225 2582 ματος
239 2545 349 2582 ἔχοντος
362 2546 438 2582 αὐτῷ
452 2546 523 2574 ὥστε
537 2546 606 2583 μηδὲ
621 2546 752 2574 δύνασθαι
762 2547 812 2579 τὰς
825 2556 932 2583 μακρορ

131 2591 218 2627 τέρας
233 2591 291 2618 τῶν
313 2592 449 2628 περιόδων
469 2592 604 2620 ἀπνευστὶ
622 2592 730 2628 λέγειν,
749 2593 934 2630 Νεοπτολέμῳ

130 2636 174 2672 τῷ
191 2637 331 2674 ὑποκριτῇ
355 2638 458 2673 μυρίας
479 2637 597 2672 ἔδωκεν,
612 2638 657 2665 ἵνα
678 2638 754 2674 αὺτῷ
773 2640 933 2676 συνασκήσῃ

132 2683 182 2710 τὸν
198 2683 278 2710 τόνον
294 2683 344 2711 τοῦ
364 2683 531 2720 πνεύματος.
548 2685 605 2711 Καὶ
622 2684 678 2712 τῶν
695 2684 802 2711 λεπτῶν
820 2685 850 2712 δὲ
870 2694 934 2723 τρη-

1011 1579 1068 1609 Nec
1090 1580 1189 1609 desunt
1207 1581 1253 1617 qui
1269 1581 1361 1610 dicant
1378 1589 1442 1610 eum
1463 1581 1548 1609 multa
1570 1587 1675 1609 natura;
1699 1581 1767 1608 vitia

976 1626 1172 1655 exercitatione
1197 1627 1309 1660 vicisse,
1327 1631 1355 1655 et
1370 1628 1460 1655 adhuc
1469 1628 1597 1663 juvenem
1614 1627 1642 1654 in
1652 1627 1766 1662 spelun-

977 1679 1038 1703 cam
1054 1671 1155 1708 mtz
1171 1672 1337 1701 descendere
1349 1673 1472 1705 solitum,
1490 1673 1517 1700 in
1532 1680 1620 1708 eaque
1633 1674 1767 1709 eloquen—

977 1717 1044 1745 tiam
1068 1725 1206 1752 exercere,
1228 1718 1328 1747 abrasa
1348 1719 1463 1747 dimidia
1484 1719 1584 1754 capitis
1602 1724 1690 1755 parte,
1714 1727 1771 1755 qno

978 1763 1030 1792 sibi
1048 1765 1165 1792 exeundi
1186 1764 1345 1792 facultatem
1360 1764 1489 1800 eriperet.
1511 1763 1615 1792 Deinde
1631 1765 1701 1792 lecto
1722 1773 1772 1793 cu-

978 1809 1044 1837 bare
1057 1814 1184 1845 angusto.
1201 1815 1231 1838 ut
1251 1811 1333 1839 citius
1349 1810 1529 1844 excitaretur,
1541 1815 1569 1838 et
1584 1811 1624 1847 ῥῶ
1639 1811 1770 1845 litteram,

979 1862 1043 1883 cum
1064 1860 1161 1883 natura
1181 1856 1363 1891 pronuntiare
1387 1865 1443 1885 non
1458 1862 1564 1893 posset,
1578 1857 1672 1885 labere
1698 1857 1771 1885 didi.

978 1902 1060 1931 cisse.
1073 1903 1107 1930 Et
1121 1910 1184 1931 cum
1200 1903 1348 1932 humerum
1365 1904 1520 1932 exercendo
1536 1904 1665 1932 indecore
1679 1911 1771 1931 move-

979 1951 1034 1981 ret,
1048 1947 1180 1982 obelisco,
1195 1948 1250 1981 vel,
1264 1952 1295 1976 ut
1318 1949 1460 1977 nonnullis
1481 1949 1599 1982 videtur,
1620 1949 1737 1984 gladiolo
1755 1957 1772 1977 θ

980 1992 1157 2028 laquearibus
1182 2000 1316 2029 suspenso
1345 1994 1502 2026 coercebat,
1517 1999 1546 2021 ut
1563 1993 1663 2021 timore
1679 1993 1714 2021 ab
1736 2001 1769 2021 ea

980 2037 1153 2066 deformitate
1174 2043 1295 2067 cessaret
1323 2046 1408 2074 seque
1421 2039 1448 2066 in
1464 2039 1565 2067 dicenti
1580 2044 1658 2074 gestu
1683 2038 1772 2066 conti-

980 2088 1068 2113 neret.
1085 2084 1148 2120 Ipse
1161 2085 1196 2112 ad
1210 2084 1385 2113 Phalericum
1401 2093 1431 2113 se
1444 2085 1590 2113 conferens
1603 2086 1681 2119 juxta
1700 2085 1772 2113 [luc-

945 2150 968 2179 D
983 2134 1059 2158 tuum
1075 2131 1194 2167 impetus
1205 2131 1394 2164 exercebatur,
1412 2136 1442 2159 ut
1454 2131 1632 2159 assuetudine
1646 2135 1773 2159 naturam

983 2177 1143 2213 corrigeret.
1169 2177 1240 2211 Quin
1257 2182 1285 2206 et
1306 2178 1447 2214 speculum
1473 2178 1555 2213 justas
1576 2177 1777 2212 magnitudinis

984 2223 1038 2252 sibi
1049 2225 1228 2259 comparavit,
1243 2225 1272 2252 in
1289 2233 1344 2261 quo
1361 2233 1390 2253 se
1401 2226 1460 2260 ipse
1475 2225 1667 2260 contemplans
1681 2229 1772 2259 gestus

985 2267 1161 2302 observabat,
1184 2270 1245 2297 utsi
1266 2270 1332 2305 quid
1360 2271 1387 2298 in
1414 2270 1520 2298 actione
1541 2270 1600 2296 vitii
1621 2274 1704 2303 esset,
1723 2270 1776 2298 hoc

986 2313 1206 2342 animadversum
1216 2315 1250 2343 ad
1258 2321 1364 2343 rectum
1376 2315 1514 2351 dirigeret.
1524 2314 1648 2350 Cumque
1658 2319 1779 2350 angusto

983 2364 1058 2388 esset
1072 2360 1182 2395 spiritu,
1202 2365 1230 2389 ut
1245 2361 1384 2397 longiores
1409 2361 1531 2390 ambitus
1548 2369 1604 2389 uno
1627 2361 1711 2389 ductu
1733 2363 1777 2389 ef-

983 2404 1057 2434 ferre
1073 2414 1128 2434 non
1144 2411 1249 2442 posset,
1266 2406 1444 2443 Neoptolemo
1460 2408 1590 2436 histrioni
1605 2409 1700 2436 decem
1715 2408 1775 2436 util-

983 2451 1021 2479 lia
1047 2451 1242 2481 drachmarum
1265 2453 1351 2485 dedit,
1366 2461 1422 2489 quo
1439 2454 1518 2482 illum
1543 2454 1658 2490 spiritus
1679 2460 1778 2482 exten—

985 2497 1092 2526 sionem
1119 2499 1249 2527 doceret:
1268 2504 1296 2528 et
1314 2507 1377 2527 cum
1404 2501 1529 2536 angustis
1544 2505 1619 2529 esset
1644 2500 1678 2528 ad
1696 2507 1775 2528 usum

987 2543 1126 2572 meatibus
1141 2544 1255 2579 (quibus
1268 2545 1469 2583 attrahentibus
1483 2553 1531 2581 per
1542 2546 1663 2581 palatum
1680 2553 1773 2574 aerem

982 2589 1067 2617 veluti
1087 2597 1155 2618 aura
1183 2590 1302 2625 quadam
1323 2595 1418 2626 pectus
1442 2591 1606 2620 calefactqu
1630 2591 1777 2626 refrigerao

983 2642 1055 2669 mus,
1081 2640 1163 2672 atque
1184 2637 1248 2665 inde
1267 2637 1369 2665 halitus
1385 2637 1508 2667 fumosos
1523 2638 1678 2671 educimas,
1702 2641 1730 2664 et
1747 2637 1775 2664 in

983 2690 1017 2711 eo
1043 2684 1169 2720 maxime;
1183 2686 1265 2713 clarae
1291 2686 1369 2714 vocis
1396 2693 1482 2714 sonus
1505 2684 1641 2719 consistit)
1675 2684 1776 2712 olivam

783 2767 903 2796 VARI/E
924 2767 1128 2797 LECTIONES.

194 2826 218 2842 ι·
235 2824 314 2861 ὲξὰγ.
331 2825 379 2853 καὶ
396 2827 446 2861 τῆς
461 2833 492 2857 ς.

135 2859 160 2877 ⁸¹
179 2861 221 2895 Et,
238 2869 269 2888 τε

543 2826 565 2843 ³⁷
591 2826 747 2889 Ἱσοκράτου
764 2835 795 2859 ς.
844 2827 866 2843 ⁸⁸
880 2827 957 2854 οὐδὲν
977 2827 1019 2859 είς
1042 2825 1143 2858 αὐτοὺς
1163 2833 1193 2858 ς.

543 2871 562 2889 ιν
575 2861 615 2889 τῶ
632 2871 664 2889 με
682 2863 745 2889 ετᾶν
758 2871 790 2889 ς.
828 2862 851 2879 ⁵³
864 2862 956 2889 πάσνη
965 2861 996 2889 Β.
1034 2861 1056 2878 ⁵⁸
1072 2861 1193 2889 ἐπανάγο

309 2881 316 2889 .
354 2861 377 2877 δ’
391 2861 526 2898 ἀπρεπῶς
533 2861 562 2889 ὲν
575 2861 615 2897 τῷ
632 2861 745 2898 μελετᾷν
758 2871 790 2894 ς.
828 2862 851 2879 ⁵³
864 2862 956 2898 πάσχῃ
965 2861 996 2893 Β.
1034 2861 1056 2878 ⁵⁸
1072 2861 1204 2896 ἐπανάγοι
1218 2870 1248 2894 ς.

1244 2826 1266 2843 ³³
1283 2824 1467 2861 τρισχιλιὰδας
1485 2832 1516 2856 ς.
1555 2821 1577 2838 ⁸⁸
1603 2821 1635 2849 ch
1660 2828 1708 2848 om
1742 2819 1776 2848 A.
