1973 3077
189 131 248 165 183‘

765 139 899 170 PHOTII
912 138 1164 169 PATRIARCHAE
1180 140 1235 170 ΟΡ.

1758 139 1807 172 184

187 190 230 217 ori
244 190 378 223 inserens,
389 196 417 219 et
430 199 480 227 per
490 192 606 221 acclivi:
621 193 769 223 decurrens
789 196 899 223 latiores
913 195 967 222 red-

1026 195 1119 230 μάτων
1134 195 1169 228 ",
1181 195 1214 222 δι’
1230 192 1267 223 ὧν
1283 194 1464 227 ἀνα-πνέοντες
1476 193 1522 223 τὸν
1536 194 1606 230 ἀέρα
1620 193 1701 231 [1475
1712 194 1760 231 ἢ]
1770 196 1813 223 διὰ

185 237 263 270 didit,
282 246 313 265 ae
329 243 434 267 natura:
446 240 582 274 aptiores:
598 249 654 275 quo
664 246 740 270 motu
759 242 830 269 oliva
845 243 878 270 ad
892 249 972 270 nares

186 283 257 311 illisa
266 288 293 311 et
300 284 439 320 absorpta,
450 287 588 319 tenuiores
601 287 661 315 illos
668 288 895 322 angustioresque
903 295 973 315 mea-

185 332 230 356 tus
251 334 357 358 naturae
372 330 504 359 funetioni
524 332 636 360 idoneos
653 333 788 360 redderet.

1025 241 1076 276 τῆς
1095 240 1225 276 ὕπερώας
1239 240 1412 275 ἀναψύχομεν
1430 241 1477 267 καὶ
1493 240 1516 256 ⁵⁸
1535 239 1630 275 ὥσπερ
1647 239 1746 275 αὔραις
1757 241 1813 268 τισὶ

1025 287 1070 314 τὸν
1085 286 1198 321 θώρακα
1210 286 1439 321 διαθερμαίνομεν
1452 285 1473 302 ⁸⁷
1486 286 1534 312 καὶ
1543 285 1574 312 τό
1585 286 1730 320 λιγνυῶδες
1741 286 1811 313 ὲκεῖ-

1026 333 1071 359 θεν
1085 333 1249 369 ἐκφέρομεν,
1270 334 1443 368 στενωτὲρων
1461 333 1535 368 αὐτῷ
1555 332 1632 368 παρὰ
1643 332 1692 368 τὴν
1708 333 1805 368 χρείαν

184 376 460 411 κατεσκευασμένων,
480 377 541 403 ἐπεὶ
563 378 610 404 καὶ
639 378 719 405 τοῦτο
753 379 827 414 μέγα
848 379 930 414 μέρος
947 379 1007 406 ἐστὶ
1025 380 1074 415 τῆς
1093 379 1324 414 λαμπροφωνίας,
1342 380 1382 411 είς
1400 379 1431 405 τὸ
1445 379 1591 414 εὐρύτερόν
1608 387 1640 405 τε
1663 378 1711 406 καὶ
1732 378 1804 405 κατὰ

183 420 264 454 φύσιν
278 422 461 457 ἐπανήγαγεν,
476 423 565 451 ἔλαιον
577 424 626 459 μὲν
636 424 778 460 ἐμϐάλλων
791 425 830 461 τῷ
841 426 966 460 στόματι,
986 426 1143 461 ἀνατρέχων
1174 427 1197 442 ⁸⁵
1225 426 1254 452 δὲ
1270 426 1338 461 πρὸς
1350 426 1385 452 τὰ
1398 425 1453 452 τῶν
1472 424 1579 460 χωρίων
1594 425 1707 460 ἀνάντη·
1720 424 1754 450 δι’
1767 421 1806 451 ὧν

183 467 213 493 τὸ
228 467 316 494 ἔλαιον
331 469 364 503 τῇ
378 468 424 504 βίᾳ
443 469 491 504 τῆς
506 470 642 505 κινήσεως
657 472 726 506 πρὸς
748 473 811 504 τοὺς
827 471 972 507 μυκτῆρας

183 513 324 548 συνίζησιν
334 515 375 545 εις
385 514 435 549 τὴν
444 515 515 542 κατά
527 515 607 550 φύσιν
617 517 823 552 ἀποκατέστησε
833 517 857 533 ⁸⁰
867 518 972 552 χρείαν.

216 561 284 588 Cum
312 569 377 589 vero
402 569 463 589 sese
484 563 518 590 ad
543 564 741 598 rempublicam
757 564 928 596 contulisset,
946 568 973 591 et

181 607 209 634 in
230 608 299 635 duas
325 612 416 642 partes
442 608 516 636 cives
543 609 623 637 divisi
645 614 760 643 essent,
787 615 816 638 ut
847 611 893 638 alii
923 617 972 645 pro

181 652 307 687 Philippo
322 657 437 687 starent,
457 653 503 681 alii
521 655 625 689 populi,
645 655 835 690 honorumque
848 657 973 684 omnium

181 698 294 726 utilitati
307 700 465 732 studerent,
483 708 546 727 eam
567 705 672 736 partem
688 701 804 736 delegit.
824 710 885 736 quae
906 702 972 730 Phi-

179 744 254 779 lippo
291 745 502 779 adversaretur,
533 747 658 775 eamdem
691 748 823 775 rationem
854 749 974 776 admini—

179 791 299 818 strandae
319 792 476 826 reipublicae
492 799 705 829 secutus,quam
726 799 753 822 et
769 793 930 830 Hyperides,
946 799 975 823 et

181 836 335 870 Nausicles,
348 842 375 866 et
388 838 600 874 Polyeuctus,et
608 839 752 867 Diotimus.
768 840 807 868 Ex
819 849 875 875 quo
885 842 968 869 etiam

1007 472 1270 507 ἁναρῥοισδούμενον
1289 472 1311 488 ⁵³
1341 471 1390 508 τὴν
1416 471 1492 505 παρά
1520 470 1601 505 φύσιν
1627 471 1682 498 τῶν
1706 470 1799 505 πόρων

1063 561 1188 591 Ἐπιδοὺς
1200 560 1228 586 δὲ
1239 559 1320 586 αὐτὸν
1332 560 1353 575 ⁵¹
1368 560 1408 591 εἰς
1422 559 1453 586 τὸ
1468 559 1668 590 πολιτεύεσθαι,
1676 560 1739 587 ἐπεὶ
1747 561 1811 593 τοὺς
1824 582 1827 584 -

1024 608 1074 643 μὲν
1080 606 1154 642 ἐώρα
1162 606 1216 632 τῶν
1223 605 1338 632 πολιτῶν
1346 604 1566 639 φιλιππίζοντας⁹
1572 605 1636 637 τοὺς
1647 605 1675 632 δὲ
1685 606 1754 641 πρὸς
1763 607 1813 642 τὴν

1023 653 1072 687 τῆς
1096 651 1199 682 πόλεως
1216 649 1372 685 ἐλευθερίαν
1391 650 1627 685 δημηγοροῦντας,
1640 651 1691 685 τῆς
1702 651 1814 686 ἀμείνο-

1022 706 1066 729 νος
1072 698 1095 713 ¹¹¹
1104 697 1201 732 μοίρας
1211 695 1325 730 γίνεται,
1334 695 1383 722 καὶ
1392 695 1611 722 owe-mittebam
1624 696 1812 733 Ὑπερείδην,

1028 744 1076 770 καὶ
1085 742 1243 775 Ναυσικλεῖ,
1259 741 1483 776 καὶΠολυεύκτῳ,
1501 741 1683 777 κα“ιΔιοτίμῳ.
1699 742 1745 769 Διὸ
1759 743 1814 776 Θη-

1028 788 1121 819 ϐαίους
1131 787 1181 822 μὲν
1192 786 1343 822 Ἀθηναίοις
1354 785 1515 821 συμμάχους
1522 785 1689 820 κατέστησεν
1698 785 1733 819 ⁵⁵,
1744 786 1813 812 ἀλλὰ

1027 835 1075 862 καὶ
1092 834 1269 866 Εὖϐοεῐς,καὶ
1287 832 1488 868 Κερκυραίους,
1506 832 1553 858 καὶ
1579 831 1750 867 Κορινθίους,
1766 832 1812 859 καὶ

180 883 284 910 civitati
302 885 394 912 socios
413 885 477 912 fecit
494 885 651 919 Thebanos,
670 874 850 921 Eubmenses,
867 887 967 923 Corcy-

1020 881 1163 911 Βοιωτίους
1179 880 1213 911 ⁸⁵,
1226 879 1272 906 καὶ
1281 879 1395 909 πολλοὺς
1414 877 1521 909 ἄλλους.
1541 878 1618 904 Ἐπεὶ
1633 878 1662 904 δέ
1680 887 1747 905 ποτε
1760 879 1809 912 δη-

179 937 259 962 neos,
276 929 447 964 Corinthios,
470 930 601 964 Boeotios,
618 932 720 960 multos
736 938 865 967 praeterea
885 933 966 961 alios.
987 954 989 957 .

177 975 246 1002 Cum
259 982 325 1003 vero
342 976 492 1010 aliquando
508 978 698 1005 concionando
712 979 839 1006 indecore
852 980 879 1006 in
890 979 969 1007 thea-

177 1024 220 1047 tro
237 1021 367 1056 explosus
375 1029 457 1055 essut,
473 1022 571 1059 493!)
590 1025 676 1052 tristis
689 1025 800 1052 domum
815 1026 880 1053 abiit
896 1035 902 1053 :
923 1027 968 1054 cui

176 1074 239 1093 cum
255 1066 326 1095 forte
348 1068 492 1097 Eunomus
518 1069 662 1097 Thriasius
682 1070 739 1105 jam
756 1078 839 1098 senex
854 1090 862 1103 ,
879 1071 968 1099 factus

176 1117 248 1139 esset
259 1113 375 1145 obvius,
394 1115 503 1149 Cognita
532 1115 660 1142 matr-oris
689 1124 790 1148 causa,
815 1116 887 1143 bono
909 1125 969 1144 esse

176 1159 270 1186 animo
277 1159 369 1194 jussit,
379 1167 412 1186 ac
428 1161 572 1193 recreavit,
584 1161 774 1196 imprimisque
795 1161 968 1189 Andronicus

178 1205 285 1238 histrio,
304 1213 366 1233 cum
388 1206 425 1234 ita
440 1206 563 1240 diceret,
585 1207 726 1234 orationes
745 1208 819 1235 illius
838 1208 968 1242 pulchras

177 1249 373 1284 ctspleudidas
399 1257 471 1278 esse.
503 1249 591 1285 Cujus
630 1251 670 1277 rei
704 1252 790 1285 gratia
826 1258 967 1286 permotus

177 1293 391 1327 Demosthenes.
406 1296 526 1331 seipsum
548 1296 707 1324 Andronico
727 1297 854 1330 tradidit,
875 1298 967 1333 ibique

177 1341 293 1369 actionis
323 1347 410 1370 artem
446 1342 552 1370 didicit.
573 1342 643 1371 Hinc
667 1344 749 1371 etiam
768 1345 964 1381 interrogatus,

174 1387 240 1422 quid
252 1388 372 1422 primum
386 1389 413 1416 in
426 1388 542 1416 dicendo
555 1395 638 1423 esset,
648 1391 799 1425 respondit:
810 1392 964 1426 Actionem;

175 1433 242 1468 quid
253 1434 404 1462 secundum
416 1439 444 1462 et
457 1435 580 1468 tertium,
604 1435 731 1464 similiter
745 1436 886 1465 Actionem
907 1446 965 1466 res.

175 1480 270 1514 pendit
280 1499 287 1512 ,
305 1480 453 1508 ostendens
468 1489 594 1516 magnam
613 1490 675 1510 esse
685 1488 790 1517 partem
803 1484 965 1518 eloquentia:

176 1527 209 1553 ad
222 1527 322 1562 populo
334 1527 566 1562 persuadendum,
578 1529 725 1556 actionem.
739 1528 963 1564 Jurabatautem,
977 1541 999 1570 α

175 1578 202 1599 nt
217 1573 365 1600 Phalereus
378 1573 434 1607 ait;
449 1582 494 1609 per
510 1579 618 1608 terram,
637 1583 684 1610 per
694 1576 846 1610 fonte:,per
859 1577 964 1611 Ῑιιιυὶοι,

175 1627 221 1653 per
229 1619 333 1652 latices,
342 1627 398 1654 quo
409 1624 489 1655 pacto
495 1628 558 1647 cum
566 1620 698 1655 jurasset,
706 1622 776 1656 apud
785 1623 915 1657 populum
923 1628 967 1651 tu-

175 1665 291 1692 multum
306 1666 449 1693 conseivit.
467 1664 700 1701 Juravit,quoque
707 1674 755 1702 pro
767 1668 967 1703 Asclepionam

176 1710 350 1744 tepenultima
361 1715 441 1738 acuta
448 1711 602 1746 Aselepion.
611 1711 679 1739 Cum
694 1720 759 1740 vero
772 1713 856 1740 otium
869 1719 966 1742 aestu-

175 1753 249 1780 dium
269 1753 405 1781 audiendo
423 1754 584 1782 Eubulidem
606 1755 751 1790 Milesium,
763 1758 810 1792 qui
823 1757 849 1784 in
861 1757 966 1786 Dialec-

176 1797 236 1824 ticis
244 1797 380 1825 secundus
387 1804 447 1825 erat
454 1798 566 1830 nemini,
576 1804 762 1832 consumeret,
769 1802 894 1829 omniain
904 1803 965 1837 qui-

176 1843 227 1869 bus
238 1842 296 1877 ipse
307 1843 424 1870 deiicere
431 1848 458 1870 et
472 1843 627 1871 claudicare
637 1844 786 1878 videretur,
797 1847 962 1876 emendavit.

210 1887 278 1915 Cum
301 1894 394 1916 autent
424 1894 537 1921 essent,
551 1890 599 1924 qui
622 1890 729 1918 habitas
743 1899 759 1918 a
781 1891 966 1921 Demosthene

175 1937 269 1959 contra
279 1931 433 1967 Philippum
445 1933 592 1961 conciones
601 1934 634 1961 ad
643 1942 703 1961 eum
715 1935 804 1969 ipsum
816 1936 963 1969 deferrent,

173 1977 277 2005 dixisse
288 1978 508 2005 adrnirabundun
523 1983 637 2006 narrant
649 1988 656 2007 :
667 1979 796 2015 Equidem
807 1982 831 2008 .ςὶ
844 1987 964 2010 orantem

175 2023 342 2056 audivissent,
360 2032 412 2050 non
427 2024 509 2051 alium
523 2025 568 2059 qui
584 2030 678 2052 contra
687 2033 727 2052 me
738 2025 834 2053 bellum
851 2034 962 2063 gereret,
976 2024 978 2027 ’

174 2069 267 2096 ducem
281 2068 448 2104 delegissent.
462 2069 531 2097 Cum
544 2075 635 2097 autem
652 2071 761 2106 quidam
782 2071 858 2099 illum
876 2073 961 2103 inter—

175 2119 302 2150 rogaret,
331 2115 419 2142 utrius
445 2117 585 2143 orationes
611 2121 705 2144 essent
726 2117 864 2150 fortiores,
888 2124 914 2146 ct
928 2120 962 2147 ad

175 2161 393 2194 persuadendum
407 2162 537 2196 aptiores,
551 2162 752 2197 Demosthenis,
766 2164 808 2190 vel
822 2164 961 2200 Isocratis,

1020 925 1149 961 μηγορῶν
1163 924 1275 957 ἐξέπεσε
1298 922 1346 950 τοῦ
1372 922 1488 957 θεάτρου
1502 922 1549 949 καὶ
1573 922 1687 958 ἀθυμῶν
1713 923 1805 950 οἴκαδε

1018 971 1112 1007 ἀπῄει,
1124 970 1244 1005 Εὔνομος
1273 969 1322 1004 μὲν
1344 968 1418 1003 αὐτῷ
1432 969 1446 994 ὁ
1461 968 1589 1004 Θριάσιος
1610 968 1661 1004 ἤδη
1686 968 1810 1004 πρεσϐύ-

1017 1026 1068 1053 της
1083 1017 1105 1032 ¹¹⁶
1120 1016 1157 1043 ὢν
1168 1015 1239 1043 κατὰ
1258 1014 1307 1050 τὴν
1319 1015 1378 1041 όδὺν
1396 1012 1575 1049 συνεκύρησε,
1587 1015 1635 1040 καὶ
1648 1013 1741 1049 μαθὼν
1759 1014 1810 1049 τῆς

1018 1062 1137 1097 ἀθυμίας
1148 1062 1178 1088 τὸ
1192 1062 1276 1088 αίτιον
1290 1060 1401 1096 θαρρεῖν
1424 1069 1453 1085 τε
1480 1059 1669 1094 προύτρέψατο
1686 1060 1733 1086 καὶ
1760 1059 1809 1086 ἀν-

1019 1108 1164 1142 εκτήσατο’
1176 1107 1223 1133 καὶ
1233 1106 1329 1132 τούτου
1342 1105 1422 1132 πλέον
1441 1104 1610 1140 ’Λνδρόνικος
1620 1105 1633 1131 ό
1647 1105 1807 1139 ὑποκριτὴς,

1018 1153 1081 1184 τοὺς
1099 1152 1148 1187 μὲν
1172 1152 1269 1186 λόγους
1288 1149 1318 1177 εὖ
1340 1150 1412 1185 ἔχειν
1434 1150 1480 1176 καὶ
1499 1150 1536 1182 ὡς
1559 1150 1659 1186 ἄριστα
1676 1150 1807 1185 φάμενος,

1019 1199 1104 1225 ἐνδεῖν
1119 1198 1148 1225 δὲ
1165 1198 1256 1228 αὐτοῖς
1266 1197 1301 1223 τὰ
1320 1197 1370 1231 τῆς
1388 1195 1571 1231 ὑποκρίσεως.
1598 1196 1626 1222 ὐ
1651 1195 1679 1222 δὲ
1693 1196 1808 1230 παραδί-

1017 1244 1083 1270 δωσί
1095 1252 1124 1270 τε
1145 1243 1238 1270 ἑαυτὸν
1256 1243 1278 1259 ⁸⁷
1294 1241 1332 1277 τῷ
1358 1241 1531 1277 Ἀνδρονίκῳ,
1549 1240 1596 1267 καὶ
1612 1241 1660 1276 τὴν
1674 1240 1724 1274 τῆς
1740 1241 1806 1266 ὑποσ

1017 1290 1134 1325 κρίσεως
1154 1289 1252 1324 τέχνην
1278 1287 1384 1315 ἐκεῖθεν
1397 1287 1544 1323 ὲξήσκησε.
1564 1286 1629 1323 [804
1649 1285 1695 1322 Η.]
1708 1287 1808 1322 Διόπερ

1017 1335 1148 1371 ἐρομένου
1174 1334 1238 1360 ποτέ
1251 1342 1323 1365 τινος
1338 1333 1419 1360 αὐτὸν
1434 1333 1461 1359 τί
1483 1332 1592 1367 πρῶτον
1608 1333 1637 1357 ὲν
1656 1332 1807 1367 ρητορικῇ;

1016 1382 1138 1413 ἀνεῖπεν,
1154 1380 1313 1415 ’Υπόκρισις
1324 1387 1332 1395 ο
1351 1379 1399 1406 καὶ
1413 1379 1439 1405 τί
1470 1379 1596 1414 δεύτερον
1609 1387 1616 1411 ;
1635 1378 1808 1413 ’Υπόκρισιςι

1015 1426 1042 1453 τί
1060 1426 1089 1453 δὲ
1110 1425 1218 1461 τρίτον;
1245 1424 1420 1460 Ὑπόκρισις·
1437 1424 1525 1460 δηλῶν
1548 1424 1620 1459 μέγα
1635 1424 1717 1459 μέρος
1737 1422 1807 1449 εἶναι

1015 1473 1065 1505 τῆς
1092 1473 1120 1499 ἐν
1147 1471 1187 1507 τῷ
1213 1471 1293 1507 δήμῳ
1320 1470 1432 1502 πειθοῦς
1454 1470 1505 1506 τὴν
1535 1470 1691 1505 ὑπόκρισιν.
1717 1469 1806 1504 Ὠμνυ

1015 1519 1043 1546 δὲ
1052 1520 1088 1553 ⁸³,
1113 1518 1151 1550 ὡς
1170 1520 1184 1545 ὁ
1209 1517 1352 1554 Φαληρεύς
1366 1526 1444 1553 φησι,
1467 1516 1516 1544 Μὰ
1530 1517 1598 1552 γῆν,
1618 1518 1661 1552 μὰ
1683 1517 1805 1552 κρήνας,

1014 1566 1057 1600 μὰ
1072 1564 1234 1599 ποταμοὺς,
1245 1565 1287 1599 μὰ
1308 1563 1440 1598 νάματα*
1460 1564 1507 1589 καὶ
1522 1563 1555 1598 δὴ
1577 1563 1623 1589 καί
1642 1571 1708 1589 ποτε
1738 1563 1805 1597 όμό-

1017 1620 1067 1642 σας
1083 1611 1146 1642 τοὺς
1166 1611 1264 1645 ὅρκους
1288 1609 1400 1641 τούτους
1421 1609 1460 1644 τῷ
1489 1609 1567 1644 δήμῳ
1590 1608 1703 1644 θόρυϐον
1719 1609 1742 1624 ⁵⁸
1761 1608 1808 1635 έν-

1016 1657 1154 1690 εποίησεν,
1175 1657 1268 1689 ὥσπερ
1285 1657 1332 1683 καὶ
1358 1656 1406 1683 ἐπὶ
1418 1656 1457 1692 τῷ
1477 1656 1594 1692 ὀμνύναι
1620 1656 1666 1682 τὸν
1691 1655 1806 1690 Ἀσκλη-

1015 1704 1088 1736 πιὸν,
1103 1703 1244 1739 χρώμενος
1264 1704 1297 1738 τῇ
1324 1703 1400 1738 φωνῇ
1425 1701 1682 1737 προπαροξυτόνως.
1709 1702 1804 1736 Ὅμως

1015 1748 1062 1776 οὖν
1078 1750 1211 1785 σχολάσας
1227 1749 1266 1784 τῷ
1282 1749 1409 1784 Μιλησίῳ
1422 1748 1572 1784 Εὐϐουλίδῃ
1586 1748 1619 1781 ⁶⁰,
1632 1748 1661 1779 ὃς
1675 1747 1731 1774 τῶν
1746 1747 1806 1774 διας

1015 1796 1151 1823 λεκτικῶν
1166 1795 1272 1826 οὐδενὸς
1285 1795 1319 1822 τὰ
1329 1795 1444 1830 δεύτερα
1472 1795 1569 1830 ἔφερεν
1585 1793 1806 1830 ἐπηνωρθώσατο

1015 1842 1105 1869 πάντα
1120 1841 1170 1868 ὅσα
1186 1841 1316 1877 παρεῖχεν
1332 1841 1421 1868 αἰτίαν
1431 1841 1645 1876 ἁμαρτήματος.

1049 1888 1120 1914 Φασὶ
1138 1887 1167 1914 δὲ
1189 1887 1234 1914 τὸν
1259 1887 1404 1915 Μακεδόνα
1424 1887 1568 1920 Φίλιππον,
1585 1887 1647 1913 ἐπεὶ
1668 1887 1718 1919 τὰς
1744 1886 1805 1914 κατ’

1014 1934 1097 1961 αὐτοῦ
1131 1933 1303 1969 δημηγορίας
1324 1932 1372 1960 τοῦ
1401 1933 1590 1969 Δημοσθένους
1618 1932 1729 1965 ἐδέξατο
1759 1931 1827 1959 καῖ’

1014 1981 1129 2015 ἀνέγνω,
1151 1980 1222 2016 μέγα
1234 1980 1414 2014 θαυμάσαντα
1430 1979 1518 2007 εἰπεῖν
1533 1980 1571 2012 ὡς
1585 1979 1640 2006 Καὶ
1650 1979 1742 2012 αὐτὸς
1753 1978 1803 2009 ἂν.

1013 2027 1097 2061 ειπερ
1120 2027 1241 2061 ἥκουσα
1257 2026 1322 2053 κατ’
1348 2026 1422 2060 ἐμοῦ
1437 2025 1686 2061 δημηγοροῦντος
1706 2026 1803 2060 Δημο-

1014 2073 1152 2105 σθένους,
1167 2071 1383 2106 ἐχειροτόνησα
1405 2072 1443 2098 ἂν
1458 2071 1510 2098 τὸν
1532 2071 1628 2106 ἄνδρα
1644 2071 1719 2105 πρὸς
1743 2070 1799 2098 τὸν

1013 2119 1077 2145 κατ’
1096 2118 1170 2152 ἐμοῦ
1191 2118 1336 2152 πόλεμον,
1358 2117 1503 2153 Ἐρομένου
1517 2116 1546 2143 δὲ
1563 2117 1644 2144 αὐτόν
1660 2125 1734 2148 τινος
1748 2116 1803 2143 τῶν

1013 2164 1138 2200 συνήθων
1156 2163 1229 2195 τίνες
1249 2163 1282 2190 ἂν
1304 2161 1359 2190 εἷεν
1380 2162 1560 2198 πιθανώτεροι
1579 2163 1626 2189 καὶ
1651 2162 1803 2190 δυνατώτε-

176 2206 262 2240 ipsius
280 2207 417 2234 orationes
440 2208 573 2236 militibus
598 2214 708 2243 propter
728 2209 852 2237 bellicam
872 2211 958 2239 virtu-

1019 2219 1054 2237 θοι
1079 2210 1165 2244 λόγοι,
1188 2208 1376 2244 Δημοσθένους
1389 2209 1411 2244 λῆ
1436 2208 1621 2244 Ἰσοκράτους,
1638 2208 1690 2244 ἔφη
1716 2208 1756 2240 ὡς
1778 2210 1803 2235 ot

175 2257 246 2284 tetri.
260 2252 386 2281 Isocratis
405 2261 468 2281 vero
491 2255 601 2282 athletis
625 2255 731 2284 similes
757 2265 819 2284 esse
839 2257 960 2292 dicebat,

174 2306 229 2332 quo
256 2299 297 2326 ha:
320 2300 466 2334 quamdam
491 2301 572 2327 talem
588 2300 797 2329 delectationem
815 2303 960 2338 all'errent,

173 2342 283 2377 qualem
300 2343 327 2369 in
347 2343 460 2370 theatris
471 2344 612 2378 percipere
623 2345 747 2374 homines
762 2347 861 2374 solent.

209 2432 277 2459 Cum
301 2436 362 2466 p031
385 2432 640 2460 condemnationem
655 2434 792 2468 (actionis
811 2436 843 2462 de
859 2436 962 2465 Corona

174 2484 270 2505 contra
303 2478 525 2514 Ctesiphontem)
552 2478 699 2507 Eschines
728 2479 857 2515 fugeret,
885 2482 961 2510 illuni

173 2531 245 2559 equo
269 2524 465 2552 Demosthenes
489 2529 531 2552 est
554 2530 725 2559 prosecutus,
745 2532 772 2554 et
794 2527 855 2555 aliis
880 2529 962 2556 rebus

174 2570 346 2602 corrsolatus,
366 2571 471 2605 argenti
495 2571 638 2604 talentum,
662 2572 713 2598 alia
737 2573 828 2600 omnia
849 2581 962 2609 exspec-

175 2616 243 2644 tanti
258 2616 400 2652 inopinato
410 2617 533 2644 donavit.
551 2616 658 2644 Etenim
672 2618 861 2654 insequentem
880 2621 960 2648 intui-

1018 2256 1067 2291 μὲν
1096 2254 1287 2291 Δημοσθένους
1311 2256 1367 2286 τοῖς
1390 2254 1572 2290 στρατιώταις
1593 2255 1709 2288 ἐοίκασι,
1722 2254 1804 2281 πολε-

1018 2301 1084 2336 μικὴ
1100 2301 1121 2317 ⁶¹
1144 2301 1198 2337 γὰρ
1210 2301 1299 2327 αὐτῶν
1320 2301 1366 2327 καὶ
1391 2301 1494 2336 σφοδρὰ
1515 2301 1537 2316 ⁸¹
1553 2302 1570 2334 ἡ
1586 2300 1714 2335 δύναμις.
1730 2302 1755 2327 οῖ
1775 2302 1804 2327 δὲ

1021 2347 1191 2382 Ἰσοκράτους
1206 2348 1262 2379 τοῖς
1291 2347 1420 2383 ἀθληταῖς
1439 2355 1445 2362 ·
1469 2346 1617 2382 θεατρικὴν
1631 2347 1686 2382 γὰρ
1701 2347 1802 2378 αὐτοὺς

1015 2394 1146 2429 παρέχειν
1161 2394 1266 2429 τέρψιν.

1053 2439 1130 2465 Ἐπεὶ
1146 2439 1174 2465 δὲ
1189 2440 1206 2474 ἡ
1220 2439 1352 2475 καταδίκη
1363 2439 1452 2475 φυγὴν
1468 2440 1518 2474 τῆς
1534 2440 1666 2476 πατρίδος
1683 2439 1802 2467 ἐπέϐαλε

1010 2484 1049 2520 τῷ
1068 2475 1194 2521 Αἰσχίνης
1207 2484 1325 2520 ἔφιππος
1343 2485 1511 2519 καταδιώξας
1537 2475 1621 2513 αὐτον
1637 2486 1670 2513 τά
1693 2495 1722 2513 τε
1734 2485 1802 2512 ἄλλα

1011 2531 1236 2566 παρεμυθήσατο,
1247 2532 1294 2557 καὶ
1302 2531 1432 2558 τάλαντον
1441 2532 1576 2567 ἀργυρίου
1591 2532 1693 2559 δέδωκε
1705 2532 1801 2558 τάναν-

1009 2576 1055 2603 τία
1078 2577 1262 2612 προσδοκῶντι
1278 2577 1403 2614 Αἰσχίνῃ.
1417 2578 1472 2604 Καὶ
1486 2579 1541 2615 γὰρ
1561 2579 1728 2612 θεασάμενος
1750 2576 1800 2603 αὑ-

1010 2623 1056 2649 τὸν
1081 2622 1096 2648 ὁ
1116 2623 1244 2659 Αἰσχίνης
1268 2623 1463 2657 ἐπελαύνοντα,
1479 2626 1526 2652 καὶ
1550 2624 1690 2651 συλλαϐεῖν
1718 2622 1802 2648 αὑτὸν
1823 2658 1825 2660 _

828 2690 945 2718 νΑΒΙίΕ
965 2691 1168 2722 LECTIONES.

175 2780 254 2814 μενον
269 2780 302 2806 A.
340 2781 364 2796 "
375 2781 579 2815 ἀποκατέστησε
595 2780 625 2806 Β.
663 2780 685 2795 ³¹
700 2780 722 2806 δ’
738 2782 834 2807 ἑαυτόν
852 2781 881 2810 Β,

175 2816 290 2850 έστησαν
307 2817 340 2842 Δ.
377 2815 401 2831 ³⁵
424 2815 583 2844 Βοιωτείους
604 2824 635 2846 ς.

176 2850 198 2866 ⁶⁹
211 2849 347 2877 εὖϐουλίδε
361 2859 391 2882 ς.
429 2851 450 2866 θ¹
464 2849 589 2885 πομπικὴ
600 2852 631 2877 Λ.
671 2851 692 2866 θ’
707 2849 807 2886 σφόδρα
828 2860 858 2883 ς.

681 2817 704 2853 ’ξθ
724 2816 908 2853 πρεσϐύτερος
926 2819 956 2845 Λ.
992 2816 1018 2835 ⁷⁵⁷
1040 2820 1120 2848 αὑτὸν
1135 2816 1165 2853 ςξ

209 2745 232 2761 δ’
248 2747 263 2781 ρ
285 2745 378 2780 μάτων
387 2754 418 2776 ς.
451 2744 474 2760 ’⁸⁸
487 2745 536 2771 καὶ
551 2745 615 2772 add.
629 2745 660 2772 C.
698 2745 719 2761 "
735 2745 994 2783 διαθερμαινόμενον
1010 2758 1039 2781 ς.
1079 2749 1101 2765 ⁸⁸
1117 2750 1274 2785 ἀνατρέχων
1288 2749 1328 2786 δὲ]
1344 2750 1492 2786 ἀνατρέχον
1508 2751 1540 2777 Δ.
1579 2750 1602 2765 ⁸⁸
1615 2747 1799 2783 ἀναρῤυὸδού-

210 2789 254 2806 νον
340 2781 364 2796 ⁵⁵
375 2781 579 2806 ἀποκατέστησε
595 2780 625 2806 Β.
663 2780 685 2795 ³¹
700 2780 722 2806 δ’
738 2782 834 2806 ἑαυτόν
852 2781 881 2806 Β.
933 2783 957 2798 ⁸⁸
971 2783 1113 2806 ἀιιείνηυηρ
1129 2794 1172 2806 ιιι-ι
1188 2795 1194 2800 -
1213 2785 1272 2806 litn-i
1286 2786 1390 2806 auctu...
1439 2787 1462 2801 ει
1478 2785 1600 2806 (nnatast
1626 2785 1655 2806 Β.
1694 2783 1716 2799 ⁵⁸
1731 2792 1797 2806 κατ-

295 2799 302 2806 .
313 2817 321 2821 _
340 2783 364 2796 "
375 2783 579 2821 ἀπο-κατέστησε
595 2783 625 2806 Β.
663 2783 722 2821 “"6‘
738 2783 834 2821 ἑαυτόν
852 2783 881 2810 Β.
933 2783 957 2821 ξ’
971 2783 1113 2821 ἀμείνονος
1129 2794 1172 2821 mg
1188 2783 1194 2812 ξ
1212 2783 1272 2821 libri
1286 2783 1400 2821 ἀμείνω.
1414 2783 1420 2786 ”
1439 2783 1462 2801 ﬁ
1478 2785 1601 2821 ὑπερίδει
1674 2819 1681 2821 _
1693 2783 1716 2821 f“
1731 2792 1797 2821 κατ-

1216 2820 1238 2837 ¹¹⁸
1257 2819 1348 2857 ὤμνυε
1363 2830 1392 2853 ς.
1446 2821 1469 2837 ⁸³
1484 2820 1599 2855 θόρυϐον
1611 2819 1655 2860 τῷ
1671 2819 1751 2854 δήμῳ
1767 2819 1796 2845 Β.
