1959 3081
181 140 233 172 185

709 140 970 170 BIBLIOTHECA.
988 152 1024 159 —
1041 141 1124 171 COD.
1155 141 1284 173 CCLXV.

1747 138 1800 173 1.86

179 195 225 220 ιπὶ
237 192 317 227 κακῷ
330 192 453 228 νομίσας,
469 192 624 228 προσέπεσέ
640 201 670 219 τε
687 194 734 220 καὶ
753 193 960 228 συγκαλυψάμε-

1019 198 1058 221 Lus
1073 193 1234 227 IEschines,
1249 199 1382 230 ratusque
1395 194 1435 229 ad:
1449 194 1578 230 injuriam
1602 194 1800 222 calamitatem-
1830 189 1835 198 “

179 247 224 270 νος
244 239 330 268 ἐδεῖτο
357 238 515 274 σωτηρίας·
542 240 557 265 ὁ
581 239 619 270 δὲ,
636 239 762 274 καθάπερ
790 239 907 274 ἔφημεν,
932 238 963 265 οὐ

181 286 276 321 ῥήτορι
293 284 404 320 μᾶλλον,
424 285 482 312 ἀλλ’
499 285 577 320 ἀνδρὶ
604 285 708 320 πρέπον
727 284 865 320 φιλοσόφῳ
885 284 965 319 ἔργον

182 332 221 362 εἰς
239 331 322 357 αὐτὸν
338 329 505 362 ἐπεδείξατο.
517 330 612 366 Φέρειν
622 330 650 356 δὲ
671 330 803 364 γενναίως
826 329 964 365 Δημοσθέ-

181 385 242 407 νους
258 375 281 392 ⁸³
295 375 492 411 ὑποτιθεμένου
507 375 581 410 αὑτῷ
592 375 643 410 τὴν
657 374 756 410 φυγὴν,
772 375 828 402 Καί
845 374 908 408 πῶς
927 374 965 402 ἂν

181 423 342 457 δυναίμην,
363 421 444 458 [M76
455 420 503 458 IL]
519 421 647 457 Αἰσχίνης
661 421 724 455 ἔφη,
740 421 879 454 τοιαύτης
890 421 965 448 ἀπο-

181 468 380 503 στερούμενος
409 468 537 500 πόλεως,
551 467 586 494 ἐν
599 463 620 503 ᾖ
645 467 694 493 καὶ
711 467 781 499 τοὺς
799 467 966 500 δοκοῦντας

181 513 306 547 ἐχθροὺς
325 511 402 540 εἶναι
426 512 487 539 τῶν
502 512 651 546 ἀλλαχόθι
671 508 769 546 φίλων
783 514 965 546 χρηστότητι

182 560 229 586 καὶ
241 559 444 593 καλοκαγαθίᾳ
451 557 549 592 εὑρεῖν
563 556 629 585 ἔστι
646 557 862 593 διαφέροντας;

215 603 335 638 Σιτώνης
363 603 454 638 μέντοι
470 611 502 637 γε
525 601 661 634 καταστὰς
684 603 699 629 ὁ
718 602 894 637 Δημοσθένης
919 601 966 629 καὶ

183 649 289 683 κλοπῆς
322 648 455 680 αἰτιαθεὶς
486 647 620 683 ἀπελύθη.
644 647 776 674 Φιλίππου
805 648 896 683 μέντοι
916 648 966 683 τὴν

188 694 327 720 Ἐλάτειαν
338 693 606 728 καταλαμϐάνοντος,
622 693 679 725 τοῖς
697 694 726 720 ὲν
739 693 894 729 Χαιρωνείᾳ
920 694 967 720 καὶ

183 739 263 770 αὐτὸς
281 739 530 774 συνεστρατεύσατο
546 738 748 774 μαχεσαμένοις
760 748 767 755 ·
783 740 813 766 ὲν
834 737 851 777 ᾖ
869 740 914 766 καὶ
927 739 967 766 λι-

182 785 241 810 πὼν
256 785 343 819 ἐφάνη
364 784 413 819 τὴν
430 784 517 816 τάξιν.
540 783 617 810 Ἐπεὶ
630 784 659 811 δὲ
677 784 824 819 φεύγοντος
841 786 923 812 αὐτοῦ
936 786 967 812 τὸ

182 830 264 864 φυτὸν
289 830 304 856 ὁ
326 830 405 865 βάτος
427 829 575 856 ἐπελάϐετο
602 829 651 865 τῆς
674 829 821 865 χλαμύδος,
833 831 965 865 ἐπιστρα-

181 876 266 910 φέντα
280 875 440 911 λοιδορεῖται
455 876 542 902 εἰπεῖν
552 875 672 910 Ζώτρει.
697 875 730 902 Ἦ
743 875 771 902 δὲ
781 876 864 907 ἀσπὶς
884 875 966 902 αὑτοῦ
982 866 1003 893 Β

181 921 314 957 ἐπίσημον
337 921 436 956 ἔφερεν
457 921 516 955 Τὴν
539 921 648 955 Τύχην.
665 921 735 953 Τοὺς
745 921 923 953 πεπτωκότας
939 921 967 948 δὲ

181 969 211 995 ἐν
227 969 261 1004 τῇ
279 968 353 1004 μάχῃ
365 968 519 1003 ἐκόσμησεν
528 967 675 1003 ἐπιταφίῳ,
688 968 740 1002 τῆς
761 968 810 1003 μὲν
824 967 967 1003 συμϐάσης

180 1012 265 1047 τύχης
292 1012 359 1044 τσως
382 1012 460 1038 οὐδὲν
477 1011 661 1046 ἐνδεέστερον,
673 1012 722 1046 τῆς
739 1012 762 1038 δ’
779 1012 863 1047 ἄλλης
885 1012 967 1039 αὑτοῦ

181 1057 247 1092 περὶ
259 1057 355 1091 λόγους
366 1056 508 1092 δυνάμεως
530 1056 581 1083 οὐκ
600 1057 684 1091 ὀλίγῳ
703 1057 884 1092 ἐνδεέστερον.
902 1055 967 1085 Eiet:

179 1104 213 1130 τὰ
223 1103 273 1137 τῆς
293 1102 399 1134 πόλεως
428 1102 601 1129 ἐπεσκεύασε
622 1102 699 1138 τείχη
713 1111 721 1118 ·
747 1103 915 1139 ἐπιμελητὴς
939 1103 967 1130 δὲ

178 1148 281 1175 τούτων
299 1147 436 1180 καταστὰς
452 1148 507 1174 ἀπὸ
521 1148 571 1182 τῆς
582 1148 649 1180 ιδίας
665 1148 758 1179 οὐσίας
767 1148 934 1175 κατεϐάλετο
945 1149 968 1165 ⁸⁸

181 1195 210 1222 τὺ
223 1194 356 1229 ἀνάλωμα
371 1194 505 1230 ἀργυρίου
520 1195 589 1229 μνᾶς
602 1194 710 1222 ἑκατόν.
723 1195 779 1221 Καὶ
802 1195 915 1230 θεωροῖς
939 1195 967 1221 δὲ

183 1241 284 1276 μυρίας
304 1240 453 1268 ἐπέδωκεν.
471 1241 552 1268 Ἀλλά
577 1241 624 1267 καὶ
637 1241 765 1276 τριήρους
780 1241 888 1272 ἐπιϐὰς,
904 1242 968 1273 τοὺς

181 1287 346 1322 συμμάχους
372 1287 566 1322 ἀργυρολογῶν
590 1287 798 1321 περιέπλευσεν.
829 1286 894 1323 [805
918 1286 967 1323 Η.]

187 1332 244 1366 Ἐφ’
266 1329 307 1363 οἷς
322 1331 370 1358 καὶ
388 1331 480 1367 χρυσῷ
496 1332 628 1363 πολλάκις
641 1328 817 1367 ἐστεφανώθη
832 1332 966 1367 στεφάνῳ,

179 1379 214 1405 τὰ
226 1378 324 1413 πρῶτα
336 1377 387 1413 μὲν
400 1377 454 1404 ὑπὸ
469 1376 642 1412 Δημοτελοῦς
658 1377 706 1404 καὶ
725 1377 909 1412 ’Δριστονίκου
921 1378 969 1404 καὶ

185 1423 351 1459 Ὑπερείδου,
370 1423 526 1450 τελευταῖον
549 1423 578 1449 δὲ
603 1423 656 1450 ὑπὸ
673 1423 880 1458 Κτησιφῶντος.
894 1424 966 1458 Γρα-

179 1470 274 1504 φέντος
310 1469 339 1496 δὲ
362 1468 412 1496 τοῦ
440 1469 555 1504 ὑστέρου
583 1468 759 1504 ψηφίσματος
797 1468 967 1503 παρανόμων

180 1515 232 1541 ὑπὸ
254 1514 375 1541 Διοδότου
403 1514 453 1541 καὶ
476 1514 623 1550 Αἰσχίνου,
646 1515 687 1546 εἰς
710 1514 859 1548 ἀπολογίαν
879 1523 965 1540 κατα-

180 1561 245 1592 στὰς
257 1561 280 1576 ⁶¹
297 1560 417 1595 ἐνίκησε.
433 1560 531 1596 Χρόνῳ
553 1560 582 1587 δὲ
603 1560 718 1596 ὕστερον
733 1560 781 1587 ἐπὶ
805 1559 855 1596 τὴν
875 1560 968 1587 Ἀσίαν

185 1606 360 1641 Ἀλεξάνδρου
378 1605 574 1641 διαϐεϐηκότος
589 1626 597 1639 ,
622 1607 670 1632 καὶ
697 1606 830 1641 φυγόντος
844 1626 851 1639 ,
888 1605 969 1640 Ἀθή-

180 1652 244 1684 ναζε
274 1652 344 1687 μετὰ
367 1653 519 1687 χρημάτων
544 1651 681 1686 Ἀρπάλου
695 1672 702 1684 ,
729 1653 763 1679 τά
790 1652 841 1687 μὲν
864 1652 962 1688 πρῶτα

179 1697 344 1733 δημηγορῶν
370 1698 394 1714 ⁸⁸
420 1697 472 1725 οὐκ
486 1697 545 1724 -εῐα
572 1696 619 1724 τον
644 1698 728 1734 ἄνδρα
752 1698 967 1734 παραδέχεσθαι,

179 1744 242 1770 ἐπεὶ
264 1743 491 1776 δὲ¹είσέπλευσε,
514 1744 665 1780 Δαρεικοὺς
687 1744 791 1779 χιλίους
816 1744 865 1781 (ὥς
890 1745 968 1781 φασι)

181 1788 269 1815 λαϐὼν
294 1789 363 1823 πρὸς
387 1790 451 1821 τοὺς
478 1789 549 1824 ὑπὲρ
574 1789 657 1817 αὐτοῦ
695 1790 824 1823 λέγοντας
856 1792 970 1825 μετετά-

182 1836 254 1868 ξατο,
269 1837 316 1863 καὶ
333 1835 502 1871 βουλομένων
537 1835 687 1872 Ἀθηναίων
719 1836 890 1872 Ἀντιπάτρῳ
903 1845 969 1872 προ-

181 1882 272 1909 δοῦναι
281 1882 304 1898 ⁸⁷
319 1882 364 1910 τὸν
389 1881 533 1917 ἄνθρωπον
556 1882 684 1909 ἀντεῖπεν
701 1883 734 1915 ⁸³,
751 1883 786 1911 τά
809 1891 839 1909 τε
866 1883 969 1918 Ἀρπά-

182 1928 241 1954 ista
252 1929 274 1944 ”
294 1928 425 1964 χρήματα
435 1928 476 1959 είς
494 1927 642 1962 ἀκρόπολιν
667 1927 786 1963 ἔγραψεν
806 1928 968 1961 ἀποθέσθαι,

184 1975 251 2008 μηδὲ
265 1974 305 2009 τῷ
322 1974 401 2009 δήμῳ
424 1974 470 2000 τὸν
492 1973 610 2009 ἀριθμὸν
635 1974 727 2001 αὐτῶν
755 1975 970 2010 ἀποσημηνάμε-

182 2028 227 2051 νος
241 2020 276 2046 ⁷⁸⁵.
301 2020 435 2054 Λέγοντος
456 2019 485 2046 δὲ
515 2019 651 2054 Ἁρπάλου
673 2020 700 2054 ψ’
730 2022 968 2056 συγκατακομίσαι

182 2065 358 2098 τάλαντα,τὰ
373 2065 551 2100 ἀνενεχθέντα
568 2066 609 2096 είς
623 2065 673 2101 τὴν
680 2066 830 2101 ἀκρόπολιν
845 2069 869 2102 η’
883 2067 930 2093 καὶ
945 2070 967 2093 τ’

183 2111 298 2147 nam,»
331 2111 442 2139 πλείονα
469 2111 585 2146 εὑρέθη.
603 2112 738 2146 Φυγόντος
761 2112 840 2139 δὲέκ
856 2112 903 2139 τοῦ
925 2113 969 2140 δε-

183 2157 340 2192 σμωτηρίου
362 2157 510 2193 Ἁρπάλου,
524 2159 548 2184 οἰ
578 2157 627 2194 μὲν
646 2159 686 2190 εἰς
701 2159 814 2194 Κρήτην
836 2160 929 2193 φασὶν.
943 2160 969 2186 ot

1014 247 1068 274 que
1097 239 1175 274 rapi,
1206 241 1320 275 genibus
1350 240 1469 274 accidit,
1499 246 1525 267 et
1555 240 1644 275 capite
1672 239 1802 267 obvoluto

1015 286 1130 323 salutem
1148 286 1357 321 deprecabatur.
1381 287 1432 315 llic
1445 295 1522 320 vero,
1541 292 1571 315 ut.
1592 287 1648 322 jam
1669 286 1801 318 diximus,

1014 331 1129 359 cilicium
1146 340 1201 359 non
1213 337 1269 360 tam
1284 338 1402 366 oratore,
1416 341 1499 368 quam
1517 332 1678 367 philosopho
1689 332 1802 366 dignum

1014 378 1148 411 praestitit.
1164 377 1296 406 Hortante
1309 384 1401 406 autem
1418 379 1609 411 Demosthene,
1629 383 1660 405 ut
1674 377 1802 405 exsilium

1014 430 1092 457 αξηυο
1099 423 1190 450 animo
1200 423 1292 455 ferret,
1306 424 1422 459 subjecit
1434 424 1481 452 ille
1492 433 1499 451 :
1511 423 1562 457 Qui
1575 431 1688 458 possem,
1701 423 1801 457 inquit.

1015 476 1073 495 cum
1090 476 1148 495 eam
1169 469 1287 504 relinquo
1306 469 1412 503 urbem,
1430 470 1458 497 in
1469 478 1521 505 qua
1537 476 1581 497 eos
1600 470 1686 497 inueni
1704 468 1803 504 496,0

1007 513 1111 554 νίψεως,
1124 515 1169 549 qui
1191 515 1349 550 benignitate
1368 517 1466 543 antica:
1484 515 1549 543 alibi
1564 516 1639 551 longe
1658 520 1778 550 superent
1791 514 1804 540 ?

1051 558 1101 586 Hic
1115 560 1197 587 etiam
1213 560 1410 589 Demosthenes
1430 569 1545 589 annonae
1565 561 1709 596 praefectus
1722 561 1802 588 furti-

1016 613 1069 640 que
1086 611 1241 639 accusatus,
1264 607 1405 634 absolutus
1426 612 1477 635 est.
1501 607 1569 635 Cum
1588 615 1653 634 vero
1682 607 1803 634 Elateam

1016 650 1157 686 Philippus
1168 657 1326 687 occuparet.
1351 653 1479 688 ipsecum
1494 653 1537 685 iis,
1554 653 1600 688 qui
1618 656 1804 687 pugnaverant

1017 697 1043 723 in
1060 696 1219 728 Chaeronea,
1230 697 1367 731 militavit,
1384 697 1411 724 in
1426 705 1480 733 quo
1500 698 1592 733 praelia
1606 697 1728 724 ordinem
1741 696 1804 731 fuga

1016 741 1169 769 deseruisse
1190 742 1268 771 visus
1299 747 1352 770 est.
1373 743 1441 770 Cum
1471 749 1560 770 autem
1577 743 1706 778 fugientis
1729 742 1805 770 chla-

1016 787 1121 822 mydem
1146 788 1231 815 rubus
1246 789 1417 821 retinuisset,
1434 793 1490 816 tum
1518 788 1714 816 Demosthenes
1737 795 1803 815 CON-

1017 841 1112 861 versus
1126 833 1337 868 imprecabatur,
1350 835 1460 869 ζώγρει,
1473 842 1549 862 serva
1565 844 1571 861 :
1584 835 1686 866 rivum,
1702 834 1801 869 inquit,

1017 886 1096 913 cape.
1112 878 1243 906 Notatum
1261 879 1313 906 hoc
1327 879 1354 905 in
1369 880 1465 915 clypeo
1482 879 1586 912 habuit,
1601 883 1627 907 et
1643 879 1778 914 signatura
1794 887 1802 905 :

1017 923 1093 951 Bona
1107 924 1231 959 fortuna,
1244 924 1452 959 orationemque
1477 923 1572 951 habuit
1590 925 1618 951 in
1639 923 1735 951 funere
1757 931 1803 950 c0-

1018 975 1078 995 rum
1089 988 1096 999 ,
1110 969 1155 1002 qui
1173 967 1199 994 in
1223 967 1294 995 bello
1305 968 1480 1001 cecidissent,
1493 976 1552 1002 qum
1564 968 1586 994 si
1604 967 1719 995 fortunae
1737 972 1802 994 tunc

1018 1018 1116 1041 statum
1128 1034 1135 1046 ,
1152 1013 1395 1048 conditionemque
1411 1017 1527 1048 spectes,
1540 1013 1609 1040 forte
1621 1021 1673 1040 non
1692 1013 1803 1047 indigna

1019 1058 1198 1087 Demosthene
1211 1058 1347 1091 videatur,
1371 1063 1398 1085 at
1412 1058 1435 1085 si
1449 1066 1511 1085 cum
1524 1058 1639 1085 aliarum
1657 1058 1803 1085 virtutibus

1017 1104 1171 1132 orationum
1193 1110 1356 1137 componas,
1375 1110 1429 1130 non
1447 1111 1543 1138 parum
1559 1103 1689 1130 deterior.
1705 1103 1802 1130 Postea

1018 1156 1082 1176 vero
1107 1155 1169 1176 cum
1200 1148 1233 1175 ad
1261 1149 1337 1177 urbis
1361 1148 1538 1176 refectionem
1563 1149 1653 1175 studio
1683 1157 1804 1182 curaque

1019 1195 1140 1222 intentus
1166 1198 1258 1228 esset,
1281 1201 1425 1221 murorum
1460 1199 1573 1221 curator
1598 1193 1685 1221 tactus
1702 1195 1734 1221 de
1754 1202 1804 1221 sua

1019 1241 1132 1276 pecunia
1152 1241 1186 1268 ad
1213 1248 1273 1268 eam
1295 1247 1352 1268 rem
1368 1240 1502 1275 impendit
1516 1241 1604 1267 minas
1623 1245 1731 1267 centum
1750 1239 1805 1265 :ad

1018 1286 1176 1321 spectacula
1194 1290 1285 1314 autem
1302 1286 1396 1314 decem
1417 1286 1554 1313 minarum
1579 1286 1663 1312 millia
1677 1285 1803 1313 contulit.

1020 1333 1198 1366 triremesque
1228 1332 1415 1364 conscendit,
1445 1336 1473 1358 ct
1506 1331 1688 1366 undique‘ad
1716 1330 1805 1357 socios

1019 1378 1151 1412 navigans
1169 1377 1300 1411 pecunias
1314 1377 1414 1412 coegit,
1428 1384 1497 1412 quas
1511 1377 1545 1404 ob
1560 1385 1604 1404 res
1619 1384 1738 1411 persaepe
1748 1377 1806 1410 ipse

1020 1431 1103 1451 aurea
1116 1431 1217 1451 corona
1231 1427 1272 1450 est
1282 1423 1412 1454 donatus,
1427 1423 1545 1457 primum
1558 1423 1666 1458 quidem
1681 1430 1696 1449 a
1712 1421 1808 1449 Demo‘

1021 1468 1081 1501 tele,
1102 1468 1258 1495 Aristonico
1270 1487 1278 1500 ,
1299 1472 1326 1494 et
1353 1467 1507 1503 Hyperide:
1525 1472 1689 1502 postremum
1703 1475 1769 1494 vero
1789 1475 1806 1494 a

1019 1513 1204 1548 Ctesiphonte.
1215 1512 1339 1548 Cumque
1350 1513 1489 1540 decretum
1502 1513 1555 1540 hoc
1570 1518 1699 1548 tanquam
1710 1518 1806 1540 contra

1018 1559 1090 1595 leges
1101 1559 1213 1593 factum,
1227 1559 1359 1586 Diodotus
1368 1563 1450 1594 atque
1462 1558 1608 1586 [Eschines
1618 1563 1805 1590 accusasscnt,

1019 1604 1078 1640 ipse
1100 1611 1151 1639 pro
1171 1612 1201 1631 se
1214 1603 1373 1631 defensione
1388 1611 1454 1631 usus
1466 1603 1541 1631 vicit.
1553 1602 1650 1630 Postea
1663 1609 1729 1629 vero
1745 1610 1806 1630 cum

1018 1651 1172 1679 Alexander
1196 1651 1224 1679 in
1247 1651 1343 1678 Asiam
1365 1650 1518 1678 exercitum
1538 1650 1681 1682 ductarct,
1699 1649 1806 1684 Harpa-

1019 1697 1115 1734 lusque
1130 1698 1250 1725 Athenas
1266 1705 1329 1725 cum
1345 1696 1522 1724 facultatibus
1539 1696 1715 1731 pecuniisque
1730 1694 1807 1730 fuge—

1018 1749 1077 1776 ret,
1103 1745 1176 1772 hunc
1192 1744 1303 1780 quidem
1327 1743 1417 1779 primo
1436 1743 1521 1777 recipi
1537 1746 1631 1769 orator
1648 1741 1806 1777 prohibuit:

1019 1791 1118 1819 deinde
1141 1795 1285 1825 postquam
1307 1789 1418 1823 navigio
1444 1792 1486 1816 est
1505 1788 1658 1823 ingressus,
1687 1786 1806 1821 acceptis

1020 1837 1094 1864 mille
1108 1836 1213 1864 Daricis
1229 1836 1376 1871 acquievit.
1390 1835 1515 1870 Cumque
1529 1834 1710 1862 Athenienses
1720 1833 1808 1859 homi-

1020 1891 1082 1911 nem
1096 1883 1238 1918 Antipatro
1251 1883 1351 1910 dedere
1365 1881 1477 1913 vellent,
1496 1879 1668 1914 repugnavit,
1685 1877 1810 1913 scripsit-

1019 1938 1074 1965 que
1087 1933 1170 1962 utea,
1183 1937 1264 1964 quam
1280 1936 1374 1957 secum
1391 1928 1521 1954 attulerat
1536 1925 1681 1961 Harpalus,
1693 1925 1808 1959 pecunia

1020 1975 1047 2003 in
1064 1983 1171 2003 summa
1196 1982 1260 2002 arce
1284 1975 1478 2009 deponeretur,
1496 1977 1579 2007 utque
1600 1971 1733 2006 Harpalus
1750 1970 1809 2004 ejus

1020 2024 1107 2058 ipsius
1143 2022 1265 2058 pecuniae
1290 2028 1435 2048 numerum
1467 2027 1499 2047 ac
1524 2025 1660 2046 summam
1694 2018 1808 2048 diceret,

1021 2076 1111 2103 neque
1136 2068 1237 2103 populo
1267 2066 1390 2101 pecuniae
1416 2072 1551 2092 summam
1578 2063 1718 2090 indicavit.
1739 2063 1808 2089 Cum

1020 2120 1110 2142 autem
1135 2115 1248 2141 dixisset
1274 2112 1409 2147 Harpalus
1440 2110 1608 2145 septingenta
1632 2110 1731 2135 talenta
1746 2116 1762 2135 a
1780 2115 1809 2135 sc

1021 2162 1113 2195 allata,
1129 2167 1156 2188 et
1182 2161 1208 2188 in
1231 2167 1293 2187 arce
1315 2159 1531 2190 collocata,octo
1541 2161 1644 2184 tantum
1667 2159 1694 2182 et
1705 2160 1811 2182 trecen-

182 2202 210 2229 δὲ
224 2203 264 2234 εἰς
289 2203 423 2239 Ταίναρον
435 2205 485 2238 τῆς
498 2205 670 2239 Λακωνικῆς,
684 2204 848 2239 δωροδοκίας
879 2205 967 2232 αἰτίαν

1023 2213 1067 2241 ta,
1098 2213 1146 2235 aut
1165 2207 1247 2242 paulo
1269 2206 1386 2240 amplius
1405 2208 1512 2239 reperta
1534 2207 1610 2230 sunt.
1627 2202 1724 2230 Postea
1746 2209 1808 2228 cum

185 2248 346 2282 παρέσχενὸ
363 2250 548 2284 Δημοσθένης.
570 2249 647 2276 Ἐπεὶ
664 2249 750 2285 ταύτῃ
775 2250 804 2276 δὲ
829 2252 968 2282 καταστὰς

183 2293 222 2323 εἰς
233 2293 324 2327 κρίσιν
335 2294 389 2320 ὑπὸ
410 2294 580 2328 Ὑπερείδου,
596 2294 699 2321 Πυθέου
715 2295 749 2327 ⁷³,
762 2296 968 2331 Μενεσαίχμου,

190 2337 327 2373 Ἱμεραίου
353 2339 402 2365 καὶ
424 2339 589 2374 Προκλέους,
607 2340 632 2366 οἳ
655 2340 702 2366 καὶ
719 2339 768 2376 τὴν
796 2340 826 2372 ἐξ
863 2341 969 2376 Ἀρείου

185 2384 274 2418 πάγου
306 2384 404 2420 βουλὴν
428 2386 633 2413 κατεσκεύασαν
659 2385 743 2412 αὑτοῦ
771 2387 968 2421 καταγνῶναι,

183 2430 264 2462 ἑάλω,
280 2431 327 2457 καὶ
338 2431 419 2462 ἁλοὺς
436 2430 530 2465 ἔφυγε,
548 2433 585 2466 μὴ
601 2432 748 2467 δυνάμενος
761 2433 889 2459 ἀποτῖσαι
908 2441 970 2460 πεν-

181 2475 321 2502 ταπλάσια
334 2483 341 2490 ·
355 2475 469 2511 ᾐτιῶντο
481 2477 508 2503 δὲ
522 2477 603 2503 αὑτὸν
623 2476 786 2512 δωροδοκίας
799 2478 919 2504 τάλαντα
933 2479 964 2504 λ’.

184 2522 264 2550 Ἔστι
286 2523 315 2549 δὲ
335 2523 383 2550 καὶ
403 2523 480 2555 ἄλλος
501 2523 580 2558 λόγος
595 2523 626 2555 ὃς
650 2524 711 2551 οὐδὲ
730 2524 780 2559 τὴν
803 2525 895 2559 κρίσιν
922 2525 972 2550 αὺ-

180 2569 228 2595 τὸν
249 2569 275 2584 ⁷³
300 2569 445 2604 ὑπομεῖναι
463 2569 547 2603 λέγει,
563 2570 629 2597 ἀλλά
653 2571 750 2604 φυγεῖν
775 2570 830 2597 τῶν
864 2571 975 2606 μελλόν-

179 2623 237 2641 των
267 2614 371 2651 κρίνειν
392 2615 472 2642 αὐτὸν
497 2616 792 2651 παρασκευαζομένων.
820 2617 916 2652 Χρόνῳ
943 2618 972 2644 δὲ

183 2660 298 2696 ὕστερον
310 2660 396 2697 ὀλίγῳ
416 2662 584 2689 Πολύευκτον
607 2662 735 2698 ἔπεμψαν
756 2663 892 2699 Ἀθηναῖοι
903 2663 972 2699 προς

1024 2254 1157 2289 Harpalus
1176 2262 1191 2280 e
1217 2260 1327 2280 carcere
1344 2251 1512 2286 aufugisset.
1529 2255 1611 2284 atque
1638 2249 1664 2276 in
1689 2249 1809 2281 Cretam,

1023 2300 1084 2332 vel,
1108 2305 1136 2326 ut
1157 2299 1200 2326 alii
1227 2300 1342 2331 volunt,
1365 2299 1393 2325 iu
1422 2297 1566 2324 Tantarum
1596 2297 1653 2331 agri
1683 2295 1810 2323 Laconici

1024 2346 1151 2381 oppidum
1168 2345 1304 2377 vertisset,
1327 2349 1473 2372 accusatus
1493 2343 1690 2370 Demosthenes
1711 2350 1810 2377 accep-

1024 2395 1114 2417 torum
1128 2390 1263 2416 donorum
1288 2394 1348 2421 est,
1377 2393 1548 2422 vocatusque
1564 2388 1591 2414 in
1615 2387 1749 2422 judicium
1777 2386 1812 2413 ab

1020 2434 1164 2468 Hyperide,
1181 2433 1301 2468 Pytlizea,
1311 2431 1521 2462 Menesmchmo.
1537 2430 1683 2462 Himera-0,
1696 2430 1807 2457 Procle:

1022 2488 1137 2514 quorum
1167 2486 1252 2514 opera
1278 2478 1407 2505 effectum
1432 2482 1475 2505 est
1491 2498 1499 2510 ,
1528 2482 1558 2505 ut
1586 2477 1811 2512 Areopagitarum

1023 2526 1159 2553 sententia
1179 2526 1381 2552 condemnatus
1414 2525 1568 2552 exsulatum
1604 2523 1715 2554 abiret,
1750 2530 1812 2550 cum

1025 2572 1121 2598 multa:
1147 2571 1174 2598 in
1191 2570 1362 2606 quintuplam
1375 2571 1512 2599 solvendae
1534 2577 1590 2598 non
1617 2575 1688 2597 esset
1706 2569 1812 2596 futurus

1026 2617 1103 2644 satis.
1131 2617 1307 2644 Accusahant
1337 2622 1426 2644 autem
1457 2617 1531 2651 quod
1564 2616 1675 2651 triginta
1711 2616 1813 2643 talenta

1025 2663 1188 2697 accepisset,
1211 2663 1273 2696 vel,
1289 2667 1318 2691 ut
1346 2663 1470 2691 nonnulli
1495 2663 1600 2696 dicunt,
1630 2670 1684 2689 non
1713 2661 1812 2697 “ﬁt:

805 2721 922 2749 VARUE
937 2721 1138 2750 LECTiONES.

219 2779 243 2820 οξ
253 2779 451 2821 Δημοσθένους.
459 2780 540 2815 vulgo
559 2784 621 2814 post
637 2780 726 2815 φυγὴν
726 2787 854 2842 οἓοειιιιιι.
870 2817 875 2823 ¹
893 2782 917 2798 ⁸³
928 2782 1107 2822 κατεϐάλλετο
1124 2791 1154 2815 ς.

219 2815 472 2852 ›ωτα,δημηγορων
498 2815 608 2852 ογηις-Β.
624 2816 667 2852 77⁵⁷
685 2825 724 2852 πρ
756 2816 844 2852 cavati]
869 2825 925 2844 imo
956 2818 1132 2852 παραδουναι.

185 2815 283 2849 πρῶτα
306 2815 472 2850 δημηγορῶν
498 2823 554 2842 om.
578 2815 608 2843 Β.
646 2816 667 2832 ⁵⁷
687 2825 724 2849 πρ

1192 2782 1215 2798 ⁸⁸
1227 2782 1376 2818 καταστὰς]
1393 2782 1585 2818 ἁποκαταστᾲς
1603 2783 1636 2809 Α,
1674 2782 1696 2798 ⁸⁸
1710 2781 1745 2808 τὰ
1762 2780 1813 2816 μὲν

1188 2818 1210 2833 ⁸⁸
1226 2819 1336 2846 ἀνεῖπεν
1352 2817 1381 2850 ς]
1429 2819 1451 2834 ⁶⁹
1472 2817 1606 2853 Ἀρπάλια
1627 2826 1657 2849 ς.
1707 2817 1730 2833 ⁷⁰
1751 2818 1812 2848 επι-

186 2850 419 2886 σημηνάμενοςᾼ.
457 2851 479 2867 ⁷¹
499 2850 603 2877 Πυθέου
623 2851 643 2877 Β
662 2859 668 2878 :
685 2851 802 2879 Πυθαίου
817 2850 846 2883 ςζ
885 2852 908 2869 ⁷²
922 2850 1004 2880 αὐτὸν
1019 2853 1040 2879 Β
1056 2862 1062 2879 :
1082 2852 1172 2881 αὐτῶν
1192 2861 1221 2885 ς.
