  <div class='ocr_page' id='page_1' title='image "/cluster/home/n/w/nwhite01/storage/ocr_20150623/104/njp.32101077772885/099.png"; bbox 0 0 1959 3081; ppageno 0'>
   <div class='ocr_carea' id='block_1_1' title="bbox 142 169 192 202">
    <p class='ocr_par' dir='ltr' id='par_1_1' title="bbox 142 169 192 202">
     <span class='ocr_line' id='line_1_1' title="bbox 142 169 192 202; baseline 0.02 -1"><span class='ocrx_word' id='word_1_1' title='bbox 142 169 192 202; x_wconf 82' lang='grc'><strong>187</strong></span> 
     </span>
    </p>
   </div>
   <div class='ocr_carea' id='block_1_2' title="bbox 719 163 1196 201">
    <p class='ocr_par' dir='ltr' id='par_1_2' title="bbox 719 163 1196 201">
     <span class='ocr_line' id='line_1_2' title="bbox 719 163 1196 201; baseline -0.01 0"><span class='ocrx_word' id='word_1_2' title='bbox 719 168 850 201; x_wconf 81' lang='grc' dir='ltr'><strong>ΡΗΟΤΠ</strong></span> <span class='ocrx_word' id='word_1_3' title='bbox 864 164 1119 198; x_wconf 73' lang='lat' dir='ltr'><strong>PATRIABCHIE</strong></span> <span class='ocrx_word' id='word_1_4' title='bbox 1137 163 1183 195; x_wconf 76' lang='grc' dir='ltr'><strong>ΟΡ</strong></span> <span class='ocrx_word' id='word_1_5' title='bbox 1189 185 1196 196; x_wconf 68' lang='grc' dir='ltr'><strong>ε</strong></span> 
     </span>
    </p>
   </div>
   <div class='ocr_carea' id='block_1_3' title="bbox 1723 157 1774 191">
    <p class='ocr_par' dir='ltr' id='par_1_3' title="bbox 1723 157 1774 191">
     <span class='ocr_line' id='line_1_3' title="bbox 1723 157 1774 191; baseline 0.02 -1"><span class='ocrx_word' id='word_1_6' title='bbox 1723 157 1774 191; x_wconf 88' lang='grc'><strong>188</strong></span> 
     </span>
    </p>
   </div>
   <div class='ocr_carea' id='block_1_4' title="bbox 139 213 943 263">
    <p class='ocr_par' dir='ltr' id='par_1_4' title="bbox 139 224 943 263">
     <span class='ocr_line' id='line_1_4' title="bbox 139 224 943 263; baseline -0.001 -9"><span class='ocrx_word' id='word_1_7' title='bbox 139 230 298 262; x_wconf 72' lang='lat' dir='ltr'><strong>exspectato</strong></span> <span class='ocrx_word' id='word_1_8' title='bbox 325 225 435 261; x_wconf 77' lang='lat' dir='ltr'><strong>judicio-</strong></span> <span class='ocrx_word' id='word_1_9' title='bbox 454 226 532 254; x_wconf 91' lang='lat' dir='ltr'><strong>illum</strong></span> <span class='ocrx_word' id='word_1_10' title='bbox 559 225 683 263; x_wconf 70' lang='lat' dir='ltr'><strong>fugisse,</strong></span> <span class='ocrx_word' id='word_1_11' title='bbox 701 226 764 262; x_wconf 77' lang='lat' dir='ltr'><strong>&#39;jam</strong></span> <span class='ocrx_word' id='word_1_12' title='bbox 787 224 943 261; x_wconf 80' lang='lat' dir='ltr'><strong>iudicibus.</strong></span> 
     </span>
    </p>
   </div>
   <div class='ocr_carea' id='block_1_5' title="bbox 995 213 1771 263">
    <p class='ocr_par' dir='ltr' id='par_1_5' title="bbox 995 213 1771 263">
     <span class='ocr_line' id='line_1_5' title="bbox 995 213 1771 263; baseline -0.008 -14"><span class='ocrx_word' id='word_1_13' title='bbox 995 221 1008 249; x_wconf 82' lang='grc' dir='ltr'><strong>δ</strong></span> <span class='ocrx_word' id='word_1_14' title='bbox 1032 222 1121 248; x_wconf 75' lang='grc' dir='ltr'>κοινὸν</span> <span class='ocrx_word' id='word_1_15' title='bbox 1146 219 1369 256; x_wconf 73' lang='grc' dir='ltr'>πρεσϐεύσασθαι</span> <span class='ocrx_word' id='word_1_16' title='bbox 1391 218 1446 246; x_wconf 82' lang='grc' dir='ltr'><strong>τῶν</strong></span> <span class='ocrx_word' id='word_1_17' title='bbox 1483 216 1623 253; x_wconf 75' lang='grc' dir='ltr'>Ἀρκάδων</span> <span class='ocrx_word' id='word_1_18' title='bbox 1638 237 1647 250; x_wconf 86' lang='grc'><strong>,</strong></span> <span class='ocrx_word' id='word_1_19' title='bbox 1662 216 1727 263; x_wconf 39' lang='grc' dir='ltr'><strong>’ὲφί</strong></span> <span class='ocrx_word' id='word_1_20' title='bbox 1746 213 1771 251; x_wconf 72' lang='grc' dir='ltr'><strong>ᾧ</strong></span> 
     </span>
    </p>
   </div>
   <div class='ocr_carea' id='block_1_6' title="bbox 142 269 931 306">
    <p class='ocr_par' dir='ltr' id='par_1_6' title="bbox 142 269 931 306">
     <span class='ocr_line' id='line_1_6' title="bbox 142 269 931 306; baseline 0 -9"><span class='ocrx_word' id='word_1_21' title='bbox 142 271 307 298; x_wconf 82' lang='lat' dir='ltr'><strong>sententiam</strong></span> <span class='ocrx_word' id='word_1_22' title='bbox 321 271 393 299; x_wconf 81' lang='lat' dir='ltr'><strong>ferre</strong></span> <span class='ocrx_word' id='word_1_23' title='bbox 403 272 575 306; x_wconf 80' lang='lat' dir='ltr'><strong>parantibus.</strong></span> <span class='ocrx_word' id='word_1_24' title='bbox 589 272 688 299; x_wconf 84' lang='lat' dir='ltr'><strong>Postea</strong></span> <span class='ocrx_word' id='word_1_25' title='bbox 698 279 764 299; x_wconf 84' lang='lat' dir='ltr'><strong>vero</strong></span> <span class='ocrx_word' id='word_1_26' title='bbox 775 278 836 298; x_wconf 92' lang='lat' dir='ltr'><strong>cum</strong></span> <span class='ocrx_word' id='word_1_27' title='bbox 846 269 931 298; x_wconf 86' lang='lat' dir='ltr'><strong>Athe-</strong></span> 
     </span>
    </p>
   </div>
   <div class='ocr_carea' id='block_1_7' title="bbox 143 315 930 352">
    <p class='ocr_par' dir='ltr' id='par_1_7' title="bbox 143 315 930 352">
     <span class='ocr_line' id='line_1_7' title="bbox 143 315 930 352; baseline -0.001 -9"><span class='ocrx_word' id='word_1_28' title='bbox 143 316 255 344; x_wconf 76' lang='lat' dir='ltr'><strong>nienses</strong></span> <span class='ocrx_word' id='word_1_29' title='bbox 272 315 448 352; x_wconf 82' lang='lat' dir='ltr'><strong>Polyeuctum</strong></span> <span class='ocrx_word' id='word_1_30' title='bbox 459 317 578 352; x_wconf 80' lang='lat' dir='ltr'><strong>legatum</strong></span> <span class='ocrx_word' id='word_1_31' title='bbox 595 317 629 345; x_wconf 84' lang='lat' dir='ltr'><strong>ad</strong></span> <span class='ocrx_word' id='word_1_32' title='bbox 642 316 763 344; x_wconf 88' lang='lat' dir='ltr'><strong>Arcadas</strong></span> <span class='ocrx_word' id='word_1_33' title='bbox 778 315 930 348; x_wconf 78' lang='lat' dir='ltr'><strong>misissent,</strong></span> 
     </span>
    </p>
   </div>
   <div class='ocr_carea' id='block_1_8' title="bbox 142 362 932 396">
    <p class='ocr_par' dir='ltr' id='par_1_8' title="bbox 142 362 932 396">
     <span class='ocr_line' id='line_1_8' title="bbox 142 362 932 396; baseline -0.001 -7"><span class='ocrx_word' id='word_1_34' title='bbox 142 366 173 389; x_wconf 89' lang='lat' dir='ltr'><strong>ut</strong></span> <span class='ocrx_word' id='word_1_35' title='bbox 189 369 238 390; x_wconf 91' lang='lat' dir='ltr'><strong>eos</strong></span> <span class='ocrx_word' id='word_1_36' title='bbox 262 370 278 389; x_wconf 92' lang='lat' dir='ltr'><strong>a</strong></span> <span class='ocrx_word' id='word_1_37' title='bbox 294 362 472 391; x_wconf 76' lang='lat' dir='ltr'><strong>Macedonum</strong></span> <span class='ocrx_word' id='word_1_38' title='bbox 496 363 627 391; x_wconf 87' lang='lat' dir='ltr'><strong>societate</strong></span> <span class='ocrx_word' id='word_1_39' title='bbox 650 362 818 395; x_wconf 84' lang='lat' dir='ltr'><strong>abduceret,</strong></span> <span class='ocrx_word' id='word_1_40' title='bbox 842 369 932 396; x_wconf 89' lang='lat' dir='ltr'><strong>neque</strong></span> 
     </span>
    </p>
   </div>
   <div class='ocr_carea' id='block_1_9' title="bbox 142 406 933 444">
    <p class='ocr_par' dir='ltr' id='par_1_9' title="bbox 142 406 933 444">
     <span class='ocr_line' id='line_1_9' title="bbox 142 406 933 444; baseline 0 -9"><span class='ocrx_word' id='word_1_41' title='bbox 142 407 307 444; x_wconf 86' lang='lat' dir='ltr'><strong>Polyeuctus</strong></span> <span class='ocrx_word' id='word_1_42' title='bbox 335 410 500 444; x_wconf 81' lang='lat' dir='ltr'><strong>persuadere</strong></span> <span class='ocrx_word' id='word_1_43' title='bbox 542 409 695 443; x_wconf 85' lang='lat' dir='ltr'><strong>potuisset,</strong></span> <span class='ocrx_word' id='word_1_44' title='bbox 718 408 850 443; x_wconf 89' lang='lat' dir='ltr'><strong>prodiens</strong></span> <span class='ocrx_word' id='word_1_45' title='bbox 878 406 933 435; x_wconf 91' lang='lat' dir='ltr'><strong>De-</strong></span> 
     </span>
    </p>
   </div>
   <div class='ocr_carea' id='block_1_10' title="bbox 143 455 934 490">
    <p class='ocr_par' dir='ltr' id='par_1_10' title="bbox 143 455 934 490">
     <span class='ocr_line' id='line_1_10' title="bbox 143 455 934 490; baseline 0.001 -9"><span class='ocrx_word' id='word_1_46' title='bbox 143 455 312 487; x_wconf 86' lang='lat' dir='ltr'><strong>mosthenes,</strong></span> <span class='ocrx_word' id='word_1_47' title='bbox 327 460 356 483; x_wconf 91' lang='lat' dir='ltr'><strong>et</strong></span> <span class='ocrx_word' id='word_1_48' title='bbox 379 463 433 483; x_wconf 89' lang='lat' dir='ltr'><strong>una</strong></span> <span class='ocrx_word' id='word_1_49' title='bbox 456 455 565 483; x_wconf 87' lang='lat' dir='ltr'><strong>dicendi</strong></span> <span class='ocrx_word' id='word_1_50' title='bbox 585 460 677 490; x_wconf 86' lang='lat' dir='ltr'><strong>partes</strong></span> <span class='ocrx_word' id='word_1_51' title='bbox 692 462 838 483; x_wconf 84' lang='lat' dir='ltr'><strong>assumens</strong></span> <span class='ocrx_word' id='word_1_52' title='bbox 849 475 857 488; x_wconf 89' lang='lat'><strong>,</strong></span> <span class='ocrx_word' id='word_1_53' title='bbox 869 461 934 490; x_wconf 88' lang='lat' dir='ltr'><strong>pcr-</strong></span> 
     </span>
    </p>
   </div>
   <div class='ocr_carea' id='block_1_11' title="bbox 144 500 933 536">
    <p class='ocr_par' dir='ltr' id='par_1_11' title="bbox 144 500 933 536">
     <span class='ocr_line' id='line_1_11' title="bbox 144 500 933 536; baseline 0 -9"><span class='ocrx_word' id='word_1_54' title='bbox 144 500 244 528; x_wconf 86' lang='lat' dir='ltr'><strong>suasit.</strong></span> <span class='ocrx_word' id='word_1_55' title='bbox 270 500 357 536; x_wconf 86' lang='lat' dir='ltr'><strong>Cujus</strong></span> <span class='ocrx_word' id='word_1_56' title='bbox 381 501 422 529; x_wconf 89' lang='lat' dir='ltr'><strong>rei</strong></span> <span class='ocrx_word' id='word_1_57' title='bbox 451 508 534 529; x_wconf 88' lang='lat' dir='ltr'><strong>causa</strong></span> <span class='ocrx_word' id='word_1_58' title='bbox 565 508 628 528; x_wconf 88' lang='lat' dir='ltr'><strong>cum</strong></span> <span class='ocrx_word' id='word_1_59' title='bbox 651 508 715 529; x_wconf 85' lang='lat' dir='ltr'><strong>eum</strong></span> <span class='ocrx_word' id='word_1_60' title='bbox 740 500 933 528; x_wconf 89' lang='lat' dir='ltr'><strong>admirandum</strong></span> 
     </span>
    </p>
   </div>
   <div class='ocr_carea' id='block_1_12' title="bbox 144 544 945 581">
    <p class='ocr_par' dir='ltr' id='par_1_12' title="bbox 144 544 945 581">
     <span class='ocr_line' id='line_1_12' title="bbox 144 544 945 581; baseline 0.001 -9"><span class='ocrx_word' id='word_1_61' title='bbox 144 545 291 580; x_wconf 85' lang='lat' dir='ltr'><strong>quemdam</strong></span> <span class='ocrx_word' id='word_1_62' title='bbox 307 547 446 573; x_wconf 85' lang='lat' dir='ltr'><strong>hominem</strong></span> <span class='ocrx_word' id='word_1_63' title='bbox 457 553 553 574; x_wconf 89' lang='lat' dir='ltr'><strong>omnes</strong></span> <span class='ocrx_word' id='word_1_64' title='bbox 564 546 708 578; x_wconf 89' lang='lat' dir='ltr'><strong>ducerent,</strong></span> <span class='ocrx_word' id='word_1_65' title='bbox 722 546 819 581; x_wconf 88' lang='lat' dir='ltr'><strong>paucis</strong></span> <span class='ocrx_word' id='word_1_66' title='bbox 832 544 945 580; x_wconf 74' lang='lat' dir='ltr'><strong>elapsis.</strong></span> 
     </span>
    </p>
   </div>
   <div class='ocr_carea' id='block_1_13' title="bbox 144 591 936 625">
    <p class='ocr_par' dir='ltr' id='par_1_13' title="bbox 144 591 936 625">
     <span class='ocr_line' id='line_1_13' title="bbox 144 591 936 625; baseline 0 -7"><span class='ocrx_word' id='word_1_67' title='bbox 144 591 241 619; x_wconf 82' lang='lat' dir='ltr'><strong>diebus</strong></span> <span class='ocrx_word' id='word_1_68' title='bbox 261 592 401 620; x_wconf 89' lang='lat' dir='ltr'><strong>decretum</strong></span> <span class='ocrx_word' id='word_1_69' title='bbox 419 593 453 620; x_wconf 90' lang='lat' dir='ltr'><strong>de</strong></span> <span class='ocrx_word' id='word_1_70' title='bbox 469 592 516 620; x_wconf 89' lang='lat' dir='ltr'><strong>illo</strong></span> <span class='ocrx_word' id='word_1_71' title='bbox 531 592 684 620; x_wconf 88' lang='lat' dir='ltr'><strong>revocando</strong></span> <span class='ocrx_word' id='word_1_72' title='bbox 701 596 744 620; x_wconf 88' lang='lat' dir='ltr'><strong>est</strong></span> <span class='ocrx_word' id='word_1_73' title='bbox 761 591 863 619; x_wconf 81' lang='lat' dir='ltr'><strong>factum</strong></span> <span class='ocrx_word' id='word_1_74' title='bbox 876 611 884 625; x_wconf 93' lang='lat'><strong>,</strong></span> <span class='ocrx_word' id='word_1_75' title='bbox 900 598 936 618; x_wconf 78' lang='lat' dir='ltr'><strong>ex</strong></span> 
     </span>
    </p>
   </div>
   <div class='ocr_carea' id='block_1_14' title="bbox 146 637 936 674">
    <p class='ocr_par' dir='ltr' id='par_1_14' title="bbox 146 637 936 674">
     <span class='ocr_line' id='line_1_14' title="bbox 146 637 936 674; baseline 0.001 -10"><span class='ocrx_word' id='word_1_76' title='bbox 146 644 235 673; x_wconf 85' lang='lat' dir='ltr'><strong>eoque</strong></span> <span class='ocrx_word' id='word_1_77' title='bbox 251 638 335 666; x_wconf 81' lang='lat' dir='ltr'><strong>missa</strong></span> <span class='ocrx_word' id='word_1_78' title='bbox 348 644 391 666; x_wconf 88' lang='lat' dir='ltr'><strong>est</strong></span> <span class='ocrx_word' id='word_1_79' title='bbox 402 639 527 667; x_wconf 91' lang='lat' dir='ltr'><strong>triremis</strong></span> <span class='ocrx_word' id='word_1_80' title='bbox 542 646 605 674; x_wconf 63' lang='lat' dir='ltr'><strong>quae</strong></span> <span class='ocrx_word' id='word_1_81' title='bbox 624 638 702 666; x_wconf 91' lang='lat' dir='ltr'><strong>illum</strong></span> <span class='ocrx_word' id='word_1_82' title='bbox 714 638 871 670; x_wconf 85' lang='lat' dir='ltr'><strong>adveheret,</strong></span> <span class='ocrx_word' id='word_1_83' title='bbox 887 637 936 665; x_wconf 87' lang='lat' dir='ltr'><strong>de-</strong></span> 
     </span>
    </p>
   </div>
   <div class='ocr_carea' id='block_1_15' title="bbox 979 262 1773 302">
    <p class='ocr_par' dir='ltr' id='par_1_15' title="bbox 979 262 1773 302">
     <span class='ocr_line' id='line_1_15' title="bbox 979 262 1773 302; baseline -0.008 -7"><span class='ocrx_word' id='word_1_84' title='bbox 979 267 1079 300; x_wconf 78' lang='grc' dir='ltr'>αὐτοὺς</span> <span class='ocrx_word' id='word_1_85' title='bbox 1096 266 1248 302; x_wconf 74' lang='grc' dir='ltr'>ἀποστῆναι</span> <span class='ocrx_word' id='word_1_86' title='bbox 1261 266 1310 302; x_wconf 80' lang='grc' dir='ltr'><strong>τῆς</strong></span> <span class='ocrx_word' id='word_1_87' title='bbox 1335 265 1390 293; x_wconf 85' lang='grc' dir='ltr'><strong>τῶν</strong></span> <span class='ocrx_word' id='word_1_88' title='bbox 1415 264 1581 292; x_wconf 78' lang='grc' dir='ltr'><strong>Μακεδόνων</strong></span> <span class='ocrx_word' id='word_1_89' title='bbox 1603 262 1773 298; x_wconf 79' lang='grc' dir='ltr'>συμμαχίας.</span> 
     </span>
    </p>
   </div>
   <div class='ocr_carea' id='block_1_16' title="bbox 980 310 1774 351">
    <p class='ocr_par' dir='ltr' id='par_1_16' title="bbox 980 310 1774 351">
     <span class='ocr_line' id='line_1_16' title="bbox 980 310 1774 351; baseline -0.009 -9"><span class='ocrx_word' id='word_1_90' title='bbox 980 313 1073 351; x_wconf 83' lang='grc' dir='ltr'>Μηδὲν</span> <span class='ocrx_word' id='word_1_91' title='bbox 1088 313 1118 341; x_wconf 81' lang='grc' dir='ltr'>δὲ</span> <span class='ocrx_word' id='word_1_92' title='bbox 1145 312 1273 345; x_wconf 79' lang='grc' dir='ltr'><strong>ἀνύοντος</strong></span> <span class='ocrx_word' id='word_1_93' title='bbox 1289 312 1337 339; x_wconf 84' lang='grc' dir='ltr'>τοῦ</span> <span class='ocrx_word' id='word_1_94' title='bbox 1364 311 1537 338; x_wconf 80' lang='grc' dir='ltr'><strong>Πολυεύκτου</strong></span> <span class='ocrx_word' id='word_1_95' title='bbox 1559 310 1701 344; x_wconf 67' lang='grc' dir='ltr'>ἐπιφανεὶς</span> <span class='ocrx_word' id='word_1_96' title='bbox 1720 310 1774 344; x_wconf 91' lang='grc' dir='ltr'><strong>Δη-</strong></span> 
     </span>
    </p>
   </div>
   <div class='ocr_carea' id='block_1_17' title="bbox 983 356 1775 396">
    <p class='ocr_par' dir='ltr' id='par_1_17' title="bbox 983 356 1775 396">
     <span class='ocr_line' id='line_1_17' title="bbox 983 356 1775 396; baseline -0.008 -8"><span class='ocrx_word' id='word_1_97' title='bbox 983 359 1117 396; x_wconf 75' lang='grc' dir='ltr'>μοσθένης</span> <span class='ocrx_word' id='word_1_98' title='bbox 1145 359 1194 387; x_wconf 80' lang='grc' dir='ltr'>καὶ</span> <span class='ocrx_word' id='word_1_99' title='bbox 1222 357 1357 387; x_wconf 79' lang='grc' dir='ltr'>συνειπὼν</span> <span class='ocrx_word' id='word_1_100' title='bbox 1392 357 1495 385; x_wconf 72' lang='grc' dir='ltr'>ἔπεισε.</span> <span class='ocrx_word' id='word_1_101' title='bbox 1524 356 1569 384; x_wconf 83' lang='grc' dir='ltr'>Διδ</span> <span class='ocrx_word' id='word_1_102' title='bbox 1593 357 1641 383; x_wconf 73' lang='grc' dir='ltr'>καὶ</span> <span class='ocrx_word' id='word_1_103' title='bbox 1668 356 1775 391; x_wconf 85' lang='grc' dir='ltr'>θαυμα-</span> 
     </span>
    </p>
   </div>
   <div class='ocr_carea' id='block_1_18' title="bbox 985 403 1775 443">
    <p class='ocr_par' dir='ltr' id='par_1_18' title="bbox 985 403 1775 443">
     <span class='ocr_line' id='line_1_18' title="bbox 985 403 1775 443; baseline -0.006 -9"><span class='ocrx_word' id='word_1_104' title='bbox 985 407 1086 434; x_wconf 81' lang='grc' dir='ltr'>σθέντα</span> <span class='ocrx_word' id='word_1_105' title='bbox 1100 408 1134 443; x_wconf 82' lang='grc' dir='ltr'><strong>τῇ</strong></span> <span class='ocrx_word' id='word_1_106' title='bbox 1148 405 1248 443; x_wconf 76' lang='grc' dir='ltr'>πράξει</span> <span class='ocrx_word' id='word_1_107' title='bbox 1263 405 1339 442; x_wconf 79' lang='grc' dir='ltr'>παρὰ</span> <span class='ocrx_word' id='word_1_108' title='bbox 1357 405 1412 432; x_wconf 85' lang='grc' dir='ltr'><strong>τῶν</strong></span> <span class='ocrx_word' id='word_1_109' title='bbox 1431 404 1582 440; x_wconf 75' lang='grc' dir='ltr'>Ἀθηναίων</span> <span class='ocrx_word' id='word_1_110' title='bbox 1595 403 1708 430; x_wconf 79' lang='grc' dir='ltr'>καθόδου</span> <span class='ocrx_word' id='word_1_111' title='bbox 1726 411 1775 429; x_wconf 84' lang='grc' dir='ltr'>τυ-</span> 
     </span>
    </p>
   </div>
   <div class='ocr_carea' id='block_1_19' title="bbox 983 450 1774 490">
    <p class='ocr_par' dir='ltr' id='par_1_19' title="bbox 983 450 1774 490">
     <span class='ocr_line' id='line_1_19' title="bbox 983 450 1774 490; baseline -0.006 -10"><span class='ocrx_word' id='word_1_112' title='bbox 983 455 1040 490; x_wconf 87' lang='grc' dir='ltr'>χεῖν</span> <span class='ocrx_word' id='word_1_113' title='bbox 1055 453 1149 486; x_wconf 79' lang='grc' dir='ltr'>αὐτὸν,</span> <span class='ocrx_word' id='word_1_114' title='bbox 1165 451 1335 489; x_wconf 81' lang='grc' dir='ltr'>ψηφίσαντός</span> <span class='ocrx_word' id='word_1_115' title='bbox 1360 460 1391 478; x_wconf 84' lang='grc' dir='ltr'><strong>τε</strong></span> <span class='ocrx_word' id='word_1_116' title='bbox 1410 450 1562 486; x_wconf 82' lang='grc' dir='ltr'>γραφέντος</span> <span class='ocrx_word' id='word_1_117' title='bbox 1573 450 1621 477; x_wconf 78' lang='grc' dir='ltr'>καὶ</span> <span class='ocrx_word' id='word_1_118' title='bbox 1644 450 1774 486; x_wconf 85' lang='grc' dir='ltr'>τριήρους</span> 
     </span>
    </p>
   </div>
   <div class='ocr_carea' id='block_1_20' title="bbox 982 495 1774 535">
    <p class='ocr_par' dir='ltr' id='par_1_20' title="bbox 982 495 1774 535">
     <span class='ocr_line' id='line_1_20' title="bbox 982 495 1774 535; baseline -0.008 -7"><span class='ocrx_word' id='word_1_119' title='bbox 982 500 1195 535; x_wconf 82' lang='grc' dir='ltr'>ἀποσταλείσης.</span> <span class='ocrx_word' id='word_1_120' title='bbox 1214 499 1399 535; x_wconf 79' lang='grc' dir='ltr'>Ἐψηφίσαντο</span> <span class='ocrx_word' id='word_1_121' title='bbox 1422 497 1452 524; x_wconf 78' lang='grc' dir='ltr'>δὲ</span> <span class='ocrx_word' id='word_1_122' title='bbox 1473 497 1520 524; x_wconf 67' lang='grc' dir='ltr'>καὶ</span> <span class='ocrx_word' id='word_1_123' title='bbox 1539 497 1599 524; x_wconf 77' lang='grc' dir='ltr'>ἀντὶ</span> <span class='ocrx_word' id='word_1_124' title='bbox 1613 496 1668 523; x_wconf 84' lang='grc' dir='ltr'><strong>τῶν</strong></span> <span class='ocrx_word' id='word_1_125' title='bbox 1688 495 1710 522; x_wconf 82' lang='grc' dir='ltr'>λ’</span> <span class='ocrx_word' id='word_1_126' title='bbox 1722 504 1774 522; x_wconf 91' lang='grc' dir='ltr'>τα-</span> 
     </span>
    </p>
   </div>
   <div class='ocr_carea' id='block_1_21' title="bbox 983 542 1775 581">
    <p class='ocr_par' dir='ltr' id='par_1_21' title="bbox 983 542 1775 581">
     <span class='ocr_line' id='line_1_21' title="bbox 983 542 1775 581; baseline -0.006 -8"><span class='ocrx_word' id='word_1_127' title='bbox 983 545 1099 579; x_wconf 75' lang='grc' dir='ltr'>λάντων,</span> <span class='ocrx_word' id='word_1_128' title='bbox 1116 545 1135 574; x_wconf 79' lang='grc' dir='ltr'>ἃ</span> <span class='ocrx_word' id='word_1_129' title='bbox 1159 545 1271 581; x_wconf 80' lang='grc' dir='ltr'>ὤφειλε.</span> <span class='ocrx_word' id='word_1_130' title='bbox 1283 545 1330 572; x_wconf 81' lang='grc' dir='ltr'>τὸν</span> <span class='ocrx_word' id='word_1_131' title='bbox 1349 543 1396 572; x_wconf 81' lang='grc' dir='ltr'><strong>τοῦ</strong></span> <span class='ocrx_word' id='word_1_132' title='bbox 1412 543 1473 576; x_wconf 78' lang='grc' dir='ltr'>Διὸς</span> <span class='ocrx_word' id='word_1_133' title='bbox 1487 543 1580 579; x_wconf 84' lang='grc' dir='ltr'>βωμὸν</span> <span class='ocrx_word' id='word_1_134' title='bbox 1597 542 1644 569; x_wconf 85' lang='grc' dir='ltr'><strong>τδν</strong></span> <span class='ocrx_word' id='word_1_135' title='bbox 1660 543 1690 569; x_wconf 70' lang='grc' dir='ltr'>ἐν</span> <span class='ocrx_word' id='word_1_136' title='bbox 1709 542 1775 569; x_wconf 86' lang='grc' dir='ltr'>Πει-</span> 
     </span>
    </p>
   </div>
   <div class='ocr_carea' id='block_1_22' title="bbox 985 587 1776 628">
    <p class='ocr_par' dir='ltr' id='par_1_22' title="bbox 985 587 1776 628">
     <span class='ocr_line' id='line_1_22' title="bbox 985 587 1776 628; baseline -0.006 -9"><span class='ocrx_word' id='word_1_137' title='bbox 985 593 1060 628; x_wconf 77' lang='grc' dir='ltr'>ραιεῖ</span> <span class='ocrx_word' id='word_1_138' title='bbox 1075 591 1320 621; x_wconf 78' lang='grc' dir='ltr'>ἑπισκευάσασθαι.</span> <span class='ocrx_word' id='word_1_139' title='bbox 1336 591 1392 619; x_wconf 87' lang='lat' dir='ltr'><strong>Kal.</strong></span> <span class='ocrx_word' id='word_1_140' title='bbox 1401 588 1436 627; x_wconf 82' lang='grc' dir='ltr'>ἦν</span> <span class='ocrx_word' id='word_1_141' title='bbox 1450 589 1533 617; x_wconf 82' lang='grc' dir='ltr'>πάλιν</span> <span class='ocrx_word' id='word_1_142' title='bbox 1548 589 1620 616; x_wconf 80' lang='grc' dir='ltr'>κατὰ</span> <span class='ocrx_word' id='word_1_143' title='bbox 1640 587 1776 626; x_wconf 81' lang='grc' dir='ltr'>πρότερον</span> 
     </span>
    </p>
   </div>
   <div class='ocr_carea' id='block_1_23' title="bbox 989 639 1209 675">
    <p class='ocr_par' dir='ltr' id='par_1_23' title="bbox 989 639 1209 675">
     <span class='ocr_line' id='line_1_23' title="bbox 989 639 1209 675; baseline 0.005 -10"><span class='ocrx_word' id='word_1_144' title='bbox 989 639 1209 675; x_wconf 82' lang='grc' dir='ltr'><strong>πολιτευόμενος.</strong></span> 
     </span>
    </p>
   </div>
   <div class='ocr_carea' id='block_1_24' title="bbox 147 681 1776 722">
    <p class='ocr_par' dir='ltr' id='par_1_24' title="bbox 147 681 1776 722">
     <span class='ocr_line' id='line_1_24' title="bbox 147 681 1776 722; baseline -0.002 -9"><span class='ocrx_word' id='word_1_145' title='bbox 147 691 347 721; x_wconf 83' lang='lat' dir='ltr'><strong>creveruntque</strong></span> <span class='ocrx_word' id='word_1_146' title='bbox 369 686 563 718; x_wconf 78' lang='lat' dir='ltr'><strong>Athenienses,</strong></span> <span class='ocrx_word' id='word_1_147' title='bbox 595 690 625 714; x_wconf 94' lang='lat' dir='ltr'><strong>ut</strong></span> <span class='ocrx_word' id='word_1_148' title='bbox 652 686 764 722; x_wconf 78' lang='lat' dir='ltr'><strong>triginta</strong></span> <span class='ocrx_word' id='word_1_149' title='bbox 792 685 840 713; x_wconf 86' lang='lat' dir='ltr'><strong>illa</strong></span> <span class='ocrx_word' id='word_1_150' title='bbox 860 685 975 720; x_wconf 83' lang='lat' dir='ltr'><strong>talenta,</strong></span> <span class='ocrx_word' id='word_1_151' title='bbox 994 686 1097 721; x_wconf 88' lang='lat' dir='ltr'><strong>quibus</strong></span> <span class='ocrx_word' id='word_1_152' title='bbox 1130 687 1264 715; x_wconf 89' lang='lat' dir='ltr'><strong>multatus</strong></span> <span class='ocrx_word' id='word_1_153' title='bbox 1291 685 1380 714; x_wconf 79' lang='lat' dir='ltr'><strong>fuerat</strong></span> <span class='ocrx_word' id='word_1_154' title='bbox 1401 683 1609 717; x_wconf 86' lang='lat' dir='ltr'><strong>Demosthenes,</strong></span> <span class='ocrx_word' id='word_1_155' title='bbox 1627 690 1661 711; x_wconf 80' lang='lat' dir='ltr'><strong>ex</strong></span> <span class='ocrx_word' id='word_1_156' title='bbox 1679 681 1776 710; x_wconf 77' lang='lat' dir='ltr'><strong>:eraria</strong></span> 
     </span>
    </p>
   </div>
   <div class='ocr_carea' id='block_1_25' title="bbox 147 728 1776 767">
    <p class='ocr_par' dir='ltr' id='par_1_25' title="bbox 147 728 1776 767">
     <span class='ocr_line' id='line_1_25' title="bbox 147 728 1776 767; baseline -0.001 -10"><span class='ocrx_word' id='word_1_157' title='bbox 147 729 182 757; x_wconf 83' lang='lat' dir='ltr'><strong>ad</strong></span> <span class='ocrx_word' id='word_1_158' title='bbox 201 731 361 758; x_wconf 88' lang='lat' dir='ltr'><strong>struendam</strong></span> <span class='ocrx_word' id='word_1_159' title='bbox 378 737 456 758; x_wconf 89' lang='lat' dir='ltr'><strong>aram</strong></span> <span class='ocrx_word' id='word_1_160' title='bbox 480 729 542 758; x_wconf 75' lang='lat' dir='ltr'><strong>Jovi</strong></span> <span class='ocrx_word' id='word_1_161' title='bbox 556 730 585 758; x_wconf 90' lang='lat' dir='ltr'><strong>in</strong></span> <span class='ocrx_word' id='word_1_162' title='bbox 614 729 718 759; x_wconf 74' lang='lat' dir='ltr'><strong>Piraeeo</strong></span> <span class='ocrx_word' id='word_1_163' title='bbox 733 729 936 764; x_wconf 82' lang='lat' dir='ltr'><strong>conferrentur,</strong></span> <span class='ocrx_word' id='word_1_164' title='bbox 956 736 1040 767; x_wconf 89' lang='lat' dir='ltr'><strong>atque</strong></span> <span class='ocrx_word' id='word_1_165' title='bbox 1055 728 1092 760; x_wconf 77' lang='lat' dir='ltr'><strong>ita</strong></span> <span class='ocrx_word' id='word_1_166' title='bbox 1110 731 1286 761; x_wconf 82' lang='lat' dir='ltr'><strong>liberaretur.</strong></span> <span class='ocrx_word' id='word_1_167' title='bbox 1301 731 1335 760; x_wconf 85' lang='lat' dir='ltr'><strong>Et</strong></span> <span class='ocrx_word' id='word_1_168' title='bbox 1351 738 1463 760; x_wconf 84' lang='lat' dir='ltr'><strong>rursum</strong></span> <span class='ocrx_word' id='word_1_169' title='bbox 1500 729 1697 766; x_wconf 85' lang='lat' dir='ltr'><strong>rempublicam</strong></span> <span class='ocrx_word' id='word_1_170' title='bbox 1726 728 1776 757; x_wconf 86' lang='lat' dir='ltr'><strong>ad-</strong></span> 
     </span>
    </p>
   </div>
   <div class='ocr_carea' id='block_1_26' title="bbox 147 777 321 805">
    <p class='ocr_par' dir='ltr' id='par_1_26' title="bbox 147 777 321 805">
     <span class='ocr_line' id='line_1_26' title="bbox 147 777 321 805; baseline -0.006 0"><span class='ocrx_word' id='word_1_171' title='bbox 147 777 321 805; x_wconf 87' lang='lat' dir='ltr'><strong>ministravit.</strong></span> 
     </span>
    </p>
   </div>
   <div class='ocr_carea' id='block_1_27' title="bbox 182 833 976 870">
    <p class='ocr_par' dir='ltr' id='par_1_27' title="bbox 182 833 976 870">
     <span class='ocr_line' id='line_1_27' title="bbox 182 833 976 870; baseline 0 -8"><span class='ocrx_word' id='word_1_172' title='bbox 182 835 307 870; x_wconf 85' lang='lat' dir='ltr'><strong>Cumque</strong></span> <span class='ocrx_word' id='word_1_173' title='bbox 322 833 485 862; x_wconf 85' lang='lat' dir='ltr'><strong>Pharsalum</strong></span> <span class='ocrx_word' id='word_1_174' title='bbox 501 834 618 870; x_wconf 86' lang='lat' dir='ltr'><strong>cepisset</strong></span> <span class='ocrx_word' id='word_1_175' title='bbox 644 834 797 870; x_wconf 76' lang='lat' dir='ltr'><strong>Antipater,</strong></span> <span class='ocrx_word' id='word_1_176' title='bbox 819 833 938 862; x_wconf 90' lang='lat' dir='ltr'><strong>minare-</strong></span> <span class='ocrx_word' id='word_1_177' title='bbox 950 834 976 865; x_wconf 93' lang='lat' dir='ltr'><strong>B</strong></span> 
     </span>
    </p>
   </div>
   <div class='ocr_carea' id='block_1_28' title="bbox 149 880 937 916">
    <p class='ocr_par' dir='ltr' id='par_1_28' title="bbox 149 880 937 916">
     <span class='ocr_line' id='line_1_28' title="bbox 149 880 937 916; baseline 0.001 -9"><span class='ocrx_word' id='word_1_178' title='bbox 149 884 250 916; x_wconf 88' lang='lat' dir='ltr'><strong>turque</strong></span> <span class='ocrx_word' id='word_1_179' title='bbox 261 880 313 908; x_wconf 89' lang='lat' dir='ltr'><strong>nisi</strong></span> <span class='ocrx_word' id='word_1_180' title='bbox 325 881 506 908; x_wconf 88' lang='lat' dir='ltr'><strong>Athenienses</strong></span> <span class='ocrx_word' id='word_1_181' title='bbox 516 885 639 908; x_wconf 88' lang='lat' dir='ltr'><strong>oratores</strong></span> <span class='ocrx_word' id='word_1_182' title='bbox 649 880 789 913; x_wconf 83' lang='lat' dir='ltr'><strong>dederent.</strong></span> <span class='ocrx_word' id='word_1_183' title='bbox 802 887 833 908; x_wconf 89' lang='lat' dir='ltr'><strong>se</strong></span> <span class='ocrx_word' id='word_1_184' title='bbox 841 880 937 908; x_wconf 86' lang='lat' dir='ltr'><strong>urbem</strong></span> 
     </span>
    </p>
   </div>
   <div class='ocr_carea' id='block_1_29' title="bbox 147 925 938 959">
    <p class='ocr_par' dir='ltr' id='par_1_29' title="bbox 147 925 938 959">
     <span class='ocr_line' id='line_1_29' title="bbox 147 925 938 959; baseline 0.001 -7"><span class='ocrx_word' id='word_1_185' title='bbox 147 925 338 959; x_wconf 88' lang='lat' dir='ltr'><strong>ohsessnrum,</strong></span> <span class='ocrx_word' id='word_1_186' title='bbox 370 925 580 958; x_wconf 84' lang='lat' dir='ltr'><strong>Demosthenes,</strong></span> <span class='ocrx_word' id='word_1_187' title='bbox 603 925 698 953; x_wconf 80' lang='lat' dir='ltr'><strong>relicta</strong></span> <span class='ocrx_word' id='word_1_188' title='bbox 721 925 851 959; x_wconf 79' lang='lat' dir='ltr'><strong>civitate,</strong></span> <span class='ocrx_word' id='word_1_189' title='bbox 886 925 938 953; x_wconf 86' lang='lat' dir='ltr'><strong>sibi</strong></span> 
     </span>
    </p>
   </div>
   <div class='ocr_carea' id='block_1_30' title="bbox 149 970 938 1007">
    <p class='ocr_par' dir='ltr' id='par_1_30' title="bbox 149 970 938 1007">
     <span class='ocr_line' id='line_1_30' title="bbox 149 970 938 1007; baseline -0.001 -8"><span class='ocrx_word' id='word_1_190' title='bbox 149 972 263 999; x_wconf 83' lang='lat' dir='ltr'><strong>salutem</strong></span> <span class='ocrx_word' id='word_1_191' title='bbox 276 970 338 1006; x_wconf 73' lang='lat' dir='ltr'><strong>fuga</strong></span> <span class='ocrx_word' id='word_1_192' title='bbox 352 971 471 1007; x_wconf 80' lang='lat' dir='ltr'><strong>quaesiit,</strong></span> <span class='ocrx_word' id='word_1_193' title='bbox 486 978 520 999; x_wconf 88' lang='lat' dir='ltr'><strong>ac</strong></span> <span class='ocrx_word' id='word_1_194' title='bbox 543 971 662 1006; x_wconf 91' lang='lat' dir='ltr'><strong>primum</strong></span> <span class='ocrx_word' id='word_1_195' title='bbox 687 971 798 1007; x_wconf 91' lang='lat' dir='ltr'><strong>quidem</strong></span> <span class='ocrx_word' id='word_1_196' title='bbox 816 971 843 998; x_wconf 93' lang='lat' dir='ltr'><strong>in</strong></span> <span class='ocrx_word' id='word_1_197' title='bbox 860 971 938 1005; x_wconf 65' lang='lat' dir='ltr'><strong>Egi-</strong></span> 
     </span>
    </p>
   </div>
   <div class='ocr_carea' id='block_1_31' title="bbox 149 1017 936 1053">
    <p class='ocr_par' dir='ltr' id='par_1_31' title="bbox 149 1017 936 1053">
     <span class='ocr_line' id='line_1_31' title="bbox 149 1017 936 1053; baseline -0.001 -7"><span class='ocrx_word' id='word_1_198' title='bbox 149 1025 212 1046; x_wconf 87' lang='lat' dir='ltr'><strong>nam</strong></span> <span class='ocrx_word' id='word_1_199' title='bbox 229 1017 366 1053; x_wconf 75' lang='lat' dir='ltr'><strong>confugit.</strong></span> <span class='ocrx_word' id='word_1_200' title='bbox 389 1018 445 1046; x_wconf 89' lang='lat' dir='ltr'><strong>Sed</strong></span> <span class='ocrx_word' id='word_1_201' title='bbox 473 1026 535 1046; x_wconf 90' lang='lat' dir='ltr'><strong>cum</strong></span> <span class='ocrx_word' id='word_1_202' title='bbox 553 1023 693 1047; x_wconf 86' lang='lat' dir='ltr'><strong>vereretur</strong></span> <span class='ocrx_word' id='word_1_203' title='bbox 703 1018 839 1053; x_wconf 85' lang='lat' dir='ltr'><strong>Antipatri</strong></span> <span class='ocrx_word' id='word_1_204' title='bbox 857 1018 936 1050; x_wconf 89' lang='lat' dir='ltr'><strong>iram,</strong></span> 
     </span>
    </p>
   </div>
   <div class='ocr_carea' id='block_1_32' title="bbox 149 1062 938 1092">
    <p class='ocr_par' dir='ltr' id='par_1_32' title="bbox 149 1062 938 1092">
     <span class='ocr_line' id='line_1_32' title="bbox 149 1062 938 1092; baseline -0.001 -1"><span class='ocrx_word' id='word_1_205' title='bbox 149 1071 180 1092; x_wconf 88' lang='lat' dir='ltr'><strong>se</strong></span> <span class='ocrx_word' id='word_1_206' title='bbox 193 1063 221 1091; x_wconf 91' lang='lat' dir='ltr'><strong>in</strong></span> <span class='ocrx_word' id='word_1_207' title='bbox 232 1062 387 1091; x_wconf 87' lang='lat' dir='ltr'><strong>Calauriam</strong></span> <span class='ocrx_word' id='word_1_208' title='bbox 400 1064 551 1091; x_wconf 82' lang='lat' dir='ltr'><strong>transtulit.</strong></span> <span class='ocrx_word' id='word_1_209' title='bbox 565 1063 635 1091; x_wconf 87' lang='lat' dir='ltr'><strong>Cum</strong></span> <span class='ocrx_word' id='word_1_210' title='bbox 652 1067 742 1090; x_wconf 88' lang='lat' dir='ltr'><strong>autem</strong></span> <span class='ocrx_word' id='word_1_211' title='bbox 757 1063 938 1091; x_wconf 83' lang='lat' dir='ltr'><strong>Athenienses</strong></span> 
     </span>
    </p>
   </div>
   <div class='ocr_carea' id='block_1_33' title="bbox 149 1106 939 1142">
    <p class='ocr_par' dir='ltr' id='par_1_33' title="bbox 149 1106 939 1142">
     <span class='ocr_line' id='line_1_33' title="bbox 149 1106 939 1142; baseline 0.003 -9"><span class='ocrx_word' id='word_1_212' title='bbox 149 1112 286 1140; x_wconf 86' lang='lat' dir='ltr'><strong>oratores,</strong></span> <span class='ocrx_word' id='word_1_213' title='bbox 306 1107 453 1142; x_wconf 88' lang='lat' dir='ltr'><strong>ipsumque</strong></span> <span class='ocrx_word' id='word_1_214' title='bbox 474 1107 684 1136; x_wconf 84' lang='lat' dir='ltr'><strong>Demosthenem</strong></span> <span class='ocrx_word' id='word_1_215' title='bbox 702 1106 802 1135; x_wconf 87' lang='lat' dir='ltr'><strong>dedere</strong></span> <span class='ocrx_word' id='word_1_216' title='bbox 826 1107 939 1135; x_wconf 87' lang='lat' dir='ltr'><strong>statuis-</strong></span> 
     </span>
    </p>
   </div>
   <div class='ocr_carea' id='block_1_34' title="bbox 151 1152 940 1188">
    <p class='ocr_par' dir='ltr' id='par_1_34' title="bbox 151 1152 940 1188">
     <span class='ocr_line' id='line_1_34' title="bbox 151 1152 940 1188; baseline 0.003 -9"><span class='ocrx_word' id='word_1_217' title='bbox 151 1157 220 1184; x_wconf 86' lang='lat' dir='ltr'><strong>sent,</strong></span> <span class='ocrx_word' id='word_1_218' title='bbox 235 1153 261 1180; x_wconf 92' lang='lat' dir='ltr'><strong>in</strong></span> <span class='ocrx_word' id='word_1_219' title='bbox 278 1152 396 1188; x_wconf 72' lang='lat' dir='ltr'><strong>Neptuni</strong></span> <span class='ocrx_word' id='word_1_220' title='bbox 412 1153 512 1187; x_wconf 62' lang='lat' dir='ltr'><strong>templo</strong></span> <span class='ocrx_word' id='word_1_221' title='bbox 525 1152 640 1188; x_wconf 78' lang='lat' dir='ltr'><strong>supplex</strong></span> <span class='ocrx_word' id='word_1_222' title='bbox 666 1152 800 1181; x_wconf 89' lang='lat' dir='ltr'><strong>consedit.</strong></span> <span class='ocrx_word' id='word_1_223' title='bbox 816 1152 940 1188; x_wconf 84' lang='lat' dir='ltr'><strong>Cumque</strong></span> 
     </span>
    </p>
   </div>
   <div class='ocr_carea' id='block_1_35' title="bbox 150 1198 939 1234">
    <p class='ocr_par' dir='ltr' id='par_1_35' title="bbox 150 1198 939 1234">
     <span class='ocr_line' id='line_1_35' title="bbox 150 1198 939 1234; baseline 0.004 -10"><span class='ocrx_word' id='word_1_224' title='bbox 150 1198 184 1225; x_wconf 85' lang='lat' dir='ltr'><strong>ad</strong></span> <span class='ocrx_word' id='word_1_225' title='bbox 198 1206 261 1225; x_wconf 90' lang='lat' dir='ltr'><strong>eum</strong></span> <span class='ocrx_word' id='word_1_226' title='bbox 277 1198 404 1231; x_wconf 83' lang='lat' dir='ltr'><strong>Archias,</strong></span> <span class='ocrx_word' id='word_1_227' title='bbox 418 1199 464 1233; x_wconf 89' lang='lat' dir='ltr'><strong>qui</strong></span> <span class='ocrx_word' id='word_1_228' title='bbox 478 1198 702 1234; x_wconf 78' lang='lat' dir='ltr'><strong>Phygadotheres</strong></span> <span class='ocrx_word' id='word_1_229' title='bbox 710 1198 801 1234; x_wconf 85' lang='lat' dir='ltr'><strong>(quasi</strong></span> <span class='ocrx_word' id='word_1_230' title='bbox 812 1199 939 1227; x_wconf 80' lang='lat' dir='ltr'><strong>exsulum</strong></span> 
     </span>
    </p>
   </div>
   <div class='ocr_carea' id='block_1_36' title="bbox 150 1243 940 1283">
    <p class='ocr_par' dir='ltr' id='par_1_36' title="bbox 150 1243 940 1283">
     <span class='ocr_line' id='line_1_36' title="bbox 150 1243 940 1283; baseline 0.003 -13"><span class='ocrx_word' id='word_1_231' title='bbox 150 1243 276 1280; x_wconf 79' lang='lat' dir='ltr'><strong>venator)</strong></span> <span class='ocrx_word' id='word_1_232' title='bbox 298 1248 478 1279; x_wconf 82' lang='lat' dir='ltr'><strong>cognomento</strong></span> <span class='ocrx_word' id='word_1_233' title='bbox 497 1245 648 1276; x_wconf 89' lang='lat' dir='ltr'><strong>dicebatur,</strong></span> <span class='ocrx_word' id='word_1_234' title='bbox 675 1245 831 1277; x_wconf 88' lang='lat' dir='ltr'><strong>accederet,</strong></span> <span class='ocrx_word' id='word_1_235' title='bbox 860 1245 940 1283; x_wconf 76' lang='lat' dir='ltr'><strong>eique</strong></span> 
     </span>
    </p>
   </div>
   <div class='ocr_carea' id='block_1_37' title="bbox 151 1290 938 1326">
    <p class='ocr_par' dir='ltr' id='par_1_37' title="bbox 151 1290 938 1326">
     <span class='ocr_line' id='line_1_37' title="bbox 151 1290 938 1326; baseline 0.001 -9"><span class='ocrx_word' id='word_1_236' title='bbox 151 1291 291 1322; x_wconf 83' lang='lat' dir='ltr'><strong>suaderet,</strong></span> <span class='ocrx_word' id='word_1_237' title='bbox 306 1291 441 1323; x_wconf 81' lang='lat' dir='ltr'><strong>ntexiret,</strong></span> <span class='ocrx_word' id='word_1_238' title='bbox 459 1290 580 1325; x_wconf 86' lang='lat' dir='ltr'><strong>beneque</strong></span> <span class='ocrx_word' id='word_1_239' title='bbox 599 1290 633 1318; x_wconf 90' lang='lat' dir='ltr'><strong>de</strong></span> <span class='ocrx_word' id='word_1_240' title='bbox 648 1290 791 1325; x_wconf 82' lang='lat' dir='ltr'><strong>Antipatro</strong></span> <span class='ocrx_word' id='word_1_241' title='bbox 806 1297 938 1326; x_wconf 88' lang='lat' dir='ltr'><strong>speraret.</strong></span> 
     </span>
    </p>
   </div>
   <div class='ocr_carea' id='block_1_38' title="bbox 151 1336 939 1373">
    <p class='ocr_par' dir='ltr' id='par_1_38' title="bbox 151 1336 939 1373">
     <span class='ocr_line' id='line_1_38' title="bbox 151 1336 939 1373; baseline 0.001 -9"><span class='ocrx_word' id='word_1_242' title='bbox 151 1336 231 1364; x_wconf 85' lang='lat' dir='ltr'><strong>Tunc</strong></span> <span class='ocrx_word' id='word_1_243' title='bbox 248 1336 443 1364; x_wconf 87' lang='lat' dir='ltr'><strong>Demosthenes</strong></span> <span class='ocrx_word' id='word_1_244' title='bbox 462 1345 469 1363; x_wconf 90' lang='lat'>:</span> <span class='ocrx_word' id='word_1_245' title='bbox 487 1336 578 1371; x_wconf 77' lang='lat' dir='ltr'><strong>Neque</strong></span> <span class='ocrx_word' id='word_1_246' title='bbox 590 1345 649 1364; x_wconf 81' lang='lat' dir='ltr'><strong>cum</strong></span> <span class='ocrx_word' id='word_1_247' title='bbox 669 1337 824 1373; x_wconf 72' lang='lat' dir='ltr'><strong>tragwdias,</strong></span> <span class='ocrx_word' id='word_1_248' title='bbox 838 1337 939 1373; x_wconf 91' lang='lat' dir='ltr'><strong>inquit,</strong></span> 
     </span>
    </p>
   </div>
   <div class='ocr_carea' id='block_1_39' title="bbox 1024 828 1778 870">
    <p class='ocr_par' dir='ltr' id='par_1_39' title="bbox 1024 828 1778 870">
     <span class='ocr_line' id='line_1_39' title="bbox 1024 828 1778 870; baseline -0.008 -9"><span class='ocrx_word' id='word_1_249' title='bbox 1024 833 1105 870; x_wconf 77' lang='lat' dir='ltr'><strong>[M77</strong></span> <span class='ocrx_word' id='word_1_250' title='bbox 1118 832 1166 870; x_wconf 63' lang='grc' dir='ltr'><strong>Κ]</strong></span> <span class='ocrx_word' id='word_1_251' title='bbox 1181 832 1292 860; x_wconf 55' lang='lat' dir='ltr'><strong>suam</strong></span> <span class='ocrx_word' id='word_1_252' title='bbox 1306 831 1484 868; x_wconf 75' lang='grc' dir='ltr'>Ἀντίπατρος</span> <span class='ocrx_word' id='word_1_253' title='bbox 1495 829 1637 866; x_wconf 75' lang='grc' dir='ltr'><strong>Φάρσαλον</strong></span> <span class='ocrx_word' id='word_1_254' title='bbox 1647 828 1697 864; x_wconf 81' lang='grc' dir='ltr'>μὲν</span> <span class='ocrx_word' id='word_1_255' title='bbox 1705 828 1778 856; x_wconf 82' lang='grc' dir='ltr'>ἀνετ-</span> 
     </span>
    </p>
   </div>
   <div class='ocr_carea' id='block_1_40' title="bbox 987 875 1777 916">
    <p class='ocr_par' dir='ltr' id='par_1_40' title="bbox 987 875 1777 916">
     <span class='ocr_line' id='line_1_40' title="bbox 987 875 1777 916; baseline -0.009 -9"><span class='ocrx_word' id='word_1_256' title='bbox 987 880 1045 913; x_wconf 84' lang='grc' dir='ltr'>λεν,</span> <span class='ocrx_word' id='word_1_257' title='bbox 1059 880 1166 916; x_wconf 78' lang='grc' dir='ltr'>ἠπείλει</span> <span class='ocrx_word' id='word_1_258' title='bbox 1174 879 1203 907; x_wconf 77' lang='grc' dir='ltr'>δὲ</span> <span class='ocrx_word' id='word_1_259' title='bbox 1219 879 1411 915; x_wconf 81' lang='grc' dir='ltr'><strong>πολιορκήσειν</strong></span> <span class='ocrx_word' id='word_1_260' title='bbox 1421 877 1485 910; x_wconf 77' lang='grc' dir='ltr'>τοὺς</span> <span class='ocrx_word' id='word_1_261' title='bbox 1509 875 1678 912; x_wconf 79' lang='grc' dir='ltr'>Ἀθηναίους,</span> <span class='ocrx_word' id='word_1_262' title='bbox 1702 875 1727 901; x_wconf 75' lang='grc' dir='ltr'><strong>ει</strong></span> <span class='ocrx_word' id='word_1_263' title='bbox 1738 875 1777 911; x_wconf 83' lang='grc' dir='ltr'>μὴ</span> 
     </span>
    </p>
   </div>
   <div class='ocr_carea' id='block_1_41' title="bbox 988 921 1777 963">
    <p class='ocr_par' dir='ltr' id='par_1_41' title="bbox 988 921 1777 963">
     <span class='ocr_line' id='line_1_41' title="bbox 988 921 1777 963; baseline -0.008 -10"><span class='ocrx_word' id='word_1_264' title='bbox 988 925 1137 960; x_wconf 85' lang='grc' dir='ltr'>παραδοῖεν</span> <span class='ocrx_word' id='word_1_265' title='bbox 1149 924 1225 961; x_wconf 87' lang='grc' dir='ltr'><strong>αὺτῷ</strong></span> <span class='ocrx_word' id='word_1_266' title='bbox 1238 924 1306 963; x_wconf 77' lang='grc' dir='ltr'>τοὺς</span> <span class='ocrx_word' id='word_1_267' title='bbox 1321 922 1452 960; x_wconf 76' lang='grc' dir='ltr'>ῥήτορας,</span> <span class='ocrx_word' id='word_1_268' title='bbox 1468 921 1628 950; x_wconf 83' lang='grc' dir='ltr'>καταλιπὼν</span> <span class='ocrx_word' id='word_1_269' title='bbox 1641 922 1656 948; x_wconf 85' lang='grc' dir='ltr'><strong>ό</strong></span> <span class='ocrx_word' id='word_1_270' title='bbox 1684 921 1777 957; x_wconf 76' lang='grc' dir='ltr'>ῥήτωρ</span> 
     </span>
    </p>
   </div>
   <div class='ocr_carea' id='block_1_42' title="bbox 988 967 1776 1007">
    <p class='ocr_par' dir='ltr' id='par_1_42' title="bbox 988 967 1776 1007">
     <span class='ocr_line' id='line_1_42' title="bbox 988 967 1776 1007; baseline -0.004 -8"><span class='ocrx_word' id='word_1_271' title='bbox 988 973 1037 1007; x_wconf 83' lang='grc' dir='ltr'><strong>τὴν</strong></span> <span class='ocrx_word' id='word_1_272' title='bbox 1061 971 1122 1007; x_wconf 88' lang='grc' dir='ltr'>μηδ’</span> <span class='ocrx_word' id='word_1_273' title='bbox 1144 972 1245 1007; x_wconf 76' lang='grc' dir='ltr'>ἑαυτὴν</span> <span class='ocrx_word' id='word_1_274' title='bbox 1269 970 1424 1006; x_wconf 78' lang='grc' dir='ltr'>δυναμένην</span> <span class='ocrx_word' id='word_1_275' title='bbox 1449 969 1535 996; x_wconf 87' lang='grc' dir='ltr'>σῶσαι</span> <span class='ocrx_word' id='word_1_276' title='bbox 1575 968 1653 995; x_wconf 86' lang='grc' dir='ltr'>πόλιν</span> <span class='ocrx_word' id='word_1_277' title='bbox 1678 967 1776 1003; x_wconf 71' lang='grc' dir='ltr'>ἔφυγε.</span> 
     </span>
    </p>
   </div>
   <div class='ocr_carea' id='block_1_43' title="bbox 988 1011 1778 1052">
    <p class='ocr_par' dir='ltr' id='par_1_43' title="bbox 988 1011 1778 1052">
     <span class='ocr_line' id='line_1_43' title="bbox 988 1011 1778 1052; baseline -0.005 -9"><span class='ocrx_word' id='word_1_278' title='bbox 988 1017 1045 1044; x_wconf 82' lang='lat' dir='ltr'><strong>Ka‘t</strong></span> <span class='ocrx_word' id='word_1_279' title='bbox 1061 1016 1170 1052; x_wconf 83' lang='grc' dir='ltr'>πρῶτον</span> <span class='ocrx_word' id='word_1_280' title='bbox 1193 1016 1243 1052; x_wconf 78' lang='grc' dir='ltr'>μὲν</span> <span class='ocrx_word' id='word_1_281' title='bbox 1258 1015 1357 1052; x_wconf 85' lang='grc' dir='ltr'>Δίγίνῃ</span> <span class='ocrx_word' id='word_1_282' title='bbox 1380 1015 1403 1031; x_wconf 85' lang='grc'><strong>⁷³</strong></span> <span class='ocrx_word' id='word_1_283' title='bbox 1416 1014 1533 1049; x_wconf 71' lang='grc' dir='ltr'>ἐπέστη,</span> <span class='ocrx_word' id='word_1_284' title='bbox 1544 1011 1614 1046; x_wconf 79' lang='grc' dir='ltr'>εἷτα,</span> <span class='ocrx_word' id='word_1_285' title='bbox 1631 1012 1714 1040; x_wconf 82' lang='grc' dir='ltr'><strong>κάκεί</strong></span> <span class='ocrx_word' id='word_1_286' title='bbox 1727 1012 1778 1047; x_wconf 80' lang='grc' dir='ltr'>τὴν</span> 
     </span>
    </p>
   </div>
   <div class='ocr_carea' id='block_1_44' title="bbox 988 1059 1777 1098">
    <p class='ocr_par' dir='ltr' id='par_1_44' title="bbox 988 1059 1777 1098">
     <span class='ocr_line' id='line_1_44' title="bbox 988 1059 1777 1098; baseline -0.003 -10"><span class='ocrx_word' id='word_1_287' title='bbox 988 1062 1074 1098; x_wconf 82' lang='grc' dir='ltr'>ὀργὴν</span> <span class='ocrx_word' id='word_1_288' title='bbox 1083 1062 1218 1088; x_wconf 74' lang='grc' dir='ltr'>Φιλίππου</span> <span class='ocrx_word' id='word_1_289' title='bbox 1228 1062 1253 1078; x_wconf 75' lang='grc'><strong>⁷⁵</strong></span> <span class='ocrx_word' id='word_1_290' title='bbox 1261 1061 1367 1095; x_wconf 84' lang='grc' dir='ltr'>δεδιὼς,</span> <span class='ocrx_word' id='word_1_291' title='bbox 1383 1061 1424 1093; x_wconf 82' lang='grc' dir='ltr'><strong>είς</strong></span> <span class='ocrx_word' id='word_1_292' title='bbox 1435 1060 1595 1096; x_wconf 79' lang='grc' dir='ltr'>Καλαὸρίαν</span> <span class='ocrx_word' id='word_1_293' title='bbox 1605 1060 1629 1076; x_wconf 81' lang='grc'><strong>⁷⁵</strong></span> <span class='ocrx_word' id='word_1_294' title='bbox 1647 1059 1777 1095; x_wconf 82' lang='grc' dir='ltr'>μετέστη.</span> 
     </span>
    </p>
   </div>
   <div class='ocr_carea' id='block_1_45' title="bbox 988 1106 1780 1144">
    <p class='ocr_par' dir='ltr' id='par_1_45' title="bbox 988 1106 1780 1144">
     <span class='ocr_line' id='line_1_45' title="bbox 988 1106 1780 1144; baseline -0.003 -10"><span class='ocrx_word' id='word_1_295' title='bbox 988 1108 1086 1144; x_wconf 81' lang='grc' dir='ltr'>Ψῆφον</span> <span class='ocrx_word' id='word_1_296' title='bbox 1096 1108 1125 1135; x_wconf 81' lang='grc' dir='ltr'>δὲ</span> <span class='ocrx_word' id='word_1_297' title='bbox 1141 1107 1263 1143; x_wconf 84' lang='grc' dir='ltr'><strong>θεμένων</strong></span> <span class='ocrx_word' id='word_1_298' title='bbox 1282 1107 1432 1143; x_wconf 83' lang='grc' dir='ltr'>Ἀθηναίων</span> <span class='ocrx_word' id='word_1_299' title='bbox 1441 1107 1566 1134; x_wconf 76' lang='grc' dir='ltr'>ἐκδοῦναι</span> <span class='ocrx_word' id='word_1_300' title='bbox 1577 1106 1641 1138; x_wconf 83' lang='grc' dir='ltr'>τοὺς</span> <span class='ocrx_word' id='word_1_301' title='bbox 1649 1107 1780 1142; x_wconf 76' lang='grc' dir='ltr'>ῥήτορας,</span> 
     </span>
    </p>
   </div>
   <div class='ocr_carea' id='block_1_46' title="bbox 990 1150 1778 1190">
    <p class='ocr_par' dir='ltr' id='par_1_46' title="bbox 990 1150 1778 1190">
     <span class='ocr_line' id='line_1_46' title="bbox 990 1150 1778 1190; baseline -0.005 -9"><span class='ocrx_word' id='word_1_302' title='bbox 990 1155 1084 1190; x_wconf 75' lang='grc' dir='ltr'>ἱκέτης</span> <span class='ocrx_word' id='word_1_303' title='bbox 1107 1154 1136 1180; x_wconf 86' lang='grc' dir='ltr'>ὲν</span> <span class='ocrx_word' id='word_1_304' title='bbox 1156 1153 1196 1189; x_wconf 84' lang='grc' dir='ltr'><strong>τῷ</strong></span> <span class='ocrx_word' id='word_1_305' title='bbox 1217 1152 1265 1180; x_wconf 77' lang='grc' dir='ltr'>τοῦ</span> <span class='ocrx_word' id='word_1_306' title='bbox 1291 1152 1459 1185; x_wconf 84' lang='grc' dir='ltr'>Ποσειδῶνος</span> <span class='ocrx_word' id='word_1_307' title='bbox 1484 1152 1674 1188; x_wconf 84' lang='grc' dir='ltr'>προσήδρευεν</span> <span class='ocrx_word' id='word_1_308' title='bbox 1701 1150 1778 1186; x_wconf 79' lang='grc' dir='ltr'>ἱερῷ.</span> 
     </span>
    </p>
   </div>
   <div class='ocr_carea' id='block_1_47' title="bbox 995 1195 1779 1234">
    <p class='ocr_par' dir='ltr' id='par_1_47' title="bbox 995 1195 1779 1234">
     <span class='ocr_line' id='line_1_47' title="bbox 995 1195 1779 1234; baseline -0.005 -8"><span class='ocrx_word' id='word_1_309' title='bbox 995 1199 1106 1234; x_wconf 86' lang='grc' dir='ltr'>Ἀρχίου</span> <span class='ocrx_word' id='word_1_310' title='bbox 1121 1198 1149 1226; x_wconf 82' lang='grc' dir='ltr'>δὲ</span> <span class='ocrx_word' id='word_1_311' title='bbox 1167 1197 1215 1225; x_wconf 82' lang='grc' dir='ltr'>τοῦ</span> <span class='ocrx_word' id='word_1_312' title='bbox 1242 1197 1358 1233; x_wconf 77' lang='grc' dir='ltr'>ἐπίκλην</span> <span class='ocrx_word' id='word_1_313' title='bbox 1385 1196 1563 1232; x_wconf 84' lang='grc' dir='ltr'>φυγαδοθήρα</span> <span class='ocrx_word' id='word_1_314' title='bbox 1580 1195 1779 1232; x_wconf 82' lang='grc' dir='ltr'>προσελθόντος</span> 
     </span>
    </p>
   </div>
   <div class='ocr_carea' id='block_1_48' title="bbox 989 1240 1779 1280">
    <p class='ocr_par' dir='ltr' id='par_1_48' title="bbox 989 1240 1779 1280">
     <span class='ocr_line' id='line_1_48' title="bbox 989 1240 1779 1280; baseline -0.006 -7"><span class='ocrx_word' id='word_1_315' title='bbox 989 1245 1074 1280; x_wconf 84' lang='grc' dir='ltr'>αὐτῷ,</span> <span class='ocrx_word' id='word_1_316' title='bbox 1088 1245 1134 1272; x_wconf 82' lang='grc' dir='ltr'>καὶ</span> <span class='ocrx_word' id='word_1_317' title='bbox 1151 1244 1257 1276; x_wconf 73' lang='grc' dir='ltr'>πείθειν</span> <span class='ocrx_word' id='word_1_318' title='bbox 1272 1242 1476 1279; x_wconf 64' lang='grc' dir='ltr'>ἐπιχειροῦντος</span> <span class='ocrx_word' id='word_1_319' title='bbox 1492 1242 1653 1270; x_wconf 80' lang='grc' dir='ltr'>ἀνίστασθαί</span> <span class='ocrx_word' id='word_1_320' title='bbox 1676 1250 1706 1269; x_wconf 91' lang='grc' dir='ltr'><strong>τε</strong></span> <span class='ocrx_word' id='word_1_321' title='bbox 1730 1240 1779 1269; x_wconf 82' lang='grc' dir='ltr'>τοῦ</span> 
     </span>
    </p>
   </div>
   <div class='ocr_carea' id='block_1_49' title="bbox 990 1288 1779 1327">
    <p class='ocr_par' dir='ltr' id='par_1_49' title="bbox 990 1288 1779 1327">
     <span class='ocr_line' id='line_1_49' title="bbox 990 1288 1779 1327; baseline -0.005 -9"><span class='ocrx_word' id='word_1_322' title='bbox 990 1291 1064 1327; x_wconf 86' lang='grc' dir='ltr'>ίεροῦ</span> <span class='ocrx_word' id='word_1_323' title='bbox 1088 1291 1135 1317; x_wconf 76' lang='grc' dir='ltr'>καὶ</span> <span class='ocrx_word' id='word_1_324' title='bbox 1157 1290 1277 1326; x_wconf 84' lang='grc' dir='ltr'>χρηστὰς</span> <span class='ocrx_word' id='word_1_325' title='bbox 1297 1289 1408 1321; x_wconf 71' lang='grc' dir='ltr'>ἐλπίδας</span> <span class='ocrx_word' id='word_1_326' title='bbox 1430 1289 1502 1325; x_wconf 76' lang='grc' dir='ltr'>ἔχειν</span> <span class='ocrx_word' id='word_1_327' title='bbox 1524 1289 1568 1316; x_wconf 77' lang='grc' dir='ltr'><strong>ἐπ’</strong></span> <span class='ocrx_word' id='word_1_328' title='bbox 1596 1288 1779 1323; x_wconf 83' lang='grc' dir='ltr'>Ἀντιπάτρῳ,</span> 
     </span>
    </p>
   </div>
   <div class='ocr_carea' id='block_1_50' title="bbox 995 1333 1781 1370">
    <p class='ocr_par' dir='ltr' id='par_1_50' title="bbox 995 1333 1781 1370">
     <span class='ocr_line' id='line_1_50' title="bbox 995 1333 1781 1370; baseline -0.005 -6"><span class='ocrx_word' id='word_1_329' title='bbox 995 1336 1088 1370; x_wconf 76' lang='grc' dir='ltr'>Ἀλλ’,</span> <span class='ocrx_word' id='word_1_330' title='bbox 1100 1333 1124 1364; x_wconf 86' lang='grc' dir='ltr'>ὦ</span> <span class='ocrx_word' id='word_1_331' title='bbox 1133 1335 1288 1369; x_wconf 79' lang='grc' dir='ltr'>βέλτιστε,</span> <span class='ocrx_word' id='word_1_332' title='bbox 1300 1333 1387 1369; x_wconf 81' lang='grc' dir='ltr'>εἶπεν,</span> <span class='ocrx_word' id='word_1_333' title='bbox 1398 1335 1468 1362; x_wconf 77' lang='grc' dir='ltr'>οὔτε</span> <span class='ocrx_word' id='word_1_334' title='bbox 1479 1334 1637 1370; x_wconf 75' lang='grc' dir='ltr'>τραγῳδῶν</span> <span class='ocrx_word' id='word_1_335' title='bbox 1655 1333 1781 1367; x_wconf 76' lang='grc' dir='ltr'>ἕπεισάς</span> 
     </span>
    </p>
   </div>
   <div class='ocr_carea' id='block_1_51' title="bbox 152 1379 943 1417">
    <p class='ocr_par' dir='ltr' id='par_1_51' title="bbox 152 1382 939 1417">
     <span class='ocr_line' id='line_1_51' title="bbox 152 1382 939 1417; baseline 0.003 -8"><span class='ocrx_word' id='word_1_336' title='bbox 152 1391 255 1417; x_wconf 75' lang='lat' dir='ltr'><strong>ageres,</strong></span> <span class='ocrx_word' id='word_1_337' title='bbox 276 1383 340 1409; x_wconf 85' lang='lat' dir='ltr'><strong>mihi</strong></span> <span class='ocrx_word' id='word_1_338' title='bbox 364 1383 544 1416; x_wconf 68' lang='lat' dir='ltr'><strong>persuasisti,</strong></span> <span class='ocrx_word' id='word_1_339' title='bbox 561 1390 642 1417; x_wconf 81' lang='lat' dir='ltr'><strong>neque</strong></span> <span class='ocrx_word' id='word_1_340' title='bbox 659 1382 708 1409; x_wconf 80' lang='lat' dir='ltr'><strong>hoc</strong></span> <span class='ocrx_word' id='word_1_341' title='bbox 723 1382 939 1417; x_wconf 63' lang='lat' dir='ltr'><strong>nunc-&#39;tuadem,</strong></span> 
     </span>
    </p>
   </div>
   <div class='ocr_carea' id='block_1_52' title="bbox 995 1379 1781 1417">
    <p class='ocr_par' dir='ltr' id='par_1_52' title="bbox 995 1379 1781 1416">
     <span class='ocr_line' id='line_1_52' title="bbox 995 1379 1781 1416; baseline -0.005 -6"><span class='ocrx_word' id='word_1_342' title='bbox 995 1391 1035 1415; x_wconf 78' lang='grc' dir='ltr'><strong>με,</strong></span> <span class='ocrx_word' id='word_1_343' title='bbox 1051 1383 1120 1410; x_wconf 81' lang='grc' dir='ltr'>οὔτε</span> <span class='ocrx_word' id='word_1_344' title='bbox 1132 1382 1192 1409; x_wconf 84' lang='grc' dir='ltr'>νῦν</span> <span class='ocrx_word' id='word_1_345' title='bbox 1206 1381 1424 1416; x_wconf 72' lang='grc' dir='ltr'>συμϐουλεύων</span> <span class='ocrx_word' id='word_1_346' title='bbox 1448 1382 1575 1413; x_wconf 76' lang='grc' dir='ltr'>πείσεις.</span> <span class='ocrx_word' id='word_1_347' title='bbox 1597 1379 1781 1416; x_wconf 85' lang='grc' dir='ltr'>Ἐπιχειροῦν-</span> 
     </span>
    </p>
   </div>
   <div class='ocr_carea' id='block_1_53' title="bbox 152 1426 943 1463">
    <p class='ocr_par' dir='ltr' id='par_1_53' title="bbox 152 1426 939 1462">
     <span class='ocr_line' id='line_1_53' title="bbox 152 1426 939 1462; baseline 0.003 -9"><span class='ocrx_word' id='word_1_348' title='bbox 152 1427 337 1462; x_wconf 73' lang='lat' dir='ltr'><strong>persuadebis.</strong></span> <span class='ocrx_word' id='word_1_349' title='bbox 354 1427 389 1454; x_wconf 89' lang='lat' dir='ltr'><strong>Et</strong></span> <span class='ocrx_word' id='word_1_350' title='bbox 398 1434 459 1454; x_wconf 87' lang='lat' dir='ltr'><strong>cum</strong></span> <span class='ocrx_word' id='word_1_351' title='bbox 470 1427 586 1454; x_wconf 81' lang='lat' dir='ltr'><strong>Archias</strong></span> <span class='ocrx_word' id='word_1_352' title='bbox 601 1427 656 1454; x_wconf 80' lang='lat' dir='ltr'><strong>vim</strong></span> <span class='ocrx_word' id='word_1_353' title='bbox 669 1426 771 1455; x_wconf 83' lang='lat' dir='ltr'><strong>inferre</strong></span> <span class='ocrx_word' id='word_1_354' title='bbox 783 1432 939 1462; x_wconf 86' lang='lat' dir='ltr'><strong>conaretur,</strong></span> 
     </span>
    </p>
   </div>
   <div class='ocr_carea' id='block_1_54' title="bbox 995 1426 1782 1463">
    <p class='ocr_par' dir='ltr' id='par_1_54' title="bbox 995 1426 1782 1463">
     <span class='ocr_line' id='line_1_54' title="bbox 995 1426 1782 1463; baseline -0.003 -8"><span class='ocrx_word' id='word_1_355' title='bbox 995 1437 1035 1461; x_wconf 75' lang='grc' dir='ltr'><strong>τος</strong></span> <span class='ocrx_word' id='word_1_356' title='bbox 1049 1428 1078 1455; x_wconf 77' lang='grc' dir='ltr'>δὲ</span> <span class='ocrx_word' id='word_1_357' title='bbox 1095 1428 1177 1455; x_wconf 75' lang='grc' dir='ltr'>αὐτὸν</span> <span class='ocrx_word' id='word_1_358' title='bbox 1196 1427 1348 1463; x_wconf 82' lang='grc' dir='ltr'>βιάζεσθαι,</span> <span class='ocrx_word' id='word_1_359' title='bbox 1365 1428 1391 1455; x_wconf 79' lang='lat' dir='ltr'><strong>oi</strong></span> <span class='ocrx_word' id='word_1_360' title='bbox 1417 1426 1469 1462; x_wconf 77' lang='grc' dir='ltr'>τῆς</span> <span class='ocrx_word' id='word_1_361' title='bbox 1492 1427 1597 1459; x_wconf 86' lang='grc' dir='ltr'>πόλεως</span> <span class='ocrx_word' id='word_1_362' title='bbox 1623 1426 1705 1454; x_wconf 76' lang='grc' dir='ltr'>αὑτὸν</span> <span class='ocrx_word' id='word_1_363' title='bbox 1732 1427 1782 1454; x_wconf 77' lang='grc' dir='ltr'><strong>ἐπ-</strong></span> 
     </span>
    </p>
   </div>
   <div class='ocr_carea' id='block_1_55' title="bbox 154 1472 943 1511">
    <p class='ocr_par' dir='ltr' id='par_1_55' title="bbox 154 1472 941 1508">
     <span class='ocr_line' id='line_1_55' title="bbox 154 1472 941 1508; baseline 0.003 -9"><span class='ocrx_word' id='word_1_364' title='bbox 154 1473 352 1508; x_wconf 88' lang='lat' dir='ltr'><strong>prohibuerant</strong></span> <span class='ocrx_word' id='word_1_365' title='bbox 364 1473 413 1505; x_wconf 87' lang='lat' dir='ltr'><strong>illi,</strong></span> <span class='ocrx_word' id='word_1_366' title='bbox 423 1472 469 1507; x_wconf 93' lang='lat' dir='ltr'><strong>qui</strong></span> <span class='ocrx_word' id='word_1_367' title='bbox 483 1473 515 1500; x_wconf 83' lang='lat' dir='ltr'><strong>ad</strong></span> <span class='ocrx_word' id='word_1_368' title='bbox 532 1472 608 1500; x_wconf 88' lang='lat' dir='ltr'><strong>urbis</strong></span> <span class='ocrx_word' id='word_1_369' title='bbox 619 1473 772 1501; x_wconf 86' lang='lat' dir='ltr'><strong>custodiam</strong></span> <span class='ocrx_word' id='word_1_370' title='bbox 787 1479 864 1501; x_wconf 86' lang='lat' dir='ltr'><strong>erant</strong></span> <span class='ocrx_word' id='word_1_371' title='bbox 874 1482 941 1502; x_wconf 87' lang='lat' dir='ltr'><strong>con-</strong></span> 
     </span>
    </p>
   </div>
   <div class='ocr_carea' id='block_1_56' title="bbox 995 1472 1782 1511">
    <p class='ocr_par' dir='ltr' id='par_1_56' title="bbox 995 1472 1782 1511">
     <span class='ocr_line' id='line_1_56' title="bbox 995 1472 1782 1511; baseline -0.005 -8"><span class='ocrx_word' id='word_1_372' title='bbox 995 1475 1081 1511; x_wconf 66' lang='grc' dir='ltr'>ἔσχον.</span> <span class='ocrx_word' id='word_1_373' title='bbox 1093 1475 1149 1502; x_wconf 79' lang='grc' dir='ltr'><strong>Καὶ</strong></span> <span class='ocrx_word' id='word_1_374' title='bbox 1157 1475 1172 1501; x_wconf 88' lang='grc' dir='ltr'><strong>ό</strong></span> <span class='ocrx_word' id='word_1_375' title='bbox 1181 1473 1357 1510; x_wconf 82' lang='grc' dir='ltr'><strong>Δημοσθένης</strong></span> <span class='ocrx_word' id='word_1_376' title='bbox 1373 1472 1446 1509; x_wconf 82' lang='grc' dir='ltr'>μάλα</span> <span class='ocrx_word' id='word_1_377' title='bbox 1453 1473 1586 1508; x_wconf 86' lang='grc' dir='ltr'>γενναίως</span> <span class='ocrx_word' id='word_1_378' title='bbox 1600 1473 1648 1500; x_wconf 78' lang='grc' dir='ltr'>καὶ</span> <span class='ocrx_word' id='word_1_379' title='bbox 1660 1473 1782 1508; x_wconf 85' lang='grc' dir='ltr'>φαιδρῶς</span> 
     </span>
    </p>
   </div>
   <div class='ocr_carea' id='block_1_57' title="bbox 153 1507 943 1557">
    <p class='ocr_par' dir='ltr' id='par_1_57' title="bbox 153 1507 942 1547">
     <span class='ocr_line' id='line_1_57' title="bbox 153 1507 942 1547; baseline 0.004 -3"><span class='ocrx_word' id='word_1_380' title='bbox 153 1507 254 1544; x_wconf 76' lang='lat' dir='ltr'><strong>stituti.</strong></span> <span class='ocrx_word' id='word_1_381' title='bbox 273 1516 340 1543; x_wconf 90' lang='lat' dir='ltr'><strong>Tum</strong></span> <span class='ocrx_word' id='word_1_382' title='bbox 359 1516 555 1545; x_wconf 83' lang='lat' dir='ltr'><strong>Demosthenes</strong></span> <span class='ocrx_word' id='word_1_383' title='bbox 569 1521 680 1545; x_wconf 84' lang='lat' dir='ltr'><strong>strenue</strong></span> <span class='ocrx_word' id='word_1_384' title='bbox 695 1524 722 1546; x_wconf 85' lang='lat' dir='ltr'><strong>et</strong></span> <span class='ocrx_word' id='word_1_385' title='bbox 736 1518 841 1546; x_wconf 81' lang='lat' dir='ltr'><strong>fortiter</strong></span> <span class='ocrx_word' id='word_1_386' title='bbox 854 1526 865 1546; x_wconf 91' lang='lat'><strong><em>:</em></strong></span> <span class='ocrx_word' id='word_1_387' title='bbox 880 1518 942 1547; x_wconf 84' lang='lat' dir='ltr'><strong>Non</strong></span> 
     </span>
    </p>
   </div>
   <div class='ocr_carea' id='block_1_58' title="bbox 995 1507 1783 1557">
    <p class='ocr_par' dir='ltr' id='par_1_58' title="bbox 995 1507 1783 1557">
     <span class='ocr_line' id='line_1_58' title="bbox 995 1507 1783 1557; baseline -0.004 -9"><span class='ocrx_word' id='word_1_388' title='bbox 1075 1521 1116 1548; x_wconf 84' lang='grc' dir='ltr'>οὐ</span> <span class='ocrx_word' id='word_1_389' title='bbox 1133 1507 1287 1554; x_wconf 62' lang='grc' dir='ltr'>σωτηρίας</span> <span class='ocrx_word' id='word_1_390' title='bbox 1297 1507 1438 1554; x_wconf 67' lang='grc' dir='ltr'>δεόμενος</span> <span class='ocrx_word' id='word_1_391' title='bbox 1451 1507 1622 1553; x_wconf 73' lang='grc' dir='ltr'>κατέφυγον</span> <span class='ocrx_word' id='word_1_392' title='bbox 1628 1507 1673 1552; x_wconf 69' lang='grc' dir='ltr'><strong>σιξ</strong></span> <span class='ocrx_word' id='word_1_393' title='bbox 1683 1507 1783 1546; x_wconf 55' lang='grc' dir='ltr'>Καλα-</span> 
     </span>
    </p>
   </div>
   <div class='ocr_carea' id='block_1_59' title="bbox 153 1562 943 1602">
    <p class='ocr_par' dir='ltr' id='par_1_59' title="bbox 153 1562 943 1600">
     <span class='ocr_line' id='line_1_59' title="bbox 153 1562 943 1600; baseline 0.005 -11"><span class='ocrx_word' id='word_1_394' title='bbox 153 1562 261 1595; x_wconf 67' lang='lat' dir='ltr'><strong>salutis,</strong></span> <span class='ocrx_word' id='word_1_395' title='bbox 278 1563 376 1598; x_wconf 83' lang='lat' dir='ltr'><strong>inquit.</strong></span> <span class='ocrx_word' id='word_1_396' title='bbox 391 1572 467 1598; x_wconf 72' lang='lat' dir='ltr'><strong>egena</strong></span> <span class='ocrx_word' id='word_1_397' title='bbox 482 1563 509 1590; x_wconf 83' lang='lat' dir='ltr'><strong>in</strong></span> <span class='ocrx_word' id='word_1_398' title='bbox 535 1563 694 1591; x_wconf 86' lang='lat' dir='ltr'><strong>Calauriam</strong></span> <span class='ocrx_word' id='word_1_399' title='bbox 715 1565 832 1600; x_wconf 78' lang='lat' dir='ltr'><strong>confugi,</strong></span> <span class='ocrx_word' id='word_1_400' title='bbox 849 1567 893 1593; x_wconf 75' lang='lat' dir='ltr'><strong>sed</strong></span> <span class='ocrx_word' id='word_1_401' title='bbox 913 1571 943 1593; x_wconf 89' lang='lat' dir='ltr'><strong>ut</strong></span> 
     </span>
    </p>
   </div>
   <div class='ocr_carea' id='block_1_60' title="bbox 995 1562 1784 1602">
    <p class='ocr_par' dir='ltr' id='par_1_60' title="bbox 995 1564 1784 1602">
     <span class='ocr_line' id='line_1_60' title="bbox 995 1564 1784 1602; baseline -0.005 -7"><span class='ocrx_word' id='word_1_402' title='bbox 995 1567 1091 1602; x_wconf 79' lang='grc' dir='ltr'>ϐριαν,</span> <span class='ocrx_word' id='word_1_403' title='bbox 1107 1567 1176 1594; x_wconf 73' lang='grc' dir='ltr'><strong>ἀλλ’</strong></span> <span class='ocrx_word' id='word_1_404' title='bbox 1189 1566 1310 1601; x_wconf 74' lang='grc' dir='ltr'><strong>ἐλέγξαι</strong></span> <span class='ocrx_word' id='word_1_405' title='bbox 1338 1564 1515 1597; x_wconf 80' lang='grc' dir='ltr'>Μακεδόνας</span> <span class='ocrx_word' id='word_1_406' title='bbox 1535 1565 1728 1598; x_wconf 75' lang='grc' dir='ltr'>,ϐουλόμενος</span> <span class='ocrx_word' id='word_1_407' title='bbox 1742 1565 1784 1598; x_wconf 82' lang='grc' dir='ltr'>ὡς</span> 
     </span>
    </p>
   </div>
   <div class='ocr_carea' id='block_1_61' title="bbox 154 1609 943 1649">
    <p class='ocr_par' dir='ltr' id='par_1_61' title="bbox 154 1609 943 1644">
     <span class='ocr_line' id='line_1_61' title="bbox 154 1609 943 1644; baseline 0.005 -9"><span class='ocrx_word' id='word_1_408' title='bbox 154 1609 298 1644; x_wconf 76' lang='lat' dir='ltr'><strong>impietatis</strong></span> <span class='ocrx_word' id='word_1_409' title='bbox 315 1615 339 1637; x_wconf 89' lang='lat' dir='ltr'><strong>et</strong></span> <span class='ocrx_word' id='word_1_410' title='bbox 353 1610 484 1637; x_wconf 72' lang='lat' dir='ltr'><strong>violentiae</strong></span> <span class='ocrx_word' id='word_1_411' title='bbox 506 1610 534 1637; x_wconf 87' lang='lat' dir='ltr'><strong>in</strong></span> <span class='ocrx_word' id='word_1_412' title='bbox 555 1610 616 1637; x_wconf 77' lang='lat' dir='ltr'><strong>deos</strong></span> <span class='ocrx_word' id='word_1_413' title='bbox 632 1609 789 1637; x_wconf 73' lang='lat' dir='ltr'><strong>Macedones</strong></span> <span class='ocrx_word' id='word_1_414' title='bbox 808 1612 943 1640; x_wconf 79' lang='lat' dir='ltr'><strong>conuince-</strong></span> 
     </span>
    </p>
   </div>
   <div class='ocr_carea' id='block_1_62' title="bbox 995 1609 1783 1649">
    <p class='ocr_par' dir='ltr' id='par_1_62' title="bbox 995 1609 1783 1649">
     <span class='ocr_line' id='line_1_62' title="bbox 995 1609 1783 1649; baseline -0.006 -9"><span class='ocrx_word' id='word_1_415' title='bbox 995 1612 1044 1640; x_wconf 72' lang='grc' dir='ltr'><strong>καὶ</strong></span> <span class='ocrx_word' id='word_1_416' title='bbox 1061 1612 1098 1640; x_wconf 85' lang='grc' dir='ltr'>τὰ</span> <span class='ocrx_word' id='word_1_417' title='bbox 1113 1611 1176 1649; x_wconf 82' lang='grc'><strong>[806</strong></span> <span class='ocrx_word' id='word_1_418' title='bbox 1190 1610 1238 1648; x_wconf 82' lang='grc' dir='ltr'><strong>Η.]</strong></span> <span class='ocrx_word' id='word_1_419' title='bbox 1250 1610 1310 1638; x_wconf 77' lang='grc' dir='ltr'>τῶν</span> <span class='ocrx_word' id='word_1_420' title='bbox 1332 1610 1409 1639; x_wconf 76' lang='grc' dir='ltr'>θεῶν</span> <span class='ocrx_word' id='word_1_421' title='bbox 1431 1609 1492 1636; x_wconf 76' lang='grc' dir='ltr'>εἰσὶ</span> <span class='ocrx_word' id='word_1_422' title='bbox 1505 1609 1673 1642; x_wconf 79' lang='grc' dir='ltr'>,βιάσασθαι</span> <span class='ocrx_word' id='word_1_423' title='bbox 1685 1611 1783 1636; x_wconf 69' lang='grc' dir='ltr'>παλα-</span> 
     </span>
    </p>
   </div>
   <div class='ocr_carea' id='block_1_63' title="bbox 154 1653 943 1695">
    <p class='ocr_par' dir='ltr' id='par_1_63' title="bbox 154 1653 943 1690">
     <span class='ocr_line' id='line_1_63' title="bbox 154 1653 943 1690; baseline 0.004 -9"><span class='ocrx_word' id='word_1_424' title='bbox 154 1662 221 1682; x_wconf 84' lang='lat' dir='ltr'><strong>rem.</strong></span> <span class='ocrx_word' id='word_1_425' title='bbox 240 1653 272 1681; x_wconf 87' lang='lat' dir='ltr'><strong>Et</strong></span> <span class='ocrx_word' id='word_1_426' title='bbox 288 1655 443 1683; x_wconf 90' lang='lat' dir='ltr'><strong>codicillum</strong></span> <span class='ocrx_word' id='word_1_427' title='bbox 470 1655 612 1690; x_wconf 86' lang='lat' dir='ltr'><strong>postulans</strong></span> <span class='ocrx_word' id='word_1_428' title='bbox 644 1655 817 1690; x_wconf 86' lang='lat' dir='ltr'><strong>inscripsisse</strong></span> <span class='ocrx_word' id='word_1_429' title='bbox 847 1656 943 1690; x_wconf 80' lang='lat' dir='ltr'><strong>fertur,</strong></span> 
     </span>
    </p>
   </div>
   <div class='ocr_carea' id='block_1_64' title="bbox 995 1653 1785 1695">
    <p class='ocr_par' dir='ltr' id='par_1_64' title="bbox 995 1653 1785 1695">
     <span class='ocr_line' id='line_1_64' title="bbox 995 1653 1785 1695; baseline -0.006 -9"><span class='ocrx_word' id='word_1_430' title='bbox 995 1659 1103 1695; x_wconf 83' lang='grc' dir='ltr'>μναῖοι.</span> <span class='ocrx_word' id='word_1_431' title='bbox 1121 1658 1175 1685; x_wconf 76' lang='grc' dir='ltr'><strong>Καὶ</strong></span> <span class='ocrx_word' id='word_1_432' title='bbox 1189 1657 1377 1693; x_wconf 82' lang='grc' dir='ltr'>γραμματεῖον</span> <span class='ocrx_word' id='word_1_433' title='bbox 1393 1655 1508 1690; x_wconf 73' lang='grc' dir='ltr'>αἰτήσας</span> <span class='ocrx_word' id='word_1_434' title='bbox 1521 1653 1624 1690; x_wconf 81' lang='grc' dir='ltr'>γράψαι</span> <span class='ocrx_word' id='word_1_435' title='bbox 1633 1655 1741 1689; x_wconf 79' lang='grc' dir='ltr'>λέγεται</span> <span class='ocrx_word' id='word_1_436' title='bbox 1753 1655 1785 1682; x_wconf 86' lang='grc' dir='ltr'><strong>τδ</strong></span> 
     </span>
    </p>
   </div>
   <div class='ocr_carea' id='block_1_65' title="bbox 155 1700 945 1737">
    <p class='ocr_par' dir='ltr' id='par_1_65' title="bbox 155 1700 945 1737">
     <span class='ocr_line' id='line_1_65' title="bbox 155 1700 945 1737; baseline 0.005 -11"><span class='ocrx_word' id='word_1_437' title='bbox 155 1703 251 1727; x_wconf 65' lang='lat' dir='ltr'><strong>statum</strong></span> <span class='ocrx_word' id='word_1_438' title='bbox 274 1700 477 1727; x_wconf 76' lang='lat' dir='ltr'><strong>inscribendum</strong></span> <span class='ocrx_word' id='word_1_439' title='bbox 508 1700 662 1734; x_wconf 87' lang='lat' dir='ltr'><strong>distichon,</strong></span> <span class='ocrx_word' id='word_1_440' title='bbox 691 1701 764 1737; x_wconf 88' lang='lat' dir='ltr'><strong>quod</strong></span> <span class='ocrx_word' id='word_1_441' title='bbox 795 1706 887 1736; x_wconf 85' lang='lat' dir='ltr'><strong>postea</strong></span> <span class='ocrx_word' id='word_1_442' title='bbox 910 1701 945 1730; x_wconf 84' lang='lat' dir='ltr'><strong>ab</strong></span> 
     </span>
    </p>
   </div>
   <div class='ocr_carea' id='block_1_66' title="bbox 157 1746 582 1781">
    <p class='ocr_par' dir='ltr' id='par_1_66' title="bbox 157 1746 582 1781">
     <span class='ocr_line' id='line_1_66' title="bbox 157 1746 582 1781; baseline 0.002 -9"><span class='ocrx_word' id='word_1_443' title='bbox 157 1746 371 1774; x_wconf 80' lang='lat' dir='ltr'><strong>Atheniensibus</strong></span> <span class='ocrx_word' id='word_1_444' title='bbox 394 1746 558 1781; x_wconf 81' lang='lat' dir='ltr'><strong>inscriptum</strong></span> <span class='ocrx_word' id='word_1_445' title='bbox 575 1754 582 1774; x_wconf 86' lang='lat'><strong>:</strong></span> 
     </span>
    </p>
   </div>
   <div class='ocr_carea' id='block_1_67' title="bbox 157 1801 837 1864">
    <p class='ocr_par' dir='ltr' id='par_1_67' title="bbox 157 1801 837 1864">
     <span class='ocr_line' id='line_1_67' title="bbox 157 1801 837 1864; baseline 0.004 -35"><span class='ocrx_word' id='word_1_446' title='bbox 157 1801 187 1830; x_wconf 91' lang='lat' dir='ltr'><strong>Si</strong></span> <span class='ocrx_word' id='word_1_447' title='bbox 193 1802 282 1864; x_wconf 53' lang='lat' dir='ltr'><strong>Icaria</strong></span> <span class='ocrx_word' id='word_1_448' title='bbox 294 1802 407 1837; x_wconf 80' lang='lat' dir='ltr'><strong>eloquio,</strong></span> <span class='ocrx_word' id='word_1_449' title='bbox 424 1802 620 1835; x_wconf 75' lang='lat' dir='ltr'><strong>Demosthenes,</strong></span> <span class='ocrx_word' id='word_1_450' title='bbox 631 1812 707 1830; x_wconf 82' lang='lat' dir='ltr'><strong>arma</strong></span> <span class='ocrx_word' id='word_1_451' title='bbox 719 1804 837 1837; x_wconf 73' lang='lat' dir='ltr'><strong>tulisses,</strong></span> 
     </span>
     <span class='ocr_line' id='line_1_68' title="bbox 223 1838 837 1864; baseline 0 0"><span class='ocrx_word' id='word_1_452' title='bbox 223 1846 255 1864; x_wconf 88' lang='lat' dir='ltr'><strong>on</strong></span> <span class='ocrx_word' id='word_1_453' title='bbox 269 1839 374 1864; x_wconf 76' lang='lat' dir='ltr'><strong>caderet</strong></span> <span class='ocrx_word' id='word_1_454' title='bbox 391 1838 530 1864; x_wconf 76' lang='lat' dir='ltr'><strong>Mat-edam</strong></span> <span class='ocrx_word' id='word_1_455' title='bbox 546 1838 650 1864; x_wconf 65' lang='lat' dir='ltr'><strong>Graecia</strong></span> <span class='ocrx_word' id='word_1_456' title='bbox 660 1840 728 1864; x_wconf 83' lang='lat' dir='ltr'><strong>victa</strong></span> <span class='ocrx_word' id='word_1_457' title='bbox 742 1848 837 1864; x_wconf 84' lang='lat' dir='ltr'><strong>manu:</strong></span> 
     </span>
    </p>
   </div>
   <div class='ocr_carea' id='block_1_68' title="bbox 223 1838 841 1868">
    <p class='ocr_par' dir='ltr' id='par_1_68' title="bbox 223 1838 841 1868">
     <span class='ocr_line' id='line_1_69' title="bbox 223 1838 841 1868; baseline 0.005 -4"><span class='ocrx_word' id='word_1_458' title='bbox 223 1846 255 1864; x_wconf 89' lang='lat' dir='ltr'><strong>on</strong></span> <span class='ocrx_word' id='word_1_459' title='bbox 269 1839 374 1865; x_wconf 75' lang='lat' dir='ltr'><strong>caderet</strong></span> <span class='ocrx_word' id='word_1_460' title='bbox 391 1838 530 1865; x_wconf 82' lang='lat' dir='ltr'><strong>Macedum</strong></span> <span class='ocrx_word' id='word_1_461' title='bbox 546 1838 650 1866; x_wconf 67' lang='lat' dir='ltr'><strong>Graecia</strong></span> <span class='ocrx_word' id='word_1_462' title='bbox 660 1840 728 1867; x_wconf 84' lang='lat' dir='ltr'><strong>victa</strong></span> <span class='ocrx_word' id='word_1_463' title='bbox 742 1848 821 1867; x_wconf 87' lang='lat' dir='ltr'><strong>manu</strong></span> <span class='ocrx_word' id='word_1_464' title='bbox 831 1848 841 1868; x_wconf 92' lang='lat'><strong><em>:</em></strong></span> 
     </span>
    </p>
   </div>
   <div class='ocr_carea' id='block_1_69' title="bbox 158 1880 946 1931">
    <p class='ocr_par' dir='ltr' id='par_1_69' title="bbox 158 1880 946 1931">
     <span class='ocr_line' id='line_1_70' title="bbox 158 1880 946 1931; baseline 0.003 -9"><span class='ocrx_word' id='word_1_465' title='bbox 158 1895 278 1923; x_wconf 86' lang='lat' dir='ltr'><strong>utrel&#39;ert</strong></span> <span class='ocrx_word' id='word_1_466' title='bbox 288 1894 440 1924; x_wconf 86' lang='lat' dir='ltr'><strong>Demetrius</strong></span> <span class='ocrx_word' id='word_1_467' title='bbox 456 1880 587 1931; x_wconf 72' lang='lat' dir='ltr'><strong>Magnus:</strong></span> <span class='ocrx_word' id='word_1_468' title='bbox 602 1900 659 1929; x_wconf 87' lang='lat' dir='ltr'><strong>aut,</strong></span> <span class='ocrx_word' id='word_1_469' title='bbox 675 1902 706 1924; x_wconf 93' lang='lat' dir='ltr'><strong>ut</strong></span> <span class='ocrx_word' id='word_1_470' title='bbox 719 1897 857 1925; x_wconf 87' lang='lat' dir='ltr'><strong>nonnullis</strong></span> <span class='ocrx_word' id='word_1_471' title='bbox 872 1896 946 1925; x_wconf 87' lang='lat' dir='ltr'><strong>vide-</strong></span> 
     </span>
    </p>
   </div>
   <div class='ocr_carea' id='block_1_70' title="bbox 158 1941 947 1978">
    <p class='ocr_par' dir='ltr' id='par_1_70' title="bbox 158 1941 947 1978">
     <span class='ocr_line' id='line_1_71' title="bbox 158 1941 947 1978; baseline 0.003 -10"><span class='ocrx_word' id='word_1_472' title='bbox 158 1945 213 1974; x_wconf 88' lang='lat' dir='ltr'><strong>tur,</strong></span> <span class='ocrx_word' id='word_1_473' title='bbox 229 1946 365 1976; x_wconf 87' lang='lat' dir='ltr'><strong>repertum</strong></span> <span class='ocrx_word' id='word_1_474' title='bbox 386 1946 429 1970; x_wconf 89' lang='lat' dir='ltr'><strong>est</strong></span> <span class='ocrx_word' id='word_1_475' title='bbox 447 1941 497 1970; x_wconf 92' lang='lat' dir='ltr'><strong>hoc</strong></span> <span class='ocrx_word' id='word_1_476' title='bbox 517 1942 649 1978; x_wconf 87' lang='lat' dir='ltr'><strong>scriptum</strong></span> <span class='ocrx_word' id='word_1_477' title='bbox 664 1951 672 1970; x_wconf 86' lang='lat'><strong>:</strong></span> <span class='ocrx_word' id='word_1_478' title='bbox 693 1943 877 1971; x_wconf 72' lang='lat' dir='ltr'><strong>Demosthenes</strong></span> <span class='ocrx_word' id='word_1_479' title='bbox 892 1943 947 1970; x_wconf 81' lang='lat' dir='ltr'><strong>An-</strong></span> 
     </span>
    </p>
   </div>
   <div class='ocr_carea' id='block_1_71' title="bbox 158 1986 946 2023">
    <p class='ocr_par' dir='ltr' id='par_1_71' title="bbox 158 1986 946 2023">
     <span class='ocr_line' id='line_1_72' title="bbox 158 1986 946 2023; baseline 0.001 -10"><span class='ocrx_word' id='word_1_480' title='bbox 158 1987 256 2021; x_wconf 80' lang='lat' dir='ltr'><strong>tipatro</strong></span> <span class='ocrx_word' id='word_1_481' title='bbox 267 1986 381 2014; x_wconf 74' lang='lat' dir='ltr'><strong>salutem</strong></span> <span class='ocrx_word' id='word_1_482' title='bbox 393 1987 470 2016; x_wconf 83' lang='lat' dir='ltr'><strong>dicit.</strong></span> <span class='ocrx_word' id='word_1_483' title='bbox 486 1987 578 2015; x_wconf 89' lang='lat' dir='ltr'><strong>Genus</strong></span> <span class='ocrx_word' id='word_1_484' title='bbox 598 1995 662 2015; x_wconf 90' lang='lat' dir='ltr'><strong>vero</strong></span> <span class='ocrx_word' id='word_1_485' title='bbox 677 1989 774 2016; x_wconf 89' lang='lat' dir='ltr'><strong>mortis</strong></span> <span class='ocrx_word' id='word_1_486' title='bbox 788 1996 843 2023; x_wconf 91' lang='lat' dir='ltr'><strong>quo</strong></span> <span class='ocrx_word' id='word_1_487' title='bbox 867 1988 946 2020; x_wconf 88' lang='lat' dir='ltr'><strong>obiit,</strong></span> 
     </span>
    </p>
   </div>
   <div class='ocr_carea' id='block_1_72' title="bbox 995 1697 1786 1744">
    <p class='ocr_par' dir='ltr' id='par_1_72' title="bbox 995 1697 1786 1744">
     <span class='ocr_line' id='line_1_73' title="bbox 995 1697 1786 1744; baseline -0.008 -13"><span class='ocrx_word' id='word_1_488' title='bbox 995 1704 1041 1731; x_wconf 77' lang='grc' dir='ltr'><strong>ἐπὶ</strong></span> <span class='ocrx_word' id='word_1_489' title='bbox 1054 1704 1102 1739; x_wconf 78' lang='grc' dir='ltr'>τῆς</span> <span class='ocrx_word' id='word_1_490' title='bbox 1115 1703 1226 1738; x_wconf 67' lang='grc' dir='ltr'>,εἰκόνος</span> <span class='ocrx_word' id='word_1_491' title='bbox 1243 1701 1326 1728; x_wconf 77' lang='grc' dir='ltr'>αὐτοῦ</span> <span class='ocrx_word' id='word_1_492' title='bbox 1353 1699 1482 1744; x_wconf 77' lang='grc' dir='ltr'>ἐλεγεῖον,</span> <span class='ocrx_word' id='word_1_493' title='bbox 1497 1699 1567 1734; x_wconf 81' lang='grc' dir='ltr'>ὅπερ</span> <span class='ocrx_word' id='word_1_494' title='bbox 1592 1697 1705 1734; x_wconf 83' lang='grc' dir='ltr'>ὕστερον</span> <span class='ocrx_word' id='word_1_495' title='bbox 1730 1699 1786 1726; x_wconf 81' lang='grc' dir='ltr'><strong>ὑπὸ</strong></span> 
     </span>
    </p>
   </div>
   <div class='ocr_carea' id='block_1_73' title="bbox 995 1745 1423 1784">
    <p class='ocr_par' dir='ltr' id='par_1_73' title="bbox 995 1745 1423 1784">
     <span class='ocr_line' id='line_1_74' title="bbox 995 1745 1423 1784; baseline -0.012 -7"><span class='ocrx_word' id='word_1_496' title='bbox 995 1750 1049 1778; x_wconf 83' lang='grc' dir='ltr'><strong>τῶν</strong></span> <span class='ocrx_word' id='word_1_497' title='bbox 1076 1748 1225 1784; x_wconf 79' lang='grc' dir='ltr'>Ἀθηναίων</span> <span class='ocrx_word' id='word_1_498' title='bbox 1243 1745 1423 1781; x_wconf 77' lang='grc' dir='ltr'>ὲνεκολάφθη·</span> 
     </span>
    </p>
   </div>
   <div class='ocr_carea' id='block_1_74' title="bbox 994 1799 1749 1839">
    <p class='ocr_par' dir='ltr' id='par_1_74' title="bbox 994 1799 1749 1839">
     <span class='ocr_line' id='line_1_75' title="bbox 994 1799 1749 1839; baseline -0.007 -6"><span class='ocrx_word' id='word_1_499' title='bbox 994 1806 1088 1839; x_wconf 79' lang='grc' dir='ltr'>Εῑπερ</span> <span class='ocrx_word' id='word_1_500' title='bbox 1096 1805 1171 1838; x_wconf 73' lang='grc' dir='ltr'>ῑσην</span> <span class='ocrx_word' id='word_1_501' title='bbox 1182 1803 1282 1839; x_wconf 73' lang='grc' dir='ltr'>γνώμῃ</span> <span class='ocrx_word' id='word_1_502' title='bbox 1291 1803 1438 1839; x_wconf 63' lang='grc' dir='ltr'>⁷⁸ρώμηζ,</span> <span class='ocrx_word' id='word_1_503' title='bbox 1449 1801 1647 1839; x_wconf 72' lang='grc' dir='ltr'>Δημόσθενες,</span> <span class='ocrx_word' id='word_1_504' title='bbox 1655 1799 1749 1839; x_wconf 73' lang='grc' dir='ltr'>εἶχες,</span> 
     </span>
    </p>
   </div>
   <div class='ocr_carea' id='block_1_75' title="bbox 1033 1835 1786 1874">
    <p class='ocr_par' dir='ltr' id='par_1_75' title="bbox 1033 1835 1786 1874">
     <span class='ocr_line' id='line_1_76' title="bbox 1033 1835 1786 1874; baseline -0.008 -5"><span class='ocrx_word' id='word_1_505' title='bbox 1033 1835 1076 1868; x_wconf 76' lang='grc' dir='ltr'><strong>Οὗ</strong></span> <span class='ocrx_word' id='word_1_506' title='bbox 1087 1835 1152 1868; x_wconf 63' lang='grc' dir='ltr'><strong>ποθ</strong></span> <span class='ocrx_word' id='word_1_507' title='bbox 1171 1835 1210 1867; x_wconf 70' lang='grc' dir='ltr'>ἄν</span> <span class='ocrx_word' id='word_1_508' title='bbox 1234 1835 1388 1871; x_wconf 59' lang='grc' dir='ltr'>ἘλλήΜν</span> <span class='ocrx_word' id='word_1_509' title='bbox 1405 1835 1500 1874; x_wconf 71' lang='grc' dir='ltr'>ἧρξεν</span> <span class='ocrx_word' id='word_1_510' title='bbox 1523 1838 1616 1872; x_wconf 70' lang='grc' dir='ltr'>Ἄρης</span> <span class='ocrx_word' id='word_1_511' title='bbox 1629 1835 1786 1864; x_wconf 58' lang='grc' dir='ltr'>Μακεδών.</span> 
     </span>
    </p>
   </div>
   <div class='ocr_carea' id='block_1_76' title="bbox 1003 1893 1788 1932">
    <p class='ocr_par' dir='ltr' id='par_1_76' title="bbox 1003 1893 1788 1932">
     <span class='ocr_line' id='line_1_77' title="bbox 1003 1893 1788 1932; baseline -0.008 -6"><span class='ocrx_word' id='word_1_512' title='bbox 1003 1898 1085 1926; x_wconf 80' lang='grc' dir='ltr'>Ἀλλὰ</span> <span class='ocrx_word' id='word_1_513' title='bbox 1098 1897 1179 1924; x_wconf 81' lang='grc' dir='ltr'>τοῦτο</span> <span class='ocrx_word' id='word_1_514' title='bbox 1193 1896 1244 1932; x_wconf 77' lang='grc' dir='ltr'>μὲν</span> <span class='ocrx_word' id='word_1_515' title='bbox 1257 1895 1415 1932; x_wconf 87' lang='grc' dir='ltr'>Δημήτριος</span> <span class='ocrx_word' id='word_1_516' title='bbox 1426 1895 1441 1922; x_wconf 90' lang='grc' dir='ltr'><strong>ό</strong></span> <span class='ocrx_word' id='word_1_517' title='bbox 1451 1894 1566 1931; x_wconf 83' lang='grc' dir='ltr'>Μάγνης</span> <span class='ocrx_word' id='word_1_518' title='bbox 1582 1894 1606 1911; x_wconf 88' lang='lat'><strong>&quot;</strong></span> <span class='ocrx_word' id='word_1_519' title='bbox 1621 1893 1696 1929; x_wconf 82' lang='grc' dir='ltr'>λέγει</span> <span class='ocrx_word' id='word_1_520' title='bbox 1706 1902 1714 1911; x_wconf 91' lang='grc'><strong>·</strong></span> <span class='ocrx_word' id='word_1_521' title='bbox 1731 1893 1788 1920; x_wconf 64' lang='lat' dir='ltr'><strong>elui</strong></span> 
     </span>
    </p>
   </div>
   <div class='ocr_carea' id='block_1_77' title="bbox 997 1940 1788 1978">
    <p class='ocr_par' dir='ltr' id='par_1_77' title="bbox 997 1940 1788 1978">
     <span class='ocr_line' id='line_1_78' title="bbox 997 1940 1788 1978; baseline -0.008 -6"><span class='ocrx_word' id='word_1_522' title='bbox 997 1945 1026 1972; x_wconf 74' lang='grc' dir='ltr'>δὲ</span> <span class='ocrx_word' id='word_1_523' title='bbox 1045 1944 1072 1971; x_wconf 73' lang='lat' dir='ltr'><strong>oi</strong></span> <span class='ocrx_word' id='word_1_524' title='bbox 1081 1951 1149 1978; x_wconf 83' lang='grc' dir='ltr'>φασι</span> <span class='ocrx_word' id='word_1_525' title='bbox 1170 1942 1200 1969; x_wconf 84' lang='grc' dir='ltr'><strong>τὺ</strong></span> <span class='ocrx_word' id='word_1_526' title='bbox 1229 1942 1422 1978; x_wconf 84' lang='grc' dir='ltr'>γραμματεῖον</span> <span class='ocrx_word' id='word_1_527' title='bbox 1441 1940 1590 1976; x_wconf 80' lang='grc' dir='ltr'>εὑρεθῆναι</span> <span class='ocrx_word' id='word_1_528' title='bbox 1604 1940 1712 1976; x_wconf 79' lang='grc' dir='ltr'>γράφον</span> <span class='ocrx_word' id='word_1_529' title='bbox 1725 1940 1788 1967; x_wconf 74' lang='grc' dir='ltr'>ἓτε-</span> 
     </span>
    </p>
   </div>
   <div class='ocr_carea' id='block_1_78' title="bbox 998 1986 1789 2028">
    <p class='ocr_par' dir='ltr' id='par_1_78' title="bbox 998 1986 1789 2028">
     <span class='ocr_line' id='line_1_79' title="bbox 998 1986 1789 2028; baseline -0.006 -10"><span class='ocrx_word' id='word_1_530' title='bbox 998 2000 1045 2028; x_wconf 90' lang='grc' dir='ltr'><strong>ρον</strong></span> <span class='ocrx_word' id='word_1_531' title='bbox 1058 1991 1082 2007; x_wconf 78' lang='grc' dir='ltr'><strong>τ⁸</strong></span> <span class='ocrx_word' id='word_1_532' title='bbox 1098 1989 1176 2017; x_wconf 79' lang='grc' dir='ltr'>οὐδὲν</span> <span class='ocrx_word' id='word_1_533' title='bbox 1187 1989 1259 2025; x_wconf 85' lang='grc' dir='ltr'>πλὴν</span> <span class='ocrx_word' id='word_1_534' title='bbox 1269 1989 1311 2016; x_wconf 83' lang='grc' dir='ltr'><strong>δτι</strong></span> <span class='ocrx_word' id='word_1_535' title='bbox 1320 1986 1514 2023; x_wconf 74' lang='grc' dir='ltr'>Δημοσθένης</span> <span class='ocrx_word' id='word_1_536' title='bbox 1528 1986 1713 2020; x_wconf 67' lang='grc' dir='ltr'>Ἀντιπάτρῳ</span> <span class='ocrx_word' id='word_1_537' title='bbox 1723 1988 1789 2021; x_wconf 78' lang='grc' dir='ltr'><strong>και-</strong></span> 
     </span>
    </p>
   </div>
   <div class='ocr_carea' id='block_1_79' title="bbox 159 2029 943 2072">
    <p class='ocr_par' dir='ltr' id='par_1_79' title="bbox 159 2033 943 2069">
     <span class='ocr_line' id='line_1_80' title="bbox 159 2033 943 2069; baseline 0.001 -9"><span class='ocrx_word' id='word_1_538' title='bbox 159 2033 226 2060; x_wconf 90' lang='lat' dir='ltr'><strong>varii</strong></span> <span class='ocrx_word' id='word_1_539' title='bbox 244 2033 354 2061; x_wconf 89' lang='lat' dir='ltr'><strong>tradunt</strong></span> <span class='ocrx_word' id='word_1_540' title='bbox 371 2043 378 2061; x_wconf 92' lang='lat'><strong>:</strong></span> <span class='ocrx_word' id='word_1_541' title='bbox 395 2034 441 2061; x_wconf 88' lang='lat' dir='ltr'><strong>alii</strong></span> <span class='ocrx_word' id='word_1_542' title='bbox 465 2039 545 2069; x_wconf 87' lang='lat' dir='ltr'><strong>epoto</strong></span> <span class='ocrx_word' id='word_1_543' title='bbox 559 2042 664 2062; x_wconf 88' lang='lat' dir='ltr'><strong>veneno</strong></span> <span class='ocrx_word' id='word_1_544' title='bbox 687 2035 789 2065; x_wconf 82' lang='lat' dir='ltr'><strong>obiisse</strong></span> <span class='ocrx_word' id='word_1_545' title='bbox 806 2044 813 2062; x_wconf 94' lang='lat'>:</span> <span class='ocrx_word' id='word_1_546' title='bbox 830 2035 875 2062; x_wconf 86' lang='lat' dir='ltr'><strong>alii</strong></span> <span class='ocrx_word' id='word_1_547' title='bbox 899 2042 943 2061; x_wconf 90' lang='lat' dir='ltr'><strong>ca-</strong></span> 
     </span>
    </p>
   </div>
   <div class='ocr_carea' id='block_1_80' title="bbox 995 2029 1789 2072">
    <p class='ocr_par' dir='ltr' id='par_1_80' title="bbox 995 2029 1789 2072">
     <span class='ocr_line' id='line_1_81' title="bbox 995 2029 1789 2072; baseline -0.01 -8"><span class='ocrx_word' id='word_1_548' title='bbox 995 2044 1071 2072; x_wconf 74' lang='grc' dir='ltr'>ρειν.</span> <span class='ocrx_word' id='word_1_549' title='bbox 1089 2034 1250 2063; x_wconf 80' lang='grc' dir='ltr'>Ἀποθανεῖν</span> <span class='ocrx_word' id='word_1_550' title='bbox 1262 2033 1290 2060; x_wconf 73' lang='grc' dir='ltr'>δὲ</span> <span class='ocrx_word' id='word_1_551' title='bbox 1309 2033 1356 2060; x_wconf 79' lang='grc' dir='ltr'>τὸν</span> <span class='ocrx_word' id='word_1_552' title='bbox 1371 2032 1474 2068; x_wconf 80' lang='grc' dir='ltr'>ῥήτορά</span> <span class='ocrx_word' id='word_1_553' title='bbox 1488 2039 1572 2066; x_wconf 76' lang='grc' dir='ltr'>φασιν</span> <span class='ocrx_word' id='word_1_554' title='bbox 1593 2031 1620 2058; x_wconf 80' lang='grc' dir='ltr'>οἱ</span> <span class='ocrx_word' id='word_1_555' title='bbox 1645 2031 1695 2066; x_wconf 84' lang='grc' dir='ltr'>μὲν</span> <span class='ocrx_word' id='word_1_556' title='bbox 1718 2029 1789 2066; x_wconf 84' lang='grc' dir='ltr'>φάρ-</span> 
     </span>
    </p>
   </div>
   <div class='ocr_carea' id='block_1_81' title="bbox 159 2076 943 2118">
    <p class='ocr_par' dir='ltr' id='par_1_81' title="bbox 159 2079 943 2115">
     <span class='ocr_line' id='line_1_82' title="bbox 159 2079 943 2115; baseline 0.003 -9"><span class='ocrx_word' id='word_1_557' title='bbox 159 2079 261 2106; x_wconf 80' lang='lat' dir='ltr'><strong>lanium</strong></span> <span class='ocrx_word' id='word_1_558' title='bbox 285 2086 391 2107; x_wconf 89' lang='lat' dir='ltr'><strong>veneno</strong></span> <span class='ocrx_word' id='word_1_559' title='bbox 419 2079 551 2108; x_wconf 79' lang='lat' dir='ltr'><strong>infectum</strong></span> <span class='ocrx_word' id='word_1_560' title='bbox 569 2080 761 2113; x_wconf 86' lang='lat' dir='ltr'><strong>momordisse,</strong></span> <span class='ocrx_word' id='word_1_561' title='bbox 775 2088 828 2115; x_wconf 88' lang='lat' dir='ltr'><strong>quo</strong></span> <span class='ocrx_word' id='word_1_562' title='bbox 846 2080 943 2115; x_wconf 85' lang='lat' dir='ltr'><strong>episto-</strong></span> 
     </span>
    </p>
   </div>
   <div class='ocr_carea' id='block_1_82' title="bbox 995 2076 1787 2118">
    <p class='ocr_par' dir='ltr' id='par_1_82' title="bbox 1000 2076 1787 2118">
     <span class='ocr_line' id='line_1_83' title="bbox 1000 2076 1787 2118; baseline -0.009 -8"><span class='ocrx_word' id='word_1_563' title='bbox 1000 2091 1088 2118; x_wconf 87' lang='grc' dir='ltr'>μακον</span> <span class='ocrx_word' id='word_1_564' title='bbox 1103 2081 1243 2113; x_wconf 71' lang='grc' dir='ltr'>ἐκπιόντα,</span> <span class='ocrx_word' id='word_1_565' title='bbox 1253 2080 1277 2107; x_wconf 80' lang='lat' dir='ltr'><strong>oi</strong></span> <span class='ocrx_word' id='word_1_566' title='bbox 1287 2079 1317 2106; x_wconf 76' lang='grc' dir='ltr'>δὲ</span> <span class='ocrx_word' id='word_1_567' title='bbox 1333 2078 1503 2114; x_wconf 88' lang='grc' dir='ltr'>γευσάμενον</span> <span class='ocrx_word' id='word_1_568' title='bbox 1510 2077 1560 2104; x_wconf 85' lang='grc' dir='ltr'>τοῦ</span> <span class='ocrx_word' id='word_1_569' title='bbox 1571 2078 1600 2104; x_wconf 76' lang='grc' dir='ltr'>ἐν</span> <span class='ocrx_word' id='word_1_570' title='bbox 1614 2076 1655 2112; x_wconf 89' lang='grc' dir='ltr'>τῷ</span> <span class='ocrx_word' id='word_1_571' title='bbox 1667 2076 1787 2111; x_wconf 77' lang='grc' dir='ltr'>καλάμῳ</span> 
     </span>
    </p>
   </div>
   <div class='ocr_carea' id='block_1_83' title="bbox 159 2125 948 2162">
    <p class='ocr_par' dir='ltr' id='par_1_83' title="bbox 159 2125 948 2162">
     <span class='ocr_line' id='line_1_84' title="bbox 159 2125 948 2162; baseline 0.003 -10"><span class='ocrx_word' id='word_1_572' title='bbox 159 2125 213 2153; x_wconf 85' lang='lat' dir='ltr'><strong>Iam</strong></span> <span class='ocrx_word' id='word_1_573' title='bbox 234 2125 353 2153; x_wconf 86' lang='lat' dir='ltr'><strong>scribere</strong></span> <span class='ocrx_word' id='word_1_574' title='bbox 377 2130 513 2161; x_wconf 63' lang='grc' dir='ltr'>(πωροι-ιιι,</span> <span class='ocrx_word' id='word_1_575' title='bbox 542 2134 630 2161; x_wconf 88' lang='lat' dir='ltr'><strong>eoque</strong></span> <span class='ocrx_word' id='word_1_576' title='bbox 659 2131 778 2162; x_wconf 77' lang='lat' dir='ltr'><strong>gustato,</strong></span> <span class='ocrx_word' id='word_1_577' title='bbox 809 2130 948 2154; x_wconf 90' lang='lat' dir='ltr'><strong>mortuum</strong></span> 
     </span>
    </p>
   </div>
   <div class='ocr_carea' id='block_1_84' title="bbox 1000 2119 1790 2164">
    <p class='ocr_par' dir='ltr' id='par_1_84' title="bbox 1000 2119 1790 2164">
     <span class='ocr_line' id='line_1_85' title="bbox 1000 2119 1790 2164; baseline -0.01 -8"><span class='ocrx_word' id='word_1_578' title='bbox 1000 2128 1149 2164; x_wconf 82' lang='grc' dir='ltr'>φαρμάκου</span> <span class='ocrx_word' id='word_1_579' title='bbox 1165 2135 1174 2143; x_wconf 73' lang='grc' dir='ltr'>θ</span> <span class='ocrx_word' id='word_1_580' title='bbox 1192 2126 1241 2154; x_wconf 78' lang='grc' dir='ltr'>καὶ</span> <span class='ocrx_word' id='word_1_581' title='bbox 1262 2125 1318 2160; x_wconf 85' lang='grc' dir='ltr'><strong>γὰρ</strong></span> <span class='ocrx_word' id='word_1_582' title='bbox 1346 2123 1554 2160; x_wconf 86' lang='grc' dir='ltr'>παρεσκεύαστο</span> <span class='ocrx_word' id='word_1_583' title='bbox 1569 2123 1602 2150; x_wconf 86' lang='grc' dir='ltr'>δι’</span> <span class='ocrx_word' id='word_1_584' title='bbox 1614 2119 1644 2150; x_wconf 74' lang='grc' dir='ltr'><strong>οὗ</strong></span> <span class='ocrx_word' id='word_1_585' title='bbox 1658 2123 1708 2158; x_wconf 81' lang='grc' dir='ltr'>τὴν</span> <span class='ocrx_word' id='word_1_586' title='bbox 1730 2123 1790 2149; x_wconf 79' lang='grc' dir='ltr'>ὲπι-</span> 
     </span>
    </p>
   </div>
   <div class='ocr_carea' id='block_1_85' title="bbox 159 2162 943 2213">
    <p class='ocr_par' dir='ltr' id='par_1_85' title="bbox 159 2162 943 2208">
     <span class='ocr_line' id='line_1_86' title="bbox 159 2162 943 2208; baseline 0.001 -10"><span class='ocrx_word' id='word_1_587' title='bbox 159 2179 235 2199; x_wconf 89' lang='lat' dir='ltr'><strong>esse:</strong></span> <span class='ocrx_word' id='word_1_588' title='bbox 246 2162 293 2198; x_wconf 75' lang='lat' dir='ltr'><strong>alii</strong></span> <span class='ocrx_word' id='word_1_589' title='bbox 302 2171 329 2198; x_wconf 93' lang='lat' dir='ltr'><strong>in</strong></span> <span class='ocrx_word' id='word_1_590' title='bbox 341 2172 444 2199; x_wconf 80' lang='lat' dir='ltr'><strong>circulo</strong></span> <span class='ocrx_word' id='word_1_591' title='bbox 452 2180 572 2200; x_wconf 86' lang='lat' dir='ltr'><strong>concavo</strong></span> <span class='ocrx_word' id='word_1_592' title='bbox 583 2179 664 2208; x_wconf 92' lang='lat' dir='ltr'><strong>quem</strong></span> <span class='ocrx_word' id='word_1_593' title='bbox 678 2172 782 2199; x_wconf 90' lang='lat' dir='ltr'><strong>circum</strong></span> <span class='ocrx_word' id='word_1_594' title='bbox 803 2171 943 2199; x_wconf 85' lang='lat' dir='ltr'><strong>brachium</strong></span> 
     </span>
    </p>
   </div>
   <div class='ocr_carea' id='block_1_86' title="bbox 995 2162 1791 2213">
    <p class='ocr_par' dir='ltr' id='par_1_86' title="bbox 1001 2162 1791 2209">
     <span class='ocr_line' id='line_1_87' title="bbox 1001 2162 1791 2209; baseline -0.009 -8"><span class='ocrx_word' id='word_1_595' title='bbox 1001 2162 1098 2209; x_wconf 63' lang='lat' dir='ltr'><strong>osoth</strong></span> <span class='ocrx_word' id='word_1_596' title='bbox 1114 2172 1245 2208; x_wconf 75' lang='grc' dir='ltr'>ἔγραφεν.</span> <span class='ocrx_word' id='word_1_597' title='bbox 1258 2170 1349 2197; x_wconf 73' lang='grc' dir='ltr'>’Δλλοι</span> <span class='ocrx_word' id='word_1_598' title='bbox 1360 2170 1388 2197; x_wconf 77' lang='grc' dir='ltr'>δὲ</span> <span class='ocrx_word' id='word_1_599' title='bbox 1403 2170 1497 2206; x_wconf 83' lang='grc' dir='ltr'>κρίκον</span> <span class='ocrx_word' id='word_1_600' title='bbox 1511 2169 1595 2196; x_wconf 78' lang='grc' dir='ltr'>αὐτοῦ</span> <span class='ocrx_word' id='word_1_601' title='bbox 1613 2168 1653 2203; x_wconf 83' lang='grc' dir='ltr'>τῷ</span> <span class='ocrx_word' id='word_1_602' title='bbox 1669 2168 1791 2203; x_wconf 82' lang='grc' dir='ltr'>βραχίονι</span> 
     </span>
    </p>
   </div>
   <div class='ocr_carea' id='block_1_87' title="bbox 161 2217 948 2253">
    <p class='ocr_par' dir='ltr' id='par_1_87' title="bbox 161 2217 948 2253">
     <span class='ocr_line' id='line_1_88' title="bbox 161 2217 948 2253; baseline 0.003 -9"><span class='ocrx_word' id='word_1_603' title='bbox 161 2217 276 2250; x_wconf 76' lang='lat' dir='ltr'><strong>ferebat,</strong></span> <span class='ocrx_word' id='word_1_604' title='bbox 297 2226 433 2246; x_wconf 81' lang='lat' dir='ltr'><strong>venenum</strong></span> <span class='ocrx_word' id='word_1_605' title='bbox 460 2226 595 2246; x_wconf 84' lang='lat' dir='ltr'><strong>servasse.</strong></span> <span class='ocrx_word' id='word_1_606' title='bbox 628 2217 698 2245; x_wconf 85' lang='lat' dir='ltr'><strong>Sunt</strong></span> <span class='ocrx_word' id='word_1_607' title='bbox 728 2225 793 2245; x_wconf 86' lang='lat' dir='ltr'><strong>vero</strong></span> <span class='ocrx_word' id='word_1_608' title='bbox 812 2218 857 2253; x_wconf 88' lang='lat' dir='ltr'><strong>qui</strong></span> <span class='ocrx_word' id='word_1_609' title='bbox 885 2226 948 2246; x_wconf 92' lang='lat' dir='ltr'><strong>eum</strong></span> 
     </span>
    </p>
   </div>
   <div class='ocr_carea' id='block_1_88' title="bbox 161 2264 948 2299">
    <p class='ocr_par' dir='ltr' id='par_1_88' title="bbox 161 2264 948 2299">
     <span class='ocr_line' id='line_1_89' title="bbox 161 2264 948 2299; baseline 0.003 -9"><span class='ocrx_word' id='word_1_610' title='bbox 161 2271 320 2299; x_wconf 85' lang='lat' dir='ltr'><strong>compresso</strong></span> <span class='ocrx_word' id='word_1_611' title='bbox 332 2265 442 2299; x_wconf 88' lang='lat' dir='ltr'><strong>spiritu,</strong></span> <span class='ocrx_word' id='word_1_612' title='bbox 457 2270 572 2292; x_wconf 91' lang='lat' dir='ltr'><strong>mortem</strong></span> <span class='ocrx_word' id='word_1_613' title='bbox 587 2264 640 2292; x_wconf 89' lang='lat' dir='ltr'><strong>sibi</strong></span> <span class='ocrx_word' id='word_1_614' title='bbox 654 2264 821 2292; x_wconf 86' lang='lat' dir='ltr'><strong>conscivisse</strong></span> <span class='ocrx_word' id='word_1_615' title='bbox 837 2264 948 2292; x_wconf 78' lang='lat' dir='ltr'><strong>dicant:</strong></span> 
     </span>
    </p>
   </div>
   <div class='ocr_carea' id='block_1_89' title="bbox 162 2311 952 2348">
    <p class='ocr_par' dir='ltr' id='par_1_89' title="bbox 162 2311 952 2348">
     <span class='ocr_line' id='line_1_90' title="bbox 162 2311 952 2348; baseline 0.004 -10"><span class='ocrx_word' id='word_1_616' title='bbox 162 2312 209 2338; x_wconf 83' lang='lat' dir='ltr'><strong>alii</strong></span> <span class='ocrx_word' id='word_1_617' title='bbox 222 2311 322 2347; x_wconf 65' lang='lat' dir='ltr'><strong>495a</strong></span> <span class='ocrx_word' id='word_1_618' title='bbox 347 2320 493 2346; x_wconf 90' lang='lat' dir='ltr'><strong>venenum,</strong></span> <span class='ocrx_word' id='word_1_619' title='bbox 506 2312 579 2348; x_wconf 89' lang='lat' dir='ltr'><strong>quod</strong></span> <span class='ocrx_word' id='word_1_620' title='bbox 600 2312 627 2339; x_wconf 95' lang='lat' dir='ltr'><strong>in</strong></span> <span class='ocrx_word' id='word_1_621' title='bbox 640 2312 733 2339; x_wconf 89' lang='lat' dir='ltr'><strong>annuli</strong></span> <span class='ocrx_word' id='word_1_622' title='bbox 746 2313 807 2348; x_wconf 83' lang='lat' dir='ltr'><strong>pala</strong></span> <span class='ocrx_word' id='word_1_623' title='bbox 820 2313 952 2343; x_wconf 79' lang='lat' dir='ltr'><strong>condide-</strong></span> 
     </span>
    </p>
   </div>
   <div class='ocr_carea' id='block_1_90' title="bbox 162 2358 953 2393">
    <p class='ocr_par' dir='ltr' id='par_1_90' title="bbox 162 2358 953 2393">
     <span class='ocr_line' id='line_1_91' title="bbox 162 2358 953 2393; baseline 0 -7"><span class='ocrx_word' id='word_1_624' title='bbox 162 2364 215 2389; x_wconf 81' lang='lat' dir='ltr'><strong>rat.</strong></span> <span class='ocrx_word' id='word_1_625' title='bbox 229 2359 364 2387; x_wconf 84' lang='lat' dir='ltr'><strong>hausisse.</strong></span> <span class='ocrx_word' id='word_1_626' title='bbox 383 2358 456 2386; x_wconf 82' lang='lat' dir='ltr'><strong>Vixit</strong></span> <span class='ocrx_word' id='word_1_627' title='bbox 470 2366 568 2391; x_wconf 87' lang='lat' dir='ltr'><strong>annos,</strong></span> <span class='ocrx_word' id='word_1_628' title='bbox 587 2363 616 2386; x_wconf 91' lang='lat' dir='ltr'><strong>vt</strong></span> <span class='ocrx_word' id='word_1_629' title='bbox 630 2359 708 2385; x_wconf 81' lang='lat' dir='ltr'><strong>inulti</strong></span> <span class='ocrx_word' id='word_1_630' title='bbox 722 2359 827 2391; x_wconf 88' lang='lat' dir='ltr'><strong>dicunt,</strong></span> <span class='ocrx_word' id='word_1_631' title='bbox 841 2364 953 2393; x_wconf 84' lang='lat' dir='ltr'><strong>septua-</strong></span> 
     </span>
    </p>
   </div>
   <div class='ocr_carea' id='block_1_91' title="bbox 162 2404 952 2442">
    <p class='ocr_par' dir='ltr' id='par_1_91' title="bbox 162 2404 952 2442">
     <span class='ocr_line' id='line_1_92' title="bbox 162 2404 952 2442; baseline 0.003 -10"><span class='ocrx_word' id='word_1_632' title='bbox 162 2408 237 2442; x_wconf 72' lang='lat' dir='ltr'><strong>ginta</strong></span> <span class='ocrx_word' id='word_1_633' title='bbox 253 2415 260 2434; x_wconf 92' lang='lat'><strong>:</strong></span> <span class='ocrx_word' id='word_1_634' title='bbox 279 2411 308 2434; x_wconf 93' lang='lat' dir='ltr'><strong>ut</strong></span> <span class='ocrx_word' id='word_1_635' title='bbox 321 2407 367 2434; x_wconf 85' lang='lat' dir='ltr'><strong>alii</strong></span> <span class='ocrx_word' id='word_1_636' title='bbox 381 2407 522 2442; x_wconf 74' lang='lat' dir='ltr'><strong>sexaginta</strong></span> <span class='ocrx_word' id='word_1_637' title='bbox 537 2409 652 2440; x_wconf 88' lang='lat' dir='ltr'><strong>septem.</strong></span> <span class='ocrx_word' id='word_1_638' title='bbox 664 2404 869 2440; x_wconf 80' lang='lat' dir='ltr'><strong>Rempublicam</strong></span> <span class='ocrx_word' id='word_1_639' title='bbox 882 2406 952 2434; x_wconf 87' lang='lat' dir='ltr'><strong>duos</strong></span> 
     </span>
    </p>
   </div>
   <div class='ocr_carea' id='block_1_92' title="bbox 163 2450 951 2487">
    <p class='ocr_par' dir='ltr' id='par_1_92' title="bbox 163 2450 951 2487">
     <span class='ocr_line' id='line_1_93' title="bbox 163 2450 951 2487; baseline -0.004 -7"><span class='ocrx_word' id='word_1_640' title='bbox 163 2457 191 2480; x_wconf 89' lang='lat' dir='ltr'><strong>et</strong></span> <span class='ocrx_word' id='word_1_641' title='bbox 219 2452 312 2487; x_wconf 71' lang='lat' dir='ltr'><strong>viginti</strong></span> <span class='ocrx_word' id='word_1_642' title='bbox 339 2460 427 2480; x_wconf 83' lang='lat' dir='ltr'><strong>annos</strong></span> <span class='ocrx_word' id='word_1_643' title='bbox 453 2451 547 2487; x_wconf 78' lang='lat' dir='ltr'><strong>gessit.</strong></span> <span class='ocrx_word' id='word_1_644' title='bbox 572 2450 685 2479; x_wconf 85' lang='lat' dir='ltr'><strong>Liberos</strong></span> <span class='ocrx_word' id='word_1_645' title='bbox 707 2459 740 2478; x_wconf 84' lang='lat' dir='ltr'><strong>ex</strong></span> <span class='ocrx_word' id='word_1_646' title='bbox 767 2458 852 2478; x_wconf 83' lang='lat' dir='ltr'><strong>uxore</strong></span> <span class='ocrx_word' id='word_1_647' title='bbox 867 2450 951 2478; x_wconf 91' lang='lat' dir='ltr'><strong>nobili</strong></span> 
     </span>
    </p>
   </div>
   <div class='ocr_carea' id='block_1_93' title="bbox 163 2497 953 2533">
    <p class='ocr_par' dir='ltr' id='par_1_93' title="bbox 163 2497 953 2533">
     <span class='ocr_line' id='line_1_94' title="bbox 163 2497 953 2533; baseline -0.001 -8"><span class='ocrx_word' id='word_1_648' title='bbox 163 2498 273 2532; x_wconf 79' lang='lat' dir='ltr'><strong>reliquit</strong></span> <span class='ocrx_word' id='word_1_649' title='bbox 285 2498 364 2526; x_wconf 89' lang='lat' dir='ltr'><strong>duos.</strong></span> <span class='ocrx_word' id='word_1_650' title='bbox 381 2497 429 2525; x_wconf 88' lang='lat' dir='ltr'><strong>Est</strong></span> <span class='ocrx_word' id='word_1_651' title='bbox 443 2501 534 2525; x_wconf 86' lang='lat' dir='ltr'><strong>autem</strong></span> <span class='ocrx_word' id='word_1_652' title='bbox 550 2497 636 2532; x_wconf 90' lang='lat' dir='ltr'><strong>ipsius</strong></span> <span class='ocrx_word' id='word_1_653' title='bbox 650 2497 741 2532; x_wconf 72' lang='lat' dir='ltr'><strong>imago</strong></span> <span class='ocrx_word' id='word_1_654' title='bbox 759 2497 787 2524; x_wconf 95' lang='lat' dir='ltr'><strong>in</strong></span> <span class='ocrx_word' id='word_1_655' title='bbox 806 2497 953 2533; x_wconf 83' lang='lat' dir='ltr'><strong>Prytaneo,</strong></span> 
     </span>
    </p>
   </div>
   <div class='ocr_carea' id='block_1_94' title="bbox 163 2543 955 2580">
    <p class='ocr_par' dir='ltr' id='par_1_94' title="bbox 163 2543 955 2580">
     <span class='ocr_line' id='line_1_95' title="bbox 163 2543 955 2580; baseline -0.003 -8"><span class='ocrx_word' id='word_1_656' title='bbox 163 2545 253 2580; x_wconf 74' lang='lat' dir='ltr'><strong>gladio</strong></span> <span class='ocrx_word' id='word_1_657' title='bbox 268 2545 377 2572; x_wconf 85' lang='lat' dir='ltr'><strong>cincta:</strong></span> <span class='ocrx_word' id='word_1_658' title='bbox 392 2552 424 2571; x_wconf 88' lang='lat' dir='ltr'><strong>eo</strong></span> <span class='ocrx_word' id='word_1_659' title='bbox 438 2544 511 2571; x_wconf 91' lang='lat' dir='ltr'><strong>enim</strong></span> <span class='ocrx_word' id='word_1_660' title='bbox 534 2544 627 2572; x_wconf 86' lang='lat' dir='ltr'><strong>habitu</strong></span> <span class='ocrx_word' id='word_1_661' title='bbox 656 2544 806 2571; x_wconf 85' lang='lat' dir='ltr'><strong>orationem</strong></span> <span class='ocrx_word' id='word_1_662' title='bbox 825 2543 955 2571; x_wconf 89' lang='lat' dir='ltr'><strong>habuisse</strong></span> 
     </span>
    </p>
   </div>
   <div class='ocr_carea' id='block_1_95' title="bbox 166 2589 954 2625">
    <p class='ocr_par' dir='ltr' id='par_1_95' title="bbox 166 2589 954 2625">
     <span class='ocr_line' id='line_1_96' title="bbox 166 2589 954 2625; baseline -0.001 -7"><span class='ocrx_word' id='word_1_663' title='bbox 166 2594 262 2624; x_wconf 88' lang='lat' dir='ltr'><strong>lertur,</strong></span> <span class='ocrx_word' id='word_1_664' title='bbox 280 2599 343 2619; x_wconf 93' lang='lat' dir='ltr'><strong>cum</strong></span> <span class='ocrx_word' id='word_1_665' title='bbox 369 2590 511 2625; x_wconf 77' lang='lat' dir='ltr'><strong>Antipater</strong></span> <span class='ocrx_word' id='word_1_666' title='bbox 531 2595 656 2618; x_wconf 84' lang='lat' dir='ltr'><strong>oratores</strong></span> <span class='ocrx_word' id='word_1_667' title='bbox 682 2590 717 2617; x_wconf 91' lang='lat' dir='ltr'><strong>ab</strong></span> <span class='ocrx_word' id='word_1_668' title='bbox 742 2589 954 2617; x_wconf 77' lang='lat' dir='ltr'><strong>Atheniensibus</strong></span> 
     </span>
    </p>
   </div>
   <div class='ocr_carea' id='block_1_96' title="bbox 165 2635 954 2672">
    <p class='ocr_par' dir='ltr' id='par_1_96' title="bbox 165 2635 954 2672">
     <span class='ocr_line' id='line_1_97' title="bbox 165 2635 954 2672; baseline -0.004 -6"><span class='ocrx_word' id='word_1_669' title='bbox 165 2638 227 2666; x_wconf 83' lang='lat' dir='ltr'><strong>dedi</strong></span> <span class='ocrx_word' id='word_1_670' title='bbox 240 2637 292 2666; x_wconf 90' lang='lat' dir='ltr'><strong>sibi</strong></span> <span class='ocrx_word' id='word_1_671' title='bbox 306 2636 463 2672; x_wconf 87' lang='lat' dir='ltr'><strong>postulavit.</strong></span> <span class='ocrx_word' id='word_1_672' title='bbox 472 2636 538 2664; x_wconf 90' lang='lat' dir='ltr'><strong>Post</strong></span> <span class='ocrx_word' id='word_1_673' title='bbox 548 2636 630 2672; x_wconf 90' lang='lat' dir='ltr'><strong>paulo</strong></span> <span class='ocrx_word' id='word_1_674' title='bbox 645 2636 827 2664; x_wconf 85' lang='lat' dir='ltr'><strong>Athenienses</strong></span> <span class='ocrx_word' id='word_1_675' title='bbox 844 2635 870 2662; x_wconf 94' lang='lat' dir='ltr'><strong>in</strong></span> <span class='ocrx_word' id='word_1_676' title='bbox 885 2636 954 2671; x_wconf 82' lang='lat' dir='ltr'><strong>Pry-</strong></span> 
     </span>
    </p>
   </div>
   <div class='ocr_carea' id='block_1_97' title="bbox 165 2681 953 2719">
    <p class='ocr_par' dir='ltr' id='par_1_97' title="bbox 165 2681 953 2719">
     <span class='ocr_line' id='line_1_98' title="bbox 165 2681 953 2719; baseline -0.005 -7"><span class='ocrx_word' id='word_1_677' title='bbox 165 2688 245 2712; x_wconf 78' lang='lat' dir='ltr'><strong>taneo</strong></span> <span class='ocrx_word' id='word_1_678' title='bbox 269 2683 370 2712; x_wconf 83' lang='lat' dir='ltr'><strong>victum</strong></span> <span class='ocrx_word' id='word_1_679' title='bbox 385 2683 545 2719; x_wconf 79' lang='lat' dir='ltr'><strong>propinquis</strong></span> <span class='ocrx_word' id='word_1_680' title='bbox 559 2682 749 2711; x_wconf 87' lang='lat' dir='ltr'><strong>Demosthenis</strong></span> <span class='ocrx_word' id='word_1_681' title='bbox 767 2681 953 2717; x_wconf 75' lang='lat' dir='ltr'><strong>praebuerunt,</strong></span> 
     </span>
    </p>
   </div>
   <div class='ocr_carea' id='block_1_98' title="bbox 1001 2214 1791 2255">
    <p class='ocr_par' dir='ltr' id='par_1_98' title="bbox 1001 2214 1791 2255">
     <span class='ocr_line' id='line_1_99' title="bbox 1001 2214 1791 2255; baseline -0.009 -8"><span class='ocrx_word' id='word_1_682' title='bbox 1001 2220 1208 2255; x_wconf 83' lang='grc' dir='ltr'>περιάπτουσιν,</span> <span class='ocrx_word' id='word_1_683' title='bbox 1223 2219 1252 2244; x_wconf 76' lang='grc' dir='ltr'>ὲν</span> <span class='ocrx_word' id='word_1_684' title='bbox 1287 2215 1310 2251; x_wconf 82' lang='grc' dir='ltr'>ᾧ</span> <span class='ocrx_word' id='word_1_685' title='bbox 1322 2216 1353 2244; x_wconf 82' lang='grc' dir='ltr'><strong>τὺ</strong></span> <span class='ocrx_word' id='word_1_686' title='bbox 1377 2216 1524 2253; x_wconf 78' lang='grc' dir='ltr'>φάρμακον</span> <span class='ocrx_word' id='word_1_687' title='bbox 1544 2215 1716 2243; x_wconf 80' lang='grc' dir='ltr'>ὲναπέκειτο.</span> <span class='ocrx_word' id='word_1_688' title='bbox 1733 2214 1791 2241; x_wconf 81' lang='grc' dir='ltr'><strong>Καὶ</strong></span> 
     </span>
    </p>
   </div>
   <div class='ocr_carea' id='block_1_99' title="bbox 1003 2259 1792 2301">
    <p class='ocr_par' dir='ltr' id='par_1_99' title="bbox 1003 2259 1792 2301">
     <span class='ocr_line' id='line_1_100' title="bbox 1003 2259 1792 2301; baseline -0.01 -8"><span class='ocrx_word' id='word_1_689' title='bbox 1003 2266 1138 2301; x_wconf 84' lang='grc' dir='ltr'>συσχόντα</span> <span class='ocrx_word' id='word_1_690' title='bbox 1151 2265 1181 2291; x_wconf 83' lang='grc' dir='ltr'>δὲ</span> <span class='ocrx_word' id='word_1_691' title='bbox 1201 2263 1284 2291; x_wconf 80' lang='grc' dir='ltr'>αὑτοῦ</span> <span class='ocrx_word' id='word_1_692' title='bbox 1303 2264 1334 2290; x_wconf 75' lang='grc' dir='ltr'>τὸ</span> <span class='ocrx_word' id='word_1_693' title='bbox 1354 2263 1464 2298; x_wconf 79' lang='grc' dir='ltr'>πνεῦμα</span> <span class='ocrx_word' id='word_1_694' title='bbox 1475 2283 1483 2297; x_wconf 88' lang='grc'><strong>,</strong></span> <span class='ocrx_word' id='word_1_695' title='bbox 1496 2262 1577 2293; x_wconf 80' lang='grc' dir='ltr'>ἄλλος</span> <span class='ocrx_word' id='word_1_696' title='bbox 1591 2261 1670 2295; x_wconf 83' lang='grc' dir='ltr'>λόγος</span> <span class='ocrx_word' id='word_1_697' title='bbox 1685 2259 1792 2287; x_wconf 77' lang='grc' dir='ltr'>ἀποθα-</span> 
     </span>
    </p>
   </div>
   <div class='ocr_carea' id='block_1_100' title="bbox 1000 2306 1789 2346">
    <p class='ocr_par' dir='ltr' id='par_1_100' title="bbox 1000 2306 1789 2346">
     <span class='ocr_line' id='line_1_101' title="bbox 1000 2306 1789 2346; baseline -0.01 -6"><span class='ocrx_word' id='word_1_698' title='bbox 1000 2313 1057 2340; x_wconf 78' lang='grc' dir='ltr'>νεῖν</span> <span class='ocrx_word' id='word_1_699' title='bbox 1083 2311 1169 2346; x_wconf 79' lang='grc' dir='ltr'>λέγει.</span> <span class='ocrx_word' id='word_1_700' title='bbox 1193 2310 1287 2346; x_wconf 86' lang='grc' dir='ltr'>ὥσπερ</span> <span class='ocrx_word' id='word_1_701' title='bbox 1310 2309 1390 2341; x_wconf 78' lang='grc' dir='ltr'>ἄλλος</span> <span class='ocrx_word' id='word_1_702' title='bbox 1414 2308 1459 2336; x_wconf 86' lang='grc' dir='ltr'><strong>διὰ</strong></span> <span class='ocrx_word' id='word_1_703' title='bbox 1477 2307 1525 2335; x_wconf 79' lang='grc' dir='ltr'><strong>τοῦ</strong></span> <span class='ocrx_word' id='word_1_704' title='bbox 1545 2306 1692 2343; x_wconf 84' lang='grc' dir='ltr'>φαρμάκου</span> <span class='ocrx_word' id='word_1_705' title='bbox 1715 2306 1735 2342; x_wconf 45' lang='grc' dir='ltr'>ιδ</span> <span class='ocrx_word' id='word_1_706' title='bbox 1754 2307 1789 2342; x_wconf 81' lang='grc' dir='ltr'>τῇ</span> 
     </span>
    </p>
   </div>
   <div class='ocr_carea' id='block_1_101' title="bbox 1002 2349 1792 2394">
    <p class='ocr_par' dir='ltr' id='par_1_101' title="bbox 1002 2349 1792 2394">
     <span class='ocr_line' id='line_1_102' title="bbox 1002 2349 1792 2394; baseline -0.008 -8"><span class='ocrx_word' id='word_1_707' title='bbox 1002 2358 1132 2394; x_wconf 83' lang='grc' dir='ltr'>σφενδόνῃ</span> <span class='ocrx_word' id='word_1_708' title='bbox 1150 2357 1198 2384; x_wconf 83' lang='grc' dir='ltr'>τοῦ</span> <span class='ocrx_word' id='word_1_709' title='bbox 1224 2355 1370 2384; x_wconf 85' lang='grc' dir='ltr'>δακτυλίου</span> <span class='ocrx_word' id='word_1_710' title='bbox 1386 2352 1684 2389; x_wconf 81' lang='grc' dir='ltr'>ὲναπετεθησαύριστο.</span> <span class='ocrx_word' id='word_1_711' title='bbox 1708 2349 1792 2380; x_wconf 77' lang='grc' dir='ltr'>Ἐὅίω</span> 
     </span>
    </p>
   </div>
   <div class='ocr_carea' id='block_1_102' title="bbox 1000 2398 1793 2440">
    <p class='ocr_par' dir='ltr' id='par_1_102' title="bbox 1000 2398 1793 2440">
     <span class='ocr_line' id='line_1_103' title="bbox 1000 2398 1793 2440; baseline -0.009 -7"><span class='ocrx_word' id='word_1_712' title='bbox 1000 2406 1039 2438; x_wconf 81' lang='grc' dir='ltr'>δὲ,</span> <span class='ocrx_word' id='word_1_713' title='bbox 1053 2405 1091 2437; x_wconf 84' lang='grc' dir='ltr'>ῶς</span> <span class='ocrx_word' id='word_1_714' title='bbox 1103 2405 1153 2440; x_wconf 72' lang='grc' dir='ltr'>μὲν</span> <span class='ocrx_word' id='word_1_715' title='bbox 1163 2404 1189 2431; x_wconf 76' lang='grc' dir='ltr'>οἱ</span> <span class='ocrx_word' id='word_1_716' title='bbox 1204 2403 1239 2430; x_wconf 82' lang='grc' dir='ltr'><strong>τὰ</strong></span> <span class='ocrx_word' id='word_1_717' title='bbox 1261 2402 1348 2429; x_wconf 89' lang='grc' dir='ltr'>πλείω</span> <span class='ocrx_word' id='word_1_718' title='bbox 1366 2401 1503 2436; x_wconf 81' lang='grc' dir='ltr'>λέγουσιν,</span> <span class='ocrx_word' id='word_1_719' title='bbox 1515 2400 1563 2435; x_wconf 76' lang='grc' dir='ltr'>ἐτη</span> <span class='ocrx_word' id='word_1_720' title='bbox 1577 2401 1610 2433; x_wconf 82' lang='lat'><strong>0&#39;,</strong></span> <span class='ocrx_word' id='word_1_721' title='bbox 1623 2398 1661 2431; x_wconf 85' lang='grc' dir='ltr'>ὡς</span> <span class='ocrx_word' id='word_1_722' title='bbox 1680 2398 1703 2425; x_wconf 85' lang='grc' dir='ltr'>δ’</span> <span class='ocrx_word' id='word_1_723' title='bbox 1717 2398 1742 2425; x_wconf 90' lang='grc' dir='ltr'><strong>οί</strong></span> <span class='ocrx_word' id='word_1_724' title='bbox 1757 2399 1793 2426; x_wconf 84' lang='grc' dir='ltr'><strong>τὰ</strong></span> 
     </span>
    </p>
   </div>
   <div class='ocr_carea' id='block_1_103' title="bbox 1002 2444 1791 2485">
    <p class='ocr_par' dir='ltr' id='par_1_103' title="bbox 1002 2444 1791 2485">
     <span class='ocr_line' id='line_1_104' title="bbox 1002 2444 1791 2485; baseline -0.01 -6"><span class='ocrx_word' id='word_1_725' title='bbox 1002 2453 1116 2485; x_wconf 76' lang='grc' dir='ltr'>ἐλάττω,</span> <span class='ocrx_word' id='word_1_726' title='bbox 1132 2450 1154 2483; x_wconf 85' lang='grc' dir='ltr'><strong>ζ’</strong></span> <span class='ocrx_word' id='word_1_727' title='bbox 1178 2450 1225 2477; x_wconf 79' lang='grc' dir='ltr'><strong>καί</strong></span> <span class='ocrx_word' id='word_1_728' title='bbox 1247 2449 1279 2482; x_wconf 78' lang='grc' dir='ltr'><strong>ξ’.</strong></span> <span class='ocrx_word' id='word_1_729' title='bbox 1299 2447 1510 2475; x_wconf 83' lang='grc' dir='ltr'>Ἑπολιτεύσατο</span> <span class='ocrx_word' id='word_1_730' title='bbox 1526 2446 1555 2472; x_wconf 81' lang='grc' dir='ltr'>δὲ</span> <span class='ocrx_word' id='word_1_731' title='bbox 1569 2446 1591 2481; x_wconf 84' lang='grc' dir='ltr'><strong>β’</strong></span> <span class='ocrx_word' id='word_1_732' title='bbox 1619 2446 1667 2473; x_wconf 76' lang='grc' dir='ltr'>καὶ</span> <span class='ocrx_word' id='word_1_733' title='bbox 1682 2448 1707 2472; x_wconf 89' lang='grc' dir='ltr'>κ’</span> <span class='ocrx_word' id='word_1_734' title='bbox 1732 2444 1791 2480; x_wconf 78' lang='grc' dir='ltr'>ἐτη.</span> 
     </span>
    </p>
   </div>
   <div class='ocr_carea' id='block_1_104' title="bbox 1001 2491 1794 2526">
    <p class='ocr_par' dir='ltr' id='par_1_104' title="bbox 1001 2491 1794 2526">
     <span class='ocr_line' id='line_1_105' title="bbox 1001 2491 1794 2526; baseline -0.01 -3"><span class='ocrx_word' id='word_1_735' title='bbox 1001 2495 1140 2522; x_wconf 77' lang='grc' dir='ltr'>Κατέλιπε</span> <span class='ocrx_word' id='word_1_736' title='bbox 1151 2493 1180 2520; x_wconf 77' lang='grc' dir='ltr'>δὲ</span> <span class='ocrx_word' id='word_1_737' title='bbox 1191 2493 1238 2520; x_wconf 79' lang='grc' dir='ltr'>δύο</span> <span class='ocrx_word' id='word_1_738' title='bbox 1257 2492 1354 2524; x_wconf 77' lang='grc' dir='ltr'>παῖδας</span> <span class='ocrx_word' id='word_1_739' title='bbox 1368 2492 1400 2518; x_wconf 83' lang='grc' dir='ltr'>ὲκ</span> <span class='ocrx_word' id='word_1_740' title='bbox 1423 2491 1487 2526; x_wconf 78' lang='grc' dir='ltr'>μιᾶς</span> <span class='ocrx_word' id='word_1_741' title='bbox 1503 2491 1634 2525; x_wconf 79' lang='grc' dir='ltr'>γυναικὸς</span> <span class='ocrx_word' id='word_1_742' title='bbox 1658 2491 1714 2518; x_wconf 82' lang='grc' dir='ltr'>τῶν</span> <span class='ocrx_word' id='word_1_743' title='bbox 1730 2491 1794 2516; x_wconf 75' lang='grc' dir='ltr'>επι-</span> 
     </span>
    </p>
   </div>
   <div class='ocr_carea' id='block_1_105' title="bbox 1002 2537 1796 2577">
    <p class='ocr_par' dir='ltr' id='par_1_105' title="bbox 1002 2537 1796 2577">
     <span class='ocr_line' id='line_1_106' title="bbox 1002 2537 1796 2577; baseline -0.006 -9"><span class='ocrx_word' id='word_1_744' title='bbox 1002 2542 1106 2577; x_wconf 82' lang='grc' dir='ltr'>φανῶν.</span> <span class='ocrx_word' id='word_1_745' title='bbox 1125 2540 1203 2567; x_wconf 79' lang='grc' dir='ltr'>Ἔστι</span> <span class='ocrx_word' id='word_1_746' title='bbox 1223 2539 1252 2566; x_wconf 77' lang='grc' dir='ltr'>δὲ</span> <span class='ocrx_word' id='word_1_747' title='bbox 1266 2538 1349 2566; x_wconf 78' lang='grc' dir='ltr'>αὐτοῦ</span> <span class='ocrx_word' id='word_1_748' title='bbox 1371 2537 1454 2565; x_wconf 75' lang='grc' dir='ltr'>εἰκὼν</span> <span class='ocrx_word' id='word_1_749' title='bbox 1470 2538 1500 2564; x_wconf 81' lang='grc' dir='ltr'>ὲν</span> <span class='ocrx_word' id='word_1_750' title='bbox 1513 2537 1553 2573; x_wconf 85' lang='grc' dir='ltr'>τῷ</span> <span class='ocrx_word' id='word_1_751' title='bbox 1577 2537 1733 2572; x_wconf 88' lang='grc' dir='ltr'>πρυτανείῳ</span> <span class='ocrx_word' id='word_1_752' title='bbox 1746 2545 1796 2563; x_wconf 87' lang='grc' dir='ltr'>πε-</span> 
     </span>
    </p>
   </div>
   <div class='ocr_carea' id='block_1_106' title="bbox 1006 2583 1795 2624">
    <p class='ocr_par' dir='ltr' id='par_1_106' title="bbox 1006 2583 1795 2624">
     <span class='ocr_line' id='line_1_107' title="bbox 1006 2583 1795 2624; baseline -0.006 -10"><span class='ocrx_word' id='word_1_753' title='bbox 1006 2587 1176 2624; x_wconf 75' lang='grc' dir='ltr'>ριεζωσμένη</span> <span class='ocrx_word' id='word_1_754' title='bbox 1202 2585 1278 2620; x_wconf 77' lang='grc' dir='ltr'>ξίφος</span> <span class='ocrx_word' id='word_1_755' title='bbox 1291 2592 1299 2601; x_wconf 84' lang='lat'>&#39;</span> <span class='ocrx_word' id='word_1_756' title='bbox 1320 2584 1393 2612; x_wconf 80' lang='grc' dir='ltr'>οὕτω</span> <span class='ocrx_word' id='word_1_757' title='bbox 1410 2585 1465 2620; x_wconf 82' lang='grc' dir='ltr'>γὰρ</span> <span class='ocrx_word' id='word_1_758' title='bbox 1481 2584 1564 2612; x_wconf 77' lang='grc' dir='ltr'>αὐτὸν</span> <span class='ocrx_word' id='word_1_759' title='bbox 1589 2583 1795 2618; x_wconf 81' lang='grc' dir='ltr'>σκευασάμενον</span> 
     </span>
    </p>
   </div>
   <div class='ocr_carea' id='block_1_107' title="bbox 1003 2628 1797 2669">
    <p class='ocr_par' dir='ltr' id='par_1_107' title="bbox 1003 2628 1797 2669">
     <span class='ocr_line' id='line_1_108' title="bbox 1003 2628 1797 2669; baseline -0.008 -7"><span class='ocrx_word' id='word_1_760' title='bbox 1003 2633 1195 2669; x_wconf 82' lang='grc' dir='ltr'>δημηγορῆσαι</span> <span class='ocrx_word' id='word_1_761' title='bbox 1216 2631 1327 2666; x_wconf 77' lang='grc' dir='ltr'>λέγεται</span> <span class='ocrx_word' id='word_1_762' title='bbox 1352 2631 1425 2658; x_wconf 85' lang='grc' dir='ltr'>κατὰ</span> <span class='ocrx_word' id='word_1_763' title='bbox 1449 2631 1643 2666; x_wconf 74' lang='grc' dir='ltr'>Ἀντιπάτρου,</span> <span class='ocrx_word' id='word_1_764' title='bbox 1668 2630 1713 2657; x_wconf 78' lang='grc' dir='ltr'>ὅτε</span> <span class='ocrx_word' id='word_1_765' title='bbox 1733 2628 1797 2661; x_wconf 75' lang='grc' dir='ltr'>τοὺς</span> 
     </span>
    </p>
   </div>
   <div class='ocr_carea' id='block_1_108' title="bbox 1006 2675 1798 2717">
    <p class='ocr_par' dir='ltr' id='par_1_108' title="bbox 1006 2675 1798 2717">
     <span class='ocr_line' id='line_1_109' title="bbox 1006 2675 1798 2717; baseline -0.006 -10"><span class='ocrx_word' id='word_1_766' title='bbox 1006 2681 1125 2717; x_wconf 81' lang='grc' dir='ltr'>ῥήτορας</span> <span class='ocrx_word' id='word_1_767' title='bbox 1144 2679 1235 2706; x_wconf 76' lang='grc' dir='ltr'>λαϐεῖν</span> <span class='ocrx_word' id='word_1_768' title='bbox 1250 2677 1281 2712; x_wconf 71' lang='lat' dir='ltr'><strong>te</strong></span> <span class='ocrx_word' id='word_1_769' title='bbox 1301 2678 1422 2713; x_wconf 81' lang='grc' dir='ltr'>Ἀθηνῶν</span> <span class='ocrx_word' id='word_1_770' title='bbox 1436 2678 1570 2711; x_wconf 76' lang='grc' dir='ltr'>ὲὸιάζετο.</span> <span class='ocrx_word' id='word_1_771' title='bbox 1588 2676 1686 2713; x_wconf 78' lang='grc' dir='ltr'>Χρόνῳ</span> <span class='ocrx_word' id='word_1_772' title='bbox 1703 2675 1798 2711; x_wconf 81' lang='grc' dir='ltr'>μέντοι</span> 
     </span>
    </p>
   </div>
   <div class='ocr_carea' id='block_1_109' title="bbox 813 2767 1152 2798">
    <p class='ocr_par' dir='ltr' id='par_1_109' title="bbox 813 2767 1152 2798">
     <span class='ocr_line' id='line_1_110' title="bbox 813 2767 1152 2798; baseline -0.006 0"><span class='ocrx_word' id='word_1_773' title='bbox 813 2769 930 2798; x_wconf 70' lang='grc' dir='ltr'><strong>ἾᾹΙΗΑΕ</strong></span> <span class='ocrx_word' id='word_1_774' title='bbox 949 2767 1152 2797; x_wconf 75' lang='lat' dir='ltr'><strong>LECTIONES.</strong></span> 
     </span>
    </p>
   </div>
   <div class='ocr_carea' id='block_1_110' title="bbox 205 2853 1799 2915">
    <p class='ocr_par' dir='ltr' id='par_1_110' title="bbox 205 2853 1799 2915">
     <span class='ocr_line' id='line_1_111' title="bbox 205 2853 1799 2915; baseline -0.004 1"><span class='ocrx_word' id='word_1_775' title='bbox 205 2873 229 2888; x_wconf 85' lang='lat'><strong>&quot;</strong></span> <span class='ocrx_word' id='word_1_776' title='bbox 248 2868 548 2915; x_wconf 61' lang='grc' dir='ltr'>Αιγινηβιλιτξνιιες-</span> <span class='ocrx_word' id='word_1_777' title='bbox 585 2862 1180 2915; x_wconf 53' lang='grc' dir='ltr'><strong>’ἱ«τιλξξττῑοεςξςς’ξ.ξξῖξὲτ.ροιιὲέξ99έξνκξς,</strong></span> <span class='ocrx_word' id='word_1_778' title='bbox 1412 2861 1445 2888; x_wconf 70' lang='grc'><strong>³³</strong></span> <span class='ocrx_word' id='word_1_779' title='bbox 1457 2856 1676 2894; x_wconf 51' lang='lat' dir='ltr'><strong>MM?“</strong></span> 
     </span>
    </p>
   </div>
   <div class='ocr_carea' id='block_1_111' title="bbox 173 2907 382 2944">
    <p class='ocr_par' dir='ltr' id='par_1_111' title="bbox 173 2907 382 2944">
     <span class='ocr_line' id='line_1_112' title="bbox 173 2907 382 2944; baseline 0 0"><span class='ocrx_word' id='word_1_780' title='bbox 173 2916 227 2944; x_wconf 77' lang='grc' dir='ltr'>μην</span> <span class='ocrx_word' id='word_1_781' title='bbox 242 2907 338 2944; x_wconf 71' lang='grc' dir='ltr'><strong>γνώμῃ</strong></span> <span class='ocrx_word' id='word_1_782' title='bbox 351 2907 382 2934; x_wconf 74' lang='grc' dir='ltr'><strong>Α·</strong></span> 
     </span>
    </p>
   </div>
   <div class='ocr_carea' id='block_1_112' title="bbox 437 2897 1320 2940">
    <p class='ocr_par' dir='ltr' id='par_1_112' title="bbox 437 2897 1320 2940">
     <span class='ocr_line' id='line_1_113' title="bbox 437 2897 1320 2940; baseline -0.009 -8"><span class='ocrx_word' id='word_1_783' title='bbox 437 2897 459 2922; x_wconf 70' lang='grc'><strong>⁵¹⁷</strong></span> <span class='ocrx_word' id='word_1_784' title='bbox 473 2897 588 2940; x_wconf 61' lang='grc' dir='ltr'>Κίᾶξανης</span> <span class='ocrx_word' id='word_1_785' title='bbox 600 2902 739 2934; x_wconf 86' lang='lat' dir='ltr'><strong>Leicbius,</strong></span> <span class='ocrx_word' id='word_1_786' title='bbox 748 2901 808 2930; x_wconf 84' lang='lat' dir='ltr'><strong>libri</strong></span> <span class='ocrx_word' id='word_1_787' title='bbox 829 2900 937 2933; x_wconf 78' lang='grc' dir='ltr'>Μάγνος</span> <span class='ocrx_word' id='word_1_788' title='bbox 947 2897 959 2927; x_wconf 70' lang='grc' dir='ltr'><em>ἰ</em></span> <span class='ocrx_word' id='word_1_789' title='bbox 993 2899 1016 2916; x_wconf 78' lang='grc'><strong>⁷⁵</strong></span> <span class='ocrx_word' id='word_1_790' title='bbox 1026 2897 1118 2934; x_wconf 70' lang='grc' dir='ltr'>ἕτερον</span> <span class='ocrx_word' id='word_1_791' title='bbox 1130 2897 1180 2934; x_wconf 83' lang='grc' dir='ltr'>μὲν</span> <span class='ocrx_word' id='word_1_792' title='bbox 1195 2898 1271 2925; x_wconf 79' lang='grc' dir='ltr'>οὐδὲν</span> <span class='ocrx_word' id='word_1_793' title='bbox 1290 2906 1320 2929; x_wconf 84' lang='grc' dir='ltr'>ς.</span> 
     </span>
    </p>
   </div>
  </div>
