1959 3081
178 160 231 195 189

712 164 976 212 memoratam,
995 187 1032 194 —
1049 175 1131 207 con.
1145 177 1290 210 CCLXVI.

1746 181 1798 215 190

177 218 291 255 ὕστερον
299 219 427 274 disposui)
437 223 514 255 πόλις
521 223 550 251 ὲν
558 224 598 261 τῷ
606 227 759 262 πρυτανείῳ
767 230 823 261 τοῖς
832 230 881 256 τοῦ
889 231 949 266 ρήτι

1015 232 1131 269 aliisque
1159 234 1310 263 honoribus
1340 238 1480 263 mortuum
1507 241 1690 271 exornarunt,
1715 238 1796 274 eique

177 272 224 299 ρος
231 266 391 299 συγγενέσιν
397 267 562 304 ἐδωρήσατο,
572 272 617 298 καὶ
623 271 717 304 ἄλλαις
724 275 818 309 τιμαῖς
826 275 960 310 ἐτίμησαν

175 309 383 357 τελευτήσαντα,
399 314 446 339 καὶ
457 313 507 350 τὴν
522 315 614 342 είκόνα
632 317 766 346 ἀνέθεσαν
779 321 808 347 ὲν
815 322 848 356 τῇ
860 309 958 357 ἀγορᾷ.

209 354 338 390 Φέρονται
361 357 390 384 δὲ
417 358 500 386 αὑτοῦ
533 361 745 398 Ἀποφθέγματα
767 354 889 393 πλεῖσταί
906 354 954 394 καὶ

175 398 370 449 ξ’νωμολογίαι,
394 402 469 439 ἇπερ
493 405 575 438 αὐτὸς
602 408 652 442 μὲν
667 409 797 437 ἑκάστοτε
816 412 885 447 πρὸς
908 413 960 449 τὴν

174 445 385 491 ἀνακύπτουσαν
409 450 506 485 χρείαν
527 452 730 489 ἁρμοττόμενος
752 445 857 491 ἔλεγεν,
877 459 903 485 oi
928 445 959 486 de

173 491 319 525 ἀκούοντες
332 489 428 531 μνήμῃ
444 504 475 522 τε
500 498 549 524 καὶ
563 501 656 535 γραφῇ
680 489 854 530 διεσώσαντο.
875 502 960 537 Οὗτός

173 545 239 585 ποτε
254 538 428 585 κωλυόμενος
445 542 492 585 ύπ*
512 543 663 579 Ἀθηναίων
679 547 709 572 ὲν
718 547 852 585 ἐκκλησίᾳ
870 549 959 585 λέγειν

174 583 261 630 Egesth
272 594 300 612 τι
313 583 559 624 προσδιαλεχθῆναι
578 591 601 607 ⁷⁹
616 592 710 624 αὐτοῖς
734 593 787 629 ἔφη
804 583 957 630 βούλεσθαι.

284 631 439 668 δεξαμένων
451 635 580 670 Νεανίας
590 645 645 670 τις,
657 638 767 674 ἔφησεν,
778 629 840 676 ὥρᾳ
853 642 959 677 θέρους

171 674 207 707 ἐξ
219 676 328 723 ἄστεος
346 678 418 706 ὄνον
443 680 631 715 ἐμισθώσατο
661 674 830 719 Μέγαράῧεξ
852 674 909 723 Τῆς
924 674 959 716 δὲ

171 722 285 756 φλογὸς
303 723 379 751 κατὰ
400 724 434 752 τὸ
460 725 558 761 μέσον
582 728 638 762 τῆς
657 730 770 765 ἡμέρας
795 732 846 760 ἐπι
863 722 958 762 πλέον

170 767 390 804 ἀγαπωμένης,
415 772 555 808 ἑκάτερος
573 775 674 803 αὐτῶν
697 777 850 806 ἔσπευδεν
862 780 922 808 ὑπὸ
933 781 957 798 ⁸⁸

168 812 227 848 τὴν
238 814 291 861 τοῦ
305 815 378 843 ὄνου
390 818 530 852 γενέσθαι
541 821 641 855 σκιὰν,
653 823 670 849 ό
681 823 742 857 μὲν
754 825 853 859 λέγων
868 835 956 861 μεμι⁴

168 860 316 907 σθωκέναι
329 862 384 890 τὸν
394 863 476 898 ὄνον,
489 865 559 893 ἀλλ’
572 868 628 894 οὐκ
649 868 684 895 ἐν
703 869 786 904 σκιᾷ,
796 872 813 898 ό
830 871 864 898 δὲ
872 860 957 907 μεμι-

1011 286 1132 311 statuam
1152 281 1180 310 in
1193 282 1256 310 foro
1274 287 1441 311 statuerunt.

1048 371 1186 399 Feruntur
1200 372 1317 408 plurima
1337 373 1411 401 illius
1424 373 1672 410 Apopbthegmata,
1686 381 1719 402 ac
1732 381 1798 402 sen-

1010 418 1110 451 tentiae,
1139 426 1199 453 qua:
1226 418 1371 447 identidem
1395 420 1517 454 apposite
1542 420 1718 455 proferebat:
1744 428 1796 447 au-

1009 463 1116 491 dientes
1148 471 1214 491 vero
1248 457 1387 492 memoriae
1412 472 1446 492 ae
1476 465 1586 500 scriptis
1622 466 1796 496 mandarunt.

1010 509 1081 538 Cum
1097 509 1244 545 aliquando
1254 510 1281 538 in
1294 512 1426 539 concione
1437 511 1473 538 ab
1483 510 1696 540 Atheniensibus
1707 513 1798 541 dicere

1009 560 1081 584 esset
1089 556 1326 591 prohibitus,dixit
1337 565 1424 592 pauca
1431 558 1530 586 habere
1537 566 1568 586 se
1575 566 1636 593 quae
1645 558 1699 586 illis
1706 559 1798 587 dicere

1009 606 1126 636 optaret.
1155 601 1251 637 Itaque
1279 603 1353 630 facto
1368 603 1403 630 ab
1432 603 1646 631 Atheniensibus
1662 604 1796 634 silentio:

1009 646 1176 681 Adolescens,
1191 648 1290 682 inquit,
1307 653 1399 676 testate
1413 650 1519 676 asinum
1536 649 1670 683 conducit,
1687 658 1737 685 quo
1763 657 1796 677 ex

1007 693 1071 720 urbe
1082 693 1219 729 Megaram
1248 694 1468 729 proficisceretur.
1485 695 1551 722 Cum
1563 699 1652 722 autem
1667 695 1722 722 dies
1742 703 1797 722 me-

1008 739 1068 766 dius
1083 744 1161 772 esset,
1185 749 1216 767 ac
1243 740 1284 767 sol
1313 741 1478 768 uehementer
1489 741 1679 776 e/fervesceret,
1694 742 1796 768 [orator

1006 790 1032 812 et
1048 786 1191 813 conductor
1219 787 1267 814 sub
1283 787 1377 814 umbra
1399 787 1470 814 asini
1497 787 1626 823 quiescere
1645 788 1795 823 cupiebant.

1010 829 1125 865 Urgebat
1139 831 1209 858 alter
1221 831 1334 858 alterum
1347 840 1356 859 :
1369 832 1472 860 locutor
1486 833 1592 867 quidem
1608 841 1668 860 cum
1697 834 1795 860 diceret

1007 882 1034 902 se
1046 875 1148 902 asinum
1167 883 1220 902 non
1233 876 1353 903 umbram
1367 876 1479 904 locasse:
1496 878 1641 904 conductor
1654 886 1723 910 vero,
1734 886 1795 904 cum

167 906 330 958 σθωμένσς,
357 908 414 942 ἕως
428 909 467 937 ἂν
492 911 587 938 αὑτὸν
611 913 717 948 κύριον
736 915 790 942 τοῦ
816 906 949 952 σώματος

1005 930 1032 949 se
1042 922 1114 948 circa
1125 922 1231 948 asinum
1242 930 1345 949 omnem
1365 927 1520 958 potestatem
1544 923 1639 951 habere
1650 924 1795 958 conﬁrmu<

166 952 318 989 ἀποφαίνῃ
331 954 365 981 τὸ
376 955 523 991 μίσθωμα,
534 957 584 984 καὶ
595 959 654 994 τὴν
666 959 766 995 ἄλλην
776 962 858 996 ἔχειν
869 964 954 997 ἐξου-

164 999 238 1026 σΙαν
251 999 311 1026 τῶν
326 1002 555 1036 συμϐαινόντων
570 1003 620 1032 διὰ
646 1006 700 1033 τοῦ
723 1007 871 1043 σώματος.
899 1011 954 1038 Καὶ

163 1045 257 1092 ταῦτα
267 1045 353 1072 εἰπὼν
363 1047 459 1083 ἀπῄει.
476 1048 601 1084 ὀργώσας
615 1051 706 1079 αὐτῶν
720 1053 770 1085 τὰς
782 1055 867 1087 ἀκοὰς
884 1057 953 1092 προς

162 1089 279 1138 τὴντῶν
293 1091 394 1138 λοιπῷν
409 1094 537 1130 διήγησιν
549 1096 700 1125 ἀπολιπών.
717 1098 740 1135 [ι
746 1099 797 1127 480
814 1101 860 1138 n.]
876 1089 953 1131 Ἐπι-

163 1134 282 1184 σχόντων
332 1137 415 1165 αὐτὸν
429 1138 579 1175 Ἀθηναίων
593 1143 640 1169 καὶ
658 1134 745 1178 πέρας
762 1134 895 1174 ἐπιθεῖναι
911 1148 950 1184 τῷ

161 1179 232 1216 λόγῳ
244 1181 388 1216 δεομένων,
398 1184 641 1221 ὐπολαῦὼν,Εἶτα,
663 1189 871 1226 ἐφη,ῠπὲρμὲν
878 1179 950 1220 δνορ

1005 971 1056 999 rct,
1075 971 1102 994 et
1121 966 1179 994 haec
1204 974 1266 994 cum
1286 966 1409 1000 dixisset,
1425 967 1492 995 abiit
1527 972 1630 1000 orator,
1647 976 1729 995 aures
1747 976 1795 996 eo-

1004 1020 1065 1041 rum
1080 1013 1114 1040 ad
1129 1013 1232 1048 reliqua
1263 1013 1361 1048 cupide
1389 1013 1525 1041 audienda
1541 1021 1689 1042 exacuens.
1715 1013 1794 1042 llunc

1003 1065 1093 1086 autem
1113 1066 1175 1086 cum
1206 1058 1389 1086 Athenienses
1406 1058 1565 1092 retinerent,
1585 1063 1749 1093 orarentque
1764 1064 1794 1086 ut

1003 1104 1122 1132 fabulam
1138 1104 1172 1132 ad
1195 1104 1275 1132 linem
1296 1105 1457 1139 perduceret
1471 1113 1479 1131 :
1496 1103 1584 1136 Itane,
1604 1105 1636 1132 de
1654 1105 1738 1138 asini,
1752 1105 1794 1132 in—

1003 1149 1063 1184 quit
1073 1149 1279 1182 Demosthenes,
1296 1148 1392 1176 umbra
1412 1148 1505 1176 audire
1530 1148 1620 1182 uultis,
1636 1157 1676 1175 me
1689 1157 1749 1175 vero
1761 1148 1794 1175 de

1003 1194 1081 1222 rebus
1098 1194 1254 1221 necessariis
1270 1193 1400 1221 dicentem
1414 1194 1508 1221 audire
1529 1195 1668 1221 recusatis.

159 1227 247 1277 σκιᾷ(
257 1229 548 1277 ρούξεσθσάκούειν,
559 1235 635 1269 ὑπὲρ
649 1235 684 1262 δὲ
698 1239 873 1267 σπουδαίων
893 1241 1076 1277 πραγμάτων
1088 1240 1138 1267 καὶ
1158 1240 1374 1275 συμφερόντων
1400 1238 1437 1274 τῇ
1453 1240 1539 1267 πόλει
1565 1240 1600 1266 οὐ
1621 1239 1774 1271 ,βούλεσθε
1781 1250 1792 1276 ;

196 1273 317 1302 Βάταλον
330 1276 358 1303 δὲ
374 1277 561 1314 ὀνομασθῆναι
577 1281 603 1307 οί
618 1281 668 1316 μὲν
689 1283 772 1311 αὐτόν
786 1293 864 1319 φασι,
878 1273 945 1314 διότι

159 1318 219 1365 νέος
232 1319 270 1346 ὣν
287 1322 334 1348 καὶ
356 1324 494 1358 κωμάζων
519 1327 686 1359 γυναικείοις
712 1318 865 1365 ἐσθήμασιν
895 1333 949 1358 ἀπ-

157 1364 309 1413 ικέχρητο·
331 1368 356 1394 οι
382 1368 411 1395 δὲ
437 1369 653 1406 ὑποκοριστικῶς
673 1374 755 1401 αὐτὸν
769 1364 948 1413 ἐπικληθῆναι

157 1411 236 1438 τοῦτο
253 1412 307 1439 ἀπὸ
321 1414 369 1441 τοῦ
397 1416 528 1451 ὀνόματος
539 1418 589 1454 τῆς
607 1420 709 1455 τροφοῦ
731 1421 842 1456 λέγουσι
858 1411 947 1450 λοιδο-

159 1457 297 1493 ρούμενοι.
312 1459 423 1496 Ἕτεροι
439 1461 467 1488 δέ
484 1471 565 1497 φασιν
583 1461 635 1498 (οἷς
659 1465 707 1492 καὶ
732 1466 860 1499 Λιὸάνιος
873 1469 887 1494 ό
905 1478 947 1494 σο-

157 1504 257 1540 φιστὴς
269 1505 467 1543 ἠκολούθησεν)
482 1509 520 1541 ὡς
544 1510 604 1542 νέος
620 1509 683 1546 [807
699 1512 745 1548 H.]
759 1512 797 1540 ὢν
823 1514 946 1547 ἀσθενῶς

156 1549 274 1577 διέκειτο
283 1551 323 1587 τῷ
336 1552 444 1587 σώματι
455 1554 504 1580 καὶ
516 1554 636 1591 νοσώδης
648 1554 683 1592 ἦν
697 1565 704 1571 ·
717 1557 758 1584 διδ
769 1558 837 1594 μηδὲ
851 1560 944 1595 φοιτᾷν

157 1595 198 1627 εἰς
211 1597 391 1634 παλαίστραν,
405 1594 444 1631 ὥς
454 1600 554 1632 πάντες
570 1602 596 1628 οἱ
684 1589 836 1639 Ἀθηναίων
849 1589 945 1638 παῖδες
960 1589 982 1618 C‘

156 1641 306 1669 εἰώθεσαν·
321 1644 366 1671 διὰ
388 1644 469 1672 τοῦτο
487 1646 536 1673 καὶ
561 1647 709 1682 ἀνδρωθεὶς
739 1650 780 1681 είς
809 1651 945 1684 μαλακίαν

156 1688 211 1714 ὑπὸ
223 1688 278 1715 τῶν
290 1689 397 1725 ἐχθρῶν
411 1690 578 1725 ἐσκώπτετο,
601 1693 647 1720 καὶ
665 1694 784 1726 Βάταλος
802 1697 946 1732 ἐπωνομά-

156 1732 229 1766 ζετο.
253 1734 406 1771 Ἰστόρηται
420 1738 475 1773 γάρ
487 1746 530 1770 τις
546 1739 671 1773 Ἐφέσιος
687 1741 807 1773 Βάταλος
825 1743 945 1779 αὑλητὴς

155 1779 294 1814 γενέσθαι,
309 1781 338 1813 ὃς
354 1783 463 1817 πρῶτος
473 1784 630 1820 ὑποδήμασι
646 1787 813 1820 γυναικείοις
828 1789 875 1815 ἐπὶ
895 1789 946 1824 τῆς

156 1825 260 1861 σκηνῆς
285 1827 423 1863 ἐχρήσατο
442 1830 490 1856 καὶ
506 1830 600 1864 μέλεσι
625 1833 785 1867 κατεαγόσι,
810 1835 857 1862 καὶ
873 1835 942 1868 ὅλως

154 1871 206 1908 τὴν
218 1874 319 1909 τέχνην
343 1875 511 1910 ὲμαλάκισεν
521 1884 529 1892 ·
546 1878 594 1912 ἀφ’
607 1875 638 1905 οὗ
661 1879 725 1911 τοὺς
750 1880 882 1914 ἐκλύτους
897 1883 944 1910 καὶ

155 1918 304 1954 ἀνάνδρους
318 1920 456 1954 Βατάλους
470 1922 685 1958 ἐπονομάζουσιν
700 1925 733 1952 υ.

507 1969 595 2004 ΣΞσι.

418 2013 586 2049 Ὑπερείδου
611 2017 708 2052 λόγοι.

194 2055 422 2102 ᾏνεγνώσθησαν
447 2059 471 2076 ⁸⁸
514 2060 676 2097 Ὑπερείδου
706 2063 784 2098 λόγοι
807 2064 942 2102 διάφοροι.

151 2101 263 2129 Τούτων
274 2104 297 2130 ol
315 2104 365 2139 μὲν
378 2106 419 2137 είς
433 2106 464 2133 τὸ
475 2107 523 2134 τοῦ
535 2108 650 2144 ῥήτορος
664 2109 864 2146 ἀναφερόμενοι
875 2113 942 2149 γνή-

155 2157 217 2175 σιον
230 2149 253 2184 β’
273 2150 320 2177 καὶ
339 2153 359 2177 ν’
373 2152 453 2184 εἰσιν,
470 2154 495 2180 οι
509 2153 538 2180 δὲ
552 2156 742 2191 παρασχόντες
760 2158 941 2195 ἀμφισὸήτη-

152 2203 196 2222 σιν
212 2198 232 2222 ε’
247 2198 294 2224 καὶ
305 2200 329 2224 κ’
343 2206 350 2214 ·
362 2198 394 2225 τὸ
402 2199 455 2234 γὰρ
467 2199 528 2227 ὅλον
537 2200 628 2228 αὐτῶν
640 2201 777 2238 πλήρωμα
788 2204 828 2236 είς
841 2204 865 2237 ζ’
879 2214 942 2232 συν-

1040 1286 1163 1313 Batalum
1183 1286 1355 1313 nominatum
1384 1285 1431 1312 alii
1454 1284 1558 1317 dicunt,
1587 1285 1658 1319 quod
1682 1284 1791 1319 juvenis

1000 1339 1033 1359 ac
1053 1331 1200 1359 lasciviens
1226 1331 1348 1358 vestibus
1362 1330 1542 1358 muliebribus
1561 1330 1665 1357 abusus
1691 1337 1764 1358 esset
1781 1339 1789 1358 :

1000 1378 1044 1404 alii
1071 1376 1207 1404 diminute
1237 1377 1327 1412 ipsum
1352 1376 1392 1404 sic
1409 1375 1633 1411 cognominatum
1647 1377 1791 1404 anutricis

998 1423 1108 1450 nomine
1116 1422 1305 1450 conviciantur
1314 1431 1321 1449 :
1329 1422 1374 1449 alii
1382 1429 1456 1455 vero,
1464 1429 1533 1457 quos
1543 1422 1613 1449 inter
1625 1421 1791 1449 etLibanius

998 1469 1132 1503 sophista,
1148 1468 1221 1503 quod
1251 1468 1358 1502 juvenis
1379 1467 1515 1495 imbecillo
1531 1471 1603 1495 esset
1626 1475 1750 1502 corpore.
1763 1472 1791 1495 et

997 1504 1225 1541 valetudinarius.
1246 1512 1335 1546 Quare
1350 1520 1437 1548 neque
1448 1513 1474 1540 in
1503 1512 1658 1547 palaestram
1684 1513 1788 1545 venire,

1000 1564 1030 1588 ut
1045 1566 1140 1587 omnes
1156 1558 1364 1586 Atheniensium
1392 1565 1503 1594 pueros,
1519 1558 1640 1586 solitum.
1672 1559 1790 1593 Ideoque

998 1605 1069 1633 virili
1077 1609 1156 1633 aetate
1164 1605 1199 1632 ab
1211 1604 1332 1632 inimicis
1342 1610 1454 1639 propter
1468 1604 1654 1632 ell'eminatum
1665 1605 1787 1631 aniuuun

998 1652 1096 1680 irrisus
1120 1656 1171 1684 est,
1186 1655 1214 1679 et
1229 1651 1340 1678 Batalus
1360 1651 1529 1681 nominatus.
1554 1650 1652 1678 Fertur
1677 1651 1789 1678 Batalus

996 1699 1106 1734 quidem
1126 1699 1226 1727 tibicen
1243 1699 1341 1731 fuisse,
1356 1698 1404 1734 qui
1416 1699 1506 1733 primo
1522 1698 1620 1726 calceis
1644 1699 1788 1726 muliebri-

995 1745 1048 1773 hus
1063 1743 1092 1772 in
1107 1751 1188 1773 scena
1204 1752 1271 1772 usus
1285 1748 1337 1776 est,
1353 1749 1380 1771 et
1403 1743 1535 1771 membris
1547 1742 1655 1776 fractis,
1675 1743 1789 1770 omnino

995 1795 1080 1819 artem
1094 1790 1216 1824 mollem,
1233 1796 1260 1818 et
1283 1794 1440 1817 enervatam
1456 1789 1584 1821 reddidit,
1600 1789 1674 1817 unde
1688 1793 1716 1817 et
1732 1789 1789 1817 dis-

995 1836 1101 1865 solutos
1115 1841 1143 1865 et
1154 1834 1327 1865 ell‘emin‘atos
1339 1834 1449 1863 Batalos
1469 1835 1624 1863 nominant.

1341 1978 1482 2008 CCLXVL

1152 2027 1251 2065 4951)
1267 2027 1411 2062 Hyperidis
1447 2025 1594 2053 orationes.

1029 2073 1099 2110 Legi
1113 2075 1206 2102 varias
1229 2074 1368 2102 orationes
1398 2071 1694 2107 Hyperidm:quarum
1724 2077 1787 2105 ger—

993 2127 1081 2147 mana:
1094 2119 1290 2156 quinquaginta
1300 2118 1363 2146 dum
1381 2122 1458 2149 sunt,
1473 2121 1500 2144 et
1508 2116 1605 2152 viginti
1620 2115 1743 2151 quinque
1758 2115 1786 2143 in

993 2165 1106 2193 dubium
1120 2168 1264 2192 vocantur.
1289 2163 1360 2191 Sunt
1376 2166 1468 2189 autem
1491 2161 1519 2188 in
1534 2161 1692 2189 universum
1707 2168 1787 2188 sesa-

993 2208 1068 2243 ginta
1082 2213 1197 2244 septem.
1213 2209 1244 2236 ln
1256 2206 1451 2242 componendis
1467 2205 1637 2234 orationibus
1648 2205 1786 2240 egregius,

149 2241 232 2300 :E‘VEI
249 2243 296 2270 καὶ
311 2247 343 2271 o'.
360 2245 487 2279 Ἄριστος
496 2246 525 2273 δὲ
538 2246 651 2281 γέγονεν
667 2249 697 2275 ὲν
708 2251 768 2281 ταῖς
779 2249 833 2276 τῶν
854 2251 941 2286 λόγων

1005 2259 1026 2282 ιι
1040 2241 1165 2282 dubitent
1176 2254 1300 2282 nonnulli
1317 2241 1405 2281 utrum
1430 2252 1630 2280 Demosthenes
1643 2258 1705 2278 eum
1725 2251 1786 2278 vin-

150 2287 306 2336 ἐργασίαις,
331 2290 370 2322 ὡς
397 2293 455 2318 τισὶ
474 2293 524 2328 μὲν
550 2294 757 2331 ἀμφισϐήτησιν
785 2299 938 2333 παρασχεῖν

1005 2305 1045 2335 at,
1066 2308 1101 2328 an
1116 2300 1266 2336 Hyperides
1277 2300 1507 2329 'Demosthenem.
1523 2298 1594 2326 Sunt
1608 2298 1655 2333 qui
1669 2297 1786 2333 llyperi-

149 2333 266 2382 πότερον
331 2336 507 2372 Δημοσθένης
532 2338 602 2365 κατὰ
616 2339 680 2371 τοὺς
707 2341 803 2375 λόγους
831 2343 937 2370 ἐκείνου

1005 2333 1052 2375 lem
1069 2351 1245 2382 anteponant,
1265 2352 1293 2375 et
1305 2347 1357 2374 hoc
1371 2345 1549 2381 epigramma,
1573 2344 1646 2379 quod
1661 2344 1785 2371 nonnulli

148 2379 272 2415 προέχει,
289 2380 306 2416 ἢ
321 2382 510 2417 Δημοσθένους
519 2384 534 2410 ό
554 2384 716 2421 Ὑπερείδης
727 2395 735 2401 ·
748 2388 801 2414 είσὶ
813 2388 842 2415 δὲ
851 2389 876 2415 οἳ
891 2390 939 2416 καὶ

1005 2379 1184 2419 )emosthenis
1196 2396 1292 2419 statuae
1305 2390 1492 2422 subscribunt,
1506 2389 1582 2423 huic,
1595 2389 1655 2417 solo
1672 2389 1783 2416 nomine

146 2424 198 2460 τὴν
214 2427 332 2454 νικῶσαν
348 2428 441 2455 ἔθεντο
466 2429 556 2465 ψῆφον
579 2431 734 2469 Ὑπερείδῃ·
751 2433 819 2461 ἀλλὰ
847 2436 894 2462 καὶ
910 2437 940 2463 τὺ

1005 2442 1110 2471 uutato,
1123 2438 1285 2465 attribuunt.
1298 2437 1427 2464 Scribunt
1437 2436 1510 2464 enim
1523 2445 1531 2463 :

146 2471 325 2508 ἐπίγραμμα.
340 2474 355 2501 ὃ
368 2483 440 2507 τινες
457 2477 674 2515 ὲγγράφουσιτῇ
687 2478 734 2506 τοῦ
746 2480 936 2516 Δημοσθένους
974 2483 1069 2520 στήλη,
1103 2484 1144 2516 εἰς
1177 2485 1282 2510 ἐκεῖνον
1311 2483 1507 2519 μεταφέρουσι,
1537 2482 1569 2509 τὺ
1594 2481 1681 2518 ὅνομα
1702 2481 1782 2517 μόνον

146 2520 329 2556 ἀμειψάμενοι
343 2530 350 2537 ·
364 2523 499 2558 γράφουσι
516 2525 569 2562 γάρ
579 2534 587 2542 ⁸

147 2567 240 2609 Εῖὲῗρ
254 2567 334 2609 ""1".
340 2570 444 2609 τιῖάὶμη
452 2571 558 2609 Mam:
571 2573 596 2609 ’ἓ
610 2574 778 2607 Ὑπερείδης
788 2572 881 2609 εἶχενι

184 2603 226 2647 03')
240 2602 305 2629 ποτ’
319 2603 359 2630 ἂν
373 2602 630 2642 Ἐλλῆνὼνῆρξεν
642 2602 730 2643 Ἄρης
744 2602 897 2638 Μακεδών.

1005 2602 1164 2647 ῨᾺτῤοίσαδ
1185 2610 1295 2638 Macedo
1312 2619 1363 2639 non
1378 2602 1523 2638 domuisset
1536 2602 1608 2646 opes;

181 2644 269 2680 Οὗτος
281 2647 311 2674 δὲ
325 2649 340 2675 ό
361 2648 523 2687 Ὑπερείδης
534 2654 599 2681 παῖς
617 2653 667 2688 μὲν
678 2654 774 2688 γέγονε
797 2655 933 2682 Γλαυκίπ-

1024 2644 1174 2691 Hyperides
1193 2658 1271 2690 patre
1298 2660 1379 2683 natus
1398 2660 1457 2683 erat
1470 2644 1632 2691 Glaucippo,
1657 2656 1780 2692 Dionysii

144 2702 199 2721 που
215 2695 264 2721 τοῦ
285 2695 434 2729 Διονυσίου,
450 2698 604 2731 Κολλυτεὺς
618 2700 641 2716 ⁸⁸
650 2700 679 2727 δὲ
692 2700 737 2727 τὸν
751 2701 837 2736 δῆμον
849 2709 856 2717 ³
869 2701 933 2737 ἔσχε

1005 2702 1058 2736 ilio,
1072 2703 1143 2731 tribu
1159 2702 1317 2731 Colitensis.
1345 2701 1445 2729 Filium
1461 2701 1555 2729 habuit
1568 2701 1664 2729 eodem
1680 2709 1736 2736 quo
1749 2705 1778 2729 et

143 2739 175 2766 δὲ
191 2741 238 2767 καὶ
248 2740 396 2776 ὁμώνυμον
409 2743 466 2770 υἱὸν
477 2743 516 2779 τῷ
530 2746 615 2781 πατρὶ
628 2746 804 2775 Γλαύκιππον
819 2749 933 2784 ῥήτορα,

1005 2753 1066 2776 ater
1077 2749 1152 2778 illius
1161 2753 1222 2777 erat
1231 2748 1342 2776 nomine
1353 2747 1530 2783 Glaucippus,
1538 2747 1675 2776 rhetorem
1688 2747 1778 2781 illum,

784 2815 901 2843 VARllE
921 2815 1123 2844 LECTIONES.

181 2855 483 2897 ⁷⁹,πρς)δἐαλεχρῇναιςι
521 2858 544 2874 ³⁸
563 2858 625 2895 ὑπὸτ,
638 2861 682 2888 ἐπὶ
700 2860 727 2888 Β.
768 2862 788 2877 ⁸⁸
804 2861 980 2897 ὲπωνόμαξον
992 2862 1023 2890 Β.
1061 2861 1083 2878 ¹¹
1095 2859 1253 2897 ἀνεγνώσθη
1264 2861 1297 2888 Α.
1335 2859 1357 2876 ⁸³
1376 2859 1471 2896 ῥώμην
1486 2857 1582 2896 γνώμῃ
1601 2859 1632 2887 Λ.
1663 2858 1686 2876 ⁸⁵
1701 2859 1774 2888 Κολ-

144 2889 299 2923 λυιιὺςγΔΒ
319 2900 326 2920 :
348 2889 486 2925 Κολυτεϋς
503 2901 534 2925 ς.

991 2576 1044 2604 Hic
1057 2576 1081 2603 si
1112 2579 1223 2602 uantum
1232 2575 1321 2602 animo
1333 2579 1436 2603 tantum
1455 2575 1580 2604 ualuisset
1597 2579 1622 2603 et
1632 2577 1727 2610 armis,

1024 2584 1164 2638 AraoYicas
1185 2610 1295 2638 Macedo
1312 2619 1363 2638 non
1378 2611 1522 2638 domuisset
1536 2619 1608 2638 ones.
