1959 3081
176 135 226 170 191

751 140 881 170 ΡΗΟΤΙῙ
896 140 1147 171 ΡΛἹἭΙΑΕΟΙΙᾸΞ
1164 140 1219 170 CP.

1751 139 1802 172 192

174 201 202 223 ct
214 195 353 224 orationes
381 194 592 230 scriptitautem.
610 195 636 224 Is
652 204 714 224 cum
729 196 850 226 Platonis
873 197 958 232 philo-

1013 197 1042 228 ὃς
1057 198 1104 224 καὶ
1116 197 1212 231 λόγους
1230 195 1428 231 συνεγράψατο.
1450 194 1599 227 Πλάτωνος
1616 195 1644 223 δὲ
1666 196 1714 223 τοῦ
1727 198 1803 232 φιλο-

174 242 252 276 sophi
261 241 369 269 auditor
383 249 437 268 una
444 249 506 269 cum
519 241 638 270 lsocrate
646 243 751 277 fuisset,
767 243 961 279 rempublicam

174 287 289 314 Athenis
315 286 418 322 gessit,
449 294 505 322 quo
534 293 655 322 tempore
686 289 839 317 Alexander
869 297 960 317 rerum

175 333 291 360 Graecia:
318 332 480 368 potitusest
496 342 503 361 :
519 334 598 368 eique
616 335 650 362 de
666 335 783 363 ducibus
799 340 826 363 et
843 335 962 363 triremi-

174 378 235 409 ltus.
244 385 314 413 quas
325 377 359 405 ab
372 378 582 406 Atheniensibus
596 379 681 414 petiit,
697 380 871 407 contradixit.
889 380 961 408 ldem

173 432 228 451 non
251 423 403 451 dimittendi
417 424 564 456 exercitus,
577 425 624 460 qui
646 425 673 452 in
694 425 808 453 Taenaro
824 431 892 457 erat,
910 434 960 453 au-

173 473 234 495 ctor
249 468 310 495 fuit.
320 467 446 495 Honores
460 468 632 496 Demostheni
649 469 768 497 decrevit
783 478 789 496 :
803 474 961 497 accusatus-

172 520 226 546 que
241 519 256 539 a
273 511 388 539 Diodoto
412 512 575 540 violatarum
593 513 693 548 legum,
720 522 783 541 mox
798 514 958 541 absolvitur.

173 558 277 585 Amieis
309 565 375 585 usus
404 562 461 591 est,
479 559 681 592 Demosthene,
713 559 835 596 Lysicle,
861 565 888 587 et
908 560 960 595 Ly-

172 611 274 638 curgo;
289 611 371 638 quam
392 608 483 631 tamen
495 605 644 632 amicitiam
663 611 792 641 perpetuo
807 614 859 634 non
871 614 960 634 serva-

173 649 222 680 vit,
250 650 297 677 sed
326 655 504 685 posteaquam
533 651 663 686 Lysicles,
684 656 710 679 et
725 651 865 688 Lycurgus
879 652 959 679 evita

171 697 372 728 execssissent,
401 696 591 730 judiciumque
622 696 727 723 subiret
752 696 958 730 Demosthenes,

172 741 245 775 quod
256 741 291 769 ab
303 741 423 777 Harpalo
443 743 558 777 pecunia
575 747 720 778 corruptus
734 742 884 776 videretur,
912 744 960 770 de-

173 788 295 822 signatus
308 789 342 816 ab
354 789 480 816 omnibus
491 789 581 824 ipsum
591 789 798 817 Demosthenem
810 790 958 817 accusavit.

174 832 309 860 Caeterum
324 833 359 860 ab
374 833 558 868 Aristogitone
569 833 657 868 legum
673 833 743 860 male
759 833 875 860 latarum
887 834 959 861 actio

173 883 268 905 contra
281 879 352 906 hunc
365 883 407 906 est
423 879 536 912 intenta,
552 879 624 915 quod
646 879 783 907 decretum
797 880 914 912 fecisset,
930 885 960 908 ut
974 870 996 898 Β

174 925 332 960 alienigene
346 931 407 961 post
431 934 547 960 pugnam
564 925 598 953 ad
620 926 810 960 Chaeroneam,
825 927 898 954 cives
911 928 959 955 tic-

174 977 245 1002 rent,
269 977 350 1006 atque
368 972 455 999 servis
471 971 582 998 libertas
596 972 718 1004 daretur,
738 977 765 999 et
780 980 869 1004 sacra.
885 979 913 1000 et
925 973 958 1000 li-

173 1017 242 1049 beri,
262 1023 288 1044 et
304 1026 403 1045 uxores
419 1018 446 1045 in
464 1017 604 1053 Pyraeeum
628 1018 809 1052 deferrentur,
836 1026 891 1053 quo
914 1019 959 1046 ille

169 1063 273 1098 judicio
295 1064 437 1092 absolutus
469 1069 522 1092 est.
553 1063 623 1091 Cum
652 1068 742 1091 autem
770 1069 957 1097 accusaretur,

171 1110 242 1144 quod
265 1109 290 1136 in
304 1110 415 1138 decreto
428 1118 443 1137 a
459 1118 489 1138 se
508 1110 578 1138 l'acto
606 1110 705 1137 multas
724 1110 798 1145 leges
823 1111 958 1144 neglexis-

172 1161 234 1183 set:
254 1155 324 1187 Nt'si,
339 1156 435 1191 inquit,
452 1155 624 1183 Macedonum
645 1165 720 1183 arma
745 1156 809 1182 milii
840 1156 957 1184 tenebras

171 1201 337 1236 effudissem,
355 1210 405 1228 non
415 1210 461 1237 ego
489 1202 620 1228 decretum
639 1201 706 1228 illud
719 1202 892 1235 scripsissem,
912 1202 958 1229 sed

171 1254 260 1281 pugna
288 1247 322 1273 ad
350 1246 523 1275 Clzazroneam
545 1247 684 1273 commissa
706 1247 798 1281 coegit.
824 1246 957 1279 Primum,

173 1291 293 1318 nondum
310 1296 402 1319 orator
424 1292 459 1318 ab
480 1291 693 1319 Atheniensibus
705 1291 816 1323 electus,
833 1292 958 1319 mercede

174 1338 322 1365 accusavit.
341 1338 456 1366 Persicm
473 1338 547 1369 visus
563 1341 606 1365 est
621 1337 742 1373 pecunia
755 1345 817 1364 cuin
834 1338 958 1372 Ephialte

172 1383 348 1418 participasse
361 1393 367 1411 :
381 1384 480 1411 deinde
492 1383 638 1411 commissa
651 1383 690 1410 illi
709 1391 775 1411 cura
794 1383 956 1416 triremium,

170 1428 280 1461 quando
287 1427 428 1463 Philippus
438 1428 618 1464 Byzantltium
632 1428 784 1459 obsidebat,
793 1432 821 1455 et
834 1433 958 1463 prompte

172 1472 328 1508 Byzantiuis
351 1475 491 1510 suppetias
515 1482 576 1502 cum
606 1479 751 1509 portasset,
776 1473 877 1510 496a
890 1474 958 1502 cho-

171 1520 227 1555 ragi
242 1519 359 1548 ollicium
374 1520 494 1555 suscepit
514 1528 547 1548 eo
559 1527 643 1554 anno,
661 1521 788 1550 omnibus
804 1521 864 1548 aliis
879 1527 894 1547 a
907 1528 957 1555 pu-

171 1565 241 1593 blico
256 1573 369 1593 munere
383 1566 525 1593 abdicatis.
555 1565 661 1593 Decreti
676 1573 786 1600 quoque
801 1565 835 1593 ab
845 1572 878 1593 eo
892 1569 957 1593 sunt

171 1611 290 1639 honores
310 1611 383 1643 Iolae,
404 1611 450 1646 qui
467 1611 622 1639 Alexandro
651 1611 750 1647 Magno
769 1619 903 1639 venenum
919 1611 958 1638 le-

171 1656 300 1684 tltiferum
330 1657 485 1691 miscuerat,
513 1657 618 1692 fuitque
639 1658 732 1686 socius
759 1664 792 1685 ac
823 1657 959 1692 particeps

171 1703 234 1730 belli
249 1702 446 1730 Lamiacicum
474 1703 665 1735 Demosthene,
686 1702 883 1738 funebremque
907 1711 958 1738 pro

170 1749 205 1776 iis
213 1748 259 1783 qui
271 1749 298 1776 in
307 1756 340 1776 eo
354 1748 425 1776 bello
434 1749 599 1776 decidissent
608 1749 770 1782 orationem,
783 1756 880 1784 magna
894 1756 957 1777 cum

171 1794 294 1821 omnium
315 1794 495 1822 admiratione
521 1794 627 1821 habuit.
657 1794 724 1821 Cum
741 1801 805 1821 vero
819 1793 958 1829 Philippus

171 1841 198 1867 in
214 1839 344 1868 Euboeam
376 1840 503 1874 navigare
520 1840 706 1872 contenderet,
723 1840 959 1876 Atheniensesque

171 1885 223 1912 sibi
252 1886 286 1912 ah
313 1892 346 1912 eo
373 1890 535 1918 metuerent,
564 1893 597 1912 ex
621 1885 738 1920 publicis
768 1884 958 1920 largitionibus

172 1932 297 1958 triremes
315 1931 435 1958 confecit
450 1930 641 1966 quadraginta,
671 1931 832 1966 primusque
854 1939 903 1965 pro
929 1939 958 1959 se

170 1987 202 2006 ac
232 1978 287 2006 ﬁlio
313 1978 381 2006 duas
405 1978 529 2004 triremes
553 1977 636 2005 dedit.
667 1976 791 2011 Cumque
814 1976 879 2003 Delii
895 1984 957 2004 ettm

170 2024 382 2052 Atheniensibus
391 2023 597 2054 contenderent,
614 2029 692 2050 utros
706 2022 806 2057 templo
823 2021 958 2057 Apollinis

170 2070 292 2105 Dt-Iphici
316 2077 433 2105 praeesse
447 2077 559 2096 necesse
584 2072 667 2101 esset,
684 2069 859 2102 deiectusque
887 2071 959 2095 esset

169 2116 378 2151 (Escltines,qui
391 2123 421 2143 ea
437 2115 470 2142 de
484 2122 512 2142 re
525 2115 640 2147 diceret,
651 2114 771 2141 decrevit
783 2113 960 2148 Areopagita-

170 2171 231 2190 rum
267 2162 429 2194 consilium,
461 2165 491 2189 ut
524 2160 558 2188 ad
590 2161 616 2188 id
651 2160 773 2187 muneris
804 2159 957 2194 Hyperides

1013 243 1095 277 σόφου
1112 242 1277 278 ἠκροάσατο,
1292 242 1338 268 καὶ
1355 241 1387 276 δὴ
1407 241 1455 268 καὶ
1488 241 1673 277 Ἰσοκράτους.
1693 243 1801 269 Ἐπολι-

1011 287 1128 313 τεύσατο
1142 287 1171 314 δὲ
1190 287 1346 323 Ἀθήνῃσιν,
1371 286 1416 312 ὅτε
1449 286 1628 323 Ἀλέξανδρος
1639 288 1654 313 ὁ
1668 286 1801 314 Μακεδὼν

1011 332 1066 358 τῶν
1087 331 1249 367 Ἑλληνικῶν
1263 331 1365 366 ἥπτετο
1393 331 1575 367 πραγμάτων,
1597 332 1645 358 καὶ
1662 332 1799 358 δείκνυται

1011 377 1147 404 ἀντειπὼν
1161 376 1243 404 αὐτοῦ
1257 377 1290 412 τῇ
1312 377 1429 411 αἰτήσει,
1458 376 1521 411 ἥτις
1541 377 1605 407 τοὺς
1629 376 1800 412 στρατηγοὺς

1011 422 1066 449 τῶν
1087 422 1237 457 Ἀθηναίων
1263 421 1310 448 καὶ
1333 421 1382 453 τὰς
1401 421 1525 457 τριήρεις
1543 421 1650 456 ἀπῄτει.
1667 421 1799 448 Συνεῢού-

1010 466 1090 493 λευσε
1106 466 1135 493 δὲ
1151 469 1207 498 τοῖς
1231 465 1384 500 Ἀθηναίοις
1403 465 1451 492 καὶ
1465 466 1496 491 τὸ
1506 466 1554 492 ἐπὶ
1575 466 1711 501 Ταίναρον
1727 465 1799 498 ξενι-

1011 513 1058 539 κδν
1077 512 1212 539 διαλῦσαι.
1238 511 1362 548 Ἔγραψε
1386 511 1415 538 δὲ
1441 513 1490 538 καὶ
1512 511 1681 547 Δημοσθένει
1705 511 1798 546 τιμὰς.

1011 559 1059 585 καὶ
1073 559 1225 594 γραφέντος
1255 558 1307 585 ὑπὸ
1333 558 1381 585 τοῦ
1412 557 1536 584 Διοδότου
1564 558 1734 593 παρανόμων
1750 557 1798 584 τοῦ

1010 604 1184 640 ψηφίσματος
1197 604 1334 640 ἀπέφυγε,
1349 604 1427 636 Φίλος
1435 605 1464 631 δὲ
1476 605 1533 636 τοῖς
1542 605 1607 639 περὶ
1623 602 1799 640 Δημοσθένην

1010 651 1056 677 καὶ
1072 651 1207 677 Λυσικλέα
1221 652 1269 677 καὶ
1295 650 1454 685 Λυκοῦργον
1471 649 1593 684 γεγονὼς
1612 650 1643 676 οὐ
1660 650 1741 686 μέχρι
1756 651 1800 676 τέ-

1010 695 1073 727 λους
1097 696 1147 731 τὴν
1167 695 1258 730 φιλίαν
1287 696 1481 731 συνετήρησεν,
1504 695 1564 722 ἀλλ’
1582 696 1645 722 ἐπεὶ
1660 696 1800 723 Λυσικλέα

1012 741 1061 775 μὲν
1076 741 1124 767 καὶ
1138 740 1295 776 Λυκοῦργον
1310 742 1324 767 ὁ
1340 741 1398 776 βίος
1423 741 1549 774 ἀπέλιπε,
1575 741 1750 776 Δημοσθένης
1770 741 1799 768 δὲ

1010 791 1049 821 είς
1066 789 1155 826 κρίσιν
1167 789 1248 824 ἤγετο
1260 789 1298 821 ὡς
1310 789 1386 824 παρὰ
1404 789 1541 824 Ἀρπάλου
1557 788 1747 825 δωροδοκήσας
1761 789 1796 821 ⁸³,

1010 835 1040 868 ἐξ
1053 835 1180 862 ἁπάντων
1195 835 1274 867 αὐτδς
1288 836 1441 870 κατήγορος
1456 835 1652 871 προεχειρίσθη
1672 835 1719 862 τοῦ
1748 836 1798 871 ῥή-

1010 891 1098 918 τορος.
1113 881 1226 916 Κριθεὶς
1241 881 1270 908 δὲ
1287 881 1454 917 παρανόμων
1475 882 1529 908 ὑπὸ
1555 881 1604 908 τοῦ
1634 882 1798 918 Ἀριστογεί-

1010 936 1096 959 τονος,
1117 927 1183 954 διότι
1201 927 1268 962 μετὰ
1286 927 1335 962 τὴν
1360 926 1533 963 Χαιρώνειαν
1557 927 1622 959 τοὺς
1654 927 1798 962 μετοίκους

1010 972 1122 1004 πολίτας
1137 971 1241 1007 ἔγραψε
1248 972 1426 1007 ποιήσασθαι.
1441 971 1602 1006 ἐλευθέρους
1614 972 1642 998 δὲ
1657 972 1720 1004 τοὺς
1734 972 1797 999 δού-

1009 1018 1082 1050 λους,
1098 1018 1158 1054 ἱερὰ
1173 1019 1200 1044 δὲ
1214 1018 1262 1045 καὶ
1277 1018 1377 1050 παῖδας
1392 1019 1438 1045 καὶ
1462 1019 1596 1053 γυναῖκας
1615 1019 1655 1050 είς
1671 1018 1716 1044 τὸν
1732 1019 1797 1045 Πει-

1012 1065 1077 1099 ραιᾶ
1092 1064 1276 1100 παραθέσθαι,
1307 1064 1447 1091 κάνταῦθα
1469 1064 1604 1099 κρείττων
1630 1064 1677 1090 τοῦ
1704 1064 1796 1091 δοῦναι

1009 1109 1088 1144 δίκην
1103 1110 1222 1143 ἐγένετο.
1238 1110 1416 1144 Αξτιωμένων
1431 1109 1460 1136 δὲ
1480 1109 1560 1136 αὑτὸν
1579 1110 1629 1136 οὐκ
1647 1109 1744 1143 ὀλίγων
1760 1110 1797 1142 ὡς

1009 1155 1124 1188 πολλοὺς
1149 1155 1203 1182 τῶν
1229 1156 1320 1191 νόμων
1343 1157 1372 1182 ἐν
1388 1155 1426 1190 τῷ
1455 1155 1612 1190 ψηφίσματι
1637 1156 1797 1191 παριδόντα,

1016 1200 1187 1227 Ἐπεσκότει
1202 1201 1256 1236 γάρ
1268 1209 1320 1235 μοι
1336 1201 1372 1228 τὰ
1384 1200 1575 1234 Μακεδόνων,
1592 1200 1696 1235 ἔλεγεν,
1705 1201 1796 1228 ὅπλα·

1009 1245 1057 1272 καί
1075 1247 1131 1273 οὐκ
1142 1246 1199 1281 ἐγὼ
1212 1245 1333 1281 μᾶλλον
1341 1246 1374 1273 τὸ
1388 1247 1542 1281 ψήφισμα.
1566 1247 1635 1275 ἀλλ’
1649 1248 1668 1282 ἠ
1683 1248 1718 1274 ἐν
1730 1249 1798 1275 Xut-

1005 1291 1114 1326 ρωνείᾳ
1124 1292 1206 1327 μάχη
1219 1292 1341 1327 ἔγραψε.
1366 1292 1445 1328 [1481
1462 1293 1509 1328 IL]
1523 1293 1661 1328 Πρότερον
1672 1293 1699 1320 δὲ
1713 1294 1798 1328 μήπω

1008 1337 1166 1373 δημήγορος
1182 1337 1247 1374 [808
1267 1338 1314 1374 Η.]
1333 1339 1454 1374 αἱρεθεὶς
1477 1339 1631 1375 Ἀθηναίοις
1646 1340 1744 1375 μισθοῦ
1758 1341 1799 1367 δί-

1009 1391 1059 1415 κας
1077 1383 1162 1418 ἔλεγε.
1193 1384 1278 1417 Δόξας
1301 1384 1330 1412 δὲ
1346 1385 1400 1412 τῶν
1428 1385 1573 1421 Περσικῶν
1598 1386 1798 1422 μετεσχηκέναι

1008 1428 1158 1463 χρημάτων
1184 1428 1326 1466 Ἐφιάλτῃ,
1342 1427 1403 1456 εἶτα
1419 1431 1588 1466 τριήραρχος
1604 1431 1737 1466 αἱρεθεὶς,
1752 1431 1798 1458 ὅτε

1008 1474 1142 1505 Φίλιππος
1157 1474 1312 1511 ἐπολιόρκει
1338 1475 1498 1509 Βυζάντιον,
1511 1477 1559 1503 καὶ
1576 1476 1716 1512 βοηθήσας
1731 1486 1798 1513 προ-

1009 1519 1102 1555 θύμως
1128 1519 1288 1553 Βυζαντίοις
1304 1542 1312 1554 ,
1343 1521 1448 1557 ὑπέστη
1468 1521 1622 1557 χορηγῆσαι
1653 1522 1724 1549 κατὰ
1752 1522 1799 1549 τὸν

1007 1566 1132 1593 ἐνιαυτὸν
1157 1565 1263 1599 τοῦτον,
1291 1566 1346 1593 τῶν
1372 1566 1459 1594 ἄλλων
1491 1568 1602 1602 ἀπάσης
1625 1567 1798 1603 λειτουργίας

1009 1613 1177 1648 ἀφειμένων.
1209 1613 1376 1649 Ἐψηφίσατο
1391 1613 1413 1640 δ’
1429 1610 1505 1645 οὗτος
1521 1613 1734 1648 πολιτευόμενος
1748 1615 1798 1641 καὶ

1007 1659 1091 1694 τιμὰς
1106 1658 1186 1695 Ἰόλᾳ,
1201 1659 1231 1691 ὃς
1247 1659 1413 1695 Ἀλεξάνδρῳ
1427 1659 1457 1686 τὺ
1467 1659 1631 1695 δηλητήριον
1645 1659 1799 1694 ἑκεράσατο

1009 1706 1168 1741 φάρμακον.
1201 1705 1382 1741 Ἐκοινώνησε
1409 1705 1438 1732 δὲ
1463 1705 1511 1732 καὶ
1533 1705 1581 1732 τοῦ
1604 1705 1749 1740 Λαμιακοῦ
1774 1706 1799 1723 ⁸⁸

1008 1751 1130 1785 πολέμου
1148 1749 1187 1785 τῷ
1203 1749 1381 1785 Δημοσθένει,
1410 1749 1458 1777 καὶ
1473 1750 1520 1776 ἐπὶ
1545 1750 1602 1782 τοῖς
1624 1750 1653 1776 ἐν
1665 1751 1700 1785 τῇ
1723 1751 1798 1786 μάχῃ

1009 1796 1136 1824 πεσοῦσιν
1147 1796 1291 1830 ἐπιτάφιον
1301 1793 1388 1830 εἶπεν,
1402 1796 1508 1823 πολλῶν
1518 1797 1564 1823 ἐπὶ
1572 1795 1660 1832 τούτῳ
1670 1795 1692 1812 ³⁷
1704 1796 1799 1831 θαῦμα

1009 1842 1055 1868 καὶ
1069 1842 1177 1869 ἔπαινον
1202 1841 1430 1877 καρπωσάμενος,
1447 1841 1586 1868 Φιλίππου
1603 1842 1632 1869 δὲ
1654 1842 1731 1869 πλεῖν
1753 1843 1798 1869 ἐπ’

1009 1887 1125 1918 Εὺῦοίας
1143 1887 1418 1923 παρεσκευασμένου,
1434 1889 1482 1914 καὶ
1502 1887 1558 1914 τῶν
1578 1887 1728 1924 Ἀθηναίων
1753 1888 1798 1914 εὐ-

1007 1933 1098 1964 λαϐῶς
1117 1933 1313 1968 διακειμένων,
1341 1933 1467 1968 τριήρεις
1487 1933 1615 1968 ἤθροισεν
1638 1931 1716 1965 οὗτος
1731 1932 1753 1949 ⁸⁸
1771 1936 1798 1968 μ’

1009 1978 1038 2012 ἐξ
1058 1978 1216 2010 ἐπιδόσεως,
1242 1979 1290 2006 καὶ
1315 1978 1369 2014 πρὸ
1395 1977 1449 2005 τῶν
1471 1978 1559 2005 ἄλλων
1577 1978 1657 2010 αὐτὸς
1681 1977 1752 2013 ὑπέρ
1767 1986 1797 2004 τε

1009 2024 1091 2051 αὐτοῦ
1107 2023 1153 2050 καὶ
1168 2023 1216 2050 τοῦ
1236 2023 1331 2055 παιδὸς
1344 2022 1368 2058 β’
1382 2024 1506 2059 τριήρεις
1519 2023 1649 2050 ἐπέδωκε.
1678 2023 1799 2050 Συστάν-

1008 2077 1054 2100 τος
1066 2069 1088 2085 ¹⁴⁹
1102 2068 1131 2095 δὲ
1142 2067 1190 2095 τοῦ
1213 2070 1281 2104 πρὸς
1300 2069 1415 2103 Δηλίους
1439 2068 1700 2103 ἀμφισϐητήματος,
1719 2068 1799 2095 ποτέ-

1013 2123 1077 2151 ρους
1091 2115 1132 2142 δεῖ
1147 2114 1333 2150 προῖστασθαι
1344 2114 1391 2141 τοῦ
1407 2114 1492 2149 ἱεροῦ,
1505 2114 1590 2150 ᾑρέθη
1605 2114 1654 2149 μὲν
1669 2113 1800 2149 Αἰσχίνης

1011 2161 1157 2193 συνειπεῖν,
1173 2161 1190 2195 ὴ
1218 2160 1247 2187 δὲ
1272 2160 1302 2193 ἐξ
1328 2160 1433 2195 Ἀρείου
1454 2160 1543 2195 πάγου
1565 2160 1648 2195 βουλὴ
1670 2160 1799 2195 Ὑπερεί-

170 2213 324 2240 vocaretur,
358 2211 455 2243 estque
481 2207 567 2242 ipsius
601 2205 744 2242 Hyperidis
774 2205 881 2232 Deliaca
916 2206 957 2232 in-

1010 2207 1059 2242 δην
1072 2207 1275 2242 προεστήσατο·
1294 2207 1340 2233 καὶ
1365 2206 1438 2233 ἐστιν
1453 2207 1467 2233 ὸ
1479 2207 1557 2240 λόγος
1573 2206 1623 2241 τὴν
1641 2205 1800 2242 ἐπιγραφὴν

169 2253 268 2288 scripta
283 2253 380 2281 oratio.
408 2253 531 2287 Cumque
553 2252 588 2279 ab
606 2251 847 2286 Antipatro-legati
863 2252 955 2280 venis-

169 2303 239 2332 sent,
257 2299 400 2334 ipsumque
409 2299 594 2333 Antipatrum,
605 2302 634 2324 ut
646 2297 789 2332 optimum,
804 2297 956 2329 laudarent,

169 2345 214 2373 liis
231 2353 260 2373 se
276 2353 426 2380 opponens,
446 2343 594 2380 Hyperides
608 2351 614 2369 :
631 2342 747 2376 Scimus,
766 2343 865 2378 inquit,
878 2344 955 2370 istum

168 2400 224 2418 esse
235 2392 374 2426 optimum,
391 2391 436 2418 sed
450 2396 538 2417 tamen
552 2388 626 2416 nobis
653 2389 719 2415 nihil
734 2390 832 2424 optimo
847 2389 955 2416 domino

167 2443 206 2465 est
220 2446 295 2471 opus.
309 2437 343 2466 At
366 2445 429 2465 cum
441 2436 588 2463 Pltocionis
603 2435 772 2471 largitionem
788 2440 956 2469 accusasset,

169 2492 251 2518 quam
268 2483 365 2511 lllidias
378 2482 564 2517 Anagyrasius
586 2482 727 2514 retulerat,
746 2489 830 2509 causa
846 2481 955 2509 cecidit.

172 2530 235 2556 l'ost
252 2530 324 2557 illaut
340 2529 374 2556 ad
392 2529 544 2556 Cranonem
559 2528 663 2555 cladem
679 2532 819 2562 acceptant
836 2527 957 2562 postula-

170 2579 214 2602 tus
229 2580 270 2602 est
281 2575 315 2602 ab
330 2574 485 2608 Antipatro,
502 2581 619 2609 cumque
648 2581 711 2601 eum
728 2574 844 2609 populus
859 2574 958 2601 dedere

169 2622 262 2652 vellet,
273 2621 388 2649 Athenis
404 2620 473 2656 fugit
486 2620 625 2656 Alginam.
644 2619 770 2654 Cumque
783 2619 959 2647 Demostheni

169 2667 346 2701 occurrisset,
355 2671 465 2702 propter
476 2667 550 2694 illam
560 2674 620 2702 qua:
629 2674 662 2694 ex
673 2673 764 2694 causa;
771 2665 890 2693 dictione
899 2672 962 2693 con-

1008 2252 1140 2288 Δηλιακδς
1156 2252 1363 2287 ὲπιῳερόμενος.
1384 2252 1522 2279 Ἢκόντων
1540 2251 1628 2278 δὲκαὶ
1643 2251 1719 2286 παρά
1737 2252 1800 2278 Ἀν-

1007 2297 1143 2333 τιπάτρου
1162 2297 1303 2333 πρέσϐεων
1318 2298 1351 2329 ³³,
1373 2297 1421 2324 καὶ
1441 2298 1474 2323 δι’
1497 2297 1608 2323 ἐπαίνου
1636 2296 1683 2323 τὸν
1708 2296 1799 2323 Ἀντί-

1008 2352 1113 2378 πατρον
1134 2345 1305 2379 ποιουμένων
1330 2344 1377 2371 καὶ
1404 2343 1504 2379 πολλὴν
1532 2343 1799 2378 ὲπιμαρτυρομένων

1008 2390 1190 2426 χρηστότητα,
1204 2388 1275 2416 Οἷδη.
1286 2389 1384 2424 μὲν⁹¹,
1400 2387 1488 2423 εἶπεν,
1501 2388 1541 2422 ὡς
1549 2388 1684 2423 χρηστὸς
1699 2389 1716 2416 ὀ
1731 2389 1798 2416 Ἀν-

1008 2436 1160 2470 τίπατρος,
1187 2436 1256 2463 ἀλλ’
1286 2435 1370 2470 ἡμεῖς
1400 2443 1434 2470 γε
1460 2436 1496 2461 οὺ
1512 2434 1638 2470 δεόμεθα
1663 2434 1799 2469 χρηστοῦ

1010 2480 1171 2509 δεσπότου.
1205 2481 1383 2516 Γραψάμενος
1413 2479 1506 2514 μέντοι
1528 2487 1560 2513 γε
1582 2479 1631 2515 τὴν
1656 2479 1800 2511 Φωκίωνος

1010 2527 1123 2562 δωρεὰν,
1138 2527 1172 2562 ἥν
1198 2525 1257 2553 εἷπε
1273 2522 1386 2557 Μειδίας
1407 2526 1430 2542 ⁹¹
1456 2525 1569 2552 Μειδίου
1590 2525 1799 2561 Ἀναγυράσιος,

1008 2571 1079 2598 κατὰ
1095 2572 1189 2599 τοῦτον
1213 2571 1258 2598 τὸν
1284 2570 1378 2604 ἀγῶνα
1405 2570 1435 2597 τδ
1453 2571 1564 2598 ἔλαττον
1590 2571 1702 2606 ἤνεγκε.
1726 2571 1799 2605 Συμ-

1009 2619 1106 2650 δάντος
1123 2618 1152 2645 δὲ
1164 2617 1211 2644 τοῦ
1229 2617 1293 2651 περὶ
1308 2616 1444 2653 Κράνωνα
1459 2618 1564 2650 πάθους
1580 2617 1733 2652 ἐξαιτηθεὶς
1746 2617 1799 2643 ὑπὸ

1016 2665 1207 2700 Ἀντιπάτρου,
1225 2665 1288 2690 ἐπεὶ
1300 2664 1413 2700 ἔμελλεν
1428 2665 1508 2692 αὐτὸν
1519 2666 1534 2692 ό
1552 2664 1639 2700 δῆμος
1653 2663 1797 2696 ἐκδιδόναι,

835 2743 954 2772 VARUE
971 2742 1175 2772 LECTIONES.

207 2815 436 2852 ⁸³νδωροδοκηθεὶς
448 2815 478 2844 Β.
494 2851 499 2852 γ
515 2816 537 2832 3“
551 2815 692 2852 Λαμιακοῦ
709 2823 763 2852 mg.
775 2825 782 2842 :
796 2815 857 2852 libri
872 2815 1021 2843 Λαϐαῖκοῦ.
1041 2815 1082 2852 ἢν
1097 2814 1183 2851 τούτῳ
1193 2815 1228 2852 _B,
1244 2820 1270 2843 et
1280 2823 1351 2852 corr.
1401 2814 1496 2852 ιτοῦτο
1512 2823 1541 2847 ς.

1580 2813 1603 2828 ⁸⁸
1615 2811 1690 2845 οὗτος
1703 2813 1796 2849 ἤθροι-

173 2859 217 2878 σεν
232 2851 262 2878 Β.
283 2847 289 2851 ’
300 2851 324 2867 ⁸⁹
345 2847 500 2887 συστάντος]
515 2847 625 2882 στάντος
640 2851 670 2878 Β.
707 2851 730 2867 νο
739 2847 910 2887 πρεσϐευτῶν
925 2852 954 2878 Β.
991 2852 1011 2867 ⁹¹
1027 2847 1084 2878 οἶδα
1101 2847 1290 2887 μὲν,ὀὶδαμεν
1308 2850 1338 2877 Β.
1377 2851 1398 2867 ³⁸
1419 2850 1535 2886 Μηδίας,
1552 2848 1656 2885 Μηδίου
1671 2849 1705 2877 Α.
