1973 3077
179 168 230 202 193

706 165 969 195 BIBLIOTHECA.
989 177 1022 182 --
1042 164 1124 194 C01).
1139 164 1299 194 (ECLXVII.

1749 161 1804 194 194»

177 227 228 262 τῆς
246 223 398 258 Ἀθηναίων
411 223 514 265 τρλεως
530 224 570 254 εις
597 220 708 255 Αἴγιναν
729 220 891 254 ἀποφεύγει.
908 220 964 246 Καὶ

1021 226 1056 246 ιη
1064 219 1205 246 illumorta
1214 219 1301 246 fuerat
1312 218 1524 250 contentionem,
1534 217 1609 245 illinc
1615 217 1805 248 discessurus.

177 271 350 306 συγγεγονὼς
364 269 544 305 Δημοσθένει,
566 269 614 295 καὶ
635 267 876 301 ἀπολογησάμενος
894 266 966 301 ὑπὲρ

177 315 215 345 ὧν
237 318 305 352 πρὸς
331 316 414 343 αὑτὸν
430 315 571 351 διηνέχθη,
600 313 769 347 ἀπαλλαγεὶς
789 313 893 339 ἐκεῖθεν
918 313 965 338 ὑπ’

185 365 291 398 Ἀρχίου
315 362 362 388 τοῦ
378 360 612 396 ἐπονομασθέντος
643 356 818 393 φυγαδοθήρα
845 359 874 385 ἐν
891 357 966 393 αὓτῷ

177 409 216 444 τῷ
227 408 275 435 τοῦ
297 407 464 437 Ποσειδῶνος
487 405 553 440 ἱερῷ
576 404 747 439 συνελήφθη,
763 403 852 430 καίτοι
869 403 892 418 ³³
919 404 967 429 καὶ

176 454 224 481 τοῦ
243 454 398 488 ἀγάλματος
430 452 570 487 ἐχόμενος.
593 450 733 478 Ἐντεῦθεν
749 449 819 485 πρὸς
839 449 967 475 ’Δντίπα-

178 509 242 536 τρον
260 499 355 535 ἀχθεὶς
369 499 398 525 ἐν
414 497 540 533 Κορίνθῳ
558 497 744 533 διατρίϐοντα.
760 497 809 523 καὶ
822 495 967 531 βασανιζό-

180 555 260 581 μενος
274 545 317 580 ἐφ’
333 543 356 579 ᾧ
368 544 404 572 τὰ
423 544 568 580 ἀπόρρητα
580 543 630 578 τῆς
653 542 757 574 πόλεως
770 542 900 575 ἐξειπεῖν,
918 542 967 568 ἐπὶ

178 591 306 618 τοσοῦτον
332 591 356 607 ³⁸
381 591 529 626 ηνδρίσατο
551 589 636 625 μηδὲν
665 589 738 616 κατὰ
759 589 809 624 τῆς
841 587 968 622 πατρίδος

178 639 298 670 ἐξειπεῖν
313 637 348 669 θ’,
373 637 445 664 ὥστε
463 636 512 663 καὶ
535 635 585 671 τὴν
604 635 732 670 γλῶσσαν
751 633 904 668 διαφαγὼν,
922 633 966 662 ἵνα

179 683 218 718 μὴ
232 683 306 710 ἄκων
322 683 345 699 ’⁸
363 691 390 708 τι
406 680 645 717 παραφθέγξηται,
660 679 809 715 μετήλλαξε
833 678 879 705 τὸν
897 678 964 713 βίον.

179 728 242 755 Εἰσὶ
259 728 288 754 δὲ
299 728 326 754 οἴ
341 736 424 763 φασιν
440 727 522 754 αὐτὸν
544 727 585 756 εἰς
601 725 773 754 Μακεδονίαν
787 724 905 760 ἀχθέντα
915 723 964 759 τήν

1013 265 1040 292 vi
1065 265 1139 299 (licet
1153 264 1328 292 simulacrum
1355 264 1567 298 amplexaretur)
1584 265 1799 299 comprehensus

1015 312 1042 339 in
1060 310 1162 345 templo
1177 309 1292 345 Neptuni
1301 310 1335 336 ab
1349 309 1447 337 Archia
1458 315 1510 341 est,
1520 310 1566 344 qui
1583 309 1807 344 Phygadotheras

1015 357 1127 385 nomine
1157 357 1309 389 dicebatur,
1339 356 1404 384 hinc
1418 356 1452 384 ad
1467 356 1652 392 Antipatrum,
1680 357 1726 391 qui
1746 361 1802 383 tum

1016 403 1140 431 Corinthi
1172 403 1268 438 agebat
1288 403 1398 430 ductus.
1421 402 1543 437 Cumque
1573 408 1758 437 torqueretur,
1775 407 1806 429 ut

1017 449 1152 485 proferret
1168 456 1269 476 arcana
1284 449 1413 481 civitatis,
1427 448 1495 476 adeo
1518 456 1548 476 se
1564 449 1652 475 virum
1679 448 1804 483 praebuit,

1018 503 1052 524 ne
1063 496 1128 530 quid
1156 500 1251 523 contra
1273 495 1389 530 patriam
1405 495 1515 527 diceret,
1530 501 1561 522 ut
1575 495 1694 530 linguam
1711 502 1806 522 corro-

1015 542 1093 573 dens.
1106 549 1140 569 ne
1151 542 1217 576 quid
1237 542 1322 568 invito
1333 541 1384 568 sibi
1398 541 1544 573 excideret,
1556 545 1670 568 mortem
1684 542 1805 575 oppetie-

1017 587 1062 614 rit.
1072 586 1334 614 Referuntnounulli
1350 587 1422 614 hunc
1435 587 1554 621 linguam
1570 587 1621 614 sibi
1638 587 1808 621 praecidisse,

1019 640 1081 660 cum
1108 633 1135 660 in
1165 632 1352 659 Macedoniam
1383 633 1539 664 duceretur,
1557 639 1702 666 eumquea
1719 636 1808 658 morte

1019 679 1185 713 insepultum
1201 678 1362 713 projectum,
1377 678 1430 705 nisi
1442 677 1514 712 quod
1525 678 1605 705 amici
1621 677 1807 707 illius.iuvitis

1017 724 1287 756 Macedonibus,ossa
1293 726 1353 757 ejus
1360 729 1511 752 cremantes
1521 723 1642 751 Athenas
1653 724 1807 758 retuleriut,

177 785 208 802 τε
222 775 272 810 τῆς
287 775 411 810 γλώττης
427 773 547 809 ἐκτομὴν
577 772 729 806 ὑποστῆναι
764 771 813 798 καὶ
848 770 917 805 μετὰ
937 769 1052 797 θάνατον
1066 771 1170 804 ἄταφον
1188 771 1301 806 ριφῆναι
1316 777 1323 784 ·
1338 769 1408 805 πλὴν
1422 770 1450 796 οῖ
1459 778 1492 805 γε
1524 771 1710 805 προσήκοντες
1730 770 1806 805 αὑτῷ

179 823 255 857 παρὰ
269 822 300 848 τὺ
312 821 403 856 δόγμα
416 820 471 849 τῶν
486 820 660 853 Μακεδόνων,
677 818 831 850 καύσαντες
846 817 881 845 τὰ
896 818 964 844 ὀστᾶ
984 819 1023 850 εἰς
1043 818 1159 854 Ἀθήνας
1174 818 1368 853 μετεκόμισαν.

533 905 612 933 ΣΞΖ’.

433 963 595 997 Δεινάρχου
613 963 708 998 λόγιοι.

220 1031 444 1068 ’Δνεγνὼσθησαν
457 1031 480 1047 ’⁷
507 1030 654 1066 Δεινάρχου
677 1029 752 1063 λόγοι
769 1028 903 1064 διάφοροι.
917 1028 966 1054 Φέ-

179 1089 272 1116 ρονται
287 1078 317 1105 δὲ
337 1076 420 1104 αὑτοῦ
435 1077 456 1104 δ’
477 1077 524 1103 καὶ
540 1074 574 1109 ξ’,
593 1076 639 1107 οὓς
652 1075 677 1102 οἱ
695 1075 816 1101 πλεῖστοι
831 1075 885 1101 τῶν
907 1083 968 1110 κρι-

178 1126 264 1152 τικῶν
277 1124 407 1159 γνησίους
429 1122 550 1149 τιθέασιν
562 1129 570 1137 ο
590 1121 645 1148 εισὶ
656 1121 684 1147 δέ
700 1121 727 1147 οῖ
744 1129 821 1152 τινας
834 1119 864 1152 ἐξ
877 1120 968 1146 αὐτῶν

179 1171 220 1201 εἰς
238 1168 457 1203 Ἀριστογείτονα
481 1166 627 1203 Ὑπερείδῃ
644 1165 861 1200 συνακμάσαντα
882 1173 967 1200 μετα-

179 1215 323 1249 φέρουσιν.
340 1214 371 1240 υί
386 1212 414 1239 δὲ
426 1212 502 1246 λόγοι
515 1211 598 1238 αὐτοῦ
611 1212 667 1242 τοῖς
679 1211 727 1246 μὲν
744 1209 791 1237 τοῦ
811 1209 968 1245 Ὑπερείδου

180 1259 325 1294 ίδιώμασιν
338 1258 395 1285 ἐσθ’
421 1258 464 1285 ὅτε
482 1256 708 1293 διαμορφοῦνται,
731 1256 832 1291 μᾶλλον
850 1256 879 1283 δέ
900 1256 968 1292 πρὸς

179 1304 359 1340 Δημοσθένην
383 1303 597 1334 ἀποκεκλικότες
626 1303 779 1337 φαίνονται,
801 1303 830 1330 ὲν
847 1302 908 1338 [809
921 1302 968 1337 H.]

179 1349 223 1382 οἷς
236 1351 268 1378 τὸ
280 1350 433 1386 παθητικὸν
447 1350 531 1377 αὑτοῦ
555 1349 604 1376 καὶ
620 1349 735 1385 σφοδρὸν
758 1349 806 1375 καὶ
827 1348 882 1375 τῶν
901 1357 969 1384 σχη-

181 1396 277 1432 μάτων
286 1396 333 1424 τὺν
343 1396 427 1423 τύπον
439 1395 487 1422 καὶ
499 1395 550 1431 τὴν
565 1395 703 1422 ποικιλίαν
722 1394 842 1430 σπουδὴν
856 1393 935 1429 έσχον
945 1394 969 1410 ³⁵

179 1442 400 1479 ἐκμιμήσασθαι.
416 1439 501 1474 οὗτος
512 1442 570 1473 υίὸς
585 1441 635 1477 μὲν
648 1439 683 1475 ἦν
698 1440 871 1476 Σωκράτους,
882 1440 899 1476 ἢ
912 1440 969 1466 Σω-

180 1490 310 1523 στράτου,
327 1488 469 1524 ’Δθηναῖος
479 1488 528 1523 τὴν
538 1481 666 1522 πατρίδα,
677 1487 714 1518 ὡς
722 1486 842 1518 δ’ἄλλοις
853 1485 968 1522 ἐρρήθη,

178 1535 336 1570 Κορίνθιος.
367 1533 545 1569 Ἀφικόμενος
573 1533 601 1559 δέ
627 1534 667 1565 εἰς
700 1532 817 1567 Ἀθήνας
839 1531 880 1558 ἐτι
911 1531 970 1563 νέος

179 1581 219 1608 ὢν
232 1580 313 1615 [1484
329 1578 377 1615 R.]
396 1577 569 1614 Θεοφράστου
595 1577 751 1613 ἠκροάσατο
762 1585 769 1592 ·
795 1575 969 1611 Ἀλέξανδρος

1352 895 1488 923 C(ILXVll
1499 916 1506 924 .

1264 952 1391 980 Dinarchi
1419 954 1563 980 orationes.

1055 1019 1143 1046 Lectae
1161 1024 1226 1046 sunt
1241 1019 1322 1046 varia:
1342 1019 1480 1047 orationes
1511 1019 1650 1052 Dinarchi,
1669 1026 1729 1054 quze
1744 1024 1806 1046 sunt

1022 1074 1135 1093 numero
1144 1065 1285 1100 sexaginta
1295 1071 1422 1100 quatuor,
1434 1071 1503 1100 quas
1518 1073 1612 1091 omnes
1622 1064 1731 1100 plurimi
1748 1064 1807 1092 Cri-

1021 1112 1174 1148 ticiI‘9617
1190 1119 1332 1147 germanas
1347 1112 1517 1139 essedicunt.
1529 1111 1598 1138 Sunt
1607 1112 1652 1146 qui
1663 1111 1810 1138 nonnullas

1020 1159 1383 1195 Aristogitoni,quiltempore
1391 1157 1532 1193 Hyperidis
1540 1157 1640 1190 floruit,
1647 1157 1808 1188 attribuunt,

1021 1204 1165 1232 Orationes
1194 1210 1282 1231 autem
1299 1204 1359 1239 ejus
1375 1203 1511 1231 interdum
1536 1202 1682 1238 Hyperidis
1706 1202 1806 1237 stylum

1022 1252 1167 1279 redolent:
1185 1250 1270 1286 ntagis
1294 1258 1357 1278 vero
1383 1250 1417 1277 ad
1442 1250 1650 1278 Demosthenem
1676 1249 1809 1276 inclinare

1021 1298 1158 1330 videntur,
1180 1298 1281 1331 quibus
1308 1296 1497 1325 incitationem
1518 1297 1605 1332 ipsius
1618 1301 1645 1324 et
1661 1296 1808 1323 vehemen-

1021 1345 1098 1378 tiam,
1116 1349 1142 1372 et
1156 1345 1325 1372 schematum
1349 1343 1453 1370 formas
1471 1347 1498 1370 et
1523 1343 1683 1370 varietatem
1709 1342 1810 1369 imitari

1021 1395 1147 1418 conatur.
1164 1390 1298 1423 Socratis,
1315 1395 1362 1417 aut
1380 1389 1498 1417 Sostrati
1513 1393 1572 1417 erat
1587 1389 1670 1421 ﬁlius,
1684 1388 1809 1423 indigena

1023 1436 1201 1464 utnonnullis
1230 1436 1353 1467 videtur.
1377 1441 1406 1463 ut
1423 1435 1605 1470 quibusdam,
1634 1435 1809 1463 Corinthius.

1022 1481 1089 1509 Cum
1106 1489 1172 1508 vero
1188 1481 1334 1508 admodum
1350 1481 1508 1509 adolescens
1532 1481 1655 1508 Athenas
1679 1480 1810 1514 venisset,

1023 1536 1078 1563 quo
1093 1533 1213 1562 tempore
1227 1528 1253 1555 in
1269 1527 1361 1555 Asiam
1377 1527 1456 1555 duxit
1478 1527 1626 1554 exercitum
1644 1527 1809 1558 Alexander.

1022 1572 1240 1608 Theophrastum
1256 1572 1372 1606 audivit,
1387 1577 1566 1608 versatusque
1585 1580 1647 1599 cum
1673 1571 1810 1599 Demetrio

178 1626 211 1652 δὲ
228 1624 380 1660 τηνικαῦτα
397 1624 444 1650 ἐπὶ
456 1624 507 1658 τὴν
530 1623 624 1649 Ἀσίαν
649 1622 794 1649 διέϐαινεν.
825 1621 969 1656 Ὀμιλητὴς

1022 1619 1155 1647 Phalereo
1168 1626 1220 1646 est.
1245 1618 1360 1646 Maxime
1386 1625 1450 1646 vero
1476 1626 1505 1646 se
1527 1617 1683 1653 reipublicte
1699 1617 1811 1644 tradidit

178 1671 209 1698 δὲ
230 1670 384 1704 καθέστηκε
405 1669 562 1705 Δημητρίου
586 1668 634 1694 τοῦ
657 1667 813 1703 Φαληρέως.
842 1667 919 1694 Μετὰ
942 1666 971 1692 δὲ

179 1717 232 1752 τὴν
254 1717 436 1751 ’Δντιπάτρου
449 1715 592 1750 τελευτὴν,
604 1714 667 1741 ἐπεὶ
682 1713 736 1742 τῶν
749 1713 874 1750 ῥητόρων
887 1713 912 1739 οἱ
922 1712 971 1748 μὲν

180 1753 293 1798 ἐφυγονξ
307 1763 331 1789 οἱ
347 1763 376 1789 δέ
384 1761 568 1799 ἀνῃρέθησαν,
579 1761 660 1792 αὐτὸς
672 1759 778 1795 ἐδείχθη
795 1759 970 1794 πολιτευόμε-

180 1817 237 1840 νος.
249 1809 296 1839 Εἰς
315 1807 410 1842 φιλίαν
423 1807 452 1833 δὲ
463 1806 616 1842 Κασάνδρῳ
626 1806 666 1841 τῷ
680 1805 843 1832 Μακεδόνων
857 1805 972 1840 ἡγεμόνι

182 1852 318 1886 συνάψας,
343 1852 391 1878 καὶ
406 1851 537 1886 χρήματα
549 1851 604 1877 τῶν
624 1850 713 1885 λόγων
740 1851 972 1885 εἰσπραττόμενος

181 1899 230 1930 οὓς
244 1900 302 1930 τοῖς
325 1899 462 1933 δεομένοις
483 1897 654 1930 συνέταττεν,
671 1897 717 1923 ἐπὶ
741 1897 866 1923 πλεῖστον
880 1896 970 1923 εὐδαι-

182 1944 282 1979 μονίας
297 1943 422 1977 ἀφίκετο.
447 1942 640 1969 ’Δντετάττετο
652 1941 679 1968 δέ
689 1941 758 1976 πρὸς
772 1942 835 1972 τοὺς
854 1942 972 1977 ῥήτορας

180 1991 234 2018 οὐκ
250 1991 290 2022 εἰς
309 1990 356 2016 τὸν
372 1990 457 2024 δῆμον
468 1989 549 2020 αὐτὸς
563 1987 671 2023 παριὼν
686 1988 727 2024 (οὺ
743 1988 798 2024 γὰρ
807 1984 863 2019 οἷός
873 1996 903 2013 τε
914 1985 970 2023 ἦν),

181 2038 240 2068 τοῖς
256 2036 476 2070 ἐναντιουμένοις
492 2035 515 2052 ⁸⁸
531 2034 560 2061 δέ
577 2034 641 2066 τοὺς
662 2034 758 2068 λόγους
776 2033 971 2068 παρεχόμενος.

181 2083 229 2110 Διὸ
244 2083 292 2109 καὶ
309 2082 446 2118 Ἁρπάλου
459 2080 637 2116 διαφυγόντος
649 2081 678 2114 ἐξ
696 2080 818 2115 Ἀθηνῶν
831 2080 972 2111 πλείστους

181 2129 282 2162 λόγους
305 2128 361 2158 τοῖς
385 2127 549 2162 κατηγόροις
566 2125 680 2158 ἐξέδωκε
701 2126 773 2152 κατὰ
788 2125 842 2152 τῶν
857 2125 972 2160 δωροδο-

180 2174 268 2208 κῆσαι
283 2172 421 2199 λαϐόντων
437 2172 537 2198 αἰτίαν.
551 2172 646 2207 Χρόνῳ
662 2171 690 2197 δὲ
705 2170 818 2207 ὕστερον
843 2170 971 2205 ἐμπεσὼν

182 2220 223 2250 είς
239 2217 331 2245 αίτίαν
350 2217 389 2248 ὡς
405 2217 555 2252 Κασάνδρῳ
565 2217 759 2251 κοινολογεῖται
773 2217 844 2243 κατὰ
857 2216 907 2251 τῆς
922 2215 972 2242 πό-

182 2265 265 2296 λεως,
279 2263 315 2290 τὰ
324 2263 438 2289 πλεῖστα
455 2262 506 2297 τῆς
517 2261 677 2298 περιουσίας
692 2262 731 2293 εἰς
743 2260 876 2297 ἀργύριον
890 2269 973 2296 μετα-

181 2310 276 2338 ϐαλὼν
292 2309 394 2343 ἔφυγεν
409 2310 449 2340 εις
462 2309 593 2336 Χαλκίδα.
619 2309 681 2335 Ἐπὶ
696 2307 725 2334 δὲ
746 2308 795 2342 τῆς
808 2308 898 2342 φυγῆς
913 2307 971 2334 δια·
988 2297 1009 2324 θ

183 2357 283 2392 μείνας
303 2356 387 2390 ἐγγὺς
403 2356 450 2391 ἐτη
474 2355 541 2382 δέκα
563 2355 657 2387 πέντε,
683 2355 731 2380 καὶ¹
750 2354 852 2389 πολλὴν
877 2353 971 2380 οὐσίαν

180 2402 399 2439 περιϐαλόμενος
416 2402 437 2434 ⁸.
457 2402 620 2437 πραξάντων
637 2400 771 2436 αὐτῷτὴν
790 2400 902 2427 κάθοδον
916 2399 971 2426 τῶν

179 2450 250 2483 περὶ
263 2448 438 2483 Θεόφραστον
457 2447 643 2482 συγκατῆλθεν
660 2447 718 2481 ἆμα
734 2447 791 2478 τοῖς
808 2446 900 2477 ἄλλοις
920 2454 972 2480 φυ-

179 2494 261 2530 γάσι.
279 2494 361 2529 Παρὰ
369 2494 398 2520 δέ
413 2493 538 2528 Προξένῳ
548 2493 589 2529 τῷ
598 2492 680 2519 αὑτοῦ
692 2492 849 2523 καταλύσας
860 2491 972 2526 ἑταίρῳ,

180 2541 232 2567 καὶ
252 2539 284 2566 τδ
298 2539 409 2574 χρυσίον
423 2538 614 2570 ἀπολωλεκὼς,
623 2538 673 2573 ἤδη
685 2537 799 2573 γηραιὸς
815 2536 854 2563 ῶν
867 2535 972 2567 καὶτὰς

179 2586 296 2621 ὁράσεις
311 2585 427 2620 ἀσθενὴς
452 2584 583 2620 λαγχάνει
597 2583 637 2619 τῷ
661 2583 788 2618 Προξένῳ
812 2582 901 2619 δίκην,
923 2582 971 2608 καὶ

178 2631 246 2657 τότε
261 2630 373 2665 πρῶτον
381 2630 458 2665 ὤφθη
471 2630 558 2664 λέγων
572 2630 602 2656 ἐν
613 2628 782 2664 δικαστηρίῳ
794 2635 803 2644 ·
819 2627 969 2663 φέρεταιδὲ

179 2675 268 2703 αὐτοῦ
280 2675 328 2703 καὶ
344 2676 358 2702 ό
372 2676 444 2703 κατὰ
459 2675 596 2710 Προξένου
611 2675 701 2708 λόγος.

1022 1670 1085 1701 post
1111 1666 1247 1700 Antipatri
1263 1670 1390 1697 mortem,
1404 1673 1436 1693 ex
1453 1664 1684 1692 oratoribussaliis
1698 1664 1809 1699 quidem

1022 1717 1110 1740 morte
1123 1720 1138 1739 e
1149 1712 1239 1739 medio
1250 1712 1365 1740 sublatis
1382 1721 1389 1739 :
1410 1712 1469 1739 aliis
1482 1719 1546 1738 vero
1562 1711 1624 1746 fuga
1640 1709 1810 1746 ereptis.llic

1022 1767 1084 1787 cum
1097 1758 1254 1787 Cassandro
1267 1759 1443 1786 Macedonum
1455 1757 1517 1785 duci
1527 1758 1648 1785 amicitia
1658 1763 1731 1785 esset
1743 1765 1809 1784 eon-

1020 1805 1144 1840 junctus,
1161 1806 1312 1832 maximam
1328 1804 1382 1831 vim
1397 1805 1501 1838 argenti
1518 1804 1699 1837 coacervavit,
1716 1803 1810 1830 vendi-

1022 1851 1057 1878 tis
1073 1851 1244 1879 orationibus
1254 1851 1428 1886 conscripsit.
1445 1851 1530 1878 Porro
1545 1859 1574 1878 se
1588 1851 1739 1886 quibusque
1752 1850 1810 1876 cla-

1022 1897 1140 1924 rissimis
1166 1897 1321 1924 oratoribus
1350 1897 1488 1932 opposuit,
1516 1905 1570 1924 non
1600 1897 1672 1932 quod
1703 1896 1811 1931 publice

1022 1949 1121 1970 causas
1147 1946 1249 1977 ageret,
1265 1942 1366 1977 (neque
1380 1941 1452 1969 enim
1470 1941 1584 1976 poterat)
1599 1942 1645 1969 scd
1665 1949 1726 1969 cum
1749 1948 1811 1968 ora-

1022 1988 1111 2016 tiones
1123 1987 1227 2022 judicio
1246 1987 1376 2015 adversus
1392 1987 1452 2015 illos
1474 1987 1691 2022 disceptantibus
1707 1987 1811 2015 scribe-

1023 2039 1077 2072 ret.
1101 2034 1226 2069 Cumque
1245 2034 1365 2061 Athenas
1395 2032 1529 2068 Harpalus
1565 2033 1689 2068 fugisset,
1719 2034 1811 2068 plures

1022 2081 1131 2115 scripta:
1144 2085 1208 2108 sunt
1232 2079 1266 2107 ab
1287 2087 1320 2106 eo
1334 2084 1428 2106 contra
1451 2087 1509 2113 eos,
1527 2080 1573 2114 qui
1591 2079 1710 2107 accusati
1727 2087 1810 2114 pecu-

1023 2127 1128 2154 niarum
1147 2126 1182 2154 ab
1201 2126 1327 2154 hostibus
1345 2131 1518 2161 acceptarum
1542 2130 1644 2154 essent.
1668 2126 1730 2154 Post
1746 2133 1811 2153 vero

1022 2172 1088 2200 illud
1104 2177 1222 2207 tempus,
1235 2178 1383 2200 accusatus
1394 2172 1465 2207 quod
1478 2171 1511 2199 ad
1527 2171 1713 2199 Cassandrum
1725 2171 1812 2199 collo-

1022 2219 1122 2254 queruli
1135 2219 1222 2255 gratia
1232 2219 1360 2250 venisset,
1371 2227 1404 2247 ex
1432 2219 1609 2246 facultatibus
1635 2218 1750 2246 conﬂata
1767 2219 1811 2246 in-

1024 2265 1097 2300 genti
1124 2266 1239 2301 pecunia
1264 2265 1335 2301 fugit
1359 2266 1385 2292 in
1405 2265 1570 2293 Chalcidem.
1597 2265 1624 2293 In
1640 2265 1735 2293 exsilio
1748 2273 1812 2293 vero

1024 2319 1085 2338 cum
1095 2312 1240 2339 mansisset
1255 2311 1504 2347 annisquindecim,
1521 2311 1612 2339 multis
1627 2312 1724 2345 opibus
1737 2320 1812 2339 com-

1024 2357 1138 2392 paratis,
1153 2357 1233 2384 rediit
1241 2365 1323 2393 opera
1339 2366 1370 2384 ae
1386 2357 1476 2384 studio
1489 2357 1682 2392 Theophrasti,
1698 2358 1744 2392 qui
1760 2358 1810 2391 illi,

1015 2403 1196 2436 'cazterisque,
1206 2403 1251 2437 qui
1270 2410 1323 2429 una
1334 2402 1506 2434 exsulabant,
1520 2402 1636 2429 reditum
1654 2402 1679 2428 in
1693 2403 1809 2437 patriam

1025 2447 1142 2481 aperuit.
1176 2446 1243 2474 Cum
1276 2451 1366 2474 autem
1394 2447 1539 2475 diverteret
1560 2447 1630 2482 apml
1658 2447 1810 2476 Proxenutn

1025 2493 1084 2527 ejus
1097 2493 1335 2528 soeium,jamque
1350 2502 1442 2528 senex,
1456 2499 1483 2522 et
1499 2495 1640 2522 oculorum
1657 2496 1715 2522 acie
1735 2495 1812 2523 debi-

1025 2539 1059 2566 lis
1085 2546 1228 2574 argentum
1263 2539 1412 2572 amisisset,
1431 2540 1503 2567 diem
1529 2541 1653 2568 Proxeuo
1682 2541 1761 2571 dixit.
1778 2549 1810 2568 ac

1025 2589 1081 2611 tum
1105 2584 1223 2620 primum
1235 2585 1263 2613 in
1284 2585 1388 2620 judicio
1398 2586 1478 2619 dixit,
1495 2594 1581 2622 eaque
1608 2592 1697 2615 exstat
1710 2587 1809 2615 Oratio.

814 2753 931 2781 VARUE
957 2753 1158 2783 LECTIONES.

237 2835 260 2851 ⁹³
279 2833 369 2861 καίτοι
388 2832 451 2861 add.
474 2833 507 2860 Δ.
555 2832 581 2854 9⁸
594 2830 704 2858 τοσοῦτο
721 2833 755 2858 Δ.
787 2831 816 2847 ³⁸
831 2831 919 2858 εἰπεῖν
939 2833 971 2859 Α.

221 2869 354 2900 ἐναντίοις
375 2868 406 2895 Β.

1024 2831 1048 2848 ⁸⁸
1070 2833 1134 2860 ᾰκον
1151 2841 1179 2864 ς’.
1228 2833 1250 2848 ’⁷
1278 2832 1436 2868 ἀνεγνώσθη
1456 2833 1488 2864 Α,
1534 2831 1558 2848 ’³
1579 2830 1670 2867 ἔσχον]
1689 2832 1758 2867 ἔχων
1773 2832 1806 2859 Α.

446 2868 453 2883 ⁸
472 2867 685 2903 περιϐαλόμενος
700 2866 721 2892 Β
738 2876 744 2894 :
767 2866 996 2901 περιὸαλλόμενος
1019 2876 1049 2899 ς.
