1973 3077
164 172 216 205 195

744 170 878 203 ΡΗΟΤῙΙ
893 169 1148 202 ΡΛΤΒΙΑΒΟΠᾹΞ
1161 168 1216 200 CP.

1742 169 1794 202 196

197 227 299 255 Novem
326 231 469 254 oratorum
485 225 636 259 orationes,
652 233 722 261 quas
753 226 881 262 legimus,
911 225 954 253 his

1039 224 1100 251 Τῶν
1116 224 1166 259 μὲν
1185 223 1233 250 οὖν
1247 222 1258 238 ¹
1273 222 1296 249 θ’
1314 223 1438 259 ρητόρων
1460 222 1486 249 οί
1497 222 1583 258 λόγοι,
1605 219 1644 250 ὧν
1666 223 1798 260 ἑποιησάυ

161 273 346 302 continentur.

473 382 635 411 CCLXVIII.

415 429 530 464 Lycurgi
549 429 695 456 orationes.

196 477 255 506 Non
275 476 327 504 fuit
347 475 433 502 otium
451 465 562 509 legendi
591 473 730 501 orationes
758 471 887 508 Lycurgi,
906 471 954 506 qui

162 531 216 551 non
243 523 397 558 pauciores,
429 528 511 556 quam
543 521 634 548 czeteri
659 521 955 552 oratores,orationes

163 569 283 604 scripsit.
300 568 423 602 Scriptas
437 575 501 594 vero
514 574 546 594 ex
564 567 624 601 ejus
637 566 750 594 historia
763 566 851 594 solum
872 567 955 601 quin-

161 613 249 640 decim
262 612 418 640 didicimus.
435 611 536 647 ωῚα
554 610 662 639 Patrem
677 611 774 638 habuit
796 610 957 647 Lycophro-

161 667 236 692 nem,
253 658 370 694 Lycurgi
387 658 482 690 IIIIIII’II,
499 664 580 692 quem
604 657 714 693 triginta
738 657 846 693 tyranni
873 657 957 685 inter-

161 705 298 737 fecerunt,
314 705 386 731 tribu
413 704 596 731 Eteobutades
611 703 673 731 fuit.
698 703 820 731 Primum
835 704 956 738 quidem,

162 757 193 779 ut
205 751 318 778 historia
345 754 471 783 testatur,
487 750 667 785 philosophia!
682 750 774 778 studio
785 758 815 778 se
833 751 916 782 dedit,
929 750 957 777 in

163 805 220 832 quo
247 798 379 831 magistro
394 801 435 824 est
448 804 515 824 usus
534 796 647 823 Platone
663 796 836 832 philosopho.
856 796 958 824 Deinde

164 842 252 870 factus
272 841 401 870 Isocratis
424 841 580 874 familiaris,
596 843 759 869 versabatur
773 843 799 868 in
817 842 958 876 republica

165 889 304 923 praeclare,
319 892 375 914 tum
391 887 507 915 dicendo
534 891 592 914 tum
611 886 737 915 faciendo
751 895 759 914 :
772 893 799 915 et
810 887 868 922 jam
882 887 957 914 illius
974 904 996 933 Β

165 934 226 961 ﬁdei
257 933 436 968 pecuniarum
467 933 670 961 administratio
704 937 764 961 erat
789 933 955 961 commissa.

164 979 289 1013 Qmestor
315 987 380 1006 vero
407 983 449 1006 est
463 984 584 1011 creatus,
598 984 625 1006 et
644 986 693 1014 per
704 979 756 1006 tria
782 979 869 1007 lustra
883 986 958 1014 quaa-

165 1030 270 1054 sturam
313 1024 397 1059 gessit
429 1025 638 1060 quatuordecim
681 1025 799 1052 millium
839 1026 959 1053 talento-

164 1079 226 1098 rum
243 1070 310 1106 (ιι).
327 1070 369 1098 Ad
391 1070 506 1099 bellicos
532 1074 681 1106 apparatus
703 1071 836 1103 delectus,
852 1078 961 1106 rempu-

166 1116 265 1143 blicam
293 1115 407 1143 fractam
425 1115 521 1143 multis
539 1116 623 1143 rebus
649 1115 787 1143 meliorem
813 1120 840 1142 et
855 1115 962 1142 ﬁrmio-

167 1169 224 1188 rem
260 1161 400 1189 reddendo
437 1162 620 1194 instauravit,
653 1162 834 1196 triremesque
860 1161 962 1196 popqu

167 1211 302 1235 trecentas
325 1207 468 1239 instruxit,
483 1207 624 1242 multaque
641 1214 724 1242 opera
746 1207 889 1234 interfecta
915 1214 961 1236 re-

166 1252 231 1280 licta
245 1252 278 1279 ad
292 1252 373 1279 ﬁnem
387 1253 516 1287 perduxit
535 1261 542 1279 :
560 1252 667 1280 navalia
681 1257 748 1280 item
764 1257 791 1280 et
802 1260 892 1280 rerum
914 1260 965 1281 ne.

169 1298 351 1326 cessariarum
377 1299 620 1326 armamentarium
645 1308 652 1326 :
669 1299 727 1334 ipse
741 1307 850 1335 quoque
863 1299 962 1327 funda-

170 1348 325 1371 mentorum
362 1343 551 1378 jaciendorum
581 1344 608 1371 in
635 1344 725 1372 stadio
759 1344 963 1372 Panathenaico

170 1395 268 1417 auctor
288 1389 350 1417 fuit.
372 1389 458 1418 Penes
480 1390 556 1418 hunc
581 1389 633 1417 fuit
648 1390 766 1418 civitatis
791 1391 965 1423 custodia,et

170 1436 319 1463 sceleratos
337 1435 587 1471 comprehendendi
614 1441 735 1471 potestas
752 1445 759 1464 :
775 1444 846 1471 quos
868 1443 965 1464 omnes

171 1482 207 1509 ita
222 1482 315 1517 ejecit,
330 1486 359 1509 ut
377 1481 564 1516 sophistarum
576 1482 702 1510 nonnulli
713 1482 848 1514 dicerent.
864 1481 966 1518 Lycur-

134 1543 142 1554 .
171 1534 235 1561 gum
252 1534 306 1553 non
331 1531 495 1559 atramento,
508 1526 556 1554 sed
572 1527 708 1562 sanguine
720 1527 857 1555 calamum
870 1532 966 1555 contra

172 1572 312 1607 improbos
325 1572 511 1607 intingentem,
521 1573 706 1601 conscribere.
727 1572 845 1601 Tantum
859 1573 901 1601 sui
920 1573 967 1602 de-
979 1583 1003 1614 ς

173 1616 317 1649 siderium,
337 1623 514 1651 amoremque
537 1616 754 1644 Atheniensibus
785 1617 906 1652 reliquit,
934 1621 966 1644 ut

173 1669 235 1689 cum
249 1666 321 1689 esset
336 1661 370 1688 ab
385 1661 540 1689 Alexandro
549 1669 612 1689 cum
623 1662 731 1689 caeteris
749 1662 905 1690 oratoribus
923 1669 970 1698 po-

174 1707 303 1741 stulatus,
311 1698 428 1743 pop'ulus
436 1715 610 1743 nequaquam
621 1708 697 1735 hunc
706 1707 859 1735 dedendum
872 1708 968 1736 existi-

174 1755 267 1783 marit.
294 1753 456 1788 Legationes
490 1753 591 1780 multas
628 1753 696 1780 obiit
722 1760 729 1778 :
760 1759 822 1780 cum
855 1751 970 1780 Demos-

175 1801 257 1828 thene
271 1807 337 1826 vero
347 1799 380 1826 ad
391 1798 607 1834 Peloponnesios
621 1798 690 1833 (l5).
707 1797 803 1833 Magna
819 1797 869 1825 l'uit
886 1797 970 1826 Athe-

176 1846 220 1873 nis
235 1845 330 1881 gloria,
345 1852 507 1879 semperque
533 1843 672 1879 :equitatis
691 1843 772 1871 laude
782 1843 877 1876 valuit,
897 1848 926 1871 ut
943 1843 970 1871 in

174 1892 284 1927 judiciis
311 1891 427 1927 Lycurgi
454 1897 609 1918 sermonem
640 1884 799 1926 protulisse,
816 1889 971 1925 patrocinio

179 1938 291 1965 adderet
315 1937 517 1964 auctoritatem.
541 1935 620 1963 Tulit
646 1943 712 1963 vero
745 1935 829 1972 leges,
853 1943 971 1971 quarum

176 1985 272 2019 quinta
295 1988 347 2017 est,
373 1990 408 2010 ne
439 1982 538 2010 mulier
572 1981 726 2010 Eleusinem
762 1982 888 2010 vehiculo
920 1982 972 2010 iter

177 2029 289 2061 faceret,
312 2037 346 2056 ne
376 2029 514 2056 tenuiores
529 2027 676 2056 ditioribus
700 2032 793 2056 essent
817 2027 971 2056 inferiores.

1007 270 1079 306 μεθα
1100 270 1150 306 τὴν
1171 269 1336 305 ἀνάγνωσιν,
1362 270 1393 296 έν
1420 269 1527 302 τούτοις
1556 270 1760 306 περιγράφεται
1780 271 1799 306 ή

1007 318 1113 354 μνήμη-

1357 373 1441 400 ΣΞΗν.

1258 420 1433 455 Λυκούργου
1447 419 1544 455 λόγοι.

1042 467 1201 503 Λυκούργου
1215 466 1245 494 δὲ
1257 466 1365 498 οὐδενος
1383 466 1439 493 τῶν
1462 466 1561 500 ἄλλων,
1580 467 1631 494 ὅσα
1651 475 1684 502 γε
1710 467 1799 494 τελεῖν

1007 514 1048 546 είς
1070 515 1190 550 ῥήτορας
1215 514 1263 541 καὶ
1276 513 1461 548 δημαγωγοὺς
1474 512 1505 539 τὸ
1520 512 1632 539 ἔλαττον
1643 513 1797 549 φερομένου

1007 559 1087 587 οὔπω
1109 559 1248 595 παρέσχεν
1268 559 1335 594 ήμῖν
1357 559 1372 584 ὁ
1396 558 1492 593 χρόνος
1509 557 1607 592 λόγους
1633 558 1800 592 ἀναγνῶναι,

1009 605 1144 641 φέρεσθαι
1155 605 1184 632 δὲ
1195 603 1279 632 αὐτοῦ
1293 604 1324 636 ἐξ
1335 603 1457 638 ἱστορίας
1475 606 1509 629 ιε’
1521 603 1733 638 μεμαθήκαμεν.
1748 601 1800 631 Οὓ-

1008 660 1055 684 τος
1072 652 1101 678 δὲ
1114 651 1172 683 υίὸς
1185 650 1235 686 μὲν
1251 648 1286 686 ἦν
1301 649 1475 685 Λυκόφρονος
1491 648 1540 676 τοῦ
1554 649 1726 685 Λυκούργου,
1740 649 1770 676 ὃν
1783 651 1801 684 ή

1009 698 1064 725 τῶν
1079 697 1102 724 λ’
1113 697 1240 732 τυραννὶς
1263 695 1363 727 ἀνεῖλε,
1378 696 1426 721 τὸν
1450 695 1537 730 δῆμον
1567 695 1778 731 Ἑτεοόουτάδης
1791 704 1799 712 ·

1010 743 1166 778 ἠκροάσατο
1187 742 1217 769 δὲ
1233 741 1269 768 τὰ
1291 742 1342 777 μὲν
1357 741 1456 776 πρῶτα
1474 740 1524 775 (ὼς
1538 742 1555 776 ή
1585 741 1689 776 ἱστορία
1714 741 1800 776 λέγει)

1011 790 1155 820 Πλάτωνος
1171 789 1218 816 τοῦ
1236 788 1395 823 φιλοσόφου,
1407 788 1504 815 ἔπειτα
1513 788 1543 815 δὲ
1558 788 1666 815 καὶτοῦ
1683 789 1800 824 ῥήτορος

1017 835 1198 869 Ἰσοκράτους.
1221 833 1433 862 Ἐπολιτεύσατο
1440 834 1469 860 δὲ
1479 834 1527 860 καὶ
1541 833 1629 867 λέγων
1648 834 1696 860 καὶ
1711 834 1800 870 πράτ-

1011 889 1066 907 των
1082 879 1231 914 ὲπιφανῶς,
1247 879 1295 907 καὶ
1311 879 1345 906 τὰ
1358 881 1409 915 τῆς
1422 879 1526 911 πόλεως
1538 880 1669 915 χρήματα
1684 880 1797 918 διοικεῖν

1011 926 1238 958 καταπιστευθεὶς
1264 926 1311 952 ὲπὶ
1334 929 1359 960 γ’
1377 925 1593 962 πενταετηρίδας
1607 925 1678 953 κατὰ
1691 925 1723 952 τὸ
1738 925 1801 962 ἄρι-

1011 981 1074 999 στον
1088 972 1176 1000 ταῦτα
1195 972 1243 999 καὶ
1271 971 1508 1007 φιλοπονώτατον,
1533 971 1674 1000 ταλάντων
1697 972 1802 1008 μυρίων

1010 1019 1077 1046 ὅντα
1091 1019 1140 1045 καὶ
1152 1018 1390 1054 τετρακισχιλίων,
1407 1018 1572 1053 διῳκήσατο.
1587 1018 1799 1054 Χειροτονηθεὶς

1009 1065 1039 1092 δὲ
1053 1065 1064 1081 ³
1076 1064 1124 1091 ἐπὶ
1138 1064 1188 1100 τὴν
1199 1063 1246 1091 τοῦ
1265 1065 1384 1100 πολέμου
1396 1065 1583 1100 παρασκευὴν,
1592 1064 1660 1091 ἄλλα
1675 1073 1705 1091 τε
1718 1064 1804 1092 πολλὰ

1009 1110 1059 1145 τῆς
1073 1109 1177 1141 πόλεως
1195 1109 1403 1145 κατερρυηκότα
1421 1109 1585 1144 ἐπανέλαϐε,
1601 1110 1649 1137 καὶ
1677 1111 1803 1146 τριήρεις

1012 1156 1052 1190 τῷ
1071 1155 1150 1191 δήμῳ
1164 1155 1187 1182 ν’
1199 1155 1402 1190 παρεσκεύασε.
1428 1151 1519 1183 Πολλὰ
1531 1155 1559 1182 δὲ
1577 1156 1626 1184 καὶ
1645 1155 1700 1183 τῶν
1714 1156 1804 1192 ἔργων

1012 1201 1129 1237 ἡμιτελῆ
1144 1201 1322 1237 παρειληφὼς
1337 1202 1378 1234 είς
1390 1202 1467 1234 τέλος
1478 1202 1634 1238 προήνεγκε
1651 1202 1673 1234 ⁸,
1687 1202 1756 1234 νεώς
1773 1211 1802 1229 τε

1016 1248 1106 1279 οἴκους
1121 1247 1258 1282 ἐδείματο,
1274 1247 1322 1274 καὶ
1333 1248 1382 1284 τήν
1401 1248 1573 1284 σκευοθήκην
1585 1248 1800 1281 ὲπεσκευάσατο,

1016 1293 1065 1320 καὶ
1076 1292 1115 1328 τῷ
1128 1293 1326 1329 παναθηναῖκῷ
1336 1293 1436 1329 σταδίῳ
1444 1293 1494 1330 τήν
1506 1294 1627 1330 κρηπῖδα
1640 1294 1803 1322 ὑπεδάλετο.

1019 1338 1185 1374 Ἐπιστεύθη
1201 1338 1229 1365 δὲ
1246 1339 1257 1355 ⁸
1271 1340 1317 1366 καὶ
1330 1339 1376 1366 τοῦ
1391 1340 1488 1372 ἄστεος
1503 1339 1566 1376 [810
1579 1339 1625 1376 ιι]
1642 1339 1691 1375 τὴν
1707 1340 1806 1375 ἐπιμέ-

1014 1384 1100 1419 λειαν⁹
1121 1384 1168 1411 καὶ
1186 1384 1240 1420 μὴν
1251 1385 1298 1411 καὶ
1309 1384 1364 1411 τῶν
1381 1384 1544 1420 κακούργων
1557 1385 1606 1420 τὴν
1617 1385 1760 1421 ἀνεύρεσὶν
1773 1394 1804 1412 τε

1016 1431 1064 1459 καὶ
1082 1431 1213 1468 σύλληψιν
1226 1440 1233 1447 ·
1247 1432 1295 1459 καὶ
1308 1431 1395 1464 οὕτως
1412 1431 1532 1468 ἐκάθηρε
1547 1432 1559 1448 ⁸
1569 1432 1620 1469 τὴν
1643 1433 1722 1460 πόλιν
1748 1433 1804 1460 τῶν

1018 1477 1180 1514 κακούργων
1195 1479 1218 1511 ⁷,
1230 1478 1361 1511 ἐξελάσας
1381 1479 1515 1511 ἅπαντας,
1533 1477 1572 1510 ὡς
1588 1479 1637 1506 καὶ
1647 1478 1713 1514 παρ’
1724 1479 1806 1511 ἔνίοις

1016 1523 1071 1550 τῶν
1087 1522 1222 1558 σοφιστῶν
1242 1523 1391 1558 ’λέγεσθαι
1409 1523 1452 1550 ὅτι
1478 1523 1516 1558 μὴ
1538 1523 1634 1559 μέλανι
1650 1523 1807 1560 Λυκοῦργος

1017 1569 1086 1596 ἀλλὰ
1099 1568 1139 1604 τῷ
1164 1569 1272 1604 θανάτῳ
1292 1569 1376 1605 χρίων
1403 1569 1449 1596 τὸν
1474 1569 1598 1605 κάλαμον
1618 1568 1653 1597 τὰ
1669 1569 1740 1597 κατὰ
1752 1569 1808 1596 τῶν

1019 1615 1146 1650 πονηρῶν
1179 1615 1343 1651 ψηφίσματα
1368 1615 1483 1651 ἔγραψε.
1505 1615 1640 1643 Τοσοῦτον
1670 1616 1700 1643 δὲ
1727 1615 1810 1642 πόθον

1019 1660 1104 1689 αὐτοῦ
1122 1661 1169 1687 καὶ
1180 1661 1247 1688 αἰδῶ
1260 1662 1317 1693 τοῖς
1340 1661 1494 1697 Ἀθηναίοις
1517 1663 1660 1698 ἐνεποίησε
1683 1661 1809 1689 πολιτευο

1018 1707 1127 1742 όμενος,
1140 1706 1178 1738 ὡς
1195 1706 1357 1742 αἰτήσαντος
1373 1707 1456 1734 αὐτὸν
1478 1707 1652 1743 Ἀλεξάνδρου
1667 1708 1714 1734 τοῦ
1731 1707 1809 1742 βασι-

1019 1752 1099 1786 λέως,
1116 1753 1211 1788 ῶσπερ
1222 1753 1343 1785 καὶτοὺς
1356 1753 1464 1787 ἄλλους,
1481 1754 1496 1781 ό
1510 1755 1596 1789 δῆμος
1611 1754 1641 1780 οὒ
1658 1754 1808 1790 προήκατο.

1026 1798 1211 1835 Ἐπρέσόευσε
1228 1799 1258 1826 δὲ
1273 1799 1400 1835 καὶπρὸς
1412 1799 1559 1836 διαφόρους
1569 1800 1662 1831 πόλεις
1676 1800 1725 1826 καὶ
1740 1798 1811 1834 μετὰ

1020 1844 1210 1878 Δημοσθένους
1230 1845 1270 1876 είς
1288 1844 1503 1881 Πελοπόννησον.
1524 1846 1579 1872 Καὶ
1592 1845 1727 1872 διετέλεσε
1740 1845 1750 1861 ³
1764 1845 1810 1871 τὺν

1020 1889 1068 1917 τοῦ
1084 1890 1142 1924 βίου
1168 1890 1266 1926 χρόνον
1293 1891 1447 1927 εὐδοκιμῶν
1477 1891 1525 1918 καὶ
1535 1891 1637 1924 δίκαιος
1656 1890 1726 1918 εἶναι
1745 1891 1811 1927 παρ’

1021 1936 1175 1972 Ἀθηναίοις
1193 1937 1371 1973 νομιζόμενος
1383 1946 1390 1954 ·
1415 1937 1497 1974 [1485
1512 1938 1559 1974 R.]
1573 1938 1614 1965 διὸ
1630 1939 1677 1965 καὶ
1690 1938 1722 1965 τὸ
1733 1937 1813 1972 λόγον

1021 1984 1085 2011 τινὰ
1099 1985 1277 2020 προενεγκεῖν
1294 1985 1324 2011 ὲν
1336 1986 1395 2017 τοῖς
1411 1985 1598 2020 δικαστηρίοις
1614 1985 1685 2020 ὑπὲρ
1699 1985 1812 2012 ότονοῦν

1028 2029 1134 2065 μεγάλη
1172 2028 1211 2065 τῷ
1240 2030 1467 2067 σηναγορευθέντι
1506 2030 1618 2066 βοήθεια
1649 2031 1753 2065 ἐγίνετο
1779 2030 1811 2057 ⁸⁸.

183 2076 347 2112 Ἐποιήσατο
365 2075 394 2102 δὲ
416 2075 465 2102 καὶ
487 2075 579 2111 νόμων
600 2074 733 2109 εἰσφορὰς
756 2073 910 2109 διαφόρων·
934 2071 973 2102 ὧν
992 2074 1051 2102 ἐστὶ
1065 2075 1202 2111 πέμπτος,
1234 2075 1264 2108 ὃς
1283 2076 1334 2104 οὐκ
1359 2077 1392 2112 ιᾷ
1409 2076 1460 2108 τὰς
1487 2077 1620 2111 γυναῖκας
1646 2076 1814 2109 Ἐλευσῖνάδε

186 2123 234 2151 hci.
248 2122 364 2158 ζεύγους
379 2121 535 2157 ὸχουμένας
559 2120 746 2156 ἀφικνεῖσθαι,
761 2121 800 2152 ὼς
814 2120 848 2147 ἂν
861 2121 890 2148 αι
904 2120 1050 2156 δημοτικαὶ
1063 2122 1102 2158 μὴ
1116 2119 1183 2150 ῶσιν
1199 2122 1253 2149 ὑπὸ
1269 2122 1325 2150 τῶν
1343 2122 1480 2149 πλουσίων
1499 2122 1707 2158 ἑλαττούμεναι.

213 2170 284 2198 Cum
299 2174 391 2197 autem
406 2168 580 2204 vectigalium
604 2171 718 2195 exactor
737 2167 849 2202 quidam
873 2174 972 2196 manus

179 2217 206 2245 in
234 2215 422 2243 Xenocratum
451 2214 644 2250 philosophum
675 2213 833 2248 iniecisset,
854 2220 972 2249 cumque

179 2263 208 2291 in
222 2261 376 2290 custodiam
394 2260 553 2292 abduceret,
569 2260 634 2287 huic
645 2259 725 2288 datus
740 2260 849 2287 obviam
868 2260 972 2295 Lycur-

180 2316 231 2344 gus
248 2307 376 2335 baculum
402 2306 430 2333 in
455 2310 538 2342 caput
566 2305 690 2341 impegit,
713 2305 859 2341 ipsumque
881 2305 973 2334 Xeno-

181 2359 286 2382 cratem
300 2353 447 2386 liberavit;
461 2352 538 2380 illum
557 2357 649 2379 autem
661 2352 749 2388 turpis
763 2357 846 2388 atque
863 2351 973 2380 infamis

182 2400 316 2428 facinoris
331 2404 485 2431 auctorem,
501 2398 530 2426 in
553 2405 692 2426 carcerem
716 2397 854 2433 compingi
877 2397 973 2433 jussit.

181 2445 260 2474 Hanc
274 2445 310 2474 ob
331 2451 444 2473 causam
458 2451 521 2471 cum
543 2449 617 2472 esset
635 2443 807 2471 collaudatus
822 2442 974 2481 Lycurgus,

182 2493 336 2529 paucisque
358 2490 460 2526 elapsis
485 2489 584 2518 diebus
608 2489 724 2525 Lycurgi
751 2489 801 2517 lilii
829 2485 974 2516 Xenocrati

1059 2169 1221 2204 Ξενοκράτει
1239 2168 1268 2195 δέ
1293 2177 1359 2195 ποτε
1376 2168 1418 2204 τῷ
1434 2169 1455 2184 ¹¹
1479 2169 1618 2205 φιλοσόφῳ
1645 2169 1695 2202 τὰς
1720 2170 1814 2205 χεῖρας

1024 2213 1202 2246 ιπιῦαλόντος
1220 2213 1348 2248 τελώνου,
1373 2215 1503 2249 καὶπρὸς
1519 2215 1550 2242 τὸ
1572 2214 1709 2250 μετοίκιον
1732 2215 1815 2242 αὑτὸν

1026 2259 1149 2294 ἄγοντος,
1162 2259 1331 2295 συναντήσας
1344 2259 1389 2286 τὸν
1403 2259 1453 2294 μὲν
1467 2259 1611 2295 φιλόσοφον
1625 2259 1754 2291 ἀπέλυσε,
1765 2259 1816 2295 τὴν

1025 2304 1053 2332 δὲ
1067 2305 1190 2340 κεφαλὴν
1201 2304 1249 2332 τοῦ
1262 2305 1379 2332 τελώνου
1392 2305 1481 2341 ῥάϐδῳ
1492 2306 1602 2339 παίσας,
1614 2307 1661 2333 ἅτε
1671 2306 1704 2339 δὴ
1713 2307 1735 2322 ³⁸
1744 2305 1816 2333 κατὰ

1025 2349 1073 2377 τοῦ
1084 2350 1236 2386 πρέποντος
1250 2350 1519 2387 ἀποθρασυνομένου,
1531 2351 1718 2387 δεσμωτήριον
1731 2352 1816 2379 οἰκεῖν

1026 2395 1213 2431 παραδέδωκε,
1246 2397 1295 2423 καὶ
1318 2396 1425 2424 πολλῶν
1450 2397 1568 2424 ιπαίνιιιν
1599 2397 1647 2424 ἔπι
1668 2397 1755 2433 ταύτῃ
1780 2397 1815 2432 τῇ

1026 2441 1127 2477 πράξει
1152 2442 1299 2478 τετύχηκε.
1325 2443 1370 2470 Διὸ
1384 2443 1431 2470 καὶ
1456 2443 1516 2478 μεθ’
1541 2443 1649 2480 ἡμέρας
1670 2443 1746 2475 τινὰς
1760 2444 1816 2475 τοῖς

1028 2488 1109 2514 παισὶ
1133 2488 1181 2515 τοῦ
1209 2488 1369 2524 Λυκούργου
1395 2488 1566 2524 Ξενοκράτης
1581 2488 1721 2524 συντυχὼν
1738 2487 1816 2522 Taxili

824 2544 944 2573 YARIIE
961 2544 1165 2574 LECTIONES.

220 2611 231 2626 ¹
243 2606 291 2636 οὖν
306 2616 362 2637 om.
380 2608 411 2636 Β.
449 2608 460 2625 ³
475 2607 505 2635 δὲ
523 2614 579 2636 om.
593 2607 626 2643 Α,
676 2606 688 2622 ⁵
703 2606 888 2643 παρήνεκεΔ.

185 2645 263 2673 πόλιν
278 2653 310 2678 ς.
346 2645 357 2661 ⁸
372 2643 462 2679 σοφῶν
477 2651 508 2676 ς.
545 2643 556 2659 ⁹
574 2642 680 2670 ἐτέλεσε
699 2642 733 2670 Δ.

943 2605 954 2621 ¹
970 2603 999 2631 δι
1014 2612 1071 2633 om.
1092 2605 1123 2633 Β.

781 2642 792 2658 ⁰
803 2640 911 2676 ἐγένετο
924 2649 956 2673 ς.
993 2640 1014 2656 ¹¹
1028 2640 1069 2677 τῷ
1085 2641 1149 2669 add.
1173 2641 1208 2670 Δ.
1246 2640 1256 2658 ³

1180 2606 1192 2643 ξ
1206 2607 1325 2643 κάθηρε-
1334 2613 1376 2643 pr.
1402 2606 1436 2634 Α.
1487 2607 1504 2643 ⁷7
1518 2607 1572 2636 τῶν
1586 2606 1749 2643 κακούργων
1766 2605 1816 2641 τὴν

1258 2615 1456 2677 uallata.
1472 2615 1522 2678 9}]:

937 2718 1053 2748 NOTE.

236 2804 280 2840 II)
298 2803 384 2831 Hodie
409 2807 556 2840 sunt_oc_to
578 2800 716 2840 myriades
738 2804 770 2840 _et
795 2797 975 2840 quadraginta

186 2835 276 2868 nillia'
291 2843 458 2867 scutatorum
474 2837 584 2869 Budzeo,
609 2835 641 2864 ut
656 2835 763 2872 singula
791 2836 892 2864 talenta
913 2841 976 2863 sex-

186 2876 272 2904 centis
285 2874 424 2903 coronatis
443 2874 620 2902 aestimentur.

1066 2799 1315 2864 ‘15)Polyeuetum
1335 2802 1380 2830 hic
1408 2801 1520 2832 tertium
1544 2801 1621 2831 addit
1643 2801 1762 2839 legatum
1787 2802 1816 2833 in

1077 2843 1247 2864 ononnesum
1264 2836 1438 2864 Plutarchus.

1029 2835 1247 2872 Peloponnesum
1264 2836 1438 2868 Plutarchus.
