  <div class='ocr_page' id='page_1' title='image "/cluster/home/n/w/nwhite01/storage/ocr_20150623/104/njp.32101077772885/105.png"; bbox 0 0 1959 3081; ppageno 0'>
   <div class='ocr_carea' id='block_1_1' title="bbox 164 178 214 211">
    <p class='ocr_par' dir='ltr' id='par_1_1' title="bbox 164 178 214 211">
     <span class='ocr_line' id='line_1_1' title="bbox 164 178 214 211; baseline 0.02 -1"><span class='ocrx_word' id='word_1_1' title='bbox 164 178 214 211; x_wconf 76' lang='lat'><strong>199</strong></span> 
     </span>
    </p>
   </div>
   <div class='ocr_carea' id='block_1_2' title="bbox 738 171 1208 204">
    <p class='ocr_par' dir='ltr' id='par_1_2' title="bbox 738 171 1208 204">
     <span class='ocr_line' id='line_1_2' title="bbox 738 171 1208 204; baseline -0.009 0"><span class='ocrx_word' id='word_1_2' title='bbox 738 173 867 204; x_wconf 80' lang='grc' dir='ltr'><strong>ΡΗΟΤΙΙ</strong></span> <span class='ocrx_word' id='word_1_3' title='bbox 884 171 1139 202; x_wconf 71' lang='grc' dir='ltr'><strong>ΡΑΤΙὶΙᾹΒΟΠᾹΞ</strong></span> <span class='ocrx_word' id='word_1_4' title='bbox 1154 171 1208 200; x_wconf 88' lang='lat' dir='ltr'><strong>CP.</strong></span> 
     </span>
    </p>
   </div>
   <div class='ocr_carea' id='block_1_3' title="bbox 1732 168 1785 200">
    <p class='ocr_par' dir='ltr' id='par_1_3' title="bbox 1732 168 1785 200">
     <span class='ocr_line' id='line_1_3' title="bbox 1732 168 1785 200; baseline 0.038 -2"><span class='ocrx_word' id='word_1_5' title='bbox 1732 168 1785 200; x_wconf 70' lang='lat'><strong>200</strong></span> 
     </span>
    </p>
   </div>
   <div class='ocr_carea' id='block_1_4' title="bbox 162 224 956 268">
    <p class='ocr_par' dir='ltr' id='par_1_4' title="bbox 162 228 947 268">
     <span class='ocr_line' id='line_1_4' title="bbox 162 228 947 268; baseline -0.01 -6"><span class='ocrx_word' id='word_1_6' title='bbox 162 235 239 262; x_wconf 85' lang='lat' dir='ltr'><strong>tavit.</strong></span> <span class='ocrx_word' id='word_1_7' title='bbox 262 233 438 268; x_wconf 74' lang='lat' dir='ltr'><strong>Evangelium</strong></span> <span class='ocrx_word' id='word_1_8' title='bbox 465 231 508 259; x_wconf 91' lang='lat' dir='ltr'><strong>cui</strong></span> <span class='ocrx_word' id='word_1_9' title='bbox 525 231 644 258; x_wconf 90' lang='lat' dir='ltr'><strong>nondum</strong></span> <span class='ocrx_word' id='word_1_10' title='bbox 661 229 824 258; x_wconf 75' lang='lat' dir='ltr'><strong>credebatur</strong></span> <span class='ocrx_word' id='word_1_11' title='bbox 846 228 947 264; x_wconf 73' lang='lat' dir='ltr'><strong>[mndi-</strong></span> 
     </span>
    </p>
   </div>
   <div class='ocr_carea' id='block_1_5' title="bbox 1007 224 1786 268">
    <p class='ocr_par' dir='ltr' id='par_1_5' title="bbox 1007 224 1786 263">
     <span class='ocr_line' id='line_1_5' title="bbox 1007 224 1786 263; baseline -0.004 -10"><span class='ocrx_word' id='word_1_12' title='bbox 1007 227 1184 263; x_wconf 79' lang='grc' dir='ltr'>τροσαχθῆναι</span> <span class='ocrx_word' id='word_1_13' title='bbox 1194 224 1519 262; x_wconf 68' lang='grc' dir='ltr'>προσάγωνΕὐαγγέιλιον</span> <span class='ocrx_word' id='word_1_14' title='bbox 1530 224 1659 260; x_wconf 82' lang='grc' dir='ltr'><strong>κηρύττει</strong></span> <span class='ocrx_word' id='word_1_15' title='bbox 1670 224 1684 250; x_wconf 82' lang='grc' dir='ltr'>ὃ</span> <span class='ocrx_word' id='word_1_16' title='bbox 1693 225 1730 259; x_wconf 87' lang='grc' dir='ltr'>μή</span> <span class='ocrx_word' id='word_1_17' title='bbox 1742 232 1786 251; x_wconf 80' lang='grc' dir='ltr'>πω</span> 
     </span>
    </p>
   </div>
   <div class='ocr_carea' id='block_1_6' title="bbox 164 274 948 313">
    <p class='ocr_par' dir='ltr' id='par_1_6' title="bbox 164 274 948 313">
     <span class='ocr_line' id='line_1_6' title="bbox 164 274 948 313; baseline -0.01 -5"><span class='ocrx_word' id='word_1_18' title='bbox 164 281 246 312; x_wconf 86' lang='lat' dir='ltr'><strong>cavit,</strong></span> <span class='ocrx_word' id='word_1_19' title='bbox 257 284 284 307; x_wconf 90' lang='lat' dir='ltr'><strong>et</strong></span> <span class='ocrx_word' id='word_1_20' title='bbox 296 279 374 306; x_wconf 86' lang='lat' dir='ltr'><strong>iratri</strong></span> <span class='ocrx_word' id='word_1_21' title='bbox 387 278 464 313; x_wconf 89' lang='lat' dir='ltr'><strong>prius</strong></span> <span class='ocrx_word' id='word_1_22' title='bbox 476 285 556 312; x_wconf 82' lang='lat' dir='ltr'><strong>quam</strong></span> <span class='ocrx_word' id='word_1_23' title='bbox 566 277 693 308; x_wconf 75' lang='lat' dir='ltr'><strong>disceret,</strong></span> <span class='ocrx_word' id='word_1_24' title='bbox 703 276 785 302; x_wconf 89' lang='lat' dir='ltr'><strong>vitam</strong></span> <span class='ocrx_word' id='word_1_25' title='bbox 801 274 948 302; x_wconf 86' lang='lat' dir='ltr'><strong>revelavit:</strong></span> 
     </span>
    </p>
   </div>
   <div class='ocr_carea' id='block_1_7' title="bbox 162 318 949 355">
    <p class='ocr_par' dir='ltr' id='par_1_7' title="bbox 162 318 949 355">
     <span class='ocr_line' id='line_1_7' title="bbox 162 318 949 355; baseline -0.009 -3"><span class='ocrx_word' id='word_1_26' title='bbox 162 325 263 352; x_wconf 85' lang='lat' dir='ltr'><strong>Tantas</strong></span> <span class='ocrx_word' id='word_1_27' title='bbox 288 324 327 351; x_wconf 83' lang='lat' dir='ltr'><strong>illi</strong></span> <span class='ocrx_word' id='word_1_28' title='bbox 353 323 463 350; x_wconf 77' lang='lat' dir='ltr'><strong>divitias</strong></span> <span class='ocrx_word' id='word_1_29' title='bbox 489 323 534 349; x_wconf 88' lang='lat' dir='ltr'><strong>illa</strong></span> <span class='ocrx_word' id='word_1_30' title='bbox 558 321 735 355; x_wconf 72' lang='lat' dir='ltr'><strong>interrogatio</strong></span> <span class='ocrx_word' id='word_1_31' title='bbox 762 320 871 347; x_wconf 86' lang='lat' dir='ltr'><strong>attulit:</strong></span> <span class='ocrx_word' id='word_1_32' title='bbox 900 318 949 346; x_wconf 83' lang='lat' dir='ltr'><strong>Ubi</strong></span> 
     </span>
    </p>
   </div>
   <div class='ocr_carea' id='block_1_8' title="bbox 161 364 950 403">
    <p class='ocr_par' dir='ltr' id='par_1_8' title="bbox 161 364 950 403">
     <span class='ocr_line' id='line_1_8' title="bbox 161 364 950 403; baseline -0.006 -7"><span class='ocrx_word' id='word_1_33' title='bbox 161 369 288 396; x_wconf 72' lang='lat' dir='ltr'><strong>habitas?</strong></span> <span class='ocrx_word' id='word_1_34' title='bbox 318 369 482 403; x_wconf 78' lang='lat' dir='ltr'><strong>Quanquam</strong></span> <span class='ocrx_word' id='word_1_35' title='bbox 518 374 647 401; x_wconf 78' lang='lat' dir='ltr'><strong>magnum</strong></span> <span class='ocrx_word' id='word_1_36' title='bbox 678 365 781 401; x_wconf 84' lang='lat' dir='ltr'><strong>aliquid</strong></span> <span class='ocrx_word' id='word_1_37' title='bbox 807 364 950 399; x_wconf 84' lang='lat' dir='ltr'><strong>responsio</strong></span> 
     </span>
    </p>
   </div>
   <div class='ocr_carea' id='block_1_9' title="bbox 163 410 947 448">
    <p class='ocr_par' dir='ltr' id='par_1_9' title="bbox 163 410 947 448">
     <span class='ocr_line' id='line_1_9' title="bbox 163 410 947 448; baseline -0.006 -6"><span class='ocrx_word' id='word_1_38' title='bbox 163 415 267 448; x_wconf 87' lang='lat' dir='ltr'><strong>habuit,</strong></span> <span class='ocrx_word' id='word_1_39' title='bbox 291 420 322 442; x_wconf 93' lang='lat' dir='ltr'><strong>ut</strong></span> <span class='ocrx_word' id='word_1_40' title='bbox 344 414 469 442; x_wconf 85' lang='lat' dir='ltr'><strong>Andreas</strong></span> <span class='ocrx_word' id='word_1_41' title='bbox 494 414 578 440; x_wconf 91' lang='lat' dir='ltr'><strong>menti</strong></span> <span class='ocrx_word' id='word_1_42' title='bbox 609 412 663 439; x_wconf 87' lang='lat' dir='ltr'><strong>alte</strong></span> <span class='ocrx_word' id='word_1_43' title='bbox 687 412 802 446; x_wconf 76' lang='lat' dir='ltr'><strong>iniigens</strong></span> <span class='ocrx_word' id='word_1_44' title='bbox 838 410 947 438; x_wconf 85' lang='lat' dir='ltr'><strong>viderit.</strong></span> 
     </span>
    </p>
   </div>
   <div class='ocr_carea' id='block_1_10' title="bbox 167 457 951 496">
    <p class='ocr_par' dir='ltr' id='par_1_10' title="bbox 167 457 951 496">
     <span class='ocr_line' id='line_1_10' title="bbox 167 457 951 496; baseline -0.005 -8"><span class='ocrx_word' id='word_1_45' title='bbox 167 460 242 493; x_wconf 77' lang='lat' dir='ltr'><strong>Veni,</strong></span> <span class='ocrx_word' id='word_1_46' title='bbox 254 460 353 496; x_wconf 82' lang='lat' dir='ltr'><strong>inquit,</strong></span> <span class='ocrx_word' id='word_1_47' title='bbox 370 466 394 486; x_wconf 85' lang='lat' dir='ltr'><strong>et</strong></span> <span class='ocrx_word' id='word_1_48' title='bbox 409 460 477 487; x_wconf 83' lang='lat' dir='ltr'><strong>vide.</strong></span> <span class='ocrx_word' id='word_1_49' title='bbox 497 459 641 492; x_wconf 81' lang='lat' dir='ltr'><strong>Quomodo</strong></span> <span class='ocrx_word' id='word_1_50' title='bbox 654 458 742 486; x_wconf 81' lang='lat' dir='ltr'><strong>iactus</strong></span> <span class='ocrx_word' id='word_1_51' title='bbox 758 465 787 485; x_wconf 85' lang='lat' dir='ltr'><strong>es</strong></span> <span class='ocrx_word' id='word_1_52' title='bbox 801 457 951 492; x_wconf 80' lang='lat' dir='ltr'><strong>propheta?</strong></span> 
     </span>
    </p>
   </div>
   <div class='ocr_carea' id='block_1_11' title="bbox 163 502 950 537">
    <p class='ocr_par' dir='ltr' id='par_1_11' title="bbox 163 502 950 537">
     <span class='ocr_line' id='line_1_11' title="bbox 163 502 950 537; baseline -0.005 -4"><span class='ocrx_word' id='word_1_53' title='bbox 163 506 236 533; x_wconf 90' lang='lat' dir='ltr'><strong>unde</strong></span> <span class='ocrx_word' id='word_1_54' title='bbox 251 505 320 533; x_wconf 83' lang='lat' dir='ltr'><strong>adeo</strong></span> <span class='ocrx_word' id='word_1_55' title='bbox 344 505 473 531; x_wconf 87' lang='lat' dir='ltr'><strong>divinus?</strong></span> <span class='ocrx_word' id='word_1_56' title='bbox 487 504 556 537; x_wconf 88' lang='lat' dir='ltr'><strong>Quid</strong></span> <span class='ocrx_word' id='word_1_57' title='bbox 568 503 643 531; x_wconf 86' lang='lat' dir='ltr'><strong>Petri</strong></span> <span class='ocrx_word' id='word_1_58' title='bbox 660 503 775 530; x_wconf 85' lang='lat' dir='ltr'><strong>auribus</strong></span> <span class='ocrx_word' id='word_1_59' title='bbox 795 502 950 536; x_wconf 82' lang='lat' dir='ltr'><strong>obstrepis?</strong></span> 
     </span>
    </p>
   </div>
   <div class='ocr_carea' id='block_1_12' title="bbox 164 548 950 585">
    <p class='ocr_par' dir='ltr' id='par_1_12' title="bbox 164 548 950 585">
     <span class='ocr_line' id='line_1_12' title="bbox 164 548 950 585; baseline -0.005 -7"><span class='ocrx_word' id='word_1_60' title='bbox 164 551 227 585; x_wconf 90' lang='lat' dir='ltr'><strong>quid</strong></span> <span class='ocrx_word' id='word_1_61' title='bbox 253 550 384 584; x_wconf 86' lang='lat' dir='ltr'><strong>consequi</strong></span> <span class='ocrx_word' id='word_1_62' title='bbox 412 549 487 576; x_wconf 91' lang='lat' dir='ltr'><strong>illum</strong></span> <span class='ocrx_word' id='word_1_63' title='bbox 516 549 635 581; x_wconf 83' lang='lat' dir='ltr'><strong>conaris,</strong></span> <span class='ocrx_word' id='word_1_64' title='bbox 654 556 734 584; x_wconf 84' lang='lat' dir='ltr'><strong>quem</strong></span> <span class='ocrx_word' id='word_1_65' title='bbox 754 548 852 583; x_wconf 84' lang='lat' dir='ltr'><strong>nequis</strong></span> <span class='ocrx_word' id='word_1_66' title='bbox 874 555 950 574; x_wconf 89' lang='lat' dir='ltr'><strong>com-</strong></span> 
     </span>
    </p>
   </div>
   <div class='ocr_carea' id='block_1_13' title="bbox 163 593 951 631">
    <p class='ocr_par' dir='ltr' id='par_1_13' title="bbox 163 593 951 631">
     <span class='ocr_line' id='line_1_13' title="bbox 163 593 951 631; baseline -0.005 -8"><span class='ocrx_word' id='word_1_67' title='bbox 163 595 351 631; x_wconf 80' lang='lat' dir='ltr'><strong>prehendere?</strong></span> <span class='ocrx_word' id='word_1_68' title='bbox 365 595 419 628; x_wconf 87' lang='lat' dir='ltr'><strong>Qui</strong></span> <span class='ocrx_word' id='word_1_69' title='bbox 433 595 533 630; x_wconf 83' lang='lat' dir='ltr'><strong>ubique</strong></span> <span class='ocrx_word' id='word_1_70' title='bbox 549 599 602 626; x_wconf 82' lang='lat' dir='ltr'><strong>est,</strong></span> <span class='ocrx_word' id='word_1_71' title='bbox 615 594 753 629; x_wconf 90' lang='lat' dir='ltr'><strong>quomodo</strong></span> <span class='ocrx_word' id='word_1_72' title='bbox 772 593 887 620; x_wconf 86' lang='lat' dir='ltr'><strong>inveniri</strong></span> <span class='ocrx_word' id='word_1_73' title='bbox 902 600 951 627; x_wconf 86' lang='lat' dir='ltr'><strong>po-</strong></span> 
     </span>
    </p>
   </div>
   <div class='ocr_carea' id='block_1_14' title="bbox 164 639 952 674">
    <p class='ocr_par' dir='ltr' id='par_1_14' title="bbox 164 639 952 674">
     <span class='ocr_line' id='line_1_14' title="bbox 164 639 952 674; baseline -0.006 -5"><span class='ocrx_word' id='word_1_74' title='bbox 164 642 235 670; x_wconf 88' lang='lat' dir='ltr'><strong>test?</strong></span> <span class='ocrx_word' id='word_1_75' title='bbox 256 641 362 668; x_wconf 87' lang='lat' dir='ltr'><strong>Etenim</strong></span> <span class='ocrx_word' id='word_1_76' title='bbox 385 641 464 669; x_wconf 78' lang='lat' dir='ltr'><strong>scivit</strong></span> <span class='ocrx_word' id='word_1_77' title='bbox 479 640 604 668; x_wconf 76' lang='lat' dir='ltr'><strong>Audreas</strong></span> <span class='ocrx_word' id='word_1_78' title='bbox 626 640 692 674; x_wconf 91' lang='lat' dir='ltr'><strong>quid</strong></span> <span class='ocrx_word' id='word_1_79' title='bbox 709 639 810 666; x_wconf 86' lang='lat' dir='ltr'><strong>diceret</strong></span> <span class='ocrx_word' id='word_1_80' title='bbox 824 648 830 666; x_wconf 90' lang='lat'><strong>:</strong></span> <span class='ocrx_word' id='word_1_81' title='bbox 847 639 952 665; x_wconf 83' lang='lat' dir='ltr'><strong>Inveni-</strong></span> 
     </span>
    </p>
   </div>
   <div class='ocr_carea' id='block_1_15' title="bbox 165 684 960 722">
    <p class='ocr_par' dir='ltr' id='par_1_15' title="bbox 165 684 960 722">
     <span class='ocr_line' id='line_1_15' title="bbox 165 684 960 722; baseline -0.005 -7"><span class='ocrx_word' id='word_1_82' title='bbox 165 696 226 715; x_wconf 87' lang='lat' dir='ltr'><strong>mus</strong></span> <span class='ocrx_word' id='word_1_83' title='bbox 241 696 321 722; x_wconf 86' lang='lat' dir='ltr'><strong>quem</strong></span> <span class='ocrx_word' id='word_1_84' title='bbox 338 687 454 722; x_wconf 89' lang='lat' dir='ltr'><strong>pcrdidit</strong></span> <span class='ocrx_word' id='word_1_85' title='bbox 471 686 567 718; x_wconf 82' lang='lat' dir='ltr'><strong>Adam,</strong></span> <span class='ocrx_word' id='word_1_86' title='bbox 580 686 624 713; x_wconf 90' lang='lat' dir='ltr'><strong>cui</strong></span> <span class='ocrx_word' id='word_1_87' title='bbox 639 686 694 713; x_wconf 76' lang='lat' dir='ltr'><strong>Eva</strong></span> <span class='ocrx_word' id='word_1_88' title='bbox 709 686 838 713; x_wconf 86' lang='lat' dir='ltr'><strong>damnum</strong></span> <span class='ocrx_word' id='word_1_89' title='bbox 851 684 960 716; x_wconf 37' lang='lat' dir='ltr'><strong>attulit,‘</strong></span> 
     </span>
    </p>
   </div>
   <div class='ocr_carea' id='block_1_16' title="bbox 165 731 950 769">
    <p class='ocr_par' dir='ltr' id='par_1_16' title="bbox 165 731 950 769">
     <span class='ocr_line' id='line_1_16' title="bbox 165 731 950 769; baseline -0.006 -8"><span class='ocrx_word' id='word_1_90' title='bbox 165 741 246 769; x_wconf 85' lang='lat' dir='ltr'><strong>quem</strong></span> <span class='ocrx_word' id='word_1_91' title='bbox 267 733 370 768; x_wconf 80' lang='lat' dir='ltr'><strong>peccati</strong></span> <span class='ocrx_word' id='word_1_92' title='bbox 393 733 492 760; x_wconf 88' lang='lat' dir='ltr'><strong>nebula</strong></span> <span class='ocrx_word' id='word_1_93' title='bbox 507 733 541 759; x_wconf 86' lang='lat' dir='ltr'><strong>ab</strong></span> <span class='ocrx_word' id='word_1_94' title='bbox 565 732 653 760; x_wconf 88' lang='lat' dir='ltr'><strong>oculis</strong></span> <span class='ocrx_word' id='word_1_95' title='bbox 680 731 784 759; x_wconf 88' lang='lat' dir='ltr'><strong>nostris</strong></span> <span class='ocrx_word' id='word_1_96' title='bbox 798 731 950 760; x_wconf 84' lang='lat' dir='ltr'><strong>abscondit.</strong></span> 
     </span>
    </p>
   </div>
   <div class='ocr_carea' id='block_1_17' title="bbox 165 777 951 814">
    <p class='ocr_par' dir='ltr' id='par_1_17' title="bbox 165 777 951 814">
     <span class='ocr_line' id='line_1_17' title="bbox 165 777 951 814; baseline -0.005 -7"><span class='ocrx_word' id='word_1_97' title='bbox 165 787 246 814; x_wconf 83' lang='lat' dir='ltr'><strong>quem</strong></span> <span class='ocrx_word' id='word_1_98' title='bbox 261 780 442 808; x_wconf 88' lang='lat' dir='ltr'><strong>inobcdientia</strong></span> <span class='ocrx_word' id='word_1_99' title='bbox 455 787 470 806; x_wconf 88' lang='lat' dir='ltr'><strong>a</strong></span> <span class='ocrx_word' id='word_1_100' title='bbox 483 779 561 806; x_wconf 89' lang='lat' dir='ltr'><strong>nobis</strong></span> <span class='ocrx_word' id='word_1_101' title='bbox 576 778 714 809; x_wconf 84' lang='lat' dir='ltr'><strong>alienavit.</strong></span> <span class='ocrx_word' id='word_1_102' title='bbox 730 786 811 813; x_wconf 89' lang='lat' dir='ltr'><strong>quem</strong></span> <span class='ocrx_word' id='word_1_103' title='bbox 828 777 951 812; x_wconf 78' lang='lat' dir='ltr'><strong>quzesivit</strong></span> 
     </span>
    </p>
   </div>
   <div class='ocr_carea' id='block_1_18' title="bbox 165 820 948 857">
    <p class='ocr_par' dir='ltr' id='par_1_18' title="bbox 165 820 948 857">
     <span class='ocr_line' id='line_1_18' title="bbox 165 820 948 857; baseline -0.004 -7"><span class='ocrx_word' id='word_1_104' title='bbox 165 823 250 851; x_wconf 84' lang='lat' dir='ltr'><strong>David</strong></span> <span class='ocrx_word' id='word_1_105' title='bbox 271 833 279 851; x_wconf 90' lang='lat'><strong>:</strong></span> <span class='ocrx_word' id='word_1_106' title='bbox 297 823 330 850; x_wconf 85' lang='lat' dir='ltr'><strong>In</strong></span> <span class='ocrx_word' id='word_1_107' title='bbox 357 824 399 850; x_wconf 80' lang='lat' dir='ltr'><strong>die</strong></span> <span class='ocrx_word' id='word_1_108' title='bbox 419 823 599 850; x_wconf 76' lang='lat' dir='ltr'><strong>tribulationis</strong></span> <span class='ocrx_word' id='word_1_109' title='bbox 616 831 679 850; x_wconf 74' lang='lat' dir='ltr'><strong>mea:</strong></span> <span class='ocrx_word' id='word_1_110' title='bbox 700 822 784 850; x_wconf 86' lang='lat' dir='ltr'><strong>Deum</strong></span> <span class='ocrx_word' id='word_1_111' title='bbox 800 820 948 857; x_wconf 70' lang='lat' dir='ltr'><strong>exquisivif</strong></span> 
     </span>
    </p>
   </div>
   <div class='ocr_carea' id='block_1_19' title="bbox 166 866 952 902">
    <p class='ocr_par' dir='ltr' id='par_1_19' title="bbox 166 866 952 902">
     <span class='ocr_line' id='line_1_19' title="bbox 166 866 952 902; baseline -0.005 -7"><span class='ocrx_word' id='word_1_112' title='bbox 166 873 193 895; x_wconf 84' lang='lat' dir='ltr'><strong>et</strong></span> <span class='ocrx_word' id='word_1_113' title='bbox 207 867 361 902; x_wconf 87' lang='lat' dir='ltr'><strong>Sophonias</strong></span> <span class='ocrx_word' id='word_1_114' title='bbox 385 867 485 893; x_wconf 90' lang='lat' dir='ltr'><strong>clamat</strong></span> <span class='ocrx_word' id='word_1_115' title='bbox 502 875 508 893; x_wconf 88' lang='lat'>:</span> <span class='ocrx_word' id='word_1_116' title='bbox 532 866 649 899; x_wconf 74' lang='lat' dir='ltr'><strong>Qumite</strong></span> <span class='ocrx_word' id='word_1_117' title='bbox 668 866 751 893; x_wconf 82' lang='lat' dir='ltr'><strong>Deum</strong></span> <span class='ocrx_word' id='word_1_118' title='bbox 768 874 856 893; x_wconf 78' lang='lat' dir='ltr'><strong>omnes</strong></span> <span class='ocrx_word' id='word_1_119' title='bbox 876 873 952 891; x_wconf 85' lang='lat' dir='ltr'><strong>man-</strong></span> 
     </span>
    </p>
   </div>
   <div class='ocr_carea' id='block_1_20' title="bbox 165 912 951 947">
    <p class='ocr_par' dir='ltr' id='par_1_20' title="bbox 165 912 951 947">
     <span class='ocr_line' id='line_1_20' title="bbox 165 912 951 947; baseline -0.001 -8"><span class='ocrx_word' id='word_1_120' title='bbox 165 913 232 940; x_wconf 71' lang='lat' dir='ltr'><strong>sueti</strong></span> <span class='ocrx_word' id='word_1_121' title='bbox 268 919 346 940; x_wconf 76' lang='lat' dir='ltr'><strong>terra:</strong></span> <span class='ocrx_word' id='word_1_122' title='bbox 376 914 399 940; x_wconf 74' lang='grc' dir='ltr'>ε.</span> <span class='ocrx_word' id='word_1_123' title='bbox 439 912 578 940; x_wconf 81' lang='lat' dir='ltr'><strong>Percussit</strong></span> <span class='ocrx_word' id='word_1_124' title='bbox 624 920 673 940; x_wconf 86' lang='lat' dir='ltr'><strong>nos</strong></span> <span class='ocrx_word' id='word_1_125' title='bbox 706 913 797 944; x_wconf 84' lang='lat' dir='ltr'><strong>Deus,</strong></span> <span class='ocrx_word' id='word_1_126' title='bbox 840 912 951 947; x_wconf 83' lang='lat' dir='ltr'><strong>quando</strong></span> 
     </span>
    </p>
   </div>
   <div class='ocr_carea' id='block_1_21' title="bbox 165 958 952 993">
    <p class='ocr_par' dir='ltr' id='par_1_21' title="bbox 165 958 952 993">
     <span class='ocr_line' id='line_1_21' title="bbox 165 958 952 993; baseline -0.003 -7"><span class='ocrx_word' id='word_1_127' title='bbox 165 960 301 986; x_wconf 82' lang='lat' dir='ltr'><strong>Adamum</strong></span> <span class='ocrx_word' id='word_1_128' title='bbox 336 958 369 986; x_wconf 89' lang='lat' dir='ltr'><strong>ad</strong></span> <span class='ocrx_word' id='word_1_129' title='bbox 404 963 520 986; x_wconf 89' lang='lat' dir='ltr'><strong>mortem</strong></span> <span class='ocrx_word' id='word_1_130' title='bbox 555 958 752 993; x_wconf 85' lang='lat' dir='ltr'><strong>molestamque</strong></span> <span class='ocrx_word' id='word_1_131' title='bbox 786 959 871 985; x_wconf 87' lang='lat' dir='ltr'><strong>vitam</strong></span> <span class='ocrx_word' id='word_1_132' title='bbox 887 965 952 985; x_wconf 87' lang='lat' dir='ltr'><strong>con-</strong></span> 
     </span>
    </p>
   </div>
   <div class='ocr_carea' id='block_1_22' title="bbox 168 1003 951 1038">
    <p class='ocr_par' dir='ltr' id='par_1_22' title="bbox 168 1003 951 1038">
     <span class='ocr_line' id='line_1_22' title="bbox 168 1003 951 1038; baseline -0.003 -6"><span class='ocrx_word' id='word_1_133' title='bbox 168 1005 308 1032; x_wconf 86' lang='lat' dir='ltr'><strong>demnavit</strong></span> <span class='ocrx_word' id='word_1_134' title='bbox 337 1013 344 1031; x_wconf 89' lang='lat'><strong>:</strong></span> <span class='ocrx_word' id='word_1_135' title='bbox 370 1003 482 1031; x_wconf 83' lang='lat' dir='ltr'><strong>Sanauit</strong></span> <span class='ocrx_word' id='word_1_136' title='bbox 511 1012 578 1036; x_wconf 77' lang='lat' dir='ltr'><strong>nos,</strong></span> <span class='ocrx_word' id='word_1_137' title='bbox 603 1005 759 1038; x_wconf 75' lang='lat' dir='ltr'><strong>percussit,</strong></span> <span class='ocrx_word' id='word_1_138' title='bbox 783 1009 808 1031; x_wconf 83' lang='lat' dir='ltr'><strong>et</strong></span> <span class='ocrx_word' id='word_1_139' title='bbox 847 1004 951 1031; x_wconf 76' lang='lat' dir='ltr'><strong>curavit</strong></span> 
     </span>
    </p>
   </div>
   <div class='ocr_carea' id='block_1_23' title="bbox 167 1047 953 1084">
    <p class='ocr_par' dir='ltr' id='par_1_23' title="bbox 167 1047 953 1084">
     <span class='ocr_line' id='line_1_23' title="bbox 167 1047 953 1084; baseline 0.001 -8"><span class='ocrx_word' id='word_1_140' title='bbox 167 1057 213 1076; x_wconf 72' lang='lat' dir='ltr'><strong>nos</strong></span> <span class='ocrx_word' id='word_1_141' title='bbox 231 1047 256 1076; x_wconf 68' lang='grc' dir='ltr'><strong>ιι.</strong></span> <span class='ocrx_word' id='word_1_142' title='bbox 275 1049 391 1082; x_wconf 87' lang='lat' dir='ltr'><strong>Quando</strong></span> <span class='ocrx_word' id='word_1_143' title='bbox 406 1049 556 1077; x_wconf 81' lang='lat' dir='ltr'><strong>cruciﬁxus</strong></span> <span class='ocrx_word' id='word_1_144' title='bbox 573 1057 623 1084; x_wconf 84' lang='lat' dir='ltr'><strong>pro</strong></span> <span class='ocrx_word' id='word_1_145' title='bbox 646 1049 757 1084; x_wconf 86' lang='lat' dir='ltr'><strong>populo,</strong></span> <span class='ocrx_word' id='word_1_146' title='bbox 777 1050 908 1084; x_wconf 78' lang='lat' dir='ltr'><strong>languore</strong></span> <span class='ocrx_word' id='word_1_147' title='bbox 925 1054 953 1077; x_wconf 81' lang='lat' dir='ltr'><strong>et</strong></span> 
     </span>
    </p>
   </div>
   <div class='ocr_carea' id='block_1_24' title="bbox 167 1094 953 1123">
    <p class='ocr_par' dir='ltr' id='par_1_24' title="bbox 167 1094 953 1123">
     <span class='ocr_line' id='line_1_24' title="bbox 167 1094 953 1123; baseline -0.001 -1"><span class='ocrx_word' id='word_1_148' title='bbox 167 1095 373 1123; x_wconf 83' lang='lat' dir='ltr'><strong>rcsurtectione</strong></span> <span class='ocrx_word' id='word_1_149' title='bbox 409 1102 504 1123; x_wconf 86' lang='lat' dir='ltr'><strong>omnes</strong></span> <span class='ocrx_word' id='word_1_150' title='bbox 536 1095 652 1122; x_wconf 82' lang='lat' dir='ltr'><strong>sanavit.</strong></span> <span class='ocrx_word' id='word_1_151' title='bbox 685 1094 781 1123; x_wconf 86' lang='lat' dir='ltr'><strong>Nudus</strong></span> <span class='ocrx_word' id='word_1_152' title='bbox 813 1095 841 1122; x_wconf 89' lang='lat' dir='ltr'><strong>in</strong></span> <span class='ocrx_word' id='word_1_153' title='bbox 872 1102 953 1122; x_wconf 87' lang='lat' dir='ltr'><strong>cruce</strong></span> 
     </span>
    </p>
   </div>
   <div class='ocr_carea' id='block_1_25' title="bbox 168 1140 954 1176">
    <p class='ocr_par' dir='ltr' id='par_1_25' title="bbox 168 1140 954 1176">
     <span class='ocr_line' id='line_1_25' title="bbox 168 1140 954 1176; baseline 0.001 -9"><span class='ocrx_word' id='word_1_154' title='bbox 168 1140 290 1168; x_wconf 70' lang='lat' dir='ltr'><strong>Christus</strong></span> <span class='ocrx_word' id='word_1_155' title='bbox 312 1141 449 1175; x_wconf 84' lang='lat' dir='ltr'><strong>pependit,</strong></span> <span class='ocrx_word' id='word_1_156' title='bbox 468 1141 573 1173; x_wconf 86' lang='lat' dir='ltr'><strong>insons,</strong></span> <span class='ocrx_word' id='word_1_157' title='bbox 591 1145 666 1168; x_wconf 87' lang='lat' dir='ltr'><strong>veste</strong></span> <span class='ocrx_word' id='word_1_158' title='bbox 682 1148 736 1167; x_wconf 91' lang='lat' dir='ltr'><strong>non</strong></span> <span class='ocrx_word' id='word_1_159' title='bbox 760 1140 893 1176; x_wconf 82' lang='lat' dir='ltr'><strong>indigens.</strong></span> <span class='ocrx_word' id='word_1_160' title='bbox 911 1141 954 1168; x_wconf 89' lang='lat' dir='ltr'><strong>ln—</strong></span> 
     </span>
    </p>
   </div>
   <div class='ocr_carea' id='block_1_26' title="bbox 168 1186 953 1222">
    <p class='ocr_par' dir='ltr' id='par_1_26' title="bbox 168 1186 953 1222">
     <span class='ocr_line' id='line_1_26' title="bbox 168 1186 953 1222; baseline 0.001 -7"><span class='ocrx_word' id='word_1_161' title='bbox 168 1196 270 1215; x_wconf 88' lang='lat' dir='ltr'><strong>noccns</strong></span> <span class='ocrx_word' id='word_1_162' title='bbox 284 1187 346 1220; x_wconf 79' lang='lat' dir='ltr'><strong>fuit,</strong></span> <span class='ocrx_word' id='word_1_163' title='bbox 365 1191 392 1214; x_wconf 89' lang='lat' dir='ltr'><strong>ct</strong></span> <span class='ocrx_word' id='word_1_164' title='bbox 409 1186 524 1214; x_wconf 88' lang='lat' dir='ltr'><strong>multam</strong></span> <span class='ocrx_word' id='word_1_165' title='bbox 540 1187 685 1215; x_wconf 82' lang='lat' dir='ltr'><strong>manifesto</strong></span> <span class='ocrx_word' id='word_1_166' title='bbox 703 1187 831 1222; x_wconf 77' lang='lat' dir='ltr'><strong>dependit</strong></span> <span class='ocrx_word' id='word_1_167' title='bbox 852 1196 858 1214; x_wconf 92' lang='lat'><strong>:</strong></span> <span class='ocrx_word' id='word_1_168' title='bbox 873 1187 902 1215; x_wconf 91' lang='lat' dir='ltr'><strong>in</strong></span> <span class='ocrx_word' id='word_1_169' title='bbox 920 1195 953 1216; x_wconf 84' lang='lat' dir='ltr'><strong>eo</strong></span> 
     </span>
    </p>
   </div>
   <div class='ocr_carea' id='block_1_27' title="bbox 170 1232 953 1267">
    <p class='ocr_par' dir='ltr' id='par_1_27' title="bbox 170 1232 953 1267">
     <span class='ocr_line' id='line_1_27' title="bbox 170 1232 953 1267; baseline 0.001 -6"><span class='ocrx_word' id='word_1_170' title='bbox 170 1233 271 1261; x_wconf 78' lang='lat' dir='ltr'><strong>foedum</strong></span> <span class='ocrx_word' id='word_1_171' title='bbox 288 1232 355 1260; x_wconf 86' lang='lat' dir='ltr'><strong>nihil</strong></span> <span class='ocrx_word' id='word_1_172' title='bbox 375 1232 451 1260; x_wconf 84' lang='lat' dir='ltr'><strong>iuit:</strong></span> <span class='ocrx_word' id='word_1_173' title='bbox 476 1233 534 1267; x_wconf 88' lang='lat' dir='ltr'><strong>ipse</strong></span> <span class='ocrx_word' id='word_1_174' title='bbox 557 1233 630 1260; x_wconf 89' lang='lat' dir='ltr'><strong>enim</strong></span> <span class='ocrx_word' id='word_1_175' title='bbox 654 1237 776 1261; x_wconf 86' lang='lat' dir='ltr'><strong>nostram</strong></span> <span class='ocrx_word' id='word_1_176' title='bbox 803 1233 953 1262; x_wconf 78' lang='lat' dir='ltr'><strong>foeditatem</strong></span> 
     </span>
    </p>
   </div>
   <div class='ocr_carea' id='block_1_28' title="bbox 170 1278 954 1315">
    <p class='ocr_par' dir='ltr' id='par_1_28' title="bbox 170 1278 954 1315">
     <span class='ocr_line' id='line_1_28' title="bbox 170 1278 954 1315; baseline 0.004 -10"><span class='ocrx_word' id='word_1_177' title='bbox 170 1279 197 1306; x_wconf 93' lang='lat' dir='ltr'><strong>in</strong></span> <span class='ocrx_word' id='word_1_178' title='bbox 209 1285 337 1306; x_wconf 84' lang='lat' dir='ltr'><strong>ornatum</strong></span> <span class='ocrx_word' id='word_1_179' title='bbox 349 1279 496 1306; x_wconf 89' lang='lat' dir='ltr'><strong>couvertit.</strong></span> <span class='ocrx_word' id='word_1_180' title='bbox 512 1278 674 1306; x_wconf 90' lang='lat' dir='ltr'><strong>lnvcncrunt</strong></span> <span class='ocrx_word' id='word_1_181' title='bbox 688 1286 825 1315; x_wconf 71' lang='lat' dir='ltr'><strong>unguenta</strong></span> <span class='ocrx_word' id='word_1_182' title='bbox 837 1279 954 1308; x_wconf 83' lang='lat' dir='ltr'><strong>ferentes</strong></span> 
     </span>
    </p>
   </div>
   <div class='ocr_carea' id='block_1_29' title="bbox 169 1324 956 1359">
    <p class='ocr_par' dir='ltr' id='par_1_29' title="bbox 169 1324 956 1359">
     <span class='ocr_line' id='line_1_29' title="bbox 169 1324 956 1359; baseline 0.001 -8"><span class='ocrx_word' id='word_1_183' title='bbox 169 1324 313 1357; x_wconf 86' lang='lat' dir='ltr'><strong>mulieres,</strong></span> <span class='ocrx_word' id='word_1_184' title='bbox 337 1325 410 1359; x_wconf 87' lang='lat' dir='ltr'><strong>quod</strong></span> <span class='ocrx_word' id='word_1_185' title='bbox 434 1332 482 1359; x_wconf 79' lang='lat' dir='ltr'><strong>per</strong></span> <span class='ocrx_word' id='word_1_186' title='bbox 498 1324 582 1352; x_wconf 85' lang='lat' dir='ltr'><strong>Evam</strong></span> <span class='ocrx_word' id='word_1_187' title='bbox 608 1326 766 1353; x_wconf 84' lang='lat' dir='ltr'><strong>amiserant.</strong></span> <span class='ocrx_word' id='word_1_188' title='bbox 789 1325 894 1353; x_wconf 89' lang='lat' dir='ltr'><strong>Invenit</strong></span> <span class='ocrx_word' id='word_1_189' title='bbox 917 1325 956 1352; x_wconf 91' lang='lat' dir='ltr'><strong>lu-</strong></span> 
     </span>
    </p>
   </div>
   <div class='ocr_carea' id='block_1_30' title="bbox 170 1370 954 1404">
    <p class='ocr_par' dir='ltr' id='par_1_30' title="bbox 170 1370 954 1404">
     <span class='ocr_line' id='line_1_30' title="bbox 170 1370 954 1404; baseline 0.001 -8"><span class='ocrx_word' id='word_1_190' title='bbox 170 1377 247 1397; x_wconf 86' lang='lat' dir='ltr'><strong>crum</strong></span> <span class='ocrx_word' id='word_1_191' title='bbox 271 1377 331 1404; x_wconf 50' lang='lat' dir='ltr'><strong>qua!</strong></span> <span class='ocrx_word' id='word_1_192' title='bbox 349 1377 435 1404; x_wconf 71' lang='lat' dir='ltr'><strong>pmuze</strong></span> <span class='ocrx_word' id='word_1_193' title='bbox 460 1377 572 1398; x_wconf 86' lang='lat' dir='ltr'><strong>causam</strong></span> <span class='ocrx_word' id='word_1_194' title='bbox 592 1370 728 1398; x_wconf 85' lang='lat' dir='ltr'><strong>dederat:</strong></span> <span class='ocrx_word' id='word_1_195' title='bbox 757 1370 846 1398; x_wconf 79' lang='lat' dir='ltr'><strong>Veniet</strong></span> <span class='ocrx_word' id='word_1_196' title='bbox 870 1371 954 1402; x_wconf 76' lang='lat' dir='ltr'><strong>nobis,</strong></span> 
     </span>
    </p>
   </div>
   <div class='ocr_carea' id='block_1_31' title="bbox 171 1415 956 1451">
    <p class='ocr_par' dir='ltr' id='par_1_31' title="bbox 171 1415 956 1451">
     <span class='ocr_line' id='line_1_31' title="bbox 171 1415 956 1451; baseline 0.005 -11"><span class='ocrx_word' id='word_1_197' title='bbox 171 1419 201 1441; x_wconf 83' lang='grc' dir='ltr'><strong>ιιι</strong></span> <span class='ocrx_word' id='word_1_198' title='bbox 216 1415 363 1441; x_wconf 73' lang='lat' dir='ltr'><strong>matutinus</strong></span> <span class='ocrx_word' id='word_1_199' title='bbox 372 1419 397 1441; x_wconf 85' lang='lat' dir='ltr'><strong>et</strong></span> <span class='ocrx_word' id='word_1_200' title='bbox 420 1415 549 1441; x_wconf 76' lang='lat' dir='ltr'><strong>sei-atinas</strong></span> <span class='ocrx_word' id='word_1_201' title='bbox 562 1420 639 1443; x_wconf 76' lang='lat' dir='ltr'><strong>term</strong></span> <span class='ocrx_word' id='word_1_202' title='bbox 657 1416 678 1445; x_wconf 87' lang='grc' dir='ltr'><strong>ί.</strong></span> <span class='ocrx_word' id='word_1_203' title='bbox 694 1416 791 1451; x_wconf 81' lang='lat' dir='ltr'><strong>Aspice</strong></span> <span class='ocrx_word' id='word_1_204' title='bbox 807 1416 890 1451; x_wconf 75' lang='lat' dir='ltr'><strong>igitur</strong></span> <span class='ocrx_word' id='word_1_205' title='bbox 902 1416 956 1444; x_wconf 91' lang='lat' dir='ltr'><strong>Do-</strong></span> 
     </span>
    </p>
   </div>
   <div class='ocr_carea' id='block_1_32' title="bbox 172 1460 957 1495">
    <p class='ocr_par' dir='ltr' id='par_1_32' title="bbox 172 1460 957 1495">
     <span class='ocr_line' id='line_1_32' title="bbox 172 1460 957 1495; baseline 0.005 -8"><span class='ocrx_word' id='word_1_206' title='bbox 172 1460 288 1493; x_wconf 81' lang='lat' dir='ltr'><strong>minum,</strong></span> <span class='ocrx_word' id='word_1_207' title='bbox 304 1464 366 1494; x_wconf 87' lang='lat' dir='ltr'><strong>post</strong></span> <span class='ocrx_word' id='word_1_208' title='bbox 379 1461 606 1488; x_wconf 86' lang='lat' dir='ltr'><strong>resurrectionem</strong></span> <span class='ocrx_word' id='word_1_209' title='bbox 622 1462 702 1490; x_wconf 87' lang='lat' dir='ltr'><strong>inane</strong></span> <span class='ocrx_word' id='word_1_210' title='bbox 712 1462 882 1495; x_wconf 83' lang='lat' dir='ltr'><strong>mulieribus,</strong></span> <span class='ocrx_word' id='word_1_211' title='bbox 895 1471 957 1491; x_wconf 73' lang='lat' dir='ltr'><strong>ves—</strong></span> 
     </span>
    </p>
   </div>
   <div class='ocr_carea' id='block_1_33' title="bbox 172 1505 956 1543">
    <p class='ocr_par' dir='ltr' id='par_1_33' title="bbox 172 1505 956 1543">
     <span class='ocr_line' id='line_1_33' title="bbox 172 1505 956 1543; baseline 0.006 -12"><span class='ocrx_word' id='word_1_212' title='bbox 172 1505 231 1540; x_wconf 84' lang='lat' dir='ltr'><strong>peri</strong></span> <span class='ocrx_word' id='word_1_213' title='bbox 256 1505 396 1541; x_wconf 81' lang='lat' dir='ltr'><strong>Apostoiis</strong></span> <span class='ocrx_word' id='word_1_214' title='bbox 415 1510 600 1541; x_wconf 84' lang='lat' dir='ltr'><strong>apparentem.</strong></span> <span class='ocrx_word' id='word_1_215' title='bbox 617 1506 697 1536; x_wconf 84' lang='lat' dir='ltr'><strong>Mane</strong></span> <span class='ocrx_word' id='word_1_216' title='bbox 720 1508 831 1543; x_wconf 88' lang='lat' dir='ltr'><strong>quidem</strong></span> <span class='ocrx_word' id='word_1_217' title='bbox 856 1509 956 1537; x_wconf 87' lang='lat' dir='ltr'><strong>mulie-</strong></span> 
     </span>
    </p>
   </div>
   <div class='ocr_carea' id='block_1_34' title="bbox 1000 269 1786 307">
    <p class='ocr_par' dir='ltr' id='par_1_34' title="bbox 1000 269 1786 307">
     <span class='ocr_line' id='line_1_34' title="bbox 1000 269 1786 307; baseline -0.005 -8"><span class='ocrx_word' id='word_1_218' title='bbox 1000 273 1188 299; x_wconf 75' lang='grc' dir='ltr'>πεπίστευται·</span> <span class='ocrx_word' id='word_1_219' title='bbox 1199 272 1264 307; x_wconf 76' lang='grc' dir='ltr'>πρὶν</span> <span class='ocrx_word' id='word_1_220' title='bbox 1275 271 1369 307; x_wconf 79' lang='grc' dir='ltr'>μαθεῖν</span> <span class='ocrx_word' id='word_1_221' title='bbox 1380 270 1419 305; x_wconf 83' lang='grc' dir='ltr'>τῷ</span> <span class='ocrx_word' id='word_1_222' title='bbox 1426 270 1532 305; x_wconf 75' lang='grc' dir='ltr'>ἀδελφῷ</span> <span class='ocrx_word' id='word_1_223' title='bbox 1539 269 1727 297; x_wconf 68' lang='grc' dir='ltr'>ἀποκαλύπτει</span> <span class='ocrx_word' id='word_1_224' title='bbox 1736 270 1786 304; x_wconf 84' lang='grc' dir='ltr'><strong>τὴν</strong></span> 
     </span>
    </p>
   </div>
   <div class='ocr_carea' id='block_1_35' title="bbox 1000 316 1787 354">
    <p class='ocr_par' dir='ltr' id='par_1_35' title="bbox 1000 316 1787 354">
     <span class='ocr_line' id='line_1_35' title="bbox 1000 316 1787 354; baseline -0.004 -8"><span class='ocrx_word' id='word_1_225' title='bbox 1000 320 1082 354; x_wconf 83' lang='grc' dir='ltr'><strong>ζωήν·</strong></span> <span class='ocrx_word' id='word_1_226' title='bbox 1094 319 1220 345; x_wconf 78' lang='grc' dir='ltr'>τοσοῦτον</span> <span class='ocrx_word' id='word_1_227' title='bbox 1227 317 1301 352; x_wconf 78' lang='grc' dir='ltr'><strong>αὐτῷ</strong></span> <span class='ocrx_word' id='word_1_228' title='bbox 1309 317 1423 344; x_wconf 80' lang='grc' dir='ltr'>πλοῦτον</span> <span class='ocrx_word' id='word_1_229' title='bbox 1430 318 1447 352; x_wconf 88' lang='grc' dir='ltr'><strong>ἡ</strong></span> <span class='ocrx_word' id='word_1_230' title='bbox 1455 317 1501 344; x_wconf 85' lang='grc' dir='ltr'>τοῦ</span> <span class='ocrx_word' id='word_1_231' title='bbox 1511 316 1572 343; x_wconf 85' lang='grc' dir='ltr'><strong>Ποῦ</strong></span> <span class='ocrx_word' id='word_1_232' title='bbox 1577 316 1678 351; x_wconf 72' lang='grc' dir='ltr'>μένεις</span> <span class='ocrx_word' id='word_1_233' title='bbox 1690 317 1713 333; x_wconf 75' lang='grc'><strong>⁵⁸</strong></span> <span class='ocrx_word' id='word_1_234' title='bbox 1719 317 1787 352; x_wconf 74' lang='grc' dir='ltr'><strong>ἐρώ-</strong></span> 
     </span>
    </p>
   </div>
   <div class='ocr_carea' id='block_1_36' title="bbox 999 360 1781 400">
    <p class='ocr_par' dir='ltr' id='par_1_36' title="bbox 999 360 1781 400">
     <span class='ocr_line' id='line_1_36' title="bbox 999 360 1781 400; baseline -0.004 -9"><span class='ocrx_word' id='word_1_235' title='bbox 999 373 1078 399; x_wconf 85' lang='grc' dir='ltr'>τησις</span> <span class='ocrx_word' id='word_1_236' title='bbox 1092 365 1273 400; x_wconf 80' lang='grc' dir='ltr'>²⁹ὲχαρὶσατο.</span> <span class='ocrx_word' id='word_1_237' title='bbox 1286 363 1416 390; x_wconf 58' lang='lat' dir='ltr'><strong>Kal-toni</strong></span> <span class='ocrx_word' id='word_1_238' title='bbox 1425 363 1496 398; x_wconf 84' lang='grc' dir='ltr'><strong>μέγα.</strong></span> <span class='ocrx_word' id='word_1_239' title='bbox 1513 360 1587 398; x_wconf 74' lang='grc' dir='ltr'>εἶχεν</span> <span class='ocrx_word' id='word_1_240' title='bbox 1604 362 1622 397; x_wconf 77' lang='grc' dir='ltr'><strong>ἡ</strong></span> <span class='ocrx_word' id='word_1_241' title='bbox 1636 362 1781 397; x_wconf 76' lang='grc' dir='ltr'>ἀπόκρισις</span> 
     </span>
    </p>
   </div>
   <div class='ocr_carea' id='block_1_37' title="bbox 999 407 1786 445">
    <p class='ocr_par' dir='ltr' id='par_1_37' title="bbox 999 407 1786 445">
     <span class='ocr_line' id='line_1_37' title="bbox 999 407 1786 445; baseline -0.004 -8"><span class='ocrx_word' id='word_1_242' title='bbox 999 407 1055 437; x_wconf 78' lang='grc' dir='ltr'>οἷον</span> <span class='ocrx_word' id='word_1_243' title='bbox 1063 410 1187 445; x_wconf 78' lang='grc' dir='ltr'><strong>Ἀνδρέας</strong></span> <span class='ocrx_word' id='word_1_244' title='bbox 1198 409 1358 444; x_wconf 74' lang='grc' dir='ltr'>ὲμῦαθύνων</span> <span class='ocrx_word' id='word_1_245' title='bbox 1366 408 1411 435; x_wconf 80' lang='grc' dir='ltr'>τὸν</span> <span class='ocrx_word' id='word_1_246' title='bbox 1422 407 1484 434; x_wconf 81' lang='grc' dir='ltr'>νοῦν</span> <span class='ocrx_word' id='word_1_247' title='bbox 1494 407 1649 443; x_wconf 73' lang='grc' dir='ltr'>ἐθεώρησεν</span> <span class='ocrx_word' id='word_1_248' title='bbox 1659 415 1666 423; x_wconf 86' lang='grc'>·</span> <span class='ocrx_word' id='word_1_249' title='bbox 1675 408 1786 442; x_wconf 80' lang='grc' dir='ltr'><strong>Ἔρχου</strong></span> 
     </span>
    </p>
   </div>
   <div class='ocr_carea' id='block_1_38' title="bbox 999 452 1787 492">
    <p class='ocr_par' dir='ltr' id='par_1_38' title="bbox 999 452 1787 492">
     <span class='ocr_line' id='line_1_38' title="bbox 999 452 1787 492; baseline -0.005 -9"><span class='ocrx_word' id='word_1_250' title='bbox 999 457 1054 492; x_wconf 84' lang='grc' dir='ltr'><strong>γάρ</strong></span> <span class='ocrx_word' id='word_1_251' title='bbox 1062 465 1140 491; x_wconf 88' lang='grc' dir='ltr'>φησι,</span> <span class='ocrx_word' id='word_1_252' title='bbox 1163 455 1213 482; x_wconf 81' lang='grc' dir='ltr'>καὶ.</span> <span class='ocrx_word' id='word_1_253' title='bbox 1229 455 1284 482; x_wconf 81' lang='grc' dir='ltr'>ῖδε.</span> <span class='ocrx_word' id='word_1_254' title='bbox 1300 455 1362 486; x_wconf 83' lang='grc' dir='ltr'>Πῶς</span> <span class='ocrx_word' id='word_1_255' title='bbox 1374 454 1489 488; x_wconf 82' lang='grc' dir='ltr'>γέγονας</span> <span class='ocrx_word' id='word_1_256' title='bbox 1499 454 1522 470; x_wconf 80' lang='grc' dir='ltr'><strong>³ο</strong></span> <span class='ocrx_word' id='word_1_257' title='bbox 1532 454 1692 489; x_wconf 79' lang='grc' dir='ltr'>προφήτηςς</span> <span class='ocrx_word' id='word_1_258' title='bbox 1705 452 1787 480; x_wconf 84' lang='grc' dir='ltr'>πόθεν</span> 
     </span>
    </p>
   </div>
   <div class='ocr_carea' id='block_1_39' title="bbox 1002 499 1786 538">
    <p class='ocr_par' dir='ltr' id='par_1_39' title="bbox 1002 499 1786 538">
     <span class='ocr_line' id='line_1_39' title="bbox 1002 499 1786 538; baseline -0.008 -7"><span class='ocrx_word' id='word_1_259' title='bbox 1002 504 1128 538; x_wconf 73' lang='grc' dir='ltr'>θεοφόρος</span> <span class='ocrx_word' id='word_1_260' title='bbox 1139 502 1235 538; x_wconf 77' lang='grc' dir='ltr'>ἀθρόον</span> <span class='ocrx_word' id='word_1_261' title='bbox 1247 511 1254 535; x_wconf 89' lang='lat'><strong>;</strong></span> <span class='ocrx_word' id='word_1_262' title='bbox 1265 502 1290 529; x_wconf 90' lang='grc' dir='ltr'><strong>τί</strong></span> <span class='ocrx_word' id='word_1_263' title='bbox 1303 500 1427 537; x_wconf 78' lang='grc' dir='ltr'>θορυὸεῑς</span> <span class='ocrx_word' id='word_1_264' title='bbox 1441 500 1487 526; x_wconf 84' lang='grc' dir='ltr'>τοῦ</span> <span class='ocrx_word' id='word_1_265' title='bbox 1502 500 1607 536; x_wconf 79' lang='grc' dir='ltr'><strong>Πέτρου</strong></span> <span class='ocrx_word' id='word_1_266' title='bbox 1623 500 1672 531; x_wconf 86' lang='grc' dir='ltr'>τὰς</span> <span class='ocrx_word' id='word_1_267' title='bbox 1681 499 1765 531; x_wconf 86' lang='grc' dir='ltr'>ἀκοάς</span> <span class='ocrx_word' id='word_1_268' title='bbox 1778 507 1786 531; x_wconf 80' lang='grc'>;</span> 
     </span>
    </p>
   </div>
   <div class='ocr_carea' id='block_1_40' title="bbox 1000 546 1787 585">
    <p class='ocr_par' dir='ltr' id='par_1_40' title="bbox 1000 546 1787 585">
     <span class='ocr_line' id='line_1_40' title="bbox 1000 546 1787 585; baseline -0.005 -9"><span class='ocrx_word' id='word_1_269' title='bbox 1000 551 1027 576; x_wconf 86' lang='grc' dir='ltr'><strong>τί</strong></span> <span class='ocrx_word' id='word_1_270' title='bbox 1043 550 1146 585; x_wconf 81' lang='grc' dir='ltr'><strong>φθάσαι</strong></span> <span class='ocrx_word' id='word_1_271' title='bbox 1170 549 1306 581; x_wconf 83' lang='grc' dir='ltr'><strong>σπεύδεις,</strong></span> <span class='ocrx_word' id='word_1_272' title='bbox 1321 548 1351 575; x_wconf 86' lang='grc' dir='ltr'>ὃν</span> <span class='ocrx_word' id='word_1_273' title='bbox 1365 548 1396 574; x_wconf 85' lang='grc' dir='ltr'>οὺ</span> <span class='ocrx_word' id='word_1_274' title='bbox 1410 547 1477 584; x_wconf 88' lang='grc' dir='ltr'><strong>δύνῃ</strong></span> <span class='ocrx_word' id='word_1_275' title='bbox 1495 547 1613 582; x_wconf 73' lang='grc' dir='ltr'>φθάσαις</span> <span class='ocrx_word' id='word_1_276' title='bbox 1625 547 1639 573; x_wconf 85' lang='grc' dir='ltr'>ὁ</span> <span class='ocrx_word' id='word_1_277' title='bbox 1650 546 1787 581; x_wconf 82' lang='grc' dir='ltr'><strong>πανταχοῦ</strong></span> 
     </span>
    </p>
   </div>
   <div class='ocr_carea' id='block_1_41' title="bbox 1001 588 1788 631">
    <p class='ocr_par' dir='ltr' id='par_1_41' title="bbox 1001 588 1788 631">
     <span class='ocr_line' id='line_1_41' title="bbox 1001 588 1788 631; baseline -0.006 -9"><span class='ocrx_word' id='word_1_278' title='bbox 1001 596 1096 631; x_wconf 88' lang='grc' dir='ltr'>παρὼν</span> <span class='ocrx_word' id='word_1_279' title='bbox 1120 594 1179 626; x_wconf 81' lang='grc' dir='ltr'>πῶς</span> <span class='ocrx_word' id='word_1_280' title='bbox 1206 594 1349 630; x_wconf 80' lang='grc' dir='ltr'>εὑρεθῆναι</span> <span class='ocrx_word' id='word_1_281' title='bbox 1376 593 1510 624; x_wconf 85' lang='grc' dir='ltr'>δύναται;</span> <span class='ocrx_word' id='word_1_282' title='bbox 1537 591 1606 617; x_wconf 84' lang='grc' dir='ltr'><strong>ἀλλά</strong></span> <span class='ocrx_word' id='word_1_283' title='bbox 1619 591 1674 626; x_wconf 83' lang='grc' dir='ltr'><strong>γὰρ</strong></span> <span class='ocrx_word' id='word_1_284' title='bbox 1686 588 1756 618; x_wconf 77' lang='grc' dir='ltr'>οἶδεν</span> <span class='ocrx_word' id='word_1_285' title='bbox 1774 592 1788 618; x_wconf 84' lang='grc' dir='ltr'>ὁ</span> 
     </span>
    </p>
   </div>
   <div class='ocr_carea' id='block_1_42' title="bbox 1007 636 1787 677">
    <p class='ocr_par' dir='ltr' id='par_1_42' title="bbox 1007 636 1787 677">
     <span class='ocr_line' id='line_1_42' title="bbox 1007 636 1787 677; baseline -0.004 -10"><span class='ocrx_word' id='word_1_286' title='bbox 1007 641 1132 677; x_wconf 74' lang='grc' dir='ltr'>Ἀνδρέας</span> <span class='ocrx_word' id='word_1_287' title='bbox 1145 641 1254 675; x_wconf 83' lang='grc' dir='ltr'>ὃλέγει.</span> <span class='ocrx_word' id='word_1_288' title='bbox 1271 640 1436 676; x_wconf 80' lang='grc' dir='ltr'>Εὑρήκαμεν</span> <span class='ocrx_word' id='word_1_289' title='bbox 1455 638 1484 665; x_wconf 80' lang='grc' dir='ltr'>ὃν</span> <span class='ocrx_word' id='word_1_290' title='bbox 1498 637 1637 664; x_wconf 84' lang='grc' dir='ltr'>ἀπώλεσεν</span> <span class='ocrx_word' id='word_1_291' title='bbox 1654 638 1669 662; x_wconf 85' lang='grc' dir='ltr'><strong>ὸ</strong></span> <span class='ocrx_word' id='word_1_292' title='bbox 1691 636 1787 672; x_wconf 83' lang='grc' dir='ltr'>Ἀδὰμ,</span> 
     </span>
    </p>
   </div>
   <div class='ocr_carea' id='block_1_43' title="bbox 1000 683 1788 722">
    <p class='ocr_par' dir='ltr' id='par_1_43' title="bbox 1000 683 1788 722">
     <span class='ocr_line' id='line_1_43' title="bbox 1000 683 1788 722; baseline -0.006 -8"><span class='ocrx_word' id='word_1_293' title='bbox 1000 687 1030 714; x_wconf 79' lang='grc' dir='ltr'>ὃν</span> <span class='ocrx_word' id='word_1_294' title='bbox 1046 686 1187 722; x_wconf 78' lang='grc' dir='ltr'><strong>ἐζημιώθη</strong></span> <span class='ocrx_word' id='word_1_295' title='bbox 1203 688 1220 721; x_wconf 87' lang='grc' dir='ltr'>ἡ</span> <span class='ocrx_word' id='word_1_296' title='bbox 1245 686 1310 717; x_wconf 84' lang='grc' dir='ltr'>Εὖα,</span> <span class='ocrx_word' id='word_1_297' title='bbox 1326 686 1355 712; x_wconf 84' lang='grc' dir='ltr'>ὃν</span> <span class='ocrx_word' id='word_1_298' title='bbox 1371 686 1388 720; x_wconf 85' lang='grc' dir='ltr'>ὴ</span> <span class='ocrx_word' id='word_1_299' title='bbox 1403 684 1502 719; x_wconf 80' lang='grc' dir='ltr'><strong>νεφέλη</strong></span> <span class='ocrx_word' id='word_1_300' title='bbox 1518 684 1568 718; x_wconf 87' lang='grc' dir='ltr'>τῆς</span> <span class='ocrx_word' id='word_1_301' title='bbox 1583 683 1721 718; x_wconf 81' lang='grc' dir='ltr'>ἁμαρτίας</span> <span class='ocrx_word' id='word_1_302' title='bbox 1734 683 1788 710; x_wconf 82' lang='grc' dir='ltr'>ἀπὸ</span> 
     </span>
    </p>
   </div>
   <div class='ocr_carea' id='block_1_44' title="bbox 1000 728 1789 768">
    <p class='ocr_par' dir='ltr' id='par_1_44' title="bbox 1000 728 1789 768">
     <span class='ocr_line' id='line_1_44' title="bbox 1000 728 1789 768; baseline -0.005 -9"><span class='ocrx_word' id='word_1_303' title='bbox 1000 733 1055 760; x_wconf 83' lang='grc' dir='ltr'>τῶν</span> <span class='ocrx_word' id='word_1_304' title='bbox 1069 733 1216 768; x_wconf 78' lang='grc' dir='ltr'><strong>ὀφθαλμῶν</strong></span> <span class='ocrx_word' id='word_1_305' title='bbox 1229 732 1284 759; x_wconf 81' lang='grc' dir='ltr'>τῶν</span> <span class='ocrx_word' id='word_1_306' title='bbox 1303 732 1445 767; x_wconf 81' lang='grc' dir='ltr'><strong>ἡμετέρων</strong></span> <span class='ocrx_word' id='word_1_307' title='bbox 1462 729 1591 765; x_wconf 73' lang='grc' dir='ltr'>ἔκρυψεν,</span> <span class='ocrx_word' id='word_1_308' title='bbox 1613 729 1643 756; x_wconf 86' lang='grc' dir='ltr'>ὂν</span> <span class='ocrx_word' id='word_1_309' title='bbox 1657 728 1789 764; x_wconf 81' lang='grc' dir='ltr'><strong>ἐχώρισεν</strong></span> 
     </span>
    </p>
   </div>
   <div class='ocr_carea' id='block_1_45' title="bbox 1000 775 1788 814">
    <p class='ocr_par' dir='ltr' id='par_1_45' title="bbox 1000 775 1788 814">
     <span class='ocr_line' id='line_1_45' title="bbox 1000 775 1788 814; baseline -0.003 -10"><span class='ocrx_word' id='word_1_310' title='bbox 1000 779 1078 813; x_wconf 80' lang='grc' dir='ltr'>ἡμῶν</span> <span class='ocrx_word' id='word_1_311' title='bbox 1096 780 1112 814; x_wconf 78' lang='grc' dir='ltr'><strong>ἡ</strong></span> <span class='ocrx_word' id='word_1_312' title='bbox 1126 777 1263 814; x_wconf 78' lang='grc' dir='ltr'>παρακοὴ,</span> <span class='ocrx_word' id='word_1_313' title='bbox 1281 777 1310 804; x_wconf 84' lang='grc' dir='ltr'>ὂν</span> <span class='ocrx_word' id='word_1_314' title='bbox 1323 777 1415 812; x_wconf 78' lang='grc' dir='ltr'><strong>ἐζήτει</strong></span> <span class='ocrx_word' id='word_1_315' title='bbox 1429 776 1525 802; x_wconf 79' lang='grc' dir='ltr'>Δαϐίδ·</span> <span class='ocrx_word' id='word_1_316' title='bbox 1551 776 1599 802; x_wconf 85' lang='grc' dir='ltr'><strong>Ἐν</strong></span> <span class='ocrx_word' id='word_1_317' title='bbox 1613 775 1708 810; x_wconf 77' lang='grc' dir='ltr'>ἡμέρᾳ</span> <span class='ocrx_word' id='word_1_318' title='bbox 1723 775 1788 803; x_wconf 80' lang='grc' dir='ltr'><strong>θλι-</strong></span> 
     </span>
    </p>
   </div>
   <div class='ocr_carea' id='block_1_46' title="bbox 1000 819 1789 859">
    <p class='ocr_par' dir='ltr' id='par_1_46' title="bbox 1000 819 1789 859">
     <span class='ocr_line' id='line_1_46' title="bbox 1000 819 1789 859; baseline -0.008 -8"><span class='ocrx_word' id='word_1_319' title='bbox 1000 824 1081 859; x_wconf 73' lang='grc' dir='ltr'>ιψεώς</span> <span class='ocrx_word' id='word_1_320' title='bbox 1091 833 1151 858; x_wconf 86' lang='grc' dir='ltr'>μου</span> <span class='ocrx_word' id='word_1_321' title='bbox 1180 823 1234 850; x_wconf 84' lang='grc' dir='ltr'><strong>τὸν</strong></span> <span class='ocrx_word' id='word_1_322' title='bbox 1263 823 1337 849; x_wconf 76' lang='grc' dir='ltr'><strong>Θεὸν</strong></span> <span class='ocrx_word' id='word_1_323' title='bbox 1352 821 1528 855; x_wconf 69' lang='grc' dir='ltr'>ἑξεζιὶτησα.</span> <span class='ocrx_word' id='word_1_324' title='bbox 1547 820 1614 852; x_wconf 73' lang='grc' dir='ltr'>Καὶ,</span> <span class='ocrx_word' id='word_1_325' title='bbox 1635 819 1789 853; x_wconf 81' lang='grc' dir='ltr'>Ζητήσατε</span> 
     </span>
    </p>
   </div>
   <div class='ocr_carea' id='block_1_47' title="bbox 1001 865 1788 903">
    <p class='ocr_par' dir='ltr' id='par_1_47' title="bbox 1001 865 1788 903">
     <span class='ocr_line' id='line_1_47' title="bbox 1001 865 1788 903; baseline -0.005 -7"><span class='ocrx_word' id='word_1_326' title='bbox 1001 870 1055 896; x_wconf 81' lang='grc' dir='ltr'><strong>τὸν</strong></span> <span class='ocrx_word' id='word_1_327' title='bbox 1068 870 1187 903; x_wconf 81' lang='grc' dir='ltr'><strong>Κύριον,</strong></span> <span class='ocrx_word' id='word_1_328' title='bbox 1203 868 1333 903; x_wconf 79' lang='grc' dir='ltr'>Σοφονὶας</span> <span class='ocrx_word' id='word_1_329' title='bbox 1358 868 1418 903; x_wconf 77' lang='grc' dir='ltr'>βοᾷ,</span> <span class='ocrx_word' id='word_1_330' title='bbox 1436 866 1549 899; x_wconf 75' lang='grc' dir='ltr'>πάντες</span> <span class='ocrx_word' id='word_1_331' title='bbox 1574 865 1707 893; x_wconf 74' lang='grc' dir='ltr'>ταπεινοί</span> <span class='ocrx_word' id='word_1_332' title='bbox 1721 865 1788 900; x_wconf 74' lang='grc' dir='ltr'>γῆς.</span> 
     </span>
    </p>
   </div>
   <div class='ocr_carea' id='block_1_48' title="bbox 1002 911 1789 950">
    <p class='ocr_par' dir='ltr' id='par_1_48' title="bbox 1002 911 1789 950">
     <span class='ocr_line' id='line_1_48' title="bbox 1002 911 1789 950; baseline -0.006 -8"><span class='ocrx_word' id='word_1_333' title='bbox 1002 917 1140 942; x_wconf 83' lang='grc' dir='ltr'>Πέπαικεν</span> <span class='ocrx_word' id='word_1_334' title='bbox 1151 915 1225 950; x_wconf 82' lang='grc' dir='ltr'>ἡμᾶς</span> <span class='ocrx_word' id='word_1_335' title='bbox 1238 916 1252 940; x_wconf 86' lang='grc' dir='ltr'><strong>ὸ</strong></span> <span class='ocrx_word' id='word_1_336' title='bbox 1266 914 1342 945; x_wconf 82' lang='grc' dir='ltr'>Θεὸς,</span> <span class='ocrx_word' id='word_1_337' title='bbox 1368 913 1449 947; x_wconf 83' lang='grc' dir='ltr'>ἡνίκα</span> <span class='ocrx_word' id='word_1_338' title='bbox 1465 911 1512 939; x_wconf 82' lang='grc' dir='ltr'>τοῦ</span> <span class='ocrx_word' id='word_1_339' title='bbox 1530 911 1616 947; x_wconf 77' lang='grc' dir='ltr'>Ἀδὰμ,</span> <span class='ocrx_word' id='word_1_340' title='bbox 1629 911 1789 938; x_wconf 86' lang='grc' dir='ltr'>κατεδίκασε</span> 
     </span>
    </p>
   </div>
   <div class='ocr_carea' id='block_1_49' title="bbox 1002 956 1789 994">
    <p class='ocr_par' dir='ltr' id='par_1_49' title="bbox 1002 956 1789 994">
     <span class='ocr_line' id='line_1_49' title="bbox 1002 956 1789 994; baseline -0.006 -6"><span class='ocrx_word' id='word_1_341' title='bbox 1002 962 1114 988; x_wconf 79' lang='grc' dir='ltr'>θάνατον</span> <span class='ocrx_word' id='word_1_342' title='bbox 1127 961 1175 987; x_wconf 73' lang='grc' dir='ltr'>καὶ</span> <span class='ocrx_word' id='word_1_343' title='bbox 1193 960 1249 994; x_wconf 83' lang='grc' dir='ltr'>βίον</span> <span class='ocrx_word' id='word_1_344' title='bbox 1262 959 1399 985; x_wconf 63' lang='grc' dir='ltr'>ἐπίπονον</span> <span class='ocrx_word' id='word_1_345' title='bbox 1414 957 1534 985; x_wconf 81' lang='grc' dir='ltr'>Ἰάσατο</span> <span class='ocrx_word' id='word_1_346' title='bbox 1544 957 1579 984; x_wconf 85' lang='grc' dir='ltr'>δὲ</span> <span class='ocrx_word' id='word_1_347' title='bbox 1593 957 1642 984; x_wconf 81' lang='grc' dir='ltr'><strong>καί</strong></span> <span class='ocrx_word' id='word_1_348' title='bbox 1654 956 1789 989; x_wconf 81' lang='grc' dir='ltr'>πατάξας</span> 
     </span>
    </p>
   </div>
   <div class='ocr_carea' id='block_1_50' title="bbox 1001 1002 1790 1042">
    <p class='ocr_par' dir='ltr' id='par_1_50' title="bbox 1001 1002 1790 1042">
     <span class='ocr_line' id='line_1_50' title="bbox 1001 1002 1790 1042; baseline -0.006 -8"><span class='ocrx_word' id='word_1_349' title='bbox 1001 1008 1162 1042; x_wconf 74' lang='grc' dir='ltr'>ἑμότωσεεν,</span> <span class='ocrx_word' id='word_1_350' title='bbox 1182 1006 1226 1032; x_wconf 76' lang='grc' dir='ltr'>ὅτε</span> <span class='ocrx_word' id='word_1_351' title='bbox 1243 1004 1410 1040; x_wconf 70' lang='grc' dir='ltr'>σταυρωθεὶς</span> <span class='ocrx_word' id='word_1_352' title='bbox 1423 1003 1494 1039; x_wconf 80' lang='grc' dir='ltr'>ὑπὲρ</span> <span class='ocrx_word' id='word_1_353' title='bbox 1506 1004 1553 1030; x_wconf 82' lang='grc' dir='ltr'><strong>τοῦ</strong></span> <span class='ocrx_word' id='word_1_354' title='bbox 1565 1003 1660 1037; x_wconf 76' lang='grc' dir='ltr'>γένους</span> <span class='ocrx_word' id='word_1_355' title='bbox 1674 1003 1714 1038; x_wconf 84' lang='grc' dir='ltr'>τῷ</span> <span class='ocrx_word' id='word_1_356' title='bbox 1736 1002 1790 1037; x_wconf 86' lang='grc' dir='ltr'><strong>μώ-</strong></span> 
     </span>
    </p>
   </div>
   <div class='ocr_carea' id='block_1_51' title="bbox 1002 1048 1788 1085">
    <p class='ocr_par' dir='ltr' id='par_1_51' title="bbox 1002 1048 1788 1085">
     <span class='ocr_line' id='line_1_51' title="bbox 1002 1048 1788 1085; baseline -0.006 -6"><span class='ocrx_word' id='word_1_357' title='bbox 1002 1053 1074 1079; x_wconf 88' lang='grc' dir='ltr'>λωπι</span> <span class='ocrx_word' id='word_1_358' title='bbox 1099 1051 1181 1078; x_wconf 76' lang='grc' dir='ltr'>αὑτοῦ</span> <span class='ocrx_word' id='word_1_359' title='bbox 1198 1051 1269 1078; x_wconf 83' lang='grc' dir='ltr'>κατὰ</span> <span class='ocrx_word' id='word_1_360' title='bbox 1288 1050 1333 1077; x_wconf 75' lang='grc' dir='ltr'>τὸν</span> <span class='ocrx_word' id='word_1_361' title='bbox 1359 1049 1473 1076; x_wconf 77' lang='grc' dir='ltr'>Ἡσαΐαν</span> <span class='ocrx_word' id='word_1_362' title='bbox 1496 1049 1543 1076; x_wconf 82' lang='grc' dir='ltr'>καὶ</span> <span class='ocrx_word' id='word_1_363' title='bbox 1557 1050 1589 1085; x_wconf 86' lang='grc' dir='ltr'>τῇ</span> <span class='ocrx_word' id='word_1_364' title='bbox 1605 1049 1750 1075; x_wconf 71' lang='grc' dir='ltr'><strong>ἀναστάσει</strong></span> <span class='ocrx_word' id='word_1_365' title='bbox 1766 1048 1788 1064; x_wconf 81' lang='grc'><strong>³²</strong></span> 
     </span>
    </p>
   </div>
   <div class='ocr_carea' id='block_1_52' title="bbox 1003 1094 1790 1131">
    <p class='ocr_par' dir='ltr' id='par_1_52' title="bbox 1003 1094 1790 1131">
     <span class='ocr_line' id='line_1_52' title="bbox 1003 1094 1790 1131; baseline -0.005 -7"><span class='ocrx_word' id='word_1_366' title='bbox 1003 1098 1106 1129; x_wconf 83' lang='grc' dir='ltr'>πάντας</span> <span class='ocrx_word' id='word_1_367' title='bbox 1134 1097 1240 1124; x_wconf 81' lang='grc' dir='ltr'>ἰάσατο.</span> <span class='ocrx_word' id='word_1_368' title='bbox 1259 1095 1364 1131; x_wconf 84' lang='grc' dir='ltr'>Γυμνὸς</span> <span class='ocrx_word' id='word_1_369' title='bbox 1387 1096 1433 1122; x_wconf 75' lang='grc' dir='ltr'><strong>ἐπὶ</strong></span> <span class='ocrx_word' id='word_1_370' title='bbox 1443 1094 1491 1121; x_wconf 78' lang='grc' dir='ltr'><strong>τοῦ</strong></span> <span class='ocrx_word' id='word_1_371' title='bbox 1509 1094 1627 1130; x_wconf 81' lang='grc' dir='ltr'>σταυροῦ</span> <span class='ocrx_word' id='word_1_372' title='bbox 1639 1094 1790 1128; x_wconf 73' lang='grc' dir='ltr'>ΰΧριο-τὸς</span> 
     </span>
    </p>
   </div>
   <div class='ocr_carea' id='block_1_53' title="bbox 1003 1139 1791 1178">
    <p class='ocr_par' dir='ltr' id='par_1_53' title="bbox 1003 1139 1791 1178">
     <span class='ocr_line' id='line_1_53' title="bbox 1003 1139 1791 1178; baseline -0.006 -8"><span class='ocrx_word' id='word_1_373' title='bbox 1003 1143 1119 1178; x_wconf 82' lang='grc' dir='ltr'>ἀνήγετο</span> <span class='ocrx_word' id='word_1_374' title='bbox 1132 1151 1139 1158; x_wconf 91' lang='grc'><strong>·</strong></span> <span class='ocrx_word' id='word_1_375' title='bbox 1174 1141 1313 1178; x_wconf 83' lang='grc' dir='ltr'>ἁμαρτίαν</span> <span class='ocrx_word' id='word_1_376' title='bbox 1346 1141 1402 1176; x_wconf 79' lang='grc' dir='ltr'><strong>γὰρ</strong></span> <span class='ocrx_word' id='word_1_377' title='bbox 1416 1141 1466 1167; x_wconf 86' lang='grc' dir='ltr'>οὑκ</span> <span class='ocrx_word' id='word_1_378' title='bbox 1487 1139 1556 1175; x_wconf 76' lang='grc' dir='ltr'>ἔχων</span> <span class='ocrx_word' id='word_1_379' title='bbox 1572 1140 1688 1175; x_wconf 74' lang='grc' dir='ltr'>ἱματίων</span> <span class='ocrx_word' id='word_1_380' title='bbox 1705 1140 1726 1155; x_wconf 89' lang='grc'><strong>¹¹</strong></span> <span class='ocrx_word' id='word_1_381' title='bbox 1740 1140 1791 1166; x_wconf 83' lang='grc' dir='ltr'>οὐκ</span> 
     </span>
    </p>
   </div>
   <div class='ocr_carea' id='block_1_54' title="bbox 1004 1185 1788 1226">
    <p class='ocr_par' dir='ltr' id='par_1_54' title="bbox 1004 1185 1788 1226">
     <span class='ocr_line' id='line_1_54' title="bbox 1004 1185 1788 1226; baseline -0.005 -10"><span class='ocrx_word' id='word_1_382' title='bbox 1004 1189 1130 1226; x_wconf 69' lang='grc' dir='ltr'>ἔχρῃζεν.</span> <span class='ocrx_word' id='word_1_383' title='bbox 1161 1189 1293 1223; x_wconf 74' lang='grc' dir='ltr'>’Λμωμος</span> <span class='ocrx_word' id='word_1_384' title='bbox 1315 1185 1350 1223; x_wconf 85' lang='grc' dir='ltr'>ἦν</span> <span class='ocrx_word' id='word_1_385' title='bbox 1363 1186 1410 1213; x_wconf 76' lang='grc' dir='ltr'>καὶ</span> <span class='ocrx_word' id='word_1_386' title='bbox 1433 1186 1575 1213; x_wconf 83' lang='grc' dir='ltr'>λανθάνειν</span> <span class='ocrx_word' id='word_1_387' title='bbox 1591 1186 1641 1212; x_wconf 76' lang='grc' dir='ltr'>οὐκ</span> <span class='ocrx_word' id='word_1_388' title='bbox 1663 1186 1788 1219; x_wconf 79' lang='grc' dir='ltr'>ὠφειλεν.</span> 
     </span>
    </p>
   </div>
   <div class='ocr_carea' id='block_1_55' title="bbox 1005 1231 1791 1269">
    <p class='ocr_par' dir='ltr' id='par_1_55' title="bbox 1005 1231 1791 1269">
     <span class='ocr_line' id='line_1_55' title="bbox 1005 1231 1791 1269; baseline -0.001 -8"><span class='ocrx_word' id='word_1_389' title='bbox 1005 1235 1090 1261; x_wconf 82' lang='grc' dir='ltr'><strong>Οὐθὲν</strong></span> <span class='ocrx_word' id='word_1_390' title='bbox 1101 1234 1124 1250; x_wconf 85' lang='grc'><em>³³</em></span> <span class='ocrx_word' id='word_1_391' title='bbox 1137 1231 1172 1269; x_wconf 79' lang='grc' dir='ltr'>ἦν</span> <span class='ocrx_word' id='word_1_392' title='bbox 1181 1233 1305 1269; x_wconf 73' lang='grc' dir='ltr'>ἄσχημον</span> <span class='ocrx_word' id='word_1_393' title='bbox 1320 1232 1409 1268; x_wconf 79' lang='grc' dir='ltr'>αὐτῷ’</span> <span class='ocrx_word' id='word_1_394' title='bbox 1423 1233 1504 1264; x_wconf 78' lang='grc' dir='ltr'>αὐτὸς</span> <span class='ocrx_word' id='word_1_395' title='bbox 1514 1233 1567 1268; x_wconf 85' lang='grc' dir='ltr'><strong>γὰρ</strong></span> <span class='ocrx_word' id='word_1_396' title='bbox 1578 1233 1655 1268; x_wconf 83' lang='grc' dir='ltr'>ἡμῶν</span> <span class='ocrx_word' id='word_1_397' title='bbox 1663 1233 1696 1260; x_wconf 85' lang='grc' dir='ltr'><strong>τὰ</strong></span> <span class='ocrx_word' id='word_1_398' title='bbox 1707 1233 1791 1268; x_wconf 75' lang='grc' dir='ltr'>ἀσχή-</span> 
     </span>
    </p>
   </div>
   <div class='ocr_carea' id='block_1_56' title="bbox 1006 1276 1789 1315">
    <p class='ocr_par' dir='ltr' id='par_1_56' title="bbox 1006 1276 1789 1315">
     <span class='ocr_line' id='line_1_56' title="bbox 1006 1276 1789 1315; baseline -0.003 -8"><span class='ocrx_word' id='word_1_399' title='bbox 1006 1289 1075 1315; x_wconf 90' lang='grc' dir='ltr'>μονα</span> <span class='ocrx_word' id='word_1_400' title='bbox 1098 1280 1256 1315; x_wconf 84' lang='grc' dir='ltr'>εὐσχήμονα</span> <span class='ocrx_word' id='word_1_401' title='bbox 1287 1278 1433 1306; x_wconf 80' lang='grc' dir='ltr'>δείκνυσιν.</span> <span class='ocrx_word' id='word_1_402' title='bbox 1463 1276 1548 1314; x_wconf 78' lang='grc' dir='ltr'>Εὗρον</span> <span class='ocrx_word' id='word_1_403' title='bbox 1575 1279 1604 1306; x_wconf 78' lang='lat' dir='ltr'><strong>ai</strong></span> <span class='ocrx_word' id='word_1_404' title='bbox 1631 1279 1789 1314; x_wconf 85' lang='grc' dir='ltr'>μυροφόροι,</span> 
     </span>
    </p>
   </div>
   <div class='ocr_carea' id='block_1_57' title="bbox 1005 1322 1790 1362">
    <p class='ocr_par' dir='ltr' id='par_1_57' title="bbox 1005 1322 1790 1362">
     <span class='ocr_line' id='line_1_57' title="bbox 1005 1322 1790 1362; baseline -0.003 -9"><span class='ocrx_word' id='word_1_405' title='bbox 1005 1326 1072 1362; x_wconf 83' lang='grc' dir='ltr'>ὅπερ</span> <span class='ocrx_word' id='word_1_406' title='bbox 1093 1326 1137 1353; x_wconf 86' lang='grc' dir='ltr'>διὰ</span> <span class='ocrx_word' id='word_1_407' title='bbox 1153 1325 1204 1361; x_wconf 88' lang='grc' dir='ltr'>τῆς</span> <span class='ocrx_word' id='word_1_408' title='bbox 1232 1324 1303 1357; x_wconf 72' lang='grc' dir='ltr'>Εὔας</span> <span class='ocrx_word' id='word_1_409' title='bbox 1326 1324 1472 1352; x_wconf 81' lang='grc' dir='ltr'>ἀπώλεσαν</span> <span class='ocrx_word' id='word_1_410' title='bbox 1491 1333 1498 1340; x_wconf 92' lang='grc'>·</span> <span class='ocrx_word' id='word_1_411' title='bbox 1521 1322 1584 1360; x_wconf 83' lang='grc' dir='ltr'>εὗρε</span> <span class='ocrx_word' id='word_1_412' title='bbox 1607 1325 1638 1351; x_wconf 82' lang='grc' dir='ltr'>τὸ</span> <span class='ocrx_word' id='word_1_413' title='bbox 1660 1325 1756 1360; x_wconf 81' lang='grc' dir='ltr'>κέρδος</span> <span class='ocrx_word' id='word_1_414' title='bbox 1773 1326 1790 1359; x_wconf 79' lang='grc' dir='ltr'><strong>ἠ</strong></span> 
     </span>
    </p>
   </div>
   <div class='ocr_carea' id='block_1_58' title="bbox 1005 1370 1791 1407">
    <p class='ocr_par' dir='ltr' id='par_1_58' title="bbox 1005 1370 1791 1407">
     <span class='ocr_line' id='line_1_58' title="bbox 1005 1370 1791 1407; baseline -0.001 -9"><span class='ocrx_word' id='word_1_415' title='bbox 1005 1371 1184 1407; x_wconf 81' lang='grc' dir='ltr'>παρασχοῦσα</span> <span class='ocrx_word' id='word_1_416' title='bbox 1210 1372 1260 1406; x_wconf 80' lang='grc' dir='ltr'>τῆς</span> <span class='ocrx_word' id='word_1_417' title='bbox 1282 1370 1385 1406; x_wconf 81' lang='grc' dir='ltr'>ζημίας</span> <span class='ocrx_word' id='word_1_418' title='bbox 1405 1371 1455 1406; x_wconf 82' lang='grc' dir='ltr'>τὴν</span> <span class='ocrx_word' id='word_1_419' title='bbox 1469 1370 1607 1398; x_wconf 82' lang='grc' dir='ltr'>ὑπόθεσιν.</span> <span class='ocrx_word' id='word_1_420' title='bbox 1622 1371 1706 1403; x_wconf 80' lang='grc' dir='ltr'>’Ἥξει</span> <span class='ocrx_word' id='word_1_421' title='bbox 1719 1371 1791 1405; x_wconf 77' lang='grc' dir='ltr'><strong>ἡμῖν</strong></span> 
     </span>
    </p>
   </div>
   <div class='ocr_carea' id='block_1_59' title="bbox 1005 1416 1791 1452">
    <p class='ocr_par' dir='ltr' id='par_1_59' title="bbox 1005 1416 1791 1452">
     <span class='ocr_line' id='line_1_59' title="bbox 1005 1416 1791 1452; baseline -0.001 -8"><span class='ocrx_word' id='word_1_422' title='bbox 1005 1418 1046 1451; x_wconf 84' lang='grc' dir='ltr'>ὠς</span> <span class='ocrx_word' id='word_1_423' title='bbox 1056 1417 1144 1450; x_wconf 78' lang='grc' dir='ltr'>ὑετὸς</span> <span class='ocrx_word' id='word_1_424' title='bbox 1157 1416 1288 1452; x_wconf 79' lang='grc' dir='ltr'>πρώτμος</span> <span class='ocrx_word' id='word_1_425' title='bbox 1307 1416 1357 1444; x_wconf 77' lang='grc' dir='ltr'><strong>καί</strong></span> <span class='ocrx_word' id='word_1_426' title='bbox 1371 1416 1493 1451; x_wconf 77' lang='grc' dir='ltr'>ὅψιμιος</span> <span class='ocrx_word' id='word_1_427' title='bbox 1506 1416 1544 1451; x_wconf 77' lang='grc' dir='ltr'>τῇ</span> <span class='ocrx_word' id='word_1_428' title='bbox 1557 1416 1605 1452; x_wconf 68' lang='grc' dir='ltr'><strong>τῇ.</strong></span> <span class='ocrx_word' id='word_1_429' title='bbox 1619 1417 1691 1450; x_wconf 83' lang='grc' dir='ltr'>Ὅρα</span> <span class='ocrx_word' id='word_1_430' title='bbox 1703 1417 1791 1444; x_wconf 83' lang='grc' dir='ltr'>τοίνυν</span> 
     </span>
    </p>
   </div>
   <div class='ocr_carea' id='block_1_60' title="bbox 1006 1462 1792 1498">
    <p class='ocr_par' dir='ltr' id='par_1_60' title="bbox 1006 1462 1792 1498">
     <span class='ocr_line' id='line_1_60' title="bbox 1006 1462 1792 1498; baseline 0.001 -9"><span class='ocrx_word' id='word_1_431' title='bbox 1006 1463 1051 1489; x_wconf 83' lang='grc' dir='ltr'>τὸν</span> <span class='ocrx_word' id='word_1_432' title='bbox 1067 1462 1168 1498; x_wconf 81' lang='grc' dir='ltr'>Κύριον</span> <span class='ocrx_word' id='word_1_433' title='bbox 1179 1463 1250 1498; x_wconf 86' lang='grc' dir='ltr'><strong>μετά</strong></span> <span class='ocrx_word' id='word_1_434' title='bbox 1262 1463 1312 1498; x_wconf 85' lang='grc' dir='ltr'>τὴν</span> <span class='ocrx_word' id='word_1_435' title='bbox 1327 1463 1472 1490; x_wconf 80' lang='grc' dir='ltr'>ἀνάστασιν</span> <span class='ocrx_word' id='word_1_436' title='bbox 1491 1462 1615 1498; x_wconf 86' lang='grc' dir='ltr'>πρώϊμον</span> <span class='ocrx_word' id='word_1_437' title='bbox 1627 1464 1687 1494; x_wconf 79' lang='grc' dir='ltr'>ταῖς</span> <span class='ocrx_word' id='word_1_438' title='bbox 1699 1471 1792 1497; x_wconf 79' lang='grc' dir='ltr'>γυναι-</span> 
     </span>
    </p>
   </div>
   <div class='ocr_carea' id='block_1_61' title="bbox 1008 1507 1792 1544">
    <p class='ocr_par' dir='ltr' id='par_1_61' title="bbox 1008 1507 1792 1544">
     <span class='ocr_line' id='line_1_61' title="bbox 1008 1507 1792 1544; baseline -0.001 -9"><span class='ocrx_word' id='word_1_439' title='bbox 1008 1508 1058 1541; x_wconf 78' lang='grc' dir='ltr'>Εἰν,</span> <span class='ocrx_word' id='word_1_440' title='bbox 1080 1509 1178 1544; x_wconf 75' lang='grc' dir='ltr'>ὕψιμον</span> <span class='ocrx_word' id='word_1_441' title='bbox 1200 1509 1255 1540; x_wconf 78' lang='grc' dir='ltr'>τοῖς</span> <span class='ocrx_word' id='word_1_442' title='bbox 1274 1507 1435 1540; x_wconf 82' lang='grc' dir='ltr'>ἀποστόλοις</span> <span class='ocrx_word' id='word_1_443' title='bbox 1456 1508 1629 1544; x_wconf 82' lang='grc' dir='ltr'>φαινόμενον.</span> <span class='ocrx_word' id='word_1_444' title='bbox 1651 1507 1726 1543; x_wconf 74' lang='lat' dir='ltr'><strong>IIpr</strong></span> <span class='ocrx_word' id='word_1_445' title='bbox 1743 1508 1792 1544; x_wconf 86' lang='grc' dir='ltr'>μὲν</span> 
     </span>
    </p>
   </div>
   <div class='ocr_carea' id='block_1_62' title="bbox 172 1551 956 1595">
    <p class='ocr_par' dir='ltr' id='par_1_62' title="bbox 172 1551 956 1590">
     <span class='ocr_line' id='line_1_62' title="bbox 172 1551 956 1590; baseline 0.006 -12"><span class='ocrx_word' id='word_1_446' title='bbox 172 1551 261 1583; x_wconf 80' lang='lat' dir='ltr'><strong>ribus,</strong></span> <span class='ocrx_word' id='word_1_447' title='bbox 272 1552 364 1585; x_wconf 80' lang='lat' dir='ltr'><strong>Avetc,</strong></span> <span class='ocrx_word' id='word_1_448' title='bbox 380 1553 485 1587; x_wconf 88' lang='lat' dir='ltr'><strong>vesperi</strong></span> <span class='ocrx_word' id='word_1_449' title='bbox 501 1553 528 1580; x_wconf 92' lang='lat' dir='ltr'><strong>in</strong></span> <span class='ocrx_word' id='word_1_450' title='bbox 545 1554 653 1582; x_wconf 75' lang='lat' dir='ltr'><strong>civitate</strong></span> <span class='ocrx_word' id='word_1_451' title='bbox 668 1553 733 1582; x_wconf 91' lang='lat' dir='ltr'><strong>Sion</strong></span> <span class='ocrx_word' id='word_1_452' title='bbox 756 1563 850 1590; x_wconf 87' lang='lat' dir='ltr'><strong>pacem</strong></span> <span class='ocrx_word' id='word_1_453' title='bbox 866 1555 956 1583; x_wconf 86' lang='lat' dir='ltr'><strong>disci-</strong></span> 
     </span>
    </p>
   </div>
   <div class='ocr_carea' id='block_1_63' title="bbox 1007 1551 1793 1595">
    <p class='ocr_par' dir='ltr' id='par_1_63' title="bbox 1007 1554 1793 1590">
     <span class='ocr_line' id='line_1_63' title="bbox 1007 1554 1793 1590; baseline -0.001 -8"><span class='ocrx_word' id='word_1_454' title='bbox 1007 1556 1060 1590; x_wconf 82' lang='grc' dir='ltr'><strong>γὰρ</strong></span> <span class='ocrx_word' id='word_1_455' title='bbox 1076 1557 1135 1587; x_wconf 84' lang='grc' dir='ltr'>ταῖς</span> <span class='ocrx_word' id='word_1_456' title='bbox 1148 1555 1268 1590; x_wconf 75' lang='grc' dir='ltr'>γυναιξὶ,</span> <span class='ocrx_word' id='word_1_457' title='bbox 1278 1554 1404 1590; x_wconf 82' lang='grc' dir='ltr'>Χαίρετε,</span> <span class='ocrx_word' id='word_1_458' title='bbox 1422 1554 1471 1589; x_wconf 75' lang='grc' dir='ltr'><strong>ὀψὲ</strong></span> <span class='ocrx_word' id='word_1_459' title='bbox 1487 1554 1515 1581; x_wconf 80' lang='grc' dir='ltr'>δὲ</span> <span class='ocrx_word' id='word_1_460' title='bbox 1538 1555 1566 1581; x_wconf 83' lang='grc' dir='ltr'>ὲν</span> <span class='ocrx_word' id='word_1_461' title='bbox 1586 1555 1619 1590; x_wconf 84' lang='grc' dir='ltr'>τῇ</span> <span class='ocrx_word' id='word_1_462' title='bbox 1637 1554 1706 1581; x_wconf 85' lang='grc' dir='ltr'>Σιὼν</span> <span class='ocrx_word' id='word_1_463' title='bbox 1717 1555 1793 1590; x_wconf 87' lang='grc' dir='ltr'>είρή-</span> 
     </span>
    </p>
   </div>
   <div class='ocr_carea' id='block_1_64' title="bbox 173 1598 957 1634">
    <p class='ocr_par' dir='ltr' id='par_1_64' title="bbox 173 1598 957 1634">
     <span class='ocr_line' id='line_1_64' title="bbox 173 1598 957 1634; baseline 0.008 -11"><span class='ocrx_word' id='word_1_464' title='bbox 173 1598 245 1632; x_wconf 81' lang='lat' dir='ltr'><strong>pulis</strong></span> <span class='ocrx_word' id='word_1_465' title='bbox 259 1598 438 1625; x_wconf 83' lang='lat' dir='ltr'><strong>denuntiavit.</strong></span> <span class='ocrx_word' id='word_1_466' title='bbox 457 1598 510 1626; x_wconf 90' lang='lat' dir='ltr'><strong>illis</strong></span> <span class='ocrx_word' id='word_1_467' title='bbox 524 1600 633 1634; x_wconf 92' lang='lat' dir='ltr'><strong>quidem</strong></span> <span class='ocrx_word' id='word_1_468' title='bbox 654 1605 684 1628; x_wconf 88' lang='lat' dir='ltr'><strong>ut</strong></span> <span class='ocrx_word' id='word_1_469' title='bbox 707 1608 853 1628; x_wconf 71' lang='lat' dir='ltr'><strong>mmrorem</strong></span> <span class='ocrx_word' id='word_1_470' title='bbox 870 1602 957 1629; x_wconf 86' lang='lat' dir='ltr'><strong>deter-</strong></span> 
     </span>
    </p>
   </div>
   <div class='ocr_carea' id='block_1_65' title="bbox 173 1644 958 1682">
    <p class='ocr_par' dir='ltr' id='par_1_65' title="bbox 173 1644 958 1682">
     <span class='ocr_line' id='line_1_65' title="bbox 173 1644 958 1682; baseline 0.006 -12"><span class='ocrx_word' id='word_1_471' title='bbox 173 1648 249 1678; x_wconf 74' lang='lat' dir='ltr'><strong>geret</strong></span> <span class='ocrx_word' id='word_1_472' title='bbox 263 1651 271 1670; x_wconf 89' lang='lat'><strong>:</strong></span> <span class='ocrx_word' id='word_1_473' title='bbox 285 1644 327 1672; x_wconf 88' lang='lat' dir='ltr'><strong>his</strong></span> <span class='ocrx_word' id='word_1_474' title='bbox 349 1652 414 1672; x_wconf 88' lang='lat' dir='ltr'><strong>vero</strong></span> <span class='ocrx_word' id='word_1_475' title='bbox 437 1650 467 1672; x_wconf 91' lang='lat' dir='ltr'><strong>ut</strong></span> <span class='ocrx_word' id='word_1_476' title='bbox 483 1645 601 1673; x_wconf 85' lang='lat' dir='ltr'><strong>solveret</strong></span> <span class='ocrx_word' id='word_1_477' title='bbox 619 1646 787 1680; x_wconf 88' lang='lat' dir='ltr'><strong>inimicitias,</strong></span> <span class='ocrx_word' id='word_1_478' title='bbox 806 1655 875 1682; x_wconf 86' lang='lat' dir='ltr'><strong>quas</strong></span> <span class='ocrx_word' id='word_1_479' title='bbox 900 1655 958 1675; x_wconf 86' lang='lat' dir='ltr'><strong>ser-</strong></span> 
     </span>
    </p>
   </div>
   <div class='ocr_carea' id='block_1_66' title="bbox 175 1690 959 1726">
    <p class='ocr_par' dir='ltr' id='par_1_66' title="bbox 175 1690 959 1726">
     <span class='ocr_line' id='line_1_66' title="bbox 175 1690 959 1726; baseline 0.005 -10"><span class='ocrx_word' id='word_1_480' title='bbox 175 1697 242 1724; x_wconf 85' lang='lat' dir='ltr'><strong>pens</strong></span> <span class='ocrx_word' id='word_1_481' title='bbox 272 1690 398 1718; x_wconf 75' lang='lat' dir='ltr'><strong>invexit:</strong></span> <span class='ocrx_word' id='word_1_482' title='bbox 421 1690 460 1717; x_wconf 85' lang='lat' dir='ltr'><strong>Tu</strong></span> <span class='ocrx_word' id='word_1_483' title='bbox 480 1691 614 1718; x_wconf 70' lang='lat' dir='ltr'><strong>vocaberis</strong></span> <span class='ocrx_word' id='word_1_484' title='bbox 642 1691 762 1726; x_wconf 75' lang='lat' dir='ltr'><strong>Cephasi</strong></span> <span class='ocrx_word' id='word_1_485' title='bbox 787 1701 795 1719; x_wconf 90' lang='lat'>:</span> <span class='ocrx_word' id='word_1_486' title='bbox 812 1697 876 1720; x_wconf 87' lang='lat' dir='ltr'><strong>ante</strong></span> <span class='ocrx_word' id='word_1_487' title='bbox 893 1700 959 1720; x_wconf 85' lang='lat' dir='ltr'><strong>con-</strong></span> 
     </span>
    </p>
   </div>
   <div class='ocr_carea' id='block_1_67' title="bbox 164 1736 959 1772">
    <p class='ocr_par' dir='ltr' id='par_1_67' title="bbox 164 1736 959 1772">
     <span class='ocr_line' id='line_1_67' title="bbox 164 1736 959 1772; baseline 0.005 -10"><span class='ocrx_word' id='word_1_488' title='bbox 164 1770 166 1772; x_wconf 93' lang='lat'><em>_</em></span> <span class='ocrx_word' id='word_1_489' title='bbox 178 1736 323 1763; x_wconf 74' lang='lat' dir='ltr'><strong>fessionem</strong></span> <span class='ocrx_word' id='word_1_490' title='bbox 336 1744 451 1768; x_wconf 84' lang='lat' dir='ltr'><strong>merces,</strong></span> <span class='ocrx_word' id='word_1_491' title='bbox 467 1742 612 1771; x_wconf 78' lang='lat' dir='ltr'><strong>alitequam</strong></span> <span class='ocrx_word' id='word_1_492' title='bbox 624 1737 651 1764; x_wconf 94' lang='lat' dir='ltr'><strong>in</strong></span> <span class='ocrx_word' id='word_1_493' title='bbox 664 1738 742 1766; x_wconf 87' lang='lat' dir='ltr'><strong>vinea</strong></span> <span class='ocrx_word' id='word_1_494' title='bbox 754 1738 898 1772; x_wconf 85' lang='lat' dir='ltr'><strong>laboraris,</strong></span> <span class='ocrx_word' id='word_1_495' title='bbox 912 1739 959 1766; x_wconf 85' lang='lat' dir='ltr'><strong>de—</strong></span> 
     </span>
    </p>
   </div>
   <div class='ocr_carea' id='block_1_68' title="bbox 179 1782 956 1821">
    <p class='ocr_par' dir='ltr' id='par_1_68' title="bbox 179 1782 956 1821">
     <span class='ocr_line' id='line_1_68' title="bbox 179 1782 956 1821; baseline 0.008 -14"><span class='ocrx_word' id='word_1_496' title='bbox 179 1782 283 1808; x_wconf 85' lang='lat' dir='ltr'><strong>narium</strong></span> <span class='ocrx_word' id='word_1_497' title='bbox 292 1782 431 1816; x_wconf 87' lang='lat' dir='ltr'><strong>accepisti.</strong></span> <span class='ocrx_word' id='word_1_498' title='bbox 446 1783 598 1818; x_wconf 83' lang='lat' dir='ltr'><strong>Antequam</strong></span> <span class='ocrx_word' id='word_1_499' title='bbox 614 1791 688 1811; x_wconf 92' lang='lat' dir='ltr'><strong>aram</strong></span> <span class='ocrx_word' id='word_1_500' title='bbox 699 1784 820 1819; x_wconf 74' lang='lat' dir='ltr'><strong>tetigeris</strong></span> <span class='ocrx_word' id='word_1_501' title='bbox 837 1794 843 1812; x_wconf 88' lang='lat'>:</span> <span class='ocrx_word' id='word_1_502' title='bbox 859 1785 956 1821; x_wconf 56' lang='lat'><strong>5981!</strong></span> 
     </span>
    </p>
   </div>
   <div class='ocr_carea' id='block_1_69' title="bbox 178 1826 957 1865">
    <p class='ocr_par' dir='ltr' id='par_1_69' title="bbox 178 1826 957 1865">
     <span class='ocr_line' id='line_1_69' title="bbox 178 1826 957 1865; baseline 0.008 -13"><span class='ocrx_word' id='word_1_503' title='bbox 178 1826 341 1854; x_wconf 75' lang='lat' dir='ltr'><strong>sacrificium</strong></span> <span class='ocrx_word' id='word_1_504' title='bbox 362 1826 433 1854; x_wconf 88' lang='lat' dir='ltr'><strong>Deus</strong></span> <span class='ocrx_word' id='word_1_505' title='bbox 453 1829 574 1862; x_wconf 85' lang='lat' dir='ltr'><strong>suscepit</strong></span> <span class='ocrx_word' id='word_1_506' title='bbox 591 1837 598 1854; x_wconf 90' lang='lat'><em>:</em></span> <span class='ocrx_word' id='word_1_507' title='bbox 615 1833 761 1863; x_wconf 88' lang='lat' dir='ltr'><strong>antequam</strong></span> <span class='ocrx_word' id='word_1_508' title='bbox 783 1831 957 1865; x_wconf 65' lang='lat' dir='ltr'><strong>prazdicares,</strong></span> 
     </span>
    </p>
   </div>
   <div class='ocr_carea' id='block_1_70' title="bbox 178 1871 959 1905">
    <p class='ocr_par' dir='ltr' id='par_1_70' title="bbox 178 1871 959 1905">
     <span class='ocr_line' id='line_1_70' title="bbox 178 1871 959 1905; baseline 0.006 -9"><span class='ocrx_word' id='word_1_509' title='bbox 178 1878 306 1897; x_wconf 88' lang='lat' dir='ltr'><strong>coronam</strong></span> <span class='ocrx_word' id='word_1_510' title='bbox 324 1871 462 1905; x_wconf 83' lang='lat' dir='ltr'><strong>accepisti.</strong></span> <span class='ocrx_word' id='word_1_511' title='bbox 480 1871 618 1899; x_wconf 86' lang='lat' dir='ltr'><strong>Mendicos</strong></span> <span class='ocrx_word' id='word_1_512' title='bbox 640 1877 666 1900; x_wconf 92' lang='lat' dir='ltr'><strong>et</strong></span> <span class='ocrx_word' id='word_1_513' title='bbox 683 1873 807 1901; x_wconf 88' lang='lat' dir='ltr'><strong>indoctos</strong></span> <span class='ocrx_word' id='word_1_514' title='bbox 831 1874 959 1902; x_wconf 88' lang='lat' dir='ltr'><strong>Christus</strong></span> 
     </span>
    </p>
   </div>
   <div class='ocr_carea' id='block_1_71' title="bbox 178 1915 958 1954">
    <p class='ocr_par' dir='ltr' id='par_1_71' title="bbox 178 1915 958 1954">
     <span class='ocr_line' id='line_1_71' title="bbox 178 1915 958 1954; baseline 0.009 -13"><span class='ocrx_word' id='word_1_515' title='bbox 178 1915 268 1949; x_wconf 70' lang='lat' dir='ltr'><strong>elegit.</strong></span> <span class='ocrx_word' id='word_1_516' title='bbox 285 1915 343 1950; x_wconf 83' lang='lat' dir='ltr'><strong>Ipsa</strong></span> <span class='ocrx_word' id='word_1_517' title='bbox 359 1916 491 1951; x_wconf 86' lang='lat' dir='ltr'><strong>sapientia</strong></span> <span class='ocrx_word' id='word_1_518' title='bbox 507 1923 641 1952; x_wconf 83' lang='lat' dir='ltr'><strong>patronos</strong></span> <span class='ocrx_word' id='word_1_519' title='bbox 656 1926 708 1945; x_wconf 89' lang='lat' dir='ltr'><strong>non</strong></span> <span class='ocrx_word' id='word_1_520' title='bbox 724 1920 831 1954; x_wconf 67' lang='lat' dir='ltr'><strong>quaerit,</strong></span> <span class='ocrx_word' id='word_1_521' title='bbox 846 1921 892 1948; x_wconf 86' lang='lat' dir='ltr'><strong>sed</strong></span> <span class='ocrx_word' id='word_1_522' title='bbox 907 1921 958 1947; x_wconf 88' lang='lat' dir='ltr'><strong>mi-</strong></span> 
     </span>
    </p>
   </div>
   <div class='ocr_carea' id='block_1_72' title="bbox 178 1960 957 2001">
    <p class='ocr_par' dir='ltr' id='par_1_72' title="bbox 178 1960 957 2001">
     <span class='ocr_line' id='line_1_72' title="bbox 178 1960 957 2001; baseline 0.009 -15"><span class='ocrx_word' id='word_1_523' title='bbox 178 1961 288 1987; x_wconf 81' lang='lat' dir='ltr'><strong>nistros.</strong></span> <span class='ocrx_word' id='word_1_524' title='bbox 308 1960 393 1988; x_wconf 77' lang='lat' dir='ltr'><strong>Nemo</strong></span> <span class='ocrx_word' id='word_1_525' title='bbox 418 1962 464 1989; x_wconf 88' lang='lat' dir='ltr'><strong>dat</strong></span> <span class='ocrx_word' id='word_1_526' title='bbox 484 1963 631 1998; x_wconf 84' lang='lat' dir='ltr'><strong>quidquam</strong></span> <span class='ocrx_word' id='word_1_527' title='bbox 655 1964 705 1997; x_wconf 82' lang='lat' dir='ltr'><strong>illi,</strong></span> <span class='ocrx_word' id='word_1_528' title='bbox 726 1965 761 1993; x_wconf 85' lang='lat' dir='ltr'><strong>ab</strong></span> <span class='ocrx_word' id='word_1_529' title='bbox 787 1965 844 2001; x_wconf 85' lang='lat' dir='ltr'><strong>ipsa</strong></span> <span class='ocrx_word' id='word_1_530' title='bbox 868 1971 957 1993; x_wconf 89' lang='lat' dir='ltr'><strong>autem</strong></span> 
     </span>
    </p>
   </div>
   <div class='ocr_carea' id='block_1_73' title="bbox 178 2007 554 2043">
    <p class='ocr_par' dir='ltr' id='par_1_73' title="bbox 178 2007 554 2043">
     <span class='ocr_line' id='line_1_73' title="bbox 178 2007 554 2043; baseline 0.013 -12"><span class='ocrx_word' id='word_1_531' title='bbox 178 2013 274 2033; x_wconf 85' lang='lat' dir='ltr'><strong>oumes</strong></span> <span class='ocrx_word' id='word_1_532' title='bbox 288 2007 380 2034; x_wconf 90' lang='lat' dir='ltr'><strong>omnia</strong></span> <span class='ocrx_word' id='word_1_533' title='bbox 394 2008 554 2043; x_wconf 85' lang='lat' dir='ltr'><strong>accipimus.</strong></span> 
     </span>
    </p>
   </div>
   <div class='ocr_carea' id='block_1_74' title="bbox 504 2140 628 2170">
    <p class='ocr_par' dir='ltr' id='par_1_74' title="bbox 504 2140 628 2170">
     <span class='ocr_line' id='line_1_74' title="bbox 504 2140 628 2170; baseline 0.016 -2"><span class='ocrx_word' id='word_1_534' title='bbox 504 2140 628 2170; x_wconf 75' lang='lat' dir='ltr'><strong>CCLXX.</strong></span> 
     </span>
    </p>
   </div>
   <div class='ocr_carea' id='block_1_75' title="bbox 181 2191 955 2229">
    <p class='ocr_par' dir='ltr' id='par_1_75' title="bbox 181 2191 955 2229">
     <span class='ocr_line' id='line_1_75' title="bbox 181 2191 955 2229; baseline 0.014 -12"><span class='ocrx_word' id='word_1_535' title='bbox 181 2191 220 2218; x_wconf 70' lang='lat' dir='ltr'><strong>Ea:</strong></span> <span class='ocrx_word' id='word_1_536' title='bbox 240 2191 339 2219; x_wconf 81' lang='lat' dir='ltr'><strong>Jaamii</strong></span> <span class='ocrx_word' id='word_1_537' title='bbox 350 2192 530 2229; x_wconf 68' lang='lat' dir='ltr'><strong>C/trysoatomi</strong></span> <span class='ocrx_word' id='word_1_538' title='bbox 553 2198 671 2224; x_wconf 81' lang='lat' dir='ltr'><strong>oratione</strong></span> <span class='ocrx_word' id='word_1_539' title='bbox 687 2198 714 2224; x_wconf 84' lang='lat' dir='ltr'><strong>in</strong></span> <span class='ocrx_word' id='word_1_540' title='bbox 725 2198 814 2226; x_wconf 80' lang='lat' dir='ltr'><strong>divum</strong></span> <span class='ocrx_word' id='word_1_541' title='bbox 828 2199 955 2228; x_wconf 79' lang='lat' dir='ltr'><strong>Paulum.</strong></span> 
     </span>
    </p>
   </div>
   <div class='ocr_carea' id='block_1_76' title="bbox 215 2230 999 2275">
    <p class='ocr_par' dir='ltr' id='par_1_76' title="bbox 215 2230 999 2275">
     <span class='ocr_line' id='line_1_76' title="bbox 215 2230 999 2275; baseline 0.014 -13"><span class='ocrx_word' id='word_1_542' title='bbox 215 2234 294 2263; x_wconf 84' lang='lat' dir='ltr'><strong>Lecta</strong></span> <span class='ocrx_word' id='word_1_543' title='bbox 311 2244 345 2263; x_wconf 83' lang='lat' dir='ltr'><strong>ex</strong></span> <span class='ocrx_word' id='word_1_544' title='bbox 360 2237 472 2266; x_wconf 84' lang='lat' dir='ltr'><strong>Joannis</strong></span> <span class='ocrx_word' id='word_1_545' title='bbox 495 2239 682 2275; x_wconf 82' lang='lat' dir='ltr'><strong>Chrysostomi</strong></span> <span class='ocrx_word' id='word_1_546' title='bbox 703 2243 826 2271; x_wconf 88' lang='lat' dir='ltr'><strong>oratione</strong></span> <span class='ocrx_word' id='word_1_547' title='bbox 842 2243 870 2271; x_wconf 90' lang='lat' dir='ltr'><strong>in</strong></span> <span class='ocrx_word' id='word_1_548' title='bbox 889 2245 958 2272; x_wconf 89' lang='lat' dir='ltr'><strong>divi-</strong></span> <span class='ocrx_word' id='word_1_549' title='bbox 977 2230 999 2260; x_wconf 75' lang='grc' dir='ltr'>θ</span> 
     </span>
    </p>
   </div>
   <div class='ocr_carea' id='block_1_77' title="bbox 179 2279 390 2308">
    <p class='ocr_par' dir='ltr' id='par_1_77' title="bbox 179 2279 390 2308">
     <span class='ocr_line' id='line_1_77' title="bbox 179 2279 390 2308; baseline 0.009 -2"><span class='ocrx_word' id='word_1_550' title='bbox 179 2287 244 2306; x_wconf 87' lang='lat' dir='ltr'><strong>num</strong></span> <span class='ocrx_word' id='word_1_551' title='bbox 265 2279 390 2308; x_wconf 84' lang='lat' dir='ltr'><strong>Paulum.</strong></span> 
     </span>
    </p>
   </div>
   <div class='ocr_carea' id='block_1_78' title="bbox 218 2325 961 2364">
    <p class='ocr_par' dir='ltr' id='par_1_78' title="bbox 218 2325 961 2364">
     <span class='ocr_line' id='line_1_78' title="bbox 218 2325 961 2364; baseline 0.013 -12"><span class='ocrx_word' id='word_1_552' title='bbox 218 2325 296 2354; x_wconf 85' lang='lat' dir='ltr'><strong>Venit</strong></span> <span class='ocrx_word' id='word_1_553' title='bbox 320 2327 492 2356; x_wconf 82' lang='lat' dir='ltr'><strong>Antiochiam</strong></span> <span class='ocrx_word' id='word_1_554' title='bbox 516 2329 634 2364; x_wconf 84' lang='lat' dir='ltr'><strong>Paulus,</strong></span> <span class='ocrx_word' id='word_1_555' title='bbox 655 2335 683 2359; x_wconf 83' lang='lat' dir='ltr'><strong>et</strong></span> <span class='ocrx_word' id='word_1_556' title='bbox 713 2336 817 2360; x_wconf 83' lang='lat' dir='ltr'><strong>tantam</strong></span> <span class='ocrx_word' id='word_1_557' title='bbox 841 2334 961 2362; x_wconf 87' lang='lat' dir='ltr'><strong>iidelium</strong></span> 
     </span>
    </p>
   </div>
   <div class='ocr_carea' id='block_1_79' title="bbox 180 2372 963 2411">
    <p class='ocr_par' dir='ltr' id='par_1_79' title="bbox 180 2372 963 2411">
     <span class='ocr_line' id='line_1_79' title="bbox 180 2372 963 2411; baseline 0.015 -14"><span class='ocrx_word' id='word_1_558' title='bbox 180 2372 286 2407; x_wconf 86' lang='lat' dir='ltr'><strong>copiam</strong></span> <span class='ocrx_word' id='word_1_559' title='bbox 310 2373 452 2407; x_wconf 86' lang='lat' dir='ltr'><strong>plantavit,</strong></span> <span class='ocrx_word' id='word_1_560' title='bbox 473 2380 502 2402; x_wconf 89' lang='lat' dir='ltr'><strong>ut</strong></span> <span class='ocrx_word' id='word_1_561' title='bbox 526 2377 645 2411; x_wconf 89' lang='lat' dir='ltr'><strong>primum</strong></span> <span class='ocrx_word' id='word_1_562' title='bbox 673 2377 891 2408; x_wconf 85' lang='lat' dir='ltr'><strong>Christianorum</strong></span> <span class='ocrx_word' id='word_1_563' title='bbox 912 2388 963 2408; x_wconf 88' lang='lat' dir='ltr'><strong>no-</strong></span> 
     </span>
    </p>
   </div>
   <div class='ocr_carea' id='block_1_80' title="bbox 180 2419 964 2454">
    <p class='ocr_par' dir='ltr' id='par_1_80' title="bbox 180 2419 964 2454">
     <span class='ocr_line' id='line_1_80' title="bbox 180 2419 964 2454; baseline 0.013 -10"><span class='ocrx_word' id='word_1_564' title='bbox 180 2427 241 2446; x_wconf 83' lang='lat' dir='ltr'><strong>men</strong></span> <span class='ocrx_word' id='word_1_565' title='bbox 256 2419 406 2447; x_wconf 76' lang='lat' dir='ltr'><strong>Antiochia:</strong></span> <span class='ocrx_word' id='word_1_566' title='bbox 421 2421 580 2449; x_wconf 81' lang='lat' dir='ltr'><strong>ciiioruerit.</strong></span> <span class='ocrx_word' id='word_1_567' title='bbox 598 2422 711 2451; x_wconf 90' lang='lat' dir='ltr'><strong>Divinus</strong></span> <span class='ocrx_word' id='word_1_568' title='bbox 724 2425 769 2452; x_wconf 89' lang='lat' dir='ltr'><strong>ille</strong></span> <span class='ocrx_word' id='word_1_569' title='bbox 789 2431 882 2453; x_wconf 89' lang='lat' dir='ltr'><strong>noster</strong></span> <span class='ocrx_word' id='word_1_570' title='bbox 901 2434 964 2454; x_wconf 92' lang='lat' dir='ltr'><strong>ora-</strong></span> 
     </span>
    </p>
   </div>
   <div class='ocr_carea' id='block_1_81' title="bbox 181 2465 965 2506">
    <p class='ocr_par' dir='ltr' id='par_1_81' title="bbox 181 2465 965 2506">
     <span class='ocr_line' id='line_1_81' title="bbox 181 2465 965 2506; baseline 0.011 -15"><span class='ocrx_word' id='word_1_571' title='bbox 181 2470 234 2496; x_wconf 90' lang='lat' dir='ltr'><strong>tor,</strong></span> <span class='ocrx_word' id='word_1_572' title='bbox 253 2473 286 2492; x_wconf 77' lang='lat' dir='ltr'><strong>cx</strong></span> <span class='ocrx_word' id='word_1_573' title='bbox 303 2465 478 2501; x_wconf 85' lang='lat' dir='ltr'><strong>inscriptione</strong></span> <span class='ocrx_word' id='word_1_574' title='bbox 493 2475 547 2495; x_wconf 72' lang='lat' dir='ltr'><strong>ara:</strong></span> <span class='ocrx_word' id='word_1_575' title='bbox 561 2470 732 2497; x_wconf 86' lang='lat' dir='ltr'><strong>occasionem</strong></span> <span class='ocrx_word' id='word_1_576' title='bbox 746 2473 856 2506; x_wconf 86' lang='lat' dir='ltr'><strong>capiens</strong></span> <span class='ocrx_word' id='word_1_577' title='bbox 871 2473 965 2500; x_wconf 88' lang='lat' dir='ltr'><strong>dicen-</strong></span> 
     </span>
    </p>
   </div>
   <div class='ocr_carea' id='block_1_82' title="bbox 180 2511 965 2545">
    <p class='ocr_par' dir='ltr' id='par_1_82' title="bbox 180 2511 965 2545">
     <span class='ocr_line' id='line_1_82' title="bbox 180 2511 965 2545; baseline 0.011 -9"><span class='ocrx_word' id='word_1_578' title='bbox 180 2511 218 2542; x_wconf 92' lang='lat' dir='ltr'><strong>di,</strong></span> <span class='ocrx_word' id='word_1_579' title='bbox 236 2518 368 2545; x_wconf 88' lang='lat' dir='ltr'><strong>suamquc</strong></span> <span class='ocrx_word' id='word_1_580' title='bbox 382 2519 397 2538; x_wconf 90' lang='lat' dir='ltr'><strong>e</strong></span> <span class='ocrx_word' id='word_1_581' title='bbox 423 2512 553 2540; x_wconf 73' lang='lat' dir='ltr'><strong>daemonis</strong></span> <span class='ocrx_word' id='word_1_582' title='bbox 581 2514 678 2542; x_wconf 84' lang='lat' dir='ltr'><strong>litteris</strong></span> <span class='ocrx_word' id='word_1_583' title='bbox 698 2516 840 2543; x_wconf 86' lang='lat' dir='ltr'><strong>veritatem</strong></span> <span class='ocrx_word' id='word_1_584' title='bbox 865 2518 965 2545; x_wconf 81' lang='lat' dir='ltr'><strong>contir-</strong></span> 
     </span>
    </p>
   </div>
   <div class='ocr_carea' id='block_1_83' title="bbox 182 2555 965 2592">
    <p class='ocr_par' dir='ltr' id='par_1_83' title="bbox 182 2555 965 2592">
     <span class='ocr_line' id='line_1_83' title="bbox 182 2555 965 2592; baseline 0.014 -12"><span class='ocrx_word' id='word_1_585' title='bbox 182 2562 271 2588; x_wconf 88' lang='lat' dir='ltr'><strong>mans,</strong></span> <span class='ocrx_word' id='word_1_586' title='bbox 297 2555 451 2584; x_wconf 87' lang='lat' dir='ltr'><strong>doctrinam</strong></span> <span class='ocrx_word' id='word_1_587' title='bbox 480 2558 616 2592; x_wconf 87' lang='lat' dir='ltr'><strong>producit.</strong></span> <span class='ocrx_word' id='word_1_588' title='bbox 640 2559 776 2589; x_wconf 83' lang='lat' dir='ltr'><strong>Posuistis</strong></span> <span class='ocrx_word' id='word_1_589' title='bbox 801 2562 870 2590; x_wconf 87' lang='lat' dir='ltr'><strong>hanc</strong></span> <span class='ocrx_word' id='word_1_590' title='bbox 889 2570 965 2591; x_wconf 87' lang='lat' dir='ltr'><strong>aram</strong></span> 
     </span>
    </p>
   </div>
   <div class='ocr_carea' id='block_1_84' title="bbox 220 2660 971 2702">
    <p class='ocr_par' dir='ltr' id='par_1_84' title="bbox 220 2660 971 2702">
     <span class='ocr_line' id='line_1_84' title="bbox 220 2660 971 2702; baseline 0.012 -16"><span class='ocrx_word' id='word_1_591' title='bbox 220 2666 231 2679; x_wconf 69' lang='grc' dir='ltr'><strong>ο</strong></span> <span class='ocrx_word' id='word_1_592' title='bbox 253 2660 331 2687; x_wconf 80' lang='lat' dir='ltr'><strong>Joan.</strong></span> <span class='ocrx_word' id='word_1_593' title='bbox 357 2669 376 2693; x_wconf 82' lang='grc' dir='ltr'><strong>ι,</strong></span> <span class='ocrx_word' id='word_1_594' title='bbox 398 2661 442 2689; x_wconf 73' lang='grc'><strong>59.</strong></span> <span class='ocrx_word' id='word_1_595' title='bbox 463 2661 472 2681; x_wconf 75' lang='grc' dir='ltr'><strong>ί</strong></span> <span class='ocrx_word' id='word_1_596' title='bbox 502 2663 572 2691; x_wconf 83' lang='lat' dir='ltr'><strong>Psal.</strong></span> <span class='ocrx_word' id='word_1_597' title='bbox 601 2672 692 2698; x_wconf 78' lang='lat' dir='ltr'><strong>Lxxw,</strong></span> <span class='ocrx_word' id='word_1_598' title='bbox 707 2666 734 2693; x_wconf 74' lang='grc'>2.</span> <span class='ocrx_word' id='word_1_599' title='bbox 749 2666 762 2686; x_wconf 78' lang='grc' dir='ltr'>ε</span> <span class='ocrx_word' id='word_1_600' title='bbox 778 2666 860 2702; x_wconf 87' lang='lat' dir='ltr'><strong>Soph.</strong></span> <span class='ocrx_word' id='word_1_601' title='bbox 888 2676 919 2702; x_wconf 82' lang='grc' dir='ltr'><strong>ιι,</strong></span> <span class='ocrx_word' id='word_1_602' title='bbox 945 2668 971 2695; x_wconf 79' lang='grc'>3.</span> 
     </span>
    </p>
   </div>
   <div class='ocr_carea' id='block_1_85' title="bbox 1008 1599 1791 1636">
    <p class='ocr_par' dir='ltr' id='par_1_85' title="bbox 1008 1599 1791 1636">
     <span class='ocr_line' id='line_1_85' title="bbox 1008 1599 1791 1636; baseline -0.001 -9"><span class='ocrx_word' id='word_1_603' title='bbox 1008 1610 1057 1636; x_wconf 89' lang='grc' dir='ltr'><strong>νην</strong></span> <span class='ocrx_word' id='word_1_604' title='bbox 1067 1602 1124 1632; x_wconf 83' lang='grc' dir='ltr'>τοῖς</span> <span class='ocrx_word' id='word_1_605' title='bbox 1139 1601 1272 1636; x_wconf 78' lang='grc' dir='ltr'>μαθηταῖς</span> <span class='ocrx_word' id='word_1_606' title='bbox 1293 1599 1501 1635; x_wconf 82' lang='grc' dir='ltr'>προσεφώνησε,</span> <span class='ocrx_word' id='word_1_607' title='bbox 1516 1600 1575 1631; x_wconf 84' lang='grc' dir='ltr'>ταῖς</span> <span class='ocrx_word' id='word_1_608' title='bbox 1589 1599 1648 1634; x_wconf 77' lang='grc' dir='ltr'>μὲν,</span> <span class='ocrx_word' id='word_1_609' title='bbox 1664 1600 1707 1626; x_wconf 82' lang='grc' dir='ltr'><strong>ίνα</strong></span> <span class='ocrx_word' id='word_1_610' title='bbox 1723 1599 1791 1635; x_wconf 80' lang='grc' dir='ltr'>λύσῃ</span> 
     </span>
    </p>
   </div>
   <div class='ocr_carea' id='block_1_86' title="bbox 1007 1645 1792 1681">
    <p class='ocr_par' dir='ltr' id='par_1_86' title="bbox 1007 1645 1792 1681">
     <span class='ocr_line' id='line_1_86' title="bbox 1007 1645 1792 1681; baseline -0.001 -9"><span class='ocrx_word' id='word_1_611' title='bbox 1007 1646 1058 1680; x_wconf 86' lang='grc' dir='ltr'>τὴν</span> <span class='ocrx_word' id='word_1_612' title='bbox 1079 1645 1218 1680; x_wconf 82' lang='grc' dir='ltr'>ἀπόφασιν</span> <span class='ocrx_word' id='word_1_613' title='bbox 1238 1645 1288 1679; x_wconf 86' lang='grc' dir='ltr'>τῆς</span> <span class='ocrx_word' id='word_1_614' title='bbox 1320 1645 1418 1680; x_wconf 83' lang='grc' dir='ltr'>λύπης,</span> <span class='ocrx_word' id='word_1_615' title='bbox 1442 1646 1498 1677; x_wconf 86' lang='grc' dir='ltr'>τοῖς</span> <span class='ocrx_word' id='word_1_616' title='bbox 1519 1645 1559 1678; x_wconf 83' lang='grc' dir='ltr'>δὲ,</span> <span class='ocrx_word' id='word_1_617' title='bbox 1591 1645 1634 1672; x_wconf 83' lang='grc' dir='ltr'>ἵνα</span> <span class='ocrx_word' id='word_1_618' title='bbox 1656 1645 1719 1681; x_wconf 69' lang='grc'><strong>[812</strong></span> <span class='ocrx_word' id='word_1_619' title='bbox 1745 1645 1792 1672; x_wconf 70' lang='lat' dir='ltr'><strong>HJ</strong></span> 
     </span>
    </p>
   </div>
   <div class='ocr_carea' id='block_1_87' title="bbox 1008 1691 1780 1727">
    <p class='ocr_par' dir='ltr' id='par_1_87' title="bbox 1008 1691 1780 1727">
     <span class='ocr_line' id='line_1_87' title="bbox 1008 1691 1780 1727; baseline 0 -9"><span class='ocrx_word' id='word_1_620' title='bbox 1008 1691 1148 1726; x_wconf 76' lang='grc' dir='ltr'>καταλύσῃ</span> <span class='ocrx_word' id='word_1_621' title='bbox 1170 1691 1220 1726; x_wconf 81' lang='grc' dir='ltr'>τὴν</span> <span class='ocrx_word' id='word_1_622' title='bbox 1245 1691 1356 1726; x_wconf 72' lang='grc' dir='ltr'>ἔχθραν,</span> <span class='ocrx_word' id='word_1_623' title='bbox 1379 1692 1412 1726; x_wconf 84' lang='grc' dir='ltr'>ἣν</span> <span class='ocrx_word' id='word_1_624' title='bbox 1425 1692 1439 1718; x_wconf 90' lang='grc' dir='ltr'><strong>ό</strong></span> <span class='ocrx_word' id='word_1_625' title='bbox 1460 1691 1568 1727; x_wconf 82' lang='grc' dir='ltr'>δράκων</span> <span class='ocrx_word' id='word_1_626' title='bbox 1591 1691 1780 1726; x_wconf 75' lang='grc' dir='ltr'>ἐκακούργησε</span> 
     </span>
    </p>
   </div>
   <div class='ocr_carea' id='block_1_88' title="bbox 1008 1736 1791 1773">
    <p class='ocr_par' dir='ltr' id='par_1_88' title="bbox 1008 1736 1791 1773">
     <span class='ocr_line' id='line_1_88' title="bbox 1008 1736 1791 1773; baseline 0 -9"><span class='ocrx_word' id='word_1_627' title='bbox 1008 1737 1050 1764; x_wconf 90' lang='grc' dir='ltr'><strong>Σὺ</strong></span> <span class='ocrx_word' id='word_1_628' title='bbox 1068 1736 1208 1772; x_wconf 76' lang='grc' dir='ltr'>κληθήσῃ</span> <span class='ocrx_word' id='word_1_629' title='bbox 1222 1737 1336 1772; x_wconf 63' lang='grc' dir='ltr'><strong>Κηφᾶς.</strong></span> <span class='ocrx_word' id='word_1_630' title='bbox 1354 1737 1411 1772; x_wconf 81' lang='grc' dir='ltr'><strong>Πρὺ</strong></span> <span class='ocrx_word' id='word_1_631' title='bbox 1432 1737 1483 1773; x_wconf 83' lang='grc' dir='ltr'>τῆς</span> <span class='ocrx_word' id='word_1_632' title='bbox 1498 1738 1642 1773; x_wconf 83' lang='grc' dir='ltr'>ὁμολογίας</span> <span class='ocrx_word' id='word_1_633' title='bbox 1654 1739 1668 1765; x_wconf 86' lang='grc'>6</span> <span class='ocrx_word' id='word_1_634' title='bbox 1680 1737 1791 1773; x_wconf 73' lang='grc' dir='ltr'>μισθόςο</span> 
     </span>
    </p>
   </div>
   <div class='ocr_carea' id='block_1_89' title="bbox 1009 1782 1770 1818">
    <p class='ocr_par' dir='ltr' id='par_1_89' title="bbox 1009 1782 1770 1818">
     <span class='ocr_line' id='line_1_89' title="bbox 1009 1782 1770 1818; baseline 0.001 -10"><span class='ocrx_word' id='word_1_635' title='bbox 1009 1782 1075 1818; x_wconf 80' lang='grc' dir='ltr'>πρὶν</span> <span class='ocrx_word' id='word_1_636' title='bbox 1100 1783 1205 1818; x_wconf 75' lang='grc' dir='ltr'>ἐργάσῃ</span> <span class='ocrx_word' id='word_1_637' title='bbox 1237 1782 1283 1809; x_wconf 80' lang='grc' dir='ltr'>τὸν</span> <span class='ocrx_word' id='word_1_638' title='bbox 1301 1783 1460 1817; x_wconf 82' lang='grc' dir='ltr'>ἀμπελῶνα,</span> <span class='ocrx_word' id='word_1_639' title='bbox 1471 1782 1500 1809; x_wconf 83' lang='grc' dir='ltr'>τὸ</span> <span class='ocrx_word' id='word_1_640' title='bbox 1523 1783 1650 1818; x_wconf 86' lang='grc' dir='ltr'>δηνάριον</span> <span class='ocrx_word' id='word_1_641' title='bbox 1676 1783 1770 1814; x_wconf 74' lang='grc' dir='ltr'>ἔλαϐες</span> 
     </span>
    </p>
   </div>
   <div class='ocr_carea' id='block_1_90' title="bbox 1009 1827 1792 1864">
    <p class='ocr_par' dir='ltr' id='par_1_90' title="bbox 1009 1827 1792 1864">
     <span class='ocr_line' id='line_1_90' title="bbox 1009 1827 1792 1864; baseline 0.001 -10"><span class='ocrx_word' id='word_1_642' title='bbox 1009 1830 1073 1863; x_wconf 80' lang='grc' dir='ltr'>πρὶν</span> <span class='ocrx_word' id='word_1_643' title='bbox 1087 1827 1200 1862; x_wconf 84' lang='grc' dir='ltr'>ἀνάψεις</span> <span class='ocrx_word' id='word_1_644' title='bbox 1214 1827 1237 1843; x_wconf 72' lang='grc'>³⁸</span> <span class='ocrx_word' id='word_1_645' title='bbox 1247 1827 1292 1854; x_wconf 81' lang='grc' dir='ltr'>τὸν</span> <span class='ocrx_word' id='word_1_646' title='bbox 1307 1827 1408 1863; x_wconf 81' lang='grc' dir='ltr'>βωμὸν,</span> <span class='ocrx_word' id='word_1_647' title='bbox 1420 1829 1469 1863; x_wconf 79' lang='grc' dir='ltr'>τὴν</span> <span class='ocrx_word' id='word_1_648' title='bbox 1484 1828 1579 1856; x_wconf 81' lang='grc' dir='ltr'>θυσίαν</span> <span class='ocrx_word' id='word_1_649' title='bbox 1595 1828 1768 1864; x_wconf 79' lang='grc' dir='ltr'>προσδέδεξαι</span> <span class='ocrx_word' id='word_1_650' title='bbox 1786 1837 1792 1845; x_wconf 92' lang='grc'>·</span> 
     </span>
    </p>
   </div>
   <div class='ocr_carea' id='block_1_91' title="bbox 1009 1872 1794 1910">
    <p class='ocr_par' dir='ltr' id='par_1_91' title="bbox 1009 1872 1794 1910">
     <span class='ocr_line' id='line_1_91' title="bbox 1009 1872 1794 1910; baseline 0.005 -12"><span class='ocrx_word' id='word_1_651' title='bbox 1009 1873 1074 1908; x_wconf 79' lang='grc' dir='ltr'>πρὶν</span> <span class='ocrx_word' id='word_1_652' title='bbox 1083 1872 1221 1907; x_wconf 79' lang='grc' dir='ltr'>κηρύξεις,</span> <span class='ocrx_word' id='word_1_653' title='bbox 1232 1873 1432 1908; x_wconf 81' lang='grc' dir='ltr'>ὲστεφανώθης.</span> <span class='ocrx_word' id='word_1_654' title='bbox 1448 1874 1574 1909; x_wconf 82' lang='grc' dir='ltr'>Πτωχοὺς</span> <span class='ocrx_word' id='word_1_655' title='bbox 1590 1875 1636 1901; x_wconf 78' lang='grc' dir='ltr'>καὶ</span> <span class='ocrx_word' id='word_1_656' title='bbox 1644 1875 1794 1910; x_wconf 85' lang='grc' dir='ltr'>ἀγραμμά-</span> 
     </span>
    </p>
   </div>
   <div class='ocr_carea' id='block_1_92' title="bbox 1009 1916 1795 1955">
    <p class='ocr_par' dir='ltr' id='par_1_92' title="bbox 1009 1916 1795 1955">
     <span class='ocr_line' id='line_1_92' title="bbox 1009 1916 1795 1955; baseline 0.005 -14"><span class='ocrx_word' id='word_1_657' title='bbox 1009 1924 1071 1946; x_wconf 85' lang='grc' dir='ltr'>τους</span> <span class='ocrx_word' id='word_1_658' title='bbox 1085 1916 1099 1942; x_wconf 81' lang='grc' dir='ltr'>ὁ</span> <span class='ocrx_word' id='word_1_659' title='bbox 1114 1916 1230 1951; x_wconf 74' lang='grc' dir='ltr'>Χριστος</span> <span class='ocrx_word' id='word_1_660' title='bbox 1250 1916 1401 1949; x_wconf 79' lang='grc' dir='ltr'>ἐξελέξατο.</span> <span class='ocrx_word' id='word_1_661' title='bbox 1425 1918 1457 1944; x_wconf 80' lang='lat' dir='ltr'><strong>&#39;ii</strong></span> <span class='ocrx_word' id='word_1_662' title='bbox 1474 1918 1555 1952; x_wconf 85' lang='grc' dir='ltr'>σοφία</span> <span class='ocrx_word' id='word_1_663' title='bbox 1578 1919 1632 1954; x_wconf 87' lang='grc' dir='ltr'><strong>γὰρ</strong></span> <span class='ocrx_word' id='word_1_664' title='bbox 1654 1919 1684 1945; x_wconf 86' lang='grc' dir='ltr'>οὺ</span> <span class='ocrx_word' id='word_1_665' title='bbox 1700 1919 1795 1955; x_wconf 81' lang='grc' dir='ltr'>χρῄζει</span> 
     </span>
    </p>
   </div>
   <div class='ocr_carea' id='block_1_93' title="bbox 1010 1961 1795 2001">
    <p class='ocr_par' dir='ltr' id='par_1_93' title="bbox 1010 1961 1795 2001">
     <span class='ocr_line' id='line_1_93' title="bbox 1010 1961 1795 2001; baseline 0.006 -14"><span class='ocrx_word' id='word_1_666' title='bbox 1010 1961 1179 1997; x_wconf 86' lang='grc' dir='ltr'>συνηγόρων,</span> <span class='ocrx_word' id='word_1_667' title='bbox 1202 1962 1260 1988; x_wconf 79' lang='grc' dir='ltr'>ἀλλ’</span> <span class='ocrx_word' id='word_1_668' title='bbox 1282 1963 1424 1998; x_wconf 83' lang='grc' dir='ltr'>ὑπηρετῶν</span> <span class='ocrx_word' id='word_1_669' title='bbox 1435 1972 1441 1978; x_wconf 90' lang='grc'>·</span> <span class='ocrx_word' id='word_1_670' title='bbox 1459 1964 1545 1996; x_wconf 74' lang='grc' dir='ltr'>οὐδεὶς</span> <span class='ocrx_word' id='word_1_671' title='bbox 1558 1965 1612 2000; x_wconf 86' lang='grc' dir='ltr'><strong>γὰρ</strong></span> <span class='ocrx_word' id='word_1_672' title='bbox 1635 1966 1710 1992; x_wconf 82' lang='grc' dir='ltr'>οὐδὲν</span> <span class='ocrx_word' id='word_1_673' title='bbox 1726 1966 1795 2001; x_wconf 82' lang='grc' dir='ltr'>αὐτῇ</span> 
     </span>
    </p>
   </div>
   <div class='ocr_carea' id='block_1_94' title="bbox 1009 2007 1796 2047">
    <p class='ocr_par' dir='ltr' id='par_1_94' title="bbox 1009 2007 1796 2047">
     <span class='ocr_line' id='line_1_94' title="bbox 1009 2007 1796 2047; baseline 0.008 -15"><span class='ocrx_word' id='word_1_674' title='bbox 1009 2007 1212 2043; x_wconf 77' lang='grc' dir='ltr'>παρέχει,παρ’</span> <span class='ocrx_word' id='word_1_675' title='bbox 1236 2008 1321 2043; x_wconf 80' lang='grc' dir='ltr'>αὐτῆς</span> <span class='ocrx_word' id='word_1_676' title='bbox 1334 2010 1362 2036; x_wconf 85' lang='grc' dir='ltr'>δὲ</span> <span class='ocrx_word' id='word_1_677' title='bbox 1382 2010 1481 2042; x_wconf 84' lang='grc' dir='ltr'>πάντες</span> <span class='ocrx_word' id='word_1_678' title='bbox 1497 2011 1545 2037; x_wconf 78' lang='grc' dir='ltr'>καὶ</span> <span class='ocrx_word' id='word_1_679' title='bbox 1560 2011 1647 2038; x_wconf 84' lang='grc' dir='ltr'>πάντα</span> <span class='ocrx_word' id='word_1_680' title='bbox 1663 2011 1796 2047; x_wconf 75' lang='grc' dir='ltr'>λαμϐάνο-</span> 
     </span>
    </p>
   </div>
   <div class='ocr_carea' id='block_1_95' title="bbox 1011 2061 1072 2088">
    <p class='ocr_par' dir='ltr' id='par_1_95' title="bbox 1011 2061 1072 2088">
     <span class='ocr_line' id='line_1_95' title="bbox 1011 2061 1072 2088; baseline 0 -10"><span class='ocrx_word' id='word_1_681' title='bbox 1011 2061 1072 2088; x_wconf 84' lang='grc' dir='ltr'>μεν.</span> 
     </span>
    </p>
   </div>
   <div class='ocr_carea' id='block_1_96' title="bbox 1379 2146 1438 2172">
    <p class='ocr_par' dir='ltr' id='par_1_96' title="bbox 1379 2146 1438 2172">
     <span class='ocr_line' id='line_1_96' title="bbox 1379 2146 1438 2172; baseline 0.017 -1"><span class='ocrx_word' id='word_1_682' title='bbox 1379 2146 1438 2172; x_wconf 79' lang='grc' dir='ltr'><strong>Σο’.</strong></span> 
     </span>
    </p>
   </div>
   <div class='ocr_carea' id='block_1_97' title="bbox 1015 2200 1796 2236">
    <p class='ocr_par' dir='ltr' id='par_1_97' title="bbox 1015 2200 1796 2236">
     <span class='ocr_line' id='line_1_97' title="bbox 1015 2200 1796 2236; baseline 0.003 -10"><span class='ocrx_word' id='word_1_683' title='bbox 1015 2200 1070 2226; x_wconf 86' lang='grc' dir='ltr'><strong>Τοῦ</strong></span> <span class='ocrx_word' id='word_1_684' title='bbox 1089 2200 1304 2234; x_wconf 77' lang='grc' dir='ltr'>Χρυσοστόμου</span> <span class='ocrx_word' id='word_1_685' title='bbox 1317 2200 1351 2227; x_wconf 78' lang='grc' dir='ltr'>ἐκ</span> <span class='ocrx_word' id='word_1_686' title='bbox 1366 2201 1418 2228; x_wconf 87' lang='grc' dir='ltr'>τοῦ</span> <span class='ocrx_word' id='word_1_687' title='bbox 1431 2203 1474 2234; x_wconf 74' lang='grc' dir='ltr'>εἰς</span> <span class='ocrx_word' id='word_1_688' title='bbox 1485 2202 1538 2228; x_wconf 82' lang='grc' dir='ltr'><strong>τὸν</strong></span> <span class='ocrx_word' id='word_1_689' title='bbox 1557 2201 1642 2236; x_wconf 78' lang='grc' dir='ltr'>ἅγιον</span> <span class='ocrx_word' id='word_1_690' title='bbox 1665 2201 1796 2229; x_wconf 80' lang='grc' dir='ltr'>Παῦλον.</span> 
     </span>
    </p>
   </div>
   <div class='ocr_carea' id='block_1_98' title="bbox 1055 2245 1798 2283">
    <p class='ocr_par' dir='ltr' id='par_1_98' title="bbox 1055 2245 1798 2283">
     <span class='ocr_line' id='line_1_98' title="bbox 1055 2245 1798 2283; baseline 0.004 -12"><span class='ocrx_word' id='word_1_691' title='bbox 1055 2245 1224 2282; x_wconf 81' lang='grc' dir='ltr'>’Δνεγνώσθη</span> <span class='ocrx_word' id='word_1_692' title='bbox 1240 2246 1288 2273; x_wconf 83' lang='grc' dir='ltr'>τοῦ</span> <span class='ocrx_word' id='word_1_693' title='bbox 1303 2248 1497 2283; x_wconf 86' lang='grc' dir='ltr'>Χρυσοστόμου</span> <span class='ocrx_word' id='word_1_694' title='bbox 1510 2249 1542 2275; x_wconf 79' lang='grc' dir='ltr'>ὲκ</span> <span class='ocrx_word' id='word_1_695' title='bbox 1556 2248 1602 2274; x_wconf 84' lang='grc' dir='ltr'>τοῦ</span> <span class='ocrx_word' id='word_1_696' title='bbox 1612 2249 1652 2279; x_wconf 75' lang='grc' dir='ltr'>εἰς</span> <span class='ocrx_word' id='word_1_697' title='bbox 1663 2247 1710 2274; x_wconf 81' lang='grc' dir='ltr'>τὸν</span> <span class='ocrx_word' id='word_1_698' title='bbox 1721 2248 1798 2282; x_wconf 73' lang='grc' dir='ltr'>ἅγιον</span> 
     </span>
    </p>
   </div>
   <div class='ocr_carea' id='block_1_99' title="bbox 1015 2292 1130 2320">
    <p class='ocr_par' dir='ltr' id='par_1_99' title="bbox 1015 2292 1130 2320">
     <span class='ocr_line' id='line_1_99' title="bbox 1015 2292 1130 2320; baseline 0.009 -1"><span class='ocrx_word' id='word_1_699' title='bbox 1015 2292 1130 2320; x_wconf 80' lang='grc' dir='ltr'>Παῦλον.</span> 
     </span>
    </p>
   </div>
   <div class='ocr_carea' id='block_1_100' title="bbox 1050 2336 1799 2375">
    <p class='ocr_par' dir='ltr' id='par_1_100' title="bbox 1050 2336 1799 2375">
     <span class='ocr_line' id='line_1_100' title="bbox 1050 2336 1799 2375; baseline 0.003 -10"><span class='ocrx_word' id='word_1_700' title='bbox 1050 2336 1152 2366; x_wconf 87' lang='grc' dir='ltr'>Ἦλθεν</span> <span class='ocrx_word' id='word_1_701' title='bbox 1168 2341 1208 2371; x_wconf 85' lang='grc' dir='ltr'><strong>εἰς</strong></span> <span class='ocrx_word' id='word_1_702' title='bbox 1226 2340 1274 2374; x_wconf 79' lang='grc' dir='ltr'>τὴν</span> <span class='ocrx_word' id='word_1_703' title='bbox 1291 2340 1430 2375; x_wconf 78' lang='grc' dir='ltr'>’Δντιόχου</span> <span class='ocrx_word' id='word_1_704' title='bbox 1447 2339 1522 2366; x_wconf 77' lang='grc' dir='ltr'>πόλιν</span> <span class='ocrx_word' id='word_1_705' title='bbox 1534 2341 1549 2366; x_wconf 83' lang='grc' dir='ltr'>ὁ</span> <span class='ocrx_word' id='word_1_706' title='bbox 1565 2339 1680 2372; x_wconf 75' lang='grc' dir='ltr'>Παῦλος,</span> <span class='ocrx_word' id='word_1_707' title='bbox 1695 2340 1744 2367; x_wconf 79' lang='grc' dir='ltr'>’καὶ</span> <span class='ocrx_word' id='word_1_708' title='bbox 1755 2349 1799 2367; x_wconf 85' lang='grc' dir='ltr'>το-</span> 
     </span>
    </p>
   </div>
   <div class='ocr_carea' id='block_1_101' title="bbox 1017 2385 1799 2423">
    <p class='ocr_par' dir='ltr' id='par_1_101' title="bbox 1017 2385 1799 2423">
     <span class='ocr_line' id='line_1_101' title="bbox 1017 2385 1799 2423; baseline 0.004 -12"><span class='ocrx_word' id='word_1_709' title='bbox 1017 2385 1112 2412; x_wconf 83' lang='grc' dir='ltr'>σοῦτον</span> <span class='ocrx_word' id='word_1_710' title='bbox 1126 2386 1229 2421; x_wconf 82' lang='grc' dir='ltr'>πλῆθος</span> <span class='ocrx_word' id='word_1_711' title='bbox 1251 2387 1354 2413; x_wconf 85' lang='grc' dir='ltr'>πιστῶν</span> <span class='ocrx_word' id='word_1_712' title='bbox 1371 2387 1545 2422; x_wconf 77' lang='grc' dir='ltr'>ἐγεώργησεν</span> <span class='ocrx_word' id='word_1_713' title='bbox 1559 2387 1598 2418; x_wconf 85' lang='grc' dir='ltr'>ὡς</span> <span class='ocrx_word' id='word_1_714' title='bbox 1613 2388 1799 2423; x_wconf 77' lang='grc' dir='ltr'>προσηγορέαν</span> 
     </span>
    </p>
   </div>
   <div class='ocr_carea' id='block_1_102' title="bbox 1016 2431 1799 2468">
    <p class='ocr_par' dir='ltr' id='par_1_102' title="bbox 1016 2431 1799 2468">
     <span class='ocr_line' id='line_1_102' title="bbox 1016 2431 1799 2468; baseline 0.003 -11"><span class='ocrx_word' id='word_1_715' title='bbox 1016 2431 1066 2465; x_wconf 79' lang='grc' dir='ltr'>τὴν</span> <span class='ocrx_word' id='word_1_716' title='bbox 1082 2431 1104 2447; x_wconf 84' lang='grc'><strong>³⁸</strong></span> <span class='ocrx_word' id='word_1_717' title='bbox 1123 2432 1177 2458; x_wconf 85' lang='grc' dir='ltr'>τῶν</span> <span class='ocrx_word' id='word_1_718' title='bbox 1198 2433 1368 2467; x_wconf 78' lang='grc' dir='ltr'>Χριστιανῶν</span> <span class='ocrx_word' id='word_1_719' title='bbox 1387 2432 1448 2459; x_wconf 82' lang='grc' dir='ltr'>τότε</span> <span class='ocrx_word' id='word_1_720' title='bbox 1462 2433 1568 2468; x_wconf 85' lang='grc' dir='ltr'>πρῶτον</span> <span class='ocrx_word' id='word_1_721' title='bbox 1588 2433 1616 2459; x_wconf 77' lang='grc' dir='ltr'>ἐν</span> <span class='ocrx_word' id='word_1_722' title='bbox 1632 2433 1699 2468; x_wconf 83' lang='grc' dir='ltr'>αὐτῇ</span> <span class='ocrx_word' id='word_1_723' title='bbox 1716 2433 1799 2468; x_wconf 81' lang='grc' dir='ltr'>ἀνθῆ-</span> 
     </span>
    </p>
   </div>
   <div class='ocr_carea' id='block_1_103' title="bbox 1019 2475 1801 2512">
    <p class='ocr_par' dir='ltr' id='par_1_103' title="bbox 1019 2475 1801 2512">
     <span class='ocr_line' id='line_1_103' title="bbox 1019 2475 1801 2512; baseline 0.003 -11"><span class='ocrx_word' id='word_1_724' title='bbox 1019 2483 1075 2502; x_wconf 89' lang='grc' dir='ltr'>σαι.</span> <span class='ocrx_word' id='word_1_725' title='bbox 1090 2475 1198 2511; x_wconf 81' lang='grc' dir='ltr'>Ταύτην</span> <span class='ocrx_word' id='word_1_726' title='bbox 1210 2477 1298 2503; x_wconf 83' lang='grc' dir='ltr'>τοίνυν</span> <span class='ocrx_word' id='word_1_727' title='bbox 1312 2477 1344 2503; x_wconf 82' lang='grc' dir='ltr'>ἐκ</span> <span class='ocrx_word' id='word_1_728' title='bbox 1359 2477 1407 2512; x_wconf 85' lang='grc' dir='ltr'>τῆς</span> <span class='ocrx_word' id='word_1_729' title='bbox 1418 2477 1573 2512; x_wconf 78' lang='grc' dir='ltr'>ἐπιγραφῆς</span> <span class='ocrx_word' id='word_1_730' title='bbox 1585 2476 1633 2503; x_wconf 82' lang='grc' dir='ltr'>τοῦ</span> <span class='ocrx_word' id='word_1_731' title='bbox 1648 2477 1739 2512; x_wconf 82' lang='grc' dir='ltr'>βωμοῦ</span> <span class='ocrx_word' id='word_1_732' title='bbox 1750 2478 1801 2512; x_wconf 86' lang='grc' dir='ltr'>τὴν</span> 
     </span>
    </p>
   </div>
   <div class='ocr_carea' id='block_1_104' title="bbox 1021 2521 1801 2558">
    <p class='ocr_par' dir='ltr' id='par_1_104' title="bbox 1021 2521 1801 2558">
     <span class='ocr_line' id='line_1_104' title="bbox 1021 2521 1801 2558; baseline 0.003 -10"><span class='ocrx_word' id='word_1_733' title='bbox 1021 2521 1147 2556; x_wconf 77' lang='grc' dir='ltr'>ἀφορμὴν</span> <span class='ocrx_word' id='word_1_734' title='bbox 1164 2522 1252 2549; x_wconf 73' lang='grc' dir='ltr'>λαϐὼν</span> <span class='ocrx_word' id='word_1_735' title='bbox 1270 2524 1284 2548; x_wconf 86' lang='grc' dir='ltr'>ὁ</span> <span class='ocrx_word' id='word_1_736' title='bbox 1298 2523 1481 2557; x_wconf 80' lang='grc' dir='ltr'>πνευματικὸς</span> <span class='ocrx_word' id='word_1_737' title='bbox 1497 2523 1577 2558; x_wconf 77' lang='grc' dir='ltr'>ἡμῶν</span> <span class='ocrx_word' id='word_1_738' title='bbox 1595 2524 1687 2558; x_wconf 80' lang='grc' dir='ltr'>ῥήτωρ</span> <span class='ocrx_word' id='word_1_739' title='bbox 1701 2523 1749 2558; x_wconf 78' lang='grc' dir='ltr'>τὴν</span> <span class='ocrx_word' id='word_1_740' title='bbox 1763 2525 1801 2550; x_wconf 83' lang='grc' dir='ltr'><strong>οἰ-</strong></span> 
     </span>
    </p>
   </div>
   <div class='ocr_carea' id='block_1_105' title="bbox 1021 2567 1802 2602">
    <p class='ocr_par' dir='ltr' id='par_1_105' title="bbox 1021 2567 1802 2602">
     <span class='ocr_line' id='line_1_105' title="bbox 1021 2567 1802 2602; baseline 0.005 -10"><span class='ocrx_word' id='word_1_741' title='bbox 1021 2567 1097 2593; x_wconf 87' lang='grc' dir='ltr'>κείαν</span> <span class='ocrx_word' id='word_1_742' title='bbox 1113 2567 1275 2602; x_wconf 83' lang='grc' dir='ltr'>παρεισάγει</span> <span class='ocrx_word' id='word_1_743' title='bbox 1294 2568 1480 2600; x_wconf 82' lang='grc' dir='ltr'>διδασκαλίαν,</span> <span class='ocrx_word' id='word_1_744' title='bbox 1498 2570 1530 2595; x_wconf 84' lang='grc' dir='ltr'>ὲκ</span> <span class='ocrx_word' id='word_1_745' title='bbox 1542 2569 1596 2596; x_wconf 88' lang='grc' dir='ltr'>τῶν</span> <span class='ocrx_word' id='word_1_746' title='bbox 1610 2569 1658 2596; x_wconf 82' lang='grc' dir='ltr'>τοῦ</span> <span class='ocrx_word' id='word_1_747' title='bbox 1677 2569 1700 2585; x_wconf 78' lang='lat'><strong>“</strong></span> <span class='ocrx_word' id='word_1_748' title='bbox 1713 2569 1802 2596; x_wconf 75' lang='grc' dir='ltr'>διαϐό-</span> 
     </span>
    </p>
   </div>
   <div class='ocr_carea' id='block_1_106' title="bbox 1027 2668 1687 2706">
    <p class='ocr_par' dir='ltr' id='par_1_106' title="bbox 1027 2668 1687 2706">
     <span class='ocr_line' id='line_1_106' title="bbox 1027 2668 1687 2706; baseline 0.005 -10"><span class='ocrx_word' id='word_1_749' title='bbox 1027 2669 1040 2689; x_wconf 71' lang='lat' dir='ltr'><strong>h</strong></span> <span class='ocrx_word' id='word_1_750' title='bbox 1055 2668 1106 2697; x_wconf 84' lang='lat' dir='ltr'><strong>isa.</strong></span> <span class='ocrx_word' id='word_1_751' title='bbox 1118 2678 1176 2702; x_wconf 83' lang='lat' dir='ltr'><strong>Lnl,</strong></span> <span class='ocrx_word' id='word_1_752' title='bbox 1194 2671 1220 2699; x_wconf 85' lang='lat'><strong>6.</strong></span> <span class='ocrx_word' id='word_1_753' title='bbox 1239 2671 1247 2690; x_wconf 70' lang='grc' dir='ltr'><strong>ί</strong></span> <span class='ocrx_word' id='word_1_754' title='bbox 1265 2671 1332 2699; x_wconf 85' lang='lat' dir='ltr'><strong>Gen.</strong></span> <span class='ocrx_word' id='word_1_755' title='bbox 1351 2680 1388 2704; x_wconf 75' lang='lat' dir='ltr'><strong>vr,</strong></span> <span class='ocrx_word' id='word_1_756' title='bbox 1405 2673 1433 2700; x_wconf 78' lang='grc'><strong>5.</strong></span> <span class='ocrx_word' id='word_1_757' title='bbox 1481 2673 1488 2697; x_wconf 89' lang='lat' dir='ltr'><strong>i</strong></span> <span class='ocrx_word' id='word_1_758' title='bbox 1509 2672 1587 2700; x_wconf 84' lang='lat' dir='ltr'><strong>Joan.</strong></span> <span class='ocrx_word' id='word_1_759' title='bbox 1607 2680 1628 2706; x_wconf 83' lang='grc' dir='ltr'><strong>ι,</strong></span> <span class='ocrx_word' id='word_1_760' title='bbox 1642 2672 1687 2699; x_wconf 70' lang='grc'><strong>42.</strong></span> 
     </span>
    </p>
   </div>
   <div class='ocr_carea' id='block_1_107' title="bbox 838 2757 1182 2788">
    <p class='ocr_par' dir='ltr' id='par_1_107' title="bbox 838 2757 1182 2788">
     <span class='ocr_line' id='line_1_107' title="bbox 838 2757 1182 2788; baseline 0.012 -5"><span class='ocrx_word' id='word_1_761' title='bbox 838 2757 956 2785; x_wconf 65' lang='lat' dir='ltr'><strong>VABixE</strong></span> <span class='ocrx_word' id='word_1_762' title='bbox 977 2757 1182 2788; x_wconf 86' lang='lat' dir='ltr'><strong>LECTIONES.</strong></span> 
     </span>
    </p>
   </div>
   <div class='ocr_carea' id='block_1_108' title="bbox 204 2808 1802 2858">
    <p class='ocr_par' dir='ltr' id='par_1_108' title="bbox 204 2808 1802 2858">
     <span class='ocr_line' id='line_1_108' title="bbox 204 2808 1802 2858; baseline 0 0"><span class='ocrx_word' id='word_1_763' title='bbox 204 2808 627 2858; x_wconf 48' lang='grc' dir='ltr'><strong>Ξοῗ,ιέέέἓξέμλρτιη-..ιτὲἒτ</strong></span> <span class='ocrx_word' id='word_1_764' title='bbox 645 2814 858 2858; x_wconf 60' lang='grc' dir='ltr'><strong>έεώῖηςεςλλ</strong></span> <span class='ocrx_word' id='word_1_765' title='bbox 878 2817 1089 2858; x_wconf 48' lang='grc' dir='ltr'><strong>ιάπέκρέςιςςτ</strong></span> <span class='ocrx_word' id='word_1_766' title='bbox 1127 2819 1362 2858; x_wconf 67' lang='grc' dir='ltr'><strong>³3πῷςγάργέγ.</strong></span> <span class='ocrx_word' id='word_1_767' title='bbox 1382 2830 1412 2853; x_wconf 80' lang='grc' dir='ltr'>ς.</span> <span class='ocrx_word' id='word_1_768' title='bbox 1450 2821 1471 2837; x_wconf 77' lang='grc' dir='ltr'>ιι</span> <span class='ocrx_word' id='word_1_769' title='bbox 1491 2829 1628 2858; x_wconf 61' lang='lat' dir='ltr'><strong>avenam</strong></span> <span class='ocrx_word' id='word_1_770' title='bbox 1645 2831 1674 2854; x_wconf 84' lang='grc' dir='ltr'>ς.</span> <span class='ocrx_word' id='word_1_771' title='bbox 1712 2823 1802 2858; x_wconf 68' lang='grc' dir='ltr'>δείμα-</span> 
     </span>
    </p>
   </div>
   <div class='ocr_carea' id='block_1_109' title="bbox 184 2844 1802 2893">
    <p class='ocr_par' dir='ltr' id='par_1_109' title="bbox 184 2844 1802 2893">
     <span class='ocr_line' id='line_1_109' title="bbox 184 2844 1802 2893; baseline 0.009 -23"><span class='ocrx_word' id='word_1_772' title='bbox 264 2844 283 2893; x_wconf 53' lang='lat' dir='ltr'><strong>ii</strong></span> <span class='ocrx_word' id='word_1_773' title='bbox 327 2847 434 2881; x_wconf 77' lang='grc' dir='ltr'>ἱμάτιον</span> <span class='ocrx_word' id='word_1_774' title='bbox 448 2855 478 2879; x_wconf 81' lang='grc' dir='ltr'><strong>ς.</strong></span> <span class='ocrx_word' id='word_1_775' title='bbox 516 2847 538 2864; x_wconf 79' lang='grc'><strong>⁸³</strong></span> <span class='ocrx_word' id='word_1_776' title='bbox 552 2848 669 2877; x_wconf 70' lang='grc' dir='ltr'>οὐδὲνΛ.</span> <span class='ocrx_word' id='word_1_777' title='bbox 709 2844 731 2866; x_wconf 69' lang='grc'><strong>⁵⁸</strong></span> <span class='ocrx_word' id='word_1_778' title='bbox 749 2844 861 2887; x_wconf 61' lang='grc' dir='ltr'>ἀνάψεις</span> <span class='ocrx_word' id='word_1_779' title='bbox 881 2852 918 2880; x_wconf 83' lang='grc' dir='ltr'><strong>Β;</strong></span> <span class='ocrx_word' id='word_1_780' title='bbox 935 2844 1116 2888; x_wconf 39' lang='lat' dir='ltr'><strong>avsum};</strong></span> <span class='ocrx_word' id='word_1_781' title='bbox 1131 2844 1167 2882; x_wconf 76' lang='grc' dir='ltr'>ἂν</span> <span class='ocrx_word' id='word_1_782' title='bbox 1178 2844 1363 2892; x_wconf 34' lang='lat' dir='ltr'><strong>tinfiqi</strong></span> <span class='ocrx_word' id='word_1_783' title='bbox 1379 2844 1680 2893; x_wconf 58' lang='grc' dir='ltr'>ἆροσηγῗᾶᾦόζὲἐίνὲ.</span> <span class='ocrx_word' id='word_1_784' title='bbox 1719 2844 1802 2885; x_wconf 48' lang='lat'><strong>&quot;&quot;556</strong></span> 
     </span>
    </p>
   </div>
   <div class='ocr_carea' id='block_1_110' title="bbox 184 2879 305 2906">
    <p class='ocr_par' dir='ltr' id='par_1_110' title="bbox 184 2879 305 2906">
     <span class='ocr_line' id='line_1_110' title="bbox 184 2879 305 2906; baseline 0.017 -2"><span class='ocrx_word' id='word_1_785' title='bbox 184 2879 244 2906; x_wconf 81' lang='lat' dir='ltr'><strong>add.</strong></span> <span class='ocrx_word' id='word_1_786' title='bbox 266 2880 305 2906; x_wconf 80' lang='grc' dir='ltr'><strong>Α.-</strong></span> 
     </span>
    </p>
   </div>
  </div>
