1959 3081
109 136 150 168 201

572 137 834 168 BIBLIOTHECA.
856 151 888 156 -
903 139 1010 169 CODD.
1028 139 1159 177 CCLXX,
1177 140 1324 170 CCLXXI.

1670 139 1724 172 202

110 188 148 219 λου
166 190 332 226 γραμμάτων
353 191 530 226 πιστούμενος
550 191 600 226 τὴν
619 191 760 226 ἀλήθειαν.
783 191 880 226 Βωμὺν
896 209 901 223 λ

947 193 971 220 ic
998 193 1171 221 inscribendo
1189 202 1195 218 :
1216 193 1309 228 Ignoto
1338 191 1404 224 Deo,
1430 199 1510 226 quem
1534 199 1584 228 ego
1610 193 1725 223 veniens

110 237 260 271 ἀνεστήσατε
273 235 318 262 διὰ
345 235 394 270 τῆς
408 235 563 270 ἐπιγραφῆς
577 235 615 267 ὡς
629 235 687 262 ἔστι
706 235 772 268 Θεὸς
787 236 881 272 ἕτερος

110 281 273 316 ἀγνοούμενος
284 289 291 296 ·
308 280 403 307 τοῦτον
412 281 473 315 ἥκω
483 280 626 316 κηρύττων
639 281 704 315 ἐγώ.
720 283 752 309 Ὢ
763 283 892 318 παραδό-’

110 328 154 359 ξων
166 327 330 362 πραγμάτων
346 327 353 353 1
369 327 415 352 τὸν
431 326 524 362 βωμὸν
532 327 578 354 τοῦ
593 327 717 354 διαϐόλου
732 329 882 363 συνήγορον

109 373 228 408 πεποίηκε
250 373 296 399 τοῦ
312 372 447 408 Χριστοῦ⁶
470 372 501 398 τὸ
517 372 566 407 τῆς
592 373 696 408 πλάνης
715 373 883 409 ἐπίγραμμα

111 418 170 452 ὑπὲρ
180 419 226 452 τῆς
235 417 365 453 ἀληθείας
386 417 535 451 ἐφθέγγετο
554 425 561 432 ·
582 417 664 453 [1489
681 417 727 454 IL]
743 418 774 445 'H
791 418 876 454 στήλη

109 465 150 498 τῆς
159 463 261 498 ἀπάτης
273 463 447 498 ὲστηλίτευσε
462 464 513 498 τὴν
523 463 641 498 ἀπάτην.
663 464 771 499 Ἐπειδὴ
785 464 818 491 τὰ
830 464 885 491 τῶν

109 508 242 544 πφψητῶν
278 507 429 542 ’Δθηναίοις
459 505 493 543 ἦν
520 507 739 543 δυσπαράὂεκτα,
757 509 771 534 ὁ
788 508 880 542 βωμὸς

109 556 151 582 καὶ
171 555 203 582 τὰ
217 555 371 589 γράμματα
393 553 447 580 τῶν
470 553 604 588 δαιμόνων
623 555 655 589 τῇ
680 553 759 589 σοφίᾳ
776 553 884 580 Παύλου

109 602 231 635 ἐκήρυσσε
242 600 292 634 τὴν
306 599 459 625 εὐσέϐειαν.
475 599 604 633 Είστήκει
616 598 724 634 θρηνῶν
735 600 749 626 ὸ
763 599 885 631 διάϐολος

106 647 170 682 ὀρῶν
186 645 266 673 αὑτοῦ
279 646 314 672 τὰ
340 645 495 680 σοφίσματα
512 645 582 680 ὑπὲρ
596 645 716 681 Χριστοῦ
727 645 888 680 ῥητορεύον-

933 239 1067 266 annuntio
1083 238 1169 266 vobis.
1184 237 1208 265 Ο
1219 245 1276 265 rem
1291 238 1406 265 novam!
1423 238 1478 264 Ara
1490 238 1610 271 diaboli,
1622 239 1723 268 Christi

933 291 1023 312 causa:
1036 285 1203 319 patrocinata
1217 289 1268 312 est.
1287 283 1432 318 Inscriptio
1445 283 1547 311 erroris
1565 285 1674 312 veritati
1685 289 1727 313 te-

933 330 1090 357 stimonium
1105 330 1230 365 praebuit,
1243 329 1347 357 fraudis
1366 329 1489 356 iraudem
1501 330 1508 340 “
1517 330 1666 363 detegendo
1678 338 1728 365 pu-

933 375 1055 403 blicavit.
1085 375 1154 403 Cum
1177 375 1372 410 prophetarum
1404 374 1514 401 oracula
1541 375 1724 403 Athenienses

933 427 987 447 non
1005 424 1143 454 caperent,
1155 427 1201 446 ara
1214 424 1242 446 et
1253 419 1396 454 inscriptio
1411 419 1566 446 daemonum
1585 419 1661 446 Pauli
1679 427 1725 447 sa—

932 464 1034 499 pientia
1049 473 1141 492 verum
1159 465 1205 492 Dei
1221 465 1323 492 cultum
1340 464 1524 491 annuntiavit.
1544 464 1636 491 Doluit
1660 473 1728 493 sane

933 511 1052 540 daemon.
1075 511 1170 537 videns
1193 510 1314 545 argutias
1353 517 1418 537 suas
1440 510 1468 536 in
1494 510 1593 537 Christi
1619 510 1727 538 laudem

935 563 1094 582 conversas.
1105 555 1238 590 Ingemuit
1251 555 1389 590 aspiciens
1405 555 1518 583 Paulum
1530 556 1626 582 ducem
1640 564 1729 590 quon«

935 602 997 629 dam
1015 609 1092 629 suum
1109 606 1204 629 contra
1222 609 1252 629 se
1272 605 1434 634 certantem,
1454 602 1628 637 propriisque
1645 601 1728 628 armis

937 652 1166 682 prosternentem.

107 701 145 719 τι.
167 691 285 718 Ἐπένθει
310 690 416 726 βλέπων
443 690 489 717 τὸν
509 690 592 717 αὑτοῦ
617 690 640 707 ³⁷
655 691 769 726 ἀριστέα
788 690 893 718 Παῦλον
913 692 974 719 κατ’
992 692 1075 720 αὐτοῦ
1104 692 1318 728 στρατηγοῦντα,
1348 693 1395 720 καὶ
1423 694 1480 724 τοῖς
1502 693 1612 726 οἰκείοις
1636 694 1728 725 ὅπλοις

106 739 180 766 αὐτὸν
192 738 405 765 καταϐάλλοντα.

450 784 521 811 ΣοΑ¹
526 803 532 810 .

111 830 159 858 Τοῦ
176 830 337 864 Ἀστερίου,
356 830 523 866 ἐπισκόπου
539 830 700 866 Ἀμιιο-είας
713 838 886 866 προτρεπτι-

306 866 360 898 κὸς
377 867 422 898 είς
438 864 496 899 τὴν
507 865 678 899 μετάνοιαν.

145 910 309 945 ’Δνεγνωσθη
322 909 370 936 τοῦ
385 909 408 926 ³⁸
427 909 563 945 μακαρίου
571 911 721 946 Ἀστερίου,
738 912 888 939 ἐπισκόπου

114 957 262 992 Ἀμασείας,
275 957 307 983 ὲκ
322 956 368 983 τοῦ
381 956 581 992 προτρεπτικοῦ
590 957 629 988 είς
644 957 694 992 τὴν
702 957 724 973 ³³
733 959 888 992 μετάνοιαν.

145 1003 171 1029 '0
187 1003 277 1029 τοίνυν
297 1002 416 1034 Λουκᾶς,
434 1003 448 1028 ὸ
460 1002 540 1028 πλέον
556 1003 610 1028 τῶν
626 1002 719 1037 ψυχῶν
734 1003 750 1038 ἢ
764 1003 819 1030 τῶν
836 1013 890 1031 σω-

109 1048 195 1083 μάτων
207 1047 299 1083 ἰατρὺς
311 1047 391 1074 αὑτὸν
406 1047 487 1082 ἡμῶν
501 1047 546 1074 τὸν
558 1047 624 1074 Θεὸν
637 1048 685 1074 καὶ
700 1048 815 1083 Σωτῆρα
826 1049 890 1075 ἀνα-

106 1096 200 1131 γράφει
210 1094 452 1129 συγγνωμονικῶς,
462 1095 518 1126 τοῖς
531 1095 766 1130 κατεγνωσμένοις
775 1103 891 1121 συνανα-

107 1141 295 1177 στρεφόμενον,
313 1141 363 1176 οὐχ
388 1141 430 1167 ἵνα
449 1150 475 1167 τι
488 1140 630 1177 προσλάϐῃ
646 1141 695 1176 τῆς
711 1141 824 1168 ἐκείνων
839 1149 890 1167 κα-

107 1187 175 1218 κίας,
189 1186 248 1214 ἀλλ’
266 1186 310 1213 ἵνα
329 1185 436 1221 μεταδῷ
451 1185 501 1220 τῆς
519 1185 622 1218 οἰκείας
636 1186 819 1221 δικαιοσύνης.
835 1186 892 1213 Καὶ

106 1234 157 1268 γὰρ
166 1233 211 1260 καὶ
224 1233 238 1259 ὁ
252 1232 338 1266 ἥλιος,
349 1233 410 1258 ὅσον
422 1232 476 1258 ἀπὸ
492 1231 539 1258 τοῦ
555 1231 703 1267 κτίσματος
710 1232 758 1258 τοῦ
774 1232 890 1259 Κτίστυυ

106 1279 278 1313 παραστῆσαι
298 1278 346 1312 τὴν
363 1278 503 1313 πρόνοιαν,
515 1279 547 1304 οὐ
564 1278 613 1310 τὰς
624 1277 793 1313 ήπλωμένας
810 1279 890 1313 μόνον

107 1324 253 1358 ἐπιλάμπει
271 1324 377 1359 χώρας,
390 1322 459 1349 ἀλλὰ
477 1323 524 1350 καὶ
536 1323 598 1349 ὅσαι
615 1323 768 1357 κοιλότεραι
783 1324 892 1358 καὶτῆς

105 1369 254 1405 ἀντρώδους
265 1369 360 1404 ἔλαχον
373 1369 484 1399 θέσεως.
502 1368 532 1395 '0
547 1368 596 1403 τῆς
612 1368 759 1403 θεραπείας
775 1368 893 1395 ἀπελπί-

107 1425 153 1447 σας
164 1416 255 1448 δοῦλος
268 1416 373 1450 γίνεται
385 1415 513 1447 καθάπαξ
532 1415 581 1449 τῆς
594 1414 685 1441 νόσου.
702 1414 736 1441 Εἴ
753 1423 826 1445 τινες
844 1423 893 1440 κα-

105 1463 138 1489 τὰ
152 1462 244 1489 παθῶν
267 1461 410 1496 νικηφόροι
435 1460 630 1496 ἀνεδείχθησαν
653 1460 700 1487 καὶ
721 1459 759 1491 ὡς
787 1459 894 1495 ἀληθῶς

106 1509 196 1535 ἐπάνω
220 1507 309 1543 ὄφεων
334 1508 382 1534 καὶ
410 1507 548 1542 σκορπίων
564 1506 598 1532 τὰ
629 1506 689 1541 ἴχνη
715 1505 816 1537 ἔθεντο,
834 1505 894 1532 οὐδὲ

903 884 925 910 Β

1261 780 1400 809 CCLXXI.
1627 819 1633 826 I

977 825 1074 852 Asterii
1092 824 1212 852 Amasew
1235 826 1350 860 episcopi
1374 833 1460 852 sermo
1479 825 1512 852 de
1527 824 1692 860 poenitentia.

975 913 1039 948 Legi
1079 914 1299 941 adhortationem
1336 913 1370 940 ad
1411 913 1602 949 pteuitentiam
1641 916 1729 943 sancti

940 957 1042 985 Asterii
1059 957 1181 992 episcopi
1195 956 1329 984 Amaseze.

976 1003 1065 1030 Lucas
1082 1003 1168 1039 magis
1191 1003 1346 1030 animarum
1372 1010 1454 1038 quam
1475 1010 1620 1038 corporum
1643 1005 1731 1033 medi-

940 1057 1008 1083 cus,
1027 1049 1113 1076 Deum
1128 1053 1252 1076 nostrum
1276 1053 1302 1076 et
1321 1049 1489 1077 Salvatorem
1504 1048 1519 1069 ὶ
1534 1058 1597 1078 cum
1613 1051 1731 1078 homini-

941 1096 992 1124 bus
1014 1096 1210 1131 paenitentibus
1227 1100 1367 1124 versatum
1391 1096 1499 1128 scribit,
1516 1104 1570 1124 non
1591 1101 1622 1124 ut
1634 1105 1729 1125 eorum

942 1143 1073 1170 malitiam
1087 1146 1223 1175 assumat,
1238 1141 1285 1169 sed
1302 1141 1439 1177 propriam
1453 1141 1588 1177 justitiam
1603 1142 1656 1170 illis
1674 1143 1731 1170 lar-

942 1189 1042 1223 giatur.
1062 1188 1166 1216 Etenim
1191 1188 1243 1221 sol,
1269 1188 1347 1222 quasi
1366 1187 1423 1223 jam
1449 1187 1484 1215 ab
1512 1192 1572 1215 ortu
1594 1187 1732 1216 Creatoris

943 1235 1142 1270 providentiam
1163 1233 1325 1266 ostenderit,
1346 1241 1401 1261 non
1415 1238 1541 1269 patentes
1560 1234 1640 1262 modo
1657 1242 1732 1261 cam-

943 1280 1128 1316 posillustrat,
1141 1280 1188 1308 sed
1197 1280 1279 1307 etiam
1288 1287 1418 1313 concava,
1439 1284 1466 1308 et
1488 1287 1648 1308 cavernosa.
1680 1279 1734 1314 Qui

943 1326 977 1353 de
999 1326 1120 1353 remedio
1138 1325 1277 1360 desperat,
1303 1329 1392 1353 totum
1416 1333 1446 1353 se
1463 1326 1560 1353 morbo
1583 1326 1732 1361 mancipat,

944 1371 967 1399 si
988 1371 1035 1406 qui
1050 1371 1138 1398 malas
1153 1371 1296 1405 passiones
1310 1371 1438 1403 vicerint,
1452 1374 1480 1398 et
1504 1378 1567 1398 vere
1582 1379 1664 1406 super
1675 1379 1734 1399 ser—

945 1421 1042 1451 pentes
1068 1416 1167 1452 499a
1191 1417 1405 1451 scorpioncsque
1427 1416 1579 1448 ambulant,
1601 1417 1664 1444 illos
1678 1424 1733 1444 non

945 1466 1053 1496 oportet
1072 1461 1223 1488 secundum
1244 1468 1322 1487 suam
1351 1461 1541 1488 fortitudinem
1567 1461 1649 1488 vitam
1665 1461 1734 1488 alio-

947 1514 1006 1533 rum
1024 1507 1161 1534 aastimare
1187 1511 1215 1534 et
1234 1507 1363 1541 dirigere,
1390 1506 1436 1533 sed
1455 1514 1511 1533 suae
1531 1505 1640 1534 virtutis
1651 1507 1736 1541 largi-

105 1554 217 1586 τούτους
231 1554 285 1590 χρὴ
307 1554 375 1589 πρὸς
395 1553 443 1588 τὴν
456 1553 560 1579 οἰκείαν
576 1552 701 1587 ἀνδρείαν
715 1552 762 1578 καὶ
775 1551 828 1578 τῶν
846 1551 893 1577 ἂλ-

947 1544 1000 1580 tori
1019 1552 1074 1580 Deo
1095 1552 1197 1587 gratias
1219 1559 1311 1586 agere,
1335 1550 1560 1578 imbecillioribus
1574 1558 1628 1577 non
1647 1551 1735 1579 insul-

105 1602 159 1629 λων
172 1601 323 1632 κανονίζειν
336 1600 381 1627 τὸν
399 1599 465 1634 βίον,
482 1598 550 1626 ἀλλὰ
563 1599 612 1634 τῆς
632 1598 680 1633 μὲν
702 1597 768 1629 ἰδίας
786 1597 893 1624 εὐδοκιο

107 1649 217 1683 μήσεως
229 1646 268 1681 τῷ
281 1646 408 1673 δεδωκότι
424 1645 484 1681 Θεῷ
499 1645 548 1680 τὴν
567 1646 647 1680 χάριν
666 1644 820 1679 ὁμολογεῖν,
838 1644 895 1675 τοῖς

105 1694 128 1720 δ’
139 1692 345 1727 ἀσθενεστέροις
368 1692 418 1718 οὐκ
434 1690 623 1725 ἐπεμϐαίνειν,
642 1689 710 1717 ἀλλὰ
734 1689 894 1724 φιλάδελφον

105 1739 215 1776 ὀρέγειν
229 1738 330 1770 δεξιάν.
349 1737 493 1773 Ζηλώσατε
509 1737 556 1763 τοῦ
572 1736 692 1771 Χριστοῦ
708 1736 758 1771 τὴν
772 1735 893 1770 ἀγάπην.

105 1786 221 1814 Μέλλων
236 1784 290 1820 γὰρ
310 1783 465 1819 ἀνθρώποις
478 1781 669 1816 ἐπιφαίνεσθαι
687 1780 722 1807 δι’
736 1779 895 1815 ἀνθρώπου,

106 1829 271 1866 προκαθῆκε
284 1829 329 1855 τὸν
338 1828 467 1863 Ἰωάννην
475 1826 539 1862 [815
553 1826 600 1862 Η.]
615 1825 760 1861 μετανοίας
776 1825 894 1860 κήρυκα.

107 1880 214 1913 Πέτρον
229 1876 378 1913 ἐρώτησον,
402 1876 477 1907 ὅπως
495 1874 665 1910 μετανοήσας
681 1872 832 1908 ἐκαθάρθη,
848 1872 897 1898 καὶ

105 1926 157 1952 οὐκ,
171 1925 303 1952 ἀνέλυσεν
318 1924 357 1955 εις
373 1922 420 1949 τδν
435 1922 556 1957 Σίμωνα,
573 1919 640 1947 ἀλλὰ
655 1919 790 1954 διέμεινεν
801 1919 814 1945 ὁ
829 1919 898 1946 ἀπό.

106 1972 215 2002 στολες.
236 1969 307 2003 Ἐγὼ
325 1969 353 1995 δὲ
368 1968 471 2003 νομίζω
489 1967 532 1994 ὅτι
549 1966 597 1993 καὶ
616 1965 715 1996 Ἰούδας
726 1966 740 1991 δ
752 1964 896 2000 προδότης,

105 2019 130 2045 εἰ
150 2018 189 2053 μὴ
206 2017 313 2052 ταχέως
335 2015 418 2047 αὐτὸς
437 2013 535 2042 ἑαυτοῦ
553 2014 662 2048 ἐγένετο
677 2013 785 2048 δήμιος,
811 2020 896 2047 προσ-

105 2064 200 2091 πεσὼν
216 2064 244 2090 δὲ
256 2063 302 2089 τὸν
315 2062 389 2088 ἔλεον
414 2062 526 2097 ᾔτησεν,
543 2061 593 2087 οὐκ
618 2060 652 2086 ἂν
675 2059 730 2085 τῶν
749 2057 898 2093 οἰκτιρμῶν

104 2111 162 2136 τῶν
179 2110 272 2144 πάσης
287 2108 497 2143 ὑπερχεομένων
512 2107 561 2141 τῆς
575 2106 739 2140 οἰκουμένης
750 2104 896 2140 ἠστόχησε.

108 2156 272 2191 Τεκμήριον
286 2155 314 2181 δὲ
333 2155 357 2181 οἱ
375 2153 591 2189 μετανοήσαντες
606 2153 638 2178 ὲκ
651 2151 706 2178 τῶν
721 2151 898 2185 σταυρωσάν-

104 2212 163 2230 των
178 2203 229 2229 καὶ
243 2204 294 2238 τῆς
310 2201 446 2237 σωτηρίας
469 2201 514 2227 διὰ
537 2199 586 2235 τῆς
611 2199 756 2235 μετανοίας
777 2197 898 2248 ἀπολαύ-
914 2220 935 2248 D

105 2257 225 2279 σαντες.
259 2247 383 2281 Ἐδέσμει
411 2247 476 2273 ποτὲ
503 2246 550 2273 καὶ
576 2245 682 2276 Παῦλος
706 2243 897 2280 Χριστιανοὺς,

102 2295 179 2322 ἀλλά
194 2294 334 2329 βαστάσας
348 2292 462 2328 ὕστερον
479 2292 588 2323 ἁλύσεις
605 2291 676 2327 ὑπὲρ
689 2291 808 2326 Χριστοῦ
822 2290 900 2316 ἔλυσε

101 2342 139 2368 ⁵τὰ
168 2340 343 2375 ἐγκλήματα.
365 2338 488 2371 Ἐλίϐαζε
503 2338 649 2372 Στέφανον,
672 2337 741 2364 ἀλλὰ
764 2336 902 2366 λιθασθεὶς

102 2386 239 2421 ἐξήλειψε
254 2386 285 2411 τὺ
297 2384 497 2420 πλημμέλημα.
518 2383 612 2410 Ταῦτα
630 2383 676 2410 καὶ
700 2382 803 2417 Μωσῆς
823 2381 902 2413 εἰδὼς

102 2432 270 2467 (ἄνθρωπος
283 2431 337 2466 γὰρ
351 2428 387 2466 ἦν
405 2431 453 2457 καὶ
467 2430 517 2465 τὴν
530 2429 611 2464 φύσιν
626 2428 781 2463 ἐγνώριζε),
796 2427 841 2454 τὸν
853 2429 901 2462 μό-

104 2487 179 2514 σχον
191 2478 264 2512 ὐπὲρ
275 2477 322 2503 τοῦ
341 2476 440 2511 ἱερέως
455 2475 655 2511 ἱερουργεῖσθαι
670 2475 802 2508 διέταξεν,
813 2475 903 2509 ἡμαρ-

101 2524 229 2559 τηκότος
248 2522 359 2554 πάντως
377 2522 425 2549 καὶ
441 2521 599 2556 καθαρσίων
611 2521 750 2555 δεομένου.
765 2520 853 2554 Ὅπερ
873 2519 902 2545 δὲ

100 2567 140 2605 ἦν
159 2569 226 2596 τότε
243 2569 257 2595 ό
277 2569 306 2595 ὲν
327 2568 411 2603 σαρκὶ
429 2567 538 2602 μόσχος,
558 2565 636 2593 τοῦτο
648 2566 695 2592 νῦν
712 2567 786 2591 ἐστιν
798 2566 816 2600 ἡ
829 2565 901 2591 ἀσώ-

104 2625 199 2651 ματος
219 2615 388 2650 μεταμέλεια
411 2614 457 2641 καὶ
481 2614 498 2648 ὴ
523 2613 690 2648 ἀναίμακτος
713 2612 817 2647 δέησις.
842 2611 904 2637 Ἐπὶ

145 2673 157 2691 ι
170 2671 278 2704 Luc.v,
293 2671 303 2698 ι
318 2678 394 2705 seqq.
435 2669 465 2695 ιΙ
484 2668 548 2696 Cor.
564 2667 724 2703 nt,lseqq.

103 2715 191 2736 un.
206 2706 235 2733 ‘2.

783 2671 802 2685 ηι
820 2665 918 2699 Ephes.
938 2670 976 2694 νι,
999 2660 1034 2687 '20
1057 2666 1133 2694 scqq.

947 1603 1015 1630 tare,
1029 1598 1076 1625 sed
1093 1598 1248 1624 humaniter
1267 1597 1389 1624 dextram
1408 1597 1548 1631 porrigere
1572 1595 1594 1622 1.
1610 1596 1736 1624 {Emule-

947 1643 1015 1670 mini
1027 1643 1192 1670 charitalem
1206 1642 1319 1674 Christi,
1335 1642 1380 1676 qui
1392 1641 1448 1676 jam
1466 1641 1500 1668 ad
1515 1641 1640 1669 homines
1651 1642 1735 1669 homo

947 1694 1092 1721 venturus,
1109 1688 1242 1716 Joannem
1260 1687 1400 1723 prmmisit,
1416 1691 1446 1714 ut
1464 1687 1651 1722 pmttitentiam
1665 1695 1732 1722 prte-

947 1735 1062 1762 dicaret.
1085 1734 1225 1770 Interroga
1248 1733 1359 1761 Petrum
1387 1740 1441 1768 quo
1468 1739 1546 1768 pacto
1577 1732 1735 1767 pmnitcndo

948 1780 1098 1807 mundatus
1109 1780 1156 1812 sit,
1177 1787 1265 1814 neque
1282 1779 1310 1806 in
1325 1778 1464 1806 Simonem
1480 1778 1577 1804 iterum
1590 1785 1619 1805 se
1635 1778 1734 1811 induit,

948 1826 996 1854 sed
1012 1827 1047 1856 .in
1076 1826 1230 1860 apostolatu
1256 1825 1415 1860 permansit.
1454 1822 1587 1859 Equidem
1616 1825 1736 1852 arbitror

948 1870 1046 1898 Judam
1070 1871 1248 1906 proditorem,
1266 1870 1318 1897 nisi
1339 1870 1383 1897 sui
1401 1869 1523 1898 carnifex
1538 1869 1647 1903 fuisset,
1663 1870 1686 1898 si
1701 1870 1736 1899 ad

949 1924 1037 1952 genua
1060 1916 1188 1944 accidens
1219 1914 1436 1944 misericordiam
1464 1914 1625 1949 deprecatus
1651 1919 1736 1948 esset,

950 1963 1056 1990 veniam
1077 1970 1139 1997 qua:
1157 1962 1231 1989 omni
1251 1961 1354 1996 petenti
1383 1961 1553 1992 conceditur,
1575 1965 1737 1988 consecutu-

950 2016 1011 2035 rum
1027 2007 1124 2036 fuisse.
1141 2007 1237 2034 Testes
1257 2011 1320 2034 sunt
1337 2006 1356 2033 ii
1370 2006 1417 2041 qui
1430 2006 1512 2033 etiam
1528 2014 1543 2033 e
1555 2006 1738 2041 crucifigenti-

949 2054 1001 2082 bus
1020 2054 1054 2082 ad
1069 2054 1258 2089 paenitentiam
1279 2052 1392 2084 reversi,
1409 2056 1437 2080 et
1450 2052 1608 2087 paenitendo
1621 2053 1736 2079 salutem

950 2100 1038 2135 adepti
1053 2104 1128 2128 sunt.
1148 2099 1254 2135 Ligavit
1269 2099 1408 2134 quondam
1431 2098 1603 2125 Christianos
1624 2097 1736 2130 Paulus,

951 2146 998 2173 sed
1027 2150 1118 2180 postea
1141 2147 1198 2180 ipse
1221 2152 1271 2180 pro
1292 2145 1401 2172 Christo
1424 2144 1524 2178 ligatus
1548 2143 1662 2170 crimina
1683 2144 1735 2171 dis-

952 2193 1033 2220 solvit
1046 2197 1076 2219 ω.
1095 2192 1238 2227 Lapidavit
1263 2190 1444 2225 Stephanum,
1455 2189 1502 2216 scd
1516 2189 1652 2223 lapidatus
1673 2197 1738 2224 pec—

951 2243 1042 2267 catum
1056 2238 1174 2274 expiavit
1190 2241 1215 2264 η.
1234 2237 1298 2264 Haec
1321 2243 1437 2263 noscens
1453 2234 1542 2262 Moses
1556 2235 1650 2270 (homo
1665 2236 1738 2262 enim

951 2283 1013 2315 fuit,
1029 2288 1211 2317 naturamque
1230 2280 1382 2315 noscebat),
1397 2279 1513 2306 vitttlum
1535 2287 1583 2314 pro
1599 2280 1739 2308 sacerdote

950 2332 1090 2364 peccante,
1106 2333 1132 2355 et
1153 2328 1200 2362 qui
1221 2327 1399 2354 mundatione
1414 2333 1483 2360 opus
1502 2325 1626 2356 haberet,
1647 2325 1738 2353 oﬂ‘crri

949 2376 1031 2410 jussit
1047 2377 1072 2402 ο.
1088 2373 1195 2401 Vitulus
1212 2374 1258 2409 qui
1272 2376 1329 2400 tum
1342 2372 1458 2399 carnalis
1474 2372 1609 2406 era-t,jam
1625 2377 1667 2400 est
1682 2380 1740 2407 poe-

952 2419 1066 2446 nitentia
1090 2419 1151 2446 sine
1175 2424 1301 2452 corpore,
1323 2420 1350 2443 et
1365 2416 1454 2443 oratio
1469 2416 1529 2443 sine
1549 2417 1694 2451 sanguine.
1712 2417 1739 2444 in

956 2470 1061 2495 tantum
1085 2464 1227 2498 oportebat
1254 2463 1424 2490 sacerdotem
1442 2462 1593 2490 clementia:
1618 2462 1740 2495 studere,

956 2517 986 2540 ut
1009 2511 1060 2539 etsi
1079 2511 1210 2538 Dominus
1232 2509 1377 2544 quamdam
1403 2507 1507 2535 succidi
1529 2508 1654 2542 jusserit,
1681 2513 1743 2536 tan-

956 2565 1037 2593 quam
1052 2556 1176 2583 arborem
1197 2553 1383 2587 infecundam,
1409 2555 1481 2582 hanc
1501 2558 1632 2588 tanquam
1658 2553 1743 2589 frugi’

957 2604 1043 2631 feram
1060 2602 1210 2630 debeamus
1222 2608 1373 2634 reservare,
1392 2604 1419 2628 et
1434 2607 1556 2636 puscere.
1575 2600 1653 2628 Hunc
1669 2600 1743 2626 enim

1193 2663 1207 2676 η
1222 2658 1282 2685 Act.
1301 2664 1358 2691 vi",
1384 2658 1412 2690 l;
1437 2664 1493 2689 xw,
1513 2656 1556 2684 l9.
1631 2655 1743 2683 °Exod‘

756 2767 873 2796 νΑιιιΑι
893 2766 1087 2794 LECTlONES

148 2846 173 2860 ³⁷
196 2842 292 2872 ἑαυτοῦ
303 2851 334 2874 ς.
374 2839 397 2856 ³⁸
419 2837 479 2873 τοῦ]
493 2837 524 2863 ἐν
541 2837 587 2864 τοῦ
609 2838 629 2863 Λ
640 2857 646 2869 ,
658 2837 768 2864 omissis
785 2841 877 2871 postca
894 2837 901 2862 ὶ

946 2837 1000 2864 τοῦ.
1040 2837 1061 2852 ³²
1075 2835 1123 2871 τὴν
1149 2844 1204 2862 οιη.
1218 2836 1250 2862 Β.

228 2916 230 2918 τ
260 2892 399 2922 Ρηίιοι.
417 2887 475 2917 (in.
493 2886 568 2915 ClV.
