1959 3081
127 179 170 211 205

627 176 889 208 BlBLlOTHECA.
908 187 943 193 -·
961 175 1044 206 COD.
1061 175 1210 207 CCLXXI.

1689 175 1743 209 206

128 243 207 272 φησινς
221 235 273 262 Ἑν
283 235 324 268 τῷ
337 235 418 270 νόμῳ
438 236 465 262 τι
478 235 639 270 γέγραπται
649 244 659 268 ;
675 235 905 270 ὑπομιμνήσκων

957 232 1016 261 lixit
1032 242 1038 261 :
1057 233 1129 266 Quid
1153 234 1280 269 scriptum
1305 238 1343 262 est
1364 233 1393 261 in
1406 234 1459 269 lege
1472 233 1505 261 II?
1522 233 1553 262 ln
1579 235 1741 262 memoriam

126 283 191 311 αὑτὸν
205 284 254 316 τῆς
267 283 336 318 πρὸς
349 282 415 309 Θεὸν
436 283 484 309 καὶ
503 280 553 316 τῆς
560 282 583 297 ⁸⁷
611 281 680 318 πρὸς
702 282 765 314 τοὺς
782 280 897 316 πλησίον

126 329 228 364 ἀγάπης,
247 329 329 364 μόνον
346 328 408 363 οὐχὶ
420 327 518 362 λέγων,
535 328 573 360 ὼς
585 328 616 355 El
629 327 679 363 μὲν
695 328 763 361 Θεδς
780 328 837 363 ἐγώ
857 336 898 355 σοι

125 374 190 406 δοκῶ,
200 373 322 409 ὀφείλεις
339 382 384 409 μοι
398 373 448 409 τὴν
461 373 601 409 ἀγάπην⁸³
613 382 620 389 ·
632 374 656 400 εί
672 373 695 400 δ’
713 374 839 405 ἀπιστεῖς
850 373 898 400 καὶ

125 419 202 455 ὅμοιόν
213 428 255 446 σοι
271 419 394 455 νομίζεις
411 419 462 454 ἐμὲ
477 419 583 454 eos,“
597 419 752 454 ἄνθρωπον,
765 419 813 446 καὶ
825 417 898 445 οὓτω

125 465 150 492 τὸ
168 465 274 500 ἀγαπᾷν
297 465 448 500 χρεωστεῖς
470 465 542 491 κατὰ
568 463 614 491 τὸν
638 464 731 499 νόμον.
753 463 899 498 Ἀδελφοὺς

125 510 246 546 καλοῦμεν
262 509 394 541 ἐκείνους,
406 509 430 536 οἳ
443 509 474 542 ὲξ
487 509 546 541 ὲνὺς
560 509 665 544 ἔφυσαν
681 508 840 544 σπέρματος
851 508 900 535 καὶ

126 555 182 590 μιᾶς
195 554 322 590 γαστρός.
342 555 375 581 Ol
389 554 418 581 δὲ
432 554 478 582 τὸν
497 554 578 581 αὑτὸν
594 554 701 589 ἔχοντες
718 553 833 589 ποιητὴν
853 553 900 580 καὶ

125 600 181 635 μίαν
207 600 314 635 μητέρα
334 600 385 635 τὴν
406 600 469 634 γῆν,
495 599 542 634 ἀφ’
564 597 599 635 ἧς
615 599 829 634 διεπλάσθημεν,
852 598 901 625 καὶ

123 645 200 681 ψυχῆς
213 646 323 681 ἀξίωμα.
339 645 543 681 παραπλήσιον,
555 645 696 676 εὐσεϐείας
715 644 745 671 δὲ
760 645 807 671 καὶ
826 645 902 671 πολι-

123 694 189 725 τείας
199 694 245 720 ἕνα
258 693 371 729 θεσμὸν,
388 694 436 720 καὶ
447 693 497 728 τὴν
513 692 608 719 ὲλπίδα
621 692 669 719 τοῦ
689 692 833 727 μέλλοντος
852 693 902 728 τὴν

122 740 207 775 αὐτὴν,
224 740 284 770 πῶς
307 740 337 766 οὐ
357 739 448 775 πάσης
473 739 655 776 ἀδελφότητος
673 740 721 767 καὶ
744 740 901 775 συγγενείας

122 785 195 821 ἐσμὲν
202 785 324 821 ἀλλήλων
333 785 433 819 ὲγγύτε
438 793 478 820 ροι
487 793 496 819 ;
506 785 553 812 καὶ
563 786 629 812 ὅταν
643 785 787 821 ἄνθρωπον
798 785 855 821 ῐδῃς
863 785 899 817 ⁸⁸.

123 832 210 859 σαυτὸν
224 832 291 867 ὁρᾷς
307 832 337 857 ὲν
352 830 459 866 ὲκιιίνῳ.
473 831 521 857 Δεῖ
532 830 578 857 οὖν
590 831 639 857 καὶ
656 831 690 857 τὰ
712 830 818 857 ἐκείνου
835 831 902 858 θεω-

123 877 213 914 ροῦντα
227 877 314 912 πάθη,
336 877 426 912 λιμδν,
450 876 542 911 δίψαν,
558 877 728 912 γυμνότητα,
752 877 802 912 τὴν
818 876 902 912 ἄλλην

122 923 217 950 ἔνδειαν
230 923 279 950 καὶ
293 923 343 955 τὰς
364 923 460 955 νόσους
474 924 521 950 καὶ
538 923 601 955 τοὺς
615 923 712 955 ἄλλους
730 924 902 959 πειρασμοὺς

121 969 156 1000 ὡς
172 969 258 996 οἰκεῖα
273 968 348 1004 πάθη
366 969 414 995 καὶ
438 969 582 1004 συμφορὰς
607 969 764 1004 οἰκτείρειν.
784 969 904 1001 Πολλοὺς

121 1013 238 1049 ἔγνωμεν
259 1015 306 1041 ἐπὶ
331 1014 382 1048 μὲν
403 1014 457 1041 τῶν
483 1014 570 1048 λόγων
599 1015 819 1050 ὁμολογήσαντας
836 1023 905 1050 προ-

121 1060 295 1092 κινδυνεύειν,
315 1061 362 1087 ἐπὶ
374 1060 403 1087 δὲ
421 1060 470 1096 τῆς
486 1060 585 1096 πείρας
597 1060 784 1096 ψευσαμένους
797 1062 846 1096 τὴν
860 1060 905 1087 εὖ-

120 1115 199 1134 νοιαν.
214 1106 296 1142 [1495
307 1105 354 1143 IL]
365 1106 394 1134 '0
411 1108 460 1142 μὲν
476 1107 569 1142 Σωτὴρ
584 1107 662 1142 ήμῶν
674 1107 761 1139 οὕτως
776 1108 904 1142 ἠγάπησε

119 1154 149 1179 τὸ
164 1153 228 1179 ῑδιον
244 1153 361 1188 ποίημα,
383 1153 432 1188 οὐχ
458 1153 496 1184 ὡς
513 1152 620 1185 ἑαυτὸν,
636 1152 693 1179 ἀλλ’
710 1153 780 1189 ὑπὲρ
796 1153 902 1180 ἑαυτόνι

119 1198 181 1233 ἡμῖν
195 1198 224 1225 δὲ
236 1198 295 1224 re"
308 1197 418 1224 ἔλαττον
431 1197 607 1232 ἑγκελεύεται
617 1218 625 1231 ,
641 1199 752 1234 ἀγαπᾷν
767 1199 814 1226 τὸν
832 1199 903 1235 πλη-

120 1244 174 1270 σίον
194 1244 231 1276 ὡς
246 1245 355 1276 ἑαυτὸν,
371 1244 419 1280 τὴν
434 1244 588 1279 ὑπερϐολὴν
606 1245 724 1279 ἀφελὼν,
740 1245 784 1273 ἵνα
800 1246 839 1281 μὴ
859 1246 905 1281 βα-

122 1288 194 1323 ρεῖαν
207 1288 307 1324 ποιήσῃ
321 1289 368 1315 καὶ
378 1288 529 1325 δυσήνυτον
539 1290 588 1325 τὴν
601 1289 786 1326 ἑντολήν.Ὶνα
794 1291 840 1317 διὰ
850 1291 905 1318 τῶν

119 1333 205 1369 ἔργων
223 1334 392 1369 σαφέστερον
413 1333 537 1371 ἐπιδείξῃ
556 1334 602 1362 τὸν
624 1336 674 1371 τῆς
699 1336 809 1371 ἀγάπης
825 1338 838 1363 ὁ
856 1338 905 1363 Δε-

119 1379 219 1415 σπδτης
232 1380 325 1415 νόμον,
338 1381 455 1417 πρᾶγμα
471 1381 555 1417 γέμον
571 1382 621 1417 μὲν
630 1382 653 1398 ⁸¹
667 1381 744 1408 ἐλέου
760 1381 866 1417 συμϐὰν
877 1382 906 1409 δὲ

118 1426 226 1458 πάντως
246 1426 318 1453 κατὰ
338 1427 385 1454 τὸν
408 1427 504 1462 χρόνον
520 1427 623 1454 ἐκεῖνον
647 1428 692 1454 ὑπ’
716 1427 776 1464 ὄψιν
792 1427 855 1462 ἄγει
867 1428 907 1464 τῷ

117 1472 198 1508 λόγῳ,
225 1472 395 1500 ὲκπαιδεύων
421 1473 468 1500 τὸν
490 1474 602 1509 νομικὸν
626 1475 667 1501 ὅτι
691 1475 805 1510 πλησίον
827 1474 906 1510 ἡμῶν

117 1519 218 1551 ἐκεῖνός
233 1519 318 1552 ἐστιν,
344 1519 374 1551 ὃς
389 1519 422 1547 ἂν
436 1520 486 1555 τὴν
501 1521 614 1556 ἐμπαθῆ
627 1521 729 1556 ταύτην
743 1521 906 1558 περικείμε-

949 279 1074 315 redigens
1083 279 1245 307 charitatem
1256 279 1289 307 ad
1302 279 1388 308 Deum
1401 284 1428 307 et
1440 279 1611 315 proximum,
1635 283 1744 307 tantum

949 333 1004 353 non
1016 325 1111 354 dicens
1143 330 1172 353 ut
1200 325 1230 354 Si
1261 325 1310 354 tibi
1337 325 1409 354 Deus
1433 326 1551 359 videar,
1581 326 1741 353 charitalem

950 371 1017 399 mihi
1046 371 1129 400 debes
1147 379 1154 398 :
1175 371 1198 400 si
1223 379 1279 399 non
1304 372 1411 405 credas,
1427 376 1454 400 et
1477 379 1522 400 me
1541 376 1622 407 putas
1643 380 1742 406 purum

951 417 1089 446 hominem
1118 419 1159 446 lui
1180 419 1309 452 similem,
1335 423 1362 446 et
1387 419 1426 447 sic
1442 426 1477 447 ex
1504 417 1572 455 legis
1584 419 1744 454 praescripto

951 471 1044 492 amare
1068 465 1162 493 debes.
1193 465 1258 493 illos
1271 473 1402 493 vocamus
1432 465 1542 496 fratres,
1569 465 1617 500 qui
1645 464 1742 492 eodem

951 508 1014 536 editi
1032 509 1147 542 semine,
1161 513 1188 537 et
1205 509 1301 537 eodem
1314 515 1392 536 utero
1408 508 1504 543 geniti.
1520 508 1572 541 Qui
1589 516 1655 536 vero
1666 515 1744 536 eum—

951 554 1012 582 dem
1032 555 1167 583 habemus
1186 555 1355 588 Creatorem,
1375 559 1402 582 et
1416 554 1540 581 eamdem
1557 559 1671 582 matrem
1687 558 1744 582 ter-

953 608 1023 634 ram,
1049 608 1064 629 c
1080 609 1133 636 qua
1155 601 1258 629 conditi
1274 608 1381 633 sumus,
1402 604 1430 628 et
1451 601 1575 628 eamdem
1591 601 1689 628 animae
1703 600 1745 628 di-

952 647 1094 682 gnitatem,
1117 647 1217 682 500a
1232 655 1316 675 unum
1337 647 1447 683 pietatis
1466 651 1494 675 et
1506 647 1571 675 vitm
1591 647 1744 680 vinculum,

952 699 980 720 et
1003 693 1127 721 eamdem
1157 693 1258 721 futurae
1284 695 1347 722 vita:
1369 702 1456 729 spem,
1473 694 1611 729 quomodo
1626 694 1744 722 invicem

953 746 1009 766 non
1032 739 1120 774 magis
1135 739 1286 774 diligimus,
1311 748 1394 776 quam
1420 739 1520 768 fratres
1545 744 1593 767 aut
1618 739 1746 767 sorores?

953 784 1056 814 V'idens
1070 786 1221 820 hominem,
1236 787 1355 822 teipsum
1369 786 1396 814 in
1412 794 1445 814 eo
1456 787 1543 814 vides.
1555 785 1647 820 Quare
1664 793 1747 821 opor-

954 834 992 858 tet
1004 838 1080 863 eum,
1094 831 1217 867 quivejus
1236 832 1418 865 calamitates,
1434 831 1547 865 famem,
1563 832 1648 864 sitim,
1664 832 1746 859 nudi-

955 881 1050 909 tatem,
1075 875 1215 913 aliamque
1237 878 1432 905 necessitatem
1452 881 1479 904 et
1493 877 1616 910 morbos,
1631 880 1658 904 et
1675 877 1746 903 alias

954 922 1117 951 aliiictiones
1143 923 1242 958 aspicit
1259 944 1267 958 ,
1289 929 1418 958 tanquam
1447 916 1572 958 proprios
1592 923 1700 950 dolores
1719 927 1747 949 et

954 968 1052 995 damna
1078 967 1230 996 clementer
1253 968 1400 1002 respicere.
1421 966 1520 995 Multos
1545 967 1681 999 novimus,
1698 967 1746 1000 qui

954 1013 1046 1040 verbis
1060 1020 1090 1041 se
1103 1013 1225 1048 pericula
1240 1014 1364 1041 adituros
1384 1013 1517 1042 dicerent.
1543 1013 1590 1040 sed
1605 1020 1667 1040 cum
1679 1020 1746 1047 pro-

955 1059 1076 1087 bandum
1091 1064 1144 1091 est,
1166 1059 1387 1088 benevolentiam
1406 1058 1514 1087 mentiti
1530 1063 1602 1086 sunt.
1619 1058 1746 1086 Salvator

955 1105 1024 1133 adeo
1038 1111 1192 1134 creaturam
1219 1114 1295 1134 suam
1312 1105 1418 1138 dilexit,
1438 1113 1492 1132 nou
1511 1109 1540 1132 ut
1550 1106 1683 1138 seipsum,
1698 1105 1747 1132 sed

955 1153 1018 1188 plus
1032 1160 1116 1188 quam
1128 1153 1248 1188 seipsum
1266 1152 1367 1180 :nobis
1388 1159 1454 1180 vero
1470 1159 1524 1180 non
1541 1155 1615 1179 tanta
1630 1151 1742 1179 dilectio

955 1199 1117 1234 imponitur,
1135 1199 1248 1234 diligere
1268 1199 1374 1226 scilicet
1389 1197 1546 1233 proximum
1568 1201 1599 1225 ut
1612 1197 1746 1233 seipsum,

956 1253 1010 1274 non
1024 1253 1107 1281 supra
1130 1245 1263 1281 seipsum,
1285 1252 1320 1272 ne
1342 1249 1509 1280 praeceptum
1531 1251 1612 1279 grave
1633 1243 1748 1278 impletu

955 1292 1042 1326 daret,
1055 1296 1123 1320 etut
1136 1299 1184 1326 per
1204 1298 1286 1326 opera
1301 1290 1475 1318 manifestius
1496 1289 1639 1318 charitatis
1659 1290 1746 1325 legem

956 1338 1124 1367 ostenderet.
1142 1337 1208 1365 Rem
1220 1338 1329 1373 plenam
1343 1337 1550 1369 misericordiae,
1563 1344 1625 1372 quae
1638 1344 1671 1364 eo
1680 1342 1749 1364 tem-

956 1392 1023 1420 pore
1050 1384 1165 1419 contigit
1200 1384 1251 1411 sub
1276 1384 1372 1411 oculos
1390 1383 1477 1418 ponit,
1507 1383 1576 1419 legis
1606 1383 1748 1410 doctorem

957 1431 1059 1459 docens
1072 1430 1228 1465 proximum
1244 1429 1379 1464 cujusque
1402 1436 1474 1462 esse,
1492 1428 1539 1463 qui
1552 1428 1674 1455 eamdem
1689 1435 1750 1463 ges-

957 1481 1020 1504 tans
1036 1483 1146 1504 carnem
1161 1476 1280 1504 miseriis
1291 1474 1443 1503 obnoxiam
1459 1474 1564 1503 auxilio
1579 1478 1607 1501 et
1622 1481 1674 1509 ope
1689 1481 1750 1500 mu-

958 1527 1007 1550 tua
1017 1522 1129 1558 indiget.
1146 1522 1200 1549 lies
1212 1522 1251 1549 sic
1262 1525 1336 1557 gesta
1350 1524 1392 1549 est
1404 1530 1411 1548 :
1426 1519 1514 1547 Homo
1522 1520 1631 1555 quidam
1640 1519 1750 1546 descen-

116 1573 162 1596 νος
174 1564 263 1600 σάρκα
277 1565 395 1601 χρῄζῃ¹¹
414 1565 540 1601 βοηθείας
564 1567 613 1593 καὶ¹
635 1567 797 1603 οἰκτιρμῶν.
819 1567 856 1594 Τὸ
874 1567 902 1594 δὲ

957 1568 1031 1596 debat
1043 1577 1075 1596 ea:
1090 1568 1239 1596 Jerusalem
1253 1568 1281 1595 in
1296 1567 1415 1601 Iericho,
1429 1571 1456 1595 et
1471 1567 1566 1594 incidit
1578 1567 1606 1593 in
1622 1566 1749 1598 latrones,

117 1610 204 1642 πάθος
212 1618 220 1625 ·
233 1604 403 1645 ὀδοίπόρος
414 1612 448 1643 ἐξ
460 1612 657 1648 Ἰερουσαλὴμ
673 1614 850 1641 κατέϐαινεν
862 1615 906 1648 εἰς

123 1656 246 1691 Ἰεριχὼ,
260 1657 311 1683 καὶ
325 1656 450 1691 λῃστῶν
460 1657 686 1692 ἐπιδραμόντων
700 1659 834 1694 ἀφῃρέθη
848 1659 907 1694 μὲν

115 1700 135 1728 d
151 1701 276 1735 ἔφερεν,
291 1701 446 1736 ἐγυμνώθη
470 1702 538 1729 es"
557 1703 607 1730 καὶ
626 1702 686 1730 τῶν
705 1705 837 1738 ιματίων,
857 1705 906 1732 καὶ

115 1747 267 1782 τραύμασι
285 1747 348 1780 τοῖς
370 1747 431 1775 ἀπὸ
449 1748 508 1775 τῶν
529 1748 655 1783 λῃστῶν
680 1749 798 1784 θανάτῳ
813 1758 908 1785 προσ-

114 1792 232 1828 ομιλῶν
246 1792 368 1827 ἧπλωτο
381 1795 458 1821 κατὰ
472 1794 531 1829 τὴν
544 1796 701 1830 ,λεωφόρον
713 1796 737 1812 ⁵⁵
752 1797 908 1831 ψυχορῤα-

115 1838 188 1874 τῶν.
198 1839 322 1875 Πρᾶγμα
335 1840 395 1867 λίαν
411 1841 519 1876 οἰκτρὸν
532 1840 596 1877 [815
608 1842 655 1878 ll.j
668 1842 817 1878 ὀφθαλμοῖς
831 1843 909 1878 ἐχου-

116 1893 160 1911 σιν
171 1885 248 1912 ἔλεον
265 1885 394 1920 ἢεὶδόσιν
409 1887 494 1914 ἔλεον.
518 1887 546 1914 '0
573 1887 675 1923 Κύριος
696 1890 752 1920 τοῖς
772 1888 909 1924 Ἐὃραίοις

114 1929 325 1965 διαλεγόμενος,
347 1931 395 1957 καὶ
418 1931 552 1959 διδάσκων
566 1932 604 1964 ὡς
617 1933 738 1968 ἄφρονας
757 1935 804 1961 καὶ
820 1935 909 1970 μάτην

113 1975 377 2010 ἀναστρεφομένους
400 1977 430 2003 ὲν
450 1977 538 2014 ταύτῃ
562 1979 627 2014 τῇ⁸⁶
654 1978 701 2005 τοῦ
731 1979 910 2016 κλαυθμῶνος

113 2020 313 2051 κοιλάδι,οὖτω
325 2021 385 2053 πώς
396 2031 478 2057 φησιν
488 2032 496 2039 ·
505 2024 602 2059 Ὑμεῖς
618 2025 651 2052 ἐκ
662 2025 722 2052 τῶν
739 2025 818 2052 κάτω
828 2027 909 2060 ἐστὲ,

112 2068 174 2102 ἐγὼ
192 2068 230 2094 ἐκ
245 2068 304 2095 τῶν
319 2068 381 2096 ἄνω
399 2070 457 2105 εἰμὶ
469 2092 476 2104 ,
491 2071 523 2097 ἐκ
538 2071 592 2098 τῶν
607 2069 750 2108 ὀνομάτων
766 2074 846 2109 μόνον
863 2074 910 2101 τοῦ

113 2114 178 2141 ἀνω
194 2116 244 2142 καὶ
266 2115 345 2142 κάτω
358 2116 406 2143 τοῦ
422 2117 505 2144 καλοῦ
522 2119 569 2145 καὶ
582 2119 629 2145 τοῦ
646 2119 767 2155 χείρονος
782 2121 912 2156 ποιούμε·

112 2169 160 2192 νος
173 2161 226 2197 τὴν
239 2162 387 2197 διάκρισιν.
404 2164 458 2190 Καὶ
475 2164 522 2190 νῦν
538 2164 568 2191 δὲ
594 2166 812 2195 καταϐαίνοντα
827 2167 911 2195 εἰπὼν

112 2206 189 2234 κατὰ
204 2207 256 2242 τὴν
271 2208 357 2244 αὐτὴν
371 2208 477 2236 ἔννοιαν
490 2209 609 2246 ἕφη.“Ήν
624 2211 646 2238 δ’
657 2212 689 2238 ἂν
702 2210 778 2245 οὗτος
792 2214 909 2249 ὁἋδὰμ,

110 2252 337 2288 ἁποκυλιὸμενος
364 2254 415 2289 τῆς
438 2257 578 2291 μακαρίας
604 2258 712 2294 ἐκείνης
736 2260 783 2286 καὶ
806 2259 911 2296 ὑψηλῆς

108 2298 259 2334 διαγωγῆς
273 2301 313 2332 εἰς
330 2300 405 2327 mw
428 2301 566 2338 βάραθρον
589 2304 638 2330 καὶ
654 2305 824 2340 χαμαίζηλον
843 2306 910 2341 βίον.

109 2345 164 2377 Τίς
178 2347 194 2372 ὀ
208 2347 318 2382 ἱερεύςς
334 2348 376 2380 τίς
391 2348 548 2385 όΛευΐτης;
566 2351 661 2386 εἴησαν
676 2351 699 2378 δ’
712 2351 745 2378 ἂν
760 2352 830 2379 κατὰ
843 2353 911 2382 Oeta-

108 2391 180 2426 ρίαν
191 2392 297 2428 Μωσῆς
310 2394 356 2420 καὶ
369 2394 505 2430 Ἰωάννης,
514 2396 598 2431 ἄμφω
609 2398 910 2435 τοῖςξπαρατιετάσμασι

105 2438 165 2472 τῆς
185 2438 349 2474 παραϐολῆς
364 2440 438 2467 ἔνδον
453 2442 639 2478 κρυπτόμενοι
655 2444 700 2470 καὶ
714 2444 764 2479 τὴν
776 2445 831 2471 τῶν
844 2445 910 2472 πολ-

106 2483 171 2511 λῶν
184 2485 250 2520 ὕψιν
271 2485 462 2520 λανθάνοντες.
479 2486 560 2516 Οὗτοι
573 2489 627 2525 γὰρ
651 2490 850 2523 καταλαϐόντες
869 2491 916 2519 τὸν

105 2530 268 2566 ἄνθρωπον
285 2533 419 2568 (τουτέστι
436 2534 466 2560 τδ
479 2535 555 2569 γένος
571 2535 642 2571 ὅλον)
658 2537 762 2572 γυμνὸν
776 2537 918 2570 εὑσεόεἰας

105 2577 164 2604 καὶ
192 2577 298 2613 ἀρετῆς
325 2579 372 2606 καὶ
395 2580 451 2612 τοῖς
475 2581 606 2615 ἐναντίοις
633 2584 915 2619 τετραυματισμένον,

103 2623 271 2650 ἐθεάσαντο
288 2625 348 2660 μὲν,
360 2625 390 2652 οὐ
408 2626 462 2662 μὴν
484 2627 641 2663 ἐπήρκεσαν
658 2628 919 2664 θεραπεῦσαι.’Δλλ’

145 2716 163 2731 ⁸
190 2713 261 2742 Luc.
282 2715 375 2747 “.16.
412 2721 426 2734 '
439 2716 507 2744 Luc.
522 2725 549 2750 χ,
567 2717 612 2744 26.
653 2722 665 2735 ι
679 2716 758 2745 .Ioan.
774 2726 835 2752 vni,
850 2718 896 2746 23.

926 2240 948 2270 C

956 1617 1001 1654 qui
1018 1616 1101 1644 etiam
1117 1615 1332 1650 despoliaverunt
1359 1621 1431 1645 eum,
1459 1617 1484 1640 et
1498 1612 1587 1648 plagis
1606 1612 1749 1647 impositis,

958 1663 1094 1694 abierunt,
1110 1661 1234 1688 semivivo
1254 1660 1357 1687 relicta.
1378 1658 1433 1686 Res
1454 1659 1512 1686 haec
1534 1657 1751 1686 commiserantia

958 1708 1046 1737 oculis
1063 1707 1281 1735 misericordiam
1307 1705 1488 1738 habentibus,
1502 1708 1530 1732 et
1548 1704 1645 1731 saltem
1662 1702 1752 1730 Scien-

958 1756 1042 1783 tibus.
1058 1754 1185 1782 Christus
1201 1753 1302 1781 Judaeis
1312 1753 1428 1787 loquens
1441 1756 1468 1778 et
1485 1751 1597 1783 docens,
1619 1754 1749 1784 tanquam

958 1801 1109 1834 dementes,
1124 1804 1152 1828 et
1163 1799 1266 1827 frustra
1279 1799 1306 1826 in
1323 1799 1372 1826 hac
1387 1797 1570 1833 lacrymarum
1587 1796 1657 1823 valle
1683 1802 1752 1822 ver-

959 1852 1065 1880 santes,
1083 1847 1124 1875 sic
1140 1847 1206 1880 alibi
1219 1845 1277 1874 ait:
1300 1844 1352 1872 Vos
1373 1845 1405 1872 de
1421 1845 1543 1871 deorsum
1563 1843 1636 1875 estis,
1650 1850 1697 1877 ego
1719 1841 1752 1868 de

959 1893 1081 1928 supernis
1089 1900 1148 1920 sum
1159 1896 1184 1925 ι,
1201 1900 1234 1919 ex
1251 1890 1409 1919 nominibus
1424 1890 1505 1917 modo
1519 1897 1623 1916 sursum
1638 1892 1663 1915 et
1677 1887 1754 1914 deor-

960 1947 1029 1972 sum,
1043 1939 1131 1966 bonos
1146 1942 1173 1965 et
1190 1937 1278 1965 malos
1293 1936 1451 1972 distinguit,
1467 1940 1493 1963 et
1506 1942 1578 1962 nunc
1592 1934 1752 1961 descenden-

961 1990 1013 2012 tem
1025 1984 1120 2012 dicens
1132 1983 1229 2011 eodem
1248 1989 1331 2010 sensu
1352 1981 1431 2009 dixit.
1442 1980 1504 2008 Fuit
1518 1980 1562 2007 ille
1577 1980 1674 2011 Adam.
1692 1979 1753 2013 lap-

961 2039 1009 2060 sus
1023 2039 1039 2059 e
1056 2031 1135 2058 beata
1161 2030 1207 2057 illa
1232 2033 1260 2057 et
1279 2036 1399 2064 superna
1425 2028 1487 2055 vitae
1504 2025 1701 2054 consuetudine
1724 2025 1752 2051 in

962 2077 1137 2108 barathrum,
1152 2081 1179 2104 et
1195 2075 1272 2103 humi
1290 2075 1461 2109 depressam,
1474 2078 1556 2107 atque
1573 2071 1698 2099 aﬂlictam
1714 2070 1754 2096 vi-

962 2126 1028 2152 tant.
1043 2121 1111 2155 Quis
1127 2127 1170 2149 est
1194 2120 1334 2152 sacerdos,
1352 2119 1416 2154 quis
1430 2117 1543 2145 Levita?
1558 2116 1591 2143 Hi
1612 2120 1677 2144 sunt
1690 2121 1753 2150 spe-

963 2169 1081 2197 culando
1095 2167 1186 2197 Moses
1209 2173 1236 2196 et
1249 2167 1381 2199 Joannes,
1402 2164 1527 2193 amboin
1547 2155 1674 2199 parabole
1690 2161 1755 2188 obs-

965 2223 1032 2243 cure
1048 2215 1180 2247 denotati,
1195 2219 1222 2242 et
1240 2221 1310 2249 quos
1324 2213 1449 2248 plerique
1469 2211 1606 2246 ignorant.
1621 2208 1660 2236 llli
1679 2209 1754 2236 enim

966 2261 1148 2296 suscipientes
1176 2260 1392 2291 hominem,hoc
1413 2262 1466 2289 est.
1492 2264 1579 2292 genus
1590 2255 1754 2287 humanum,

965 2309 1066 2343 pietate
1089 2307 1244 2342 virtuteque
1261 2306 1376 2337 nudum,
1395 2308 1422 2332 et
1446 2303 1480 2331 ab
1503 2302 1629 2330 hostibus
1659 2301 1756 2328 vulne-

965 2360 1068 2387 ratum,
1082 2354 1263 2388 inspexerunt
1277 2351 1400 2387 quidem.
1416 2350 1463 2378 sed
1484 2355 1584 2377 sanare
1597 2355 1649 2375 non
1660 2353 1756 2382 potue-

965 2405 1040 2429 runt.
1054 2399 1247 2428 Samaritanus
1261 2406 1327 2426 vero
1340 2397 1437 2433 500b
1455 2396 1580 2428 veniens,
1595 2395 1659 2423 licet
1676 2395 1756 2429 igno-

965 2447 1113 2475 miniosum
1132 2445 1275 2481 praierret
1289 2452 1400 2477 nomen,
1427 2443 1561 2471 bonorum
1580 2447 1670 2469 tamen
1695 2441 1757 2468 the-

965 2499 1078 2520 saurum
1087 2492 1297 2529 circumferens,
1308 2490 1473 2518 medicinam
1489 2488 1624 2520 adhibuit,
1636 2486 1683 2522 qui
1696 2485 1756 2513 Sal-

966 2545 1046 2567 Vator
1057 2543 1154 2567 noster
1171 2543 1224 2572 est,
1249 2538 1276 2566 in
1304 2537 1488 2574 ignominiosa
1504 2535 1686 2571 appellatione
1707 2532 1757 2560 Sa-

968 2584 1096 2612 maritani
1117 2584 1239 2618 latitans,
1254 2587 1443 2619 prostrataque
1463 2581 1562 2610 salutis
1578 2580 1682 2608 fontem
1694 2585 1758 2613 ape-

970 2632 1054 2660 riens.
1081 2630 1258 2666 Evangelium
1292 2629 1365 2657 enim
1388 2628 1529 2656 Christum
1552 2625 1757 2655 Samaritanum

826 2776 946 2804 VARUE
965 2776 1168 2804 LEC'l'lONES.

141 2835 168 2851 ⁵⁷
188 2835 288 2871 τῆςς-
299 2834 350 2869 τῆς
361 2835 381 2861 Α
397 2843 403 2861 :
417 2835 466 2871 τὴν
476 2851 510 2856 -
522 2836 570 2870 τὴν
579 2843 609 2867 ς.
631 2834 652 2863 C
669 2835 782 2862 alterum
800 2836 905 2863 articuli

961 2845 1016 2863 om.
1055 2836 1077 2852 “
1092 2836 1202 2870 ἀγόμην
1213 2845 1243 2868 ς.
1269 2836 1291 2851 δ’
1306 2835 1356 2871 ipsi
1371 2833 1417 2871 καὶ
1428 2832 1505 2867 ψιλὸν
1520 2829 1569 2871 B.“
1589 2829 1621 2871 '°_
1636 2828 1698 2871 ἴδῃς¹
1710 2827 1758 2871 ἄκ-

247 2870 276 2898 Β,
304 2871 337 2907 ?“
353 2870 384 2896 τὸ
396 2870 459 2899 add.
480 2871 513 2898 Α.
550 2871 573 2887 ⁸¹
592 2870 641 2906 μὲν
666 2878 719 2898 om.
745 2871 777 2898 Δ.
815 2871 838 2887 ⁵³
853 2872 905 2907 χρῄ

965 2881 994 2903 ς.
1033 2872 1055 2888 ⁵³
1070 2872 1098 2898 δε
1122 2879 1177 2899 om.
1199 2872 1231 2898 A.

100 2897 131 2922 ’ί
150 2905 243 2934 “Iva
263 2906 317 2935 ετδ
332 2914 364 2938 ς.

1270 2871 1292 2887 ³³
1310 2863 1446 2904 λεωφόρου
1465 2876 1496 2900 ς.
1547 2866 1570 2882 ⁸⁵
1590 2865 1624 2900 τῇ
1648 2863 1709 2891 add.
1728 2863 1758 2891 ιι.
