1959 3081
200 181 253 214 207

757 179 888 209 PHOTII
910 179 1163 210 PATRIARCHIE
1195 181 1248 211 ΟΡ.

1781 183 1834 216 208

203 235 342 269 nominat,
361 233 534 262 confundens
556 232 702 260 amentiam
723 231 890 265 Iudaeorum,
905 233 950 267 qui
965 233 992 260 il-

1047 235 1061 261 ό
1079 235 1254 270 Σαμαρείτης
1267 234 1437 266 καταλαϐὼν,
1451 235 1480 262 ὲν
1495 235 1608 270 ὀνόματι
1622 235 1835 273 καθυϐρισμένῳ

203 283 259 309 tum
275 281 316 308 sic
335 280 522 315 appellabant,
542 280 606 314 quia
634 280 722 314 magis
748 287 829 313 quam
850 279 959 305 Levitas
970 284 998 305 et

202 328 369 359 sacerdotes,
395 326 599 354 misericordem
623 331 649 352 et
669 325 842 353 vulneratum
855 329 997 352 sanantem

204 373 408 401 Samaritanum
430 373 585 400 irriserunt.
602 372 671 405 Quid
695 371 746 399 sibi
765 372 822 399 vult
838 371 996 405 iumentum,

202 421 246 447 cui
260 418 604 453 vulneratumimponendo
616 418 642 445 in
660 417 841 445 diversorium
856 417 901 452 qui
918 425 998 453 opem

203 465 305 502 ferebat
320 465 414 492 duxit?
425 464 559 492 Nimirum
575 463 656 491 Verbi
672 464 719 492 Dei
734 464 901 497 vehiculum,
917 469 955 497 et,
969 469 999 492 ut

205 512 241 548 ita
260 510 520 545 dicam,jumentum
533 510 657 545 subiuga:
668 510 778 545 estejus
787 518 898 546 corpus,
910 510 1000 538 simile

205 560 301 583 nostro
315 555 386 590 quod
399 555 530 590 gestavit:
545 555 571 581 in
587 563 652 590 quo,
666 560 694 582 et
705 562 754 590 per
767 555 841 590 quod
862 556 999 590 accipiens

201 608 233 628 ac
262 605 387 636 gestans,
409 600 479 627 ducit
495 600 528 627 ad
541 601 699 633 sanitatem,
715 604 743 628 et
756 601 917 628 Eeclesiam.
929 599 994 628 Ete-

202 647 257 673 nim
287 646 330 674 hic
362 650 405 673 est
431 645 550 680 perfecta
575 645 719 673 vulnerum
751 646 858 673 sanatio
883 650 910 673 et
938 653 996 673 me-

202 692 272 719 dela.

1047 280 1185 316 θησαυρδν
1197 280 1307 315 ἀγαθῶν
1317 281 1418 316 φέρων⁷
1429 281 1551 317 παρέσχε
1559 282 1610 316 τὴν
1623 281 1696 309 τασιν
1704 291 1711 298 '
1721 284 1750 314 ὅς
1759 284 1835 310 ἔστιν

1047 325 1125 361 ήμῶν
1142 327 1155 352 ό
1171 326 1276 362 Σωτὴρ,
1291 327 1324 362 τῇ
1336 326 1471 362 δυσφήμῳ
1484 327 1655 363 προσηγορίᾳ
1677 328 1724 355 τοῦ
1739 329 1834 363 Σαμα-

1049 371 1139 406 ρείτου
1154 372 1361 407 καλυπτόμενος
1387 372 1493 404 καὶτὰς
1504 373 1555 408 τῆς
1569 374 1704 408 σωτηρίας
1719 373 1759 408 τῷ
1776 382 1835 401 κει-

1049 417 1122 452 μένῳ
1137 417 1228 452 πηγὰς
1245 416 1413 449 ἀναῦλύζων.
1431 417 1603 453 Σαμαρείτην
1616 418 1644 444 δὲ
1658 418 1703 444 τὸν
1720 418 1836 454 Σωτῆρα

1049 463 1063 488 ό
1079 463 1157 497 λόγος
1171 463 1308 498 ὀνομάζει,
1322 463 1456 499 αἰσχύνων
1470 463 1609 490 κάνταῦθα
1620 464 1670 499 τὴν
1681 464 1736 491 τῶν
1747 464 1834 496 οὕτως

1049 508 1131 535 αὐτὸν
1147 508 1319 535 καλεσάντων
1334 509 1487 544 παράνοιαν
1494 508 1642 542 Ἰουδαίων,
1654 509 1696 536 δτι
1707 509 1752 536 τὸν
1764 509 1835 545 ὑπὲρ

1047 555 1110 586 τοὺς
1123 554 1240 586 Λευττας
1256 555 1304 581 καὶ
1321 554 1412 590 ίερέας
1425 554 1673 590 σπλαγχνιζόμενον
1689 556 1735 582 καὶ
1755 555 1835 591 θερα-

1048 599 1166 626 πεύοντα
1187 599 1233 626 τὸν
1247 599 1517 635 τετραυματισμένον
1533 599 1706 634 Σαμαρείτην
1726 599 1833 634 ὲξύῦριη

1047 645 1102 677 ζον.
1117 645 1150 672 Τί
1165 645 1191 671 δὲ
1206 645 1335 680 τυγχάνει
1351 645 1382 671 τὸ
1397 644 1520 678 κτῆνος,
1534 645 1577 678 ἐφ’
1591 642 1621 671 οὗ
1635 644 1681 670 τὸν
1693 644 1834 680 ψυχορρα-

1045 692 1145 726 γοῦντα
1158 691 1342 726 καταθέμενος
1357 691 1397 723 είς
1416 691 1446 717 τδ
1463 691 1622 725 πανδοχεῖον
1635 691 1738 725 ἢγαγεν
1753 691 1767 717 ὸ
1781 688 1835 716 σω-

201 739 271 772 τήρ;
288 737 304 772 ἢ
320 737 398 772 δῆλον
408 737 430 752 ¹⁸
442 737 482 763 ὅτι
496 736 588 771 ὄχημα
598 736 644 763 τοῦ
656 735 724 762 Θεοῦ
755 737 844 772 Λόγου
855 737 916 769 καὶ,
932 737 971 768 ὠς
995 736 1028 763 ἄν
1046 745 1088 768 τις
1101 736 1215 768 εῖποι⁸⁹,
1234 735 1380 770 ὑποζύγιον
1394 736 1424 762 τὸ
1434 735 1569 771 ὁμόφυλον
1578 736 1654 770 ἡμῖν,
1665 735 1733 770 ὅπερ
1747 735 1834 769 ἠμπί-

204 783 322 817 σχετοδο,
338 783 467 817 τυγχάνει
495 782 584 818 σῶμα,
610 782 652 816 ἐφ’
672 778 702 808 οὗ
725 783 772 808 καὶ
805 782 838 808 δι’
854 778 884 808 οὗ
918 782 1021 814 πάντας
1041 782 1146 816 ἀνέχων
1166 781 1214 808 καὶ
1239 781 1434 813 διαϐαστάζων
1459 781 1520 815 ἄγει
1546 781 1614 816 πρὸς
1637 780 1685 816 τὴν
1713 780 1836 807 ἀπαλλα-

203 829 254 863 γὴν
273 830 321 865 τῆς
349 829 428 856 νόσου
453 830 501 856 καὶ
525 830 574 865 τὴν
587 829 768 864 Ἐκκλησίαν·
792 830 840 861 καὶ
862 829 916 866 γὰρ
941 830 996 857 τῶν
1032 829 1197 865 τραυμάτων
1219 828 1289 864 αὕτη
1325 829 1400 856 ἐστὶν
1419 830 1436 864 ή
1459 827 1548 855 τελεία
1569 827 1703 864 θεραπεία
1718 827 1765 854 καὶ
1781 828 1836 854 ἀπ-

203 875 315 901 unm.

207 875 267 900 άλλη
310 895 315 901 .

207 874 330 954 Ρζίιιςςξὲηι
352 919 379 946 in
399 918 466 945 illud
482 926 490 944 :
505 927 520 943 ιλ
541 919 600 946 Duo
626 919 743 946 homines
771 919 945 947 ascenderunt
969 920 992 946 in

1051 917 1105 944 Τοῦ
1125 915 1376 954 αὐτοῦ-εΖς-τόιλι
1393 915 1553 954 Ἀνθρωιξοι
1576 915 1834 954 δύο-Αάνέϐησανυί

425 953 559 988 templum,
575 960 604 981 ut
618 959 725 981 orarent
739 958 764 981 1.
786 964 795 980 ι

238 1011 397 1039 Sermonem
417 1011 450 1038 de
470 1009 594 1038 oratione
618 1011 726 1039 duabus
749 1004 885 1045 parabolis
917 1018 993 1039 com-

204 1058 339 1092 plectitur.
352 1055 456 1084 Partim
481 1056 590 1092 quidem
617 1060 777 1084 constanter
794 1063 875 1084 orare
891 1055 993 1084 docens

204 1111 253 1130 nos
276 1110 322 1137 per
335 1102 455 1138 judicem
472 1107 499 1128 et
519 1101 642 1134 viduam,
664 1102 763 1136 partim
775 1108 840 1128 vero
861 1109 923 1128 cum
947 1109 993 1129 re-

203 1148 322 1175 wrcntia
349 1155 429 1174 orare
444 1147 522 1182 jubet
546 1155 593 1182 per
617 1147 786 1175 Pbarisaeum
815 1151 842 1174 et
869 1147 993 1182 publica-

204 1201 279 1220 num.
314 1192 452 1226 Optimum
479 1196 521 1219 est
545 1192 676 1220 continuo
703 1192 823 1228 cogitare
851 1197 992 1220 creaturas

204 1247 257 1266 non
283 1247 355 1271 esse,
385 1243 413 1266 et
436 1238 565 1266 animalia
594 1239 720 1271 intirma,
749 1244 900 1267 creatorem
927 1247 993 1267 vero

205 1286 299 1317 Deum,
324 1290 351 1313 et
375 1284 506 1319 optimum
530 1285 592 1312 vitae
614 1290 715 1312 nostra:
737 1291 891 1313 curatorem
913 1295 921 1313 :
940 1286 994 1314 hoc

203 1339 267 1358 vero
285 1336 347 1358 ante
360 1331 453 1358 omnia
471 1330 561 1358 oratio
587 1335 661 1359 recte
678 1336 798 1366 praestat.
814 1331 899 1359 Nemo
918 1332 990 1360 enim

203 1381 341 1412 petatrcs,
364 1383 425 1412 qua:
447 1377 565 1412 prosint,
578 1377 629 1405 nisi
648 1377 726 1412 prius
752 1382 854 1410 certam
876 1377 993 1413 accipiat

205 1423 295 1456 ﬁdem,
311 1422 395 1450 Deum
405 1430 499 1457 preces
510 1423 652 1456 exaudire,
668 1427 695 1451 et
705 1423 817 1459 implere
827 1431 909 1459 posse
918 1424 991 1460 quod

204 1469 316 1504 petitur.
329 1468 452 1496 Precatio
472 1473 562 1495 autem
591 1469 653 1496 vitm
675 1472 776 1496 nostrae
790 1468 922 1496 auxilium
940 1474 990 1501 est,

203 1513 368 1548 colloquium
397 1521 460 1540 cum
481 1513 547 1547 Deo,
570 1513 672 1542 oblivio
695 1521 878 1546 terrenorum,
895 1514 937 1541 via
958 1514 993 1541 ad

203 1560 348 1591 cmtum,et
367 1563 454 1587 rectas
468 1559 579 1587 tendere
594 1559 622 1586 in
635 1560 737 1587 malum
754 1567 861 1593 manus,
875 1559 992 1587 formam

1201 952 1245 984 εις
1258 951 1289 977 τὸ
1303 950 1384 984 lepor
1394 950 1619 984 προσεύξασθαι
1628 950 1660 976 θ’.
1674 959 1683 976 ι

1083 1009 1135 1036 Τὸν
1151 1008 1215 1044 περὶ
1228 1008 1277 1043 τῆς
1290 1008 1446 1044 προσευχῆς
1456 1008 1534 1042 λόγον
1546 1008 1575 1034 ὲν
1590 1008 1652 1034 δυσὶ
1666 1008 1835 1043 παραϐολαῖς

1047 1055 1218 1087 κατέκλεισε,
1243 1054 1273 1081 τδ
1299 1054 1347 1089 μὲν
1372 1054 1488 1085 εὐτόνως
1510 1053 1708 1089 προσεύχεσθαι
1723 1053 1768 1080 διὰ
1786 1053 1833 1081 τοῦ

1047 1101 1141 1138 κριτοῦ
1157 1101 1205 1128 καὶ
1221 1100 1271 1135 τῆς
1283 1100 1370 1136 χήρας
1379 1099 1487 1132 διδάξας
1500 1099 1583 1135 ἡμᾶς,
1595 1100 1623 1126 τὸ
1637 1100 1664 1127 δὲ
1680 1101 1740 1135 μετ’
1754 1101 1835 1128 εὐλα-

1047 1147 1111 1180 6οὖς
1129 1146 1243 1182 γνώμης
1269 1146 1313 1173 διὰ
1333 1146 1380 1172 τοῦ
1398 1146 1546 1181 Φαρισαίου
1570 1146 1679 1173 καὶτοῦ
1704 1146 1832 1174 τελώνου.

1049 1193 1111 1220 Ὅτι
1121 1192 1231 1228 ἄριστόν
1245 1192 1303 1218 ἐστι
1316 1191 1346 1218 τὺ
1361 1191 1481 1226 συνεχῶς
1507 1192 1607 1219 ὲννοεῖν
1623 1193 1764 1227 ποιήματα
1783 1193 1834 1227 μὲν

1051 1239 1125 1275 ἡμᾶς
1138 1239 1186 1266 καὶ
1204 1238 1263 1270 ζῶα
1278 1237 1408 1274 ἐπίκηρα,
1423 1237 1588 1274 δημιουργὸν
1602 1238 1631 1264 δὲ
1645 1238 1690 1264 τὸν
1702 1238 1767 1265 Θεὺν
1786 1238 1834 1265 καὶ

1046 1285 1158 1321 ἄριστον
1172 1285 1221 1319 τῆς
1235 1284 1372 1319 ἡμετέρας
1385 1283 1458 1319 ζωῆς
1472 1283 1623 1320 οἰκονόμον.
1636 1283 1721 1310 Τοῦτο
1735 1283 1763 1310 δὲ
1779 1283 1834 1319 πρὸ

1047 1331 1156 1359 πάντων
1170 1331 1186 1367 ἡ
1201 1330 1340 1367 προσευχὴ
1351 1329 1490 1366 κατορθοῖ.
1504 1331 1561 1358 Οὐκ
1574 1330 1607 1358 ἂν
1620 1330 1674 1364 γάρ
1686 1339 1728 1362 τις
1747 1338 1834 1366 προσ-

1049 1377 1157 1410 εύξαιτο
1170 1377 1203 1404 τὰ
1219 1376 1403 1412 συμφέροντα,
1427 1376 1465 1412 μὴ
1489 1375 1676 1412 πληροφορίαν
1699 1377 1833 1412 πρότερον

1045 1423 1135 1451 λαϐὼν
1150 1422 1231 1459 [1496
1250 1421 1296 1459 Β.]
1311 1423 1352 1449 ὅτι
1367 1422 1433 1454 Θεός
1445 1423 1518 1449 ἐστιν
1532 1423 1546 1448 ὁ
1564 1422 1612 1456 τῆς
1628 1422 1766 1458 ῑκετηρίας
1781 1423 1832 1449 ἑπ-

1046 1470 1128 1505 ἠκοος
1143 1470 1190 1496 καὶ
1204 1469 1317 1501 δυνατὸς
1331 1470 1483 1505 παρασχεῖν
1493 1469 1512 1496 ἃ
1522 1470 1647 1496 αἰτεῖται.
1663 1469 1737 1505 Εὑχὴ
1745 1469 1768 1485 ⁸⁸
1783 1469 1834 1504 τῆς

1046 1515 1119 1551 ζωῆς
1142 1515 1221 1550 ἡμῶν
1237 1515 1359 1551 βοήθεια,
1384 1515 1478 1550 ὁμιλία
1495 1515 1564 1550 πρὸς
1587 1515 1663 1548 Θεὸν,
1688 1515 1756 1551 λήθη
1776 1515 1834 1541 τῶν

1048 1561 1162 1596 γηΐνων,
1178 1560 1270 1592 ἄνοδος
1287 1561 1356 1596 πρὸς
1372 1560 1495 1594 οὐρανόν.
1514 1559 1568 1586 Καὶ
1582 1560 1613 1587 τὸ
1633 1560 1722 1595 όρθιον
1739 1561 1768 1587 δὲ
1779 1561 1833 1596 τῆς

203 1609 245 1633 est
267 1605 394 1632 exhibere
415 1604 517 1633 Christi
549 1604 624 1632 cruci
639 1604 720 1632 altixi.
752 1604 781 1632 Si
791 1613 855 1633 vere
876 1610 946 1637 oret,
964 1609 992 1633 et

1046 1605 1199 1640 προσευχῆς
1214 1625 1221 1638 ,
1238 1604 1422 1639 ἑκτεταμένας
1437 1605 1655 1640 προϐαλλόμενον
1665 1606 1688 1622 ⁸⁸
1701 1606 1751 1638 τὰς
1769 1608 1830 1642 χεῖ-

202 1656 286 1676 orans
307 1649 414 1683 placeat
429 1648 495 1682 Deo,
511 1655 566 1676 non
582 1649 664 1677 modo
686 1649 713 1676 in
725 1649 811 1685 ﬁgura
826 1657 936 1677 crucem
951 1657 993 1678 re-

203 1699 359 1729 praesentat,
376 1695 424 1723 sed
436 1694 517 1722 etiam
532 1694 641 1722 atl‘eetu.
659 1694 694 1722 Ut
707 1703 779 1723 enim
796 1695 823 1723 in
841 1703 924 1724 cruce
938 1696 994 1724 cla-

203 1742 244 1769 vis
253 1741 359 1774 atlixus,
375 1741 415 1768 sic
431 1745 457 1768 et
468 1748 551 1768 orans
564 1746 643 1769 necat
656 1749 765 1769 omnem
781 1742 873 1770 carnis
889 1749 994 1770 concu-

202 1787 374 1822 piscentiam,
389 1787 522 1814 memoria
532 1788 684 1822 expellens,
694 1788 817 1815 omnium
826 1788 993 1820 divitiarum,

167 1845 170 1847 λ
202 1833 305 1868 gloriae,
323 1837 520 1868 parentumque
544 1833 682 1861 allectum.
706 1833 783 1861 Nulla
814 1842 858 1862 res
879 1834 947 1862 adeo
960 1834 994 1861 ab

204 1881 250 1906 illo
265 1883 373 1906 amatur
388 1883 415 1907 et
428 1879 645 1914 concupiscitur,
675 1888 758 1915 quam
783 1881 909 1908 invenire
924 1884 994 1907 tem-

203 1933 265 1960 pus,
279 1930 325 1952 aut
336 1924 423 1952 otium
435 1932 490 1959 quo
513 1932 543 1952 se
555 1925 613 1959 ipse
632 1925 761 1961 colligere
776 1925 871 1960 possit.
891 1925 943 1952 Sed
960 1926 993 1953 ad

203 1968 260 1996 lucc
279 1968 333 1996 duo
354 1968 527 2003 potissimum
552 1968 651 2004 501a
673 1969 803 1997 collincat
819 1974 947 2004 tanquam
966 1970 992 1996 in

201 2021 324 2048 scopum,
349 2018 378 2041 ut
397 2021 506 2048 pccnam
516 2014 589 2042 illam
605 2015 727 2050 cﬂ‘ugiat,
747 2015 858 2050 vitaque
880 2016 934 2042 cito
947 2016 994 2043 de-

201 2059 288 2092 cedat,
312 2063 338 2086 et
364 2063 494 2094 praeterea
514 2060 582 2087 nihil
605 2064 694 2088 mente
711 2060 816 2095 agitet:
835 2069 915 2095 quam
932 2069 995 2088 ora-

202 2106 275 2132 tione
291 2105 324 2132 ad
351 2104 511 2132 cruciﬁxum
527 2105 664 2140 proﬁcisci
678 2110 702 2132 ι.
719 2105 813 2133 Oratio
848 2105 992 2133 Ezechiam

201 2151 236 2178 ab
257 2151 319 2178 Orci
337 2150 463 2178 faucibus
480 2150 618 2183 liberavit,
632 2157 660 2178 et
684 2151 769 2178 solem
792 2151 868 2186 prius
884 2151 925 2186 (ut
939 2151 993 2179 alia

201 2197 274 2223 illius
301 2203 384 2231 opera
416 2195 533 2232 taceam)
553 2196 716 2224 monstravit
741 2203 850 2224 servum
871 2204 942 2230 esse,
966 2202 993 2224 et

200 2249 342 2268 servorum
366 2242 428 2269 usui
454 2242 568 2269 servire.
587 2241 668 2269 Licet
684 2242 767 2269 etiam
783 2243 887 2278 aliquid
902 2243 990 2271 facere

200 2289 313 2320 bonum,
332 2293 358 2315 et
377 2295 432 2315 non
452 2288 521 2316 bene
535 2288 677 2316 facientem
694 2288 816 2316 laborem
833 2290 946 2324 perdere
962 2295 985 2315 α.
1006 2278 1027 2305 D

200 2333 235 2361 Ut
249 2333 404 2362 Pharisaeus
415 2334 543 2362 oratione
557 2341 587 2362 se
599 2334 743 2368 extollens,
753 2338 781 2362 et
795 2335 816 2362 si
829 2336 892 2370 quis
905 2336 986 2369 alius,

198 2382 399 2417 eleemosynam
413 2389 491 2409 suam
507 2381 674 2413 manifestat,
691 2386 719 2409 et
732 2381 759 2409 in
781 2382 917 2409 similibus
933 2389 986 2409 non

199 2430 254 2453 tam
277 2427 396 2461 graviter
418 2426 572 2454 Pbarisatus
592 2430 743 2461 peccasset,
767 2427 789 2454 si
812 2427 986 2462 publicanum

198 2479 254 2500 non
270 2471 440 2499 damnasset.
452 2471 531 2498 Nunc
541 2479 606 2499 vero
620 2476 647 2499 et
661 2479 717 2500 uno
733 2472 816 2500 verbo
824 2479 921 2500 omnes
934 2480 987 2507 pu-

198 2518 323 2546 blicanos
345 2517 481 2549 absentes,
497 2521 524 2545 et
543 2517 616 2546 hunc
638 2523 799 2554 praesentem
813 2519 985 2546 condemnat.

198 2565 290 2598 Quare
300 2562 455 2590 Pharisteus
469 2570 484 2590 e
503 2563 589 2598 gloria
606 2564 633 2592 in
656 2565 814 2600 ignominiae
826 2565 985 2592 barathrum

198 2608 309 2641 decidit,
334 2607 496 2643 publicanus
521 2616 536 2636 a
563 2609 617 2636 vita
642 2617 692 2637 sua
717 2610 810 2637 infami
830 2609 864 2637 ad
881 2609 984 2636 felicem

232 2702 246 2721 1
260 2697 325 2724 Luc.
339 2704 414 2729 xvm,
436 2697 479 2724 lt).

1047 1660 1106 1688 ρας,
1124 1651 1187 1687 [816
1201 1650 1246 1687 IL]
1258 1651 1289 1677 τὸ
1306 1651 1351 1678 τοῦ
1371 1651 1489 1686 σταυροῦ
1509 1651 1593 1684 πάθος
1608 1652 1637 1678 ὲν
1651 1651 1689 1688 τῷ
1706 1653 1827 1688 σχήματι

1045 1697 1214 1729 ἐξεικονίζει.
1240 1697 1271 1723 Εἰ
1290 1696 1313 1724 δ’
1333 1696 1370 1729 ὡς
1382 1697 1489 1732 ἀληθῶς
1509 1697 1687 1733 προσεύχοιτο
1704 1699 1751 1726 καὶ
1768 1699 1832 1726 θεα-

1046 1743 1148 1778 ρέστως
1157 1743 1179 1759 ⁴²⁸
1192 1743 1237 1770 όθθ
1250 1742 1476 1778 προσευχόμενος,
1492 1743 1542 1770 οὐκ
1551 1743 1579 1770 ὲν
1595 1743 1633 1779 τῷ
1650 1745 1769 1780 σχήματι
1783 1745 1832 1780 μό-

1044 1797 1089 1816 νον
1107 1789 1153 1816 τὸν
1171 1789 1288 1824 σταυρὸν
1303 1789 1439 1822 διατυποῖ,
1453 1788 1521 1816 ἀλλὰ
1534 1789 1581 1816 καὶ
1590 1790 1611 1806 ⁸⁷
1629 1790 1700 1816 κατὰ
1708 1791 1757 1825 τὴν
1769 1790 1831 1817 διά-

1046 1835 1132 1863 θεσιν.
1158 1835 1201 1866 Ὧς
1216 1835 1270 1870 γὰρ
1281 1835 1295 1861 ό
1310 1835 1348 1870 τῷ
1364 1835 1475 1871 σταυρῷ
1490 1835 1686 1871 προσηλωθεὶς,
1702 1835 1772 1862 οὕτω
1782 1844 1830 1862 νε-

1045 1881 1170 1916 κροποιεῖ
1189 1881 1278 1908 πᾶσαν
1305 1880 1354 1915 μὲν
1376 1879 1523 1915 ἐπιθυμίαν
1540 1879 1642 1916 σαρκὸς
1655 1880 1705 1916 τῆς
1718 1880 1831 1916 μνήμης

1044 1925 1287 1961 ἀποτιναξάμενος,
1303 1925 1403 1957 παντὸς
1426 1924 1454 1953 δὲ
1480 1925 1596 1953 πλούτου
1614 1925 1662 1953 καὶ
1684 1926 1763 1960 δόξης
1782 1927 1832 1952 καὶ

1045 1972 1139 2007 γένους
1166 1972 1362 2008 προσπάθειαν.
1388 1971 1469 1999 Οὐδὲν
1495 1972 1524 1999 δὲ
1541 1971 1613 1999 οὕτω
1635 1972 1753 2008 πρᾶγμα
1770 1972 1831 1998 ἐπι-

1044 2018 1164 2054 θυμητὸν
1181 2018 1256 2053 αύτῷ
1270 2019 1316 2045 καὶ
1330 2017 1482 2054 ἐπέραστον
1493 2017 1530 2049 ὡς
1548 2018 1684 2054 εὑρίσκειν
1699 2018 1792 2053 καιρὸν
1812 2018 1830 2054 ῆ

1044 2064 1143 2100 σχολὴν
1164 2064 1297 2099 ἐμπεσεῖν
1321 2065 1352 2099 τῇ
1367 2064 1476 2101 γνώμῃ.
1497 2064 1578 2091 Ἀλλὰ
1594 2064 1662 2100 πρὸς
1676 2063 1723 2090 δύο
1742 2064 1830 2092 ταῦτα

1045 2109 1225 2136 συντέτακται
1238 2110 1292 2140 πᾶς
1303 2109 1317 2136 ὁ
1333 2109 1433 2141 σκοπὸς
1447 2108 1531 2144 αὐτῷ,
1548 2109 1643 2144 φυγεῖν
1658 2108 1706 2144 τὴν
1718 2109 1830 2136 κόλασιν

1044 2154 1090 2181 καὶ
1106 2154 1202 2181 θᾶττον
1217 2153 1344 2181 ἀπελθεῖν
1357 2153 1403 2180 τοῦ
1417 2153 1486 2188 βίου.
1503 2153 1557 2180 Καὶ
1566 2153 1640 2180 οὐδὲν
1650 2153 1743 2188 ἕτερον
1753 2154 1832 2190 παρὰ

1041 2199 1129 2227 ταῦτα
1142 2199 1188 2226 ἐπὶ
1203 2199 1252 2234 τῆς
1275 2199 1394 2230 διανοίας
1414 2198 1572 2234 εὑρίσκεται
1594 2198 1611 2234 ἣ
1629 2198 1829 2233 ἀναστρέφεται

1042 2245 1088 2272 τοῦ
1103 2245 1311 2281 ἐσταυρωμένον
1325 2245 1358 2280 τῇ
1376 2245 1524 2280 προσευχῇ.
1537 2243 1610 2279 Εὑχὴ
1627 2244 1674 2270 καὶ
1689 2243 1735 2270 τὸν
1751 2243 1830 2275 Ἐζε-

1041 2291 1103 2318 κίαν
1124 2290 1178 2317 τῶν
1196 2290 1287 2317 πυλῶν
1308 2290 1356 2316 τοῦ
1380 2289 1442 2325 ᾅδου
1458 2289 1605 2321 ἀνέσπασε,
1620 2289 1666 2315 καὶ
1681 2288 1728 2315 τὸν
1749 2289 1828 2324 ἥλιον

1042 2337 1175 2372 πρότερον
1193 2337 1248 2372 (ἵνα
1265 2337 1299 2363 τὰ
1313 2335 1381 2362 ἄλλα
1394 2336 1478 2371 αὐτῆς
1492 2335 1560 2371 ἔργα
1573 2335 1656 2370 ἐάσω)
1670 2334 1769 2367 ἔδειξεν
1781 2335 1825 2362 ὅτι

1041 2383 1133 2414 δοῦλός
1157 2382 1215 2409 ἐστι
1228 2403 1235 2415 ,
1255 2382 1303 2408 καὶ
1322 2381 1414 2413 δοῦλος
1433 2381 1539 2416 χρείαις
1554 2380 1706 2416 ὁμοδούλων
1723 2380 1827 2416 ὑπηρε-

1042 2427 1182 2463 τοθμενος.
1196 2428 1275 2454 Ἐστι
1289 2427 1336 2453 καὶ
1348 2427 1479 2459 πράττειν
1494 2434 1520 2452 τι
1536 2426 1569 2461 τῇ
1589 2424 1669 2460 φύσει
1683 2423 1765 2452 καλὸν
1780 2426 1830 2452 καὶ

1043 2474 1080 2509 μὴ
1096 2473 1224 2500 ποιοῦντα
1240 2472 1331 2503 καλῶς
1345 2471 1487 2507 ἀφανίζειν
1502 2471 1566 2503 τοὺς
1583 2471 1691 2504 πόνους,
1701 2471 1738 2502 ὼς
1751 2471 1829 2497 όΦα-

1042 2519 1147 2553 ρισαῖος
1158 2517 1187 2544 ὲν
1203 2519 1262 2549 ταῖς
1277 2518 1443 2553 προσευχαῖς
1461 2516 1719 2553 μεγαλορῤημονῶν,
1736 2517 1784 2543 καὶ
1803 2518 1831 2544 εἰ

1039 2572 1081 2594 τις
1096 2564 1175 2594 ἄλλος
1189 2564 1239 2598 τὴν
1257 2562 1440 2598 ἐλεημοσύνην
1460 2563 1694 2598 ἐπιδεικνύμενος.
1712 2563 1767 2589 Καὶ
1779 2562 1828 2589 ἐπὶ

1040 2609 1094 2636 τῶν
1116 2608 1226 2644 ὁμοίων.
1252 2606 1443 2644 Μετριώτερον
1460 2609 1494 2636 ἃν
1508 2609 1523 2635 ὸ
1539 2609 1683 2644 Φαρισαῖος
1702 2608 1829 2644 ἡμάρτα-

520 2703 530 2716 ι
547 2698 580 2725 ιν
595 2699 659 2734 Reg.
681 2707 726 2731 xx,
747 2698 790 2726 ll.
830 2705 842 2719 α
860 2699 927 2727 Luc.
945 2707 1026 2732 xvm,
1044 2698 1085 2726 lt.

834 2754 952 2782 VARle
969 2754 1174 2782 LECTIONES.

233 2821 255 2837 "
269 2819 381 2863 ἢὲἦλεν
392 2821 415 2847 Α
431 2829 438 2848 ε
457 2821 538 2863 δῖἱέοι
549 2822 573 2863 εἰ
587 2829 619 2863 Ξῖ
656 2821 678 2862 '.'
693 2821 757 2858 ετπη
825 2823 847 2838 ⁶⁹
865 2822 1022 2863 terim“
1081 2823 1101 2840 “
1115 2820 1259 2863 ἀῑέεῖηῖανο

1316 2821 1338 2836 ⁶¹
1358 2818 1558 2856 προσεύξασθαι
1578 2819 1618 2846 B:
1636 2819 1772 2856 ἀνέϐαιννκ
1792 2837 1827 2844 .-

198 2851 394 2892 προσέύξέσθαι
405 2864 436 2887 ς.
475 2851 498 2872 ⁶”³
514 2855 579 2891 εὐχὴ
592 2851 625 2882 ’δὲ
641 2856 690 2892 τῆς
703 2865 733 2888 ς.
745 2851 757 2858 ”
772 2851 795 2874 ίδ
810 2851 1025 2892 προϐαλλόμενον
1041 2851 1070 2882 li:
1083 2851 1300 2892 προϐαλλόμενος
1317 2863 1346 2886 ς.
1381 2851 1409 2872 ’⁸⁸
1426 2851 1568 2889 θεάρεστος
1583 2863 1614 2887 ς.
1652 2853 1675 2870 ⁶⁶
1686 2856 1700 2881 ό
1716 2862 1770 2882 om.
1791 2856 1823 2884 Β.

199 2892 221 2907 ⁸⁷
239 2891 286 2918 καὶ
300 2898 356 2918 om.
386 2891 418 2917 Α.
