1959 3081
167 167 221 200 m9
735 173 999 205 BIBLIOTHECA.
1019 170 1058 192 ’-
1072 173 1153 205 COD.
1170 173 1318 205 CCLXXI.
1747 177 1800 210 210

167 233 223 259 νιν,
237 227 263 254 ει
279 227 326 255 τδν
338 228 456 266 τελώνην
469 231 560 266 ἀφῆκε
574 231 624 267 τῆς
641 231 786 266 παροινίας
802 231 953 267 ἐλεύθερον¹

1009 231 1175 267 beatumque
1196 236 1297 259 statum
1319 232 1497 264 conscendit;
1521 233 1566 260 ille
1586 241 1600 260 a
1622 233 1676 261 Deo
1703 242 1803 271 magno

167 272 214 301 νῦν
228 272 251 301 8‘
265 275 306 301 ἑνὶ
320 275 392 311 λόγῳ
405 278 452 303 καὶ
461 278 517 304 τῶν
533 277 660 305 ἀπόντων
670 278 897 310 κατεξανίσταται
909 278 953 305 καὶ

1009 279 1150 306 intervallo
1175 279 1299 312 recessit,
1320 278 1364 306 hic
1386 278 1413 305 in
1435 279 1566 314 requietis
1588 279 1677 307 lorum
1695 281 1803 309 delatus

168 319 214 346 τοῦ
237 321 412 355 παρεστῶτος
432 323 565 356 ὲπιξαίνει
589 324 623 350 τὰ
635 324 793 360 τραύματα.
808 324 854 350 Διὸ
872 325 886 350 6
907 324 956 359 μὲν
1006 329 1057 352 est.

166 364 312 399 Φαρισαῖος
328 367 383 394 άπὸ
406 367 486 403 δόξης
507 370 548 401 εἰς
561 369 593 396 τδ
610 370 660 405 τῆς
683 369 797 405 ἀτιμίας
820 369 955 396 κατέπεσε
977 369 1122 404 βάραθρον,
1137 371 1151 396 ό
1181 370 1210 396 δὲ
1241 370 1360 406 τελώνης
1381 371 1434 398 ἀπὸ
1453 371 1501 405 τῆς
1517 369 1699 397 ἐπονειδίστου
1732 370 1805 405 ζωῆς

167 412 207 443 εἰς
230 412 280 448 τὴν
294 413 433 448 μακαρίαν
455 415 590 451 ἐπανῆλθε
621 416 806 443 κατάστασιν·
841 415 889 442 καὶ
907 417 921 442 6
941 415 990 450 μὲν
1010 415 1100 451 πολλῷ
1121 415 1161 451 τῷ
1178 415 1254 451 μέσῳ
1276 417 1327 451 τῆς
1342 416 1409 451 πρὸς
1432 416 1498 443 Θεὸν
1527 416 1681 452 ὲγγύτητος
1703 417 1806 451 ἐκεχὼ-

168 467 253 494 pta-to,
283 461 297 486 6
320 460 350 487 δὲ
375 460 442 496 πρὸς
465 461 516 498 τὴν
538 462 589 498 τῆς
613 462 772 498 παρρησίας
789 461 883 498 χώραν
911 462 1082 489 ἀνείλκυστο.

1183 519 1308 554 Ejusdem
1325 521 1351 547 in
1364 519 1520 549 Zacchwum
1531 530 1628 549 sermo.
1685 538 1687 540 τ

1046 564 1157 593 Jerieho
1174 566 1334 600 metropolis
1345 571 1386 594 est
1399 567 1630 601 Chananasorum,
1641 575 1724 603 quam
1738 567 1802 595 olim

1009 613 1091 641 Jesus
1110 612 1184 640 Nave
1196 613 1267 641 ﬁlius
1286 613 1411 641 bellando
1427 614 1611 650 cedendoque
1622 615 1765 650 intercepit
1776 615 1803 643 δ.

330 518 386 545 Τοῦ
401 519 494 545 αὐτοῦ
509 520 553 552 εις
570 519 624 547 τὸν
636 519 797 554 Ζακχαῖον.

208 561 312 598 Ἱεριχὼ
325 563 403 595 πόλις
417 562 451 600 ἦν
467 565 520 591 τῶν
535 565 698 592 Χαναναίων
726 564 892 601 μητρόπολις
904 585 911 598 ,
927 565 962 600 ἢν

167 607 234 634 ποτὲ
249 608 309 643 ,μὲν
327 608 460 643 Ἰησοῦςό
490 609 538 636 τοῦ
562 609 639 645 Ναυῆ
668 609 793 645 πολεμῶν
824 610 872 636 καὶ
900 610 960 637 ὀλο-

167 652 271 688 θρεύων
290 653 434 685 κατέλαϐε,
459 654 506 681 νῦν
519 654 547 681 δὲ
573 655 587 680 6
608 655 735 690 ἀληθινὸς
756 655 861 691 Ἰησοῦς
876 656 953 691 θερα-

1009 658 1088 686 Nunc
1103 663 1195 686 autem
1217 666 1299 686 verus
1318 658 1397 687 Jesus
1420 667 1517 687 sanare
1554 660 1726 688 adveniendo
1743 661 1804 695 dig-

166 697 264 724 πεῦσαι
282 699 478 734 παραγεγονὼς
492 700 655 735 κατηξίωσε.
676 701 731 728 Καὶ
755 702 769 728 ὁ
795 701 843 736 μὲν
862 702 953 736 τυφλὸς

1015 708 1095 731 natus
1110 708 1152 732 est
1170 709 1194 731 ο.
1209 704 1309 732 Caecus
1331 704 1440 740 quidem
1457 705 1628 733 illuminatus
1643 710 1694 738 est,
1715 713 1804 740 popu-

167 743 304 779 ὲφωτίσθη
320 763 328 776 ,
359 745 373 770 6
386 745 414 771 δὲ
438 745 525 780 δῆμος
541 745 680 782 ὲπιστώθη
691 767 698 780 ,
717 747 793 774 πᾶσα
808 748 836 774 δὲ
850 748 953 782 γλῶσσα

1013 749 1055 776 lus
1065 756 1130 776 vero
1143 749 1269 782 credidit,
1284 749 1374 777 omnis
1387 749 1479 785 lingua
1495 748 1595 779 Iesum,
1604 751 1761 783 celebravit,
1777 757 1804 778 et

167 788 212 814 τὸν
235 788 337 824 Ἰησοῦν
351 789 450 823 ἐλάλει,
466 790 514 817 καὶ
535 791 580 818 τὸν
606 791 706 826 τυφλὸν
717 792 856 828 ὀφθαλμὸς
887 793 953 825 ἄπα,

1012 795 1102 822 omnis
1117 795 1212 823 oculus
1226 803 1328 823 caecum
1336 796 1404 824 vidit
1420 796 1712 830 videntem,mcdicum
1726 796 1802 823 illum

167 831 240 868 εἶχεν
266 834 457 870 ἀναϐλέψαντα
467 835 514 862 τοῦ
530 835 669 872 θαύματος
683 838 729 864 καὶ
743 838 793 873 τῆς
821 839 953 874 σωτηρίας

1012 840 1084 867 ultro
1108 840 1229 868 oblatum
1250 841 1375 869 miraculi
1393 845 1420 869 et
1443 842 1552 875 salutis,
1567 850 1621 870 non
1636 842 1737 874 verbis.
1754 842 1803 869 sed

165 878 324 906 διδάσκαλον
339 880 524 915 αὐτοσχέδιον,
536 882 567 908 οὐ
582 881 671 916 λόγοις
681 882 740 909 ἀλλ’
753 883 844 918 ἔργοις
859 885 953 911 ἐκπαι-

1012 886 1140 920 operibus
1167 888 1306 921 apostolos
1336 888 1478 915 veritatem
1509 888 1678 916 edocentem.
1706 887 1802 916 Omnis

165 923 275 950 δεύοντα
297 924 362 957 iob;
379 927 503 961 μαθητὰς
514 927 564 963 τὴν
577 927 717 963 ἀλήθειαν.
735 929 813 956 Πᾶσα
836 930 885 965 μὲν
900 931 953 957 ἀδι-

1010 917 1120 966 qnidem
1134 917 1234 967 injuria
1249 933 1320 960 mala
1341 939 1394 966 est,
1414 934 1531 969 odioque
1547 934 1639 970 digna,
1654 935 1700 962 sed
1717 934 1803 969 publi-

165 969 212 995 κεα
227 970 312 997 κακὸν
330 971 376 998 καὶ
393 972 490 1006 μίσους
506 973 592 1007 ἄξιον,
623 975 636 1001 6
651 974 680 1001 δὲ
696 975 814 1011 τελώνης
831 977 954 1013 ἀνυπέρ-

165 1014 273 1050 ϐλητον·
289 1016 348 1043 οὐδὲ
371 1017 436 1052 γὰρ,
453 1018 512 1044 οὐδὲ
528 1019 666 1054 πρόφασιν
679 1020 737 1056 ἔχει
752 1021 802 1056 τῆς
818 1022 957 1057 ἁμαρτίας

164 1060 351 1096 εὐπρόσωπον.
375 1063 436 1089 Ἐπὶ
467 1064 515 1098 μὲν
545 1065 601 1101 γὰρ
621 1066 674 1092 τῶν
690 1066 776 1094 ἄλλων
800 1068 956 1103 εὑρίσκεταί

165 1114 208 1137 τις
223 1107 331 1142 ἀνάγκη
358 1107 406 1134 τοῦ
428 1109 513 1136 κακοῦ
540 1111 587 1137 καὶ
607 1111 680 1146 ῥίζα,
694 1112 724 1145 ἐξ
744 1109 782 1140 ὧν
802 1114 899 1148 φύεται
926 1115 956 1141 τδ

163 1151 288 1188 ἀδίκημα
300 1161 307 1167 ·
323 1155 337 1180 6
352 1153 381 1181 δὲ
395 1155 514 1191 τελώνης
529 1156 622 1192 θηρίον
647 1158 705 1185 ἐστὶ
722 1178 729 1190 ,
755 1160 957 1195 ἀπροφάσιστος

163 1196 268 1231 λοιμδς,
282 1199 343 1230 ταῖς
363 1199 511 1235 λεωφόροις
538 1202 749 1239 ὲπικαθήμενος.
772 1205 874 1232 Ὲνόσει
891 1206 957 1233 ταύ-

163 1249 213 1287 την
228 1242 241 1268 6
260 1243 396 1279 Ζακχαῖος
410 1245 459 1281 τὴν
479 1248 566 1280 νόσον,
598 1249 662 1283 πρὶν
687 1249 770 1284 ἐγγὺς
791 1250 855 1287 ἔλθῃ
870 1252 892 1267 ⁸⁸
909 1252 955 1279 τοῦ

163 1286 263 1323 Ἰησοῦ,
297 1290 395 1326 μακρῷ
419 1291 469 1326 τῆς
493 1293 648 1328 ἀρρωστίας
677 1297 724 1333 τοῦ
749 1286 953 1334 Ἱεριχουντεῖου

163 1333 264 1368 τυφλοῦ
293 1335 469 1372 ὑπάρχουσαν
503 1339 635 1374 χείρονα,
664 1333 695 1367 εί
717 1351 750 1377 γε
812 1344 861 1379 μὲν
899 1345 953 1371 σώ-

168 1387 261 1425 ματος
292 1381 307 1406 6
339 1381 367 1407 δὲ
393 1382 484 1417 ψυχῆς
510 1384 595 1420 αὐτῆς
622 1386 710 1414 ἐνόσει
742 1388 790 1423 τὴν
822 1390 955 1425 πήρωσιν.

163 1423 209 1458 Μὴ
228 1423 281 1458 δῷς
297 1424 388 1457 ἄλλοις
414 1426 448 1453 τὰ
470 1427 597 1464 ἀλλότρια
612 1450 619 1461 ,
653 1430 721 1458 ἀλλὰ
742 1434 799 1464 τοῖς
821 1423 955 1469 ἠδικημέ-

161 1477 218 1500 νοις
232 1470 267 1496 τά
281 1471 370 1498 οἰκεῖα
385 1472 611 1509 ἀποκατάστησον
622 1485 629 1491 ·
645 1474 674 1503 οὐ
702 1478 757 1513 γὰρ
774 1479 954 1514 προσδέχεται

1009 985 1095 1005 canus
1112 985 1212 1018 omnes
1228 979 1346 1006 excedit.
1367 978 1427 1006 Non
1449 980 1522 1007 enim
1539 979 1625 1007 ullum
1647 980 1801 1015 legitimum

1009 1023 1139 1058 peccandi
1157 1028 1317 1058 praetextum
1344 1024 1435 1052 habet.
1454 1025 1483 1052 In
1503 1025 1564 1053 aliis
1589 1025 1699 1060 quidem
1723 1025 1801 1053 inve-

1010 1069 1085 1096 nitur
1103 1069 1166 1096 mali
1187 1070 1311 1104 quaedam
1334 1070 1497 1103 necessitas,
1515 1074 1542 1097 et.
1556 1070 1644 1106 origo,
1660 1071 1733 1098 unde
1749 1071 1802 1098 ini-

1008 1114 1100 1148 quitas
1128 1114 1263 1148 procedit.
1290 1113 1456 1142 Publicanus
1473 1114 1532 1143 fera
1558 1119 1612 1147 est,
1642 1115 1801 1150 pestisaquze

1009 1162 1170 1193 praetextum
1196 1167 1250 1187 non
1271 1159 1365 1193 habet,
1389 1160 1441 1188 viis
1457 1160 1540 1195 regiis
1556 1161 1730 1189 incumbens.
1743 1161 1801 1190 Hoc

1009 1205 1106 1233 morbo
1132 1205 1279 1234 Zacehaeus
1299 1207 1451 1241 aegrotavit,
1475 1206 1636 1242 priusquam
1659 1207 1691 1234 ad
1707 1207 1800 1235 Jesum

1008 1252 1166 1285 accederet,
1192 1252 1239 1287 qui
1259 1253 1372 1281 morbus
1398 1253 1522 1281 caecitate
1542 1253 1606 1281 caeci
1635 1253 1802 1282 Jeriehuntis

1008 1296 1128 1324 deterior
1144 1301 1202 1324 erat
1218 1306 1224 1324 :
1242 1297 1307 1332 quia
1323 1298 1367 1325 hic
1391 1305 1515 1333 corpore,
1536 1297 1583 1326 ille
1598 1299 1690 1326 animo
1711 1306 1800 1333 aegro-

1007 1343 1086 1370 tavit.
1100 1342 1140 1370 Ne
1166 1343 1213 1371 des
1229 1343 1292 1371 aliis
1317 1343 1417 1376 aliena,
1441 1344 1489 1371 sed
1506 1343 1668 1372 dehaudato
1691 1345 1800 1379 propria

1008 1389 1124 1416 restitue
1137 1388 1161 1415 ιι.
1189 1388 1249 1416 Non
1272 1389 1346 1417 enim
1370 1388 1444 1417 Deus
1469 1390 1671 1426 eleemosynam
1689 1391 1798 1425 recipit,

1007 1442 1068 1469 quae
1078 1434 1150 1463 furto
1161 1439 1238 1469 rapta
1251 1439 1302 1462 est.
1320 1434 1487 1463 Publicanus
1497 1435 1585 1463 bonus
1599 1435 1695 1471 501b
1708 1443 1800 1463 rerum

1008 1487 1118 1507 suarum
1140 1479 1225 1514 judex
1247 1484 1272 1507 ct
1297 1480 1479 1514 dispensator.
1506 1479 1578 1507 Etsi
1601 1481 1664 1516 quid
1684 1481 1800 1516 aliquem

162 1514 229 1566 Θεξς
244 1516 431 1554 ἐλεημοσύνην
449 1519 479 1552 ἐξ
493 1522 631 1557 Ιἥιρτταγῆς,
644 1523 731 1555 Καλὸς
741 1525 755 1550 ό
769 1524 889 1561 τελώνης
900 1526 953 1553 τῶν

1009 1525 1174 1560 defraudavi,
1198 1525 1279 1552 reddo
1303 1525 1483 1560 quadruplum
1496 1525 1520 1558 δ,
1536 1514 1639 1561 inquit:
1660 1534 1715 1554 non
1729 1514 1801 1555 aliis

162 1561 325 1589 καθ’ὲαυτὸν
332 1564 427 1599 κριτὴς
437 1565 483 1591 καὶ
492 1566 645 1602 οἰκονόμος.
653 1568 705 1594 Καὶ
715 1567 778 1604 [817
788 1569 833 1606 H.]
841 1570 869 1597 ει
876 1572 957 1605 τινός

162 1613 189 1632 τι
208 1606 453 1644 ἐσυκοφάντησα,
468 1611 632 1648 ἀποδίδωμι
646 1616 844 1649 τετραπλοῦν,
862 1617 955 1651 φησὶν,

160 1653 212 1679 οὐκ
224 1654 314 1686 ἄλλοις
327 1656 453 1690 (ἄμισθον
468 1657 522 1693 γὰρ
534 1657 614 1685 τοῦτο
625 1659 673 1686 καὶ
682 1660 868 1696 ἀπρόσδεκτον
880 1663 921 1698 τῷ
933 1664 955 1680 ⁸³

160 1699 329 1734 Θεῷ),ἀλλ’
343 1702 434 1734 αὐτοῖς
460 1704 516 1735 τοῖς
542 1706 798 1741 συκοφαντηθεῖσιν.
821 1708 957 1744 Σήμερον

160 1747 295 1791 σωτηρία
312 1747 353 1779 τῷ
374 1748 447 1781 οἴκῳ
476 1750 571 1791 τούτῳ
597 1751 717 1785 ἐγένετο
741 1752 774 1786 ⁷⁸,
793 1754 894 1781 καθότι
907 1755 956 1781 καὶ

160 1790 252 1825 οὗτος
267 1793 332 1826 υἱὸς
349 1794 472 1830 Ἀϐραάμ
486 1796 562 1823 ἐστι.
575 1797 638 1829 Πῶς
654 1796 700 1825 οὖν
716 1798 748 1825 ὲκ
764 1799 810 1826 τοῦ
830 1800 956 1836 Ἀϐραὰμ

161 1837 176 1862 6
197 1838 226 1870 ἐξ
249 1838 354 1874 Ἱεριχὼ
367 1840 418 1874 τῆς
443 1841 637 1876 Χανανίτιδος;
655 1842 736 1878 [1497
752 1843 798 1881 R.]
824 1845 850 1872 τί
867 1847 955 1872 κοινὸν

166 1881 291 1919 Ἀϐραὰμ.
307 1885 346 1916 εἰς
361 1885 440 1919 γένος
458 1887 504 1913 καὶ
527 1887 692 1921 Χαναναίοις
707 1897 713 1921 ;
731 1889 747 1925 ἢ
765 1890 843 1925 δῆλον
871 1891 909 1923 ὡς
928 1892 953 1918 εί

159 1928 207 1954 καὶ
225 1928 262 1963 μὴ
274 1930 307 1964 τῇ
323 1930 406 1965 σαρκὶ
418 1931 474 1963 υἱὸς
486 1929 520 1968 ἦν
549 1933 684 1969 Ἀϐραὰμ,
702 1935 770 1961 ἀλλὰ
793 1937 850 1967 τοῖς
876 1936 954 1971 ἦθεσι

159 1973 207 1998 καὶ
223 1975 280 2005 τοῖς
294 1974 386 2010 ἔργοις
400 1976 459 2012 ἅμα
472 1977 511 2013 τῷ
534 1978 683 2014 πλησιάσαι
711 1980 750 2015 τῷ
769 1981 880 2017 Χριστῷ
897 1982 954 2009 τῶν

159 2018 192 2045 ἐκ
217 2019 381 2056 σπλάγχνων
396 2023 581 2058 προελθόντων
603 2024 650 2052 τοῦ
666 2027 837 2062 πατριάρχου
855 2029 953 2065 μακρῷ

159 2065 344 2102 γνησιώτερος
358 2069 424 2101 παῖς
443 2070 490 2096 καὶ
505 2070 600 2105 γέγονε
616 2073 663 2098 καὶ
682 2072 854 2108 ἐπεγνώσθη.
876 2074 954 2102 Οὕτω

158 2111 206 2137 καὶ
220 2113 234 2138 6
249 2111 410 2146 ’Δπόστολος
435 2115 493 2142 υίδν
525 2117 639 2144 ἐκάλεσε
663 2118 708 2144 τὸν
730 2119 848 2154 Ἐλύμαν
872 2120 920 2146 τοῦ
931 2121 952 2136 ⁷¹

156 2156 281 2184 διαϐόλου
299 2178 307 2190 ,
327 2160 376 2186 καὶ
391 2161 414 2187 όε
432 2161 549 2197 Κύριος·
574 2163 673 2198 ’Υμεῖς
698 2164 733 2191 ἐκ
757 2164 810 2192 τοῦ
839 2166 952 2200 πατρὸς

1011 1572 1074 1605 (hoc
1090 1572 1161 1600 enim
1180 1572 1332 1599 mercedem
1352 1580 1406 1599 non
1424 1577 1554 1605 meretur,
1578 1576 1605 1599 et
1620 1572 1675 1600 Deo
1689 1577 1799 1608 gratum

1009 1626 1062 1645 non
1088 1617 1139 1652 est)
1160 1617 1207 1644 sed
1231 1617 1264 1645 iis
1290 1617 1357 1652 ipsis
1378 1625 1447 1652 quos
1468 1617 1603 1645 fraudavi.
1625 1617 1711 1644 Hodie
1725 1619 1799 1646 salu:

1008 1663 1068 1690 huic
1084 1663 1175 1689 domui
1187 1663 1258 1698 facta
1279 1666 1327 1696 est,
1347 1670 1377 1689 eo
1389 1663 1458 1697 quod
1471 1669 1496 1690 et
1508 1663 1564 1698 ipse
1576 1663 1649 1698 ﬁlius
1664 1663 1698 1690 sit
1713 1663 1799 1690 Abra-

1007 1709 1048 1736 Iue
1063 1713 1086 1735 ε.
1098 1708 1242 1741 Quomodo
1258 1707 1341 1743 igitur
1356 1715 1388 1734 ex
1402 1707 1540 1735 Abraham
1558 1707 1604 1736 ille
1617 1708 1663 1743 qui
1681 1716 1713 1736 ex
1729 1708 1798 1736 Jeri-

1008 1754 1059 1781 eho
1084 1759 1126 1781 est
1147 1753 1301 1781 Chananaea
1325 1753 1413 1781 urbe?
1436 1753 1508 1787 Quid
1524 1761 1668 1782 commune
1700 1755 1800 1782 habent

1007 1801 1153 1828 Abrahami
1169 1808 1266 1835 genus,
1281 1806 1308 1828 et
1323 1799 1560 1828 Chnnanaeorum?
1574 1805 1647 1828 certe
1667 1801 1798 1830 manifes-

1007 1852 1064 1874 tum
1084 1851 1134 1879 est,
1169 1847 1242 1882 quod
1269 1847 1292 1875 si
1323 1854 1379 1874 non
1407 1846 1558 1877 secundum
1586 1854 1696 1875 carnem
1725 1847 1799 1876 ﬁlius

1008 1893 1124 1921 Abrahae
1143 1893 1239 1927 fuerit,
1252 1893 1299 1921 sed
1316 1893 1440 1921 moribus
1461 1897 1489 1921 et
1514 1892 1655 1928 operibus,
1671 1893 1797 1921 simulat-

1006 1947 1060 1975 que
1081 1939 1115 1966 ad
1137 1939 1275 1967 Christum
1299 1946 1330 1966 se
1347 1939 1472 1973 contulit,
1491 1939 1579 1967 multo
1604 1939 1692 1974 magis
1708 1939 1815 1975 legiti—o

1006 1996 1082 2015 mum
1098 1988 1184 2015 tilium
1196 1991 1223 2015 et
1237 1988 1339 2015 factum
1356 1995 1428 2021 esse,
1450 1992 1477 2015 et
1491 1987 1639 2022 cognitum,
1653 1994 1735 2022 quam
1750 1987 1798 2023 qui

1005 2041 1039 2062 ex
1054 2034 1172 2062 Abrahae
1187 2034 1339 2062 visceribus
1368 2034 1540 2069 prodierunt.
1562 2033 1609 2061 Sic
1623 2034 1771 2068 Apostolus
1785 2034 1795 2053 ί

1006 2079 1129 2115 Elymam
1145 2079 1346 2108 vocavitﬁlium
1358 2079 1475 2113 diaboli;
1492 2083 1519 2106 et
1530 2078 1611 2107 Iesus
1622 2078 1656 2106 ad
1665 2078 1776 2107 Judzeos
1789 2088 1796 2106 :

1010 2125 1062 2154 Vos
1078 2133 1110 2153 ea:
1130 2132 1206 2159 patre
1220 2133 1307 2154 vestro
1326 2125 1433 2153 diabolo
1455 2126 1518 2152 estis
1536 2130 1558 2153 ε.
1583 2125 1731 2153 Zacchaeus
1747 2125 1798 2161 igi-

1006 2175 1050 2198 tur
1065 2179 1128 2199 cum
1145 2172 1226 2199 ﬁdem
1243 2171 1360 2199 Abrahae
1376 2171 1498 2199 imitatus
1518 2175 1592 2199 esset
1607 2170 1798 2205 (quemadmo-

156 2203 210 2229 τοῦ
224 2203 366 2232 διαϐόλου
385 2207 468 2240 ἐστὲ,
483 2209 547 2239 τοὺς
561 2208 704 2241 Ἰουδαίους
725 2211 748 2226 ⁷¹
760 2211 880 2238 ἀνεῖπεν.
897 2213 952 2238 Καὶ

1009 2217 1070 2243 dum
1096 2217 1170 2244 enim
1194 2216 1239 2244 ille
1266 2216 1362 2251 jussus
1392 2215 1504 2251 reliquit
1529 2215 1659 2250 patriam,
1675 2215 1716 2244 sic
1745 2215 1796 2244 iste

156 2248 171 2274 6
184 2249 317 2284 Ζακχαῖος
332 2250 389 2284 οὖν,
407 2253 500 2290 ἐπειδὴ
514 2254 563 2289 τὴν
585 2255 709 2291 Ἀϐραὰμ
723 2257 878 2293 ἐμιμήσατο
905 2259 950 2284 πί-

157 2302 226 2320 στιν·
244 2296 282 2328 ὡς
299 2297 354 2332 γὰρ
385 2299 489 2331 ἐκεῖνος
513 2300 625 2336 κληθεὶς
651 2302 742 2337 ἀφῆκε
757 2303 806 2338 τὴν
822 2304 950 2340 πατρίδα,

155 2340 228 2368 οὕτω
255 2343 304 2369 καὶ
330 2340 407 2376 οὗτος
423 2345 453 2372 τδ
472 2345 612 2375 τελωνεῖον
634 2348 681 2374 καὶ
696 2348 740 2374 τὸν
757 2349 861 2376 ἐκεῖθεν
884 2359 951 2377 κατ-

156 2385 233 2412 έλιπε
245 2387 268 2403 ⁷³
283 2388 409 2416 πλοῦτον.
424 2390 470 2417 Διὸ
483 2391 530 2418 καὶ
542 2392 658 2427 Χριστὸς
673 2393 688 2428 ὴ
707 2393 820 2429 ἀλήθεια
837 2395 949 2427 εἰκότως

155 2433 236 2460 αὑτὸν
248 2434 307 2461 υἱὸν
331 2435 460 2472 Ἀϐραὰμ
474 2438 637 2474 ἀνεκήρυξε.

157 2479 213 2507 Τοῦ
246 2481 342 2509 αὑτοῦ
368 2484 411 2516 είς
436 2485 507 2548 τοὺί
531 2485 586 2525 δύο
600 2486 687 2519 υἱοὺς
715 2486 785 2520 τοὺς
805 2489 886 2522 παρὰ
913 2489 952 2520 τῷ

507 2528 595 2548 ουκα.

507 2528 595 2555 ουκᾳ.

190 2562 303 2598 Πατέρα
321 2564 371 2599 μὲν
394 2565 411 2600 ἡ
441 2566 584 2603 παραϐολὴ
598 2567 645 2594 τὸν
659 2568 726 2594 Θεὸν
751 2568 799 2595 καὶ
829 2570 944 2604 ποιητὴν

152 2607 230 2634 τοῦδε
243 2608 291 2635 τοῦ
308 2610 407 2642 παντὸς
420 2611 559 2645 ὀνομάζει,
573 2613 620 2644 τὸν
641 2613 670 2639 δὲ
687 2613 873 2649 πρεσϐύτερον
890 2615 946 2642 υἱὸν

1001 2263 1144 2294 telonium.
1168 2266 1195 2290 et
1208 2262 1245 2290 ibi
1266 2267 1359 2298 partas
1378 2262 1487 2290 divitias
1499 2261 1664 2297 labdicavit),
1692 2262 1796 2291 idcirco

1000 2309 1141 2340 Christus,
1168 2309 1216 2344 qui
1233 2314 1275 2337 est
1294 2309 1353 2346 ipsa
1373 2309 1486 2344 veritas,
1500 2309 1599 2337 merito
1615 2308 1693 2337 illum
1707 2309 1794 2338 tilium

998 2356 1114 2383 Abrahae
1131 2355 1246 2383 vocavit.

1112 2486 1186 2514 Idem
1204 2487 1231 2514 in
1245 2486 1401 2522 parabolam
1420 2488 1451 2515 de
1463 2488 1520 2523 ﬁlio
1536 2489 1647 2524 prodigo
1665 2491 1687 2517 ⁸.

1038 2562 1172 2591 Parabola
1188 2562 1298 2592 Patrem
1316 2564 1401 2592 Deum
1416 2569 1443 2593 et
1459 2565 1592 2594 factorem
1603 2567 1726 2594 omnium
1745 2575 1795 2595 vo-

1000 2614 1055 2642 cat,
1081 2610 1152 2637 lilios
1183 2610 1314 2645 majorem
1339 2616 1422 2645 natu,
1445 2617 1472 2640 et
1496 2613 1641 2647 minorem,
1668 2614 1794 2642 homines

152 2653 200 2681 καὶ
216 2654 349 2690 νεώτερον
362 2656 523 2692 ἀνθρώπους
537 2658 593 2690 δύο,
605 2658 651 2686 τὸν
668 2658 718 2694 μὲν
731 2660 941 2695 παραμείναντα

1009 2657 1078 2684 luos.
1108 2656 1187 2683 Illum
1216 2657 1326 2692 quidem
1349 2657 1439 2686 datam
1457 2659 1573 2694 gratiam
1599 2665 1626 2687 et
1649 2660 1796 2688 haeredita-

186 2732 202 2753 δ
217 2733 313 2768 Josue.
326 2735 393 2769 vt,|.
414 2741 426 2755 α
442 2736 507 2764 Luc.
521 2745 597 2771 xvtn,
616 2739 627 2765 1
645 2745 722 2774 seqq.
744 2737 757 2758 ά
772 2737 839 2766 Luc.
859 2746 917 2772 χιχ,
930 2737 953 2766 8.

1009 2737 1069 2766 Ibid.
1087 2738 1113 2766 9.
1159 2737 1169 2757 ί
1184 2737 1330 2772 Joan.\'nt,
1342 2739 1386 2766 Η.
1410 2739 1421 2758 ⁸
1436 2739 1504 2768 an.
1528 2748 1571 2772 xv,
1588 2738 1615 2765 2.

794 2830 914 2865 VARIIE
935 2830 1140 2860 LECTIONES.

178 2882 201 2900 “
214 2883 285 2912 ἔλθοι
301 2885 333 2913 Β.
374 2885 395 2902 ⁸⁸
407 2885 447 2921 τῷ
459 2892 513 2915 om.
530 2886 560 2917 Β.
601 2889 622 2904 ⁷ο
639 2887 746 2924 ἐγένετο
762 2895 816 2933 om.
832 2887 865 2917 A.
905 2889 926 2906 '“
946 2888 993 2917 τοῦ
1010 2897 1065 2918 οιιι.
1081 2888 1110 2917 Β.
1138 2890 1159 2906 ⁷²
1172 2889 1324 2925 Ἰουδαίους,
1340 2890 1419 2921 ἰδίους
1435 2891 1466 2917 Λ.
1505 2890 1527 2907 ⁷³
1545 2888 1690 2918 κατέλειπε
1705 2897 1738 2926 pr
1758 2893 1793 2918 Δ.
