1973 3077
161 153 218 188 21!

741 156 876 187 PHOTII
895 156 1149 188 PATRIARCH/E
1165 158 1220 189 CP.

1747 159 1802 191 212

160 220 218 242 tem
240 218 496 246 conservantem,et
509 221 686 250 nequaquam
713 214 877 249 Et-clesiatn,
903 224 955 245 nec

1010 217 1040 253 τῇ
1056 217 1165 254 δοθείσῃ
1181 217 1273 253 χάριτι
1285 217 1333 244 καὶ
1341 216 1380 253 τῷ
1399 217 1572 245 ἐπιϐάλλοντι
1586 217 1662 253 αὐτῷ
1673 218 1723 254 τῆς
1735 218 1803 255 κλη-

161 259 384 287 communionem
394 259 614 287 venerandorum
627 265 863 288 sacramentorum
878 268 957 296 prop-

162 310 203 332 ter
220 304 281 331 vitae
297 304 434 331 luxuriam
462 308 647 339 respuenlem.
676 304 750 332 hunc
762 312 828 332 vero
842 305 956 340 juvenili

162 350 282 386 quodam
299 357 376 377 more
396 349 455 377 haec
475 350 568 378 omnia
587 354 822 383 contemnentem,
841 350 958 386 ideoque

163 405 177 423 a
192 403 257 423 vero
277 395 358 423 Patre
374 395 539 431 digressum,
566 400 594 423 et
614 396 676 423 data
691 402 807 423 munera
819 396 958 431 dissipan-

163 448 229 475 tem,
244 447 275 469 ut
287 442 425 470 luxuriosi
438 447 653 470 consueverunt.
670 442 765 470 Portio
782 443 957 475 substantitc,

163 495 225 522 quae
239 488 284 515 hic
298 488 475 520 describitur,
489 495 572 523 quam
588 496 603 515 a
615 492 692 523 patre
709 488 778 523 petit
791 488 896 523 junior,
913 492 956 516 est

164 533 318 567 baptismus
335 537 362 560 et
373 533 546 568 participatio
560 532 710 560 venerandi
723 533 850 568 corporis
864 533 959 560 Domi-

165 577 230 605 nici.
259 577 365 605 Etenim
395 579 472 606 multi
488 579 602 613 juvenes
627 579 684 606 haec
706 583 801 613 petttnt
833 582 860 606 et
885 579 958 606 acci-

164 623 254 658 piunt,
273 623 319 650 sed
339 623 511 658 quimenlem
525 624 628 652 habent
645 624 771 657 senilem,
787 624 889 652 donum
907 625 960 652 hoc

165 667 240 694 omni
261 667 400 703 diligentia
424 668 595 696 custodiunt.
623 668 663 696 Ex
678 676 758 704 mque
773 668 846 696 enim
864 676 960 697 omnes

165 717 272 747 partem
297 714 448 748 accipiunt,
468 714 515 742 sed
544 714 738 749 accipientium
762 722 812 750 pro
826 715 960 749 cujusque

166 759 255 786 studio
268 759 416 787 discrituen
431 760 620 788 diversitatem
633 768 743 796 quoque
751 762 885 789 donorum
900 769 959 788 ma-

164 803 254 837 jorum
270 804 311 831 vel
326 804 464 832 minorum
489 805 571 834 etIicit
587 815 594 833 :
614 806 656 834 vel
669 806 781 833 omnino
802 806 919 841 dissipat
933 811 960 834 et

166 849 314 876 consumit.
328 854 360 877 ut
375 851 514 886 prodigus.
531 851 607 879 Hanc
623 852 732 887 quidem
749 853 905 887 portionem
913 861 960 888 pa-

165 894 259 922 rabola
276 895 389 923 indicat.
414 896 447 923 In
464 886 638 932 longinquam
657 905 717 924 vero
731 886 862 933 regionem
877 886 960 933 proﬁ-
975 886 998 914 Β

165 940 241 974 cim‘,
257 947 299 968 est
313 949 328 969 a
346 941 391 969 Dei
413 942 493 970 donis
507 948 534 970 et
555 944 698 978 praeceptis
711 943 791 979 longe
806 944 958 972 discedere.

166 984 313 1020 Dissipavit
327 991 354 1014 et
366 987 452 1015 Adam
469 988 663 1022 substantiam,
680 993 707 1017 et
719 997 829 1017 omnem
842 990 959 1018 felicita-

165 1034 219 1056 tem
232 1030 330 1065 50211
349 1037 491 1066 paternam
511 1034 614 1066 amisit,
643 1038 671 1062 et
692 1035 824 1069 expulsus
848 1036 960 1072 regione

165 1075 246 1103 bonis
255 1077 422 1105 abundante.
440 1078 577 1107 Acerbum
589 1079 650 1115 lfuit
664 1080 768 1115 juniori
781 1089 796 1109 a
809 1086 888 1117 patre
899 1082 959 1110 dis-

165 1122 272 1150 cedere.
301 1123 524 1158 Dilapidationem
558 1126 630 1153 enim
658 1127 812 1162 prodigam,
830 1133 857 1156 et
876 1128 958 1156 luxu-

164 1168 248 1200 riam,
266 1173 292 1195 et
317 1170 455 1205 colloquia
478 1179 572 1199 mores
600 1174 818 1208 corrumpentia,
838 1175 960 1209 parentis

165 1213 264 1241 oculus
277 1215 355 1249 pellit
370 1220 452 1251 atque
465 1216 551 1252 ejicit.
564 1216 632 1245 Cum
648 1225 738 1246 autem
751 1219 859 1254 juvenis
871 1221 914 1248 sui
930 1221 961 1249 lit

162 1259 245 1293 juris,
275 1267 325 1288 nec
350 1261 422 1289 ullus
448 1262 526 1290 adest
552 1263 634 1292 timor
656 1273 707 1292 nec
727 1266 816 1301 pudor
828 1267 888 1302 (qui
903 1267 959 1295 duo

165 1305 256 1334 fortes
270 1311 336 1334 sunt
348 1307 528 1337 'lascivicntis
545 1310 700 1345 juventutis
714 1311 866 1348 custodes),
894 1318 960 1342 tunc

164 1353 275 1380 tandem
303 1355 394 1382 omnia
410 1363 520 1390 pessum
545 1362 622 1391 eunt,
647 1363 673 1386 et
693 1366 804 1387 sursum
827 1360 956 1388 deorsum

163 1403 321 1428 vertuntur.
340 1401 423 1429 Istius
437 1410 502 1431 vero
513 1404 634 1438 regionis
651 1412 667 1432 a
681 1404 736 1433 Deo
750 1411 864 1434 semotae
877 1412 959 1442 atque

164 1445 303 1479 sepositas,
324 1445 412 1474 incola
439 1452 482 1475 est
499 1448 625 1478 diabolus
645 1450 714 1487 (t6).
735 1451 845 1480 Etenim
863 1460 959 1488 pecca-

163 1494 254 1518 torum
282 1491 379 1520 civitas
402 1493 490 1521 civem
516 1494 596 1522 habet
620 1500 647 1524 et
663 1496 874 1532 gubernatorem
900 1500 959 1527 dia-

1010 263 1137 298 ρονομίας
1150 283 1158 296 ,
1176 263 1226 290 καὶ
1241 263 1360 299 οὐδαμοῦ
1372 264 1422 299 τῆς
1433 263 1599 299 Ἐκκλησίας
1619 264 1680 292 οὐδὲ
1704 266 1753 300 τῆς
1780 266 1804 282 ⁷⁵

1008 307 1062 334 τῶν
1087 308 1230 344 ἀχράντων
1258 309 1417 344 μυστηρίων
1448 310 1592 342 κοινωνίας
1620 310 1665 337 διὰ
1686 311 1737 346 τῆς
1755 311 1803 339 τοῦ

1009 354 1069 389 βίου
1087 354 1207 386 ἀσωτίας
1219 354 1420 390 ἀφηνιάσαντα,
1433 355 1478 382 τὸν
1494 356 1523 382 δὲ
1538 356 1609 384 κατά
1627 357 1736 385 πάντων
1747 358 1804 385 τῶν

1009 400 1163 436 είρημένων
1179 401 1389 436 νεωτερίσαντα,
1402 402 1450 429 καὶ
1464 402 1508 429 διὰ
1523 402 1602 430 τοῦτο
1616 404 1663 430 καὶ
1675 403 1722 430 τοῦ
1738 404 1804 439 άλη-

1010 446 1084 473 θινοῦ
1098 446 1269 482 χωρισθέντα
1287 447 1397 483 lla-:pr
1417 448 1465 474 καὶ
1481 448 1660 484 σπαθήσαντα
1677 450 1724 476 καὶ
1741 450 1802 476 δια-

1009 492 1160 528 φθείραντα
1174 493 1224 525 τὰς
1241 493 1308 529 παρ’
1319 493 1402 521 αὐτοῦ
1418 494 1543 526 δοθείσας
1562 495 1677 531 δωρεὰς,
1693 496 1730 528 ὡς
1744 496 1802 522 εἰώι

1010 538 1092 566 θεσαν
1107 539 1237 574 πράττειν
1248 540 1273 566 οἱ
1285 539 1397 567 ἄσωτοι.
1412 540 1507 567 Ἔστιν
1520 540 1566 568 οὖν
1581 541 1603 557 ⁷⁵
1617 541 1648 567 τὸ
1659 542 1803 569 ἐπιϐάλλον

1012 584 1094 620 μέρος
1108 585 1158 620 τῆς
1185 585 1298 617 οὐσίας,
1316 585 1330 612 ὃ
1346 585 1423 622 παρὰ
1436 586 1483 612 τοῦ
1506 586 1609 621 πατρὸς
1633 585 1648 613 ὁ
1668 587 1803 623 νεώτερος

1011 629 1069 661 υἱὸς
1086 629 1222 665 ἐπιζητεῖ,
1235 630 1265 656 τὺ
1279 630 1422 666 βάπτισμα
1435 631 1509 666 καὶὴ
1528 631 1629 668 μετοχὴ
1640 632 1687 659 τοῦ
1703 633 1802 668 ἀχράνο

1010 683 1058 702 του
1075 674 1199 710 σώματος
1211 685 1218 691 ·
1231 676 1279 702 καὶ
1294 676 1349 712 γὰρ
1362 675 1454 703 πολλοὶ
1465 676 1512 703 καὶ
1525 676 1579 703 τῶν
1596 678 1737 713 νεωτέρων
1758 679 1804 705 καὶ

1011 720 1124 756 ζητοῦσι
1140 720 1229 748 ταῦτα
1254 721 1300 748 καὶ
1313 721 1507 757 λαμϐάνουσιν.
1530 721 1600 749 Ἀλλ’
1613 723 1638 749 οἱ
1654 723 1804 758 πρεσϐυτι-

1011 767 1059 794 κὸν
1075 767 1182 802 ἔχοντες
1202 767 1340 803 φρόνημα,
1359 769 1458 795 ἐκεῖνοι
1471 768 1518 794 καὶ
1536 769 1566 795 τὸ
1578 769 1665 804 δῶρον
1678 770 1707 795 ἐν
1723 770 1803 804 ἀκρι-

1012 813 1074 849 ϐείᾳ
1088 813 1279 849 φυλάττουσιν,
1308 814 1379 840 Ἴσον
1396 814 1445 850 μὲν
1465 812 1512 841 οὖν
1526 815 1587 841 ἐστι
1613 815 1644 841 τὸ
1657 814 1803 843 ἐπιϐάλλον

1013 859 1121 894 ἑκάστῳ
1134 867 1141 874 ·
1159 860 1177 895 ἠ
1192 859 1220 886 δὲ
1236 859 1291 886 τῶν
1318 859 1511 895 λαμὸανόντων
1536 860 1606 888 κατά
1624 862 1674 897 τὴν
1686 861 1805 897 σπουδὴν

1012 904 1129 932 ἑκάστου
1146 905 1262 941 διαφορὰ
1279 906 1371 942 ἐκείνη
1386 906 1433 933 καὶ
1446 906 1538 941 μεῖζον
1551 907 1598 933 καὶ
1614 907 1725 933 ἔλαττον
1738 907 1804 934 αὐτὸ

1012 951 1085 977 ποιεῖ
1103 950 1176 986 ἦκαὶ
1186 951 1253 983 ὅλως
1267 951 1394 983 σπαοίζει
1409 952 1457 978 καὶ
1471 951 1492 968 ⁷⁸
1507 952 1646 987 ἐκδαπανᾷ
1660 951 1693 983 ⁷⁷,
1709 951 1804 987 ὥσπερ

1011 996 1025 1022 ὁ
1042 995 1157 1028 ἄσωτος.
1176 996 1213 1022 Τὸ
1237 996 1288 1031 μὲν
1311 996 1456 1023 ἐπιῆάλλον
1472 996 1546 1023 τοῦτ’
1571 996 1605 1023 ἂν
1627 996 1772 1023 αἱνίττοιτο
1787 997 1804 1031 ἡ

1011 1041 1164 1078 παραϐολὴ,
1173 1041 1204 1068 τὸ
1219 1042 1248 1069 δὲ
1260 1042 1380 1076 μακρὰν
1391 1042 1564 1077 ἀποδημίαν
1579 1043 1756 1070 στείλασθαι
1770 1042 1804 1070 τὸ

1008 1087 1220 1122 μακρυνθῆναι
1239 1088 1285 1115 καὶ
1303 1087 1357 1115 τῶν
1367 1088 1477 1123 δωρεῶν
1492 1087 1606 1115 καὶτῶν
1620 1088 1736 1115 ἐντολῶν
1757 1088 1804 1115 τοῦ

1010 1132 1090 1160 Θεοῦ.
1112 1132 1269 1166 Ἐσπάθησε
1287 1132 1336 1159 καὶ
1348 1130 1363 1157 ὁ
1384 1131 1471 1166 Ἀδὰμ
1497 1132 1547 1167 τὴν
1561 1131 1665 1164 οὐσίαν,
1681 1131 1729 1158 καὶ
1749 1131 1804 1158 πά-

1012 1186 1062 1213 σης
1078 1178 1129 1213 τῆς
1152 1178 1290 1213 πατρικῆς
1311 1177 1444 1213 εὐπορίας
1458 1177 1582 1211 ἐξέπεσε,
1600 1177 1648 1204 καὶ
1664 1176 1805 1213 ὑπερωρί-

1011 1223 1062 1259 σθη
1079 1223 1181 1258 χωρίου
1209 1222 1342 1258 ἀφθονίαν
1372 1222 1501 1258 βρύοντος
1534 1221 1656 1256 ἀγαθῶν.
1680 1221 1806 1250 Χαλεπὸν

1012 1267 1062 1303 μὲν
1077 1267 1129 1304 υἱῷ
1146 1268 1273 1303 νεωτέρῳ
1284 1267 1453 1303 χωρισθῆναι
1473 1267 1587 1302 πατρός.
1601 1267 1731 1302 Δαπάνην
1750 1267 1804 1303 γὰρ

1009 1313 1115 1341 ἄσωτον
1133 1313 1181 1339 καὶ
1194 1312 1343 1339 ἀκολασίαν
1361 1312 1408 1339 καὶ
1421 1311 1543 1347 ,ὁμιλίας
1560 1310 1613 1346 ἥθη
1639 1310 1805 1346 φθειρούσας

1009 1360 1024 1386 ὁ
1038 1359 1084 1386 τοῦ
1106 1358 1209 1395 πατρὸς
1220 1358 1328 1385 ἐλαύνει
1340 1358 1388 1384 καὶ
1403 1356 1552 1385 ἀποδιώκει
1567 1356 1805 1392 όφθαλμός.”οτσ.ν

1009 1406 1038 1433 δὲ
1058 1406 1101 1441 ἐφ’
1118 1405 1218 1440 ἑαυτῆς
1231 1405 1344 1440 γένηται
1359 1404 1454 1439 νεότης
1466 1424 1473 1436 ,
1489 1403 1536 1430 καὶ
1556 1403 1625 1439 μήτε
1638 1403 1721 1437 φύσας
1733 1402 1804 1438 πάρ-

1009 1460 1069 1479 εστι
1085 1452 1156 1487 μήτε
1170 1450 1263 1483 αἰδὼς,
1277 1450 1325 1477 δύο
1343 1450 1463 1484 φύλακες
1480 1450 1585 1485 ἰσχυροὶ
1599 1449 1806 1484 ταραττομένης

1009 1499 1154 1535 νεότητος,
1169 1498 1231 1525 τότε
1249 1498 1293 1534 δὴ,
1311 1498 1372 1525 τότε
1402 1497 1505 1532 οἴχεται
1534 1497 1624 1523 πάντα
1640 1496 1687 1523 καὶ
1710 1495 1807 1522 ἀνατέ-

163 1535 269 1570 bolum,
285 1537 409 1573 undique
425 1544 568 1574 cogentem
581 1542 720 1577 prodigos,
735 1548 762 1571 et
780 1544 808 1571 in
821 1552 903 1572 unam
920 1546 957 1573 ci-

1010 1553 1143 1581 τραπται.
1169 1544 1249 1571 Ἔστι
1263 1544 1292 1570 δὲ
1308 1542 1438 1579 [81811.]
1455 1543 1501 1569 καὶ
1515 1543 1530 1569 ό
1547 1541 1658 1576 πολίτης
1677 1541 1727 1576 τῆς
1755 1549 1807 1576 μα-

163 1581 276 1609 vitatem
293 1584 526 1620 compingentem,
538 1591 565 1614 et
583 1587 701 1616 incitans
713 1589 775 1617 illos
790 1590 822 1617 ad
834 1590 957 1619 actiones

164 1631 269 1662 turpes,
285 1636 317 1656 ac
336 1630 432 1658 suibus
448 1631 555 1667 dignas.
568 1632 674 1660 Etenim
690 1635 746 1669 agit
763 1642 870 1670 gregem
891 1644 956 1671 por-

164 1681 260 1701 corum
282 1675 337 1702 ritu
362 1677 509 1710 viventem,
522 1683 548 1706 at
575 1687 640 1706 vero
659 1687 713 1707 non
737 1686 778 1708 est
795 1686 888 1715 pastor
905 1682 957 1709 ho-

164 1720 271 1747 minum
291 1722 397 1750 ratione
414 1725 560 1757 utentium,
571 1726 802 1759 quemadmodum
814 1726 955 1762 Dominus,

163 1765 211 1799 qui
225 1767 342 1793 animam
361 1777 440 1795 suam
456 1770 600 1805 posuitpro
615 1772 705 1800 ovibus
718 1774 774 1801 suis
786 1774 812 1801 1³.
829 1774 957 1811 Magister

163 1811 249 1845 igitur
270 1820 417 1847 porcorum
445 1815 529 1843 mittit
547 1817 679 1845 miserum
695 1818 822 1854 juvenetn
840 1821 873 1849 ad
891 1829 956 1857 pas-

164 1857 281 1884 cendum
294 1866 404 1894 porcos,
416 1866 444 1887 et
456 1861 518 1889 felix
537 1870 591 1890 non
602 1868 662 1892 erat
682 1865 721 1893 vel
734 1873 880 1900 porcorum
897 1868 956 1896 vic-

164 1906 207 1934 tu,
231 1904 378 1934 comedens
401 1907 525 1943 siliquas.
546 1908 612 1937 Tale
630 1910 702 1938 enim
727 1917 869 1947 peccatum
887 1919 930 1942 est
947 1923 954 1942 :

165 1949 199 1975 ad
212 1949 350 1979 modicum
365 1952 455 1986 dulce,
479 1955 586 1983 nullum
611 1961 701 1985 tamen
720 1959 882 1988 alimentum
907 1966 956 1989 aut

165 1995 310 2023 utilitatem
337 1996 438 2026 ferens.
452 1999 492 2027 Ad
511 2008 540 2028 se
559 2001 644 2037 igitur
661 2004 770 2032 rediens
787 2013 820 2032 ac
845 2006 958 2041 resipis-

164 2041 321 2085 cens(nam
344 2043 387 2070 sui
410 2051 522 2080 compos
547 2055 601 2074 non
628 2047 727 2083 fuerat,
744 2051 958 2085 perturbationi-

163 2084 218 2113 bus
233 2093 329 2116 servus
353 2088 454 2122 factus,
476 2099 508 2118 ac
527 2093 706 2129 mancipium,
728 2084 874 2131 menteque
891 2098 957 2126 alie-

164 2131 239 2167 nata)
259 2135 460 2163 mercenarium
476 2142 537 2171 post
555 2140 764 2168 conversionem
778 2146 804 2169 et
823 2143 958 2177 poeniten—

164 2177 243 2212 tiam,
268 2181 400 2215 prodigus
427 2183 546 2218 seipsum
564 2186 701 2220 nominat,
718 2193 745 2215 et
759 2195 856 2217 omnes
884 2190 953 2218 iul'a-

1012 1592 1082 1626 κράν
1104 1590 1302 1626 ἀπῳκισμένης
1316 1589 1383 1616 Θεοῦ
1414 1589 1508 1625 χώρας
1521 1589 1630 1624 ἐκείνης
1642 1589 1656 1615 ὁ
1670 1587 1805 1619 διάϐολος.

1010 1636 1066 1664 Καὶ
1077 1637 1132 1672 γάρ
1147 1636 1197 1671 τῆς
1211 1635 1349 1672 ἁμαρτίας
1366 1636 1383 1670 ἡ
1398 1635 1477 1667 πόλις
1490 1634 1598 1670 πρῶτον
1621 1634 1734 1670 πολίτην
1750 1634 1807 1670 ἔχει

1011 1683 1058 1710 καὶ
1078 1682 1207 1718 πολιστὴν
1219 1681 1265 1708 τὸν
1289 1681 1423 1714 διάϐολον,
1451 1680 1621 1715 πανταχόθεν
1656 1680 1806 1714 συνάγοντα

1011 1729 1117 1760 πάντας
1132 1729 1196 1760 τοὺς
1211 1727 1333 1759 ἀσώτους
1354 1727 1401 1753 καὶ
1415 1726 1586 1762 συμπολίτας
1607 1725 1769 1761 ποιούμενον
1782 1725 1804 1741 ⁷⁸

1011 1776 1058 1802 καὶ
1075 1775 1115 1806 είς
1132 1775 1247 1809 ἀτίμους
1273 1775 1322 1800 καὶ
1334 1773 1446 1804 συώδεις
1462 1773 1684 1808 παραπέμποντα
1699 1772 1722 1788 ⁷³
1737 1772 1808 1807 πρά-

1011 1822 1077 1855 ξεις.
1099 1822 1154 1850 Καὶ
1168 1821 1223 1856 γάρ
1239 1821 1286 1847 καὶ
1298 1820 1442 1856 χοιροϐίων
1459 1820 1533 1846 ἐστὶν
1550 1819 1706 1854 ἀγελάρχης
1719 1839 1726 1851 ,
1749 1812 1808 1845 ἀλλ’

1010 1869 1071 1904 οὐχὶ
1085 1867 1188 1903 ποιμὴν
1209 1867 1329 1902 λογικῶν
1346 1867 1502 1903 προόάτων,
1518 1865 1613 1901 ὥσπερ
1625 1867 1639 1892 ὁ
1655 1865 1805 1901 Δεσπότης,

1011 1916 1028 1941 ό
1044 1914 1133 1946 τιθεὶς
1147 1913 1205 1948 τὴν
1218 1913 1326 1948 ψυχὴν
1338 1913 1413 1946 ὑπὲρ
1430 1912 1483 1939 τοῦ
1504 1911 1645 1946 ποιμνίου
1661 1911 1684 1927 ⁸⁰
1699 1911 1804 1939 αὐτοῦ.

1017 1958 1191 1985 Ἀποστέλλει
1204 1955 1251 1984 οὖν
1265 1958 1287 1973 ⁸¹
1302 1958 1315 1984 ὁ
1332 1957 1522 1992 ἁρχισυὸώτης
1538 1956 1584 1983 τὸν
1608 1956 1700 1983 ἄθλιον
1714 1956 1806 1982 νεανί-

1012 2013 1077 2031 σκον
1097 2003 1205 2039 βόσκειν
1219 2002 1338 2038 χοίρους,
1358 2001 1453 2038 καὶῆν
1468 2003 1482 2029 ὁ
1502 2003 1567 2029 ποτὲ
1587 2002 1723 2037 εὐδαίμων
1741 2002 1807 2036 apo-

1011 2049 1113 2080 δίαιτος
1128 2048 1183 2075 τῶν
1194 2048 1305 2084 χοίρων,
1323 2048 1421 2074 ἐσθίων
1450 2049 1576 2083 κεράτια.
1597 2047 1725 2074 Τοιοῦτον
1750 2047 1806 2082 γὰρ

1011 2095 1060 2122 καὶ
1079 2095 1252 2130 ήάμαρτία,
1279 2094 1346 2130 πρὸς
1365 2094 1456 2128 ὀλίγον
1482 2094 1532 2130 μὲν
1555 2095 1648 2128 ἡδεῖα,
1674 2094 1751 2121 οὐδὲν
1776 2093 1805 2121 δὲ

1011 2141 1144 2176 τρόφιμον
1157 2140 1217 2166 οὐδὲ
1233 2140 1368 2175 χρήσιμον
1384 2139 1519 2175 φέρουσα.
1536 2140 1583 2171 Εἰς
1599 2140 1696 2167 ἑαυτὸν
1721 2139 1750 2166 δὲ
1763 2139 1807 2166 ἐλ-

1012 2186 1066 2213 θών
1080 2195 1087 2202 ·
1106 2186 1219 2222 καὶγὰρ
1237 2187 1287 2213 οὐκ
1313 2183 1348 2222 ἦν
1364 2186 1475 2218 ἑαυτοῦ,
1492 2185 1600 2217 ἔκδοτος
1617 2186 1738 2220 γεγονὼς
1759 2185 1806 2212 καὶ

164 2224 227 2273 tttiae
238 2227 435 2261 appellationes
450 2230 502 2257 sibi
518 2230 635 2266 imponit
648 2242 655 2260 :
674 2237 704 2261 ut
715 2242 765 2262 nos
778 2234 955 2273 Evangelium

1010 2233 1185 2269 πεπραμένος
1196 2233 1219 2249 ⁸⁵
1233 2233 1290 2264 τοῖς
1304 2232 1402 2259 πάθεσι
1419 2232 1531 2259 καὶτῶν
1549 2231 1677 2267 ἐμφύτων
1697 2231 1806 2267 φρενῶν

165 2270 272 2304 doceat,
293 2273 334 2301 sic
348 2279 475 2309 oportere
492 2282 639 2311 peccantes
665 2278 816 2313 humiliari,
831 2270 958 2310 etvcorde

165 2323 197 2343 ac
220 2317 303 2344 verbo
326 2321 441 2347 conteri.
472 2322 534 2349 Non
569 2328 695 2358 oportere
719 2326 910 2360 poeuiteutem,
932 2334 960 2356 et

165 2360 250 2388 lteum
267 2362 377 2396 placare
399 2367 564 2401 studentem,
595 2369 657 2396 lixis
670 2370 771 2398 omium
786 2372 873 2400 oculis
885 2374 959 2408 aspi-

164 2413 228 2433 cere
249 2408 380 2441 parabola
392 2410 489 2445 docet,
516 2414 562 2441 sed
582 2415 688 2448 pudore
702 2417 787 2445 animi
803 2421 962 2448 maestitiam

165 2455 192 2495 et
206 2451 327 2480 dolorem
345 2454 510 2490 signiﬁcare.
523 2457 589 2486 Vide
602 2461 740 2495 quomodo
754 2462 801 2490 Dei
812 2463 959 2492 bonitatem

165 2490 312 2526 describat.
336 2500 498 2531 Yenientem
525 2506 596 2532 enim
623 2508 767 2543 prodigum
796 2517 851 2537 non
877 2511 959 2539 modo

202 2568 216 2587 ¹³
231 2569 313 2598 Joan.
329 2579 349 2603 ι,
366 2572 393 2600 9..

1009 2279 1175 2314 ἐξεστηκὼς.
1192 2278 1276 2316 [1500
1288 2278 1336 2315 Κ]
1355 2278 1498 2306 Μισθωτὸν
1521 2279 1550 2306 δὲ
1581 2279 1652 2313 μετά
1665 2279 1716 2313 τὴν
1740 2279 1804 2305 ἑπι-

1010 2315 1131 2361 στροφὴν
1156 2315 1204 2353 καί
1219 2326 1365 2361 μετάνοιαν
1383 2325 1513 2357 όᾰσωτος
1539 2325 1636 2351 ἐαυτὸν
1662 2324 1802 2360 ὀνομάζει,

1009 2374 1056 2400 καὶ
1070 2373 1159 2400 πάντα
1177 2372 1213 2399 τὰ
1227 2372 1276 2407 τῆς
1304 2371 1418 2406 ἀτιμίας
1440 2372 1571 2406 ὀνόματα,
1596 2370 1630 2397 ἶν’
1643 2371 1710 2406 ἡμῖν
1736 2371 1805 2397 ὑπο-

1008 2418 1103 2455 γράψῃ
1113 2418 1136 2434 ⁸³
1150 2419 1164 2444 ὁ
1179 2417 1258 2452 λόγος
1274 2418 1348 2449 ὅπως
1372 2417 1426 2452 χρὴ
1440 2415 1638 2452 μετανοοῦντας
1661 2416 1805 2443 ταπεινοῦ-

1011 2465 1073 2491 σθαι
1088 2465 1134 2491 καὶ
1156 2463 1205 2498 τὴν
1221 2462 1337 2498 καρδίαν
1355 2462 1399 2489 διὰ
1415 2462 1440 2479 ⁸⁸
1465 2462 1519 2489 τῶν
1538 2462 1668 2498 ῥημάτων
1695 2461 1804 2497 συντρί-

1015 2510 1121 2541 ϐεσθαι.
1142 2510 1205 2536 ’Ὁτι
1221 2508 1260 2543 μὴ
1279 2508 1318 2534 δεῖ
1343 2508 1388 2535 τὸν
1415 2507 1598 2543 μετανοοῦντα
1624 2509 1672 2535 καὶ
1687 2507 1805 2541 ὲξιλεού-

808 2623 924 2651 ἾᾹΙΗᾸ]
944 2623 1143 2653 LECTIONES.

202 2673 224 2689 ’⁸
235 2674 292 2716 ,τῆς
317 2676 394 2710 Ροηίι
412 2675 442 2704 Β.
481 2677 504 2724 ζ’
522 2677 568 2706 οὖν
585 2679 630 2705 καὶ
646 2679 690 2724 An.“
720 2679 801 2724 ἷίκαὶ
819 2681 924 2724 omnm.
965 2681 986 2697 ⁷⁷
996 2681 1157 2724 ἐκδαπανῷν
1172 2682 1209 2724 BL
1244 2683 1455 2724 ἰδ’-ποιούμενον.
1495 2684 1753 2724 ’ξπαραπέμπονςεα
1771 2684 1802 2712 Β.

167 2708 370 2748 ποιούμενος-ς
384 2713 578 2748 παραπέμπων
597 2722 627 2746 ς.

666 2714 690 2730 κο
704 2714 753 2750 τὴν
768 2715 858 2756 ψοχῂν
872 2716 943 2756 ὑπὲρ
963 2716 1011 2742 τοῦ
1024 2717 1171 2756 ’ποιμνίουλ
1190 2718 1210 2756 β
1222 2727 1244 2756 Δε-
1265 2718 1335 2756 ὑπὲρ
1357 2714 1404 2756 τοῦ
1430 2719 1555 2756 ποιμνίου
1574 2714 1632 2756 ¹τὴν
1646 2714 1748 2755 ’ψυχὴν
1770 2727 1803 2752 ς.

165 2743 187 2759 ⁸³
204 2743 250 2771 οὖν
264 2745 287 2771 Λ
303 2755 310 2772 :
326 2747 391 2780 γοῦν
402 2743 433 2779 ςξ
470 2743 708 2785 ⁸¹’πεπραγμενος
776 2743 870 2777 ’θθίνα
880 2766 913 2772 —-
926 2743 1073 2788 ὗπογριάφῃ
1154 2753 1177 2768 ⁸⁸
1189 2743 1245 2790 διὰ]

935 2813 1049 2842 ΝΟΤᾹΖ.

204 2855 261 2891 (16)
275 2856 378 2886 Civitas
391 2859 494 2888 diaboli
517 2868 578 2895 qua:
594 2865 622 2888 et
636 2868 650 2887 ο
667 2860 698 2887 Β.
715 2861 870 2897 Augustino
885 2862 962 2891 libris
982 2862 1015 2891 de
1026 2863 1140 2891 civitate
1157 2862 1204 2891 Dei
1222 2863 1317 2898 viginti
1337 2862 1513 2892 describitur.
