1959 3081
129 146 178 180 213

674 152 938 185 BIBLIOTHECA.
956 167 984 173 ·-
1004 153 1089 185 COD.
1109 155 1257 186 CCLXXI.

1709 153 1763 188 214

131 210 209 237 μενον
224 203 270 230 τδν
282 203 349 231 Θεὸν
371 205 433 232 οὐδὲ
446 205 541 239 ἀτενὲς
556 207 667 242 βλέπειν
681 209 721 240 είς
732 210 778 236 τὸν
790 210 915 246 οὐρανὸν,

979 219 1028 243 nou
1051 216 1204 245 aversatur,
1220 219 1271 239 nec
1288 210 1419 246 despicit,
1441 210 1488 239 sed
1502 210 1608 239 obviam
1625 211 1760 246 procedit,

130 249 146 283 ἡ
162 249 302 285 παραϐολὴ
319 250 450 285 διδάσκει,
467 253 537 280 ἀλλὰ
554 253 594 289 τῷ
607 254 768 289 ἐρυθριῶντα
787 256 923 291 βλέμματι

979 261 1000 284 ει
1016 264 1139 290 currens,
1156 263 1184 285 ut
1194 257 1312 285 celerius
1327 261 1466 285 errantem
1479 257 1604 291 recipiat,
1616 261 1644 284 et
1655 257 1757 284 collum

131 294 159 320 ἐδ
179 296 230 330 τῆς
248 295 337 331 ψυχῆς
355 298 477 333 κατηφὲς
490 298 538 325 καὶ
555 299 781 335 ἀπαρρησίαστον
798 301 922 337 μηνύειν.

133 339 201 375 Ὅρα
214 340 242 366 δὲ
265 341 323 373 πῶς
345 342 394 378 τὴν
418 343 466 370 τοῦ
486 343 554 370 Θεοῦ
576 344 724 380 διαγράφει
750 347 920 383 ἀγαθότητα.

137 385 298 421 Ἐρχόμενον
314 388 370 424 γὰρ
390 388 435 415 τὸν
450 388 554 416 ἄσωτον
570 390 600 416 οὐ
618 391 702 425 μόνον
718 391 769 418 οὐκ
793 392 922 428 ἀποπέμυ

134 439 212 458 πεται
227 433 289 459 οὐδὲ
309 435 428 469 παρορᾷ,
446 435 514 463 ἀλλὰ
533 437 580 464 καὶ
597 438 789 473 προσυπαντᾷ,
803 439 850 466 καλ
859 439 923 474 τρέ-

133 484 195 510 χων,
216 476 258 503 ἵνα
273 477 369 505 θᾶττον
389 479 512 516 ἀπολάϐῃ
527 481 574 508 τὸν
589 481 772 516 πλανηθέντα.
799 483 854 510 Καὶ
871 492 920 510 πε-

133 524 246 557 ριχεῖται
263 523 302 558 τῷ
314 524 452 561 τραχήλῳ,
469 526 517 552 καὶ
547 527 755 562 περιπλέκεται,
781 528 829 556 καὶ
840 530 921 565 ἑπιρ-

972 303 1156 338 amplectitur,
1176 303 1337 337 etstringit,
1359 302 1569 337 lacrymansque
1591 301 1715 337 suscipit,
1733 306 1762 329 et

973 347 1202 375 reconciliationis
1213 348 1283 375 dans
1304 347 1470 383 symbolum,
1490 352 1517 374 et
1546 347 1668 381 priorum
1692 346 1764 374 obli-

972 392 1063 419 vionis
1089 392 1225 420 factorum
1254 393 1363 428 pignus.
1381 391 1473 419 Prima
1502 391 1594 427 itaque
1632 391 1701 419 stola
1722 395 1766 419 est

971 444 1027 464 non
1037 437 1124 472 ipsum
1133 437 1268 472 baptisma
1284 439 1350 471 (non
1364 437 1436 464 enim
1449 437 1511 472 quis
1518 437 1667 465 secundum
1675 436 1766 472 bapti-

973 489 1032 510 sma
1043 487 1132 516 potest
1148 482 1294 517 accipere),
1310 482 1360 509 sed
1370 481 1457 517 gratia
1469 482 1513 509 Dei
1529 489 1610 516 quam
1625 481 1653 509 in
1671 481 1763 516 bapti-

971 535 1030 556 sma
1041 527 1141 562 singuli
1151 527 1296 562 accipiunt.
1307 526 1373 554 Nam
1380 534 1428 562 pro
1439 527 1547 554 lavacro
1553 525 1766 562 regenerationis

133 569 174 603 ρεἰ
190 569 317 604 δάκρυον,
334 572 382 597 καὶ
396 571 562 605 ἀσπάζεται,
578 572 629 608 τῆς
643 573 818 608 καταλλαγῆς
832 575 921 606 διδοὺς

979 574 1140 610 'egeneratio
1151 574 1231 601 datur
1239 581 1254 600 ιι
1263 572 1319 600 Deo
1325 581 1372 608 per
1379 572 1474 608 5026
1495 572 1693 608 paenitentiam,
1703 579 1766 607 quae

132 612 161 638 τὸ
177 613 312 648 σύμϐολον
326 615 373 642 καὶ
386 616 435 651 τῆς
451 617 605 652 ἀμνηστίας
620 618 676 645 τῶν
688 618 879 654 προλαϐόντων
891 619 922 646 τὸ

979 621 1093 648 naculas
1102 623 1211 647 nostras
1231 618 1359 654 lacrymis
1373 618 1479 651 elueus,
1491 625 1601 645 rursum
1611 617 1729 644 mundos
1740 621 1768 644 et

132 658 266 693 ἐνέχυρον·
297 660 380 696 Στολὴ
404 661 427 688 δ’
442 662 475 689 ἂν
499 663 516 698 ἡ
536 662 631 699 πρώτη
655 664 698 700 εῐη
720 664 770 692 οὑκ
797 665 864 692 αὐτὸ
890 665 922 691 τὸ

979 674 1054 695 iuros
1074 666 1172 694 reddit.
1185 665 1270 692 Datur
1292 664 1406 699 prodigo
1419 669 1482 699 post
1489 664 1586 691 stolam
1596 667 1623 691 et
1637 662 1769 696 annulus,

135 703 275 740 βάπτισμα
292 705 340 740 (οὐ
358 706 411 743 γὰρ
437 704 493 734 οἷόν
511 716 541 734 τε
568 710 661 744 τυχεῖν
679 710 807 746 δευτέρου
825 710 922 746 βαπτί-

139 750 258 784 σματος)
271 769 279 782 ,
301 750 360 777 ἀλλ’
373 752 390 786 ἡ
409 751 506 789 πρώτη
532 754 612 789 στολὴ
634 755 682 782 καὶ
707 756 798 791 χάρις,
819 756 853 792 ἢν
870 756 920 783 ἀπ’

136 796 223 832 ἀρχῆς
238 797 352 830 ἕκαστος
367 799 422 825 τῶν
440 799 544 827 πιστῶν
560 801 681 828 ἐνδύεται
694 801 740 828 διὰ
765 801 812 828 τοῦ
828 801 922 837 βαπτί·

135 850 246 876 σματος.
269 843 343 870 Ἀντί
357 844 411 879 γάρ
430 844 481 880 τῆς
494 845 538 873 διὰ
554 846 602 873 τοῦ
618 846 732 882 λουτροῦ
758 847 920 882 παλιγγενε-

971 713 1078 748 signum
1088 712 1264 748 intelligibilis
1272 711 1486 739 conﬁrmationis
1499 710 1633 745 Spiritus-
1639 709 1674 737 Ut
1688 708 1763 736 enim

972 759 998 786 in
1009 757 1212 792 regeneratione
1221 763 1269 791 per
1278 755 1442 790 baptismum
1449 759 1477 783 et
1483 754 1553 783 stola
1563 758 1589 782 et
1596 752 1770 781 conﬁrmatio

971 804 1036 831 doni
1063 803 1182 838 Spiritus
1198 802 1286 830 sancti
1312 801 1394 829 datur
1406 821 1414 834 ,
1426 801 1466 829 sic
1477 800 1544 828 etin
1560 798 1770 834 regenerationo

972 858 1021 885 per
1031 849 1231 885 paenitentiam.
1243 847 1423 876 Adducuutur
1434 851 1462 875 et
1472 846 1568 880 calcei,
1580 850 1610 874 ut
1624 843 1712 881 possit
1726 850 1769 871 ca-

135 887 193 919 σίας
206 888 224 923 ἡ
235 887 279 915 διὰ
303 889 446 923 μετανοίας
459 891 524 926 ἡμῖν
537 892 613 927 παρὰ
626 892 694 919 Θεοῦ
714 893 846 929 ἐχαρίσθη
861 894 927 920 ἀνα-

979 899 1025 931 put
1047 894 1184 930 serpentis
1210 894 1326 922 calcare.
1345 893 1387 921 Tu
1407 893 1494 927 enim,
1519 892 1618 927 inquit,
1644 890 1769 920 servabis

135 934 269 969 γέννησις,
280 935 341 970 ἥτις
351 937 386 962 τὰ
401 936 561 972 μολύσματα
583 938 661 973 ἡμῶν
681 938 720 973 τῷ
733 939 844 974 δακρύῳ
859 939 928 966 πλύ-

136 988 216 1006 νουσα
243 981 325 1008 πάλιν
353 982 490 1018 καθαροὺς
519 983 674 1018 ἀποφαίνει.
705 985 812 1012 Δίδοται
836 985 864 1012 δὲ
889 986 929 1022 τῷ

135 1024 234 1060 ἀσώτῳ
266 1027 335 1060 μετὰ
351 1027 401 1062 τὴν
420 1028 516 1064 στολὴν
536 1028 584 1055 καὶ¹
611 1029 771 1062 δακτύλιος,
795 1029 928 1064 σύμϐολον

135 1071 184 1105 τῆς
200 1072 298 1107 νοητῆς
331 1074 478 1108 σφραγῖδος
504 1074 552 1101 τοῦ
569 1074 738 1110 Πνεύματος.
761 1075 804 1106 Ὠς
820 1075 874 1110 γὰρ
898 1077 928 1103 ἐν

135 1117 166 1151 τῇ
182 1115 226 1143 διὰ
245 1116 292 1142 τοῦ
308 1116 496 1152 βαπτίσματος
513 1119 708 1155 παλιγγενεσία
721 1120 768 1146 καὶ
779 1119 859 1155 στολὴ
871 1120 928 1147 οιαὶ

136 1161 255 1196 σφραγὶς
282 1162 386 1197 δωρεᾶς
407 1163 431 1180 ⁸³
448 1164 608 1200 Πνεύματος
626 1165 716 1200 ἁγίου,
732 1166 806 1193 οὕτω
832 1166 881 1193 καὶ
898 1166 927 1192 ὲν

135 1208 166 1242 τῇ
184 1207 228 1233 διὰ
239 1208 287 1242 τῆς
302 1208 444 1243 μετανοίας
471 1210 660 1247 ἀναγεννήσει.
687 1212 877 1247 Προσφέρεται
897 1212 926 1238 δὲ

136 1253 181 1279 καὶ
208 1253 381 1289 ὑποδήματα,
397 1255 441 1282 ἵνα
464 1256 576 1292 θαρρεῖν
604 1257 654 1294 ἔχῃ
667 1257 691 1274 ⁸⁸
702 1257 751 1293 τὴν
764 1257 810 1285 τοῦ
838 1257 927 1292 ὄφεως

979 945 1061 976 caput
1090 940 1160 976 ejus,
1182 939 1227 967 ille
1256 943 1333 966 tuum
1363 939 1533 966 calcaneum.
1559 937 1601 965 Ad
1618 940 1769 970 utrumque

978 987 1051 1014 enim
1064 986 1255 1014 calceamenta
1276 984 1354 1012 utilia
1369 988 1445 1016 sunt,
1461 991 1524 1012 cum
1548 983 1583 1011 ad
1600 981 1767 1011 conculcan-

978 1033 1044 1059 dum
1057 1031 1193 1067 serpentis
1201 1034 1294 1065 caput,
1307 1035 1365 1058 tum
1386 1034 1416 1057 ut
1436 1037 1483 1065 pcs
1499 1028 1621 1056 lazsiouis
1636 1025 1766 1062 injuriam

978 1076 1099 1111 etl‘ugiat.
1119 1074 1157 1103 Ne
1185 1075 1330 1103 contrith
1353 1075 1438 1110 patris
1461 1079 1487 1102 te
1501 1073 1621 1104 bonitas.
1640 1073 1664 1101 si
1679 1071 1767 1100 lilium

977 1124 1113 1148 errantem
1138 1119 1282 1154 suscipiat.
1306 1120 1354 1154 qui
1379 1119 1538 1151 misericors
1563 1122 1660 1146 etnon
1677 1115 1768 1151 rigido

975 1165 1091 1200 judicat,
1105 1165 1153 1192 sed
1171 1165 1287 1199 benigne
1300 1164 1410 1199 accipit.
1427 1164 1459 1191 Et
1475 1163 1534 1191 haec
1551 1162 1625 1198 quod
1638 1166 1715 1197 pater
1731 1160 1769 1191 sit

977 1211 1053 1243 facit,
1073 1210 1153 1246 quasi
1178 1210 1212 1238 ad
1229 1209 1446 1238 misericordiam
1463 1209 1489 1236 vi
1507 1207 1626 1244 quadam
1643 1206 1768 1234 trahere-

979 1260 1035 1285 ιιιι.

135 1303 303 1329 καταπατεῖν
320 1303 450 1340 κεφαλήν.
466 1305 503 1331 Σὺ
520 1305 585 1340 γὰρ,
602 1306 679 1341 φησὶ,
695 1306 826 1341 τηρήσεις
842 1304 925 1332 αὑτοῦ
945 1304 1075 1339 κεφαλὴν,
1111 1304 1236 1336 κάκεῖνος
1265 1303 1379 1339 τηρήσει
1395 1311 1442 1329 σου
1469 1301 1599 1337 πτέρναν.
1612 1299 1685 1335 Πρὸς
1702 1297 1768 1325 ἐκά-

134 1356 213 1384 τερον
229 1347 276 1376 οὖν
291 1350 427 1386 χρήσιμον
441 1350 477 1378 τὰ
491 1352 574 1387 ὑποδή
580 1361 664 1388 ματα,
677 1353 725 1379 καὶ
739 1353 779 1384 είς
794 1352 824 1378 τὸ
838 1352 1006 1379 καταπατεῖν
1017 1350 1067 1385 τὴν
1081 1351 1104 1367 ⁸⁷
1113 1350 1160 1377 τοῦ
1173 1350 1262 1385 δφεως
1278 1348 1399 1383 κεφαλὴν
1413 1348 1460 1375 καὶ
1490 1349 1530 1378 είς
1555 1346 1587 1373 τὸ
1618 1345 1668 1381 τὴν
1699 1344 1770 1370 ἐκεῖ·

134 1396 180 1423 θεν
200 1397 303 1434 βλάϐην
318 1398 368 1434 τὴν
387 1399 507 1436 πτέρναν
524 1400 678 1436 διαφυγεῖν.
699 1401 745 1436 Μὴ
758 1400 879 1433 λυπείτω
894 1408 924 1426 σε
943 1400 959 1434 ἡ
975 1398 1023 1425 τοῦ
1039 1398 1143 1434 πατρὸς
1162 1397 1316 1433 ἀγαθότης,
1330 1397 1354 1423 εί
1372 1395 1532 1431 περιέχεται
1564 1392 1612 1421 τοῦ
1646 1392 1770 1427 δυσπρα-

134 1444 270 1479 γήσαντος
298 1446 403 1478 παιδός.
429 1446 458 1473 '0
487 1447 571 1475 ἐλεῶν
593 1448 623 1475 οὺ
640 1447 743 1480 δικάζει
759 1447 829 1483 μετὰ
844 1445 1078 1482 άκριδείας,ἀλλὰ
1107 1443 1306 1480 φιλανθρώπως
1334 1442 1489 1479 χαρίζεται,
1503 1441 1551 1468 καὶ
1583 1439 1681 1471 ταῦτα,
1707 1439 1770 1465 ὅταν

134 1491 246 1527 ὑπάρχῃ
267 1493 368 1529 πατὴρ,
390 1493 485 1530 ὥσπερ
501 1495 524 1512 ⁵⁸
537 1496 590 1523 τινὶ
614 1495 660 1532 βίᾳ
684 1496 752 1531 πρὸς
764 1495 810 1522 τὸν
832 1492 923 1521 οἶκτον
943 1493 1098 1528 ἑλκόμενος.

135 1546 201 1581 [819
214 1548 261 1584 11.]
267 1549 321 1576 Τοῦ
336 1550 429 1577 αὐτοῦ
442 1552 484 1584 εὶς
499 1552 553 1578 τὸν
565 1551 678 1580 δοῦλοκ
687 1551 742 1578 τοῦ
754 1550 931 1585 ἑκατοντάρ-

294 1593 360 1618 χου,
377 1585 414 1612 ὃν
428 1587 444 1612 ό
460 1586 566 1620 Κύριος
576 1586 788 1621 ἐθεράπευσεν.

170 1627 235 1655 Ὀτι
251 1628 280 1655 ἑν
291 1629 332 1665 τῷ
348 1630 463 1666 παρόντι
479 1630 551 1666 λόγῳ
568 1632 695 1658 ὑπόθεσιν
708 1633 754 1658 τὸν
768 1631 863 1658 δοῦλον
877 1631 928 1658 λα-

132 1672 200 1706 ϐὼν,
218 1675 261 1705 εἰς
279 1676 442 1710 παραίνεσιν
457 1676 560 1703 δούλων
575 1677 620 1703 καὶ
643 1677 781 1704 δεσποτῶν
802 1677 833 1703 τὸ
849 1677 926 1703 πλεῖ-

134 1726 198 1745 στον
216 1720 270 1754 τῆς
284 1720 403 1755 σπουδῆς
419 1721 567 1755 ἀποτείνει,
586 1721 650 1754 τοὺς
665 1721 714 1757 μὲν
729 1721 862 1748 νουθετῶν
877 1721 926 1748 εὐ-

132 1764 239 1796 πειθῶς
258 1765 306 1791 καὶ
319 1765 422 1797 ἀδόλως
446 1767 593 1801 ὑπηρετεῖν
614 1768 671 1799 τοῖς
693 1767 848 1799 δεσπόταις,
864 1767 926 1799 τοὺς

131 1810 161 1837 δὲ
177 1810 381 1846 φιλανθρώπως
397 1812 445 1839 καὶ
457 1812 570 1848 ἡμέρως
589 1813 637 1839 καὶ¹
654 1813 694 1845 ὡς
716 1813 864 1848 ὁμοφύλοις
880 1813 928 1840 καὶ

131 1855 264 1890 ἀδελφοῖς
274 1856 426 1891 προσιέναι.
452 1857 482 1883 '0
495 1857 577 1889 αὐτὸς
596 1857 650 1893 γάρ
666 1857 750 1893 πηλὸς
764 1859 865 1894 ἀμφοῖν
880 1859 928 1885 καὶ

133 1901 152 1935 ὴ
168 1902 242 1936 αὑτὴ
257 1901 306 1928 τοῦ
322 1901 442 1928 πλάστου
458 1904 531 1937 χεὶρ,
546 1903 592 1930 καὶ
610 1903 644 1930 τά
665 1903 735 1930 αὐτὰ
749 1903 818 1939 ἔργα
834 1912 864 1930 τε
878 1913 929 1938 φυ-

133 1947 201 1973 σικὰ
219 1947 245 1964 ⁸⁸
260 1947 309 1973 καὶ
323 1947 396 1983 πάθη
413 1949 461 1975 καὶ
479 1949 510 1975 τὸ
523 1949 573 1984 τῆς
584 1949 757 1985 κατασκευῆς
775 1950 869 1985 σχῆμα
883 1950 930 1976 καὶ

131 1992 149 2026 ἡ
167 1991 264 2027 μορφὴ
281 1992 434 2027 θεωρεῖται.
451 1993 491 2019 Δι’
503 1992 521 2020 ἂ
533 1993 681 2028 προσῆκεν,
704 1994 728 2019 εἰ
744 1993 783 2029 μή
798 2002 840 2025 τις
850 1993 929 2026 ἄλλος

131 2035 166 2073 ἦν
179 2038 254 2074 μηδὲ
268 2038 350 2072 νόμος
368 2038 450 2072 θεῖος,
467 2039 529 2074 μηδ’
541 2038 661 2075 ἔμφυτος
674 2039 742 2075 πρὸς
755 2039 785 2066 τὺ
801 2040 930 2074 συγγενὲς

131 2084 210 2116 ἔλεος
227 2084 279 2111 καὶ
297 2084 403 2119 ἀγάπη,
421 2085 506 2119 ἐχρῆν
522 2085 674 2119 ἀδελφικῶς
702 2086 794 2118 αὐτοῖς
811 2085 858 2112 καὶ
876 2095 929 2113 πα-

130 2130 239 2165 τρικῶς
253 2130 466 2166 προσφέρεσθαι.
483 2131 536 2157 Καὶ
549 2133 606 2163 rei;
633 2132 736 2166 ἰατροῖς
747 2132 775 2158 δὲ
796 2133 929 2167 παραίνε-

132 2184 176 2202 σιν
193 2174 405 2210 φιλανθρωπίας
422 2176 548 2203 ποιεῖται.

167 2222 237 2248 ὀτι
253 2220 372 2255 Σκύθην,
390 2222 467 2256 φησὶ,
493 2221 590 2248 Θᾶττόν
605 2230 635 2248 τε
649 2221 698 2257 τὴν
721 2221 860 2257 Ἑλληνίδα
878 2231 930 2258 μα-

131 2265 219 2294 θόντα
244 2264 327 2297 εἶδον,
344 2266 385 2297 είς
401 2267 551 2302 μειρακίων
565 2267 674 2302 ἡλικίαν
699 2267 763 2302 ἄρτι
783 2267 931 2302 παρελθόν-

130 2321 176 2338 τα·
194 2310 263 2339 εἶτα
274 2311 321 2338 τοῦ
338 2312 516 2347 ὠνησαμένου
531 2312 662 2339 δεσπότου
680 2312 838 2348 μαθήμασιν
857 2313 932 2339 ἐλευ-

130 2357 241 2392 θερίοις
269 2357 353 2383 αὑτὸν
381 2357 560 2389 ἐκδεδωκότος
572 2358 613 2390 ³⁸,
642 2357 769 2384 τοσοῦτον
791 2358 931 2384 ἐπιδοῦναι

981 1548 1109 1584 Ejusdem
1134 1549 1162 1575 in
1177 1554 1281 1575 servum
1295 1544 1466 1607 εεηιιιςὶηηὶδ,
1477 1552 1554 1581 quem
1573 1543 1706 1572 Dominus
1724 1551 1772 1572 σα-

1316 1589 1376 1607 nam
1420 1598 1428 1607 α

1316 1589 1389 1608 ηαυιι
1406 1589 1428 1607 ³.

1014 1628 1071 1656 Hac
1095 1628 1228 1656 concione
1252 1630 1445 1662 argumentum
1467 1633 1482 1653 a
1504 1632 1586 1654 servo
1603 1631 1729 1660 capiens,
1741 1624 1771 1652 in

977 1674 1118 1703 bortandis
1135 1674 1223 1703 servis
1238 1681 1271 1702 ac
1290 1673 1410 1702 dominis
1421 1671 1545 1700 desudat.
1573 1671 1638 1699 lllos
1656 1677 1771 1698 monens

977 1724 1008 1748 ut
1022 1724 1145 1756 prompte
1163 1720 1327 1755 sincereque
1348 1718 1469 1747 dominis
1492 1717 1614 1746 serviant
1631 1726 1638 1745 :
1659 1716 1709 1744 hos
1740 1719 1772 1744 ut

979 1767 1129 1794 clementer
1149 1767 1325 1801 humancque
1351 1773 1447 1794 servos
1475 1770 1604 1800 tanquam
1617 1764 1724 1792 sodales
1744 1767 1773 1791 et

980 1811 1079 1840 fratres
1103 1816 1233 1840 tractent.
1258 1811 1360 1839 Eadem
1381 1811 1454 1839 enim
1470 1812 1551 1839 ambo
1575 1815 1659 1843 terra,
1674 1810 1771 1838 eadem

981 1855 1093 1883 artilicis
1114 1855 1210 1883 dextra
1231 1855 1334 1883 conditi
1355 1859 1428 1888 sunt,
1445 1855 1539 1883 eadem
1562 1854 1673 1889 utrique
1687 1860 1772 1889 opera

981 1905 1096 1934 naturae,
1113 1900 1265 1936 eademque
1280 1900 1434 1936 patiuntur,
1452 1903 1480 1927 et
1502 1898 1708 1927 constitutionis
1722 1905 1772 1926 ea-

980 1947 1042 1975 dem
1054 1946 1142 1975 i'orma
1156 1951 1183 1975 et
1200 1947 1287 1981 ﬁgura
1306 1947 1333 1974 in
1348 1946 1472 1981 utrisque
1486 1949 1630 1981 apparent.
1643 1944 1772 1978 Quare-si

982 1993 1055 2020 aliud
1079 1993 1145 2028 quid
1169 1993 1329 2028 prmciperet
1351 1993 1394 2020 lex
1414 1993 1516 2025 divina,
1541 1996 1570 2020 et
1586 1992 1697 2019 iunatus
1707 1998 1770 2025 erga

983 2038 1124 2072 proximos
1145 2046 1232 2070 amor,
1252 2039 1373 2066 fraterno
1389 2043 1560 2073 paternoque
1585 2044 1677 2064 amore
1695 2043 1771 2063 com—

983 2084 1062 2118 plecti
1086 2084 1148 2112 illos
1168 2089 1316 2119 oporteret.
1340 2083 1429 2111 Etiam
1453 2082 1574 2110 medicos
1592 2082 1625 2109 ad
1651 2082 1772 2109 elemen-

982 2129 1048 2156 tiam
1065 2129 1199 2157 hortatur.
1543 2154 1554 2169 ε

1017 2228 1090 2262 Vidi,
1107 2230 1207 2265 inquit,
1241 2229 1370 2266 Scytbam
1391 2237 1479 2265 nuper
1501 2229 1713 2257 adolescentiam
1729 2229 1772 2256 in-

982 2284 1107 2313 gressum
1134 2277 1251 2305 celerius
1271 2277 1394 2304 Graecam
1422 2276 1543 2311 linguam
1572 2275 1770 2303 addiscentem.

983 2323 1086 2351 Deinde
1103 2331 1164 2351 cum
1183 2323 1312 2351 dominus
1335 2322 1495 2350 liberalibus
1519 2321 1596 2349 illum
1614 2320 1713 2349 studiis
1727 2320 1772 2347 in-

983 2367 1124 2401 formaret,
1136 2373 1242 2396 tantum
1259 2368 1303 2396 ille
1316 2367 1442 2403 profecit,
1456 2372 1484 2395 et
1498 2375 1594 2395 omnes
1606 2370 1679 2394 artes
1694 2366 1774 2394 addi-

128 2404 244 2435 τούτοις
266 2404 313 2430 καὶ
324 2403 450 2437 γενέσθαι
480 2404 552 2430 κατὰ
579 2403 667 2430 πολλὰ
685 2404 739 2430 τῶν
761 2404 927 2439 μαθημάτων

985 2414 1062 2446 dicit,
1080 2419 1110 2441 ut
1122 2420 1150 2442 et
1165 2414 1268 2442 Graecis
1283 2419 1309 2442 et
1324 2414 1456 2441 Romanis
1470 2413 1665 2440 inclaresceret
1682 2421 1688 2440 :
1708 2419 1773 2439 nam

128 2449 306 2485 περιδέξιον,
326 2449 365 2481 ὡς
384 2450 432 2476 καὶ
447 2449 513 2486 παρ’
543 2450 656 2485 Ἕλλησι
690 2451 739 2477 καὶ
765 2451 843 2485 παρὰ
865 2450 931 2477 Ῥω-

131 2496 230 2530 μαίοις
246 2495 373 2530 λαμπρὸν
387 2495 514 2530 γενέσθαι
528 2497 574 2523 καὶ
588 2496 762 2532 περιϐόητον,
776 2495 870 2530 ἐπειδὴ
885 2497 934 2522 καὶ

128 2542 226 2577 νόμων
255 2541 334 2577 ὤφθη
362 2542 530 2573 διδάσκαλος.
552 2542 581 2570 '0
603 2542 625 2569 δ’
653 2542 829 2578 ὠνησάμενος
849 2543 934 2578 Σύρος

127 2585 176 2623 ἦν,
203 2587 377 2622 Ἀντιοχείας
396 2588 509 2623 πολίτης
535 2589 582 2614 καὶ
612 2588 813 2624 γραμματικῆς
832 2588 935 2615 παίδων

127 2635 310 2667 διδάσκαλος.
333 2635 464 2662 Γενέσθαι
489 2635 518 2662 δὲ
545 2635 594 2663 καὶ
620 2635 743 2672 μαθητὴν
766 2636 862 2662 ἑαυτὸν
882 2644 935 2670 φη-

206 2716 280 2743 Luc.
296 2722 346 2749 vn,
360 2715 388 2742 2.

982 2464 1009 2487 et
1034 2459 1278 2494 jurisprudentiam
1309 2458 1451 2494 professus
1476 2462 1527 2486 est.
1554 2458 1687 2485 Dominus
1709 2464 1774 2484 vero
1798 2463 1801 2465 ‘

983 2506 1030 2540 qui
1046 2510 1150 2534 emerat
1165 2505 1250 2541 Syrus
1262 2510 1331 2539 erat,
1345 2505 1414 2533 civis
1430 2505 1629 2537 Antiochenus;
1645 2503 1692 2539 qui
1704 2508 1731 2530 et
1742 2502 1775 2529 li-

983 2551 1064 2578 beros
1083 2550 1292 2584 grammaticam
1314 2549 1437 2578 docebat.
1463 2549 1535 2582 Quin
1550 2548 1633 2577 etiam
1651 2546 1713 2583 pius
1731 2547 1776 2573 hic

984 2596 1101 2630 scriptor
1117 2596 1242 2624 Asterius
1266 2603 1296 2624 se
1316 2595 1398 2630 hujus
1423 2594 1531 2631 Scythae
1545 2593 1628 2629 empti
1651 2592 1776 2626 discipu-

985 2639 1040 2677 lum
1055 2638 1141 2667 fuisse
1166 2639 1320 2675 profitetur,
1348 2639 1394 2667 ubi
1424 2643 1472 2666 aut
1495 2637 1596 2673 quibus
1612 2637 1639 2663 in
1658 2634 1738 2670 503
1757 2641 1774 2660 α

781 2772 899 2803 VARl/E
924 2773 1128 2802 LECTIONES.

165 2820 192 2838 ⁸⁸
207 2819 317 2854 δωρεᾶς
338 2827 394 2849 om.
416 2820 449 2849 Α.

165 2820 192 2838 ⁸⁸
207 2820 317 2854 δωρεᾶς
338 2827 394 2849 om.
416 2820 449 2849 Α.
502 2820 525 2837 ⁸⁵
537 2820 587 2858 ἔχῃ
603 2820 624 2848 Β
640 2830 646 2850 :
661 2821 716 2858 ἔχοι
733 2831 763 2854 ς.

127 2855 260 2886 δωκότσς
274 2855 307 2882 Α.

812 2821 836 2839 ⁸⁷
850 2821 900 2858 τὴν
926 2828 986 2858 post
1004 2822 1035 2850 τὺ
1057 2822 1119 2852 add.
1137 2822 1171 2849 A.

1221 2821 1375 2858 ⁸⁸γῶσπερεί
1387 2829 1417 2853 ς.
1455 2817 1581 2853 ⁸⁹φυσικά
1591 2825 1619 2844 τε
1630 2824 1660 2848 ς.
1697 2816 1720 2832 ³*
1735 2813 1774 2843 δα.
