1973 3077
192 176 244 210 215

769 171 900 202 PHOTII
917 172 1170 205 ΡᾹΤΗῘᾹΒΟΗᾸΞ
1187 175 1242 205 CP.

1769 177 1822 209 216

192 231 292 261 studiis
307 237 362 258 non
380 229 520 264 exprimit.
538 226 692 259 Tu'etiam,
708 226 792 259 Deus,
810 226 918 257 ,Mosem
934 233 981 254 ex.

1036 235 1079 253 σιν
1103 228 1118 254 6
1135 229 1281 264 φιλάρετος
1312 237 1390 262 ουτος
1424 230 1564 267 Ἀστέριος
1589 231 1636 259 τοῦ
1661 233 1819 269 ἀργυρωνή-

192 278 292 309 sulem,
319 275 411 311 populi
422 275 528 308 [ducem
546 273 718 301 constituens
741 272 821 306 facis,
845 279 900 299 non
921 271 980 306 jam

190 322 248 350 Noe
266 329 329 349 arca
347 325 455 348 vectum
472 328 519 355 per
535 319 667 346 mundum
682 318 762 352 aquis
772 318 917 349 obrutum,
932 317 980 344 sed

191 368 340 403 imperiose
366 367 420 401 jam
448 373 523 393 tnare
548 369 747 396 transeuntem,
770 369 798 390 et
812 370 862 398 per
880 362 979 389 vadum

190 414 306 449 pedibus
330 412 528 440 ambulantem.
554 410 630 437 Tuus
652 410 724 437 lilius
740 408 892 443 discipulus
915 407 980 434 Elite

190 459 316 490 Elizzeus,
333 459 380 493 qui
404 465 519 492 puerum
550 455 732 483 Sunamitidis
750 453 894 482 amortuis
904 453 980 480 exci-

191 505 268 537 tavit,
285 508 386 539 etpost
402 507 518 530 mortem
530 502 655 536 reliquiis
669 501 824 536 appositum
841 503 980 527 mortuum

190 550 343 578 vivitieans.
367 548 469 576 Adharc
485 554 550 575 vero
574 547 635 574 tidei
653 546 751 581 gratia,
769 550 899 579 tanquam
916 550 980 570 aro-

190 596 274 622 matis
290 595 402 630 spiritus
417 593 533 625 durans,
549 592 639 619 ﬁdelis
659 590 815 626 sepulcrum
831 588 926 617 sensit.

190 652 236 670 τον
252 644 308 674 τοϊς
321 642 457 676 λειψάνοις
474 641 519 667 τὸν
535 639 723 674 παρατεθέντα
738 637 835 673 νεκρὸν
870 636 983 670 ζωώσας

191 688 386 725 παραμείνασα
405 686 513 719 ἐδόξαζε
528 685 575 712 τοῦ
590 685 687 712 πιστοῦ
700 685 748 711 καὶ
771 684 817 711 τὸν
829 683 925 717 τάφον.

357 732 485 771 Ejusdem
503 736 535 762 de
546 733 669 768 jejunio,
691 732 814 760 homilia.

225 782 312 809 Nemo
324 802 332 815 ,
349 782 395 816 qui
412 780 536 809 convivia
550 783 670 807 sectatur
681 799 688 810 ,
714 776 824 805 virtutis
845 779 887 804 est
902 774 984 803 disci-

190 829 282 864 pulus.
305 827 363 855 Una
385 827 505 854 ebrietas
527 831 554 854 et
573 831 681 861 patrem
703 825 818 852 honesta
841 827 935 855 veste,
955 825 983 849 et

189 875 276 903 tilium
292 875 417 902 libertate
441 872 569 908 privavit.
589 872 705 906 Propter
721 869 823 897 ventris
845 868 982 903 cupidita-

189 925 244 947 tem
260 919 333 946 Esau
345 919 417 946 tilius
430 919 506 946 lsaac
518 919 648 946 damnum
664 914 779 949 accepit.
791 913 903 940 lnhians
919 918 982 946 pro-

189 971 250 1000 pter
264 965 363 994 famem
376 966 445 1001 pulti
458 985 465 998 ,
490 964 569 992 fratri
597 961 777 998 primogenita
793 958 916 987 vendidit
930 978 938 991 ,
953 961 981 984 et

188 1012 253 1040 inde
267 1013 353 1047 patris
369 1012 586 1040 benedictionem
605 1018 660 1037 non
678 1008 783 1036 habuit.
809 1006 850 1034 Ne
869 1005 980 1039 frangas

186 1059 333 1094 jejunium,
348 1066 383 1086 ne
397 1058 470 1094 quod
480 1056 649 1092 cauponibus
670 1054 717 1082 tibi
731 1053 845 1081 accidat.
861 1050 890 1078 Si
907 1049 980 1078 enim

188 1105 253 1140 quia
271 1105 335 1132 vino
349 1111 448 1139 aquam
463 1104 597 1130 misceant
609 1123 616 1135 ,
641 1100 792 1136 puniuntur
805 1118 813 1130 ,
842 1096 980 1132 quomodo

188 1148 343 1176 austeritati
355 1147 453 1183 jejunii
473 1147 555 1174 falsas
574 1146 722 1173 tniscentes
736 1143 888 1177 voluptates
909 1141 982 1168 cibo.

187 1203 250 1222 rum
266 1201 375 1229 poenam
393 1192 543 1228 eﬂ’ugient?
560 1191 697 1226 fugiamus
713 1190 890 1224 voluptatem.
907 1186 981 1214 Fieri

189 1240 263 1268 enim
278 1247 333 1267 non
348 1243 437 1275 potest
452 1237 578 1266 eumdem
601 1241 628 1265 et
650 1236 735 1263 Deum
747 1255 755 1268 ,
770 1239 797 1263 et
813 1234 980 1268 voluptatem

189 1291 292 1312 amare.
305 1284 478 1320 Assyriorum
494 1283 558 1310 olim
573 1290 629 1314 rex,
646 1281 692 1316 qui
708 1279 794 1308 ventri
812 1278 934 1310 vivebat,
954 1282 982 1304 et

188 1328 349 1363 voluptaria;
362 1328 422 1354 vitai
434 1347 442 1360 ,
460 1327 533 1357 sicut
547 1326 598 1353 bos
617 1324 742 1360 praesepi,
758 1323 895 1359 alligatus.
914 1321 981 1349 Tres

187 1374 267 1409 pueri
282 1374 303 1394 ν
321 1373 414 1400 vinum
434 1372 573 1408 fugiebant
592 1370 694 1398 libandi
714 1370 812 1405 gratia,
834 1372 862 1396 et
883 1375 981 1395 carnes

187 1421 301 1452 propter
320 1416 455 1444 sacriﬁcia
481 1425 488 1444 :
513 1415 600 1451 magis
619 1419 678 1442 erat
698 1415 751 1442 illis
770 1413 846 1441 cordi
868 1412 940 1440 Deus
955 1417 982 1440 et

187 1463 333 1498 pulchrum
350 1462 505 1498 jejunium},
524 1470 606 1498 quam
622 1462 737 1489 delieim.
752 1460 790 1488 Da
805 1467 885 1488 aures
901 1467 981 1487 arca-

188 1515 289 1535 norum
303 1508 435 1536 doctrinae
447 1529 454 1542 ,
478 1513 506 1536 et
522 1508 684 1535 obliviscere
701 1507 873 1539 deliciarum,
891 1510 920 1533 ut
935 1513 982 1540 po-

188 1554 270 1590 pulus
285 1562 401 1589 sequens
409 1553 549 1582 Christum
572 1554 655 1581 verbo
670 1558 698 1582 et
720 1561 802 1588 opere
821 1553 980 1585 docentem,

1033 281 1080 299 του
1094 273 1190 300 τούτου
1207 274 1312 301 Σκύθου
1325 283 1333 292 ·
1349 275 1428 311 [1501
1444 276 1490 313 IL]
1506 277 1558 303 ποῦ
1571 277 1599 304 δὲ
1612 277 1821 314 διατρίϐοντοςῆ

1033 317 1106 350 τινος
1122 319 1283 354 μαθήματος
1297 320 1328 347 οὐ
1343 320 1428 355 λέγει.
1446 322 1483 349 Σὺ
1511 323 1558 349 καὶ
1576 323 1622 349 τὸν
1649 324 1751 351 Μωσέα
1776 324 1822 350 τὸν

1034 363 1141 397 φυγάδα
1167 365 1285 400 ἄρχοντα
1301 366 1374 392 λαῶν
1389 368 1437 393 καὶ
1464 367 1557 402 δήμων
1572 368 1714 403 ἐποίησας,
1730 368 1821 395 οὐκέτι

1034 407 1104 434 κατὰ
1119 408 1164 435 τὸν
1182 409 1244 436 Νῶε
1260 411 1310 437 ἐπ’
1321 411 1460 445 ὀχήματος
1486 413 1685 448 περαιούμενον
1707 414 1822 448 πελαγι-

1035 453 1133 480 σθέντα
1145 455 1192 481 τὸν
1207 456 1319 491 κόσμον,
1329 456 1396 483 ἀλλὰ
1409 458 1582 490 Δεσποτικῶς
1596 459 1645 494 ἤδη
1661 459 1710 494 τὴν
1721 459 1822 486 θάλασ-

1034 506 1085 525 σαν
1101 499 1236 534 τέμνοντα
1259 501 1307 528 καὶ
1333 501 1484 534 πεζεύοντα
1501 502 1546 529 τὸν
1578 503 1667 538 βυθόν.
1684 504 1732 535 Σὺς
1757 505 1821 536 παῖς

1034 544 1081 571 καὶ
1096 545 1110 571 6
1130 546 1222 573 Ἠλίου
1256 547 1381 583 μαθητὴς
1411 549 1544 580 Ἐλισαῖος
1567 550 1600 581 ⁸⁸,
1626 550 1640 576 ὁ
1655 551 1702 577 καὶ
1731 550 1820 582 ζῶντα

1035 590 1154 624 ἀποδοὺς
1168 592 1213 619 τὸν
1227 593 1251 609 ⁹¹
1266 594 1349 621 παῖδα
1364 595 1396 630 τῇ
1412 595 1585 630 Σωμανίτιδι,
1597 597 1644 622 καὶ
1657 596 1725 631 μετὰ
1741 597 1822 623 θάνα-

1031 637 1071 664 ἔτι
1091 637 1145 674 γὰρ
1153 640 1170 674 ἠ
1178 639 1227 675 τῆς
1244 641 1363 673 πίστεως
1373 641 1464 676 χάρις,
1473 641 1568 678 ὥσπερ
1579 643 1723 678 άρὼματος
1742 645 1821 682 πνοὴΑ

1057 727 1115 756 Τοῦ
1132 729 1227 756 αὑτοῦ
1236 730 1280 762 είς
1292 730 1350 764 τὴν
1361 731 1563 765 παρείσϐασιν
1574 731 1634 758 τῶν
1647 734 1804 766 νηστειῶν.

1068 774 1164 807 Οὐδεὶς
1188 775 1316 811 εὐωχίαις
1340 776 1478 811 σχολάζων
1492 778 1594 813 ἀρετῆς
1609 778 1742 814 μαθητής.
1765 781 1823 808 Μία

1034 821 1103 856 μέθη
1118 821 1166 848 καὶ
1178 821 1226 848 τὸν
1242 822 1349 857 πατέρα
1361 822 1413 857 τῆς
1427 822 1582 857 εὐπρεποῦς
1592 823 1697 858 σκέπης
1715 825 1762 851 καὶ
1777 825 1823 852 τὸν

1031 866 1088 893 υίὺν
1115 867 1273 902 ἐλευθερίας
1305 867 1474 902 ἐγύμνωσεν.
1497 868 1616 903 Ἐϐλάϐη
1632 869 1676 896 διὰ
1700 871 1823 906 γαστέρα

998 928 1020 955 Β
1031 911 1080 938 καὶ
1096 911 1110 937 6
1126 911 1313 948 πρεσϐύτερος
1327 914 1391 944 παῖς
1400 912 1448 939 τοῦ
1462 913 1554 940 Ἰσαάκ
1569 922 1576 930 ε
1597 916 1752 950 περιχανὼν
1767 917 1822 952 γὰρ

1031 958 1075 986 διὰ
1089 959 1279 994 κατασχοῦσαν
1301 960 1396 986 πεῖναν
1419 959 1458 995 τῷ
1481 960 1562 995 φακῷ
1580 961 1696 988 ἀπέδοτο
1714 962 1764 997 μὲν
1781 963 1816 990 τὰ

1032 1005 1206 1041 πρωτοτόκια
1227 1005 1265 1040 τῷ
1290 1005 1407 1040 ἀδελφῷ,
1439 1006 1545 1033 ἐκεῖθεν
1560 1006 1588 1033 δὲ
1601 1006 1694 1034 λοιπὸν
1711 1008 1757 1034 καὶ
1773 1009 1821 1042 τὴν

1032 1051 1169 1087 πατρικὴν
1185 1051 1309 1086 εὐλογίαν
1328 1052 1447 1087 ἑκλάπη.
1460 1052 1507 1087 Μὴ
1519 1051 1611 1079 νόθευε
1629 1052 1822 1088 τὴνζνηστείαν

1033 1096 1076 1123 ἵνα
1092 1096 1129 1133 μὴ
1151 1097 1241 1133 πάθῃς
1256 1097 1291 1124 τὰ
1319 1097 1375 1124 τῶν
1390 1098 1533 1134 καπήλων.
1547 1099 1578 1125 Εἰ
1597 1099 1650 1134 γὰρ
1665 1100 1764 1126 ἐκεῖνοι
1783 1100 1822 1135 τῷ

1031 1142 1096 1177 οϊνῳ
1121 1143 1342 1178 παραμιγνύντες
1371 1143 1443 1178 ὕδωρ
1466 1143 1632 1178 κολάζονται,
1656 1145 1716 1177 πῶς
1738 1146 1764 1172 οί
1782 1145 1823 1181 τῷ

1032 1188 1162 1224 αὐστηρῷ
1172 1189 1222 1224 τῆς
1237 1189 1366 1223 νηστείας
1378 1189 1429 1221 τὰς
1445 1190 1643 1225 σεσοφισμένας
1655 1191 1822 1224 ἀπολαύσεις

1032 1234 1225 1269 ἐπεισάγοντες
1249 1235 1279 1261 τὸ
1302 1235 1476 1271 ἀτιμώρητον
1497 1236 1622 1269 ’ἐξουσιη
1638 1237 1787 1272 Φεύγωμεν
1799 1239 1822 1254 ⁹³

1031 1280 1082 1316 τὴν
1097 1281 1253 1315 φιληδονίαν
1269 1289 1275 1296 ·
1290 1282 1431 1316 ἀμήχανον
1443 1282 1502 1318 ξγὰρ
1517 1283 1562 1309 τὸν
1582 1283 1663 1310 αὐτὸν
1678 1281 1747 1310 εἶναι
1763 1285 1823 1318 φιλ-

1033 1325 1125 1360 ήδονον
1144 1326 1191 1352 καὶ
1207 1325 1340 1360 φιλόθεον.
1364 1326 1394 1353 Ὀ
1410 1326 1536 1361 βασιλεύς
1556 1336 1622 1354 ποτε
1648 1328 1701 1354 τῶν
1722 1329 1820 1354 ’Λσσυ-

1033 1370 1099 1406 ρίων
1107 1370 1140 1403 ³⁸,
1150 1371 1252 1403 ἐκεῖνος
1261 1371 1324 1407 [820
1335 1371 1402 1407 Ι1.]ὁ
1411 1372 1499 1399 πάντα
1508 1374 1541 1407 τῇ
1557 1375 1656 1408 γαστρὶ
1666 1373 1720 1405 ζῶν
1729 1373 1822 1405 καὶτῷ

1033 1416 1170 1452 τρυφῶντι
1193 1416 1254 1452 βίῳ,
1268 1417 1306 1449 ὡς
1331 1419 1419 1454 φάτνῃ
1441 1418 1515 1453 βοῦς,
1529 1419 1753 1454 προσδεδεμένος.
1767 1418 1822 1446 Ἦν

1032 1461 1062 1488 δὲ
1077 1463 1133 1493 τοῖς
1156 1463 1247 1497 τρισὶν
1265 1463 1348 1498 ἱεροῖς
1374 1464 1453 1490 παισὶ
1468 1464 1515 1490 καὶ
1529 1465 1543 1491 6
1557 1462 1627 1496 οῐνος
1646 1465 1763 1500 φευκτὸς
1779 1465 1823 1492 διὰ

1032 1506 1082 1541 τὴν
1097 1506 1214 1541 σπονδὴν
1225 1507 1271 1533 καὶ
1283 1507 1367 1542 κρέας
1383 1506 1455 1534 ἅπαν
1475 1507 1520 1534 διὰ
1537 1507 1585 1540 τὰς
1601 1507 1706 1539 θυσίας.
1719 1507 1774 1534 Καὶ
1789 1505 1824 1543 ἦν

1033 1551 1124 1583 αὐτοῖς
1136 1551 1182 1578 καὶ
1197 1551 1243 1578 τοῦ
1256 1551 1326 1587 ὑπὲρ
1337 1552 1398 1583 τοὺς
1410 1553 1575 1588 τρυφῶντας
1590 1552 1706 1584 κάλλους
1724 1553 1738 1579 6
1754 1551 1822 1583 Θεὸς

189 1599 236 1634 qui
261 1600 355 1627 relicta
384 1600 572 1635 improborum
609 1607 766 1636 synagoga.
795 1599 823 1626 in
852 1598 981 1633 templum

1035 1597 1204 1633 ἐπιμελητὴς
1214 1598 1284 1632 καὶὴ
1300 1597 1412 1633 νηστεία
1425 1598 1602 1634 κομμώτρια.
1615 1598 1665 1630 Δὸς
1677 1598 1727 1632 τὴν
1738 1598 1823 1633 ἀκοὴν

189 1645 274 1672 venit.
286 1645 315 1672 Si
327 1645 417 1672 adhuc
430 1644 554 1673 Judaicis
565 1645 693 1680 alligatus
706 1644 755 1676 sis,
769 1643 835 1678 quid
851 1643 899 1670 tibi
916 1650 980 1678 pro-

189 1689 251 1718 dest
262 1689 418 1725 jejunium?
432 1697 465 1718 an
478 1689 532 1717 Nili
546 1689 701 1717 crocodilos
714 1688 816 1716 imitari
831 1689 872 1716 vis
885 1688 897 1715 7
911 1696 981 1723 quos

190 1736 269 1764 aiunt
282 1736 370 1771 capita
385 1737 527 1765 hominum
541 1756 549 1768 ,
570 1743 639 1770 quos
652 1738 785 1762 vorarunt
798 1754 805 1767 ,
823 1733 938 1767 deﬂere,
955 1738 981 1761 et

189 1785 365 1808 mortuorum
381 1781 511 1815 reliquias
528 1780 682 1815 deplorare,
697 1787 751 1807 non
768 1779 831 1807 facti
846 1779 982 1814 poeniten-

189 1828 227 1855 tia
244 1827 387 1860 adduetos,
405 1827 453 1855 sed
467 1826 606 1858 dolentes,
625 1831 653 1853 ut
669 1825 736 1854 mihi
753 1825 875 1858 videtur,
892 1825 981 1860 ipsum

190 1876 273 1906 caput
285 1879 368 1899 carne
383 1879 494 1904 carere,
509 1879 593 1906 quam
608 1871 750 1898 devorent.
765 1870 903 1905 Jejunium
926 1877 981 1905 pae-

188 1917 311 1952 dagogus
328 1921 369 1944 est
385 1917 460 1945 obesi
481 1917 601 1953 ventris,
625 1924 657 1944 ac
675 1915 796 1944 decentis
813 1915 982 1944 babitudinis

190 1962 332 1997 magister.
342 1961 449 1989 Chorea
469 1961 554 1989 animi
569 1962 689 1990 laetitiam
703 1961 833 1994 declarat,
848 1965 876 1989 et
890 1960 982 1988 unius-

189 2007 325 2042 cujusque
336 2006 376 2034 rei
388 2006 553 2034 excellcntcs
567 2009 630 2034 sunt
646 2007 738 2041 ﬁgura:
749 2026 757 2038 ,
774 1999 836 2041 qua:
850 2013 883 2033 ex
897 2013 980 2040 appa-

189 2050 263 2078 renti
294 2050 385 2086 specie
413 2050 572 2077 interiorem
605 2049 703 2085 503b
732 2051 831 2077 animae
857 2050 981 2077 habitum

189 2097 346 2125 ostendunt.
365 2096 434 2125 Cum
450 2096 523 2124 enim
540 2096 626 2131 legem
651 2097 690 2130 a_d'
709 2103 834 2125 normam
855 2096 981 2132 vitzelea—

191 2145 280 2180 piens,
297 2149 324 2172 et
338 2145 492 2175 ordinatam
513 2144 759 2179 constitutionemg,
772 2143 870 2171 debeat
885 2144 982 2172 timere

191 2195 219 2218 et
236 2198 344 2225 pmnam
357 2198 391 2218 ex
405 2190 640 2225 prmvaricatione,
654 2189 715 2216 ideo
727 2189 796 2217 Deus
808 2189 870 2216 vitae
881 2195 981 2216 nostra:

191 2241 327 2272 praecepta
344 2236 500 2264 hominibus
522 2236 623 2271 scripta
647 2235 773 2268 tradens,
794 2235 885 2262 statim
910 2235 981 2262 tuba:

1035 1644 1068 1678 τῇ
1097 1643 1214 1678 μαθήσει
1240 1643 1296 1670 τῶν
1321 1644 1532 1679 κεκρυμμένων,
1548 1644 1596 1671 καὶ
1619 1643 1824 1679 ἀμνημονήσεις

1035 1690 1148 1724 τροφῆς,
1164 1688 1202 1720 ὡς
1218 1690 1232 1715 6
1248 1689 1332 1724 δῆμος
1351 1690 1365 1715 6
1380 1689 1419 1724 τῷ
1442 1689 1529 1724 Ἰησοῦ
1546 1689 1677 1725 ἑπόμενος
1689 1689 1761 1724 λόγῳ
1777 1690 1824 1715 καὶ

1035 1733 1108 1769 ἔργῳ
1138 1734 1302 1761 παιδεύοντι.
1328 1734 1492 1761 Καταλιπὼν
1516 1734 1566 1770 τὴν
1591 1734 1751 1770 συναγωγὴν
1769 1735 1824 1761 τῶν

1035 1780 1259 1814 πονηρευομένων
1287 1779 1420 1815 πρόσελθε
1448 1781 1482 1815 τῇ
1514 1780 1664 1815 ὲκκλησίᾳ.“
1684 1780 1715 1806 Εί
1732 1780 1756 1807 δ’
1783 1780 1824 1806 ἐτι

1035 1825 1091 1856 τοῖς
1111 1825 1267 1856 Ἰουδαϊκοῖς
1286 1825 1475 1860 προσδέδεσαι,
1492 1825 1520 1851 τί
1537 1833 1578 1851 σοι
1594 1825 1720 1859 βούλεται
1735 1825 1752 1859 ἡ
1776 1833 1823 1859 νη-

1037 1871 1112 1898 στεία
1125 1870 1141 1905 ἢ
1156 1870 1218 1902 τοὺς
1228 1870 1364 1905 Νειλῲους
1376 1870 1562 1906 κροκοδείλους
1574 1871 1716 1906 μιμεῖσθαι
1727 1871 1763 1903 ⁸⁵,
1777 1871 1824 1901 οὓς

1036 1924 1102 1950 φασι
1130 1916 1190 1946 ταῖς
1205 1916 1337 1950 κεφαλαῖς
1355 1915 1511 1952 ἐπιθρηνεῖν
1533 1916 1588 1943 τῶν
1613 1915 1765 1951 ἀνθρώπων
1786 1913 1824 1944 ὢν

1035 1961 1136 1996 ἔφαγον
1151 1962 1198 1988 καὶ
1213 1961 1341 1997 δακρύειν
1355 1963 1401 1989 ἐπὶ
1415 1963 1471 1994 τοῖς
1485 1962 1622 1997 λειψάνοις
1646 1963 1698 1990 τῶν
1715 1963 1802 1997 φόνων
1814 1983 1822 1995 ,

1034 2007 1065 2034 οὺ
1081 2007 1224 2042 μετάνοιαν
1243 2008 1297 2035 τῶν
1315 2009 1508 2044 γεγενημένων
1532 2009 1730 2044 λαμϐάνοντας,
1756 2009 1825 2036 ἀλλὰ

1034 2052 1065 2082 τὸ
1090 2053 1210 2088 ᾶσαρκον
1232 2053 1284 2088 τῆς
1305 2053 1436 2088 κεφαλῆς,
1456 2055 1518 2089 ἐμοὶ
1538 2054 1622 2087 δοκεῖ,
1642 2054 1824 2090 ὀδυρομένους

1034 2098 1072 2130 ὡς
1087 2099 1127 2130 εἰς
1145 2098 1247 2135 βρῶσιν
1257 2099 1308 2126 οὑκ
1325 2099 1488 2135 ἐπιτήδειον.
1502 2100 1625 2135 Νηστεία
1643 2101 1692 2136 μὲν
1712 2100 1824 2126 πυκνῶς

1035 2143 1104 2175 σεώς
1130 2146 1198 2179 ἐστι,
1220 2145 1267 2171 καὶ
1294 2146 1411 2180 κοσμίας
1438 2147 1604 2181 καταστολῆς
1638 2146 1823 2173 ἐπιδείκνυται

1034 2189 1208 2224 παιδαγωγός
1222 2198 1229 2205 ·
1261 2191 1356 2226 χορεία
1368 2191 1397 2218 δὲ
1415 2192 1445 2218 τὸ
1464 2192 1659 2227 διακεχυμένον
1675 2193 1824 2227 ἑρμηνεύει

1034 2237 1083 2271 τῆς
1105 2237 1205 2272 ψυχῆς,
1228 2237 1284 2263 Καὶ
1297 2237 1412 2264 ἑκάστου
1433 2238 1596 2273 πράγματος
1615 2237 1742 2272 ἐξαίρετα
1765 2238 1824 2264 ἐστι

189 2288 286 2308 vocem
310 2281 433 2316 addidit,
457 2282 484 2308 in
505 2283 614 2316 signum
636 2281 733 2308 futura;
751 2281 979 2313 resurrectionis,

1035 2282 1082 2309 κάι
1101 2283 1135 2309 τὰ
1156 2283 1295 2317 σχήματα,
1318 2284 1351 2310 ὲκ
1367 2283 1415 2317 τῆς
1437 2283 1570 2318 αἰσθητῆς
1588 2283 1748 2316 ἐπιφανείας
1774 2283 1825 2316 τὴν

189 2330 221 2354 ιιι
235 2327 281 2360 qui
296 2332 430 2362 praecepta
446 2327 610 2359 ediscerent,
630 2334 678 2362 per
692 2327 922 2355 resurrectionem
936 2326 982 2361 ju-

189 2373 292 2400 diciutn
307 2374 518 2411 prospicientes,
536 2374 663 2401 mandata
681 2381 737 2403 non
757 2373 980 2409 transgredienda

189 2419 370 2446 custodirent.

1035 2328 1150 2363 ἀόρατον
1163 2329 1213 2364 τῆς
1227 2329 1315 2364 ψυχῆς
1327 2329 1458 2364 δηλοῦντα
1472 2329 1638 2356 κατάστασιν
1653 2329 1687 2356 ’⁸.
1715 2328 1825 2363 Ἐπειδὴ

1034 2374 1088 2410 γὰρ
1103 2375 1117 2400 6
1131 2374 1215 2410 νόμον
1227 2375 1374 2410 λαμϐάνων
1389 2377 1428 2406 εἰς
1440 2375 1538 2402 κανόνα
1550 2374 1607 2409 βίου
1624 2374 1671 2401 καὶ¹
1693 2373 1825 2401 εὔτακτον

1036 2420 1174 2447 πολιτείαν
1195 2421 1298 2455 ὀφείλει
1319 2421 1468 2448 δεδοικέναι
1490 2421 1536 2447 καὶ
1554 2421 1600 2454 τὴν
1618 2421 1650 2446 ὲκ
1677 2421 1727 2455 τῆς
1754 2427 1826 2454 παρ-

189 2474 208 2493 α
221 2468 275 2501 ;οῆ;
289 2465 435 2503 τιμωρίαν,
455 2466 499 2493 διὰ
523 2465 602 2492 τοῦτο
616 2467 629 2493 ό
645 2466 712 2498 Θεὸς
726 2466 761 2492 τὰ
771 2465 820 2500 τῆς
833 2465 907 2502 ζωῆς
918 2467 998 2502 ἡμῶν
1018 2469 1238 2504 παραγγέλματα
1269 2469 1396 2504 ἐγγραφα
1413 2469 1435 2483 ’⁷
1448 2467 1601 2510 ἀνθρώποις
1614 2466 1764 2502 ἐκπέμπων
1779 2467 1824 2492 εὑ-

190 2516 239 2550 θὺς
256 2516 409 2553 προσέθηκε
430 2516 475 2542 καὶ
490 2515 539 2550 τὴν
556 2515 649 2550 φωνὴν
663 2514 713 2549 τῆς
748 2514 908 2548 σάλπιγγος,
938 2515 1072 2551 σύμϐολον
1092 2517 1142 2551 τῆς
1165 2517 1197 2543 ἐκ
1221 2517 1328 2551 νεκρῶν
1353 2516 1541 2547 ἀναστάσεως,
1565 2515 1608 2541 ἵνα
1640 2515 1665 2541 οἱ
1704 2513 1825 2549 μαθηταὶ

189 2563 244 2589 τῶν
284 2562 503 2596 προσταγμάτων
524 2561 546 2576 ’⁸
564 2561 607 2588 διὰ
642 2562 691 2596 τῆς
727 2561 901 2593 ἀναστάσεως
919 2561 967 2596 τὴν
983 2562 1074 2597 κρίσιν
1084 2562 1285 2598 προὸλέποντες
1315 2561 1469 2596 φυλάξωσιν
1499 2560 1665 2597 ἀπαράϐατα
1692 2560 1740 2595 τῆς
1750 2559 1823 2591 θείας

190 2610 350 2646 νομοθεσίας
367 2610 401 2638 τὰ
414 2610 548 2644 δόγματα.

229 2693 251 2711 i'
271 2692 338 2718 Dan.
361 2699 380 2724 l,
400 2691 440 2718 15.

836 2750 954 2778 VAllhE
981 2747 1185 2777 LECTIONES.

222 2831 243 2846 ⁹¹
264 2830 413 2860 Ἐλισσαῖος
431 2829 462 2855 Α.
501 2830 521 2845 ἠ
538 2829 593 2865 τὴν]
607 2830 654 2864 τὴν
669 2829 698 2856 Β.
733 2829 756 2845 ⁹³
768 2829 905 2865 φεύγομεν
922 2839 951 2861 τ.
987 2833 1009 2846 ³³

1034 2831 1161 2866 ’Λσυρὶων
1173 2829 1203 2856 Δ.
1242 2829 1264 2844 ³⁵
1277 2828 1451 2864 μιμεῖσθε.Β.
1491 2827 1513 2842 ⁸⁸
1528 2825 1693 2853 κατάστασιν
1710 2825 1731 2852 Α
1746 2833 1752 2851 ;
1768 2823 1825 2851 διά-

198 2864 272 2895 υεπιν
293 2874 322 2896 τ.
361 2865 382 2880 ’⁷
398 2865 543 2900 ἐγγρὶφως
560 2864 591 2896 τῷ
611 2865 633 2880 ⁷³
648 2864 880 2901 προσταγμάτων]
895 2864 1102 2902 πραγμάτωνΛζ
