1973 3077
152 180 206 212 217

240 239 297 267 Τοῦ
313 240 406 268 αὑτοῦ
421 242 464 273 είς
484 241 538 268 τὸν
550 241 585 268 ἐκ
602 240 718 274 κοιλίας
736 242 864 276 τυφλόν.

188 286 239 322 ῘἩ
266 286 384 313 ἐνταῦθα
415 286 462 314 τοῦ
479 287 617 322 ὀφθαλμοῦ
650 287 784 322 ἔκφρασις
803 287 850 314 καὶ
866 288 882 322 ἡ
899 287 948 322 τῆς

151 334 270 365 εἰκόνος,
293 334 311 368 ἢ
327 334 378 368 τῆς
393 334 475 367 ἀγίας
496 334 642 369 Εὑφημίας
661 333 789 365 εἰκονίξει
807 334 857 369 τὴν
880 342 946 369 μορ-

152 380 217 414 φὴν,
235 379 336 415 πολλὴν
350 381 390 411 εἰς
403 379 502 411 κάλλος
513 380 564 415 τὴν
579 380 740 414 συγγένειαν
753 379 842 414 φέρει,
855 379 893 411 ὡς
910 380 947 415 μὴ

151 425 247 460 ἕτερον
271 426 318 452 καὶ
344 425 438 461 ἕτερον
459 425 516 452 ἀλλ’
536 425 618 452 αὐτον
639 426 662 442 ’⁸
685 423 755 452 εῖναι
780 426 947 461 δημιουργὸν

151 473 288 506 ἑκατέρας
312 473 482 507 ἑκφράσεως.
498 472 613 499 Εὐσεϐεῖ
632 473 660 499 δὲ
677 473 802 507 φανερῶς
814 471 945 502 ἐνταῦθα,

150 519 275 553 ίσότιμον
285 519 322 553 τῷ
335 519 423 554 Πατρὶ
439 519 485 545 καὶ
499 519 661 554 προαιώνιον
671 519 716 546 τὸν
727 519 749 545 Υ
753 519 790 545 ίὺν
801 518 945 552 θεολογῶν,

149 563 233 600 [1504
241 564 286 600 Κ]
295 564 365 590 ὥστε
377 564 426 591 οὐκ
440 564 472 591 ἂν
485 565 527 599 εῐη
538 566 551 591 6
570 565 709 600 'Apsravoc;
725 565 739 590 6
749 564 798 599 τὴν
812 564 945 599 ἕκφρασιν

146 610 199 644 τῆς
213 609 317 641 εἰκόνος
328 610 429 644 εὐφυΐᾳ
443 609 532 644 λόγων
545 609 713 645 ὑποϐαλών,]
739 609 850 644 Ἐπειδὴ
874 609 945 643 λόγῳ

148 655 342 689 καταγγέλλων
350 656 404 686 τοῖς
413 655 551 687 Ἰουδαίοις
564 655 613 690 τὴν
625 655 775 690 ἀλήθειανό
786 655 882 689 Σωτὴρ
895 654 945 680 οὐκ

147 700 257 727 ἔπειθεν
273 700 406 735 εὐσεϐεῖν,
427 701 572 736 παρεστὼς
587 700 732 736 ἀπεκρύὸη
750 701 798 728 καὶ
812 700 944 734 φαινόμε-

147 755 193 778 νος
207 747 257 773 οὐκ
271 747 400 775 meum
421 749 442 782 ‘,
457 748 502 775 τνα
516 749 548 775 ἐκ
564 748 614 783 τῆς
628 747 756 783 τοιαύτης
774 746 857 774 αὐτοῦ
875 746 943 773 θαυ-

148 794 317 829 ματουργίας
329 793 430 829 ἑλκύσῃ
450 794 520 829 πρὸς
535 794 734 828 συγκατάθεσιν
748 792 795 819 τοῦ
821 793 861 819 ὅτι
894 792 942 819 καὶ

145 838 213 870 Θεὸς
229 839 377 875 ἐτύγχανεν
392 841 407 866 ό
422 840 460 875 μὴ
473 834 654 875 βλεπόμενος,
666 839 712 866 καὶ
729 839 780 866 οὐκ
792 839 872 870 ἄλλος
883 837 942 865 ἀλλ’

737 180 1003 215 BIBLIOTHECA.
1018 193 1054 198 —
1069 179 1151 212 COD.
1167 181 1315 212 CCLXXI.

1739 187 1792 221 218

1164 240 1290 274 Eiusdem
1304 240 1331 268 in
1345 250 1441 270 meum
1457 252 1474 270 a
1491 245 1639 274 nativitate.

1036 288 1098 316 Ilch
1119 288 1191 314 oculi
1204 288 1357 320 enarratio,
1374 295 1400 316 et
1411 291 1526 325 species,
1543 300 1604 327 quae
1620 293 1719 323 divina
1732 296 1790 324 cle-

998 335 1106 362 mentite
1120 335 1233 362 lormam
1251 335 1386 367 ostendit,
1402 344 1527 372 magnam
1545 337 1711 366 vicinitatem
1727 349 1788 368 cum

998 381 1202 415 pulchritudine
1220 382 1318 414 habet,
1337 383 1400 417 quia
1427 391 1481 409 non
1500 384 1569 411 alius
1590 389 1618 412 et
1633 385 1719 418 alius,
1742 388 1789 414 sed

998 427 1068 454 idem
1094 433 1202 455 creator
1223 429 1364 464 utriusque
1384 430 1574 463 explicationis
1589 435 1640 458 est.
1659 431 1723 460 Pius
1737 433 1788 460 hoc

997 471 1058 499 loco
1071 473 1214 501 manifeste
1228 478 1270 501 est
1284 475 1416 509 :equalem
1434 475 1586 510 praedicans
1602 476 1676 504 Patri
1700 482 1727 505 et
1743 485 1790 506 co-

996 524 1127 546 aeternum
1145 519 1255 548 Filium.
1272 520 1456 554 Quamobrem
1469 522 1587 549 Arianus
1610 531 1664 550 non
1682 523 1727 555 sit,
1742 525 1788 559 qui

998 566 1208 600 explicationem
1227 567 1320 602 ﬁgurze
1332 568 1476 595 verborum
1494 569 1632 604 elegantia:
1647 571 1786 604 subjiciat.

995 612 1064 638 (lum
1081 611 1206 639 Salvator
1218 614 1359 640 veritatem
1374 613 1473 642 Judaeis
1488 615 1644 649 euuntians,
1658 617 1786 651 pietatem

995 665 1047 683 non
1061 659 1216 691 persuasit,
1240 666 1361 693 prmsens
1381 661 1535 688 occultatus
1560 666 1637 694 erat,
1664 668 1691 689 et
1705 670 1787 696 appa-

995 709 1059 730 rens
1077 710 1132 730 non
1148 703 1291 731 videbatur
1304 723 1311 736 ,
1336 709 1364 731 ut
1386 705 1429 732 his
1451 706 1589 734 miraculis
1607 707 1725 734 traheret
1739 707 1786 734 Ju-

995 747 1069 775 daeos
1091 753 1122 775 ut
1143 749 1326 777 concederent
1345 750 1421 778 illum
1442 751 1526 778 Deum
1555 760 1616 779 esse
1644 761 1705 780 cum
1731 761 1785 780 non

993 793 1132 821 videretur
1144 814 1151 827 ,
1178 798 1205 821 et
1220 803 1273 822 non
1290 792 1372 822 alium
1388 817 1395 829 ,
1422 797 1468 824 scd
1490 805 1551 824 eum
1572 798 1618 833 qui
1635 806 1696 826 cum
1713 799 1786 826 Mosc

996 847 1131 874 apparens
1144 841 1252 869 loculus
1266 847 1317 869 est.
1333 841 1482 869 Videbatur
1496 843 1567 870 enim
1586 849 1652 872 tunc
1669 845 1738 880 ignis
1758 851 1785 872 et

144 886 159 911 6
189 885 258 921 πρὸς
284 885 406 921 Μωῦσῆν
429 887 440 901 ²
463 885 553 912 λαλῶν
593 886 641 912 καὶ
670 885 708 921 μὴ
731 886 742 902 ⁸
768 885 931 919 φαινόμενος

996 886 1082 913 rubus
1097 906 1105 919 ,
1130 891 1158 914 et
1174 894 1227 914 non
1251 887 1443 926 loquebantur.
1462 894 1649 916 verumtamen
1667 899 1717 917 vox
1733 899 1784 918 au-

151 931 273 967 Ἐωρᾶτο
292 931 347 968 γὰρ
375 933 421 959 καὶ
449 933 509 959 τότε
528 931 583 967 πῦρ
600 932 647 958 καὶ
675 931 773 966 βάτος,
797 931 940 966 ἀμφότερα

143 978 260 1011 ἇρωνα·
287 978 346 1006 ἀλλ’
369 979 444 1014 ὅμως
469 980 516 1006 καὶ
543 980 619 1014 φωνὴ
644 978 759 1013 ἠκούετο
785 977 832 1004 καὶ
860 977 939 1010 λόγος

143 1024 272 1051 ἐπαίδευε
306 1025 354 1052 καὶ
383 1024 513 1059 ἀσφαλῶς
539 1025 570 1051 τὸ
594 1024 691 1060 μέλλον
721 1024 936 1059 προηγορεύετο.

143 1071 201 1098 Καὶ
214 1072 266 1106 χρὴ
282 1071 346 1103 τοὺς
365 1071 428 1098 νοῦν
444 1071 557 1106 ἔχοντας
577 1072 609 1098 ὲκ
635 1071 684 1106 τῆς
707 1070 869 1104 συγγενείας
883 1069 937 1096 τῶν

141 1117 316 1151 πραγμάτων
328 1117 461 1153 γνωρίσαι
487 1117 518 1143 τὸ
543 1117 701 1152 πρόσωπον.
721 1116 896 1151 Θεασάμενος
907 1115 937 1142 δὲ

141 1163 190 1189 τὸν
211 1163 312 1197 τυφλὸν
326 1163 340 1189 6
355 1163 451 1199 Σωτὴρ
466 1163 543 1198 ἔστη,
559 1163 606 1190 καὶ
623 1163 692 1198 πρὸς
710 1163 760 1198 τὴν
788 1161 937 1197 θεραπείαν

139 1209 251 1244 ἕτοιμος
265 1207 310 1245 ἦν,
325 1209 474 1246 θεραπείαν
487 1210 659 1245 ἀνθρωπίνης
673 1210 768 1242 σοφίας
783 1209 830 1235 καὶ
840 1208 937 1243 τέχνης

140 1255 296 1289 κρείττονα.
305 1255 424 1291 Ἰατρικὴ
437 1255 485 1291 μὲν
497 1255 551 1290 γὰρ
563 1256 611 1281 καὶ
621 1256 635 1281 6
647 1255 707 1281 κατ’
718 1254 802 1290 αὑτὴν
812 1253 872 1290 [8⁸21
888 1252 935 1289 Η.]

140 1301 221 1335 λόγος
233 1301 347 1333 ἐκείνοις
365 1302 419 1328 τῶν
440 1303 603 1337 νοσημάτων
627 1301 767 1328 ἐπιϐάλλει
793 1301 843 1335 τὴν
869 1299 937 1326 θεω-

142 1347 216 1382 ρίαν,
229 1348 279 1374 δσα
296 1348 345 1382 τῆς
363 1347 471 1382 φύσεως
486 1348 679 1382 ἀπαρτισάσης
696 1347 728 1373 τὺ
749 1346 820 1379 ζῶον
835 1346 882 1373 καὶ
896 1347 937 1378 είς

138 1393 201 1427 φῶς
230 1393 446 1429 προαγαγούσης
472 1394 579 1430 χρόνοις
619 1393 733 1428 ὕστερον
762 1393 834 1419 κατά
859 1400 934 1423 τινας

137 1440 318 1475 περιστάσεις
334 1439 550 1476 Ιὲπισυμῦαίνει,
568 1440 618 1476 τῆς
638 1439 667 1466 δὲ
691 1439 882 1474 συντεχθείσης
897 1438 936 1474 τῷ

139 1484 250 1520 σώματι
273 1485 365 1522 λὼὃης
383 1486 433 1513 οὐκ
460 1486 658 1520 ἐπαγγέλλεται
690 1484 850 1520 θεραπείαν,
879 1482 935 1510 ἀλλ’

133 1532 199 1558 οὐδὲ
210 1532 319 1559 πάντων
342 1532 437 1559 παθῶν
452 1533 507 1558 τῶν
520 1533 559 1564 είς
572 1532 685 1567 ὕστερον
707 1531 910 1566 συμϐαινόντων
925 1538 933 1546 ⁸

133 1577 201 1604 οὔτε
224 1579 278 1614 γὰρ
292 1578 566 1614 ἠκρωτηριασμένας
577 1578 588 1594 δ
606 1579 674 1614 μέλη
697 1577 863 1611 ἀνεσώσατο,
875 1578 930 1605 οὒτ’

133 1624 202 1651 ἄλλο
218 1624 444 1660 τιπαραπλήσιον
461 1625 624 1659 θεραπεύειν
641 1626 809 1659 ἀναδέχεται.
833 1626 932 1661 Διόπερ

133 1670 161 1696 οἱ
189 1669 311 1704 μαθηταὶ
321 1669 352 1696 τὸ
371 1670 456 1702 πάθος
476 1671 699 1706 κατελεήσαντες,
721 1672 769 1697 καὶ
787 1671 932 1706 βλέποντες

132 1715 280 1751 ἄνθρωπον
294 1716 343 1751 τῆς
357 1716 503 1752 καλλίστης
518 1716 614 1751 ἡδονῆς
627 1716 674 1743 τοῦ
696 1717 784 1751 φωτὸς
801 1717 838 1753 μὴ
865 1726 930 1752 γευ-

133 1760 265 1796 σάμενον,
279 1761 328 1795 τὴν
344 1761 435 1788 αἰτίαν
450 1761 641 1789 ἐπυνθάνοντο.
664 1762 733 1788 Ἀλλ’
753 1763 803 1789 οὐκ
820 1764 932 1799 ἐπιστη-

133 1807 227 1841 μόνως
253 1807 392 1842 προσῆγον
414 1808 463 1843 τὴν
480 1807 615 1843 ἐρώτησιν
630 1817 636 1823 ·
656 1807 718 1834 οὕτε.
739 1808 793 1843 γὰρ
808 1808 840 1835 ἂν
861 1809 931 1844 ὑπὲρ

131 1851 189 1879 τῶν
204 1853 349 1888 πατέρων,
372 1853 479 1884 οὐδενὸς
501 1852 538 1880 ὢν
562 1853 665 1889 ἔνοχος,
682 1855 696 1880 6
712 1856 778 1886 παῖς
793 1855 931 1890 κατεγνώ-

132 1899 197 1933 σθη,
209 1898 272 1925 οὔτε
287 1899 341 1934 μὴν
351 1899 423 1926 ἰδίων
436 1900 681 1935 πλημμελημάτων
695 1901 709 1926 6
728 1902 811 1936 μήπω
830 1902 929 1937 προελ-

132 1944 188 1972 θὼν
203 1946 245 1977 είς
266 1946 313 1972 τὸν
334 1946 392 1981 βίον
413 1947 526 1973 ἀπέτισε
543 1947 633 1979 δίκας.
654 1948 690 1974 Τὸ
705 1949 802 1980 πάθος,
818 1949 900 1984 φησὶν
916 1950 930 1976 6

130 1991 262 2027 Χριστὸς,
276 1991 323 2018 τοῦ
339 1991 441 2026 τυφλοῦ
456 1992 505 2028 οὐχ
520 1993 727 2028 ἁμαρτημάτων
740 1994 814 2020 ἐστὶν
827 1994 930 2021 ἀντίδος

131 2045 185 2069 σις,
213 2037 272 2064 ἀλλ’
301 2038 444 2073 ὲτοιμασία
473 2038 624 2074 μελλούσης
644 2040 801 2074 οἰκονομίας
815 2039 884 2067 ἄλλα
901 2051 929 2068 τε

129 2083 364 2119 δια-πραττούσης,
382 2085 429 2111 καὶ
452 2086 526 2116 ὅπως
543 2086 557 2111 ὸ
582 2085 702 2120 Κτίστης
716 2085 769 2112 τῶν
781 2086 848 2112 ὅλων
861 2094 912 2120 μετ

128 2129 180 2165 τὴν
197 2129 313 2165 πρώτην
327 2129 437 2165 ποίησιν
454 2130 521 2166 εὕρῃ
537 2132 584 2157 καὶ
599 2131 646 2158 νῦν
658 2130 706 2158 τοῦ
720 2132 731 2148 ⁸
751 2131 928 2166 δημιουργεῖ-ι

129 2175 271 2211 ἀφορμὰς,
288 2176 321 2203 ὲκ
331 2175 359 2202 δὲ
378 2176 432 2203 τῶν
448 2177 569 2212 μερικῶν
582 2178 627 2204 καὶ
641 2177 675 2204 τὰ
694 2177 810 2204 καθόλου
827 2175 929 2204 πιστώ-

993 931 1120 958 diebatur
1134 953 1141 965 ,
1167 938 1194 959 et
1213 933 1326 960 verbum
1348 934 1475 960 monebat
1489 954 1496 966 ,
1523 939 1550 961 et
1573 935 1665 962 futura
1689 944 1785 964 secure

993 977 1192 1005 denuntiabat:
1221 983 1248 1005 et
1273 983 1381 1013 oportet
1398 979 1521 1007 homines
1544 985 1634 1008 mente
1657 982 1784 1016 prarditos

990 1031 1024 1051 ex
1047 1022 1098 1050 hac
1122 1031 1212 1050 rerum
1241 1024 1397 1059 cognitione
1411 1024 1506 1052 faciem
1523 1033 1697 1060 cognoscere.
1724 1026 1784 1054 Sal.

990 1073 1071 1098 valor
1098 1078 1163 1097 vero
1192 1070 1288 1098 videns
1313 1077 1413 1097 caecum
1433 1071 1518 1102 stetit,
1534 1075 1560 1097 et
1579 1071 1611 1098 ad
1630 1072 1782 1099 sanandum

989 1119 1102 1150 paratus
1126 1115 1177 1142 fuit
1199 1119 1258 1142 arte
1281 1115 1372 1143 divina
1392 1123 1474 1150 supra
1498 1117 1638 1144 hominum
1658 1123 1780 1152 captum.

991 1161 1124 1189 Medicina
1144 1162 1216 1188 enim
1234 1165 1261 1189 et
1277 1169 1367 1189 sermo
1380 1181 1387 1194 ,
1402 1162 1436 1189 de
1449 1162 1544 1189 eadem
1566 1163 1623 1198 ipsa
1646 1172 1673 1191 re
1692 1165 1782 1192 consiv

992 1202 1163 1235 derationem
1185 1207 1344 1235 morborum
1362 1208 1417 1235 illis
1438 1210 1580 1243 proponit,
1600 1211 1646 1244 qui
1671 1211 1781 1243 morbi,

994 1257 1140 1289 postquam
1157 1259 1255 1282 natura
1275 1253 1370 1281 fastum
1388 1253 1562 1287 formaverit,
1588 1255 1615 1283 in
1639 1256 1782 1291 lucemque

991 1300 1170 1335 produxerit,
1198 1307 1265 1327 casu
1285 1299 1376 1334 aliquo
1398 1300 1507 1327 evenire
1531 1300 1643 1334 solent,
1665 1301 1711 1328 sed
1734 1301 1780 1336 qui

992 1347 1101 1382 corpori
1116 1347 1304 1375 adnascuntur
1320 1345 1388 1372 naevi
1402 1365 1409 1378 ,
1437 1352 1530 1373 eorum
1547 1346 1709 1374 medicinam
1726 1354 1779 1374 non

989 1393 1131 1426 ostendit,
1153 1401 1241 1428 neque
1255 1400 1378 1420 omnium
1392 1393 1437 1428 qui
1457 1397 1517 1427 post
1537 1393 1705 1427 contingunt.
1726 1392 1780 1421 Ne-

990 1447 1044 1475 que
1067 1439 1139 1467 enim
1164 1438 1281 1466 mutilati
1300 1439 1424 1473 corporis
1451 1438 1573 1465 membra
1599 1442 1698 1471 sanat,
1729 1446 1781 1466 nec

991 1486 1065 1514 aliud
1085 1486 1151 1521 quid
1166 1485 1256 1513 simile
1266 1486 1419 1513 curandum
1433 1485 1558 1519 suscipit.
1579 1484 1668 1517 Quare
1700 1485 1782 1512 disci-

989 1532 1045 1567 puli
1067 1531 1307 1559 commiseratione
1329 1531 1414 1564 moti,
1439 1535 1466 1558 et
1491 1530 1615 1557 videntes
1640 1530 1778 1557 hominem

988 1578 1171 1616 pulcherrima
1187 1577 1286 1614 504a
1306 1578 1368 1605 luce
1380 1585 1435 1604 non
1460 1576 1624 1612 perfruitum
1636 1597 1644 1609 ,
1665 1585 1778 1604 causam

985 1633 1127 1662 rogarunt,
1142 1635 1192 1654 nec
1208 1626 1354 1661 prudenter
1368 1625 1581 1659 interrogarunt.
1596 1623 1688 1658 Neque
1703 1624 1775 1650 enim

985 1681 1033 1709 pro
1050 1673 1174 1709 patribus
1193 1672 1296 1700 nullius
1314 1671 1400 1705 culpat
1414 1678 1478 1697 reus
1492 1669 1564 1696 lilius
1578 1669 1777 1696 condemnatus

984 1724 1026 1748 est
1037 1741 1045 1752 ,
1060 1727 1111 1747 nec
1124 1726 1237 1747 suorum
1250 1721 1424 1754 peccatorum
1436 1736 1443 1749 ,
1458 1716 1618 1751 priusquam
1643 1715 1669 1741 in
1687 1715 1775 1741 lucem

984 1767 1099 1803 prodeat
1113 1786 1121 1799 ,
1140 1772 1236 1801 pmnas
1249 1764 1333 1792 dedit.
1351 1763 1465 1791 Caecitas
1476 1781 1486 1796 ,
1513 1762 1550 1790 ait
1561 1761 1704 1794 Christus,
1720 1769 1777 1789 non

984 1818 1095 1848 propter
1114 1815 1224 1846 peccata
1246 1809 1362 1842 accidit,
1386 1809 1433 1836 sed
1460 1807 1624 1843 praeparatio
1645 1812 1687 1835 est
1709 1806 1777 1834 alte-

983 1859 1041 1886 rius
1057 1857 1272 1893 dispensationis
1293 1857 1348 1884 alio
1374 1855 1531 1888 tendentis.
1558 1859 1641 1889 utque
1663 1853 1778 1881 Creator

983 1905 1174 1932 universorum
1198 1908 1261 1939 post
1278 1903 1394 1938 primam
1408 1901 1579 1929 creationem
1604 1900 1728 1927 inveniat
1749 1904 1777 1927 et

979 1950 1035 1984 iam
1054 1949 1228 1976 occasionem
1244 1948 1375 1980 creandi,
1401 1951 1483 1982 atque
1504 1946 1620 1981 singulis
1644 1945 1775 1973 universa

982 1992 1137 2021 conﬁrmet.
1156 1992 1264 2019 Partem
1278 1991 1415 2024 hominis,
1443 1995 1470 2018 et
1494 1995 1598 2025 partem
1622 1988 1777 2024 pulcherri-

982 2047 1056 2068 mam
1078 2046 1133 2066 non
1150 2038 1213 2066 fecit
1230 2038 1311 2070 alius,
1335 2037 1388 2064 nisi
1403 2037 1450 2072 qui
1470 2036 1553 2071 primi
1573 2035 1643 2062 initii
1668 2035 1776 2070 generis

980 2086 1149 2114 creationem
1164 2083 1371 2112 demonstravit.
1393 2083 1421 2110 ln
1445 2083 1527 2110 oculo
1541 2081 1633 2117 exigui
1647 2080 1775 2110 membri.

980 2137 1008 2160 et
1021 2133 1109 2168 partis
1122 2131 1380 2165 circumscriptione
1394 2149 1401 2162 ,
1418 2129 1633 2164 omnipotentem
1657 2128 1776 2154 variam-

981 2187 1034 2215 que
1048 2178 1095 2207 Dei
1108 2178 1271 2214 sapientiam
1285 2177 1347 2204 licct
1360 2176 1462 2207 videre,
1480 2176 1506 2202 in
1521 2183 1575 2210 qua
1588 2178 1691 2201 tantum
1708 2174 1776 2200 artis

129 2230 223 2257 σηται.
262 2221 418 2256 ’Δνθρώπου
442 2223 536 2258 μέρος,
554 2223 600 2250 καὶ
616 2223 700 2258 μέρος
715 2223 744 2250 τὸ
769 2223 922 2255 κάλλιστον,

988 2226 1143 2255 tstenditur.
1171 2224 1294 2251 Primum
1312 2223 1421 2260 quidem
1441 2225 1571 2249 venustas
1589 2220 1712 2255 quaedam
1737 2219 1775 2246 illi

127 2270 179 2296 οὐκ
208 2269 242 2296 ἂν
267 2269 395 2305 ἐποίησεν
420 2270 514 2301 ἄλλος,
547 2271 571 2296 εἰ
589 2271 624 2305 μή
651 2279 683 2304 γε
705 2271 719 2296 ὁ
734 2270 784 2305 τῆς
813 2270 923 2306 πρώτης

127 2316 219 2351 ἀρχῆς
234 2315 282 2343 τοῦ
310 2316 407 2350 γένους
426 2315 476 2352 τὴν
491 2316 671 2351 δημιουργίαν
692 2316 923 2351 ἐπιδεδειγμένος.

133 2362 178 2388 Ἐν
199 2361 232 2398 δὴ
253 2361 294 2396 τῷ
316 2361 448 2397 ὀφθαλμῷ
471 2361 569 2398 μικροῦ
598 2362 608 2377 ⁸
637 2361 732 2397 μορίου
758 2361 804 2388 καὶ
827 2361 926 2397 μέλους

128 2409 292 2443 τεριγραφῇ
305 2407 356 2442 τὴν
371 2407 575 2442 παντοδύναμον
590 2407 636 2435 καὶ
649 2407 776 2442 ποικίλην
787 2407 833 2434 τοῦ
856 2407 924 2433 Θεοῦ

127 2454 227 2487 σοφίαν
252 2455 311 2480 ἐστι
344 2454 521 2489 κατόψεσθαι,
549 2455 685 2490 τοσαύτην
717 2453 924 2488 ἐπιδειξαμένου

125 2499 177 2534 τὴν
193 2499 354 2535 φιλοτιμίαν
369 2501 417 2535 τῆς
433 2501 541 2536 τέχνης.
570 2501 681 2536 Πρῶτον
701 2500 750 2535 μὲν
769 2499 824 2534 γὰρ
851 2499 926 2534 αὑτῴ

126 2545 210 2579 χάρις
223 2554 263 2576 τις
279 2545 451 2580 ἐπικέχυται,
470 2546 517 2573 καὶ
543 2545 617 2573 ἔστιν
639 2545 819 2577 ἁπαλώτατός
832 2555 861 2573 τε
879 2547 926 2574 καὶ

125 2591 260 2626 ἄσαρκος,
277 2592 316 2622 ὡς
327 2591 360 2618 ἂν
374 2591 445 2618 εἴποι
461 2601 513 2624 τις,
529 2593 559 2619 ὲν
576 2592 615 2628 τῷ
627 2592 757 2627 τρυφερῷ
774 2591 805 2618 τὸ
816 2593 926 2628 στερεὸν

125 2635 198 2670 ἔχων
227 2635 276 2662 καὶ
309 2637 338 2662 ὲν
363 2636 402 2671 τῷ
432 2637 546 2672 μαλακῷ
570 2637 600 2664 τδ
632 2638 848 2673 διατεταμένον·
882 2649 897 2666 γ

125 2681 268 2713 ποικίλαις
290 2682 443 2717 διήνθισται
463 2684 524 2715 ταῖς
548 2684 654 2718 χρόαις.
689 2684 725 2710 Τὺ
744 2683 810 2718 γοῦν
840 2685 891 2719 pa’:

125 2727 211 2754 αὑτοῦ
223 2728 274 2762 τὴν
291 2721 469 2764 περιγραφῆν
482 2729 538 2764 ἔχει
552 2730 599 2756 τοῦ
613 2730 740 2765 μέλανος,
758 2731 806 2757 καὶ
822 2730 924 2764 ταύτην

977 2271 1064 2299 indita
1078 2291 1086 2303 ,
1098 2277 1124 2298 et
1137 2269 1317 2298 mollissimus
1334 2272 1393 2302 est,
1407 2273 1434 2295 et
1449 2267 1507 2294 sine
1523 2273 1626 2294 carne:
1651 2269 1678 2293 et
1695 2269 1725 2292 ut
1738 2265 1774 2292 ita

977 2317 1078 2347 dicam.
1093 2316 1121 2342 in
1135 2315 1254 2343 delicato
1270 2315 1393 2342 membro
1409 2312 1532 2340 soliditas
1547 2316 1600 2345 est,
1616 2315 1644 2338 et
1658 2311 1686 2338 in
1700 2311 1773 2338 molli

977 2364 1046 2391 ordo
1061 2363 1145 2390 variis
1159 2362 1297 2390 coloribus
1309 2359 1485 2394 distinguitur
1501 2378 1508 2385 .
1520 2357 1608 2385 Media
1623 2357 1695 2385 enim
1714 2364 1776 2391 pars

978 2411 1054 2445 nigra
1068 2415 1109 2437 est
1122 2430 1130 2442 ,
1149 2414 1174 2437 et
1187 2409 1231 2436 illa
1245 2416 1299 2436 non
1314 2411 1369 2435 tota
1386 2406 1467 2433 unius
1485 2404 1605 2440 speciei,
1622 2403 1670 2431 sed
1689 2401 1775 2430 variis

978 2455 1090 2484 circulis
1112 2454 1241 2489 colligata
1263 2457 1315 2480 est.
1338 2451 1456 2479 Medium
1480 2451 1569 2484 ipsum
1596 2452 1623 2476 et
1649 2452 1773 2475 centrum

978 2501 1147 2537 profundum
1180 2505 1244 2533 est,
1279 2499 1399 2526 ambitus
1433 2496 1605 2524 extrinsecus
1629 2494 1732 2522 desinit
1746 2493 1774 2520 in

978 2550 1096 2578 colorem
1133 2549 1233 2575 ilavum
1272 2553 1305 2574 ex
1340 2548 1426 2580 parte.
1458 2543 1538 2570 Hunc
1568 2547 1646 2569 extra
1677 2540 1774 2567 albedo

978 2595 1121 2631 splendida
1134 2599 1161 2621 et
1175 2593 1265 2622 lucida
1283 2591 1386 2624 ambit,
1407 2599 1462 2618 non
1477 2590 1562 2618 solam
1580 2587 1684 2616 habens
1698 2587 1772 2614 albe-

980 2641 1069 2668 tlinem
1083 2659 1090 2672 ,
1110 2639 1157 2667 sed
1173 2639 1200 2665 in
1227 2639 1312 2665 vitrea
1333 2637 1451 2672 quadam
1466 2657 1473 2667 ,
1496 2634 1669 2668 radiantique
1686 2632 1773 2659 ferina

977 2687 1089 2714 factam.
1116 2685 1230 2713 Bubedo
1254 2684 1287 2712 ad
1316 2683 1446 2719 pupillam
1469 2682 1558 2717 jacet,
1583 2684 1613 2707 ut
1637 2677 1771 2713 nigredini

980 2738 1150 2762 venustatem
1165 2733 1288 2760 adderet.
1308 2731 1409 2758 Adlucc
1429 2729 1497 2756 adeo
1518 2725 1670 2762 pellucidus
1687 2729 1728 2751 est
1745 2727 1772 2750 et

778 2803 896 2832 VARUE
925 2804 1129 2834 LEGTIONES.

164 2862 186 2901 )3
203 2861 352 2901 ίρτδνίίω·
368 2862 413 2901 τξν
424 2863 520 2901 ,αὖτῦν-
562 2864 568 2880 ¹
587 2864 736 2892 ἐὸλάπτετο
752 2873 791 2900 pl.
808 2867 838 2893 Α.
879 2868 888 2882 ¹
900 2866 1002 2901 Μωσῆν
1019 2874 1048 2898 ς.
1089 2865 1099 2881 ³
1122 2863 1158 2900 μὴ
1170 2863 1232 2891 add.
1248 2864 1279 2891 A.
1319 2857 1614 2896 δήκρωτηριασμένονς
1628 2855 1658 2883 Β.
1696 2855 1707 2871 ⁵
1723 2853 1770 2881 τοῦ

127 2897 191 2926 add.
214 2897 246 2924 Δ.
286 2899 295 2911 ⁸
312 2898 400 2934 μικρᾷ
416 2897 436 2923 Λ
