1959 3081
203 163 258 196 919

786 159 919 192 PHOTH
933 158 1188 190 PATRIARCIUE
1208 161 1262 192 ΟΡ.

1789 169 1842 202 220

202 222 288 249 laevus
305 220 332 247 in
348 218 540 254 splssitudine,
559 222 590 246 ut
612 225 704 245 rerum
722 218 873 246 vicinarum
891 217 997 244 formas

1050 216 1078 243 οὒ
1093 216 1180 244 διόλου
1194 217 1318 254 μονοειδῆ
1332 219 1399 246 ἀλλὰ
1421 220 1553 253 ποικίλοις
1564 221 1621 248 τισὶ
1649 221 1761 256 κύκλοις
1778 233 1843 252 συν-

203 266 352 301 suscipiat,
366 270 393 292 et
405 269 535 299 tanquam
548 265 688 300 speculum
704 264 841 299 quoddam
856 264 994 299 egregium

203 313 378 341 characteres
399 314 575 346 reprtesentet
597 320 603 338 :
630 315 657 338 et
675 310 771 337 circuli
792 310 914 337 medium
935 310 996 337 ideo

204 359 287 394 κόρη,
304 359 357 390 hoc
370 362 411 385 est
426 357 527 392 pupilla
542 361 666 388 vocatur,
683 357 745 392 quia
760 364 868 391 semper
879 355 994 383 formam

202 413 237 432 ex
257 405 372 432 adverso
402 403 504 430 videnti
522 403 669 430 humanam
704 402 834 429 ostendit.
865 402 996 429 Homines

203 451 275 479 enim
294 455 389 478 mutuo
413 458 443 478 se
466 449 663 484 inspicientes,
689 453 783 476 mutua
808 447 860 475 sibi
886 449 996 483 specula

204 499 282 526 fiunt.
295 498 387 532 Quare
409 497 507 525 oculus
529 497 556 524 in
579 497 714 525 creaturis
731 496 912 524 admiratione
931 503 997 523 sane

204 543 304 578 dignus
318 548 369 570 est.
383 542 432 570 llic
447 547 474 570 et
489 543 574 570 Deum
588 543 653 569 mihi
667 543 870 576 interpretatur.
887 548 995 568 onmem

205 596 373 625 cognoscens
398 594 574 619 creaturam.
598 594 624 616 et
651 596 699 624 per
722 589 808 624 ipsam
836 587 996 615 Creatorem

203 634 337 668 ostendit‘,
353 638 381 662 et
394 642 409 662 e
421 634 576 662 visibilibus
594 634 692 661 anima:
706 633 854 661 invisibilia
868 633 997 668 explicat.

203 682 256 710 Per
275 682 348 709 hunc
365 689 427 708 eum
444 681 496 708 alia
517 680 603 708 multa
626 680 745 707 intellexi
762 700 770 712 ,
792 684 848 707 tum
874 679 996 707 colorum

203 727 363 755 varietatem
386 731 413 754 et
439 725 537 762 5046
563 726 736 754 tenebrarum
757 726 900 760 caliginem
915 745 924 758 ,
939 729 996 753 tum

203 774 324 808 denique
334 773 404 800 lucis
417 773 601 808 splendorem.
616 772 694 805 Quod
708 772 730 800 si
740 771 837 799 oculus
848 779 902 799 non
913 775 996 803 esset,

204 821 266 848 sine
284 823 352 847 teste
365 823 490 846 creatura
510 822 683 850 senesceret,
701 818 811 845 nemine
825 817 934 844 vidente
950 816 997 844 Dei

206 865 369 900 sapientiam
383 884 390 896 ,
412 869 439 891 et
452 864 578 891 virtutem
602 862 628 890 in
649 863 694 890 illa
716 866 863 890 servatam.
883 861 997 896 Propter

205 909 258 936 hoc
273 908 355 943 igitur
371 908 562 935 admirandum
579 907 722 935 oculorum
738 907 896 942 opificium,
913 907 995 934 etiam

203 962 293 986 nunc,
311 962 360 989 pro
377 962 405 981 re
427 959 490 981 nata
502 974 509 985 ,
527 954 603 981 visus
619 959 661 981 est
675 954 835 986 restitutus,
854 959 883 981 ut
895 954 997 989 cogita-

205 1001 294 1027 tiones
308 1007 404 1035 parum
415 999 542 1027 decentes
551 999 583 1027 de
593 999 749 1035 Unigenito,
761 1007 830 1035 quas
842 1000 922 1027 nobis
932 1007 997 1028 caro

204 1045 384 1081 ingeneravit,
392 1046 574 1080 repellamus:
588 1050 616 1073 et
631 1046 818 1081 magnitudine
829 1053 924 1073 eorum
936 1053 998 1081 quae

204 1091 276 1120 facta
291 1097 364 1126 sunt,
380 1092 464 1119 animi
477 1092 611 1127 ahjectam
623 1099 732 1121 omnem
744 1100 777 1120 ac
789 1093 869 1120 vilem
888 1093 997 1128 opinio-

205 1147 267 1167 nem
280 1139 459 1174 deponentcs,
475 1146 674 1174 cognoscamus
691 1139 773 1167 fictile
784 1147 816 1167 ac
832 1140 934 1168 luteum
949 1147 998 1168 vas

204 1187 316 1213 beatum
338 1186 449 1218 lumen,
477 1193 510 1214 ac
532 1186 684 1214 divinitatis
706 1186 880 1222 splendorem
904 1194 999 1214 susce-

205 1231 291 1267 pisse,
307 1231 381 1258 unde
400 1231 446 1258 lux
462 1231 559 1263 nobis,
579 1235 708 1266 tanquam
726 1239 742 1259 e
761 1231 892 1265 lucernis,
910 1232 999 1260 admi-

205 1277 348 1304 nistretur.
364 1276 497 1304 Dominus
512 1283 576 1304 vero
592 1284 665 1304 nunc
681 1277 844 1304 medicinam
862 1276 927 1305 facit
944 1284 998 1305 non

206 1322 295 1351 solum
308 1323 407 1356 verbo,
427 1329 458 1350 ut
476 1323 543 1350 alias
558 1323 659 1357 passim
675 1342 682 1355 ,
705 1322 752 1351 sed
768 1328 795 1351 et
810 1330 858 1350 ore
870 1343 877 1355 ,
892 1331 974 1351 manu
990 1343 998 1357 ,

205 1369 314 1404 aliaque
327 1369 510 1404 providentia,
525 1375 553 1397 ut
567 1378 616 1405 per
629 1371 764 1406 plurimas
781 1379 824 1399 res
840 1372 919 1399 tidem
936 1372 999 1400 inli-

205 1415 315 1443 tlelibus
330 1415 446 1443 inderet.
468 1415 547 1450 Spuit
559 1437 566 1449 ,
581 1421 608 1443 et
623 1417 710 1444 lutum
727 1416 790 1444 facit
803 1438 811 1451 ,
827 1422 900 1445 terra
916 1417 1000 1446 simul

207 1467 295 1493 usus,
323 1465 349 1487 nt
377 1460 449 1487 unde
469 1464 555 1488 totum
579 1461 680 1488 animal
700 1462 735 1489 ab
754 1462 832 1490 initio
855 1463 999 1496 condidit,

205 1505 270 1532 inde
289 1509 315 1532 et
333 1509 425 1540 partes
444 1505 502 1540 ejus
524 1506 645 1542 singulas
669 1507 755 1536 factas
772 1515 833 1536 esse
852 1509 999 1542 ostendat;

1047 262 1205 298 δεδεμένην,
1231 263 1280 290 τοῦ
1301 265 1416 300 κέντρου
1449 265 1498 300 μὲν
1511 266 1594 294 αὑτοῦ
1626 268 1674 295 καλ⁸
1708 269 1791 304 μέσου
1813 271 1844 298 τὸ

1048 307 1197 344 βαθύτερον
1211 308 1329 344 ἔχοντος,
1344 311 1393 345 τῆς
1405 310 1434 337 δὲ
1449 311 1575 347 ἐξωτέρω
1587 315 1764 350 περιφερείας
1775 318 1844 352 πρὸς

1046 353 1098 389 τὴν
1114 353 1279 390 ξανθοτέραν
1290 356 1301 372 ⁷
1321 356 1393 382 κατὰ
1411 357 1494 392 μέρος
1517 358 1711 396 ἀποληγούσης
1741 361 1841 397 βαφήν.

1049 402 1160 437 Ταύτην
1188 403 1289 436 ἔξωθεν
1324 404 1461 431 τὸλευκδν
1489 406 1685 441 περιϐέϐληται
1715 407 1841 434 στιλπνὸν

1048 448 1096 474 καὶ
1113 447 1235 482 διαυγὲς,
1254 448 1305 475 οὐκ
1330 448 1451 484 ἄκρατον
1463 449 1525 484 ἕχον
1539 450 1588 485 τὴν
1607 451 1770 486 λευκότητα,
1782 452 1840 479 ἀλλ’

1048 494 1077 520 ἐν
1097 491 1317 528 κρυσταλλοειδεῖ
1337 503 1391 521 τινι
1414 495 1462 522 καὶ
1489 496 1672 533 διαυγαζούσῃ
1694 496 1704 512 ⁵
1725 506 1843 526 πεποιω-

1049 539 1123 575 μένῳ
1136 539 1146 555 ⁸
1162 540 1195 574 τῇ
1203 541 1295 575 μορφῇ
1303 540 1334 566 τὸ
1347 541 1463 576 ἐρυθρὸν
1477 543 1566 569 κεῖται.
1591 543 1658 578 περὶ
1670 543 1720 578 τὴν
1746 544 1841 580 κόρην,

1049 585 1094 613 ἵνα
1106 585 1146 621 τῷ
1163 586 1253 621 λευκῷ
1279 587 1300 602 ²⁰
1326 587 1374 613 καὶ⁸
1391 587 1430 622 τῷ
1447 587 1543 622 μέλανι
1559 589 1667 625 κεράσῃ
1683 589 1732 625 τὴν
1748 590 1838 625 χάριν.

1054 631 1116 657 Ἐπὶ
1143 630 1250 662 τούτοις
1262 631 1349 663 οὕτως
1384 631 1443 658 ἐστὶ
1455 632 1570 668 διαυγὴς
1604 634 1652 660 καὶ
1661 634 1732 666 λεῖος
1755 635 1783 661 ἐν
1808 637 1840 671 τῇ

1049 676 1198 711 πυκνότητι
1213 676 1284 703 ὥστε
1295 677 1401 709 καὶτὰς
1417 677 1471 705 τῶν
1484 678 1648 712 ἐγγιζόντων
1660 679 1841 707 εἰδωλοποιεῖν

1050 723 1157 758 μορφὰς
1178 723 1224 750 καὶ
1243 723 1326 750 οἱονεὶ
1342 723 1496 760 κάτοπτρον
1519 724 1633 760 ἀκριϐὲς
1660 726 1842 753 ἐντυποῦσθαι

1051 770 1115 801 τοὺς
1127 769 1319 806 χαρακτῆρας.
1350 769 1405 796 Καὶ
1424 770 1454 796 τὸ
1485 770 1566 805 μέσον
1593 770 1640 798 τοῦ
1672 771 1774 798 κύκλου
1798 771 1842 799 διὰ

1049 814 1129 842 τοῦτο
1155 815 1377 851 προσηγόρευται
1396 815 1474 850 κόρη.
1493 815 1532 848 ὡς
1549 816 1592 843 ἀεὶ
1608 816 1657 852 τὴν
1671 817 1780 852 μορφὴν
1804 817 1843 852 τῷ

1050 862 1110 888 κατ’
1135 861 1249 896 ἀντικρὺ
1279 861 1404 896 βλέποντι
1428 861 1627 897 παραδεικνύον
1653 863 1841 898 ἀνθρωπίνηνο

1048 908 1088 939 είς
1110 907 1240 942 ἀλλήλους
1257 907 1323 942 γοῦν
1338 907 1364 934 οἱ
1389 906 1529 943 ἅνθρωποι
1550 907 1696 943 βλέποντες
1719 909 1844 944 ἀλλήλων

1048 954 1169 989 γίνονται
1181 954 1333 989 κάτοπτρα.
1358 953 1441 990 [1505
1454 954 1500 990 R.]
1517 955 1662 990 Θαύματος
1671 955 1719 982 οὖν
1737 957 1755 972 ¹¹
1769 956 1844 989 ἄξιος

1050 1001 1145 1032 ἐντοῖς
1173 1000 1320 1036 κτίσμασιν
1332 1000 1346 1026 6
1361 1000 1513 1036 ὀφθαλμός.
1544 998 1629 1033 Οὗτος
1652 1002 1700 1029 καὶ
1710 1002 1775 1030 Θεόν
1796 1011 1842 1038 μοι

1048 1048 1232 1084 διερμηνεύει,
1260 1047 1351 1074 πᾶσαν
1371 1046 1588 1081 καταμανθάνων
1614 1047 1664 1084 τὴν
1688 1048 1776 1075 κτίσιν
1795 1049 1843 1076 καὶ

1048 1096 1081 1123 δι’
1093 1096 1178 1131 αὐτῆς
1192 1095 1238 1122 τὸν
1252 1094 1377 1130 τεχνίτην
1401 1093 1556 1125 ἐπιδεικνὺς
1570 1094 1617 1120 καὶ
1632 1095 1664 1120 ὲκ
1691 1094 1746 1121 τῶν
1772 1095 1843 1130 69w—

1051 1143 1139 1178 μένων
1151 1141 1312 1177 ἑρμηνεύων
1326 1141 1358 1176 τῇ
1382 1139 1456 1175 ψυχῇ
1471 1140 1506 1167 τὰ
1533 1140 1649 1174 ἀόρατα.
1670 1139 1719 1166 Διά
1748 1139 1844 1166 τοῦτον

1035 1188 1116 1216 Δἄλλα
1135 1196 1165 1214 τε
1184 1188 1233 1222 τῆς
1254 1186 1368 1218 κτίσεως
1384 1185 1496 1220 ἔμαθον,
1528 1184 1577 1212 καὶ
1605 1185 1758 1220 χρωμάτων
1783 1193 1844 1212 ποι-

1049 1235 1128 1271 κίλην
1143 1234 1232 1269 βαφὴν
1247 1233 1360 1264 σκότους
1386 1240 1417 1258 τε
1443 1231 1594 1266 κατήφειαν
1611 1230 1659 1257 καὶ
1672 1230 1761 1266 φωτὸς
1775 1230 1844 1266 λαμ-

1050 1281 1163 1316 πηδόνα.
1183 1278 1247 1316 [822
1264 1277 1311 1314 H.]
1331 1278 1375 1309 Ὠς
1392 1277 1418 1304 εἴ
1436 1285 1468 1311 γε
1486 1276 1624 1312 ὀφθαλμὸς
1648 1276 1686 1312 μὴ
1714 1277 1736 1292 ¹¹
1752 1276 1844 1312 ὑπῆρ-

1050 1335 1108 1363 χεν,
1124 1325 1283 1362 ἀμάρτυρος
1302 1323 1336 1351 ἂν
1352 1323 1369 1358 ἡ
1386 1322 1474 1354 κτίσις
1501 1323 1646 1357 ἐγήρασεν,
1662 1322 1768 1353 οὐδενὸς
1777 1321 1844 1348 καθ-

1050 1373 1168 1408 ορῶν-τος
1184 1371 1234 1407 τὴν
1248 1371 1278 1398 ὲν
1290 1370 1359 1405 αὐτῇ
1371 1369 1530 1404 σωζομένην
1539 1368 1586 1395 τοῦ
1599 1368 1667 1395 Θεοῦ
1684 1368 1780 1403 σοφίαν
1796 1367 1844 1395 καὶ

1049 1419 1174 1453 δύναμιν.
1200 1417 1250 1444 Διὰ
1272 1416 1376 1451 ταύτην
1400 1415 1490 1442 τοίνυν
1520 1415 1570 1450 τὴν
1607 1414 1767 1450 θαυμαστὴν
1789 1414 1845 1441 τῶν

1050 1465 1139 1500 δψεων
1165 1461 1340 1498 κατασκευὴν
1368 1460 1506 1496 ὀφθαλμοὶ
1536 1460 1585 1487 καὶ
1607 1459 1655 1487 νῦν
1677 1459 1845 1495 ἐκτίσθησαν

1051 1509 1230 1544 αὐτοσχέδιοι,
1246 1509 1290 1535 ἵνα
1303 1507 1353 1539 τὰς
1368 1507 1570 1542 μικροπρεπεῖς
1579 1506 1683 1537 ἑννοίας
1692 1505 1741 1537 τὰς
1752 1505 1783 1532 ὲκ
1795 1505 1846 1540 τῆς

205 1550 291 1578 saliva
316 1551 519 1581 demonstrans.
536 1552 637 1580 virtute
659 1553 716 1580 oris
731 1553 791 1588 ejus
814 1561 863 1589 per
886 1554 997 1581 verbum

1052 1555 1153 1591 σαρκὸς
1167 1553 1345 1588 ἐγγινομένας
1358 1553 1425 1587 ἡμῖν
1446 1560 1479 1578 πε
1485 1552 1510 1586 pi.
1518 1551 1565 1578 τοῦ
1591 1551 1762 1584 Μονογενοῦς
1776 1551 1847 1578 ἀπο-

206 1597 298 1624 omnia
315 1604 375 1625 esse
392 1596 463 1624 facta
481 1606 488 1624 :
518 1597 599 1624 Verbo
613 1599 683 1625 enim
700 1598 807 1626 Domini
824 1599 882 1626 caeli
896 1601 998 1635 ﬁrmati

204 1641 282 1668 sumi
299 1662 306 1675 ,
323 1647 376 1669 etc.
407 1642 436 1670 Si
449 1649 514 1670 vero
533 1647 562 1670 et
576 1643 628 1670 hoc
643 1644 714 1671 scire
730 1644 808 1677 libet,
825 1648 856 1671 ut
870 1645 999 1672 detestari

206 1688 356 1717 assuefacit
378 1696 446 1721 eos,
468 1689 514 1724 qni
538 1689 614 1717 illum
628 1690 710 1724 paulo
728 1695 790 1725 post
808 1691 897 1725 sputis
912 1691 1000 1719 foeda-

207 1734 277 1761 liunt
300 1741 307 1760 :
331 1734 382 1762 etsi
407 1733 576 1762 furiosorum
603 1735 717 1763 audacia
738 1736 826 1771 major
851 1736 902 1764 fuit
925 1738 1001 1765 omni

205 1780 377 1815 providentia
391 1800 398 1813 ,
418 1785 445 1808 et
459 1782 639 1809 correctione.
655 1782 729 1810 Siloe
743 1783 859 1810 salutem
879 1788 999 1812 nostram

208 1833 258 1860 per
280 1833 366 1860 aquas
388 1827 519 1860 inchoat,
545 1835 628 1863 quam
649 1828 723 1857 Siloe
740 1829 859 1857 emissus
871 1830 1001 1859 omnibus

207 1871 333 1906 largitur.
348 1871 426 1900 Tunc
437 1873 509 1900 enim
523 1881 587 1901 vere
601 1874 725 1902 videmus
735 1895 743 1908 ,
763 1875 872 1911 quando
887 1876 1001 1912 mystica

210 1916 376 1944 inundamur
389 1925 470 1953 aqua.
487 1917 559 1946 Nihil
577 1920 698 1954 ingratos
714 1920 823 1949 Iudaeos
843 1921 875 1949 ad
900 1922 1001 1949 intelli-

209 1963 328 1996 gendum
341 1964 442 1998 traxit,
461 1972 512 1992 non
529 1965 655 1998 verbum.
672 1974 726 1994 non
742 1975 836 2002 opera,
848 1975 902 1996 non
920 1969 1002 1996 mira-

207 2009 282 2041 cula,
301 2009 349 2036 sed
362 2011 444 2037 etiam
459 2010 515 2038 liazc
529 2011 587 2045 ipsa
603 2019 665 2046 qua:
677 2012 710 2040 ad
727 2013 841 2040 salutem
857 2021 904 2041 eos
920 2021 1002 2041 voca-

206 2053 285 2086 bant,
300 2055 427 2083 omnibus
442 2056 531 2084 modis
548 2057 698 2085 obscurare
716 2058 873 2086 nitebantur
883 2079 892 2093 ,
909 2060 960 2088 etsi
975 2060 1002 2087 in

207 2100 378 2127 contrarium
395 2100 456 2130 illos
483 2103 587 2130 malitia
602 2103 761 2138 impelleret.
776 2104 912 2138 Quantum
929 2105 1002 2132 enim

206 2151 264 2172 non
293 2145 453 2179 credidere,
476 2151 504 2174 et
522 2147 718 2182 interrogando
747 2149 883 2178 invertere
911 2151 1004 2178 omnia

206 2191 296 2218 conati
310 2196 384 2224 sunt,
397 2195 473 2220 tanto
485 2193 571 2228 magis
583 2195 684 2222 veritas
697 2194 812 2223 invaluit
825 2196 912 2231 prima
932 2197 1004 2232 ipso-

1051 1600 1171 1636 θώμεθα,
1182 1599 1229 1625 καὶ
1255 1599 1289 1634 τῇ
1319 1596 1507 1633 μεγαλουργίᾳ
1535 1595 1590 1622 τῶν
1618 1596 1768 1631 γινομένων
1796 1596 1847 1630 τῆς

1050 1645 1139 1681 ψυχῆς
1165 1645 1257 1671 πᾶσαν
1280 1642 1457 1674 ἐκϐάλλοντες
1483 1641 1616 1677 ταπεινὴν
1646 1641 1782 1677 ὑπόληψιν
1799 1642 1848 1669 καὶ¹

1051 1689 1222 1727 χαμαίζηλον
1240 1688 1419 1724 γνωρίσωμεν
1441 1687 1482 1714 ὅτι
1510 1687 1542 1714 τὺ
1564 1687 1701 1723 μακάριον
1725 1687 1783 1722 φῶς
1799 1688 1849 1714 καὶ

1052 1737 1151 1768 κάλλος
1178 1735 1228 1770 τῆς
1247 1735 1374 1770 θεότητος
1400 1734 1560 1769 ὀστράκινον
1591 1733 1689 1764 σκεῦος
1726 1733 1848 1766 ἐδέξατο,

1051 1781 1192 1810 διακονοῦν
1212 1782 1278 1817 ἡμῖν
1300 1780 1373 1807 κατὰ
1394 1780 1458 1811 τοὺς
1469 1779 1585 1815 λύχνους
1605 1780 1655 1815 τὴν
1670 1779 1846 1816 λαμπηδόνα.

1051 1829 1204 1865 Αὐτουργεῖ
1217 1828 1246 1854 δὲ
1262 1827 1310 1862 τὴν
1326 1825 1474 1862 θεραπείαν
1490 1826 1504 1852 ὁ
1519 1824 1622 1861 Κύριος
1640 1825 1688 1852 νῦν
1716 1825 1748 1852 οὺ
1775 1825 1849 1861 λόγῳ

1055 1875 1146 1911 μόνον,
1159 1873 1253 1909 ὥσπερ
1277 1871 1395 1908 ἀλλαχοῦ
1418 1870 1563 1906 πολλαχοῦ,
1586 1870 1655 1898 ἀλλὰ
1670 1871 1718 1898 καὶ
1734 1871 1849 1906 στόματι

1051 1921 1100 1949 καὶ
1111 1920 1183 1956 χειρὶ
1198 1920 1246 1946 καὶ
1259 1918 1325 1953 ἄλλῃ
1342 1917 1466 1953 προνοίᾳ,
1483 1917 1526 1943 ἵνα
1539 1917 1583 1944 διὰ
1594 1917 1700 1944 πολλῶν
1715 1918 1849 1952 πραγμά-

1052 1975 1107 1993 των
1120 1965 1170 2001 τὴν
1185 1965 1277 1991 πίστιν
1293 1964 1349 1995 τοῖς
1359 1963 1484 1994 ἀπίστοις
1501 1962 1695 1998 ἐνεργάσηται.
1723 1963 1806 1989 Πτύει
1820 1963 1850 1990 δὲ

1053 2013 1100 2040 καὶ
1115 2012 1200 2047 πηλὸν
1220 2011 1295 2038 ποιεῖ
1309 2011 1342 2046 τῇ
1364 2009 1413 2044 μὲν
1429 2011 1465 2045 γῇ
1480 2008 1683 2044 συγχρώμενος,
1702 2009 1736 2034 ἶν’
1749 2008 1811 2035 ὅθεν
1819 2009 1850 2035 τὸ

1053 2059 1114 2086 ὅλον
1128 2058 1189 2085 κατ’
1202 2057 1288 2093 ἀρχὰς
1302 2055 1425 2090 ἐπλάσθη
1446 2054 1525 2088 ζῶον,
1547 2055 1596 2082 καὶ
1617 2054 1648 2081 τὸ
1675 2055 1757 2090 μέρος
1773 2054 1851 2091 δείξῃ

1054 2104 1248 2139 πλαττόμενον,
1264 2102 1349 2138 σιάλῳ
1362 2101 1391 2128 δὲ
1408 2100 1546 2136 παριστῶν
1562 2100 1599 2131 ὡς
1618 2101 1651 2136 τῇ
1672 2100 1786 2135 δυνάμει
1802 2100 1850 2126 τοῦ

1055 2151 1187 2185 στόματος
1198 2148 1280 2176 αὑτοῦ
1292 2149 1306 2174 ὁ
1317 2147 1395 2182 λόγος
1407 2147 1496 2174 πάντα
1507 2145 1672 2181 κατώρθωσε
1686 2155 1693 2161 θ
1714 2145 1756 2179 Τῷ
1768 2147 1857 2182 λόγῳ

1054 2197 1108 2233 γὰρ
1122 2196 1231 2230 Κυρίου
1254 2196 1282 2222 οι
1304 2194 1427 2229 οὐρανοὶ
1442 2192 1685 2227 ἐστερεώθησαν,
1705 2193 1753 2219 καὶ
1773 2193 1848 2228 ἑξῆς.

206 2244 269 2264 rum
286 2238 431 2266 curiositas
448 2259 456 2272 ,
482 2246 516 2266 an
538 2240 582 2267 hic
607 2246 680 2268 esset
696 2241 742 2269 ille
758 2250 862 2275 emt-us;
880 2244 998 2271 secunda

1053 2242 1084 2270 Εἰ
1109 2242 1138 2269 δὲ
1150 2242 1197 2268 καὶ
1224 2240 1304 2267 τοῦτο
1330 2239 1446 2267 συνιδεῖν
1469 2239 1581 2271 ἐθέλοις,
1606 2238 1640 2265 ἵν’
1674 2238 1850 2265 εὐλαϐεῖσθαι

206 2289 241 2308 an
259 2290 274 2310 a
293 2284 434 2312 nativitate
455 2291 555 2318 caretis;
570 2285 688 2314 fuisset?
713 2287 752 2316 Ac
777 2293 890 2316 sanatus
912 2297 1001 2317 cmcus

207 2328 378 2357 Salvatorem
404 2336 498 2366 aperta
514 2340 580 2360 voce
597 2334 726 2368 praedicat
741 2354 748 2367 ,
768 2341 795 2362 et
808 2335 1002 2362 remuneratio-

205 2375 250 2402 nis
266 2375 325 2403 loco
341 2375 542 2405 confessionem
557 2378 642 2406 dedit.
665 2379 872 2408 lncredulorum
889 2385 999 2416 patrum

205 2420 312 2448 similes
329 2420 387 2448 (iiii.
401 2421 509 2450 Etenim
525 2429 653 2458 parentes
666 2425 747 2453 etiam
770 2434 786 2454 e
813 2426 884 2454 bello
903 2433 1001 2462 praeter

205 2473 282 2501 spem
314 2468 556 2500 servabantur,et
586 2471 663 2498 danti
690 2471 805 2499 salutem
834 2479 888 2500 non
903 2473 999 2500 crede-

205 2512 274 2540 bant
294 2521 301 2539 :
321 2514 514 2542 nutricbantur
543 2516 614 2544 cibis
633 2522 759 2545 naturam
780 2517 976 2551 superantibus
989 2540 997 2552 ,

205 2557 304 2594 5050
333 2564 359 2587 et
381 2560 467 2595 magis
490 2561 587 2598 ingrati
614 2567 692 2591 erant
725 2571 807 2598 quam
831 2564 996 2593 esurientes.

206 2605 253 2633 Sic
273 2605 396 2634 htercdes
426 2613 454 2635 et
481 2615 529 2637 vos
548 2613 656 2644 patrum
686 2610 911 2644 ingratitudinis,
934 2611 997 2646 qui-

204 2651 257 2679 lius
282 2657 325 2680 est
347 2660 417 2688 opus
439 2655 625 2690 correptione,
641 2663 694 2684 non
710 2655 793 2690 virga:
820 2664 931 2689 nucem,
949 2657 996 2685 sed

203 2697 311 2727 ferreae.

240 2750 247 2769 ι
268 2745 339 2773 Psal.
357 2753 443 2779 xxxii,
455 2746 482 2774 6.

1051 2287 1251 2324 παρασκευάσῃ
1279 2287 1342 2318 τοὺς
1370 2286 1517 2321 μέλλοντας
1542 2286 1641 2321 μικρὸν
1658 2285 1772 2320 ὕστερον
1793 2287 1851 2317 τοῖς

1050 2335 1207 2370 πτύσμασιν
1234 2333 1316 2360 αὐτὸν
1333 2332 1454 2368 ὑϐρίζειν
1468 2331 1500 2365 ’³,
1520 2332 1545 2358 εί
1562 2332 1608 2358 καὶ
1623 2331 1654 2357 τὸ
1673 2331 1728 2357 τῶν
1754 2340 1850 2366 μαινο-

1051 2380 1139 2416 μένων
1159 2379 1260 2416 θράσος
1293 2378 1385 2414 μεϊζον
1409 2375 1443 2413 ἦν
1471 2377 1518 2404 καὶ
1542 2376 1670 2412 προνοίας
1695 2377 1787 2412 πάσης
1802 2377 1851 2403 καὶ

1049 2426 1229 2462 διορθώσεως.
1254 2424 1284 2452 '0
1301 2424 1330 2451 δὲ
1355 2423 1467 2458 Σιλωὰμ
1488 2422 1538 2458 τὴν
1565 2422 1598 2449 δι’
1622 2422 1718 2455 ὓδατος
1743 2424 1811 2458 ἡμῖν
1827 2424 1850 2439 ’⁸

1055 2472 1193 2507 σωτηρίαν
1206 2469 1424 2507 προοιμιάζεται,
1443 2469 1476 2505 ἢν
1498 2469 1581 2495 πᾶσιν
1603 2469 1623 2484 ¹¹
1640 2469 1654 2494 ὁ
1674 2468 1850 2503 ἀπεσταλμέ-

1052 2527 1096 2550 νοι,
1113 2517 1224 2552 Σιλωὰμ
1241 2516 1387 2552 ἐχαρίσατο
1403 2523 1409 2532 ·
1423 2515 1485 2541 τότε
1508 2514 1562 2550 γὰρ
1573 2514 1611 2546 ὡς
1624 2513 1733 2549 άληθῶς
1748 2513 1850 2549 βλέπο-

1054 2572 1113 2600 μεν,
1141 2563 1206 2589 ὃταν
1230 2561 1268 2597 τῷ
1291 2559 1415 2597 μυστικῷ
1431 2559 1623 2596 ξκαθαρθῶμεν
1647 2558 1734 2586 ὕδατι.
1765 2559 1850 2586 Οὐδὲν

1051 2610 1114 2641 τοὺς
1139 2607 1302 2643 ἀγνώμονας
1329 2606 1378 2632 καὶ
1405 2605 1569 2642 ἀχαρίστους
1604 2604 1747 2638 Ἰουδαίους
1780 2603 1851 2641 ἦγεν

1049 2657 1090 2687 εἰς
1104 2654 1287 2689 συναίσθησιν,
1312 2653 1342 2679 οὐ
1371 2651 1459 2686 λόγος,
1487 2651 1518 2678 οὗ
1539 2651 1648 2687 πρᾶξις,
1675 2651 1706 2677 οὐ
1724 2651 1851 2687 θαυματ-

1048 2701 1220 2737 ουργήματα.
1235 2698 1315 2726 Ἀλλὰ
1331 2697 1377 2725 καὶ
1399 2696 1470 2724 αὐτὰ
1501 2696 1588 2724 ταῦτα
1601 2697 1636 2724 τὰ
1646 2697 1667 2713 ¹⁶
1678 2697 1745 2732 πρὸς
1760 2706 1850 2734 σωτη-

854 2781 976 2809 ἻΑΒΙΛΕ
1001 2779 1206 2810 LECTIONES.

241 2827 339 2866 :xatt't
362 2828 444 2866 μέρος
458 2827 621 2866 ξανθοτέραςδ
635 2838 668 2866 ςἶ
682 2863 687 2866 _
699 2829 710 2845 ⁸
725 2829 885 2866 αύγσζούσῃ
901 2839 931 2862 ς.
968 2831 980 2846 ⁸
995 2830 1179 2866 πεποιημένον
1195 2839 1225 2862 ς.

1280 2830 1301 2847 ¹⁰
1314 2829 1353 2865 τῷ
1369 2829 1457 2864 λευκῷ
1469 2829 1516 2865 καὶ
1530 2829 1592 2857 add.
1609 2828 1642 2865 ΑΔ.
1672 2863 1677 2865 _
1696 2827 1718 2843 “
1737 2835 1785 2855 ουν
1803 2828 1849 2865 Ατ

206 2861 273 2897 γοῦν
285 2871 316 2895 ς.
359 2859 380 2881 ε’
394 2859 469 2899 Met
483 2863 554 2892 infra
569 2859 616 2891 τοῦ
637 2859 699 2892 add.
717 2864 749 2891 Δ.
768 2859 943 2901 ἰδ’ῡϐρὶζέιν
954 2865 1033 2892 αὑτὸν
1121 2866 1143 2882 ι’·
1157 2859 1221 2901 ἐμέν
1236 2875 1262 2898 ς,
1306 2859 1431 2901 ⁸¹¹ῖτᾶσι”ι]
1443 2859 1528 2892 ’πάλιν
1541 2865 1574 2892 Α.
1614 2863 1635 2880 ¹⁶
1651 2863 1685 2891 τὰ
1695 2870 1750 2891 om.
1769 2871 1798 2900 p.
1813 2863 1849 2890 Δ.
