1959 3081
135 139 186 172 221
678 149 942 185 BIBLIOTHECA.
959 165 993 170 -
1008 153 1091 185 COD.
1121 154 1269 186 CCLXXI.
1724 156 1778 188 222

137 202 198 254 ρίαν
211 203 424 254 παρακαλοιῑντα
435 204 533 254 αὐτοὺς
547 207 631 235 πᾶσιν
660 208 822 246 ἐπεχείρουν
832 212 942 248 τρόποις
961 213 1122 249 ἀφανίζειν,
1137 217 1162 242 εί
1186 216 1208 232 ¹⁷
1224 216 1271 242 καὶ
1302 215 1371 253 πρὸς
1395 216 1551 244 τούναντίον
1583 217 1675 250 αὐτοῖς
1699 227 1773 254 περι-

136 248 324 300 ιτράπετοέη
342 251 369 300 -ή
396 252 566 287 κακουργία·
591 254 646 289 ὅσῳ
667 256 722 292 γὰρ
737 257 869 292 ἠπίστουν
894 259 942 286 καὶ
970 261 1198 297 προσερωτῶντες
1227 262 1391 298 ἀνατρέπειν
1409 263 1585 296 ἐσπούδαζον,
1616 265 1736 300 τοσούτῳ
1753 266 1776 285 ¹ν

137 295 218 346 πλέον
229 295 386 346 έδεδξιοῧξο
416 298 432 332 ἢ
460 299 583 346 ίξιλῖήθειςιι.
618 301 716 338 Πρώτη
735 304 826 336 αὐτοῖς
853 295 1104 343 πολυπραγμοσόνη
1119 328 1126 341 ,
1147 307 1172 335 εἰ
1190 309 1270 340 αὐτὸς
1294 295 1371 341 οὗτός
1396 310 1470 336 ἔστιν
1491 312 1505 337 ὁ
1519 311 1629 345 τυφλὸς,
1650 295 1775 346 δευτέρα,

138 340 206 392 ὲκ
222 342 337 392 γενετῆς
361 340 395 378 ἦν
411 343 522 378 τυφλός.
542 345 597 372 Καὶ
629 347 644 371 6
674 347 759 380 ἰαθεὶς
790 349 836 376 τὲν
855 340 970 387 Σωτῆρα
990 340 1066 386 ἐϐόα,
1090 340 1136 380 καὶ
1159 355 1192 390 τῇ
1218 355 1348 390 ὁμολογίᾳ
1362 340 1424 390 γτὴν
1453 355 1532 391 χάριν
1560 340 1701 383 ’ἀντεδίδου

138 388 247 439 “few?
261 388 405 439 :‘Pffnm‘f
421 392 547 427 πατέρων
564 393 652 427 ὅμοιοι
676 395 779 427 παῖδες-
798 397 854 423 Καὶ
877 399 931 434 γὰρ
950 400 997 426 καὶ
1011 400 1037 427 οἱ
1067 388 1193 433 τεκόντες
1209 388 1242 429 ἐκ
1259 388 1383 438 πολέμων
1398 388 1530 435 έσώξοντο
1555 405 1620 439 παρ’
1652 388 1775 439 ἐλπίδας,

138 436 184 485 καὶ
199 436 241 471 τῷ
258 436 368 485 διδόντι.
376 437 427 472 τὴν
451 440 587 475 σωτηρίαν
620 441 764 476 ἠπίστουν.
789 442 951 478 Ἐτρέιροντο
970 447 1084 481 τροφαῖς
1099 436 1391 484 ὑπερϐαινούσαιςτὴν
1410 449 1501 482 φύσιν,
1518 449 1566 476 καὶ
1597 436 1654 477 τῶν
1677 436 1776 485 λιμωτί

136 483 238 532 τόντων
260 482 343 510 πλέον
353 481 424 519 ἦσαν
447 484 599 519 ἀχάριστοι.
616 487 721 518 Ὄντως
744 487 907 523 κληρονόμοι
927 489 974 517 καὶ
990 491 1069 525 ὑμεῖς
1087 492 1136 527 τῆς
1154 481 1221 520 γτῶν
1237 481 1375 529 πατέρων
1388 481 1592 530 ἀγνωμοσύνης,
1619 497 1649 523 οὐ
1675 481 1774 532 ῥάϐδου

136 531 270 566 καρυῖνης
292 531 454 558 ἐπιστασίαν
467 532 534 559 ἀλλά
549 533 662 568 σιδηρᾶς
685 533 843 570 χρῄζοντες.

139 588 197 615 Τοῦ
211 589 306 616 αὐτοῦ
321 589 344 605 ¹⁰
365 591 409 623 είς
432 591 486 634 τὼς
516 591 639 631 ’ζάειρον
665 594 714 620 καὶ
747 594 804 629 τὴν
830 597 926 632 αίμοῤ-

982 594 1109 630 Ejusdem
1126 596 1152 623 in
1164 595 1272 624 Jairum
1283 616 1290 629 ,
1304 602 1335 634 et
1347 598 1482 625 mulierem
1493 599 1630 633 sanguinis
1643 601 1774 634 proﬂuvio

463 626 610 659 ρωοῦσαν.

174 670 341 703 Δυσάγωγον
353 671 384 697 τὸ
405 671 460 698 τῶν
485 672 637 707 ἀνθρώπων
661 674 739 708 γένος
759 677 799 708 είς
815 677 928 714 ἀρετὴν,

135 714 175 746 ὡς
189 715 271 748 ἔοικε,
287 716 336 743 καί⁸
346 717 433 751 μικρά
443 718 585 752 φροντίζον
596 719 645 754 τῆς
656 720 688 746 ἐκ
701 720 788 755 λόγων
801 722 929 750 διδασκα-

135 761 206 792 λίας.
217 761 268 788 Διά
281 762 361 789 τοῦτο
373 763 420 789 καὶ
434 763 447 789 ὁ
459 764 554 800 Σωτὴρ
564 767 739 798 συγκαταϐὰς
752 769 809 800 τοῖς
823 769 930 805 ἀνθρώ-

136 815 200 838 ποις
214 807 297 842 μέχρι
314 808 362 842 τῆς
377 808 477 844 θνητῆς
491 810 537 836 καὶ
552 811 687 846 ὲπικήρου
700 813 810 847 σαρκὸς,
824 814 862 846 ὡς
875 812 928 842 εἶδε

134 854 199 884 τοὺς
224 853 370 886 Ἰουδαίους
383 855 451 890 πρὸς
468 856 532 887 τοὺς
545 855 641 890 λόγους
661 859 846 893 κωφεύοντας,
865 869 929 895 μετ-

138 898 253 932 ετάξατο
275 901 344 935 πρὸς
355 901 388 927 τὰ
399 902 561 936 πράγματα,
575 903 622 929 καὶ
634 903 783 938 θεραπείαν
797 906 927 934 συνάπτει

136 946 272 982 θεραπείᾳ
287 948 335 974 καὶ
362 947 454 982 Θαῦμα
480 948 612 984 θαύματι,
631 949 713 986 [1508
737 951 785 988 1L]
813 954 860 980 xui.
878 954 927 989 τὴν

133 992 340 1030 ἀπιστουμένην
351 993 416 1030 [825
429 994 476 1032 IL]
487 995 604 1032 θεότητα
613 1000 645 1033 τῇ
654 998 738 1034 πείρᾳ
750 998 805 1026 τῶν
819 1000 927 1035 εὐεργε-

133 1039 202 1067 σιῶν
217 1041 356 1076 ἐπεχείρει
371 1041 487 1077 βεὸαίαν
505 1044 653 1079 παριστᾷν.

168 1086 217 1118 Είς
242 1086 328 1113 δεινὸν
355 1087 384 1114 δὲ
406 1088 445 1124 τῷ
470 1089 491 1104 ¹¹
512 1089 652 1126 ἀνθρώπῳ
679 1092 868 1127 περιειστήκει
895 1093 925 1120 τὸ

132 1132 262 1167 πρᾶγμα,
283 1132 417 1169 θυγάτηρ,
437 1135 485 1161 καὶ
512 1135 590 1171 μόνη,
616 1136 666 1171 τῆς
684 1137 774 1169 οἰκίας
796 1137 923 1174 ἔρεισμα,

131 1177 180 1205 τοῦ
208 1178 303 1214 γένους
319 1179 440 1216 διαδοχὴ,
469 1181 605 1216 μέλλουσα
630 1183 760 1218 φέρεσθαι
790 1184 844 1220 πρὸ
870 1185 924 1212 τῶν

132 1223 265 1260 θαλάμων
279 1225 320 1257 εἰς
339 1225 470 1261 ἐκφορὰν,
486 1227 539 1262 πρὸ
553 1227 604 1262 τῆς
618 1228 754 1260 παστάδος
770 1229 810 1261 είς
825 1229 921 1264 τάφον.

131 1269 206 1305 Γυνή
236 1277 278 1302 τις
295 1269 446 1297 ἀσθενοῦσα
468 1261 596 1305 χαλεπῶς
619 1272 664 1299 διὰ
679 1272 785 1307 φλεόῶν
800 1261 924 1307 ἀταξίαν,
942 1261 964 1288 Β

131 1316 182 1342 καὶ
199 1316 291 1342 πᾶσαν
307 1316 357 1351 τὴν
373 1316 493 1351 ζωτικὴν
509 1317 576 1352 ὕλην
609 1318 763 1351 κενώσασα,
782 1319 830 1346 καὶ
842 1319 929 1346 δαπα-

132 1362 250 1397 νηθετσα
274 1363 366 1389 λοιπὸν
381 1364 413 1390 ἐκ
430 1363 480 1399 μὲν
492 1363 542 1399 τῆς
554 1364 697 1398 τηκεδόνος
710 1365 741 1391 τὸ
761 1365 851 1400 σῶμα,
872 1368 928 1398 τοῖς

133 1407 238 1442 ἰατροῖς
251 1407 279 1434 δὲ
292 1408 341 1443 τὴν
348 1408 480 1444 εὐπορίαν
490 1429 497 1441 ,
514 1408 579 1443 μίαν
589 1407 658 1436 εἶδεν
673 1411 701 1436 ἐν
713 1410 928 1444 ὰπὸροιςὲλπίδα

131 1454 302 1488 προσπεσεῖν
324 1453 363 1489 τῷ
387 1455 495 1490 Κυρίῳ.
517 1455 546 1481 '0
570 1455 598 1482 δὲ
615 1455 718 1491 Κύριος
733 1455 788 1482 τῶν
812 1455 928 1490 ἀφώνων

131 1500 235 1535 ἢκουσε
251 1500 302 1535 τῆς
319 1500 451 1534 γυναικὸς
466 1500 615 1536 λογισμῶν,
630 1501 676 1528 καὶ
692 1501 802 1527 σιωπῶν
818 1502 928 1528 σιωπῶ-

131 1553 184 1572 σαν
198 1545 303 1578 ἰάσατο,
321 1545 416 1581 ἐπειδὴ
434 1545 481 1573 τοῦ
508 1547 665 1582 κρασπέδου
685 1547 857 1582 προσήψατο.
872 1548 927 1575 Καὶ

130 1591 148 1626 ἡ
170 1591 221 1626 μὲν
237 1591 345 1626 ἐνόμιζε
363 1591 527 1625 κεκλοφέναι
545 1591 594 1627 τὴν
610 1592 723 1628 δωρεὰν,
741 1593 755 1619 6
774 1593 802 1619 δὲ
817 1593 926 1629 ὲκλάπη

129 1637 182 1673 τὴν
193 1636 285 1672 χάριν.
302 1637 356 1663 Καὶ
367 1637 436 1668 τέως
456 1637 505 1672 μὲν
518 1637 569 1664 οὐκ
581 1637 692 1664 ἐκλαλεῖ
704 1639 754 1673 τὴν
766 1639 925 1674 θεραπείαν,

130 1682 248 1718 ὕστερον
269 1683 297 1709 δὲ
320 1683 485 1718 δημοσιεύει.
505 1686 534 1710 οὐ
564 1683 711 1718 φιλοδοξῶν
738 1684 857 1718 (ἄπαγε’
875 1685 926 1712 ποῦ

130 1729 187 1763 γὰρ
207 1728 432 1764 θαυματουργίας
462 1729 570 1764 πρόεισι
596 1729 732 1763 φιλοδοξία
742 1729 760 1765 ;)
786 1729 854 1757 ἀλλά
879 1731 927 1757 καὶ

130 1775 182 1810 τῆς
212 1775 343 1809 γυναικὸς
369 1775 419 1811 τὴν
436 1776 485 1811 τῆς
515 1776 634 1807 πίστεως
663 1777 746 1802 πᾶσιν
773 1776 927 1808 ἐπιδεικνὺς

131 1821 298 1856 εὐκαρπίαν,
316 1822 431 1848 καὶτῶν
452 1822 595 1857 παρόντων
609 1822 673 1854 τοὺς
688 1822 737 1858 μὲν
751 1822 792 1854 είς
807 1822 927 1857 θεογνω-

132 1867 196 1895 σὶιιν
207 1867 394 1903 ἐπιστρέφων,
407 1867 460 1893 τῶν
474 1867 503 1894 δὲ
528 1868 576 1903 τὴν
587 1868 719 1894 ἀπόνοιαν
736 1868 785 1894 καὶ
811 1867 855 1895 διὰ
871 1868 926 1895 τῶν

130 1914 222 1949 ἔργων
235 1914 283 1940 καὶ
300 1913 343 1940 διὰ
357 1913 415 1940 τῶν
433 1913 521 1948 λόγων
545 1913 722 1948 στηλιτεύων.
741 1911 828 1946 Εἶδον,
846 1913 925 1950 φησὶ,

130 1961 182 1996 τὴν
199 1960 314 1987 ὄπισθεν
336 1959 496 1995 ἀψαμένην·
523 1961 554 1986 οὐ
577 1961 631 1995 γάρ
657 1969 701 1995 μοι
725 1961 805 1996 μόνος
831 1961 845 1986 6
866 1961 926 1992 ταῖς

130 2006 250 2042 ὀφρύσιν
267 2006 407 2042 ὀφθαλμὸς
423 2006 632 2041 ὑποκαθήμενος
650 2007 696 2032 καὶ
712 2007 767 2037 τοῖς
779 2005 926 2041 βλεφάροις

131 2052 315 2087 σκεπόμενος,
333 2052 402 2079 ἀλλά
418 2053 463 2078 καὶ
477 2052 571 2087 ἕτερος
586 2053 600 2078 ὁ
611 2052 664 2086 γῆν
678 2051 746 2087 ὁμοῦ
762 2050 811 2078 καὶ
825 2050 926 2077 θάλατ-

130 2106 180 2125 ταν
198 2098 222 2114 ⁸³
238 2098 398 2124 ἐποπτεύων
412 2098 460 2124 καὶ
474 2097 564 2124 κτίσιν
577 2098 625 2132 τὴν
638 2096 796 2131 σύμπασαν.
812 2096 879 2132 Σιγῇ
895 2095 925 2122 δὲ

131 2143 276 2178 πρόσεισιν
295 2143 312 2177 ἡ
333 2143 402 2178 γυνὴ
424 2142 458 2169 δι’
485 2142 642 2175 εὐλάὸειαν,
660 2141 708 2168 καὶ
729 2141 770 2168 οὐ·
784 2141 924 2169 λανθάνει.

136 2188 336 2223 ’Δναγινώσκει
362 2188 417 2223 γὰρ
431 2189 445 2215 6
461 2188 527 2220 Θεὸς
554 2187 602 2214 καὶ
627 2188 768 2222 σιγώντων
786 2186 866 2223 ἡμῶν
880 2186 926 2214 τδν

130 2235 249 2261 ἑκάστου
278 2234 350 2267 νοῦν,
376 2235 413 2266 ὡς
433 2235 514 2270 ἡμεῖς
529 2234 631 2270 βιΰλίον
658 2233 860 2269 παρερχόμενοι
890 2233 925 2259 ³³.

129 2281 177 2306 Διὸ
204 2279 255 2306 καὶ
280 2279 330 2315 τῆς
353 2272 475 2311 Μωσέως
502 2279 649 2314 σιωπώσης
672 2280 799 2315 γλώσσης
824 2279 854 2306 τὸ
876 2279 926 2315 τῆς

131 2326 250 2362 καρδίας
274 2325 391 2360 ἠκούετο
419 2325 552 2362 βούλημα..
569 2326 600 2352 El
633 2327 682 2359 τὴν
709 2326 789 2361 χάριν
814 2326 829 2352 6
861 2325 923 2358 δοὺς

129 2372 281 2406 ἐσιώπησε,
295 2373 366 2407 τάχα
382 2372 415 2399 ἂν
437 2372 491 2398 οὐδ’
505 2372 574 2407 αὑτὴ
591 2372 640 2407 τὴν
662 2372 742 2407 χάριν
767 2371 784 2406 ἡ
806 2371 926 2398 λαϐοῦσα

129 2418 273 2454 ὠφελήθη,
298 2419 339 2450 εἰς
361 2418 506 2452 συντυχίαν
527 2418 556 2444 τὸ
571 2418 656 2453 δῶρον
672 2416 924 2452 αἰχμαλωτίζουσα.

130 2466 218 2493 Τοῦτο
245 2466 276 2491 τὸ
301 2464 397 2500 Θαῦμα
426 2463 496 2491 εἶδον
528 2465 578 2500 μὲν
607 2464 723 2500 ἄπειρον
753 2463 867 2498 πλῆοος,
895 2463 926 2489 τὸ

131 2512 248 2547 Πνεῦμα
259 2512 288 2538 δὲ
299 2511 332 2538 τὸ
346 2512 424 2545 ἆγιον
437 2512 490 2547 πρὸ
500 2511 606 2538 πολλῶν
617 2510 719 2545 γενεῶν
729 2510 773 2536 διὰ
783 2509 924 2545 Μαλαχίου

129 2556 343 2593 προεθέσπισεν.
353 2556 500 2583 Ἀνατελεῖ
512 2556 565 2591 γὰρ
579 2555 650 2591 ὑμῖν
661 2555 694 2589 ³⁵,
704 2555 783 2590 φησὶ,
795 2554 857 2587 τοῖς
870 2563 924 2589 φο-

129 2600 288 2635 ϐουμένοις
305 2600 340 2627 τὸ
353 2600 448 2635 ὄνομά
458 2609 518 2634 μου
530 2602 635 2634 ’Ἠλιος
648 2599 857 2634 δικαιοσύνης,
875 2599 925 2627 καὶ

939 1940 962 1972 C

165 2699 180 2720 "
197 2701 311 2730 Malach.
335 2709 372 2732 iv,
384 2701 412 2727 2.

1299 631 1474 661 laborantem.

1017 676 1168 704 Difﬁculter
1182 677 1307 705 homines
1323 679 1355 706 ad
1369 679 1496 707 virtutem
1512 681 1668 714 trahuntur,
1685 686 1714 708 ut
1726 689 1775 717 ap~

979 727 1067 758 paret,
1082 728 1109 750 et
1131 731 1226 758 parum
1263 729 1360 751 curant
1382 732 1414 752 ea
1438 733 1499 760 quae
1523 727 1606 753 verbo
1627 727 1772 756 docentur.

979 769 1043 796 Ideo
1063 769 1192 796 Salvator
1210 770 1242 797 ad
1262 769 1388 798 homines
1404 770 1493 806 fragili
1512 775 1540 799 et
1557 773 1665 799 mortali
1688 781 1772 800 carne

979 816 1209 847 condescendens,
1224 816 1287 851 quia
1305 817 1371 844 vidit
1383 816 1499 845 .ludmos
1513 819 1623 851 surdos,
1641 827 1685 846 res
1709 827 1773 847 mu-

980 860 1062 894 tavit,
1083 860 1186 888 factum
1202 861 1273 889 facto
1290 861 1377 895 addit,
1400 867 1428 890 et
1447 863 1610 890 miraculum
1627 864 1771 897 miraculo,

977 910 1004 933 et
1017 905 1187 933 divinitatem
1213 914 1295 941 quam
1317 915 1371 934 non
1397 908 1557 942 credebant,
1574 908 1771 937 beneficiorum

979 951 1166 986 experimento
1190 952 1353 980 conﬁrmare
1368 953 1517 980 contendit.
1533 953 1633 981 Vcrum
1643 962 1687 982 res
1701 955 1772 983 male

978 997 1082 1025 homini
1109 998 1203 1026 cessit.
1221 997 1302 1032 Filia,
1329 1006 1417 1033 eaque
1444 999 1539 1032 unica,
1555 1000 1652 1028 domus
1669 1001 1771 1028 funda-

977 1048 1110 1077 mentum,
1123 1043 1233 1071 familiae
1245 1045 1343 1077 haeres,
1356 1053 1417 1080 qum
1429 1050 1492 1072 ante
1508 1046 1616 1080 nuptias
1634 1046 1771 1074 efferenda

975 1093 1036 1116 erat
1051 1089 1078 1116 in
1095 1090 1243 1122 tumulum,
1256 1093 1283 1116 et
1294 1094 1356 1116 ante
1371 1094 1459 1117 torum
1475 1090 1501 1117 in
1516 1091 1670 1125 sepulcrum
1687 1100 1693 1118 :
1709 1099 1771 1119 mu-

975 1138 1025 1165 lier
1055 1136 1180 1172 quredam
1197 1136 1315 1172 graviter
1341 1137 1448 1164 inﬁrma
1473 1145 1602 1165 venarum
1630 1138 1772 1165 inordina-

976 1183 1059 1215 tione,
1076 1187 1104 1210 et
1119 1190 1228 1210 omnem
1245 1183 1307 1210 vitae
1324 1183 1507 1210 substantiam
1522 1183 1699 1216 exhauriens,
1712 1191 1773 1218 quae

978 1229 1041 1257 tabe
1060 1236 1172 1264 corpus,
1188 1233 1216 1256 et
1235 1232 1344 1263 propter
1361 1229 1483 1256 medicos
1507 1236 1573 1263 opus
1588 1229 1769 1264 consumpsit,

981 1283 1063 1303 unam
1085 1276 1112 1303 in
1139 1283 1169 1303 re
1192 1275 1276 1302 dubia
1303 1282 1378 1310 spem
1402 1275 1480 1306 vidit,
1506 1276 1538 1302 ad
1564 1275 1665 1302 Christi
1689 1275 1773 1310 pede!

980 1321 1131 1356 procidere.
1155 1321 1286 1349 Dominus
1311 1322 1455 1348 mulierem
1477 1329 1530 1348 non
1547 1321 1664 1357 cogitata
1678 1322 1772 1356 prolo-

980 1369 1108 1400 quenlem
1132 1365 1277 1395 intellexit.
1297 1369 1324 1391 et
1351 1364 1466 1391 tacendo
1491 1369 1626 1392 tacentem
1654 1365 1770 1398 sanavit,

980 1417 1043 1437 cun
1063 1409 1201 1436 fimbriam
1233 1409 1390 1444 tetigisset:
1407 1414 1433 1437 et
1451 1410 1509 1437 hare
1532 1410 1643 1444 quidem
1667 1410 1772 1437 donum

980 1455 1147 1490 surripuisse
1161 1455 1306 1482 videbatur
1322 1455 1376 1482 sibi
1391 1464 1398 1482 :
1413 1459 1441 1482 at.
1459 1455 1503 1482 ille
1528 1455 1643 1490 gratiam
1659 1463 1771 1490 surrep-

981 1506 1034 1528 tam
1051 1500 1159 1528 tolerat.
1177 1499 1211 1527 Et
1225 1500 1314 1534 primo
1329 1508 1360 1528 se
1372 1508 1486 1528 sanasse
1502 1507 1557 1527 non
1576 1500 1692 1532 dicebat,
1711 1505 1772 1527 lan-

981 1546 1042 1573 dem
1059 1553 1124 1573 vero
1151 1546 1280 1581 evulgat,
1299 1553 1355 1573 non
1378 1553 1504 1581 quaerens
1527 1545 1639 1581 gloriam
1665 1545 1772 1580 (absit:

981 1592 1026 1619 ubi
1043 1591 1115 1620 enim
1133 1592 1211 1627 praeit
1225 1591 1359 1619 miraculo
1379 1599 1446 1618 vana
1464 1591 1619 1626 gloriatio?)
1641 1591 1689 1619 sed
1714 1598 1773 1618 mu-

980 1637 1093 1664 lieribus
1115 1636 1177 1664 ﬁdei
1197 1635 1319 1663 fructum
1341 1636 1469 1664 omnibus
1493 1636 1645 1669 declarans,
1659 1640 1686 1663 et
1701 1643 1771 1671 ρεςε-

981 1682 1099 1709 sontium
1115 1682 1185 1710 alios
1201 1681 1312 1717 quidem
1329 1682 1363 1710 ad
1379 1681 1426 1710 Dei
1448 1682 1630 1717 cognitionem
1653 1689 1770 1710 conver-

979 1730 1050 1758 tens,
1065 1727 1181 1755 aliorum
1204 1735 1270 1756 vero
1301 1728 1452 1761 vesaniam,
1478 1736 1559 1763 opere
1575 1728 1772 1764 verboquepu-

980 1772 1053 1800 blice
1078 1778 1200 1801 notans:
1221 1772 1290 1807 Vidi,
1313 1773 1418 1808 inquit,
1438 1781 1498 1801 eam
1514 1781 1574 1809 qum
1597 1780 1612 1801 a
1635 1779 1709 1809 tergo
1728 1781 1772 1802 me

979 1818 1067 1854 tetigit
1080 1828 1088 1846 :
1101 1826 1154 1845 non
1168 1818 1241 1846 enim
1258 1818 1326 1846 mihi
1342 1819 1418 1846 solus
1437 1819 1534 1847 oculus
1552 1818 1600 1854 qui
1616 1818 1771 1854 superciliis

979 1864 1083 1897 subest,
1104 1869 1131 1892 et
1151 1864 1288 1899 palpebris
1315 1864 1426 1900 tegitur,
1454 1865 1502 1892 sed
1525 1865 1607 1892 etiam
1629 1865 1700 1892 alius
1718 1869 1770 1898 est,

980 1909 1028 1946 qui
1045 1915 1144 1938 terram
1156 1910 1239 1938 simul
1251 1914 1278 1938 et
1294 1917 1369 1938 mare
1381 1910 1512 1942 intuetur,
1526 1918 1691 1946 omnemque
1703 1910 1771 1937 adeo

980 1960 1147 1984 creaturam.
1164 1955 1262 1983 Mulier
1291 1963 1346 1990 prae
1372 1955 1477 1990 pudore
1501 1956 1584 1983 tacite
1612 1955 1729 1983 accessit
1744 1961 1772 1982 et

979 2010 1035 2029 non
1052 2001 1178 2036 ignorata
1193 2009 1209 2029 a
1226 2000 1349 2030 Christo.
1362 2000 1444 2028 Novit
1455 2001 1528 2028 enim
1538 2001 1672 2029 Dominus
1690 2008 1770 2028 men-

979 2051 1034 2075 tem
1049 2047 1268 2082 uniuscujusque
1286 2050 1424 2078 noslrum,
1439 2046 1522 2073 etiam
1535 2045 1661 2078 tacentis,
1675 2050 1705 2072 ut
1720 2052 1770 2072 nos

978 2094 1075 2127 libros,
1100 2093 1221 2129 legentes
1247 2093 1385 2120 novimus.
1403 2091 1496 2125 Quare
1520 2096 1548 2120 et
1569 2091 1652 2119 Hosis
1677 2091 1770 2126 lingua

978 2146 1094 2174 tacente,
1107 2141 1200 2170 cordis
1217 2141 1383 2169 voluntatem
1409 2139 1523 2168 audivit.
1546 2139 1575 2167 Si
1590 2139 1705 2174 gratiam
1720 2138 1769 2173 qui

977 2187 1063 2220 dedit,
1076 2188 1217 2219 tacuisset,
1235 2186 1354 2214 fortasse
1379 2185 1418 2213 illi
1438 2193 1499 2220 quae
1514 2183 1629 2219 accepit,
1650 2184 1687 2212 nil
1704 2191 1770 2218 pro-

978 2233 1086 2267 fuisset,
1106 2234 1210 2261 donum
1228 2232 1262 2260 ad
1275 2239 1368 2260 casum
1394 2231 1538 2258 fortuitum
1560 2229 1697 2258 referenti.
1711 2228 1770 2257 Hoc

977 2278 1046 2307 vidit
1061 2277 1231 2314 {miraculum
1255 2277 1362 2304 inﬁnita
1386 2277 1542 2304 multitudo.
1569 2275 1689 2311 Spiritus
1705 2282 1770 2303 vero

978 2327 1091 2352 sanctus
1112 2328 1174 2350 ante
1192 2323 1295 2351 multos
1309 2330 1397 2350 annos
1421 2330 1469 2357 per
1491 2321 1656 2348 Malachiam
1673 2319 1770 2355 5056

976 2369 1143 2397 vaticinatus
1160 2372 1202 2397 est
1219 2377 1226 2396 :
1251 2368 1371 2400 Orietur,
1398 2367 1500 2402 inquit,
1518 2367 1591 2394 vobis
1618 2366 1770 2393 timentibus

977 2423 1071 2443 nomen
1089 2423 1175 2442 meum
1195 2414 1242 2442 Sol
1258 2415 1386 2449 justitia',
1400 2419 1425 2440 et
1441 2414 1544 2441 sanitas
1561 2414 1590 2440 in
1608 2413 1660 2440 alia
1674 2413 1731 2447 ejus
1742 2412 1770 2439 κ.

978 2461 1069 2489 Solem
1085 2460 1200 2495 iustitia:
1214 2459 1362 2487 Dominum
1391 2466 1517 2486 vocans:
1536 2458 1595 2486 alas
1615 2465 1681 2485 vero
1709 2457 1771 2484 ﬁm‘

979 2507 1067 2534 briam
1093 2506 1260 2534 vestimenti.
1279 2506 1422 2534 Discamus
1437 2505 1519 2540 hujus
1535 2504 1770 2533 sanatm’mulieris

976 2553 1184 2588 gratitudinem.
1207 2552 1276 2580 Cum
1299 2552 1373 2579 enim
1390 2556 1466 2579 esset
1479 2559 1494 2579 e
1511 2551 1623 2579 civitate
1646 2549 1771 2577 Peneade

977 2599 1030 2634 (cst
1044 2603 1135 2627 autem
1151 2600 1204 2627 hoc
1219 2598 1379 2634 oppidulum
1401 2597 1562 2634 Palaestina)
1579 2604 1654 2625 aenea
1678 2600 1770 2624 statua

759 2771 878 2799 VARle
909 2770 1054 2799 LECTION
1064 2772 1117 2800 ES.

166 2831 188 2846 "
203 2832 226 2858 εἰ
246 2839 301 2860 om.
315 2830 348 2858 Α.
380 2829 409 2845 ἠ
423 2830 615 2867 περιετρέπετο
625 2838 654 2861 ς.
691 2830 714 2867 "9
727 2830 838 2859 τοσοῦτο
848 2831 877 2858 Β.
917 2831 939 2846 ¹⁰
949 2831 995 2857 τοῦ
1012 2831 1306 2867 αὺτοῦ-κηρύττουσι).
1322 2831 1415 2859 om.B.
1454 2831 1476 2847 ²¹
1490 2828 1529 2864 τῷ
1540 2828 1602 2856 add.
1614 2827 1645 2856 Δ.
1684 2827 1708 2844 ⁸⁸
1716 2825 1766 2854 θά-

131 2863 233 2896 λασσαν
249 2875 282 2901 ς.
324 2867 346 2883 ²³
360 2864 571 2901 παρερχόμενοι]
587 2865 774 2901 περιεχόμενοι
788 2867 820 2893 Α.
860 2867 995 2901 νήμῐνΔ.
