1959 3081
131 139 181 171 225

615 138 878 169 BIBLIOTHECA.
894 151 927 156 —
943 138 1026 171 COD.
1057 138 1221 171 CCLXXII.

1699 140 1753 172 226

134 195 243 231 λογικῆς
260 195 413 231 σαρκωθεὶς
424 195 478 230 γῆς
500 194 635 230 προῆλθεν
657 197 795 231 ἀσπόρως,
809 195 858 232 τὴν
873 196 916 223 διὰ

977 205 1075 230 ponens
1097 198 1236 226 hominem
1257 198 1284 226 in
1309 200 1456 234 paradiso,
1477 199 1565 229 colere
1587 204 1688 228 terram
1701 220 1709 233 ,
1726 204 1755 229 et

134 242 231 276 σαρκὸς
247 241 428 276 φυτευθεῖσαν
440 240 487 267 τοῦ
504 241 619 268 θανάτου
637 242 714 277 ῥίζαν
733 243 766 277 τῇ
791 241 914 278 δρεπάνῃ

131 288 176 322 τῆς
188 286 356 322 παρθενικῆς
365 286 506 314 ἐκκόπτων
518 287 681 322 γεννήσεως.
704 287 747 313 Ἐν
757 287 915 323 παραδείσῳ

132 333 243 367 Θέμενος
265 332 280 358 ὁ
304 332 412 364 πλάσας
436 333 482 360 τὸν
506 333 648 369 ἄνθρωπον
678 333 842 369 ἐργάζεσθαι
866 334 915 361 καὶ

132 379 277 412 φυλάττειν
291 379 468 414 προσέταξεν,
484 379 528 406 ἵνα
548 379 586 414 μὴ
604 381 637 415 τῇ
653 379 774 415 ῥᾳθυμίᾳ
791 379 916 412 δεδωκὼς

132 425 178 455 τῆς
205 423 331 455 ἐξουσίας
351 424 381 450 τὸ
407 424 516 458 ἕτοιμον
537 424 692 459 ἀφύλακτος
716 425 828 459 γένηται
848 425 917 461 πρὸς

133 469 279 504 ἐπιϐουλὴν
292 469 338 495 τοῦ
350 469 449 505 ἐχθροῦ
468 470 501 502 ³⁰,
517 470 614 504 φθόνου
633 471 762 504 πρόσοδον
778 470 825 497 τοῦ
847 471 915 498 Θεοῦ

134 515 295 549 ποιούμενος
309 514 344 540 τὰ
367 515 535 550 χαρίσματα.
556 515 649 543 Ταῦτα
673 515 736 542 ἰδὼν
751 516 765 542 ό
778 516 834 547 τοῖς
846 517 916 551 ἠμε-

131 562 222 597 τέροις
242 562 284 588 ἀεὶ
301 561 455 596 βασκαίνων
474 561 496 577 ³¹
521 562 614 593 καλοῖς
634 562 838 596 ἀπροφάσιστον
854 562 917 589 καθ’

133 608 211 642 ἡμῶν
228 607 327 642 ἔχθραν
344 606 526 641 ἀνελάμϐανε.
545 607 619 633 Φιλεῖ
631 607 684 641 γὰρ
700 607 754 633 τῶν
774 607 917 642 βασκάνων

133 654 148 687 ἡ
159 653 240 686 φύσις
252 652 380 687 πολεμεῖν
390 653 530 686 ἀναιτίως,
542 653 572 686 ἐξ
582 652 681 688 ἑαυτῆς
694 653 917 688 σπερματίζουσα
936 646 940 652 ’

133 699 182 733 τῆς
201 699 299 730 κακίας
315 699 364 734 τὴν
376 698 452 733 ὕλην,
470 699 517 725 καὶ
529 699 579 734 τὴν
593 699 665 726 κατὰ
676 699 812 734 πρόφασιν
828 700 917 735 μάχην

133 745 171 776 ὡς
202 744 365 780 ἐφύϐριστον
386 746 580 780 παραιτεῖται,
607 744 672 781 [825
700 744 747 780 Η.]
777 745 919 777 ἀσθενείας

132 791 234 825 ταύτην
251 791 273 807 ³¹
285 791 446 826 λογιζομὲνη
465 791 598 826 ὑπάρχειν
611 791 731 826 ἔλεγχον.

176 836 278 870 Ῥιφεὶς
293 837 321 863 δὲ
338 836 392 863 τῶν
408 836 463 863 ἀνω
476 838 490 862 6
503 837 599 872 ἐχθρὸς
613 837 741 872 ἐπολέμει
760 838 816 869 τοῖς
833 836 917 869 κάτω,

135 868 272 915 βασιλείαν
293 881 407 907 ἐκδικῶν
425 881 493 916 μετὰ
517 868 630 914 πτωσιν,
648 882 682 916 ἣν
697 868 777 916 ⁷ἐχειν
792 882 814 898 ³³
835 882 920 914 ἑστὼς
936 868 958 898 Β

134 927 184 952 οὐκ
198 925 325 960 ἠδύνατο.
351 927 405 953 Καὶ
437 926 507 952 κατὰ
529 927 578 962 τῆς
603 926 676 958 Εὔας
696 927 919 962 ἐστρατοπέδευε,

136 971 242 1006 βέλεσιν
256 971 343 1007 αὐτὴν
367 972 554 1004 κατατοξεὺων
579 972 696 1007 ἀπάτης,
718 972 766 999 καὶ
790 972 921 1007 ἐπληττεν

136 1017 291 1049 ἀνωδύνως,
306 1017 343 1049 ὡς
359 1017 430 1052 ξίφει
445 1017 586 1052 χρώμενος
603 1019 637 1053 τῇ
656 1017 765 1053 ἐκείνης
782 1018 920 1053 προθέσει,

136 1062 266 1096 κάκείνην
276 1062 420 1098 λαμϐάνων
428 1063 477 1098 τῆς
488 1063 589 1094 οἰκείας
600 1063 765 1098 ἀναιρέσεως
773 1063 920 1098 ὑπουργόν,

137 1107 230 1139 Ὅθεν,
243 1108 337 1143 ἐπειδὴ
347 1108 395 1143 τὴν
414 1108 520 1143 σφαγὴν
534 1107 702 1142 ἀναίμακτον
718 1109 850 1142 ἐπετέλει,
862 1109 922 1135 οὐδὲ

137 1155 271 1190 φονευτὴς
284 1155 434 1189 ἐνομίζετο,
448 1155 505 1182 ἀλλ’
522 1155 560 1186 ὡς
579 1155 680 1190 ἀγαθὸς
697 1155 846 1191 σύμϐουλος
861 1157 922 1182 ἐπι-

138 1201 258 1232 στεύετο,
274 1202 306 1236 τῇ
328 1201 514 1236 ἀπαλάτητι³δ
529 1201 579 1236 τῆς
599 1202 737 1237 μαχαίρας
760 1202 924 1237 μαλακύνων

137 1247 172 1273 τὰ
193 1246 340 1281 τραύματα
356 1246 403 1273 καὶ
429 1246 556 1280 γλυκεῖαν
583 1247 690 1279 δεικνὺς
712 1248 762 1283 τῆς
779 1248 925 1283 ἀλγηδόνος

137 1291 188 1326 τὴν
200 1292 336 1327 αἴσθησιν.
363 1292 396 1318 'H
410 1291 439 1318 δὲ
456 1292 478 1307 ³⁵
494 1292 538 1319 διὰ
554 1292 646 1327 χειρὸς
658 1293 788 1324 ὰπειΘοῦς
805 1293 926 1320 ἀποστα-

140 1338 202 1370 σίας
230 1338 374 1373 γράφουσα
395 1337 489 1372 νόμον,
506 1338 607 1373 ἐτρύγα
624 1339 728 1374 καρπὸν
740 1338 926 1374 ὠραῖζόμενον

139 1383 296 1418 παραϐάσει
314 1383 360 1409 καὶ
377 1384 410 1418 τῇ
424 1383 446 1398 ³⁸
468 1383 544 1418 ἀκμῇ
562 1383 760 1417 πεπαινόμενον
784 1382 832 1409 τοῦ
843 1383 927 1410 θανά-

138 1438 200 1456 του.
220 1429 276 1464 Τῆς
300 1427 374 1460 Εὔας
390 1428 535 1464 προπετῶς
563 1429 736 1463 γευσαμένης
756 1428 803 1455 τοῦ
833 1428 923 1462 ξύλου,

139 1476 223 1506 αὐτὸς
239 1475 284 1501 τὸν
302 1474 410 1508 ἐκείνης
428 1474 591 1509 ὀρεγόμενος
605 1473 715 1508 ὀλεθρον
738 1474 859 1500 ἄπεπτον
869 1470 927 1508 εἶχε

138 1520 191 1554 τῆς
210 1519 306 1550 κακίας
322 1518 372 1554 τὴν
400 1518 511 1553 βρῶσιν,
529 1518 576 1545 καὶ
599 1517 671 1552 λιμῷ
702 1518 750 1553 τῆς
774 1517 927 1552 τηκομένης
941 1535 964 1566 C

139 1566 309 1600 τρεφόμενος
334 1564 415 1600 [1512
432 1564 478 1600 IL]
494 1564 541 1591 καὶ
565 1565 614 1599 τὴν
640 1563 747 1599 ἐκείνης
771 1563 928 1598 ἐνδυόμενος

139 1611 293 1646 γύμνωσιν,
307 1609 464 1645 πορφυρίδα
483 1609 625 1644 βασιλικὴν
641 1609 677 1636 τὰ
695 1609 744 1644 τῆς
763 1609 848 1644 συκῆς
868 1609 929 1635 ἐλο-

140 1657 236 1690 γίζετο
250 1656 347 1691 φύλλα.
365 1653 442 1682 Εἱδεν
455 1655 559 1681 ἄνωθεν
572 1654 622 1690 τὴν
635 1655 742 1682 ἀδικίαν
762 1655 776 1681 ὁ
791 1653 866 1687 Θεὸς,
882 1654 929 1680 καὶ

142 1703 270 1738 παριδεῖν
298 1702 349 1728 οὐκ
370 1701 517 1737 ἠνέσχετο,
545 1701 594 1735 τὴν
629 1699 707 1735 ὕϐριν
742 1700 789 1727 τοῦ
821 1700 929 1736 πρώτου

141 1748 303 1783 πλάσματος
320 1747 418 1774 ἐαυτοῦ
440 1746 625 1782 λογιζόμενος.
639 1747 694 1773 Καὶ
723 1746 832 1773 κάτεισι
856 1745 931 1772 δικά-

143 1803 212 1826 σων,
227 1793 281 1820 κᾶν
308 1793 377 1828 πρὸς
392 1793 442 1828 τὴν
469 1792 547 1827 δίκην
569 1792 620 1818 οὑκ
643 1791 775 1826 ἐθάρρουν
801 1790 887 1817 ἐλοεῖν
905 1790 930 1817 οἱ

142 1840 301 1872 ὑπεύθυνοι,
315 1839 432 1874 φυγάδες
440 1838 579 1874 γινόμενοι
594 1838 641 1865 καὶ
653 1839 709 1869 τοῖς
718 1836 835 1871 φθάσασι
845 1844 930 1871 προσ-

140 1886 265 1916 τιθέντες
286 1885 333 1911 καὶ
350 1884 413 1911 ἄλλο
427 1882 625 1919 πλημμέλημα.
646 1882 766 1917 Τοπικὴν
782 1881 932 1915 ἐλογίζοντο

140 1932 191 1959 τοῦ
206 1931 273 1957 Θεοῦ
289 1931 337 1965 τὴν
355 1929 508 1964 ἐπίσκεψιν.
522 1929 608 1963 Ἀδὰμ
626 1928 686 1955 ποῦ
698 1925 742 1960 sl;
762 1927 812 1954 οὐκ
823 1927 932 1962 ὀργιζο-

143 1977 230 2013 μένου
246 1976 303 2002 ἀλλ¹
317 1975 456 2006 ἐλεοῦντος
469 1975 485 2010 ἡ
507 1975 598 2010 φωνῇ’
611 1975 661 2000 οὐκ
692 1972 932 2008 ἀποστρεφομένου

140 2023 203 2049 ἀλλ’
219 2021 357 2052 ἐλεοῦντος
368 2022 385 2056 ὴ
401 2021 507 2055 κλῆσις.
521 2019 749 2054 Παρηλλαγμένον
769 2018 860 2053 βλέπω
884 2018 933 2052 τῆς

142 2068 287 2104 βασιλείας
310 2067 341 2094 τὸ
360 2068 462 2102 σχῆμα,
489 2065 688 2101 ἐνηλλαγμένην
716 2065 765 2099 τῆς
786 2063 864 2096 ἀξίας
885 2063 934 2099 τὴν

141 2114 299 2148 τάξιν.Ποῦ
311 2111 414 2146 εἷ;τῆς
429 2111 531 2147 φωνῆς
540 2119 599 2138 σου
607 2111 725 2145 ἤκουσα
738 2109 934 2144 περιπατοῦν-

139 2169 209 2193 τος,
224 2159 274 2186 καί
293 2159 432 2192 ἑκμύϐην.
453 2157 574 2193 Ἦρκεσέ
593 2165 638 2192 μοι
660 2155 730 2191 πρὸς
756 2155 856 2182 δειλίαν
881 2154 935 2181 τῶν

968 250 1079 270 servare
1090 242 1182 277 jussit,
1201 251 1236 271 ne
1252 244 1366 279 ignavim
1380 253 1409 272 se
1430 245 1531 273 dedens
1552 246 1586 273 ad
1601 245 1754 273 libertatem

969 288 1050 316 nimis
1073 289 1212 323 proclivis,
1234 290 1354 317 hostium
1384 290 1491 318 insidiis
1512 294 1628 325 pateret,
1647 291 1755 318 invidia:

966 341 1082 362 accessu
1106 335 1151 362 Dei
1179 335 1341 363 beneﬁcium
1357 340 1539 364 commutans.
1568 335 1631 364 Haec
1649 337 1754 369 videns,

966 380 1013 415 qui
1029 381 1132 408 nostris
1143 381 1254 409 assidue
1265 381 1343 408 bonis
1362 382 1475 414 invidet,
1487 381 1691 409 inimicitiarum
1707 389 1756 409 oc-

967 426 1105 454 casionem
1121 426 1185 454 hinc
1200 427 1491 462 sumpsit.lnvidorum
1508 428 1581 454 enim
1603 432 1699 454 natura
1714 433 1755 455 est

966 480 1088 508 pugnare
1102 481 1163 501 cum
1179 473 1271 507 aliqua
1292 473 1365 500 nulla
1385 473 1418 500 de
1431 481 1531 507 ,causa,
1547 481 1581 500 ex
1598 481 1628 500 se
1645 473 1757 500 malitiae

968 526 1060 546 semen
1076 519 1216 546 seminans
1232 527 1239 545 :
1255 523 1281 545 et
1291 526 1410 553 pugnam
1428 522 1557 553 tanquam
1572 519 1755 546 contumelio-

967 571 1025 591 sam
1047 564 1125 599 fugit,
1152 572 1213 599 qua:
1230 569 1303 592 certa
1331 565 1364 592 de
1381 573 1463 592 causa
1490 565 1598 597 accidit,
1614 568 1672 591 rata
1698 565 1756 592 haec

967 617 1027 637 esse
1050 610 1244 638 imbecillitatis
1265 615 1465 645 argumentum.
1490 611 1620 638 Inimicus
1647 618 1663 637 e
1685 611 1756 638 coelo

968 655 1078 689 lapsus,
1106 661 1202 683 contra
1232 656 1356 683 homines
1382 656 1408 683 in
1433 661 1505 684 terra
1529 656 1630 684 bellum
1659 656 1753 691 gerit:

968 706 1033 736 post
1044 708 1140 728 casum
1155 709 1268 736 regnum
1284 709 1462 736 persequens,
1479 702 1551 736 quod
1577 701 1666 729 adhuc
1680 706 1756 729 stans

969 750 1062 774 tenere
1095 753 1149 773 non
1176 747 1272 780 valuit,
1289 751 1317 774 et
1343 752 1438 774 contra
1462 745 1544 773 Evam
1565 753 1640 773 arma
1660 747 1755 778 movit,

969 790 1151 818 fraudulentis
1172 791 1246 818 illam
1269 791 1332 818 telis
1353 791 1514 823 vulnerans,
1537 796 1565 818 et
1585 791 1645 818 sine
1664 790 1758 818 dolore

970 837 1126 871 prostravit,
1152 840 1280 871 tanquam
1308 836 1397 871 gladio
1420 837 1481 871 ejus
1504 836 1594 864 verbis
1618 841 1709 867 utens,
1729 839 1758 863 et

972 882 1013 909 sui
1025 882 1100 909 exitii
1114 882 1305 910 administram
1322 883 1394 910 illam
1407 882 1528 917 capiens.
1543 881 1619 910 Unde
1630 889 1692 909 cum
1709 888 1759 909 cte-

972 928 1035 956 dem
1051 928 1221 956 incruentam
1240 928 1408 963 perfecisset,
1426 936 1514 963 neque
1526 928 1664 955 homicida
1679 931 1758 962 puta-

971 973 1062 1006 batur,
1081 974 1127 1000 sed
1142 977 1172 1000 ut
1197 973 1285 1000 bonus
1307 973 1482 1000 consiliarius
1500 972 1670 1004 credebatur,
1689 972 1759 1000 sim-

972 1018 1093 1054 plicitate
1109 1018 1190 1053 gladii
1203 1019 1314 1045 vulnera
1329 1017 1453 1046 molliora
1471 1018 1596 1050 reddens,
1613 1022 1640 1044 et
1650 1017 1757 1044 dulcem

972 1064 1073 1092 doloris
1088 1071 1200 1091 sensum
1224 1063 1367 1090 exhibens.
1395 1062 1455 1098 Ipsa
1472 1069 1536 1090 vero
1556 1069 1639 1089 manu
1660 1066 1759 1089 contu-

972 1109 1044 1137 maci
1059 1108 1222 1136 defectionis
1241 1108 1363 1136 scribens
1378 1108 1476 1143 legem,
1494 1107 1641 1142 acquisivit
1654 1114 1760 1142 praeva-

973 1154 1087 1183 ricando
1103 1154 1155 1182 sibi
1169 1154 1313 1189 pulchrum
1329 1153 1459 1187 fructum,
1472 1157 1500 1180 et
1511 1153 1576 1180 flore
1591 1152 1686 1180 mortis
1703 1160 1761 1180 ma-

973 1205 1077 1229 turum.
1095 1200 1150 1227 Eva
1166 1204 1257 1227 autem
1273 1207 1334 1227 cum
1353 1204 1452 1226 temere
1469 1199 1502 1226 de
1521 1199 1594 1233 ligno
1612 1203 1759 1233 gnatasset.

975 1245 1033 1281 ipse
1048 1245 1130 1280 hujus
1149 1249 1264 1272 mortem
1281 1249 1386 1279 petens,
1402 1245 1537 1272 incoctum
1552 1244 1654 1278 peccati
1668 1244 1759 1271 cibum

975 1291 1081 1324 habuit,
1089 1295 1116 1318 et
1124 1290 1379 1325 fameliquescentis
1391 1290 1520 1322 nutritus,
1528 1289 1633 1317 etillius
1644 1290 1761 1317 induens

976 1336 1138 1368 nuditatem,
1151 1343 1300 1370 purpuram
1314 1342 1374 1362 esse
1384 1335 1503 1370 regalem
1520 1335 1615 1371 506D
1633 1335 1700 1362 ﬁcus
1715 1334 1759 1362 fo-

977 1381 1012 1408 lia
1027 1381 1229 1408 existimarunt.
1254 1380 1327 1408 Deus
1344 1387 1378 1408 ex
1398 1381 1452 1408 alto
1468 1385 1606 1415 peccatum
1631 1381 1760 1416 inspexit,

977 1429 1004 1453 et
1015 1425 1161 1452 connivere
1176 1425 1275 1457 noluit,
1292 1424 1420 1460 injuriam
1432 1425 1527 1460 prima:
1539 1430 1670 1452 creatura:
1682 1432 1761 1453 suam

978 1478 1040 1498 esse
1056 1475 1143 1503 ratus,
1159 1474 1186 1497 et
1200 1470 1327 1505 judicans
1343 1470 1428 1502 venit,
1443 1477 1599 1505 quanquam
1616 1470 1655 1497 rei
1669 1471 1702 1497 ad
1717 1470 1763 1505 ju-

980 1517 1081 1545 dicium
1093 1516 1184 1544 venire
1197 1524 1251 1543 non
1264 1517 1407 1548 auderent,
1419 1515 1564 1550 fugientes,
1578 1520 1604 1542 et
1617 1515 1701 1550 priori
1714 1515 1764 1543 de-

979 1563 1043 1591 licto
1058 1563 1130 1590 aliud
1147 1562 1339 1597 adjungentes.
1354 1561 1516 1596 Cogitarunt
1528 1560 1575 1588 Dei
1594 1561 1764 1595 praesentiam

979 1610 1040 1637 loco
1053 1617 1114 1637 esse
1139 1609 1391 1643 circumscriptam.
1407 1607 1492 1634 Adam
1508 1608 1551 1634 ubi
1562 1615 1589 1634 ea
1602 1607 1614 1634 τ
1627 1607 1686 1635 Νοιι
1701 1612 1766 1636 sunt

980 1655 1039 1683 haec
1052 1654 1134 1682 verba
1154 1654 1229 1688 irati,
1255 1654 1301 1682 sed
1322 1653 1510 1681 misericordis
1527 1662 1533 1680 :
1548 1661 1602 1680 non
1619 1660 1670 1681 vox
1685 1660 1766 1687 repu-

980 1700 1092 1733 diantis,
1119 1700 1167 1727 sed
1190 1700 1357 1727 miserentis.
1372 1699 1502 1726 Mutalam
1520 1699 1625 1733 imperii
1649 1699 1765 1727 formam

981 1747 1070 1778 video,
1080 1746 1219 1781 dignitatis
1228 1746 1311 1773 alium
1321 1745 1455 1773 ordinem.
1467 1745 1518 1772 Ubi
1527 1754 1554 1772 ει
1562 1746 1576 1772 γ
1585 1745 1678 1772 Vocem
1691 1749 1765 1772 tuam

983 1793 1071 1820 audivi
1080 1791 1240 1819 ambulantis
1246 1795 1272 1819 et
1279 1791 1404 1819 abscondi
1412 1800 1451 1818 me
1462 1790 1472 1810 1
1482 1800 1490 1818 :
1501 1795 1528 1818 et
1534 1799 1583 1818 cur
1592 1792 1713 1818 timerem
1721 1798 1766 1818 sa-

982 1839 1018 1866 tis
1034 1843 1093 1866 erat
1101 1837 1142 1865 vel
1148 1837 1362 1872 pedumtuorum
1371 1837 1510 1871 strepitus.
1521 1836 1680 1864 Tantienim
1691 1835 1766 1871 judi-

982 1884 1022 1912 cis
1028 1884 1120 1911 omnia
1128 1883 1457 1916 clamabantmembra,'et
1466 1891 1528 1910 cum
1538 1890 1593 1910 rem
1601 1890 1661 1910 cum
1668 1882 1768 1910 talireo

982 1929 1084 1957 habeas
1093 1937 1147 1957 non
1157 1929 1244 1956 habeo
1253 1936 1342 1956 causa:
1353 1929 1646 1963 dicendaelihertatem.
1654 1928 1768 1962 Suscipe

984 1975 1109 2002 timorem
1136 1974 1184 2009 qui
1204 1979 1346 2009 peccatum
1370 1981 1460 2001 meum
1488 1978 1594 2009 purget,
1619 1977 1647 2000 et
1668 1973 1714 2007 qui
1731 1972 1768 2000 sit

983 2025 1117 2056 patronus
1141 2024 1195 2048 tuae
1210 2021 1335 2055 justitire.
1352 2019 1468 2047 Vincere
1481 2025 1509 2047 te
1530 2019 1636 2047 ostendi
1662 2019 1768 2054 fugiens

984 2067 1147 2095 sententiam
1170 2072 1267 2094 tuam:
1284 2066 1398 2093 crimina
1420 2065 1483 2100 fuga
1508 2065 1608 2098 deteri,
1622 2065 1770 2092 ostendens

986 2121 1106 2141 errorem
1120 2112 1227 2141 defendi
1252 2119 1307 2139 non
1331 2119 1420 2146 posse.
1444 2110 1540 2138 Mulier
1561 2118 1644 2145 quam
1669 2109 1768 2137 dedisti

985 2158 1053 2185 mihi
1064 2158 1178 2191 sociam,
1194 2158 1268 2185 dedit
1279 2157 1346 2185 mihi
1361 2156 1486 2192 deligno,
1498 2160 1524 2184 et
1539 2155 1654 2184 comedi.
1671 2155 1771 2183 Habuit

140 2205 236 2232 ποδῶν
261 2205 278 2239 ἡ
298 2205 391 2239 φωνή·
411 2203 532 2230 τοιούτου
554 2203 609 2238 γὰρ
631 2201 758 2229 δικαστοῦ
780 2201 829 2228 ὅλα
843 2200 926 2236 φωνὴι

986 2203 1145 2230 clementem
1157 2203 1288 2238 judicem,
1303 2207 1330 2230 et
1344 2202 1448 2230 invenit
1463 2209 1576 2230 causam
1589 2201 1770 2228 commisera-

139 2252 203 2288 ἔχει
231 2251 267 2277 τά
284 2250 366 2286 μέλη,
382 2250 446 2276 ὅταν
468 2249 536 2284 πρὸς
557 2247 708 2275 ὑπεύθυνον
727 2247 776 2283 ἓχῃ
799 2247 930 2274 τοιοῦτον.

139 2299 205 2324 Οὐκ
225 2297 279 2331 ἔχω
292 2296 449 2332 παρρησίαν
464 2294 566 2330 φωνῆς.
582 2294 664 2331 Δέξαι
678 2293 724 2320 τδν
739 2293 820 2328 φόϐον
839 2293 886 2320 καὶ
902 2293 933 2320 τὸ

139 2344 215 2378 ἐμὸν
229 2342 391 2377 βεϐαιοῦντα
409 2341 430 2357 ³⁷
446 2340 636 2376 πλημμέλημα
653 2339 700 2365 καὶ
723 2339 773 2374 τῆς
793 2338 843 2374 σῆς
857 2339 931 2373 γινό-

141 2396 230 2423 μενον
253 2386 452 2421 δικαιοκρισίας
491 2385 650 2419 συνήγορον.
683 2383 811 2410 Νικῶσαν
845 2383 933 2416 ἔδειξα

137 2432 336 2467 δραπετεύσας
361 2431 410 2466 τὴν
424 2431 528 2466 ψῆφονι
547 2428 733 2464 ἀπεγύμνωσα
750 2430 783 2464 τῇ
808 2430 878 2465 φυγῇ
899 2429 934 2456 τὰ

139 2479 323 2514 εγκλήματα,
338 2476 531 2511 ἀσυνηγόρητα
554 2475 643 2508 δείξας
654 2475 688 2501 τὰ
710 2474 878 2510 πταίσματα.
900 2474 936 2502 Ἠ

138 2525 238 2559 γυνὴ,
255 2523 297 2557 ἢν
313 2522 428 2555 ἔδωκάς
436 2530 496 2557 μοι,
508 2520 584 2553 αὐτή
606 2529 658 2556 μοι
675 2520 777 2553 ἔδωκε,
795 2520 844 2547 καί
860 2519 934 2554 ἐφα-

139 2581 212 2606 rmr.
235 2571 320 2605 Ἔσχε
337 2569 528 2605 φιλάνθρωπον
548 2567 690 2602 δικαστὴν,
713 2567 762 2594 καὶ
782 2564 845 2603 εὗρε
866 2567 935 2602 πρό-

140 2625 230 2651 φασιν
253 2616 394 2651 συμπαθῆ.
425 2615 487 2641 Ἐπὶ
510 2614 540 2640 τδ
565 2613 677 2644 ἀσθενὲς
696 2613 864 2647 καταφεύγει
885 2612 936 2647 τῆς

140 2661 231 2694 Εὔας,
248 2661 390 2687 ὕπεκλύων
401 2659 447 2687 τοῦ
466 2658 593 2685 δικαστοῦ
609 2658 658 2693 τὴν
677 2658 813 2686 ἐπίτασιν.
832 2659 863 2685 Ὢ
881 2667 935 2694 μα-

185 2719 194 2738 ι
219 2718 288 2746 Gen.
307 2725 349 2751 Ill,
365 2718 393 2745 9.
431 2717 516 2749 ιΙ›ῑ‹1.,
530 2716 573 2744 Μ.

987 2249 1061 2276 tione
1089 2247 1210 2281 dignam.
1241 2248 1283 2275 Ad
1307 2247 1528 2280 imbecillitatem?
1549 2247 1612 2274 Erae
1634 2246 1769 2282 confugit,

986 2294 1101 2322 audiens
1117 2293 1243 2328 .judicem
1264 2294 1404 2329 inquirere
1418 2301 1487 2321 rem.
1502 2291 1524 2321 Ο
1542 2294 1686 2328 patientem
1698 2293 1771 2328 judi-

988 2347 1045 2367 ccm
1064 2340 1072 2367 ι
1092 2339 1220 2366 Permisit
1234 2347 1341 2367 omnem
1365 2347 1475 2367 causam
1491 2339 1591 2367 referri
1606 2339 1640 2366 ad
1657 2347 1771 2374 serpen-

988 2390 1052 2418 tem,
1067 2389 1097 2413 ut
1109 2385 1197 2413 levius
1215 2389 1347 2413 statueret
1370 2385 1491 2420 deceptis
1508 2385 1611 2413 crimen
1630 2396 1636 2414 :
1653 2385 1770 2413 Maledi-

988 2435 1046 2458 ctus
1065 2436 1093 2458 tu
1119 2431 1189 2458 inter
1214 2431 1303 2458 omnia
1327 2431 1466 2464 animalia,
1482 2435 1507 2458 et
1522 2432 1618 2459 bestias
1630 2436 1710 2459 terra:
1726 2435 1746 2447 "
1762 2440 1770 2459 :

986 2480 1018 2505 ut
1031 2477 1077 2512 qui
1090 2477 1220 2504 adversus
1232 2484 1339 2503 omnem
1360 2480 1514 2504 creaturam
1530 2478 1621 2505 scelus
1636 2478 1748 2512 patrasti
1761 2487 1771 2506 :

987 2522 1087 2550 caelum
1108 2522 1206 2557 injuria
1224 2522 1349 2554 all'ecisti,
1375 2522 1483 2550 invidiae
1504 2530 1610 2551 veneno
1627 2523 1744 2551 fcedatus
1762 2533 1770 2551 :

987 2568 1098 2603 angelos
1111 2572 1159 2594 tua
1169 2567 1321 2595 defectione
1330 2568 1514 2603 contristastif,
1524 2569 1645 2597 minuere
1658 2569 1772 2597 studens

987 2607 1129 2641 beatorum
1151 2621 1306 2646 numerum,
1320 2614 1433 2649 ignarus
1447 2615 1555 2642 sublato
1575 2615 1663 2650 pejori
1676 2622 1772 2642 succe-

987 2659 1051 2688 dere
1064 2660 1173 2688 melius.
1185 2661 1297 2696 Augens
1313 2661 1419 2696 augebo
1433 2661 1542 2689 dolores
1562 2665 1637 2694 tuos,
1653 2665 1680 2689 et
1693 2660 1773 2688 dein-

783 2761 899 2791 VARIIE
927 2762 1130 2791 LECTlONES.

183 2813 208 2849 ν
224 2812 271 2839 τοῦ
285 2812 387 2849 ἐχθροῦ,
404 2812 517 2849 ςιιιιηςλζ
545 2810 790 2849 ³¹>βαακαίνωνγάεὶ
845 2846 854 2849 Α
871 2811 894 2849 ³-³
909 2811 1046 2849 ταύτηνᾉ
1066 2811 1174 2849 ι-ταῦτα
1191 2821 1222 2844 ς.
1262 2812 1285 2830 ³³
1298 2813 1370 2849 ἐχειν
1385 2822 1441 2842 om.
1461 2814 1494 2841 Α.
1533 2812 1714 2847 ’δάπαλότητι
1728 2812 1749 2840 Β
1765 2822 1772 2840 2

143 2848 282 2883 ἁπλότητι
296 2856 326 2880 ς.

366 2848 388 2863 ³⁸
401 2847 440 2882 δὲ]
459 2846 490 2881 δὴ
502 2846 530 2873 Β.
569 2847 591 2862 ³ο
606 2847 639 2881 τῇ
660 2853 716 2873 om.
732 2848 764 2874 A.
803 2846 825 2862 ⁸⁷
842 2846 1001 2882 βεϐαιοῦντα
1013 2846 1034 2873 Α
1051 2855 1058 2873 :
1075 2847 1229 2875 δικαιοῦντα
1244 2857 1274 2880 ς.
