1959 3081
196 163 251 196 22⁸1

778 159 910 190 1³11οΤ11
929 157 1183 188 PATRIARCH/E
1197 157 1251 188 ΟΡ.

1779 160 1834 194 2ξὸ

198 231 273 259 ceps,
291 231 309 252 ο
329 222 436 251 Domini
455 220 724 251 commiserationem
741 220 748 246 2
774 217 925 253 indignatio
944 217 989 244 hu-

1049 215 1189 252 κροθὺμου
1204 214 1331 242 δικαστοῦ
1345 215 1351 242 1
1369 215 1475 250 ἀφῆκεν
1492 216 1552 244 ὂλον
1567 217 1607 249 εἰς
1621 217 1667 244 τὸν
1683 217 1745 252 ὅφιν
1770 227 1834 245 συν-

199 270 356 297 manitatem
390 268 618 304 supergrediens.
637 265 705 300 legis
729 265 838 291 dolores
863 263 992 290 terminat

198 319 226 343 et
239 314 367 350 gemitus,
375 319 405 341 ut
415 315 458 341 his
467 313 639 345 invalescens
649 315 763 338 mortem
770 317 802 336 ex
811 307 994 336 delectatione

199 365 292 393 exuat,
317 359 521 387 multitudinem
539 357 653 384 humani
667 355 779 391 generis
797 353 991 381 comminatus.

198 406 373 433 Addilioncm
390 403 575 432 successionis
595 402 733 438 promittit
753 401 862 432 dolens,
877 404 992 426 matrem

199 451 294 478 mundi
310 451 392 485 elegit
407 450 505 481 iratus,
530 447 672 475 cadentem
690 447 801 473 trahens
823 445 849 471 in
868 451 993 478 progres-

201 503 274 524 sum.
301 494 334 522 In
354 494 488 520 doloribus
502 494 588 527 paries
604 492 674 526 ﬁlios
685 493 699 509 ³
715 499 721 517 :
737 498 786 526 per
801 493 924 517 ventrem
937 487 990 516 do-

200 545 256 572 cet,
264 548 312 575 per
322 547 403 574 quem
417 539 444 566 in
454 539 586 565 mundum
596 539 680 568 venit,
689 536 801 563 vetitum
810 535 921 569 capiens
931 533 990 560 i'ru-

202 591 288 617 ctum,
313 587 370 620 ipsa
395 585 523 620 puniatur
540 588 634 618 partus
653 582 812 614 doloribus,
837 585 865 608 et
886 586 992 615 magna:

203 632 361 666 cupiditatis
374 632 503 658 damnum
517 630 616 665 507a
632 628 809 659 contrahens,
824 631 852 654 et
867 625 991 653 multitu-

203 678 293 705 dinem
321 678 429 713 generis
451 683 594 711 opponens
621 675 761 710 serpenti,
785 677 812 700 et
843 671 993 707 permultos

204 729 380 760 prostomons
402 724 537 752 laetantem
561 731 609 758 per
625 728 723 749 unum.
743 720 837 748 Parias
859 726 921 746 cum
943 718 994 746 do-

205 771 263 798 lore
287 774 371 801 caste,
388 777 451 798 cum
475 768 535 797 laeta
557 767 685 804 peperisti
709 766 770 795 sine
785 767 897 796 damno,
911 770 936 792 et
959 763 994 790 ad

199 815 284 841 uirum
296 818 371 840 tuum
389 814 522 840 conversio
543 817 601 840 tua.
617 812 759 840 Subditum
787 810 871 838 Evam
887 810 993 837 Adamo

199 859 276 895 pcit.
307 858 430 885 Libertas
451 858 524 885 enim
549 858 655 884 inutilis
668 858 702 885 iis
718 857 764 892 qui
779 864 827 890 per
849 863 878 884 se
895 862 992 889 sapere

201 905 337 932 nesciunt.
345 905 405 939 ipse
414 905 599 932 dominabitur
607 905 657 936 tui,
665 904 831 938 liabelvirum
838 903 992 939 dominum,

199 955 227 978 et
241 958 297 978 non
312 955 476 985 serpentem.
493 950 595 978 Deinde
614 950 652 977 ad
670 950 810 977 meliorem
824 949 907 976 vitam
927 956 993 976 con-

199 1004 289 1028 versa,
306 997 376 1024 unde
391 1000 499 1031 sumpta
525 996 627 1024 venisti
650 997 677 1022 in
692 995 836 1022 mundum.
855 995 890 1022 Et
906 994 993 1021 Adam

199 1043 278 1075 dixit,
289 1047 343 1069 ctc.
355 1041 430 1069 Nova
441 1042 584 1070 clementia
592 1049 653 1076 qua:
666 1042 781 1076 priorem
795 1046 913 1076 supcrat.
929 1041 993 1066 Ani-

199 1096 261 1116 mus
289 1089 394 1124 paterni
413 1089 510 1124 plenus
533 1088 652 1121 amoris,
679 1088 760 1114 minae
785 1087 871 1122 plena:
892 1093 992 1114 conso-

197 1133 317 1161 lationis.
343 1133 470 1168 Oportuit
493 1132 603 1167 quidem
628 1135 670 1164 te,
697 1132 801 1166 inquit,
830 1131 897 1158 mihi
928 1132 993 1158 obe-

198 1180 318 1208 dientem
336 1179 461 1207 mulieris
486 1178 633 1205 consilium
670 1185 725 1204 non
762 1177 920 1208 attendisse,
941 1183 992 1204 nec

198 1225 296 1260 legem,
317 1233 398 1260 quant
421 1232 480 1252 mea
505 1231 588 1251 manu
613 1223 722 1258 scripSi,
741 1223 832 1257 digitis
859 1222 922 1250 Eva:
946 1223 992 1250 de-

198 1270 254 1298 lere
275 1279 283 1298 :
305 1277 367 1298 cum
399 1276 465 1297 vero
500 1269 675 1304 separatione
704 1268 843 1301 mulieris,
875 1271 902 1295 et
929 1275 992 1302 pec-

200 1320 263 1344 cato
288 1323 342 1343 non
369 1315 515 1350 separeris,
535 1315 628 1349 accipe
654 1315 756 1349 legem,
779 1321 840 1349 qute
859 1314 913 1341 tuis
926 1321 991 1348 pec-

198 1362 268 1389 catis
292 1360 441 1389 conveniat
457 1369 465 1387 :
479 1359 624 1387 maledicta
641 1364 724 1386 terra.
751 1359 837 1386 Adam
857 1359 990 1394 peccavit,

199 1411 271 1434 terra
297 1413 405 1441 penam
433 1405 502 1436 luit,
529 1404 592 1431 inde
626 1404 737 1438 incoepit
759 1403 894 1435 doctrina,
918 1403 992 1430 unde

192 1442 284 1480 causa
308 1450 412 1478 fraudis
424 1455 515 1478 ortum
540 1450 626 1477 duxit.
643 1449 713 1476 Cum
736 1449 837 1484 plantis
862 1449 991 1483 deceptus

199 1505 261 1525 mea
277 1501 411 1532 praecepta
429 1495 584 1531 neglexisti,
600 1496 718 1522 tribulos
732 1500 760 1522 et
773 1496 867 1530 spinas
880 1495 988 1522 habeat.

1044 262 1161 298 αχθῆναι
1185 261 1216 288 τὸ
1239 261 1336 293 αῐτιον,
1358 262 1401 289 ἵνα
1425 262 1591 298 κουφότερον
1604 265 1762 300 καταστήσῃ
1778 266 1835 296 τοϊς

1044 307 1261 334 ὲπιϐουλευθεῖσι
1279 307 1309 333 τὸ
1323 306 1459 342 ἔγκλημα.
1481 308 1714 342 Ἐπικατάρατος
1725 309 1766 336 σὺ
1775 309 1837 337 ἀπὸ

1044 353 1166 380 πάντων
1181 352 1241 380 τῶν
1252 351 1371 386 κτηνῶν
1385 353 1434 380 καὶ
1444 353 1503 380 ἀπὸ
1517 353 1640 381 πάντων
1651 354 1710 382 τῶν
1724 356 1837 389 θηρίων

1043 397 1097 432 τῆς
1113 397 1179 433 τῆς.
1195 398 1240 430 Ὦς
1251 399 1323 425 κατὰ
1337 397 1427 433 πάσης
1453 399 1571 430 ὲκζέσας
1587 399 1637 434 τὴν
1650 399 1759 426 ἀδικίαν
1784 401 1836 436 τῆς

1045 445 1172 477 κτίσεως.
1192 445 1330 479 Οὑρανοῦς
1356 445 1514 481 ἐνύϐρισας,
1535 445 1575 480 τῷ
1594 445 1626 481 ιῷ
1644 446 1776 482 ῥυπώσας
1786 446 1834 474 τοῦ

1046 491 1158 525 φθόνου.
1179 491 1326 526 Ἀγγέλους
1345 491 1484 526 ὲλύπησας
1494 492 1527 527 τῇ
1541 492 1707 528 ἀποστασία,
1717 493 1836 528 νομίζων

1043 537 1175 563 ἐλαττοῦν
1186 537 1241 564 τῶν
1263 537 1419 572 ὑμνολόγων
1435 537 1465 564 τὸ
1490 531 1600 573 μέτρον,
1617 537 1667 565 οὐκ
1691 538 1769 570 εἰδὼς
1793 540 1835 566 ὄτι

1042 582 1082 617 τῷ
1109 582 1243 618 χωρισμῷ
1267 583 1314 609 τοῦ
1331 583 1452 618 χείρονος
1477 583 1624 616 πλεονάζει
1641 584 1671 610 τὺ
1699 586 1833 620 κρεῖττον.

1043 629 1210 662 Πληθύνων
1238 628 1383 661 πληθυνῶ
1402 629 1456 662 τὰς
1472 629 1572 662 λύπας
1588 638 1657 661 σου,
1682 631 1729 656 καὶ
1758 630 1833 665 ἑξῆς.

1043 674 1129 701 Βαϐαὶ
1153 674 1202 709 τῆς
1227 674 1397 709 Δεσποτικῆς
1423 674 1615 710 συμπαθείας1
1637 675 1836 709 ’Δγανάκτησις

1043 720 1250 756 φιλανθρωπίαν
1262 721 1464 756 ὑπερϐαίνουσα
1484 721 1567 756 νόμου
1588 721 1676 753 λύπας
1689 721 1775 756 ὁρίζει
1787 721 1836 747 καὶ

1044 767 1224 801 στεναγμοὺς,
1248 766 1292 793 ῐνα
1307 766 1421 799 ταύταις
1443 767 1650 802 ἑγκαρτεροῦσα
1663 767 1710 793 τὸν
1725 768 1758 793 ὲκ
1783 766 1834 801 τῆς

1043 812 1167 848 τέρψεως
1179 812 1348 847 ἁποδύσηται
1364 812 1489 840 θάνατον.
1515 812 1676 847 Πλατύτητα
1698 812 1762 848 [826
1786 811 1834 847 IL]

1046 857 1143 891 γένους
1156 857 1278 884 ἀπειλῶν
1291 857 1518 892 εὐαγγελίζεται·
1532 858 1693 893 προσθήκην
1708 857 1836 892 διαδοχῆς

1048 903 1221 938 ὑπισχνεῖται
1233 902 1403 939 λυπούμενος
1411 910 1418 917 ·
1440 903 1546 938 μητέρα
1566 903 1670 938 κόσμου
1687 903 1837 937 χειροτονεῖ

1044 948 1232 984 ὀργιζόμενος,
1255 949 1295 981 εἰς
1322 949 1467 984 προκοπὴν
1495 949 1571 983 ἄγων
1593 949 1644 983 τὴν
1669 948 1834 974 πταίσασαν.

1050 995 1098 1021 Ἐν
1111 995 1223 1027 λύπαις
1237 994 1308 1028 τέξῃ
1323 993 1424 1021 τέκνα.
1441 995 1490 1021 Διὰ
1507 993 1626 1029 γαστρὸς
1654 993 1788 1026 παιδεύει,
1800 993 1835 1020 δι’

1043 1038 1077 1076 ἧς
1092 1040 1227 1076 προῆλθεν
1244 1039 1283 1071 εἰς
1299 1039 1416 1066 ϐλισοον,
1441 1039 1473 1065 Ἦ
1494 1039 1541 1066 τὸν
1555 1038 1746 1074 κεκωλυμένον
1767 1039 1835 1064 ὑπο-

1043 1086 1178 1121 δεξαμένη
1200 1085 1306 1121 καρπὸν
1326 1085 1396 1120 αὐτὴ
1416 1085 1590 1120 μαστιζέσθω
1611 1086 1667 1116 τοῖς
1692 1084 1740 1111 τοῦ
1754 1085 1834 1110 τόκου

1044 1131 1145 1163 πόνοις.
1171 1131 1218 1158 καὶ
1244 1131 1294 1166 τῆς
1309 1130 1464 1166 προπετοῦς
1489 1130 1637 1166 ἐπιθυμίας
1661 1131 1710 1165 τὴν
1731 1130 1835 1166 βλάϐην

1044 1176 1237 1208 συστέλλουσα,
1251 1177 1298 1202 καὶ
1312 1176 1362 1210 τὴν
1382 1175 1541 1211 πλατύτητα
1555 1175 1604 1202 τοῦ
1619 1175 1714 1209 γένους
1731 1177 1835 1203 ἀντιτι-

1043 1223 1120 1249 θείσα
1134 1222 1173 1257 τῷ
1187 1223 1258 1257 ὄφει,
1273 1222 1320 1249 καὶ
1337 1222 1381 1249 διὰ
1394 1221 1500 1248 πολλῶν
1522 1221 1731 1249 καταϐάλλουσα
1750 1222 1773 1238 ⁸⁸
1786 1223 1834 1250 τὸν

1042 1267 1077 1294 δι’
1091 1267 1150 1300 ἑνὸς
1163 1267 1387 1302 καυχησάμενον.
1402 1267 1568 1302 Λυπουμένη
1582 1267 1659 1294 τίκτε
1674 1267 1833 1303 σωφρόνως,

1043 1313 1137 1348 ἐπειδὴ
1153 1312 1287 1348 χαίρουσα
1299 1312 1412 1344 τέτοκας
1428 1312 1605 1347 ἀσυμφόρως.
1623 1312 1679 1340 Kal
1694 1313 1769 1346 πρὸς
1780 1313 1836 1341 τὸν

1042 1358 1136 1392 ἄνδρα
1151 1365 1210 1385 σου
1229 1358 1248 1392 ἡ
1271 1357 1450 1392 ἀποστροφή
1480 1365 1550 1384 σου.
1581 1357 1756 1390 ’Υπεξούσιον
1784 1359 1835 1395 τὴν

1043 1402 1115 1430 Εὕαν
1141 1404 1212 1430 ποιεῖ
1236 1403 1275 1438 τῷ
1297 1403 1391 1438 ἀνδρί·
1418 1403 1449 1429 τὸ
1470 1403 1524 1438 γὰρ
1551 1403 1670 1438 ἄναρχον
1695 1405 1834 1438 ἀνωφελὲς

1041 1450 1098 1480 τοῖς
1113 1449 1142 1482 ἐξ
1167 1449 1271 1475 ἑαυτῶν
1295 1449 1444 1483 σωφρονεῖν
1457 1449 1507 1475 οὐκ
1531 1448 1641 1476 εἰδόσιν.
1663 1449 1717 1476 Kal
1742 1451 1833 1483 αὐτός

1041 1501 1100 1520 σου
1117 1494 1281 1527 κυριεύσει.
1308 1493 1393 1528 Δέχου
1414 1493 1460 1520 τὸν
1485 1493 1570 1529 ἄνδρα
1596 1494 1691 1528 κύριον
1721 1495 1768 1521 καὶ
1794 1494 1834 1531 μὴ

200 1542 372 1578 Sapientium
403 1541 574 1568 medicorum
599 1545 652 1573 est,
679 1540 767 1568 morbi
792 1541 936 1568 materiam
961 1541 989 1568 in

1043 1540 1089 1566 τὸν
1104 1539 1167 1573 ὅφιν
1177 1539 1323 1574 δεσπότην,
1340 1538 1446 1565 ἐκεῖθεν
1461 1539 1632 1574 ὀδηγουμὲνη
1648 1540 1716 1575 πρὸς
1738 1541 1834 1575 κρείτ-

199 1589 326 1617 sanitatis
351 1587 501 1615 remedium
521 1591 639 1619 mutare,
657 1591 685 1614 et
709 1595 771 1622 quae
797 1594 896 1614 nocere
910 1591 988 1621 puta-

200 1634 312 1666 bantur,
332 1634 408 1661 utilia
431 1641 493 1661 esse
515 1633 705 1660 laborantibus
731 1633 887 1660 ostendere.
905 1631 988 1659 Bitida

200 1679 293 1713 lingua
311 1684 481 1713 serpentum,
508 1678 613 1712 spinas,
638 1683 665 1705 et
681 1678 797 1705 tribulos
822 1678 938 1710 imitata,
954 1685 988 1705 ex

200 1732 256 1751 uno
271 1729 332 1751 0rtu
359 1725 385 1750 in
411 1729 467 1752 tres
489 1724 576 1751 divisa
603 1723 741 1751 stimulos.
756 1723 832 1750 Hanc
854 1723 888 1750 ad
907 1731 987 1758 opem

199 1770 318 1804 sumpsit
340 1769 465 1802 invidus,
493 1774 624 1804 tanquam
651 1773 747 1796 contra
759 1768 920 1796 Trinitatem
937 1777 988 1804 pu-

200 1819 346 1850 gnaturus,
371 1819 397 1841 et
413 1822 460 1849 per
481 1822 565 1841 unam
592 1814 691 1841 Adami
718 1815 875 1849 imaginem,
903 1819 987 1842 totam

202 1859 332 1887 Deitatem
351 1860 533 1888 calumnians.
551 1859 628 1888 Unde
645 1860 682 1887 illi
707 1867 807 1895 parens
823 1860 931 1887 rebellis
946 1865 988 1887 est

200 1907 268 1937 Deo,
281 1913 329 1940 per
344 1906 447 1933 similes
470 1914 513 1933 res
527 1906 628 1941 accipit
648 1906 815 1939 doctrinam,
831 1910 860 1933 ut
877 1906 911 1933 ab
936 1907 988 1934 hac

199 1953 397 1987 reprehensus,
407 1952 527 1987 serpenti
539 1952 635 1978 merito
648 1952 813 1987 indignetur,
830 1951 987 1980 inimicitias

200 2005 263 2025 cum
277 1998 324 2025 illo
349 2002 479 2032 perpetuo
503 2005 610 2032 gerens.
626 1997 700 2025 Vidit
721 2002 875 2024 creaturam
891 1998 923 2025 ad
944 2005 987 2025 re.-

199 2044 284 2072 medii
300 2044 521 2078 desperationem
545 2048 689 2078 mgrotare,
706 2050 761 2070 ttno
777 2043 925 2078 impietatis
938 2042 988 2071 fm-

198 2091 263 2117 dere
282 2089 392 2121 victam,
416 2093 444 2116 et
468 2089 552 2116 alium
573 2089 685 2116 modum
701 2096 756 2115 non
778 2095 841 2116 esse
858 2089 985 2122 sanandi,

201 2136 253 2164 nisi
267 2135 302 2168 is,
318 2136 364 2171 qui
379 2143 441 2162 cum
456 2139 570 2162 naturas
581 2135 754 2169 providisset,
774 2142 806 2162 ac
822 2135 986 2169 voluntates,

200 2180 363 2207 medicinam
377 2179 550 2207 adhibuisset
559 2179 679 2214 aegrotis,
696 2184 760 2206 tunc
775 2180 885 2206 demum
905 2180 987 2207 sciret

1028 1997 1221 2032 ’πταίσμασιν.

1041 1593 1106 1611 τονα
1119 1584 1186 1620 βίον,
1201 1585 1262 1612 ὅθεν
1279 1584 1413 1619 ληφθεῖσα
1427 1584 1563 1619 προῆλθες
1586 1585 1626 1616 είς
1640 1585 1757 1619 γένεσιν.
1776 1586 1833 1613 Kal

1041 1630 1082 1663 τῷ
1114 1631 1206 1665 Ἀδὰμ
1231 1628 1330 1661 εἶπεν,
1349 1630 1397 1656 καὶ⁸
1419 1630 1492 1665 ἑξῆς.
1519 1630 1603 1665 Ἄλλη
1628 1630 1832 1666 φιλανθρωπίας

1041 1672 1189 1709 ἀπόδειξις,
1199 1678 1248 1712 τῆς
1262 1676 1400 1712 προτέρας
1413 1677 1517 1703 νικῶσα
1538 1677 1584 1704 τὸν
1603 1677 1731 1705 ἔπαινον·
1747 1678 1833 1713 θυμὸς

1042 1724 1180 1760 πατρικῆς
1193 1723 1288 1758 γέμων
1303 1724 1432 1759 στοργῆς,
1451 1724 1552 1760 ἀπειλὴ
1568 1725 1723 1761 μιμουμένη
1740 1726 1834 1762 παρά-

1041 1769 1148 1804 κλησιν.
1170 1769 1245 1796 Ἔδει
1265 1769 1313 1804 μέν
1326 1778 1368 1804 σε,
1388 1769 1489 1806 φησιν,
1506 1771 1567 1805 ἐμοὶ
1580 1771 1780 1806 πειθαρχοῦντα
1794 1773 1832 1808 μὴ

1040 1814 1169 1847 δέξασθαι
1196 1815 1325 1849 γυναικὸς
1353 1816 1521 1852 συμϐουλὴν,
1550 1817 1617 1852 μηδὲ
1635 1817 1682 1844 τὸν
1700 1818 1752 1844 ὑπὸ
1782 1819 1833 1854 τῆς

1042 1860 1114 1896 ὲμῆς
1138 1861 1231 1894 χειρὸς
1255 1860 1397 1896 γραφέντα
1411 1861 1494 1897 νόμον
1511 1861 1654 1894 δακτύλοις
1678 1863 1832 1899 ἀπαλεῖψαι

1041 1906 1091 1942 τῆς
1102 1905 1174 1938 Elia;
1184 1914 1191 1921 '
1207 1906 1267 1932 ἐπεὶ
1282 1906 1310 1932 δὲ
1330 1907 1421 1941 σχέσει
1437 1908 1548 1941 γυναίου
1562 1907 1675 1943 ἄσχετον
1690 1909 1767 1944 ἔσχες
1782 1910 1832 1937 τοῦ

1041 1951 1128 1978 κακοῦ
1144 1951 1194 1987 τὴν
1215 1952 1315 1988 ὁρμὴν,
1335 1953 1413 1988 δέχου
1431 1953 1514 1988 νόμον
1528 1955 1583 1985 τοῖς
1607 1955 1662 1986 σοῖς
1678 1955 1832 1990 ἁρμόζοντα

1271 1998 1506 2032 Ἐπικατάρατος
1533 2000 1552 2033 ἠ
1586 1999 1636 2035 τῆ.
1677 2000 1706 2026 Ὀ
1744 2001 1832 2036 Ἀδὰμ

1040 2043 1160 2078 ἥμαρτε,
1173 2044 1221 2070 καὶ
1236 2044 1253 2079 ἡ
1264 2044 1299 2079 γῆ
1314 2044 1363 2079 τὴν
1379 2044 1459 2079 δίκην
1471 2046 1677 2080 εἰσπράττεται.
1690 2045 1771 2081 [1515
1784 2045 1832 2082 IL]

1049 2089 1171 2116 Ἐκεῖθεν
1185 2089 1273 2125 ἀρχὴν
1285 2090 1393 2124 δέχεται
1422 2092 1438 2125 ὴ
1459 2091 1579 2124 παιδεία,
1604 2092 1665 2118 ὅθεν
1680 2092 1831 2128 ἐϐλάστησε

1040 2135 1091 2170 τῆς
1108 2135 1217 2171 ἀπάτης
1239 2136 1269 2162 τὸ
1289 2135 1384 2164 αἴτιον,
1410 2136 1519 2171 Ἐπειδὴ
1532 2139 1587 2170 τοῖς
1607 2140 1700 2173 φυτοῖς
1715 2139 1832 2174 ὲφαλλό-

1043 2190 1122 2216 μενος
1133 2182 1188 2208 τῶν
1207 2182 1282 2217 ἐμῶν
1312 2182 1520 2218 ἀπεσκίρτησας
1544 2184 1670 2217 ἐντολῶν,
1697 2186 1832 2219 ἀκάνθαις

200 2233 310 2258 sanare,
335 2233 398 2253 cum
423 2225 550 2252 sanitatis
569 2232 654 2260 capax
680 2225 793 2252 omnino
817 2230 901 2253 esset.
923 2225 987 2253 ldeo

1042 2226 1086 2253 ἔσο
1098 2226 1120 2246 ⁸ο
1135 2227 1315 2262 συνεχόμενος
1323 2227 1370 2253 καὶ
1379 2228 1523 2263 τριϐόλοις.
1535 2229 1630 2263 Σοφῶν
1640 2230 1713 2256 ἐστιν
1730 2232 1832 2267 ἰατρῶν

200 2273 289 2301 dixit:
310 2273 429 2306 Domine,
446 2273 545 2300 inclina
558 2272 634 2299 caelos
650 2278 718 2311 tuos,
740 2277 764 2300 et
779 2273 903 2300 descende
918 2278 943 2306 Ρ,
962 2280 988 2300 et

201 2319 311 2346 similia.
331 2319 456 2347 Imitatus
476 2324 517 2348 est
546 2319 680 2347 Joannem
710 2319 831 2347 Lazarus
852 2324 877 2347 tt.
897 2320 945 2347 Ille
961 2320 988 2346 in

200 2370 296 2392 ventre
306 2366 402 2393 matris
417 2367 574 2399 exsultavit,
585 2373 706 2393 errorem
713 2366 877 2393 dissolutum
893 2366 924 2392 iri
938 2373 989 2393 ex-

201 2412 307 2438 sultans
327 2421 333 2438 :
351 2411 396 2438 hic
411 2411 437 2438 in
451 2412 569 2446 sepulcri
585 2416 662 2439 utero
672 2419 765 2439 eorum
774 2412 821 2446 qui
836 2417 987 2444 errasscnt,

202 2457 300 2492 5070
327 2458 512 2485 reversionem
536 2457 745 2485 demonstravit.
766 2457 798 2484 Et
823 2458 986 2485 miraculum

201 2502 336 2536 duplicem
360 2503 455 2530 habuit
470 2503 579 2536 seriem,
594 2508 619 2530 et
645 2504 793 2538 potentiam
817 2503 987 2530 Domiuiex-

201 2548 352 2581 tollentem,
385 2554 412 2576 et
435 2548 591 2576 Judmorum
616 2548 735 2584 linguam
762 2548 985 2576 confundentem.

201 2594 326 2622 Mortuus
342 2595 447 2628 obedit,
464 2599 494 2622 et
514 2594 567 2622 vivi
591 2603 644 2622 non
660 2595 733 2623 item.
752 2594 851 2622 lnferis
875 2594 988 2622 maledi-

201 2646 310 2674 xcruut,
337 2642 403 2677 quia
420 2641 553 2668 Lazarum
577 2641 736 2669 reddebant.
749 2640 986 2669 Conviciabantur

236 2741 251 2756 ³
267 2738 333 2767 Gen.
347 2748 386 2774 ιιι,
401 2740 443 2768 l6.
476 2747 489 2766 Ρ
503 2741 575 2769 Psal.
599 2750 653 2774 xtv,
669 2742 696 2775 4,
713 2741 738 2769 5.

777 2747 791 2766 (ι
804 2741 870 2770 Luc.
886 2750 907 2769 ι.
923 2742 968 2776 41,
985 2742 1030 2769 41.

1039 2272 1090 2307 τῆς
1108 2272 1187 2298 νόσου
1212 2272 1261 2308 τὴν
1287 2272 1353 2308 ὓλην
1379 2275 1418 2304 είς
1443 2275 1591 2309 φάρμακον
1617 2276 1833 2310 μετασκευάζειν

1040 2318 1147 2352 ὑγείας,
1188 2318 1295 2345 καὶτὰ
1331 2319 1499 2354 νομιζόμενα
1537 2321 1667 2355 βλάπτειν
1701 2323 1831 2359 ἐπωφελῆ

1040 2366 1175 2393 δεικνύειν
1201 2367 1258 2398 τοῖς
1278 2366 1420 2401 κάμνουσι,
1448 2367 1645 2405 Πολυσχιδὴςὴ
1673 2369 1721 2396 τοῦ
1742 2370 1832 2404 ὄφεως

1041 2412 1165 2447 γλῶσσα,
1191 2412 1313 2443 ἀκάνθας
1341 2413 1389 2439 καὶ
1417 2413 1558 2448 τριϐόλους
1576 2416 1745 2451 μιμουμένη.
1775 2417 1832 2442 ἀπὸ

1043 2459 1109 2494 μιᾶς
1129 2458 1199 2493 φυῆς
1227 2458 1267 2489 είς
1290 2458 1353 2493 τρία
1378 2458 1554 2494 διαιρουμένη
1582 2460 1692 2496 κέντρα.
1721 2461 1831 2496 Ταύτην

1041 2504 1137 2531 ἐλαϐεν
1155 2504 1196 2535 εὶς
1222 2503 1382 2538 συμμαχίαν
1406 2505 1420 2530 ὁ
1444 2504 1579 2539 βάσκανος
1602 2505 1639 2538 ὡς
1663 2507 1730 2542 πρὸς
1745 2506 1831 2541 αὐτὴν

1046 2549 1198 2584 μαχόμενος
1210 2548 1259 2583 τὴν
1275 2547 1388 2583 Τριάδα,
1405 2549 1453 2575 καὶ
1463 2550 1506 2576 διὰ
1521 2551 1585 2584 μιᾶς
1598 2550 1644 2576 τοῦ
1662 2551 1747 2585 Ἀδὰμ
1757 2552 1829 2578 εἰκό-

1040 2604 1084 2627 νος
1098 2595 1158 2621 ὅλον
1170 2594 1218 2629 τῆς
1227 2594 1353 2629 θεότητος
1369 2594 1517 2630 ἐνυϐρίζων
1529 2595 1559 2622 τὺ
1571 2597 1718 2631 πλήρωμα.
1733 2597 1830 2630 Ὅθεν,

1043 2638 1138 2674 ἐπειδὴ
1153 2639 1239 2676 ταύτῃ
1257 2639 1382 2672 πεισθεὶς
1400 2641 1508 2675 ἠπείθει
1523 2641 1593 2677 Θεῷ,
1608 2642 1652 2670 διὰ
1659 2643 1714 2670 τῶν
1728 2642 1832 2678 ὁμοίων

839 2809 957 2838 Vitlile
985 2810 1186 2840 LECTIONES.

237 2863 260 2879 ⁸⁸
273 2863 335 2892 libri
349 2866 548 2896 καταϐαλοῦσα.
586 2868 608 2885 ³⁸
620 2867 665 2894 ἔσο
682 2867 703 2894 Α
717 2877 722 2894 :
739 2868 808 2895 Εστω
821 2875 846 2900 ς’.
