1959 3081
144 152 194 184 2‘29

631 148 896 182 BIBLIOTHECA.
916 163 951 170 -—
978 150 1061 181 COD.
1079 150 1264 181 CCLXXIII.

1720 152 1775 185 230

143 210 249 244 δέχεται
262 207 312 243 τὴν
335 207 471 240 παιδείαν,
494 207 538 234 ἵνα
552 207 641 244 ταύτῃ
663 207 834 243 λυπούμενος
851 207 926 243 χαλει

987 206 1109 241 Christo,
1125 215 1225 235 novam
1236 216 1251 235 a
1266 207 1382 236 mortuis
1398 208 1604 236 suscitationem
1620 208 1772 237 inducenti.

142 254 226 290 παίνῃ
239 252 278 289 τῷ
293 253 365 287 ὄφει,
379 252 572 288 ἀκατόρθωτον
589 253 659 287 ἔχων
675 252 726 288 τὴν
745 252 814 288 πρὸς
829 253 934 279 ἐκεῖνον

142 298 244 334 φιλίαν.
269 297 387 325 Ἐελεπε
413 297 545 324 νοσοῦσαν
566 297 617 333 τὴν
640 297 730 324 κτίσιν
756 297 865 330 ἀνίατα,
893 298 934 324 ἑνὶ

141 343 332 380 κρατουμένην
358 343 487 374 ἀσεσείας
505 343 668 378 συνθήματι,
691 343 739 370 καὶ
760 343 860 378 τρόπον
881 343 933 370 οὐκ

142 388 211 417 εἶναι
229 389 402 426 διορθώσεως
415 389 521 425 ἕτερον,
542 390 567 415 εί
582 388 620 424 μὴ
632 389 738 422 φθάσας
750 390 763 416 ὁ
776 390 873 424 φύσεις
885 389 933 416 καὶ

140 434 253 470 γνώμας
289 434 450 470 θεραπεύων
477 434 528 469 τὴν
554 433 676 469 ἰατρείαν
706 434 842 470 παράσχοι
875 435 932 466 τοῖς

139 482 286 516 κάμνουσι,
298 480 360 507 τότε
379 479 542 515 θεραπεύειν
564 479 653 512 εἰδὼς,
666 480 729 506 ὅταν
748 480 811 514 ὕλην
825 480 894 515 λάδῃ
909 479 931 496 ⁵ο

138 527 188 562 τὴν
198 527 293 560 ὑγείαν
308 527 325 561 ἡ
335 527 422 558 νότος.
438 526 483 552 Διὸ
496 525 601 560 ἔλεγεν·
614 527 712 560 Κύριε,
722 526 828 553 κλῖνον
843 527 933 561 οὐρα-

985 253 1066 281 Pueri
1087 254 1204 289 hymnos
1216 255 1269 281 Deo
1281 254 1475 287 decantabant,
1488 255 1660 289 prophetiam
1677 256 1773 290 loque—

984 300 1097 332 bantur,
1116 300 1240 328 eumdem
1255 305 1283 328 et
1299 308 1383 328 unum
1396 308 1458 328 esse
1476 301 1502 327 in
1516 301 1594 333 ctelo,
1610 305 1635 328 et
1650 301 1675 327 in
1689 306 1772 333 terra.

985 349 1013 372 et
1030 345 1097 373 locis
1112 353 1166 372 non
1186 347 1319 381 separari,
1345 354 1438 373 ramos
1460 347 1614 382 palmarum
1633 347 1772 378 tenebant,

987 399 1042 418 non
1059 392 1174 426 palmas.
1193 391 1319 420 Nondum
1333 393 1407 419 enim
1431 393 1498 428 legis
1520 393 1690 420 sterilitatem
1705 400 1774 427 prae—

986 438 1126 472 tergressi,
1145 439 1241 473 gratiae
1262 439 1433 466 dulcedinem
1448 443 1601 473 gustarunt.
1615 439 1682 466 Cum
1695 439 1774 466 Chri-

986 488 1045 511 stus
1060 491 1182 511 amaram
1210 485 1347 519 serpentis
1369 485 1488 513 evellens
1503 486 1634 521 plantam,
1649 485 1774 513 incorru-

987 530 1090 564 ptionis
1108 530 1240 564 plantavit
1254 531 1435 559 dulcedinem.

138 572 213 605 νοὺς
228 571 453 605 καὶωτὰϐηθι,
481 570 630 598 καὶπολλὰ
647 571 769 599 τοιαῦτα.
802 572 972 608 Ἐμιμήσατο
998 574 1125 610 Ἰωάννην
1148 575 1162 600 ό
1186 575 1310 611 Λάζαρος
1345 584 1353 591 ο
1371 577 1473 608 ἐκεῖνος
1491 577 1520 603 ἐν
1551 578 1583 612 τῇ
1608 576 1697 612 κοιλίᾳ
1722 575 1772 610 τῆς

139 618 274 653 τεκούσης
308 618 423 652 ἐσκίρτα
455 617 506 652 τῆς
527 618 631 652 πλάνης
646 618 836 654 ἀγαλλόμενος
851 619 901 654 τὴν
915 620 1072 653 κατάλυσιν,
1088 621 1135 648 καὶ
1168 617 1246 653 οὗτος
1258 622 1296 653 ὡς
1308 623 1337 649 ἐν
1355 623 1446 658 μήτρᾳ
1462 622 1500 657 τῷ
1515 623 1593 657 τάφῳ
1607 623 1661 649 τῶν
1697 622 1772 648 πλα-

139 665 273 700 νηθέντων
297 664 407 698 ἐχόρευε
432 663 481 698 τὴν
513 664 672 699 ἀνάκλησιν.
696 665 751 692 Καὶ
776 666 873 701 διπλῆν
901 664 958 701 εἷχε
971 667 1048 700 τάξιν
1060 668 1090 694 τὺ
1104 667 1206 703 θαῦμα,
1222 668 1270 695 καὶ
1279 668 1329 703 τὴν
1345 669 1513 704 Δεσποτικὴν
1531 668 1734 704 μεγαλύνουσαν
1748 667 1770 682 ⁴¹

139 711 228 746 χεῖρα,
248 710 295 738 καὶ
325 709 374 743 τὴν
402 709 605 745 τῶνἙϐραίων
620 711 811 744 άμὸλύνουσαν
831 712 970 746 γλῶσσαν.
999 713 1028 740 '0
1055 714 1151 749 νεκρὸς
1177 715 1345 749 ὲπειθάρχει,
1368 716 1414 742 καὶ
1449 716 1473 742 οί
1500 716 1598 747 ζῶντες
1630 715 1769 750 ἠπείθουν.

146 758 354 793 Ἐῧλασφήμουν
386 756 430 782 τὸν
450 755 512 792 [827
538 756 585 792 Η.]
602 757 669 793 ᾃδην
695 758 732 790 ὡς
754 759 943 794 προδεδωκότα
963 760 1009 787 τὸν
1037 761 1163 796 Λάζαρον
1181 781 1188 792 ,
1217 761 1367 796 ἐλοιδόρουν
1390 762 1435 788 τὸν
1453 762 1570 797 Χριστὸν
1589 761 1624 792 ὡς
1650 769 1772 787 καινοτο-

140 807 243 842 μοῦντα
259 797 309 841 τὴν
337 805 456 840 ἔγερσιν.
484 804 629 840 Θεολογίαν
654 803 726 841 εἶχεν
745 807 759 833 ό
776 807 830 834 τῶν
848 807 950 834 παίδων
968 807 1052 843 ’ύμνος
1071 817 1077 823 ·
1097 809 1266 844 προφητείαν
1275 809 1399 836 ἐλάλουν·
1411 809 1458 835 ἕνα
1469 809 1515 836 καὶ
1531 808 1577 835 τὸν
1595 808 1675 835 αὐτὸν
1697 807 1772 843 ὡμοι-

139 854 235 888 λόγουν
268 854 323 882 τῶν
343 854 400 882 ἄνω
432 854 550 881 καὶτῶν
574 855 668 887 κάτω,
690 855 736 881 καὶ
768 855 906 890 χωρισμὸν
936 855 986 882 οὐκ
1021 854 1092 891 εἶχεν
1119 857 1133 883 ό
1159 857 1250 888 τόπος.
1278 857 1347 883 Βάῖα
1367 856 1389 872 δ’
1406 855 1534 890 φοινίκων
1567 856 1708 890 ἐκράτουν,
1738 856 1768 881 οὐ

139 898 367 935 φοίνικας”οὖπω
378 899 432 935 γὰρ
460 899 510 935 τὴν
522 899 663 936 ἀκαρπίαν
686 899 867 935 παρελθόντες
883 900 930 927 τοῦ
959 901 1041 936 νόμου
1059 902 1113 928 τῶν
1126 901 1177 936 τῆς
1208 901 1320 937 χάριτος
1353 901 1541 934 ἀπεγεύσαντο
1555 901 1768 935 γλυκασμάτων,

137 944 233 980 ἐπειδὴ
252 945 266 971 ό
286 944 309 960 ⁸³
324 945 442 980 Χριστὸς
455 944 531 971 οὔπω
544 945 593 980 τὴν
623 944 726 978 πικρὰν
745 944 792 971 τοῦ
807 944 895 979 ὃφεως
924 945 1116 982 άναῤῥιζώσας
1142 946 1253 982 φυτείαν
1286 947 1332 974 τὸν
1359 946 1409 981 τῆς
1433 946 1587 982 ἀφθαρσίας
1613 946 1769 982 ὲγεώργησε.

136 991 307 1028 γλυκασμόν.

490 1044 573 1074 ΣΟΓ¹.

139 1090 330 1125 Θεοδωρήτου
357 1090 391 1117 ἐκ
414 1089 474 1117 τῶν
490 1093 511 1117 ε’
536 1091 636 1122 λόγων
658 1090 701 1123 είς
717 1089 771 1116 τὸν
786 1089 821 1116 ὲν
833 1089 928 1124 ἁγίοις

313 1125 458 1159 Ἰωάννην
471 1125 526 1152 τὸν
536 1125 763 1160 Χρυσόστομον.

184 1170 359 1206 ’Δνεγνώσθη
389 1171 421 1197 ὲκ
445 1171 500 1197 τῶν
526 1170 573 1197 τοῦ
598 1170 734 1206 μακαρίου
754 1169 928 1205 Θεώωρήτου

137 1218 237 1254 λόγων,
254 1217 300 1249 οὓς
314 1218 356 1249 εἰς
373 1217 418 1243 τὸν
439 1217 469 1243 ὲν
492 1215 580 1250 ἁγίοις
612 1216 740 1251 Ἰωάννην
754 1216 800 1242 τὶν
821 1214 927 1250 Χρυσόο

139 1273 240 1300 στομον
257 1263 420 1295 συνετάξατο
430 1270 437 1277 ”
448 1259 486 1290 ὧν
499 1263 579 1298 ἡμεῖς
594 1262 674 1288 πέντε
684 1261 752 1293 τέως
767 1261 883 1296 εἴδομεν,
899 1260 928 1293 ἐξ

139 1307 177 1338 ὥν
198 1311 246 1337 καί
262 1318 340 1342 τινας
353 1309 468 1344 ἐκλογὰς
483 1308 532 1340 τὰς
547 1308 770 1343 ὑποτεταγμένας
786 1315 928 1342 παρεγρα-

161 1355 260 1383 άιιεθα.

138 1356 310 1428 “ﬂint:
325 1400 406 1426 πέντε
418 1399 506 1433 λόγων
520 1399 534 1424 ό
551 1397 659 1433 πρῶτος
671 1397 751 1424 ἄλλον
769 1397 824 1433 πρὸ
845 1396 928 1424 αὑτοῦ

139 1447 214 1474 δοκεῖ
222 1445 447 1481 διαδέχεσθαιλδῆ
459 1445 542 1480 μέρος
551 1443 633 1471 αὑτοῦ
641 1441 722 1470 εῖναι.
733 1443 806 1478 Πλὴν
814 1443 928 1477 διαλαμ-

141 1492 217 1520 ϐάνει
228 1492 290 1519 ὅθεν
298 1499 328 1518 τε
344 1490 512 1526 μετάκλητος
524 1490 563 1521 είς
575 1487 858 1516 Κωνσταντινούπολιν
865 1486 928 1523 ἧκε,

140 1537 191 1564 κα)⁵
201 1537 276 1568 ὅπως
288 1536 372 1570 αὐτῆς
387 1535 534 1570 ἀρχιερεὺς
540 1534 670 1568 κατέστη,
684 1532 732 1559 καὶ
744 1532 782 1564 ὡς
791 1532 840 1568 τὴν
854 1533 929 1566 ξερω-

140 1582 226 1618 σύνην
248 1583 296 1609 καὶ
323 1580 532 1617 ἀρχιερωσύνην
560 1579 601 1611 είς
627 1579 673 1605 τὸν
696 1578 810 1614 ἀρχαῖον
824 1578 928 1612 κόσμον

140 1629 291 1662 ἒπανάγειν
306 1627 437 1662 ἐπειρᾶτο
457 1625 560 1660 σπουδῇ
588 1625 683 1661 πάσῃ’
714 1624 762 1651 καὶ
788 1623 838 1650 ὅσα
858 1623 928 1658 πρὸς

139 1674 239 1701 Γαῖνᾶν
249 1672 330 1699 τοῦτο
341 1672 392 1706 μὲν
414 1673 428 1698 ό
440 1671 564 1705 γενναῖος
581 1669 769 1705 ἐπιστομίζων
787 1668 925 1704 Ἰωάννης,

1299 1047 1462 1075 CCLXXI".

1009 1092 1165 1120 Theodoreti
1186 1093 1215 1120 in
1244 1098 1366 1120 sanctum
1381 1093 1597 1128 Chrysustomum
1619 1093 1680 1121 libri
1699 1093 1732 1122 γ.

1015 1168 1079 1204 Legi
1101 1177 1116 1197 e
1129 1169 1208 1198 libris
1221 1170 1308 1198 sancti
1322 1169 1485 1198 Theodoreti
1497 1191 1504 1203 ,
1518 1178 1588 1206 quos
1601 1171 1628 1198 in
1641 1177 1767 1200 sanctum

978 1214 1112 1242 Joannem
1144 1215 1373 1251 Chrysostomum
1402 1217 1532 1251 scripsit,
1562 1225 1680 1252 quorum
1716 1226 1768 1246 nos

979 1265 1085 1288 tantum
1104 1262 1226 1297 quinque
1246 1262 1332 1290 libros
1350 1261 1480 1296 vidimus,
1497 1263 1569 1290 unde
1581 1263 1640 1291 haec
1667 1271 1766 1292 excer~

977 1316 1092 1343 pstmus.

1015 1397 1125 1425 Primus
1147 1397 1227 1430 liber,
1247 1398 1329 1425 alium
1345 1406 1395 1433 pro
1415 1398 1462 1425 illo
1484 1398 1592 1427 videtur
1609 1399 1766 1434 admittere.

979 1443 1023 1470 vcl
1040 1447 1144 1478 partem
1166 1443 1241 1470 illius
1258 1451 1329 1475 esse,
1351 1444 1403 1472 nisi
1425 1445 1497 1479 quod
1518 1445 1610 1478 addat,
1626 1447 1767 1480 quomodo

978 1493 1040 1523 post
1051 1493 1164 1516 vocatus
1182 1487 1449 1524 Constantinopolim
1478 1491 1601 1523 venerit,
1626 1497 1706 1526 utque
1721 1500 1768 1520 ar-

978 1534 1168 1569 chiepiscopus
1189 1534 1224 1561 sit
1244 1534 1419 1568 constitutus,
1435 1539 1463 1563 et
1480 1536 1620 1570 quomodo
1639 1538 1767 1565 sacerdo-

979 1580 1045 1607 tium
1058 1601 1065 1613 ,
1081 1586 1108 1607 et
1120 1588 1257 1608 summum
1274 1581 1456 1608 sacerdotium
1478 1583 1619 1617 antiquam
1642 1591 1766 1611 normam

978 1626 1091 1653 omnino
1113 1633 1240 1653 revocare
1255 1626 1408 1655 niteretur:
1423 1632 1450 1655 et
1468 1635 1529 1663 qua;
1545 1628 1766 1666 contraCainam

977 1672 1103 1706 egregius
1129 1671 1174 1699 ille
1189 1671 1308 1700 Joannes
1328 1673 1444 1701 dixerit:
1464 1675 1516 1702 hoc
1539 1682 1605 1702 vero
1628 1683 1677 1710 pro
1690 1683 1767 1703 com-

138 1719 217 1746 τοῢτο
225 1718 254 1744 δὲ
264 1718 336 1753 ὑπὲρ
345 1717 399 1743 τῶν
413 1717 511 1743 κοινῶν
522 1716 570 1750 τῆς
585 1716 724 1746 πολιτείας
733 1714 924 1750 διαπρεσϐευό-

980 1716 1052 1741 muni
1069 1716 1224 1750 reipublicae
1238 1717 1347 1752 negotio
1365 1718 1484 1754 peregit,
1500 1723 1528 1747 ct
1545 1720 1581 1747 ob
1595 1709 1724 1748 invidiam
1738 1722 1765 1748 in

141 1772 223 1800 μενος
236 1763 411 1798 πραγμάτων
428 1761 609 1796 διεπράξατο·
627 1761 674 1787 καὶ
689 1760 727 1792 ὡς
742 1760 840 1794 φθόνος
852 1758 926 1794 αὐτῷ

139 1810 190 1845 τὴν
222 1809 373 1844 ὑπερορίαν
402 1807 571 1843 ἑψηφίσατο·
599 1806 646 1833 καί
675 1814 737 1833 τινα
763 1805 818 1832 τῶν
844 1805 925 1841 μέχρι

137 1853 232 1885 τέλους
261 1853 376 1888 ἱστορῶν
405 1852 445 1888 τῷ
472 1851 609 1886 Θεσπεσίῳ
623 1846 926 1886 ἀνδριδιηνυσμένων,

137 1899 173 1926 τὰ
196 1899 293 1931 πολλὰ,
310 1899 410 1934 μᾶλλον
426 1898 455 1924 δὲ
469 1898 503 1924 τὰ
519 1897 632 1924 πλεῖστα
645 1897 824 1933 παρατρέχει.
856 1896 887 1924 Ὀ
898 1896 926 1923 δὲ

138 1944 238 1979 ἑφεξῆς
263 1944 342 1978 λόγος
365 1943 491 1975 ἐπαίνους
513 1943 589 1974 τινάς
608 1943 791 1978 ὀλιγοστίχους
814 1942 862 1969 καὶ
871 1943 924 1971 αὐ-

137 1990 182 2022 τὸς
212 1990 379 2024 ὸλιγόπιχος
396 1989 444 2021 ὢν,
467 1988 646 2024 διαπεριίνει,
671 1988 820 2023 ἀρχόμενος
849 1984 922 2014 ὦδεἿ

136 2034 238 2062 Πάλιν
256 2034 332 2069 ἡμῖν
364 2034 505 2062 Ἰωάννου
526 2035 558 2061 τὸ
569 2033 592 2049 ⁸⁵
615 2034 824 2068 μνημόσυνον.
852 2033 882 2060 Ὁ
896 2033 924 2060 δὲ

138 2081 207 2116 μετὰ
230 2081 325 2106 τοῦτον
350 2080 495 2116 ἐγκωμίων
534 2080 582 2114 μὲν
603 2079 650 2106 καὶ
667 2079 748 2111 αὐτὸς
775 2079 923 2114 ὑπέρχεται

136 2126 246 2161 νόμους,
264 2125 404 2162 [1516K]
422 2126 547 2161 διαφέρει
568 2125 600 2152 δὲ
624 2125 678 2152 τῶν
706 2125 759 2161 πρὸ
781 2125 862 2152 αὑτοῦ
888 2126 920 2160 τῇ

136 2173 252 2208 καλλονῇ
265 2172 320 2199 τῶν
334 2181 364 2199 τε
379 2173 510 2208 ῥημάτων
525 2172 572 2199 καὶ
585 2172 641 2199 τῶν
656 2172 809 2207 νοημάτων.
826 2172 922 2207 Προοι-

139 2218 266 2253 μιάζεται
279 2217 306 2244 δὲ
314 2217 385 2244 οὕτω
397 2226 404 2234 ’
416 2218 676 2253 Πολυστόμουτὴν
684 2217 920 2251 παροῦσαν-,ὑπό-

975 1760 1102 1788 exsilium
1117 1762 1213 1797 pulsus
1226 1767 1278 1796 est,
1290 1768 1317 1790 et
1328 1763 1417 1799 aliqua
1431 1772 1524 1792 eorum
1538 1773 1626 1801 usque
1640 1766 1673 1794 ad
1685 1767 1766 1794 ﬁnem

975 1814 1156 1842 prosequens,
1180 1816 1241 1843 qua:
1263 1810 1304 1836 vir
1331 1815 1442 1838 sanctus
1463 1811 1588 1846 perfecit.
1619 1812 1764 1841 Secundus

975 1853 1044 1881 liber
1058 1854 1165 1888 aliquas
1177 1862 1277 1890 parvas
1291 1855 1396 1890 laudcs,
1412 1865 1569 1892 quanquam
1580 1863 1607 1886 et
1623 1859 1681 1892 ipse
1698 1867 1767 1894 pau-

978 1898 1100 1925 cioribus
1113 1899 1204 1926 brevis
1221 1900 1271 1933 sit,
1291 1901 1415 1937 adjungit
1428 1923 1436 1934 ,
1450 1902 1490 1930 sic
1504 1902 1653 1937 incipiens:
1666 1903 1766 1930 Iterum

977 1945 1052 1972 nobis
1082 1945 1195 1973 Joannis
1225 1949 1363 1976 memoria.
1384 1948 1495 1977 Tertius
1521 1951 1602 1978 etiam
1635 1951 1765 1979 laudandi

977 1991 1085 2018 modum
1102 1993 1219 2020 excedit.
1238 1993 1463 2029 Distinguiturab
1479 1996 1540 2023 aliis
1555 1996 1631 2023 libris
1643 1997 1766 2031 pulchri-

976 2036 1072 2064 tudine
1083 2038 1229 2066 verborum
1247 2044 1273 2066 ει
1287 2041 1440 2068 nominum.
1452 2041 1486 2068 Et
1498 2042 1538 2069 sic
1550 2042 1663 2078 incipit:
1676 2043 1765 2078 Argu-

977 2088 1093 2110 mentum
1105 2104 1111 2116 ,
1128 2085 1179 2111 viri
1193 2085 1379 2116 disertissimi.
1399 2087 1462 2113 tuba
1477 2087 1609 2122 indigens,
1626 2088 1653 2120 in
1667 2089 1764 2123 puerili

979 2127 1070 2162 lingua
1080 2129 1160 2155 uideo
1173 2129 1332 2163 periclitari,
1341 2135 1365 2158 el
1378 2132 1456 2158 decus
1470 2132 1578 2166 pugilis.
1593 2133 1664 2159 mille
1673 2134 1762 2168 arti/l-

978 2175 1025 2201 ciis
1055 2175 1239 2210 descriptum,
1267 2184 1335 2203 nunc
1360 2177 1492 2205 imbecillo
1520 2179 1585 2205 mihi
1610 2180 1710 2213 artiﬁci
1728 2181 1765 2208 ad

976 2218 1175 2248 describendum
1191 2222 1354 2256 impositum.
1373 2222 1430 2250 Hoc
1449 2228 1491 2251 est
1504 2225 1678 2258 prooemium.

135 2267 223 2294 θεσιν
242 2264 411 2300 σάλπιγγος
429 2265 577 2300 δεομένην
613 2265 647 2292 ὲν
670 2264 794 2299 παιδικῆ
810 2264 869 2292 νῦν
901 2265 961 2299 ὁρῶ
981 2267 1224 2296 κινδυνεύουσαν
1253 2270 1381 2305 γλώττῃ,
1408 2269 1457 2296 καὶ
1481 2270 1598 2305 κάλλος
1627 2271 1763 2307 ἀθλητοῦ

132 2313 255 2349 μυρίαις
284 2313 537 2348 συγ-γραφόμενον
570 2312 690 2347 τέχναις
726 2312 851 2340 ἀσθενεῖ
870 2313 938 2346 νῦν,
978 2315 1022 2348 εις
1048 2315 1168 2350 γραφὴν
1190 2316 1256 2351 ἐμοὶ
1281 2318 1401 2352 τεχνίτῃ
1424 2319 1632 2354 προκείμενον.
1659 2320 1695 2347 Τὸ
1710 2320 1762 2356 μὲν

135 2359 279 2393 προοίμιον
292 2358 424 2386 τοιοῦτον.

173 2405 270 2437 ’Λλλος
285 2405 367 2432 αὐτὸν
391 2406 466 2432 ἕλκει
491 2405 587 2441 βοηθὸν
603 2406 816 2442 ’άρπαξόμενος,
844 2407 922 2439 ἄλλος

1010 2407 1087 2435 Alius
1112 2407 1189 2435 illum
1215 2408 1325 2443 rapiens
1355 2409 1382 2436 in
1407 2410 1539 2437 auxilium
1562 2411 1663 2445 trahit,
1690 2412 1762 2440 alius

135 2452 215 2479 καλεῖ
246 2451 424 2487 δικαζόμενος
457 2452 580 2479 σύνδικον
594 2459 601 2468 ·
635 2452 714 2484 ἄλλος
735 2452 835 2479 πεινῶν
852 2453 922 2489 ὑπὲρ

134 2498 240 2533 τροφῆς
267 2497 396 2530 ἱκετεύει,
424 2498 528 2533 γυμνὸς
551 2498 621 2534 ὑπὲρ
647 2498 815 2534 ἐνδύματος·
843 2498 923 2530 ἄλλος

134 2543 216 2570 αὑτὸν
228 2543 340 2571 άποδύει
351 2552 359 2560 ·
375 2543 455 2576 ἄλλος
474 2543 581 2571 πενθῶν
591 2544 632 2575 είς
644 2544 815 2579 παράκλησιν
824 2543 920 2570 δεῖται·

133 2588 242 2624 δεσμῶν
258 2589 354 2624 ἕτερος
378 2589 549 2624 ἀπολυθῆναι
577 2588 636 2625 βοᾷ.
655 2588 750 2615 Ἐλκει
775 2597 818 2620 τις
841 2588 922 2615 αὑτὸν

133 2634 213 2667 ἄλλος
230 2635 300 2671 πρὸς
325 2634 412 2662 νόσων
424 2634 569 2670 ἐπίσκεψιν
580 2643 588 2651 ·
615 2635 690 2668 ξένος
701 2635 774 2662 αίτεῖ
795 2634 922 2668 καταγώ-

973 2453 1114 2489 judicatus
1135 2458 1282 2489 patronum
1297 2460 1396 2488 vocat,
1414 2456 1484 2485 alius
1503 2456 1647 2486 famelicus
1667 2458 1760 2486 cibum

974 2501 1045 2529 orat,
1058 2498 1147 2525 nudus
1162 2503 1277 2532 vestem,
1297 2499 1367 2527 alius
1380 2500 1456 2528 illum
1475 2501 1574 2538 508a
1590 2504 1674 2536 exuit.
1688 2503 1760 2531 alius

973 2542 1068 2569 dolens
1100 2543 1316 2574 consolationem
1343 2545 1430 2580 petit,
1458 2546 1529 2574 alius
1564 2548 1663 2582 ligatus
1690 2549 1760 2575 solvi

976 2587 1113 2623 postulat,
1129 2588 1199 2615 alius
1226 2589 1309 2616 trahit
1331 2590 1407 2618 illum
1423 2591 1457 2618 ad
1475 2593 1633 2621 morborum
1651 2594 1760 2629 inspec-

975 2633 1090 2667 tionem,
1108 2633 1269 2670 peregrinus
1285 2635 1435 2672 hospitium
1447 2638 1577 2674 emagitat
1589 2659 1596 2672 ,
1608 2639 1679 2667 alius
1699 2647 1760 2668 sese

775 2744 893 2773 VARIIE
920 2743 1125 2773 LECT-IONES.

170 2800 327 2839 “_M60t_g.
365 2801 388 2818 “
405 2801 593 2838 μεγαλύνουσα
609 2807 636 2830 ει
650 2809 728 2831 versu
743 2810 802 2838 seq.
818 2802 993 2838 άμδλύνουσα
1003 2803 1036 2830 Α.
1071 2802 1094 2819 θ’
1106 2802 1169 2839 βαΐα
1180 2802 1212 2832 Β.

140 2833 266 2864 Ἰωάννου
281 2833 315 2865 Δί.

1242 2804 1265 2821 ⁵⁸
1280 2805 1294 2831 ό
1307 2811 1361 2833 om.
1374 2805 1407 2833 Α.
1443 2805 1465 2822 ⁵⁸
1481 2805 1605 2840 δέχεσθαι
1622 2814 1651 2839 ς.
1690 2806 1713 2823 ⁸⁸
1727 2805 1762 2834 ἐδ
