1973 3077
197 138 247 171 231

780 127 910 158 ΡΠΟΤΠ
924 125 1176 156 ΡΑΤΒΙΛΗΟΠᾸΞ.
1189 125 1242 155 CP.

1767 121 1821 154 232

198 200 297 226 sistens
317 194 437 223 debitum
453 191 574 226 deplorat
588 210 595 222 .
620 189 690 216 alius
705 187 836 215 arbitrum
850 190 876 212 et
890 183 985 221 pacitij

1049 190 1108 208 ἰον·
1126 182 1219 217 ἕτερος
1236 181 1378 217 παραστὰς
1392 180 1472 216 χρὲος
1490 179 1615 215 ὀδύρεται
1631 187 1637 195 ·
1663 178 1742 211 ἄλλος
1770 180 1822 205 ἐπ-

197 249 316 272 catorem
347 239 560 267 domesticarum
591 236 732 263 turbarum
768 231 906 261 accersit.
932 237 983 256 nec

197 296 293 317 servus
309 287 341 314 ad
358 285 440 312 alium
459 284 541 318 fugit,
557 288 677 309 amaram
697 278 802 306 Domini
819 275 983 309 indignatio-

197 342 260 362 nem
275 338 425 366 exponens.
440 329 526 356 Vidua
540 328 653 354 clamat:
669 325 810 355 Miserere,
826 322 878 349 alia
893 319 983 347 vidui-

198 382 281 405 tatem
299 362 432 410 deplorat.
449 373 542 399 Multae
564 378 595 397 ac
608 369 690 396 variae
713 366 786 394 Patri
802 387 808 397 ,
822 373 851 392 re
865 368 928 392 nata
955 362 982 390 in

200 409 398 457 singulos,7pro
409 418 524 452 singulis
543 415 727 444 mutationes:
747 412 851 446 rapitur
866 409 938 444 quis,
958 411 986 435 et

200 472 333 502 patronus
345 465 423 492 l’ater
433 472 442 490 τ
453 463 539 490 fames
551 465 638 492 vexat,
653 464 679 487 et
693 458 812 485 nutritor
825 464 857 483 ex
871 460 985 489 patrono

201 513 246 540 ﬁt:
260 512 358 546 aliquis
373 513 502 544 aegrotat.
517 510 543 534 et
555 507 582 533 in
596 505 729 532 medicum
744 507 821 538 pater
838 505 957 527 mutatur
977 508 983 526 :

202 559 296 586 dolore
317 556 415 591 aliquis
441 554 571 583 concidit,
584 556 610 578 et
622 549 773 577 nosoeomii
788 551 899 574 curatur
914 544 986 572 sola-

203 605 269 631 tium
296 590 384 629 alIert.
412 599 439 627 Si
464 599 587 632 hospites
617 594 729 623 curandi
745 613 751 625 ,
769 591 860 620 omnia
886 590 986 621 factus,

202 649 350 684 benignum
367 654 397 673 se
411 645 533 672 exhibet.
551 643 583 669 Et
598 641 662 676 quid
680 637 785 673 singula
797 636 912 666 attinet,
927 641 988 669 quae

203 703 252 730 per
264 700 372 722 omnem
391 691 450 724 eius
465 691 548 716 vitam
562 692 635 723 gesta
653 690 717 713 sunt
727 704 734 716 ,
750 680 988 711 commemorare?

204 748 266 768 cum
292 740 325 766 de
348 738 407 765 solo
432 734 584 763 sacerdotio
611 731 712 759 referre
745 735 887 764 nequeam,
914 731 987 753 tanta

203 785 329 813 homines
355 789 469 818 operum
499 778 660 807 salutarium
690 775 807 802 varietas
835 772 987 808 supradicta

204 840 258 860 non
275 816 395 865 reliquit.
418 827 439 856 Ο
458 826 595 862 egregium
618 828 677 858 post
695 826 807 849 mortem
831 819 942 846 ducem!
966 816 988 843 Ο

204 879 311 905 tristem
325 859 407 903 etiam
424 859 548 900 hostibus
565 873 625 905 post
641 867 807 902 sepulturam
824 864 935 891 militem
948 863 955 889 ἰ
969 861 991 888 0
1007 859 1028 888 Β

205 923 291 959 lyram
311 920 385 948 omni
402 917 543 946 harmonia
563 914 703 951 praeditam
717 932 724 944 .
744 915 832 938 morte
845 909 899 944 jam
916 908 988 935 solu-

205 953 260 996 tam
274 968 281 994 l
300 965 322 994 Ο
339 965 474 992 theatrum
492 966 568 989 tanto
590 959 702 988 tibicine
719 955 860 984 orbatum!
877 954 899 981 Ο
914 953 988 980 salu-

206 1018 289 1040 tarem
317 1011 456 1038 hominum
477 1014 605 1042 sagenam
618 1026 625 1038 ,
648 1005 675 1031 in
693 1003 791 1031 coelum
822 1000 947 1035 raptam!
968 998 990 1025 Ο

206 1059 329 1085 arborem
354 1057 382 1082 in
403 1054 503 1082 coelum
519 1053 575 1088 jam
587 1071 594 1084 ,
619 1056 648 1078 et
671 1055 772 1077 terram
788 1051 927 1074 extensam
942 1065 948 1076 ,
964 1049 991 1071 et

206 1104 270 1131 huic
282 1102 391 1137 quidem
404 1107 514 1133 corpus,
528 1098 566 1124 illi
576 1104 640 1124 vero
655 1096 773 1123 animam
783 1093 933 1122 tradentem
945 1091 951 1117 ί
965 1090 991 1116 ln

206 1148 351 1183 sepulchro
360 1145 487 1173 Ecclesiae
496 1151 525 1170 os
536 1142 696 1185 conclusum
703 1145 754 1167 est.
763 1139 886 1171 Quantus
893 1135 994 1163 ocellus

206 1193 314 1228 pietatis
330 1192 471 1218 hominum
483 1193 577 1222 raptus
590 1185 646 1214 cstl'
655 1185 713 1212 Non
723 1189 891 1214 mortuuses,
902 1184 995 1208 sancte

208 1237 346 1271 Patcr,sed
356 1241 385 1264 ut
394 1234 575 1266 soloccidisti;
583 1241 635 1260 non
644 1236 703 1259 teut
711 1234 847 1259 mortuum
857 1228 991 1259 dolemus,

207 1286 253 1314 sed
266 1284 382 1312 utnobis
393 1281 584 1310 absconditum
601 1288 608 1306 ε
625 1287 678 1306 non
690 1284 715 1305 te
732 1281 761 1304 ut
777 1280 914 1303 mortuum
924 1281 994 1308 qua:-

207 1333 304 1364 rimus,
313 1330 359 1358 scd
368 1333 397 1356 ut
409 1329 436 1355 iu
446 1328 530 1356 caelos
536 1327 681 1354 elevatum.
691 1324 736 1351 Sic
746 1323 802 1350 fere
812 1320 991 1348 tcrtiuslibcr.

1036 229 1123 262 όπτην
1135 228 1182 253 καὶ
1197 226 1360 261 διαλλάκτην
1375 225 1429 252 τῶν
1445 225 1505 251 κατ’
1516 223 1590 252 οἶκον
1612 225 1822 260 μεταπέμπεται

1039 273 1170 300 στάσεων.
1183 272 1251 300 Οὐδὲ
1264 271 1355 303 δοῦλος
1369 271 1436 307 πρὸς
1447 271 1527 298 ἄλλον
1538 271 1714 305 καταφεύγει,
1727 271 1823 297 δεσπό-

1037 327 1084 346 του
1100 318 1202 353 πικρὰν
1227 317 1434 352 ὀλοφυρόμενος⁴
1456 316 1654 350 ἀγανάκτησιν.
1673 316 1753 351 Χήρα

1037 365 1078 396 τὺ,
1106 364 1233 399 Ἐλέησον
1244 372 1250 379 ·
1264 363 1330 397 ἄλλη
1346 362 1395 397 τὴν
1411 362 1542 397 ὀρφανίαν
1563 362 1697 397 ὀδύρεται.
1718 362 1823 396 Μυρίαι

1038 410 1077 445 τῷ
1090 409 1177 445 Πατρὶ
1189 409 1249 436 καθ’
1260 409 1382 444 ἑκάστην
1395 408 1462 443 πρὸς
1475 408 1607 439 ἑκάστους
1619 407 1688 442 ὑπὲρ
1703 408 1819 434 ἑκάστου

1038 454 1148 490 τροπαί.
1174 453 1339 489 Ἀρπάζεταί
1363 462 1414 484 τις,
1441 453 1488 480 καὶ
1513 454 1660 487 συνήγορος
1683 454 1697 479 ὁ
1713 453 1822 488 Πατήρ²

1040 502 1119 536 λιμὸς
1132 500 1305 536 ὲνοχλεῖ,καὶ
1331 499 1457 536 [8281].]
1478 500 1595 536 τροφεὺς
1616 501 1647 526 ἐκ
1673 500 1823 536 συνηγόρου

1040 535 1160 581 γίνεται·
1177 535 1254 572 γνοσεῖ
1266 554 1318 577 τις,
1332 535 1378 572 καὶ
1396 545 1436 576 εἰς
1456 535 1545 580 ἰατρὸν
1559 545 1573 571 δ
1594 545 1711 580 τροφεὺς
1740 535 1825 579 μέτα-

1045 592 1182 619 6mm.-
1199 591 1292 618 πένθει
1303 600 1345 622 τις
1360 590 1566 625 περιπέπτωκε.
1583 591 1629 616 καὶ
1647 590 1661 616 ὁ
1678 590 1824 624 νοσοκόμος

1042 637 1199 672 εὑρίσκεται
1216 636 1391 672 παραμύθιον
1403 644 1410 650 ·
1430 635 1512 668 ξένων
1528 635 1628 670 ἐπέστη
1643 636 1764 670 φροντὶς,
1778 635 1824 661 καὶ

1042 683 1178 717 ξενοδόχος
1204 684 1217 709 ὁ
1243 683 1332 709 πάντα
1360 681 1478 716 γεγονὼς
1503 681 1702 707 ἀναδείκνυται.
1727 681 1781 707 Καὶ
1800 681 1825 707 τί

1041 728 1094 764 χρὴ
1107 729 1168 755 καθ’
1183 728 1297 755 ἕκαστον
1313 728 1401 761 λέγειν
1411 728 1451 759 ⁴⁶;
1481 728 1531 753 ὅσα
1561 726 1657 761 χρόνου
1676 726 1746 761 μέρη
1775 726 1820 752 τὸν

1042 775 1147 801 ἐκείνου
1165 774 1222 809 βίον
1243 774 1432 808 διεμέτρησεν,
1448 773 1491 799 ἵνα
1512 772 1549 806 μὴ
1561 772 1608 806 τὴν
1621 771 1826 807 ἀρχιερωσύνην

1045 821 1130 856 μόνην
1143 820 1224 854 λέγω,
1243 820 1360 853 τοσαύτη
1378 819 1440 850 τοὺς
1452 818 1614 853 ἀνθρώπους
1629 818 1717 853 ἔργων
1737 827 1826 853 σωτη-

1044 865 1108 901 ρίων
1123 864 1243 891 ποικιλία
1259 864 1392 899 προῖοῠσα
1409 863 1438 889 οὺ
1454 863 1583 890 διέλιπεν.
1608 863 1640 888 Ὢ
1658 862 1825 897 στρατιώτου

1042 910 1090 937 καὶ
1105 910 1175 945 μετὰ
1198 909 1327 944 τελευτὴν
1353 909 1504 944 ἀριστέωςί
1522 909 1554 934 Ὢ
1570 907 1692 944 λυπηροῦ
1711 908 1768 939 τοῖς
1780 908 1826 943 ἐχ-

1043 956 1117 992 θροῖς
1137 956 1185 982 καὶ
1211 954 1279 990 μετὰ
1305 955 1391 989 τάφον
1412 955 1537 981 ὁπλίτουῐ
1567 953 1589 980 ὣ
1608 954 1793 989 παναρμονίου
1804 954 1826 971 ’⁸⁷

1042 1001 1127 1037 λύρας
1140 1001 1252 1036 τελευτῇ
1267 1000 1418 1035 λελυμένης
1433 1001 1439 1026 l
1462 999 1484 1026 ὣ
1502 1000 1687 1035 δικαστηρίων
1700 999 1827 1034 τηλικοῦ-

1043 1056 1088 1074 τον
1102 1047 1253 1083 ρυθμιστὴν
1265 1045 1481 1081 ἐζημιωμένωνι
1499 1045 1522 1072 ὣ
1537 1045 1670 1080 σωτηρίου
1693 1047 1749 1076 τοῖς
1779 1045 1828 1071 ἀν-

1044 1093 1164 1128 θρώποις
1187 1093 1228 1124 είς
1265 1091 1378 1127 οὐρανὸν
1405 1089 1627 1125 ἀναρπασθείσης
1653 1090 1787 1125 σαγήνηςί
1806 1089 1828 1116 ὣ

1042 1138 1151 1172 δένδρου
1159 1138 1228 1172 πρὸς
1238 1136 1350 1171 οὐρανὸν
1361 1135 1407 1162 καὶ
1418 1136 1469 1170 γῆν
1482 1135 1665 1170 μερισθέντος,
1677 1135 1723 1161 καὶ
1732 1136 1764 1169 τῇ
1776 1136 1825 1169 μὲν

1043 1182 1073 1208 τὸ
1085 1182 1165 1216 σῶμα
1182 1181 1221 1216 τῷ
1238 1181 1266 1207 δὲ
1277 1180 1325 1215 τὴν
1347 1180 1436 1214 ψυχὴν
1456 1179 1644 1215 παρασχόντος
1659 1180 1665 1205 i
1690 1180 1718 1206 ἐν
1746 1180 1826 1214 τάφῳ

1045 1227 1075 1253 τὸ
1088 1227 1137 1262 τῆς
1162 1226 1325 1259 Ἐκκλησίας
1345 1226 1552 1260 συγκέκλεισται
1568 1225 1664 1260 στόμα.
1675 1222 1737 1256 Oro;
1752 1225 1829 1252 εὐσε-

1046 1272 1120 1303 ϐείας
1133 1272 1191 1305 ἐξη
1207 1270 1358 1306 ἀνθρώπων
1373 1271 1510 1306 ὀφθαλμὸς
1532 1270 1712 1306 ἁνηρπάσθηί
1733 1271 1763 1296 οὺ
1784 1270 1830 1296 τέ-

1046 1317 1158 1352 θνηκας,
1174 1314 1196 1344 ὦ
1217 1318 1336 1352 μακάριε
1349 1317 1452 1351 Πάτερ,
1466 1316 1524 1343 ἀλλ’
1542 1316 1579 1348 ὡς
1594 1317 1667 1352 ἥλιος
1684 1316 1755 1348 ἐδυς.
1775 1316 1830 1351 Οὐχ

207 1380 246 1410 ὡς
258 1377 441 1408 ἀποθανόντος
454 1374 601 1409 ἀλγοῦμεν,
623 1367 681 1399 ἀλλ’
712 1372 750 1403 ὡς
783 1370 848 1404 ἡμῖν
874 1365 1085 1402 κεκρυμμένου·
1102 1366 1149 1400 οὐχ
1164 1366 1201 1397 ὡς
1232 1366 1368 1393 τεθνεῶτα
1396 1364 1539 1400 ζητοῦμεν,
1555 1364 1611 1391 ἀλλ⁸
1632 1366 1669 1396 ὼς
1687 1365 1727 1396 είς
1749 1364 1831 1399 οὐρα-

207 1425 270 1455 νοὺς
288 1423 471 1458 μεταστάντα.
492 1419 572 1446 Ἀλλὰ
587 1417 698 1445 τοιαῦτα
714 1417 762 1452 μὲν
779 1416 826 1442 καὶ
843 1415 856 1442 δ
873 1411 992 1448 τρίτοςδθ
1012 1410 1099 1444 λόγος.

247 1470 397 1498 Laudantis
412 1472 503 1504 partes
528 1466 583 1502 agit
604 1466 733 1498 quartus;
761 1463 888 1490 nimirum
919 1459 991 1496 quod

207 1520 332 1552 oporteat
349 1519 474 1550 parentes
489 1512 590 1544 colere,
613 1511 721 1538 laudem
747 1509 868 1541 trahens,
883 1507 954 1535 unde
969 1510 996 1534 et

209 1563 267 1590 haec
294 1562 464 1596 deprompta.
497 1558 615 1586 Joannes
634 1557 732 1584 horum
751 1561 889 1590 pastorum
914 1561 993 1583 unus,

210 1608 363 1636 intellectus
378 1606 437 1634 sine
452 1604 568 1637 malitia,
588 1610 667 1630 mens
684 1601 803 1632 oculata,
826 1598 994 1634 Evangelica:

209 1652 385 1688 experientia:
404 1651 473 1678 liber
486 1670 493 1682 ,
529 1656 591 1677 cera
616 1646 835 1675 commutabilior
847 1665 855 1678 ,
884 1645 995 1679 pelagus
1007 1657 1030 1688 C

209 1699 360 1734 gratiarum
372 1717 380 1729 .
398 1700 493 1724 contra
514 1694 592 1721 dolos
608 1693 727 1720 hostium
745 1691 889 1722 infractus.
903 1690 997 1717 Eccle-

210 1745 258 1772 siae
273 1743 486 1770 munimentum.
498 1739 595 1766 Nullus
605 1739 679 1766 illum
691 1737 868 1773 hypocriseos
886 1743 999 1770 serpens

211 1789 300 1816 latuit.
327 1787 404 1816 Unde
429 1786 477 1814 tibi
500 1786 541 1813 vis
565 1783 742 1812 ostendamus
770 1782 903 1809 Joannem
928 1780 999 1808 cele-

211 1835 306 1862 brem?
322 1834 356 1860 ab
377 1831 579 1867 hospitalitate?
599 1829 700 1864 Ecquis
714 1828 821 1856 Joanne
834 1827 920 1862 magis
936 1826 999 1854 hos-

211 1880 325 1916 pitalis?
340 1887 355 1906 a
366 1879 498 1914 gravitate
512 1879 538 1904 in
549 1877 666 1904 honore?
675 1875 773 1911 Ecquas
784 1875 858 1902 illum
882 1878 999 1908 potestas

211 1925 377 1960 prostravit?
404 1924 501 1959 5080
519 1924 539 1949 A
559 1923 649 1950 studio
665 1922 691 1949 in
706 1920 878 1948 Ecclesiam‘l
898 1920 998 1954 Cujus-

216 1979 279 1998 nam
290 1971 384 1998 estilla
395 1970 529 1998 concinna
539 1968 689 1996 modulatio
698 1967 867 1994 Psalmorum
884 1966 910 1993 in
928 1966 999 1993 hanc

212 2025 300 2052 usque
308 2017 379 2044 diem
390 2016 498 2051 publice
511 2014 634 2042 instituta
646 2013 657 2040 ?
669 2013 721 2040 Sed
735 2013 793 2040 haec
807 2019 904 2047 quarto
916 2012 997 2039 lihro.

1088 1459 1322 1494 Ἑγκωμιαστικοῦ
1336 1462 1363 1488 δὲ
1380 1461 1465 1488 τύπον
1478 1460 1525 1487 καὶ
1549 1460 1563 1486 ὁ
1588 1458 1717 1493 τέταρτος
1733 1456 1832 1484 διασώ-

1047 1505 1098 1538 ζει,
1119 1507 1150 1533 ὲκ
1163 1507 1208 1533 τοῦ
1221 1507 1276 1533 δεῖν
1286 1508 1368 1543 τιμᾷν
1384 1507 1505 1541 πατέρας
1526 1505 1580 1531 τῶν
1597 1504 1715 1531 ἐπαίνων
1743 1504 1833 1537 ἀπαρ-

1047 1553 1161 1587 χόμενος
1172 1561 1178 1568 ι
1193 1550 1223 1578 οὗ
1239 1554 1296 1580 ἐστι
1317 1553 1364 1580 καὶ
1387 1552 1483 1578 ταῦτα.
1501 1551 1610 1577 Τούτων
1627 1550 1680 1576 τῶν
1696 1548 1832 1584 ποιμένων

1047 1597 1086 1629 εἷς
1107 1598 1155 1625 καὶ
1171 1599 1184 1625 ὁ
1202 1599 1329 1634 Ἰωάννης
1343 1599 1360 1633 ὴ
1379 1598 1481 1628 ἄκακος
1499 1597 1617 1628 σύνεσις,
1632 1597 1646 1623 ὁ
1670 1595 1833 1630 πολυόμμα-

1050 1653 1134 1680 ματος
1150 1644 1221 1677 νοῦς,
1246 1644 1296 1679 τῆς
1312 1643 1492 1678 εὐαγγελικῆς
1505 1642 1681 1677 ἐμπειρίαςὴ
1697 1641 1797 1676 βίϐλος,
1820 1642 1834 1668 ὸ

1049 1691 1135 1726 κηροῦ
1148 1691 1214 1726 πρὸς
1231 1690 1376 1724 διαλλαγὰς
1392 1689 1620 1724 εὖπλαστότερος,
1634 1689 1666 1714 τὸ
1691 1688 1758 1723 πρὸς
1775 1697 1825 1723 χα-

1053 1737 1174 1772 ρίσματα
1185 1736 1313 1771 πέλαγος,
1329 1736 1343 1762 ὁ
1355 1735 1424 1771 πρὸς
1447 1735 1540 1767 δόλους
1553 1734 1744 1769 πολεμούντων
1770 1734 1835 1761 ἀκέ-

1052 1791 1139 1818 ραιος,
1154 1782 1203 1817 τῆς
1220 1781 1382 1816 Ἐκκλησίας
1393 1781 1406 1807 ό
1434 1780 1589 1816 περίϐολος.
1606 1779 1701 1810 Οὐδεὶς
1721 1777 1834 1814 ὑποκρί-

1051 1836 1119 1859 σεως
1157 1827 1239 1854 αὑτὸν
1265 1826 1436 1854 διελάνθανεν
1460 1826 1531 1860 ὄφις.
1559 1824 1646 1851 Πόθεν
1675 1832 1717 1850 σοι
1746 1823 1836 1858 βούλει

1050 1873 1211 1908 δείξωμεν⁵⁰
1228 1873 1273 1899 τὶν
1290 1873 1415 1907 Ἰωάννην
1430 1871 1596 1907 πολύτιμον;
1612 1871 1644 1897 ἐκ
1667 1869 1835 1904 φιλοξενίαςς

1055 1920 1101 1947 καὶ
1113 1919 1154 1950 τίς
1174 1919 1296 1945 Ἰωάννου
1309 1917 1535 1953 φιλοξενώτερος;
1562 1918 1594 1943 ἐκ
1608 1917 1658 1951 τῆς
1673 1918 1703 1943 ἐν
1720 1924 1838 1951 προστα-

1052 1966 1121 1997 σίαις
1141 1965 1336 2001 στερῤότητος;
1358 1965 1404 1990 καὶ
1432 1964 1473 1994 τίς
1502 1963 1582 1989 αὐτὸν
1604 1962 1747 1988 δυναστεία
1770 1970 1837 1988 κατ-

1050 2011 1160 2047 ῄδεσεν;
1186 2011 1218 2037 ἐκ
1243 2009 1292 2044 τῆς
1308 2010 1372 2045 περὶ
1396 2008 1444 2044 τὴν
1471 2007 1618 2042 ἐκκλησίαν
1639 2007 1773 2040 σπουδῆς;
1790 2007 1838 2033 καὶ

211 2049 314 2097 τινοςή
335 2049 568 2097 τῆς-ψαλμῳδίας
594 2059 648 2086 τῶν
670 2058 824 2094 δημοτικῶν
846 2058 994 2092 ταγμάτων
1014 2057 1095 2094 μέχρι
1108 2055 1156 2083 νῦν
1187 2053 1343 2090 εὐρυθμία;
1383 2053 1465 2079 Ἀλλὰ
1484 2052 1596 2079 τοιαῦτα
1623 2051 1673 2086 μὲν
1702 2052 1748 2078 καί
1761 2049 1838 2081 οὗτος

212 2109 226 2134 ὁ
241 2108 331 2141 λόγος.

249 2151 373 2186 Sequens
389 2151 460 2178 liber
485 2149 595 2177 easdem
621 2149 707 2177 nectit
728 2148 841 2176 laudum
858 2149 996 2176 corollas:

212 2198 314 2224 clarius
333 2204 398 2224 vero
415 2196 611 2232 cogitationum
636 2202 748 2222 suarum
769 2194 851 2230 jubar
874 2194 996 2228 exponit.

215 2243 347 2271 Videntur
371 2243 410 2270 illi
436 2249 532 2270 omnes
553 2241 614 2268 libri
638 2241 769 2276 quinque,
785 2245 846 2275 post
862 2240 998 2268 reversio-

214 2296 275 2316 nem
287 2289 321 2315 ab
346 2288 444 2315 exsilio
461 2286 617 2322 compositi.
640 2285 702 2313 lltec
715 2293 825 2321 quoque
849 2286 910 2321 ejus
933 2285 996 2313 libri

214 2333 367 2369 fragmenta
384 2337 458 2361 sunt.

250 2422 289 2449 Da
303 2422 383 2449 nobis
395 2441 402 2454 ,
415 2429 432 2449 ο
448 2420 538 2454 Pater,
553 2425 677 2448 mutuam
692 2419 778 2455 lyram
793 2424 866 2447 tuam
880 2424 905 2447 et
922 2424 997 2447 tuum

215 2467 249 2495 ad
278 2471 352 2494 tuam
377 2466 487 2493 laudem
508 2466 627 2493 concede
655 2465 797 2500 plectrum.
830 2465 888 2492 Etsi
926 2465 999 2492 enim

216 2520 314 2540 manus
337 2516 443 2539 natura:
472 2511 567 2539 soluta:
594 2511 652 2546 lege
678 2515 763 2542 sunt,
790 2510 838 2538 sed
872 2511 929 2546 lyra
953 2519 1002 2545 per.

217 2566 326 2585 omnem
341 2562 441 2584 terram
462 2560 541 2584 sonat
566 2556 639 2583 dono
660 2557 762 2591 gratim.
786 2555 823 2582 Da
840 2556 918 2583 nobis
930 2556 1001 2583 illam

220 2604 401 2632 immortalem
415 2604 547 2638 linguam.
566 2602 629 2630 Sola
645 2603 717 2630 enim
733 2607 779 2630 tua
794 2602 885 2637 lingua
904 2610 952 2637 par
962 2607 1004 2630 est

217 2650 251 2677 ad
270 2649 441 2676 enarrandas
463 2656 508 2675 res
530 2651 601 2675 tuas.
621 2648 769 2683 Propterea
787 2647 907 2675 Joannes
919 2647 1002 2675 Joan-

216 2702 278 2722 nem
304 2693 466 2726 antecessil,
488 2693 573 2720 libere
597 2693 713 2727 loquens
740 2693 927 2720 :emulantem.
952 2692 1003 2724 Qui

1093 2147 1123 2174 '0
1152 2146 1175 2172 δ’
1201 2144 1298 2179 ἐφεξῆς
1325 2144 1387 2175 τοὺς
1409 2142 1508 2174 αὐτοὺς
1537 2142 1586 2178 μὲν
1611 2141 1665 2169 τῶν
1693 2142 1838 2177 ἐγκωμίων

1054 2193 1149 2220 πλέκει
1172 2191 1336 2224 στεφάνους,
1367 2189 1557 2224 λαμπρότερον
1573 2188 1600 2214 δέ
1629 2196 1687 2219 πως
1714 2188 1762 2223 τὴν
1783 2187 1838 2214 τῶν

1052 2237 1196 2272 νοημάτων
1207 2235 1282 2270 ἰσχὺν
1294 2233 1475 2268 ἀπαγγέλλει.
1490 2233 1612 2259 Ἑοίκασι
1623 2233 1645 2259 δ’
1655 2230 1728 2259 οὗτοι
1738 2233 1839 2265 πάντες

1053 2283 1077 2310 οἱ
1093 2282 1173 2308 πέντε
1189 2281 1263 2315 λόγοι
1280 2280 1350 2316 μετὰ
1366 2281 1416 2314 τὴν
1431 2280 1484 2306 ἀπο
1507 2279 1555 2314 τῆς
1570 2278 1717 2314 ὑπερορίας
1741 2279 1840 2305 ἀνακο-

1055 2328 1134 2364 μιδὴν
1155 2326 1343 2362 συντετάχθαι.
1375 2325 1427 2352 Τοῦ
1456 2325 1483 2351 δὲ
1503 2324 1558 2359 νῦνΙ
1573 2325 1651 2359 λόγου
1670 2325 1752 2359 μέρος
1772 2325 1840 2351 εἰσὶν

1015 2362 1038 2391 D
1053 2362 1081 2400 αἱ
1092 2362 1241 2409 ττερικοτταλ¹
1252 2373 1307 2398 τῶν
1324 2371 1513 2407 ὑποκειμένων
1526 2370 1666 2406 ῥημάτων.

1089 2420 1168 2456 [1517
1184 2418 1229 2454 IL]
1245 2419 1355 2453 Χρῆσον
1370 2419 1446 2452 ἡμῖν,
1461 2415 1483 2443 ὦ
1501 2417 1602 2452 Πάτερ,
1615 2417 1664 2451 τὴν
1688 2415 1773 2452 λύραν
1790 2416 1840 2450 τὴν

1054 2466 1121 2498 σήν·
1141 2465 1170 2491 τὸ
1193 2464 1237 2490 σὺν
1253 2464 1292 2491 εἰς
1316 2464 1366 2498 τὴν
1390 2462 1438 2497 σὴν
1467 2461 1604 2496 εὐφημίαν
1629 2461 1751 2488 δάνεισον
1773 2460 1840 2494 πλῆ-

1054 2520 1146 2546 κτρον.
1167 2511 1198 2537 Εἰ
1212 2510 1266 2545 γὰρ
1286 2509 1334 2536 καὶ
1349 2510 1376 2535 αι
1393 2510 1481 2544 χεῖρες
1492 2507 1625 2542 ἐλύθησαν
1640 2507 1679 2543 τῷ
1703 2507 1776 2541 νόμῳ
1791 2508 1842 2541 τῆς

1058 2558 1174 2592 φύσεως,
1205 2555 1262 2582 ἀλλ’
1291 2556 1307 2590 ἡ
1331 2555 1400 2590 λύρα
1429 2554 1474 2581 διὰ
1495 2555 1586 2589 πάσης
1603 2553 1652 2588 τῆς
1678 2552 1842 2586 οἰκουμένης

1057 2604 1120 2637 ὴχεῖ
1133 2601 1170 2637 τῷ
1193 2601 1302 2637 δώρῳ⁸¹
1330 2601 1379 2635 τῆς
1390 2600 1511 2635 χάριτος.
1547 2599 1670 2632 Ἐγείνης
1700 2599 1765 2632 ἡμῖν
1792 2597 1844 2631 τῆς

1056 2648 1191 2674 ἀθανάτου
1206 2647 1328 2682 γλώττης
1347 2646 1460 2681 μετάδος
1472 2654 1480 2661 ⁸
1496 2646 1563 2680 μόνη
1578 2645 1632 2679 γὰρ
1648 2645 1665 2679 ἡ
1686 2643 1719 2679 σὴ
1733 2642 1842 2677 γλῶττα

1059 2693 1115 2720 τῶν
1131 2693 1186 2719 σῶν
1205 2691 1427 2728 κατορθωμάτων
1441 2691 1514 2725 ἀξία.
1535 2690 1584 2717 Διὰ
1608 2689 1695 2715 ταῦτα
1714 2688 1842 2723 Ἰωάννης

850 2741 970 2770 VARIE
996 2741 1198 2770 LECTIONES.

251 2789 274 2805 “
285 2789 375 2829 λέγειν
391 2796 447 2816 om.
465 2789 508 2829 A.“
536 2789 761 2829 "nutayapttoogou
775 2789 795 2816 Β
812 2797 820 2816 :
839 2789 1026 2829 παναρμονίας
1058 2799 1087 2821 ς.
1127 2789 1149 2806 ³³
1160 2789 1202 2823 ὲξῑ
1214 2789 1275 2817 add.
1291 2788 1324 2816 A.

1379 2789 1402 2806 ⁸⁸
1412 2787 1502 2823 τρίτος
1524 2787 1543 2813 Β
1561 2796 1568 2813 :
1586 2785 1675 2821 τρίτος
1704 2784 1721 2820 ἢ
1745 2784 1843 2819 τέταρ-

215 2831 259 2855 τος
281 2833 310 2856 ς.
329 2824 406 2859 λόγος
417 2832 470 2854 om.
490 2824 518 2851 Β.
559 2825 581 2840 ⁵ο
597 2824 658 2851 libri
679 2824 811 2860 δείξομεν.
849 2825 869 2840 ¹¹
889 2824 979 2859 δώρῳι
997 2824 1068 2858 λόγῳ
1085 2829 1116 2852 Α,
