1959 3081
113 178 165 209 233

626 180 888 212 BIBLIOTHECA.
903 196 937 200 —
954 183 1035 220 σοι),
1050 183 1229 213 CCLXXI“.

1684 183 1736 217 234

120 235 245 270 Ἰωάννην
259 236 421 271 ἁπεῢιηφεν,
434 237 448 264 ὸ
462 238 742 273 πεπαρῤησιασμένος
753 239 799 267 τὸν
814 239 895 274 ζηλω-

953 246 1041 268 mortn
1075 242 1265 276 reprehendit.
1292 242 1484 277 praedicantem
1515 248 1575 278 post
1600 250 1736 280 mortem,

111 282 170 317 τὴν,
183 282 198 308 ὁ
211 282 281 316 μετὰ
306 281 421 309 θάνατον
437 282 558 318 ἐλέγχων
580 284 625 310 τὸν
645 285 815 320 κηρύττοντα
831 285 901 321 μετὰ

113 327 238 359 θάνατον,
256 328 270 354 ό
286 327 336 362 τῆς
355 329 461 363 ἐρήμου
486 328 598 364 πολίτης
619 330 664 356 τδν
683 330 776 366 πάσης
791 331 897 364 πόλεως

116 373 319 408 σωφρονιστὴν,
333 372 396 408 [829
407 373 455 410 H.]
474 375 566 409 Ἔχεις
580 376 628 401 καὶ
643 375 726 411 ἄλλην
747 375 816 411 πρὸς
838 377 902 409 τοὺς

111 418 279 451 ἀποστόλους
293 420 464 454 συγγένειαν.
480 421 592 454 Πρῶτος
618 421 694 456 παρά
719 423 774 454 τοῖς
798 423 902 457 ἁμαξο-
920 453 924 456 .

112 466 180 498 ϐίοις
194 466 312 498 Σκύθαις
338 466 522 502 θυσιαστήρια
535 467 637 502 ἔπηξας
650 476 657 483 ·
676 468 724 495 καὶ
750 469 827 503 μόλις
843 469 899 496 τῶν

111 512 203 539 ἵππων
222 513 402 548 ἀποπηδήσας
429 514 444 540 ὁ
469 513 608 549 βάρϐαρος
633 513 719 549 ἔμαθε
741 514 805 548 γόνυ
831 515 902 549 κάμι

109 567 189 585 πτειν
201 558 249 585 καὶ
261 560 301 591 εἰς
318 559 415 594 ἔδαφος
441 559 632 592 ἐξαπλοῠσθαι.
648 561 703 588 Καὶ
721 562 736 588 ὁ
763 563 819 594 τοῖς
844 562 900 589 τῶν

111 604 293 640 αἰχμαλώτων
313 605 429 640 δάκρυσι
454 605 491 641 μὴ
506 607 699 642 καμπτόμενος
714 607 815 643 ἔμαθεν
828 608 900 644 ὑπὲρ

109 650 320 685 ἁμαρτημάτων
333 650 473 686 δακρύειν.
489 651 544 678 Ναὶ
551 652 574 668 ¹¹
594 651 648 688 μὴν
662 653 709 679 καὶ
719 653 766 679 τὸν
788 654 900 689 τοξότην

111 695 224 731 Πέρσην
252 696 450 728 ἁντετόξευσας
466 696 505 731 τῷ
529 698 701 734 κηρύγματι,
719 699 766 726 καὶ
791 699 898 735 σιδηρο-

109 742 258 776 φοροῦντες
288 742 492 777 προσκυνοῦσιν
505 744 605 770 ἐκεῖνοι
617 744 663 771 τὸν
690 746 895 780 σταυρωθέντα.

115 788 258 824 Ἐνικησεν
272 789 289 824 ἡ
303 789 337 825 σὴ
351 789 460 823 γλῶττα
475 791 616 818 Χαλδαίων
641 792 688 818 καὶ
704 792 799 827 μάγων
822 801 898 828 μαγ-

108 835 286 869 γανευτήρια,
301 835 348 861 καὶ
363 837 379 870 ή
402 836 597 871 κεχερσωμένη
611 836 713 872 Περσὶς
737 838 898 873 εύκτηρίους

108 880 198 912 οἴκους
211 880 391 916 ἐϐλάστησεν.
407 881 506 908 Οὐκέτι
531 881 581 916 τῆς
593 882 722 914 εὐσεϐοῦς
749 882 896 918 θρησκείας

108 925 144 953 τὰ
162 926 322 958 Βαϐυλῶνος
338 927 478 964 ἀλλότρια.
504 927 597 955 Ταῦτά
612 937 642 954 σε
663 929 721 960 τοῖς
738 928 896 960 ἀποστόλοις

110 973 254 1006 συνέταξεν
263 974 298 1001 ⁵³.
317 974 379 1000 Ἔτι
392 974 458 1008 παρ’
478 974 545 1009 ἡμῖν
558 974 594 1001 τὰ
616 974 760 1010 σπέρματα
775 974 826 1010 τῆς
848 976 897 1010 σῆς

109 1018 233 1054 γλώττης
248 1019 324 1046 ἀνθεῖ
336 1028 343 1034 ·
356 1019 408 1046 κᾶν
430 1020 558 1056 Ἰωάννην
574 1029 616 1052 τις
632 1020 764 1057 ὀνομάσῃ,
788 1021 898 1053 πολὺς-ό

108 1063 177 1101 ἦχος
200 1065 380 1100 ἐκκρούεται.
415 1066 448 1093 Ἢ
466 1065 529 1101 γὰρ’
544 1066 760 1101 ὲκκλησιαστικὴ
781 1066 850 1102 λύρα
866 1066 897 1094 τὸ

108 1113 222 1147 ἀρχαῖον
235 1111 374 1147 πλῆκτρον
396 1112 585 1146 ἐπιγινώσκει,
602 1113 650 1139 καὶ
677 1113 738 1139 ἀντὶ
757 1113 896 1140 δακτύλων

109 1158 239 1194 ἀρκοῦσιν
255 1159 283 1184 αἱ
298 1158 345 1184 τοῦ
360 1158 408 1184 σοῦ
432 1159 564 1194 ὀνόματος
579 1158 718 1186 συλλαὸαί.
731 1159 864 1186 Ἐὁλεπεν
872 1159 896 1175 ⁵⁵

108 1204 126 1238 ἡ
156 1203 262 1238 βασιλὶς
281 1203 361 1232 πόλις
385 1204 420 1230 τὰ
449 1204 482 1230 ὲκ
510 1203 605 1239 Σηρῶν
618 1204 641 1220 ⁸⁸
675 1204 835 1239 ὑφάσματα,
849 1204 897 1232 καὶ

108 1249 248 1276 διέπτυεν-
264 1249 377 1285 ἐθεώρει
401 1249 465 1281 τοὺς
477 1249 506 1283 ἐξ
530 1249 620 1277 Ἰνδῶν
638 1249 740 1283 λίθους,
759 1251 806 1277 καὶ
829 1259 895 1277 κατ-

108 1295 216 1330 εφρόνει
226 1303 233 1310 '
242 1296 303 1322 οὐδὲ
319 1296 370 1331 τῆς
384 1296 472 1331 Τύρου
486 1295 517 1322 τὸ
531 1296 664 1332 ἁλουργὲς
680 1297 766 1332 αὐτὴν
782 1297 895 1333 ἔτερπεν

112 1341 201 1373 ἄνθος.
216 1341 337 1378 Πηλινην
353 1342 446 1370 ἐπόθει
463 1343 597 1377 γλῶτταν,
625 1343 748 1370 ἀθάνατα
769 1343 895 1371 διδασκα-

108 1385 167 1419 λίας
190 1388 360 1423 προχέουσαν
384 1389 504 1423 νάματα.
534 1386 596 1415 Εἶδέ
622 1397 652 1415 σε
679 1390 726 1416 καὶ
747 1390 861 1423 Ἔφεσος
876 1391 894 1425 ή

107 1433 219 1469 ἀρχαία,
246 1435 293 1460 καὶ
317 1435 376 1461 νέον
409 1434 536 1470 Ἰωάννην
562 1436 723 1472 προσεῖπεν.
752 1434 823 1468 Εῐδε,
847 1437 894 1463 καὶ

107 1479 289 1516 ιύαγγελικῆς
303 1481 467 1516 ὑπεμνήσθη
495 1480 620 1516 βροντῆς.
642 1481 794 1515 Ἐντεῦθεν,
822 1483 892 1516 ἀγα-

107 1526 198 1560 πητοὶ,
213 1526 243 1553 τὸ
257 1526 347 1562 ῥεῦμα
372 1525 420 1554 τοῦ
448 1527 528 1562 λόγου
557 1527 732 1563 τραχύνεται·
758 1527 828 1554 ἀλλὰ
854 1527 891 1563 μὴ

106 1571 238 1608 φύγωμεν
255 1573 306 1608 τὴν
330 1574 499 1610 τραχύτητα,
526 1575 576 1609 τῆς
592 1575 705 1610 εἰρήνης
726 1574 820 1602 λοιπὸν
835 1575 892 1601 ὀδο-
906 1587 928 1618 C

106 1618 236 1654 ποιούσης
249 1619 290 1654 τῷ
305 1619 433 1655 ῥεύματι.
462 1621 494 1647 Ei
509 1621 563 1656 γάρ
590 1629 617 1648 τι
643 1621 712 1656 πρὸς
737 1621 801 1652 τοὺς
829 1621 893 1653 σοὺς

106 1665 217 1697 ναύτας,
234 1663 258 1692 ὦ
272 1666 373 1702 Πάτερ,
389 1668 564 1701 ἀγανακτεῖς,
585 1668 612 1695 εῐ
628 1676 655 1695 τι
669 1668 736 1704 πρὸς
745 1668 810 1699 τοὺς
823 1676 892 1702 συμ-

106 1712 293 1744 πεπλευκότας
304 1713 387 1749 λυπῇ,
401 1714 528 1748 ὶννόησον
544 1714 584 1740 ὃτι
596 1714 700 1750 χειμὼν
716 1715 764 1741 καὶ
789 1713 893 1741 κλύδων

107 1757 151 1784 καὶ
166 1757 289 1785 θάλασσα
299 1758 471 1794 βρασσομένη
482 1761 637 1794 ἠνάγκασεν
649 1760 749 1792 αὐτοὺς
757 1760 804 1787 καὶ
812 1759 893 1787 ἄκον-

106 1813 153 1836 τας
167 1806 213 1832 τὸν
231 1806 324 1833 Ἱωνᾶν
338 1806 488 1842 προσρῖψαι
514 1808 572 1838 τοῖς
587 1807 718 1842 κύμασιν.
740 1807 797 1834 Οὐκ
820 1807 893 1833 ἐκεῖ·

105 1858 158 1878 νων
169 1852 260 1886 μῖσος,
273 1851 342 1878 ἀλλὰ
357 1851 402 1878 σὺν
413 1852 565 1886 γυμνάσιον
575 1851 606 1878 τδ
620 1852 738 1887 συμϐάν·
753 1852 805 1878 οὐκ
817 1851 894 1878 ὲκεί-

105 1904 158 1922 νων
168 1897 300 1930 πόλεμος,
318 1896 386 1923 ἀλλὰ
401 1896 446 1928 σὸς
455 1895 530 1930 ἀγὼν
543 1897 577 1923 τὰ
588 1897 734 1932 γενόμενα.
745 1897 803 1924 Οὐκ
819 1897 892 1924 ἐκεῖ·

105 1948 144 1966 νοι
158 1941 207 1976 τῆς
232 1941 384 1977 ἁδελφικῆς
408 1942 603 1977 ἀπηνέχθησαν
626 1942 730 1978 ψήφου,
760 1942 818 1969 ἀλλ’
839 1941 893 1969 ἔδει

105 1986 150 2013 καὶ
166 1987 197 2012 σὲ
212 1987 261 2013 τὸν
276 1986 384 2014 δίαυλον
404 1986 458 2014 τῶν
482 1987 631 2023 μαρτύρων
653 1987 777 2023 δραμεῖν.
796 1988 894 2024 ’Δπόῤ-

105 2032 186 2067 me;
199 2041 242 2064 τις
255 2032 398 2067 οἰκονομία
413 2033 565 2068 σκάμματά
574 2033 598 2049 ⁸⁸
616 2041 657 2059 σοι
676 2033 724 2059 καὶ
735 2032 860 2063 διαύλους
870 2033 893 2049 ⁸⁷

103 2078 265 2114 ηύτρέπισε.
287 2078 400 2110 Πάντως
416 2079 516 2115 ἐῤῥέθη
532 2079 580 2106 καὶ
594 2081 659 2114 περὶ
686 2079 733 2106 σοῦ
753 2080 822 2114 πρδς
848 2079 894 2105 τὸν

103 2124 191 2151 κοινὸν
204 2125 355 2152 ἀντίπαλον
369 2125 419 2160 τῆς
435 2125 657 2160 ἁνθρωπότητοςθ
671 2124 847 2158 Προσέσχες
856 2124 894 2159 τῇ

103 2169 219 2204 διανοίᾳ
234 2179 297 2198 σου
310 2171 385 2198 κατὰ
400 2171 454 2198 τοῦ
465 2170 647 2205 θεράποντάς
655 2179 716 2205 μου
739 2171 893 2203 Ἶωιὶννου;

104 2217 233 2252 καὶὲξῆς.
255 2217 452 2252 Ἐχρεωστεῖτο
464 2217 502 2252 τῷ
515 2216 635 2252 λαμπρῷ
656 2217 705 2251 βίῳ
725 2218 773 2244 καὶ
794 2217 893 2252 ήλαμ-

953 287 1056 315 deserti
1076 288 1164 315 incola
1180 288 1264 316 totius
1281 288 1356 316 orbis
1370 288 1531 323 sapientem.
1549 289 1639 317 Habes
1654 292 1737 319 aliam

953 339 1016 358 cum
1031 332 1165 366 apostolis
1181 332 1382 367 cognationem,
1403 333 1508 367 primus
1523 334 1594 367 apud
1609 334 1737 369 Scythas.

951 379 1017 414 quid
1033 379 1108 414 quod
1129 379 1157 406 in
1171 378 1296 405 curribus
1311 378 1413 411 vivant,
1431 378 1585 406 hamaxobii
1597 380 1660 406 dicti
1675 388 1737 407 aras

951 425 1073 456 erexisti.
1088 430 1114 452 et
1130 425 1263 453 barbarus
1275 426 1318 453 vix
1333 425 1367 453 ab
1382 425 1461 460 equis
1473 425 1623 458 dissiliens,
1641 425 1738 454 didicit

952 477 1022 504 genu
1038 470 1155 502 ﬂectere,
1173 475 1200 497 ct
1220 470 1253 497 ad
1274 469 1459 505 pavimentum
1474 470 1623 502 incurvari,
1646 475 1674 498 et
1690 471 1737 506 qui

951 516 1124 551 captivorum
1158 516 1374 556 lacrymismon
1402 520 1537 550 movetur,
1565 516 1660 544 didicit
1687 524 1737 552 pro

951 562 1073 596 peccatis
1090 562 1165 589 ﬂere.
1181 561 1251 594 Quin
1267 562 1349 590 etiam
1362 562 1542 597 iaculatorem
1556 562 1666 590 Persam
1679 563 1738 590 vul-

950 615 1053 636 nerans
1066 608 1267 643 praedicatione,
1283 613 1310 635 et
1318 607 1399 635 ferrei
1411 608 1737 636 didiceruntcrucilixum

952 650 1080 678 adorare.
1096 650 1168 677 Vicit
1180 656 1224 677 tua
1242 649 1334 685 lingua
1345 649 1537 677 Chaldaeorum
1554 654 1581 677 et
1594 649 1736 685 Magorum

949 697 1131 732 imposturas.
1148 701 1176 723 et
1193 695 1338 723 Persarum
1353 696 1455 723 inculta
1467 696 1540 723 natio
1560 696 1660 730 templa
1677 704 1737 730 ger-

950 742 1077 769 minavit.
1101 741 1160 770 Non
1186 742 1304 776 amplius
1318 741 1439 777 Babylon
1464 743 1590 777 pietatem
1612 746 1737 769 aversata

949 792 1002 815 est.
1017 787 1081 815 Haec
1099 792 1124 814 te
1139 787 1255 815 similem
1273 787 1403 822 apostolis
1419 787 1551 819 fecerunt,
1564 787 1653 814 adhuc
1665 787 1737 822 apud

951 841 1002 861 nos
1014 833 1119 862 semina
1135 833 1234 868 lingua:
1246 834 1346 869 vigent.
1359 834 1474 868 Quando
1491 834 1624 861 Joannem
1638 834 1737 869 aliquis

954 880 1100 912 nominat.
1119 876 1234 916 magnus
1262 888 1347 908 sonus
1367 880 1523 908 exauditur.
1545 880 1736 908 Ecclesiastica

913 917 934 945 Β
950 926 1008 961 lyra
1022 926 1165 961 antiquum
1191 926 1323 961 plectrum
1347 927 1506 961 cognoscit.
1530 931 1558 954 et
1578 934 1627 961 pro
1643 926 1736 961 digitis

949 971 1087 1000 suﬂiciunt
1117 972 1228 1008 syllaba;
1252 971 1373 1000 nominis
1401 973 1450 1000 tui.
1484 972 1736 1008 Constantinopolis

949 1018 1016 1046 vidit
1044 1018 1175 1054 Syrorum
1191 1018 1262 1050 vela.
1287 1023 1314 1046 et
1340 1019 1516 1053 contempsit.
1533 1018 1608 1046 Vidit
1628 1019 1734 1054 lapillos

948 1063 1068 1095 Indicos.
1085 1069 1112 1091 et
1127 1064 1231 1096 irrisit,
1246 1071 1297 1091 nec
1312 1063 1377 1099 Tyri
1399 1064 1472 1092 illam
1488 1064 1565 1091 color
1580 1072 1734 1099 purpureus

947 1109 1101 1138 delectavit.
1117 1110 1230 1138 Luteam
1242 1110 1397 1145 concupivit
1407 1110 1540 1145 linguam,
1550 1118 1611 1145 qua:
1622 1111 1734 1137 immor-

948 1158 1015 1185 tales
1034 1157 1167 1184 doctrinae
1191 1157 1312 1191 liquores
1326 1156 1478 1184 distillavit.
1496 1156 1570 1184 Vidit
1582 1161 1607 1184 te
1621 1156 1733 1191 antiqua

947 1202 1083 1237 Ephesus,
1097 1208 1124 1230 et
1145 1202 1278 1230 Joannem
1299 1210 1400 1230 novum
1425 1201 1687 1237 appellavit.vidit,
1707 1206 1734 1229 et

946 1247 1094 1284 evangelici
1117 1248 1277 1276 recordatus
1293 1252 1336 1276 est
1350 1247 1479 1276 tonitrus.
1494 1246 1573 1279 Hinc,
1597 1254 1613 1274 ο
1629 1247 1732 1280 dilecti,

946 1293 1038 1322 ﬂuxus
1051 1293 1152 1329 509a
1168 1293 1300 1321 orationis
1318 1300 1380 1320 cum
1400 1293 1502 1328 impetu
1517 1293 1614 1320 currit.
1629 1292 1682 1320 Sed
1699 1299 1734 1320 ne

946 1339 1124 1374 asperitatem
1140 1338 1290 1374 fugiamus,
1307 1346 1373 1373 pace
1401 1339 1509 1367 tandem
1541 1338 1635 1366 ﬂuctui
1661 1339 1731 1365 viam

946 1390 1096 1418 sternente.
1113 1385 1142 1414 Si
1161 1386 1226 1421 quid
1239 1386 1311 1413 enim
1329 1386 1362 1413 de
1376 1386 1431 1413 tuis
1446 1385 1548 1418 nautis,
1567 1385 1658 1417 Pater,
1667 1392 1733 1412 cou-

945 1432 1080 1468 quereris,
1097 1433 1120 1460 si
1142 1433 1208 1467 quid
1224 1437 1320 1460 contra
1341 1437 1401 1460 tuos
1425 1431 1638 1467 connavigantes
1660 1439 1733 1459 con-

944 1480 1044 1512 tristat,
1076 1478 1196 1514 intellige
1221 1478 1329 1513 hyemis
1347 1482 1549 1512 tempestatem,
1564 1477 1711 1511 procellam
1723 1496 1730 1510 ,

945 1530 973 1554 et
998 1533 1074 1553 mare
1097 1525 1280 1553 eﬁ‘ervescens
1309 1524 1433 1559 coegisse
1468 1524 1529 1551 illos
1557 1523 1599 1549 vel
1630 1523 1731 1550 invitos

945 1572 1042 1600 Jonam
1067 1572 1137 1599 mari
1154 1571 1327 1606 immergere.
1347 1570 1405 1598 Non
1429 1578 1523 1597 eorum
1551 1569 1666 1601 odium,
1685 1569 1732 1596 scd

946 1625 993 1648 tua
1007 1619 1168 1647 exercitatio
1181 1625 1192 1646 ε·
1216 1625 1271 1645 non
1296 1625 1391 1645 eorum
1415 1625 1502 1648 arma,
1520 1616 1568 1644 sed
1585 1621 1630 1643 tua
1643 1619 1735 1643 certa-

945 1666 1018 1693 mina
1032 1672 1064 1693 ea
1082 1672 1142 1700 qua:
1164 1664 1234 1692 facta
1251 1669 1326 1697 sunt,
1343 1672 1396 1691 non
1408 1664 1446 1691 illi
1460 1672 1474 1691 a
1490 1663 1611 1691 fraterna
1624 1667 1733 1690 senten-

944 1712 980 1739 tia
992 1711 1096 1746 expulsi
1106 1716 1181 1742 sunt,
1192 1711 1239 1739 sed
1250 1711 1371 1746 oportuit
1381 1716 1408 1739 et
1420 1716 1446 1738 te
1455 1710 1573 1738 stadium
1583 1713 1732 1745 martyrum

945 1766 1066 1785 currere.
1095 1758 1203 1785 Arcana
1229 1758 1354 1792 qutcdam
1375 1757 1562 1793 providentia,
1582 1761 1732 1784 scammata

945 1805 993 1832 tibi
1009 1804 1066 1839 (l7)
1086 1809 1114 1831 et
1133 1804 1294 1831 certaminis
1313 1803 1404 1831 locum
1420 1803 1595 1838 prmparavit.
1611 1801 1733 1829 Omnino

945 1850 1048 1878 dictum
1055 1850 1135 1877 estde
1142 1855 1169 1878 te
1176 1855 1272 1878 contra
1279 1850 1421 1877 ltominum
1430 1856 1603 1876 communem
1613 1849 1731 1876 hOStcm:

947 1896 1075 1932 Nunquid
1087 1897 1262 1924 considerasti
1274 1903 1377 1923 servant
1391 1903 1478 1922 meum
1489 1894 1621 1922 Joannem
1639 1899 1660 1926 τ,
1678 1899 1732 1921 etc.

945 1941 1042 1970 Debuit
1060 1942 1140 1969 clarae
1160 1942 1222 1969 vita:
1247 1941 1320 1969 clara
1339 1941 1422 1969 etiam
1443 1948 1518 1968 mors
1543 1941 1616 1968 addi.
1642 1939 1733 1975 Oppu-

944 1987 1038 2024 gnavit
1053 1987 1180 2015 diabolus
1195 1987 1256 2019 Job,
1272 1987 1411 2015 adversari
1423 1987 1504 2014 amici
1517 1987 1655 2014 nolebant.
1670 1986 1732 2013 Ideo

943 2039 1038 2069 postea
1048 2033 1120 2062 Deus
1127 2041 1206 2069 opem
1215 2033 1276 2061 tulit
1285 2033 1383 2062 amicis
1396 2033 1458 2066 Job,
1469 2038 1496 2060 et
1504 2033 1599 2061 amicis
1611 2033 1731 2060 amicum

943 2081 996 2108 Job
1004 2081 1129 2108 reddidit.
1141 2080 1198 2108 lloc
1207 2080 1290 2107 etiam
1299 2080 1383 2112 hunc,
1392 2084 1422 2107 ut
1431 2080 1519 2112 video,
1529 2079 1628 2106 factum
1638 2079 1664 2106 in
1673 2084 1707 2111 te,
1714 2086 1732 2105 ο

944 2126 1178 2158 Pater.etdextras
1185 2125 1295 2154 Patrum
1302 2133 1364 2153 cum
1371 2125 1485 2153 invicem
1493 2125 1632 2160 copulatas
1638 2125 1731 2152 animo

944 2173 1046 2208 cogito.
1053 2173 1165 2207 Recepit
1172 2173 1222 2200 Job
1232 2173 1309 2207 plura
1317 2180 1398 2207 quam
1406 2172 1480 2206 prius
1489 2171 1595 2202 habuit,
1605 2170 1731 2205 recepisti

944 2224 971 2246 et
979 2224 1007 2245 tu
1015 2226 1077 2246 cum
1085 2219 1207 2246 auct-ario
1213 2218 1326 2254 gloriam
1334 2218 1368 2245 ab
1376 2217 1503 2245 omnibus
1511 2215 1731 2251 majorem.llauc

105 2263 160 2297 πρὰ
175 2263 306 2297 τελευτή.
323 2262 453 2290 Ἐπάλαιε
485 2263 534 2298 μὲν
551 2263 590 2298 τῷ
597 2263 620 2280 ⁸⁸
645 2263 706 2289 ’1ὼό
729 2263 743 2289 ό
757 2262 890 2294 διὰὃολος,

947 2268 1098 2291 extremam
1115 2263 1248 2291 orationis
1262 2270 1365 2298 partem
1383 2263 1525 2297 inscriptio
1539 2263 1565 2289 in
1581 2262 1732 2297 apostolico

104 2308 210 2336 ἐδόκουν
223 2309 253 2336 δὲ
266 2309 453 2345 προσκρούειν
464 2309 488 2336 οἱ
503 2302 591 2344 φίλοι·
610 2308 654 2336 διὰ
675 2308 754 2335 τοῦτο
780 2308 894 2344 ὕστερον

104 2355 118 2380 ὁ
130 2354 196 2385 Θεὸς
207 2355 319 2388 ὲξιᾶται
334 2355 397 2386 τοὺς
411 2354 516 2388 φίλους,
532 2355 579 2382 καὶ
590 2355 647 2386 τοῖς
660 2354 748 2389 φίλοις
760 2354 836 2389 φίλον
849 2354 895 2380 τὸν

111 2398 168 2425 Ἰὼϐ
182 2399 344 2429 ἀποδίδωσι.
353 2399 438 2426 Τοῦτο
458 2401 504 2426 καὶ
515 2400 574 2432 νῦν,
600 2399 695 2435 ὥσπερ
715 2399 892 2433 αἰσθάνομαι,

104 2444 225 2477 γεγονὸς,
237 2441 261 2471 ὦ
277 2444 372 2480 Πάτερ
384 2452 392 2460 ⁸
411 2444 459 2472 καὶ¹
474 2445 524 2476 τὰς
535 2444 624 2477 δεξιὰς
637 2444 691 2471 τῶν
706 2445 835 2479 Πατέρων
845 2444 894 2470 ἀλ-

105 2487 196 2523 λήλαις
210 2490 459 2526 συνεφαπτομένας
468 2491 649 2526 φαντάζομαι.
668 2489 817 2516 ’Δπέλαὸεν
834 2489 895 2516 Ἰὼϐ

105 2534 380 2563 πολυπλασωσθέντα
405 2537 439 2564 ei
470 2537 613 2572 κτήματα·
640 2536 777 2568 ἀπέλαὸες
801 2536 894 2562 καὶσὺ

107 2581 175 2614 μετὰ
189 2582 354 2618 προσθήκης
377 2583 427 2618 τὴν
451 2583 526 2618 παρὰ
550 2582 658 2610 πάντων
682 2583 775 2618 τιμήν.
792 2581 892 2608 Τοῦτον

141 2653 152 2668 ι’
169 2648 221 2678 Job
235 2658 256 2682 ι,
275 2649 303 2677 8.

944 2308 1047 2343 templo
1069 2308 1189 2335 habitam
1202 2308 1347 2344 signilicat.
1360 2307 1526 2336 Praemium
1542 2316 1606 2335 vero
1618 2307 1730 2341 indicat,

947 2359 1095 2382 auctorem
1111 2358 1173 2389 post
1199 2354 1253 2381 alia
1270 2355 1328 2382 hate
1352 2354 1506 2389 scripsisse.
1523 2354 1569 2382 Sic
1579 2355 1651 2381 enim
1674 2355 1730 2382 ait:

945 2399 1094 2435 Postquam
1112 2404 1137 2426 et
1158 2407 1204 2434 ego
1217 2399 1304 2427 dicere
1320 2400 1413 2426 ordine
1431 2399 1507 2427 debui
1519 2420 1526 2432 ,
1539 2408 1600 2427 cum
1614 2408 1660 2436 ego
1672 2409 1731 2426 cum

940 2446 1048 2473 ceteris
1064 2453 1199 2480 assurgere
1216 2445 1250 2472 ad
1273 2446 1413 2472 dicendum
1434 2454 1523 2482 cogor,
1536 2455 1595 2473 cum
1611 2451 1730 2481 oporteat

947 2496 973 2519 et
989 2500 1029 2519 me
1042 2493 1134 2527 patria:
1147 2496 1172 2519 et
1185 2492 1246 2519 bene
1256 2492 1370 2526 precari,
1381 2498 1405 2520 et
1415 2493 1492 2520 multi
1505 2493 1622 2520 detritum
1640 2493 1732 2520 inexo-

949 2537 1033 2565 rabile
1047 2543 1177 2573 petentes:
1192 2538 1262 2572 apud
1277 2546 1323 2564 nos
1338 2545 1397 2564 vero
1419 2538 1485 2565 nihil
1508 2539 1595 2566 simile
1613 2544 1730 2574 paterna:

947 2584 1076 2611 virtutis:
1097 2585 1131 2611 da
1148 2584 1232 2617 nobis,
1248 2592 1262 2610 ο
1275 2582 1404 2617 Joannes,
1414 2590 1534 2612 mutuam
1551 2585 1648 2620 lyram.

735 2682 852 2711 ΥΑῐὶΙᾸΞ
878 2683 1081 2712 LECTIONES.
1129 2687 1135 2692 '

159 2743 182 2757 "
200 2742 277 2768 ναίΛ
296 2750 303 2768 :
322 2741 410 2768 καες.

159 2743 182 2757 ¹¹
200 2742 244 2768 ναί
255 2742 277 2768 Λ
296 2750 303 2768 :
322 2742 367 2768 καί
379 2750 410 2773 ς.
459 2742 482 2757 ⁵³
494 2742 636 2773 συνέταξεν
648 2742 669 2767 Α
689 2750 695 2766 :
711 2747 766 2766 συνι

109 2776 132 2792 ⁵⁸
151 2777 278 2812 σκάμμα.
319 2777 341 2792 ⁵⁷
356 2776 463 2804 δίαυλον
478 2783 552 2804 corr.
565 2777 598 2803 A.
636 2775 659 2790 ⁵⁵
674 2775 718 2801 τόν
733 2775 766 2802 Α.

459 2741 482 2757 ⁵³
494 2740 636 2773 συνέταξεν
648 2739 669 2767 Α
689 2750 695 2766 :
711 2739 869 2774 συνέζευξεν
883 2749 914 2772 ς.

966 2740 990 2756 ’⁸
1006 2740 1216 2768 ἔϐλεπεν-ΠΗ.
1231 2741 1281 2768 ult.
1296 2742 1378 2778 τιμήν
1390 2750 1445 2770 om.
1467 2741 1495 2769 Β.
1542 2742 1564 2758 ⁸⁸
1587 2740 1680 2777 Συρῶν
1696 2750 1727 2774 ς.

861 2809 978 2838 NOTAE.

144 2858 202 2892 (l7)
213 2858 381 2893 Scammatis
393 2866 487 2886 vocem
499 2865 548 2893 pro
560 2861 727 2893 arentemeta
739 2857 899 2893 etpalagstra
954 2859 1067 2886 Paulum
1090 2857 1259 2893 Leopardum
1287 2860 1335 2887 lib.
1367 2869 1376 2887 1
1398 2860 1547 2888 Misccllan.
1564 2860 1599 2887 22
1628 2865 1654 2888 et
1685 2860 1728 2888 hic

114 2891 222 2921 adhibet
255 2892 457 2926 Tertullianus,
491 2891 516 2921 ct
552 2893 582 2921 Β.
618 2891 806 2927 llicrouymus.
833 2891 901 2921 Vide
955 2894 1041 2922 Graeci
1056 2891 1218 2929 exemplaris
1233 2895 1348 2923 scholia.

268 2940 402 2973 Ριτιιοι..
423 2941 480 2972 Gn.
500 2941 580 2971 CIV.

1546 2947 1566 2975 ὅ
