1959 3081
225 176 278 208 925
805 177 933 208 ΡΗΟΤῘῙ
954 177 1005 207 PA'

1059 177 1204 207 lARCH/E
1217 178 1270 208 (ΖΡ.
1795 182 1851 212 236

225 235 271 260 τὸν
288 233 402 268 ἔσχατον
425 232 504 268 λόγον
530 233 546 268 ἠ
569 232 710 269 ἐπιγραφὴ
732 233 761 259 ἑν
783 233 821 268 τῷ
848 233 1017 268 ἀποστολείῳ
1036 232 1162 268 εἰρῆσθαι
1193 233 1286 267 λέγει·
1304 234 1334 260 τὺ
1354 234 1381 261 δὲ
1405 234 1546 270 προοίμιον
1579 235 1780 268 αἱνίττεταιώς
1802 235 1851 262 ἄλ-

224 280 278 306 λων
293 279 479 314 προειπόντων
493 279 507 305 ὁ
524 279 699 314 συγγραφεὺς
714 279 773 314 μετ’
799 279 922 310 ἐκείνους
937 279 1102 314 δημηγορεῖ·
1121 278 1177 314 ἔχει
1191 280 1247 316 γὰρ
1263 280 1349 313 οὕτως
1361 288 1369 296 ⁵
1386 280 1503 315 Ἐπειδὴ
1519 281 1596 316 κάμὲ
1615 281 1690 316 πρὸς
1702 282 1734 309 τὸ
1751 282 1853 318 λέγειν

225 327 241 352 ὁ
255 325 370 357 κύκλος
380 325 556 360 ἀνίστησιν,
573 324 653 361 [15Ξο
667 324 712 361 8.]
724 325 828 361 ἐπειδὴ
840 326 873 353 τὸ
885 327 1026 360 σύνθημα
1045 325 1119 360 πρὸς
1147 325 1205 360 τὴν
1223 327 1330 362 κοινὴν
1341 328 1464 363 χορείαν
1474 328 1589 362 ἐγείρει,
1605 327 1709 362 ἐπειδὴ
1717 328 1765 355 δεῖ
1776 329 1852 364 κάμὲ

225 372 289 407 [830
318 371 365 408 IL]
389 372 464 407 πρὸς
481 373 635 408 εὐφημίαν
644 372 794 407 πατρικὴν
813 373 1061 408 ἀνακρούσασθαι
1090 373 1193 407 μέλος,
1209 374 1260 401 καὶ
1290 375 1399 402 πολλοὶ
1410 374 1469 409 μὲν
1478 376 1504 401 οι
1516 375 1551 402 τὸ
1566 375 1686 410 ὄφλημα
1703 375 1736 402 τὸ
1753 375 1850 410 ἀπαρ-

223 420 347 453 αίτητον
359 419 594 452 ἀπαιτοῦντεςδν,
620 421 689 454 παρ’
706 419 779 454 ἡμῖν
810 419 844 446 δὲ
877 419 967 447 οὐδὲν
987 420 1042 455 τῆς
1076 420 1222 456 πατρικῆς
1235 420 1403 456 ἐφάμιλλον
1429 419 1549 455 ἀρετῆς,
1581 420 1700 456 χρῆσον
1719 420 1801 457 ἡμῖν,
1828 422 1852 448 ὦ

223 464 315 499 πάτερ
337 465 466 499 Ἰωάννη,
479 465 536 500 τὴν
547 466 644 501 λύραν
653 465 712 500 τὴν
727 465 798 499 σήν.

537 522 701 551 CCLXXIV.

275 568 389 597 Joannis
408 569 590 605 Chryaostomi
605 570 633 596 in
649 568 697 596 XL
718 573 847 605 martyres
862 570 959 596 oratio.

259 650 463 686 LegiJoannem
485 650 679 686 Chrystomum
704 652 732 678 in
756 650 862 679 laudem
884 650 918 678 40
941 658 1012 678 mar-

224 704 282 734 tyru
287 708 324 726 ιιι.

261 745 440 773 Cclebrantur
461 749 593 781 martyres
611 753 666 772 non
694 750 723 772 ut
739 745 787 780 ipsi
814 744 922 772 laudi-in
941 744 1012 772 acci-

226 793 301 827 piant
313 813 320 825 ,
337 800 432 819 verum
453 797 482 819 ut
506 800 556 819 nos
577 800 625 826 per
639 800 732 819 eorum
748 791 855 818 laudem
871 791 905 818 ad
921 791 1012 818 imita-

227 839 329 866 tionem
357 839 548 866 incendamur.
584 838 720 866 Molestias
748 838 821 873 passi
845 844 911 865 sunt
926 838 963 872 pii
982 841 1011 864 et

224 885 322 920 impii,
343 885 390 912 sed
419 885 458 911 illi
482 885 515 912 ad
538 884 763 912 exercitationem
788 883 910 919 justitim,
932 883 959 910 hi
976 882 1010 910 ad

225 932 328 966 peccati
355 931 575 966 castigationem.
592 929 655 957 ldeo
676 930 814 964 justorum
839 929 910 956 mala
931 935 1010 955 sacra

223 976 363 1012 Scriptura
388 976 571 1003 lribulationes
603 980 699 1008 vocat,
728 974 841 1010 509b,
873 974 1008 1001 malorum

221 1028 316 1052 contra
339 1024 538 1058 castigationes.
561 1022 646 1050 Vestri
660 1023 728 1050 beati
743 1022 822 1054 oculi,
835 1022 897 1057 quia
909 1020 1008 1054 vident,

222 1069 247 1096 id
267 1068 398 1103 est,quia
423 1067 588 1102 intelligunt.
608 1066 636 1093 Si
651 1066 723 1094 enim
751 1066 778 1093 in
794 1065 910 1093 videndo
921 1064 1008 1092 felici-

221 1120 274 1146 tas,
289 1115 370 1142 etiam
384 1113 490 1145 Judaei,
514 1113 561 1148 qui
581 1112 747 1140 Salvatorem
770 1111 915 1144 viderunt,
936 1110 1008 1138 beati

1417 518 1498 546 ΣΟΔ¹.

1071 566 1212 594 Ἰωάννου
1225 565 1278 592 τοῦ
1299 565 1516 599 Χρυσοστόμου
1530 565 1564 592 ἐκ
1577 565 1631 592 τοῦ
1645 565 1793 600 ἐμωμίου
1807 567 1851 598 εἰς

1250 600 1321 633 τοὺς
1335 600 1439 635 ἁγίους
1451 599 1480 634 μ’
1493 600 1656 635 μάρτυρας.

1105 646 1275 681 Ἀνεγνὼσθη
1302 646 1425 673 Ἰωάννου
1438 646 1460 662 ⁶⁰
1477 646 1524 673 τοῦ
1548 647 1741 682 Χρυσοστὸμου
1757 647 1788 673 ὲκ
1801 647 1849 673 τοῦ

1064 694 1204 730 ὲγκωμίου
1221 694 1268 720 τοῦ
1281 694 1320 725 εις
1335 694 1398 725 τοὺς
1415 693 1508 727 ἁγίους
1525 697 1551 727 μ’
1572 693 1726 728 μάρτυρας.

1104 740 1339 775 Ἐγκωμιάζονται
1372 738 1512 775 μάρτυρες
1553 738 1601 773 οὐχ
1628 738 1671 765 ἵνα
1697 739 1774 765 αὐτοὶ
1803 738 1850 765 τὸν

1062 786 1174 813 ἔπαινον
1188 785 1318 818 λάὸωσιν,
1346 785 1403 812 ἀλλ’
1424 785 1467 812 ἵνα
1491 785 1572 820 ἡμεῖς
1597 784 1641 811 διὰ
1657 784 1712 811 τῶν
1726 785 1849 812 ἐπαίνων

1061 831 1250 867 διαναστῶμεν
1279 831 1348 867 πρὸς
1376 830 1426 866 τὴν
1449 830 1575 866 μίμησιν.
1609 829 1770 864 Ἐθλίὸησαν
1800 830 1849 857 καὶ

1061 878 1161 905 δίκαιοι
1173 879 1219 905 καὶ
1234 878 1333 910 ἄδικοι,
1347 877 1404 904 ἀλλ’
1422 878 1447 903 οἱ
1463 876 1514 911 μὲν
1529 876 1569 907 εἰς
1584 876 1734 912 γυμνάσιον
1743 876 1848 903 δικαιο-

1063 926 1157 961 σύνης,
1175 925 1241 952 οἱδὲ
1268 926 1309 957 εἰς
1332 924 1442 960 ἔλεγχον
1466 923 1615 959 ἁμαρτιας.
1630 922 1680 950 Διά
1708 922 1787 950 τοῦτο
1814 923 1849 950 τὰ

1061 971 1112 1006 μὲν
1125 971 1179 997 τῶν
1192 970 1304 997 δικαίων
1319 969 1392 1006 πάθη
1409 969 1532 1003 θλίψεις
1544 969 1561 1004 ή
1570 969 1591 984 ⁶¹
1606 968 1701 1004 Γραφὴ
1717 968 1805 1000 καλεῖ,
1815 968 1849 995 τὰ

1059 1017 1087 1044 δὲ
1101 1017 1155 1043 τῶν
1169 1015 1338 1052 ἁμαρτωλῶν
1358 1015 1517 1050 μάστιγας.
1532 1013 1678 1048 Μάκαριοι
1695 1015 1723 1040 οὶ
1736 1014 1847 1048 ὀφθαλ-

1056 1063 1108 1098 μοὶ
1120 1063 1205 1098 ὑμῶν
1210 1063 1232 1080 ⁶¹
1241 1063 1286 1090 ὅτι
1295 1063 1317 1079 ⁸³
1321 1063 1504 1094 βλέπουσιν,
1516 1061 1577 1088 ἀντὶ
1583 1060 1642 1093 τοῦ,
1653 1060 1695 1087 ὅτι
1707 1069 1848 1096 καταμαν-

1059 1110 1196 1136 Θάνουσιν.
1213 1109 1244 1135 Εἰ
1261 1109 1316 1143 γὰρ
1344 1108 1399 1135 ἀπὸ
1417 1107 1465 1134 τοῦ
1489 1107 1555 1144 ὀρᾷν
1566 1104 1601 1142 ἦν
1617 1107 1632 1133 ὁ
1659 1106 1846 1142 μακαρισμὸς,

220 1160 348 1187 fuissent.
366 1158 419 1186 Sed
433 1158 521 1185 videre
549 1158 575 1184 in
592 1164 671 1185 sacra
685 1156 827 1191 Scriptura
843 1161 884 1183 est
898 1155 959 1190 capi
974 1155 1005 1182 de

1059 1156 1106 1182 καὶ
1116 1156 1139 1181 οἱ
1154 1155 1275 1182 Ἰουδαῖοι
1288 1154 1333 1181 τὸν
1347 1154 1461 1189 Σωτῆρα
1475 1153 1624 1189 ὀφθαλμοῖς
1636 1153 1847 1187 ἰδόντεςὲμακα-

223 1205 389 1240 intelligcnti
402 1205 486 1231 animi
502 1204 594 1237 oculo,
612 1207 639 1231 et
656 1202 871 1238 profunditatem
883 1201 1005 1229 veritatis

1061 1200 1166 1236 ρίζοντο
1183 1201 1226 1228 ἄν.
1246 1201 1301 1227 Καὶ
1319 1200 1374 1236 γὰρ
1386 1200 1418 1226 τὸ
1430 1199 1561 1232 βλέπειν
1575 1199 1652 1234 παρὰ
1662 1200 1696 1234 τῇ
1706 1199 1801 1234 Γραφῇ
1816 1199 1847 1224 τὸ

221 1251 382 1285 intelligere.
398 1249 461 1277 ldeo
477 1248 628 1284 Prophetas
641 1248 705 1276 olim
729 1248 844 1275 videntes
861 1251 1005 1275 vocarunt.

220 1297 305 1324 Beata
325 1295 453 1331 pradicat
475 1295 600 1323 Salvator
616 1295 798 1323 instrumenta
815 1293 935 1326 virtutis,
954 1292 1007 1320 etsi

219 1343 344 1378 corporis
357 1342 412 1370 sint
423 1362 431 1377 ,
448 1342 543 1369 oculos
567 1341 635 1369 bene
651 1340 785 1373 videntes,
800 1345 828 1367 et
845 1347 928 1368 aures
943 1347 1006 1367 cum

219 1390 386 1417 discretione
398 1386 665 1423 audientes.0portet
677 1387 749 1415 enim
763 1387 917 1414 audientem
929 1387 1009 1414 intel-

219 1436 330 1468 lexisse,
349 1439 377 1462 et
392 1434 587 1469 intelligentem
611 1434 732 1466 audisse,
746 1438 779 1460 ut
798 1434 928 1468 scriptum
944 1438 1004 1460 est:

219 1482 301 1514 Audi,
317 1480 385 1515 filia,
398 1487 422 1507 et
433 1480 500 1513 vide,
509 1484 534 1507 et
550 1479 649 1506 inclina
665 1487 757 1505 aurem
771 1484 854 1510 luant,
864 1482 878 1496 ’³
891 1485 940 1512 pro
951 1478 1005 1511 bis,

218 1528 399 1562 obtempera,
427 1524 560 1559 intelligo.
593 1522 828 1556 Quemadmodum
856 1522 1006 1549 hausturus

218 1567 330 1608 aquam,
345 1571 379 1599 ad
395 1571 513 1598 fistulam
529 1569 692 1602 acc-llnatur,
709 1569 748 1596 sic
765 1568 873 1596 auditus
884 1567 952 1602 justi
972 1567 1006 1594 ad

217 1619 317 1648 divina;
335 1618 402 1653 legis
416 1617 517 1645 ﬂuenta
534 1625 563 1644 se
591 1615 722 1643 inclinat:
737 1614 875 1642 Inclinabo
891 1615 961 1641 enim
978 1615 1006 1640 in

210 1665 376 1701 parabolam
400 1670 492 1690 aurem
509 1669 595 1688 meam
608 1665 632 1686 ν.
653 1660 743 1693 Quare
757 1659 914 1686 inclinabo?
937 1659 1005 1686 Cum

217 1711 308 1739 omnis
323 1717 392 1738 urna
421 1716 521 1744 aquam
549 1707 670 1742 capiens,
685 1706 758 1741 capit
783 1713 813 1734 se
837 1705 1004 1738 inclinando,

219 1757 280 1784 ideo
293 1760 320 1783 et
339 1754 429 1782 omnis
443 1754 518 1781 auris
529 1753 684 1788 suscipiens
695 1752 787 1779 ﬂuxus
798 1751 874 1778 verbi
887 1750 934 1778 Dei
948 1771 956 1784 ,
971 1749 1005 1778 ad

219 1803 271 1830 hoc
288 1809 318 1829 se
345 1801 478 1828 inclinare
492 1799 603 1827 dicitur.
621 1798 744 1826 Praedico
760 1798 839 1824 beata
854 1801 1004 1832 martyrum

218 1849 314 1881 latera,
331 1853 393 1882 qua:
409 1845 518 1880 pictatis
546 1844 630 1872 robur
651 1843 862 1879 inexpugnabile
875 1842 1003 1870 ostende-

217 1899 298 1926 runt,
314 1893 441 1928 pietatem
460 1899 515 1918 non
537 1891 673 1918 amisisse.
690 1889 797 1918 Etenim
815 1894 845 1916 ut
857 1889 1006 1924 plurimum

215 1940 342 1975 percussi
360 1942 425 1965 sunt
441 1938 505 1965 totis
520 1936 617 1969 costis,
638 1935 862 1971 quandoquidem
877 1943 925 1971 per
941 1943 1004 1963 cos-

218 1991 272 2011 tam
298 1988 438 2018 peccatum
468 1982 591 2010 intravit.
617 1981 762 2009 Peccatum
786 1981 860 2008 enim
888 1988 942 2008 non
963 1986 1006 2008 est

217 2031 320 2058 femina
334 2037 366 2058 ιε
380 2030 440 2064 ipsa
454 2029 556 2057 etenim
573 2029 655 2056 etiam
671 2027 718 2056 Dei
733 2032 860 2055 creatura
873 2031 916 2054 est
927 2048 934 2060 ,
956 2027 1003 2054 sed

216 2080 280 2114 quia
307 2085 355 2113 per
370 2085 430 2105 eam
447 2075 635 2111 praevaricatio
648 2075 719 2101 viam
733 2073 847 2101 invenit.
859 2073 1004 2100 Poliuntur

215 2126 298 2160 igitur
311 2126 447 2159 martyres
461 2123 488 2149 in
511 2121 606 2155 costis,
630 2120 704 2148 unde
721 2125 862 2155 peccatum
880 2119 1001 2154 irrepsit.

214 2172 277 2198 ldeo
306 2169 431 2197 Salvator
447 2169 472 2195 in
490 2168 577 2195 latere
597 2169 704 2194 hastam
725 2168 856 2201 suscepit,
876 2172 900 2193 et
922 2166 1002 2193 exivit

214 2218 322 2252 sanguis
340 2221 364 2243 et
388 2223 468 2251 aqua,
486 2222 540 2249 quo
557 2214 675 2241 mundus
695 2213 803 2240 ablutus
823 2217 875 2245 est,
891 2214 1001 2240 etanti-

214 2271 298 2298 quum
313 2262 412 2290 vulnus
424 2261 578 2296 depulsum.
587 2259 821 2293 Quemadmodum
832 2260 903 2287 enim
914 2259 1002 2294 justo-

215 2316 275 2335 rum
293 2307 416 2335 membra
434 2306 592 2342 singillatim
609 2305 735 2332 laudibus
755 2305 940 2338 celebrantur,
961 2306 1002 2332 sic

214 2361 241 2382 et
257 2354 402 2389 impiorqu
423 2353 545 2381 membra
560 2351 672 2379 infamia
685 2354 825 2384 notantur,
841 2355 869 2379 et
881 2351 1002 2386 singilla-

214 2403 262 2429 tim
282 2401 403 2428 infelicia
422 2398 658 2435 depraedicantur:
680 2397 743 2424 Non
755 2398 842 2424 veniat
866 2397 930 2424 mihi
956 2405 1000 2432 pet

212 2447 353 2483 superbiae,
367 2451 392 2474 et
416 2453 510 2472 manus
524 2445 669 2479 peccatoris
683 2452 734 2471 non
747 2448 847 2472 ntoveat
860 2452 900 2471 me
911 2448 934 2472 ι.
948 2443 1000 2472 Pes

211 2493 342 2528 superbia:
361 2492 405 2520 via
419 2496 461 2519 est
483 2490 572 2519 factus
605 2490 747 2526 superbiae,
761 2497 859 2519 manus
879 2497 945 2518 vero
959 2495 1001 2520 est

1059 1247 1098 1283 τῷ
1112 1247 1199 1284 νοερῷ
1207 1247 1257 1283 τῆς
1271 1247 1361 1282 ψυχῆς
1374 1245 1746 1282 ῦμματικαταλαμὸάνεσθαι
1760 1245 1845 1280 δηλοῖ,

1059 1295 1151 1322 καὶτὸ
1172 1296 1207 1323 τὰ
1227 1295 1295 1331 βάθη
1317 1294 1441 1331 καθορᾷν
1462 1294 1513 1329 τῆς
1539 1293 1678 1330 ἀληθείας.
1698 1292 1748 1319 Διὰ
1767 1292 1847 1319 τοῦτο

1059 1341 1106 1367 καὶ
1131 1341 1161 1367 ὲν
1187 1341 1244 1372 τοῖς
1259 1339 1383 1376 ἀρχαίοις
1412 1339 1477 1371 τοὺς
1506 1339 1649 1375 προφήτας
1670 1338 1847 1371 βλέποντας

1058 1385 1183 1413 ἐκάλουν.
1199 1385 1356 1421 Μακαρὶζει
1371 1385 1462 1412 τοίνυν
1477 1385 1491 1412 ὸ
1517 1385 1612 1420 Σωτὴρ
1626 1384 1659 1411 τὰ
1672 1383 1775 1420 ὄργανα
1795 1383 1846 1418 τῆς

1058 1432 1170 1468 ἀρετῆς,
1184 1431 1235 1458 κᾶν
1247 1431 1295 1458 τοῦ
1312 1431 1438 1467 σώματος
1449 1429 1478 1468 ᾖ,
1501 1431 1658 1467 ὀφθαλμοὺς
1679 1430 1769 1462 καλῶς
1783 1429 1845 1465 βλέ-

1057 1487 1159 1510 ποντας
1188 1479 1237 1505 καὶ
1253 1475 1312 1506 ὦτα
1337 1478 1515 1513 διακριτικῶς
1538 1477 1684 1505 ἀκούοντα.
1719 1478 1765 1504 Δεῖ
1790 1476 1846 1511 γὰρ

1057 1524 1212 1552 ἀκούσαντα
1225 1524 1322 1560 νοῆσαι
1336 1525 1384 1551 καὶ
1393 1524 1530 1559 νοήσαντα
1543 1524 1712 1556 ὑπακοῦσαι,
1732 1522 1803 1550 κατὰ
1815 1522 1847 1549 τὸ

1057 1570 1262 1606 γεγραμμένον,
1288 1571 1449 1602 Ἄκουσον,
1469 1571 1606 1605 θύγατερ,
1637 1569 1686 1596 καὶ
1711 1569 1767 1601 ιδε,
1793 1569 1846 1596 και

1057 1617 1164 1644 κλῖνον
1188 1617 1222 1644 τὸ
1252 1615 1304 1649 οὖς
1334 1625 1404 1649 σου,
1433 1617 1494 1643 ἀντὶ
1520 1617 1567 1643 τοῦ
1584 1616 1739 1644 ὑπάκουσον
1753 1636 1761 1649 ,
1787 1617 1845 1652 νόη.

1058 1673 1114 1692 σον.
1130 1665 1236 1700 Ὥσπερ
1250 1663 1384 1698 δεξαμενὴ
1400 1663 1499 1698 σωλῆνι
1520 1662 1716 1698 προσκέκλιται
1741 1663 1846 1697 ῥέοντι,

1056 1709 1143 1742 οὕτως
1167 1709 1269 1746 ήὰκοὴ
1293 1709 1341 1736 τοῦ
1366 1708 1470 1736 δικαίου
1487 1707 1687 1743 προσκέκλιται
1706 1707 1752 1734 τοῦ
1773 1707 1846 1735 ϐείου

1056 1755 1140 1791 νόμου
1157 1757 1214 1788 τοῖς
1236 1756 1363 1790 νάμασιν.
1382 1753 1480 1782 Κλινῶ
1494 1754 1549 1789 γὰρ
1563 1755 1608 1788 είς
1621 1753 1800 1788 παραϐολὴν
1811 1755 1846 1781 τὸ

1055 1799 1110 1834 οὖς
1116 1810 1186 1836 μου.
1203 1801 1253 1827 Διὰ
1263 1801 1289 1827 τί
1299 1800 1393 1827 κλινῶ
1405 1809 1413 1832 ;
1427 1800 1522 1835 ἐπειδὴ
1537 1801 1612 1826 πᾶσα
1623 1800 1702 1835 ὑδρία
1713 1800 1846 1836 δεχομένη

1060 1847 1133 1884 ὕδωρ
1147 1847 1301 1883 κεκλιμένῳ
1314 1847 1354 1882 τῷ
1371 1847 1491 1882 σχήματι
1505 1846 1622 1882 δέχεται,
1638 1846 1682 1873 διὰ
1702 1846 1782 1873 τοῦτο
1798 1846 1847 1873 καὶ

1063 1895 1137 1921 πᾶσα
1152 1893 1223 1929 ἀκοὴ
1244 1893 1378 1929 δεχομένη
1399 1892 1447 1919 τοῦ
1462 1892 1535 1919 θείου
1560 1892 1640 1927 λόγου
1657 1893 1691 1919 τὰ
1708 1892 1844 1929 ῥεύματα,

1057 1939 1274 1975 προσκεκλίσθαι
1287 1938 1394 1971 τούτοις
1412 1939 1533 1973 λέγεται.
1555 1938 1710 1974 Μακαρίζω
1725 1938 1775 1970 τὰς
1789 1938 1846 1965 τῶν

1059 1986 1206 2022 μαρτύρων
1222 1985 1356 2021 πλευρὰς,
1373 1978 1466 2020 αἶ’τὴν
1484 1985 1536 2020 τῆς
1560 1985 1701 2016 εὐσεϐείας
1724 1984 1846 2020 πλευρὰν

1055 2033 1188 2069 ἀήττητον
1211 2031 1338 2067 ξεόμεναι
1360 2031 1475 2064 ἔδειξαν,
1504 2031 1554 2067 τὴν
1567 2031 1708 2057 εὐσέϐειαν
1722 2029 1760 2066 μὴ
1775 2031 1844 2057 ἁπο-

1056 2079 1195 2115 σμήξασαι
1207 2086 1214 2093 ⁸
1226 2079 1274 2105 καὶ
1290 2078 1345 2115 γὰρ
1354 2078 1519 2112 ὲπλήττοντο
1531 2078 1569 2109 ὡς
1580 2078 1683 2104 ὲπίπαν
1697 2077 1746 2109 τὰς
1763 2077 1846 2104 πλευ-

1056 2124 1116 2160 ρὰς,
1137 2124 1231 2158 ἐπειδὴ
1260 2123 1315 2150 ἀπὸ
1345 2123 1467 2159 πλευρᾶς
1489 2124 1505 2159 ἡ
1522 2123 1645 2160 ἁμαρτία
1659 2123 1843 2159 ὲὸλάστησεν.

1061 2170 1198 2206 Ἀμαρτία
1223 2170 1251 2197 δὲ
1280 2170 1328 2205 οὐχ
1353 2170 1472 2205 ἠγυνή·
1490 2169 1557 2196 Θεοῦ
1586 2170 1640 2205 γὰρ
1663 2169 1776 2206 πλάσμα
1795 2171 1844 2198 καὶ

1053 2217 1124 2253 αὕτη
1136 2216 1176 2233 ⁸⁸·
1188 2216 1244 2243 ἀλλ’
1261 2217 1302 2244 ὅτι
1312 2216 1345 2243 δι’
1359 2216 1468 2252 ἐκείνης
1479 2216 1536 2243 ὁδὸν
1547 2213 1626 2251 εὗρεν
1639 2217 1656 2252 ἠ
1672 2216 1841 2251 παράὸασις.

1052 2263 1164 2291 Ξέονται
1184 2262 1232 2290 οὖν
1245 2264 1270 2291 οἱ
1288 2264 1426 2300 μάρτυρες
1449 2264 1500 2295 τὰς
1525 2263 1656 2299 πλευρὰς,
1669 2263 1698 2295 ἐξ
1716 2260 1754 2290 ὧν
1772 2264 1842 2298 ἐπή-

1052 2318 1136 2344 γασεν
1144 2310 1161 2345 ὴ
1172 2310 1303 2345 ἁμαρτία.
1318 2309 1373 2336 Καὶ
1385 2311 1399 2336 ὸ
1407 2310 1502 2345 Σωτὴρ
1517 2309 1545 2336 δὲ
1561 2309 1605 2336 διὰ
1616 2309 1694 2336 τοῦτο
1710 2309 1781 2336 κατὰ
1790 2310 1842 2341 τὰς

1052 2356 1175 2392 πλευρὰς
1197 2356 1306 2388 ἐδέξατο
1329 2356 1379 2391 τὴν
1387 2355 1410 2372 ⁸⁵
1419 2355 1530 2391 λόγχην,
1545 2354 1595 2382 καὶ
1610 2355 1741 2389 ἐξῆλθεν
1757 2355 1840 2390 ὕδωρ

1052 2403 1102 2430 καὶ
1119 2401 1202 2438 αἷμα,
1218 2402 1265 2429 τοῦ
1281 2402 1384 2438 κόσμου
1409 2402 1558 2437 καθάρσιον
1581 2402 1629 2429 καὶ
1647 2401 1697 2437 τῆς
1720 2402 1840 2434 παλαιᾶς

1053 2449 1162 2484 ἐκείνης
1171 2448 1280 2484 πληγῆς
1290 2448 1478 2484 ἀλεξητήριον,
1495 2447 1600 2483 Ὠσπερ
1614 2447 1641 2475 δὲ
1652 2448 1720 2484 μέλη
1728 2448 1841 2476 δικαίων

1053 2494 1274 2530 ἐγκωμιάζονται
1294 2494 1364 2521 κατὰ
1383 2494 1476 2530 μέρος,
1492 2493 1563 2522 οὕτω
1577 2495 1626 2521 καὶ
1642 2494 1711 2530 μέλη
1733 2495 1842 2522 ἀσεϐῶν

212 2541 295 2572 actio,
324 2545 354 2567 ut
379 2546 469 2574 neque
494 2537 595 2566 factum
620 2539 745 2572 peccati,
775 2545 863 2573 neque
902 2539 998 2566 semita

1059 2540 1256 2576 πηλιτεύονται
1281 2540 1328 2567 καὶ
1354 2539 1545 2572 ταλανίζονται
1568 2540 1640 2567 κατὰ
1669 2540 1763 2576 μέρος.
1790 2541 1840 2576 Μὴ

212 2588 318 2616 accidat
345 2587 430 2619 mihi,
459 2593 548 2621 neque
567 2585 706 2622 profectus
732 2586 761 2613 in
786 2585 918 2613 deterius.
936 2585 999 2613 ldeo

211 2636 302 2663 Moses
318 2642 411 2662 aurem
433 2633 557 2661 dextram
576 2633 729 2661 sacerdotis
754 2633 888 2668 sanguine
904 2633 998 2660 arietis

248 2698 259 2711 ³
276 2690 372 2726 Matth.
396 2697 446 2718 xui
458 2709 466 2722 .
484 2690 538 2726 ig
583 2690 593 2708 ⁸
610 2688 701 2726 ι-ῐὶεε.
720 2696 790 2721 νιιι,,
808 2690 832 2726 1
841 2697 901 2726 seq.

211 2735 271 2762 seq.
313 2731 327 2750 γ
340 2725 419 2753 toan.
433 2733 491 2758 xu,
507 2725 552 2752 54.
592 2729 603 2743 ι
616 2723 689 2752 Psal.
702 2732 784 2758 xxxv,
803 2724 850 2753 ιε.

949 2694 964 2709 ιι
976 2690 1050 2719 Psal.
1070 2699 1133 2719 xuv
1145 2712 1154 2724 ,
1177 2691 1220 2719 12.

1053 2587 1162 2615 ἐλθέτω
1165 2596 1216 2622 μοι
1222 2587 1299 2621 ποὺς
1306 2587 1523 2622 ὑπερηφανίας,
1534 2587 1583 2614 καὶ
1589 2587 1654 2622 χεὶρ
1664 2587 1841 2622 ἁμαρτωλοῦ

1050 2633 1093 2668 μὴ
1103 2633 1243 2668 σαλεύσῃ
1251 2633 1382 2668 με.Ποὺς
1387 2634 1594 2668 ὑπερηφανίας
1602 2633 1618 2669 ἡ
1626 2633 1685 2666 ὁδὸς
1696 2633 1747 2668 τῆς
1758 2634 1842 2668 ὑπερ-

1273 2695 1286 2710 ν
1302 2690 1374 2719 Psal.
1400 2698 1485 2719 xum
1500 2712 1508 2725 ,
1531 2691 1556 2718 5.
1577 2723 1585 2728 _
1606 2696 1619 2710 κ
1632 2690 1731 2720 Cenes.
1768 2699 1798 2726 ιι,
1825 2692 1837 2719 1

834 2783 950 2813 νΑιιιΑι
971 2779 1174 2812 LECTIONES.

246 2844 269 2860 ιν
296 2842 492 2879 παραιτοῦντες
511 2842 544 2870 Α.
584 2843 608 2860 ⁸⁸
631 2842 755 2871 Ἰωάννου
781 2850 839 2872 om.
861 2841 892 2871 Β.
932 2843 953 2860 ⁸⁸
970 2842 999 2879 ἡ]
1026 2843 1102 2879 καὶὴ
1119 2842 1150 2870 Β.

206 2878 233 2896 *⁷
245 2879 291 2914 τὴν
299 2878 362 2906 add.
375 2879 408 2907 Α.

1206 2843 1229 2859 ⁶¹
1249 2842 1329 2880 ἡμῶν
1344 2843 1376 2872 Δ.
1429 2843 1452 2861 ⁸³
1466 2844 1507 2871 ὅτι
1521 2851 1577 2872 om.
1598 2843 1628 2871 Β.
1681 2845 1704 2862 ⁸⁸
1722 2845 1792 2883 αὐτή
1807 2845 1839 2874 Β.
