1959 3081
148 150 198 182 237

663 150 925 180 BIBLIOTHECA.
945 160 979 166 —
990 147 1070 181 COD.
1085 148 1254 178 CGLXXIV.

1717 145 1770 177 238

150 205 276 242 ηφανίας,
291 205 353 242 χεὶρ
377 204 400 233 δ’
417 207 434 242 ἡ
450 205 560 242 πρᾶξις,
575 203 631 233 οἷον
645 207 714 242 μήτε
729 206 828 242 πρᾶξις
839 207 931 241 ἁμαρ-

1000 215 1079 250 mgit,
1102 220 1127 242 et
1140 215 1264 250 pollicem
1286 221 1384 241 manus
1398 214 1458 248 ejus
1477 212 1589 245 dextrae,
1606 213 1731 241 similiter
1745 214 1772 242 et

149 253 207 284 τίας
232 253 302 287 μήτε
325 251 417 288 τρίϐος
437 252 577 288 προσέλθῃ
590 252 613 268 ⁸⁸
631 261 686 288 μοι,
703 252 771 288 μηδὲ
795 252 932 287 προκοπή.

149 299 193 325 Διὸ
206 298 252 325 καὶ
268 298 389 333 Μωῦσῆς
405 298 452 330 οὓς
467 298 496 325 τὸ
503 298 525 314 ⁸⁷
536 298 623 331 δεξιὸν
643 298 690 325 τοῦ
719 298 814 333 ἱερέως
834 298 931 333 αἰματι

150 345 195 371 τοῦ
228 344 316 380 ἀμνοῦ
339 344 421 379 χρίει,
449 345 496 372 καὶ
524 345 554 372 τὸ
571 345 655 380 ἄκρον
679 345 729 379 τῆς
743 344 832 376 δεξιᾶς
844 344 935 380 χειρὸς

150 391 195 418 καὶ
208 391 256 418 τοῦ
270 391 357 423 δεξιοῦ
369 391 461 423 ποδὸς,
476 391 506 417 τὸ
522 391 572 426 μὲν
585 391 623 422 ὡς
632 389 694 427 [851
710 390 757 427 Η.]
770 391 872 426 δοχεῖον
888 390 934 417 τοῦ

150 437 222 464 θείου
249 437 329 472 λόγου
354 437 450 473 μέλλον
470 437 590 468 ἔσεσθαι,
617 437 667 473 τὴν
695 437 724 463 δὲ
746 437 784 469 ὡς
809 437 936 472 πράξεως

149 485 311 520 δηλωτικὴν,
328 484 372 511 τὸν
386 484 454 511 πόδα
468 484 497 511 δὲ
512 484 549 516 ὡς
567 483 710 520 προκοπῆς
725 484 775 518 τῆς
804 485 848 510 ἐπ’
870 484 935 519 ἁρε-

149 532 197 566 τὴν
205 531 227 546 ⁵⁵
243 532 292 557 καὶ
308 530 477 562 τελειώσεως
503 530 649 565 σύμῦολον.
668 531 720 557 Δύο
744 529 891 565 ἐργάζεται
919 531 935 565 ὴ

150 578 226 613 πηγὴ
242 577 289 604 τοῦ
303 577 482 612 Εὐαγγελίου,
495 577 621 613 καθαίρει
633 578 682 605 καὶ
699 578 816 610 ποτίζει·
832 576 937 609 ποτίζει

152 625 200 659 μὲν
215 623 265 655 τὰς
287 623 419 658 διψώσας,
448 623 575 659 καθαίρει
597 623 626 650 δὲ
651 623 701 655 τὰς
722 623 851 659 ῥυπώσας
872 622 936 658 [ψυ-

151 668 254 704 χάς,⁶’].
272 668 350 705 [1521
365 668 412 705 3.]
431 669 461 695 '0
473 669 582 704 μισθὸς
591 668 707 703 ὀὐμῶν
714 668 812 701 πολὺς
824 669 859 695 ἐν
876 667 938 701 τοῖς

152 714 299 748 οὐρανοῖς.
323 714 368 741 'Ev
390 715 446 746 τοῖς
469 714 645 749 Εὑαγγελίοις
663 713 736 747 ἅπαξ
762 715 880 750 εἴρηται,
901 713 939 745 ὡς

152 758 277 791 ἐνταῦθα,
288 760 306 795 ἡ
324 759 421 792 πολὺς
441 759 528 794 φωνὴ,
541 759 588 786 καὶ
605 759 634 786 ὲν
657 761 691 794 τῇ
714 759 818 794 Παλαιᾷ
828 759 849 774 ⁷¹
865 759 939 790 ἅπαξ

153 805 221 840 πρὸς
236 805 283 832 τὸν
305 805 442 840 Ἁϐραάμ,
459 806 531 841 μετὰ
555 805 606 841 τὴν
624 806 712 841 κοπὴν
731 806 785 832 τῶν
805 805 939 840 βασιλέων

152 851 199 878 καὶ
223 851 273 885 τὴν
293 851 443 887 ἀνάρρυσιν
457 852 513 878 τῶν
533 851 726 887 αἰχμαλώτων,
745 852 793 879 καὶ
816 852 885 887 μετὰ
908 851 939 877 τὸ

155 897 191 932 μὴ
207 878 409 929 καταδέξασθαι
423 898 517 933 μισθὸν
534 878 628 925 λαθεῖν
639 897 695 925 τῶν
710 878 800 925 στόνων
816 878 870 925 ικιιιὶ
889 899 938 932 τῆς
956 878 977 906 Β

154 944 225 970 κατὰ.
239 943 294 970 τῶν
320 944 583 978 αἰχμαλωτισάντων
597 944 686 978 νίκης.
713 945 780 971 Τότε
796 945 850 981 γάρ
872 953 938 980 φησι

155 989 220 1024 πρὸς
238 989 321 1016 αὐτὸν
336 991 350 1016 6
362 989 440 1023 Θεὸς,
455 990 504 1024 Μὴ
518 991 623 1024 φοϐοῦ,
649 991 773 1025 Ἀϐραάμ
783 999 791 1006 ·
804 992 820 1018 ὁ
831 991 941 1026 μισθός

155 1043 212 1061 σου
239 1034 337 1068 πολὺς
358 1035 445 1062 ἔσται
469 1035 598 1070 σφόδρα.
620 1036 700 1063 Κατὰ
715 1036 788 1069 λέξιν
812 1036 841 1063 δὲ
868 1036 941 1068 ἅπαξ

155 1081 202 1107 καὶ
220 1080 293 1115 ἅπαξ
306 1081 337 1108 τὸ
352 1082 451 1115 πολὺς
459 1083 482 1098 ⁷¹
496 1083 615 1118 εἴρηται,
629 1084 699 1110 κατὰ
713 1083 742 1109 δὲ
754 1083 785 1110 τὸ
810 1085 942 1119 σημαινό-

157 1137 236 1162 μενον
248 1128 296 1155 καὶ
307 1129 449 1161 πολλάκις.
459 1130 514 1156 Καὶ
527 1129 581 1165 γὰρ
593 1131 607 1157 6
620 1130 703 1157 Δαὸίδ
718 1139 801 1167 φησιν
813 1131 943 1160 ἀνταπό-

155 1173 241 1206 60m;-
251 1174 353 1209 πολλὴ
367 1175 427 1201 ἀντὶ
442 1175 489 1202 τοῦ
500 1175 611 1210 μισθὸς
624 1176 732 1210 πολὺς,
752 1177 801 1203 καὶ
814 1176 942 1213 ἀλλαχοῦ.

157 1219 241 1246 Ὅταν
253 1220 281 1247 δὲ
296 1220 362 1253 Θεὸς
386 1221 452 1258 εἴπῃ
467 1222 564 1255 πολὺς
581 1223 597 1249 d
605 1223 727 1257 μισθὸς,
753 1224 882 1258 ἐννοήσας
898 1225 945 1251 τὸν

156 1267 391 1303 ἐπαγγελλόμενον
419 1268 506 1295 ἐννόει
532 1268 580 1295 καὶ
602 1269 648 1297 τὸν
676 1270 779 1304 ἄφατον
803 1270 882 1304 λόγον
898 1271 945 1297 τοῦ

157 1314 266 1347 πολύς.
284 1314 366 1340 ’Δλλο
376 1314 430 1350 γάρ
444 1315 519 1341 ἐστιν
546 1315 634 1341 εἰπεῖν
655 1315 760 1352 ἀγρότῃ
784 1316 946 1349 naviumad).

158 1360 222 1386 ἄλλο
249 1360 363 1396 πολίτῃ·
386 1360 478 1395 μεῖζον
500 1361 523 1387 δ’
547 1362 650 1396 ἀμφοῖν
674 1362 721 1388 τοῦ
748 1362 901 1398 στρατηγοῦ
917 1363 947 1388 τὸ

158 1405 227 1433 πολύ
240 1414 247 1421 ·
262 1406 294 1432 τὸ
314 1404 343 1432 δὲ
367 1406 444 1442 παρὰ.
476 1407 516 1442 τῷ
540 1404 646 1442 βασιλεῖ
662 1407 729 1434 πολὺ
752 1408 948 1443 μυριοπλάσιον

157 1453 212 1479 τῶν
227 1453 302 1488 παρὰ
316 1453 406 1485 ἄλλοις
416 1461 423 1469 ·
437 1453 468 1479 τὸ
478 1452 507 1480 δὲ
517 1453 592 1489 παρὰ
605 1454 665 1489 Θεῷ
678 1454 745 1481 πολὺ
761 1454 949 1480 ποσαπλάσιον

159 1500 193 1526 ἂν
222 1500 387 1535 συμπάντων
405 1501 459 1537 εἴη,
485 1501 540 1528 οὐδ’
565 1501 624 1527 ἐστὶ
652 1501 744 1536 ῥητόν.
766 1501 855 1532 Πολὺς
869 1499 916 1528 οὖν
935 1502 950 1527 6

986 259 1063 294 pedis
1074 263 1099 286 ι.
1114 259 1214 286 Aurem
1229 258 1340 294 quidem
1354 258 1433 293 quasi
1448 261 1639 299 susceptqram
1654 256 1771 285 Verbum

987 305 1106 332 Domini.
1117 305 1227 333 Manum
1238 304 1316 340 quasi
1325 311 1407 339 opera
1425 303 1552 331 ostendat
1565 311 1573 331 :
1584 303 1680 338 pedem
1692 310 1769 334 vero.

985 350 1051 386 quia
1095 350 1294 386 progressionis
1337 354 1363 377 et
1401 349 1577 386 periectionis
1601 349 1628 376 in
1674 349 1774 376 virtute

987 396 1085 431 510a
1103 396 1211 432 signum
1224 399 1274 423 est.
1297 396 1355 422 Duo
1368 395 1429 423 fons
1443 394 1583 430 Evangelii
1599 399 1772 428 cooperatur,

987 441 1115 474 mundat,
1129 446 1224 476 potum
1241 441 1358 475 praebet:
1382 445 1475 475 polum
1493 439 1603 474 quidem
1617 439 1774 466 sitientibus

988 486 1106 522 praebet:
1133 486 1248 513 mundat
1276 493 1342 512 vero
1374 485 1481 512 animas
1505 483 1648 511 sordidas:
1676 483 1776 511 Met-cet

987 536 1075 558 ucstra
1086 532 1194 566 copiosa
1205 536 1243 558 est
1263 531 1291 558 in
1308 531 1380 557 uelis
1393 531 1407 550 ιι
1417 538 1423 557 :
1435 531 1461 557 in
1474 529 1622 565 Evangelio
1638 531 1723 558 semel
1736 529 1778 557 di-

988 583 1074 610 ctum,
1084 582 1115 605 ut
1126 578 1170 605 hic
1181 580 1208 605 et
1216 585 1267 605 vox
1281 579 1396 612 copiosa.
1411 581 1438 605 et
1448 577 1475 604 in
1487 578 1600 612 antiquo
1615 582 1778 605 testamento

988 624 1144 651 Abrahamo
1152 623 1235 651 semel
1243 624 1313 651 dicta
1324 629 1523 658 est,postquam
1534 629 1612 659 reges
1621 623 1777 657 occidisset,

990 669 1169 704 captivosque
1185 669 1346 702 liberasset,
1364 673 1466 696 etcum
1479 668 1634 696 mercedem
1652 669 1778 704 accipere

990 715 1114 742 laborum
1126 736 1134 748 ,
1158 715 1344 749 victoriaeque,
1364 721 1447 750 quam
1467 714 1501 741 de
1517 714 1688 749 capientibus
1704 719 1780 742 retu-

989 762 1069 793 lerat,
1093 761 1237 789 noluisset.
1265 760 1334 788 Tum
1363 761 1436 788 enim
1461 761 1500 788 ait
1521 760 1560 788 illi
1593 760 1684 789 Deus:
1715 760 1780 788 Noli

991 809 1091 841 timere,
1111 808 1256 840 Abraham,
1272 808 1336 842 quia
1352 813 1449 834 merces
1471 812 1517 834 tua
1540 815 1638 842 magna
1657 807 1757 834 nimiasc
1771 814 1779 834 :

992 853 1025 880 ad
1039 853 1152 881 verbum
1169 852 1272 885 semel,
1296 856 1323 879 et
1341 851 1427 879 semel
1447 850 1575 887 [merces
1595 851 1659 888 tua]
1675 852 1782 886 copiosa

991 899 1094 926 dictum
1119 904 1180 932 est,
1198 898 1245 926 sed
1268 898 1296 925 in
1320 897 1521 932 significatione
1542 892 1654 933 smpius.
1673 897 1781 925 Etenim

991 945 1058 973 dicit
1074 944 1170 976 David,
1183 944 1320 971 retributio
1339 943 1422 970 multa
1431 942 1456 977 ἀ,
1472 951 1523 979 pro
1540 952 1638 970 merces
1664 943 1781 977 copiosa,

992 996 1018 1018 et
1039 991 1120 1023 alibi,
1135 999 1198 1018 cutn
1213 990 1281 1018 dicit
1298 990 1381 1021 Deus,
1396 990 1504 1024 copiosa
1524 996 1634 1023 merces,
1656 989 1783 1025 intelligit

993 1037 1066 1072 quod
1088 1037 1191 1065 dictum
1215 1042 1275 1070 est,
1299 1037 1427 1072 intelligit
1441 1041 1469 1063 et
1485 1035 1623 1064 ineﬂabile
1647 1038 1780 1069 verbum,

994 1085 1111 1119 copiosa.
1132 1083 1212 1110 Aliud
1227 1088 1269 1110 est
1289 1083 1360 1111 enim
1383 1083 1474 1110 dicere
1506 1082 1610 1110 rustico
1635 1082 1782 1116 copiosam,

996 1130 1070 1158 aliud
1088 1130 1194 1157 urbano
1204 1150 1212 1162 ,
1231 1133 1348 1164 utroque
1363 1129 1455 1157 adhuc
1470 1128 1560 1163 majus
1573 1127 1637 1156 duci
1647 1129 1786 1156 exercitus

995 1177 1152 1212 copiosum.
1167 1175 1245 1209 Quod
1258 1180 1351 1203 autem
1367 1183 1382 1202 a
1400 1183 1462 1210 rege
1481 1174 1674 1210 proﬁciscitur,
1693 1175 1787 1202 multis

997 1223 1122 1259 partibus
1147 1222 1238 1250 adhuc
1262 1222 1351 1257 majus
1368 1225 1425 1253 est,
1455 1228 1538 1256 quam
1565 1221 1638 1256 quod
1665 1220 1700 1248 ab
1724 1221 1787 1248 aliis

997 1273 1096 1301 datur:
1119 1272 1192 1308 quod
1208 1278 1274 1299 vero
1289 1279 1304 1298 a
1324 1270 1379 1298 Deo
1389 1271 1481 1302 datur,
1498 1269 1588 1297 adhuc
1605 1269 1731 1296 omnibus
1746 1273 1789 1296 est

998 1319 1078 1353 longe
1112 1317 1275 1352 copiosius,
1312 1324 1361 1343 nee
1382 1315 1511 1350 explicari
1544 1319 1645 1350 potest.
1671 1315 1788 1349 Copiosa

1000 1365 1084 1400 igitur
1101 1371 1208 1392 merces
1223 1367 1387 1398 martyrum,
1399 1361 1447 1396 qui
1466 1361 1541 1388 nullo
1554 1361 1615 1395 jure
1639 1361 1673 1388 ad
1694 1368 1788 1388 necem

999 1411 1154 1446 rapiuntur,
1175 1410 1281 1444 quique
1296 1409 1332 1436 ob
1347 1408 1434 1436 Deum
1448 1413 1625 1440 accusantur,
1638 1407 1685 1442 qui
1705 1415 1791 1442 angu-

1000 1457 1129 1489 stiantur,
1145 1456 1247 1490 quique
1265 1455 1415 1482 humanam
1437 1454 1563 1489 gloriam,
1590 1457 1620 1480 ut
1639 1453 1789 1486 Abraham,

1001 1503 1118 1530 calcant.
1136 1501 1205 1529 Nam
1228 1501 1272 1529 ille
1298 1501 1408 1536 regibus
1430 1499 1589 1528 Gomorrhte
1608 1504 1635 1526 et
1657 1499 1791 1526 Sodomo-

161 1547 258 1581 μισθὸς
270 1547 324 1575 τῶν
343 1547 503 1583 μαρτύρων,
512 1548 567 1574 τῶν
584 1548 684 1580 ἀδίκως
701 1548 884 1583 διωκομένων,
896 1547 946 1574 τῶι

1003 1557 1064 1577 rum
1078 1557 1186 1576 omnem
1204 1548 1356 1583 equitatum
1379 1547 1519 1579 dantibus,
1533 1551 1561 1574 et
1582 1546 1636 1573 illis
1651 1546 1792 1573 honoran-

157 1594 423 1631 .G’UXOQEVTOUFE'VLDV
436 1594 517 1621 ἕνεκα
537 1594 614 1626 Θεοῦ,
631 1594 687 1621 τῶν
712 1593 888 1629 θλιϐομένων,
902 1594 950 1620 καὶ

160 1639 216 1666 τῶν
246 1639 419 1676 ἀνθρωπίνης
446 1640 524 1675 δόξης
544 1640 638 1676 ὥσπερ
661 1641 675 1667 ὁ
705 1641 831 1676 Ἀϐραὰμ
867 1647 953 1668 nam;

161 1685 329 1712 πατούντων.
348 1686 402 1713 Καὶ
419 1687 472 1722 γὰρ
491 1688 595 1718 ἐκεῖνος
609 1687 658 1723 τὴν
671 1687 754 1715 ἵππον
769 1689 858 1720 πᾶσαν
868 1687 954 1715 διδόν-

160 1738 216 1759 των
226 1732 281 1760 τῶν
293 1734 342 1769 τῆς
351 1734 494 1769 Γομόρρας
507 1735 554 1761 καὶ
577 1734 632 1762 τῶν
656 1735 782 1770 Σοδόμων
805 1735 948 1771 βασιλέων,

1004 1597 1088 1629 tibus,
1114 1600 1144 1623 ut
1175 1595 1244 1630 ipsis
1269 1598 1392 1622 servaret
1414 1593 1535 1628 captivos
1569 1600 1686 1627 pueros,
1711 1597 1793 1627 atque

1006 1650 1117 1674 uxores,
1130 1642 1235 1676 respuit
1250 1647 1346 1668 eorum
1363 1639 1515 1672 honorem,
1531 1646 1585 1666 non
1610 1638 1723 1673 cupiens
1749 1636 1793 1664 sui

1007 1689 1109 1717 laboris
1139 1687 1292 1715 mercedem
1320 1686 1355 1713 ab
1381 1684 1540 1712 hominibus
1566 1685 1700 1719 accipere.
1730 1683 1793 1711 ldco

1006 1736 1105 1770 (lignus
1118 1733 1171 1760 fuit
1187 1733 1283 1760 audire
1297 1740 1312 1759 a
1329 1731 1396 1764 Deo,
1413 1730 1514 1758 Meroe;
1528 1736 1574 1758 tua
1588 1731 1639 1766 fuit
1662 1731 1793 1765 copiosa'.

157 1780 211 1814 atat
220 1779 326 1812 τούτοις
336 1781 479 1816 τιμώντων
492 1781 552 1808 ἀνθ’
578 1778 630 1808 ὤν’
647 1783 739 1814 αὐτοῖς
771 1782 928 1810 ἀνεσώσατο
943 1783 1000 1813 ,τῶν
1019 1780 1159 1817 γυναικῶν
1176 1780 1224 1806 καὶ
1248 1778 1351 1805 παίδων
1373 1777 1423 1812 τὴν
1446 1776 1647 1812 αἰχμαλωσίαν»
1671 1776 1795 1812 παρῃτή-

164 1835 232 1854 σατο
242 1828 292 1863 τὴν
304 1828 370 1863 παρ’
386 1828 476 1856 αὐτῶν
489 1828 578 1861 δόξαν,
608 1829 646 1863 μὴ
666 1828 783 1862 θελήσας
805 1829 860 1856 τῶν
890 1829 962 1856 ἰδίων
981 1828 1112 1864 καμάτων
1140 1826 1215 1861 παρὰ
1231 1824 1383 1860 ἀνθρώπων
1400 1824 1492 1851 λαῦεῖν
1512 1823 1575 1854 τοὺς
1600 1822 1726 1857 μισθούς.
1750 1821 1795 1848 Διὸ

163 1876 212 1902 καὶ
227 1875 331 1911 ἠξιώθη
341 1875 418 1911 παρὰ
430 1875 497 1902 Θεοῦ
518 1875 632 1902 ἀκοῦσαι
649 1876 690 1902 ὅτι
707 1875 734 1901 '0
739 1876 849 1910 μισθός
862 1884 920 1903 σου
932 1875 1039 1907 πόλος.

161 1951 163 1953 ,
198 1923 375 1958 Σφαιρωτήρ
388 1931 454 1958 φησι
466 1923 497 1949 τδ
512 1922 589 1958 παρὰ
601 1924 658 1954 τοῖς
677 1922 787 1954 πολλοῖς
804 1922 951 1957 λεγόμενον

159 1969 275 2005 ¹λώριον,
296 1968 491 2004 σφαιρωτῆρα
509 1969 538 1995 δὲ
554 1968 682 2002 λέγεσθαι
710 1968 755 1994 διὰ
775 1968 806 1994 τὸ
827 1967 956 1998 πολλάκις

159 2015 323 2047 «κυκλοειδές
343 2014 551 2049 ἀπεργάζεσθαι
570 2014 601 2040 τὸ
623 2014 711 2049 δέρμα
737 2013 783 2040 τὸν
813 2013 959 2048 τεχνίτην.

167 2063 216 2090 καὶ
230 2062 302 2089 οὕτω
313 2061 435 2097 τέμνειν.
456 2061 535 2092 Τινὲς
546 2060 575 2087 δέ
588 2069 655 2095 φασι
680 2061 729 2096 τὴν
752 2060 848 2095 κλῆσιν
864 2059 957 2087 λαϐεῖν

165 2107 221 2134 ἀπὸ
232 2107 281 2134 τοῦ
297 2107 389 2143 σφυρὰ
402 2109 506 2143 τηρεῖν.

203 2155 369 2190 Κρινοῦσιν
393 2156 421 2182 οὶ
442 2154 557 2181 δώδεκα
575 2154 628 2187 τὰς
649 2153 763 2179 δώδεκα
779 2151 879 2186 φυλὰς
903 2149 956 2177 τοῦ

173 2202 310 2237 Ἰσραήλ.
339 2203 436 2237 Κρινεῖ
460 2201 508 2228 καὶ
538 2200 644 2231 Παῦλος
668 2199 717 2234 τὴν
749 2197 923 2232 οἰκουμένην,
943 2197 957 2222 6

167 2250 258 2286 κῆρυξ
273 2250 323 2284 τῆς
339 2248 513 2283 οἰκουμένης.
526 2247 564 2274 Οὐ
577 2246 683 2277 Παῦλος
699 2245 728 2272 δὲ
745 2246 824 2279 μόνος
834 2244 866 2276 ⁷³,
887 2242 958 2269 ἀλλὰ

169 2295 219 2322 καὶ
243 2295 269 2322 οῖ
289 2294 324 2320 τὰ
346 2293 452 2320 ἐκείνου
475 2291 650 2328 φρονοῦντες.
678 2291 778 2316 ’Δκουε
797 2288 852 2324 γὰρ
873 2287 956 2315 αὐτοῦ

1040 1919 1206 1955 Σφαιρωτὴρ
1243 1917 1333 1949 dicit,
1359 1923 1440 1951 quam
1473 1915 1571 1951 vulgus
1599 1915 1710 1950 ligulam
1743 1923 1794 1943 seu

1005 1967 1151 2002 corrigiam
1166 1965 1285 2000 appellat
1301 1973 1308 1991 :
1325 1962 1507 1998 σφαιρωτῆρα
1529 1966 1620 1990 autem
1647 1962 1793 1995 nominari,

1005 2013 1077 2049 quod
1093 2011 1194 2039 artifex
1212 2010 1318 2038 corium
1335 2008 1483 2036 rotundum
1499 2008 1632 2041 elaboret,
1653 2012 1680 2035 et
1694 2008 1735 2035 sic
1751 2016 1795 2046 se-

1006 2064 1060 2087 cet.
1078 2057 1209 2086 Nonnulli
1223 2056 1319 2084 dicunt
1331 2061 1430 2082 nomen
1451 2053 1476 2080 ei
1493 2054 1609 2081 inditum
1626 2061 1700 2086 esse,
1729 2053 1794 2088 quia

1010 2105 1088 2140 pedis
1102 2104 1187 2131 talum
1201 2105 1302 2130 servat.

1044 2149 1211 2177 Judicabunt
1226 2149 1252 2175 Ιιὶ
1262 2147 1400 2175 duodecim
1415 2147 1499 2174 tribus
1518 2145 1604 2173 Israel
1620 2144 1630 2164 ί
1643 2154 1650 2173 :
1661 2144 1797 2180 iudicabit

1009 2201 1036 2223 et
1050 2195 1163 2227 Paulus,
1182 2194 1258 2221 orbis
1275 2201 1375 2229 praeco,
1392 2193 1498 2225 orbem,
1516 2197 1543 2219 et
1569 2191 1608 2219 illi
1639 2190 1686 2226 qui
1700 2191 1795 2218 eadem

1010 2249 1074 2269 cum
1091 2240 1177 2268 Paulo
1191 2240 1324 2267 sentiunt.
1335 2238 1404 2266 Audi
1421 2238 1493 2266 enirn
1506 2237 1572 2272 quid
1588 2236 1632 2264 ille
1643 2236 1717 2263 dicat
1731 2243 1738 2262 ι
1756 2237 1798 2262 An

1011 2286 1118 2314 nescitis
1129 2305 1138 2317 ,
1166 2285 1230 2320 quia
1254 2285 1341 2312 sancti
1366 2284 1399 2311 de
1412 2283 1460 2310 hoc
1474 2282 1571 2309 mundo
1584 2281 1746 2317 judicabunt
1758 2282 1770 2301 Β
1785 2282 1797 2307 ?

168 2320 306 2374 ignaue,
329 2339 390 2365 οὐκ
401 2320 533 2364 viduae."
551 2336 597 2363 ὅτι
618 2320 646 2362 δι
669 2334 745 2367 ἅγιοι
764 2320 817 2360 τὸν·
837 2320 946 2368 ’κόσμοι

1010 2338 1038 2361 et
1057 2333 1081 2360 si
1098 2324 1125 2360 in
1139 2331 1217 2359 vobis
1231 2331 1401 2366 judicabitur
1418 2329 1537 2357 mundus
1550 2349 1558 2361 ,
1587 2328 1691 2363 indigni
1717 2327 1795 2360 estis,

169 2384 325 2419 κρινοῦσι;
343 2383 391 2410 καὶ
410 2383 435 2409 εἰ
451 2384 481 2410 ἐν
507 2382 572 2417 ὑμῖν
604 2380 727 2416 κρίνεται
739 2380 752 2405 ὁ
770 2378 883 2414 κόσμος,
905 2378 955 2404 ἀν-

171 2431 242 2463 άξιοι
255 2432 317 2457 ὲστε
330 2430 481 2466 κριτηρίων
491 2427 649 2463 ἐλαχίστων.

210 2478 293 2505 ’Δλλο
307 2476 394 2510 ἐθνῷν
408 2476 574 2510 ἐκδίκησις,
590 2476 637 2502 καὶ
654 2474 718 2502 ἄλλο
733 2472 806 2500 λαῶν
830 2470 956 2505 ἐλεγξις.

177 2524 211 2550 Ἦ
227 2524 276 2559 μὲν
298 2525 355 2558 γὰρ
369 2522 526 2556 ἐκδίκησις
548 2523 578 2548 ὲν
600 2522 656 2551 τοῖς
679 2520 846 2554 ἁπιστήσασι
863 2524 961 2543 παντε-

170 2570 240 2602 λῶς·
254 2570 334 2602 λαοὺς
349 2570 453 2603 ὁὲςτοὺς
466 2568 503 2603 μὴ
518 2568 684 2603 θελήσαντας
703 2566 742 2597 εἰς
761 2564 910 2598 ἐπίγνωσιν
919 2562 959 2588 ἐλ-

171 2617 241 2649 θεῖν,
253 2612 290 2643 ὧν
304 2617 351 2643 καί
365 2616 390 2642 ot
406 2614 530 2650 ὲλεγμοί·
546 2609 637 2650 ἀφ’ὧν
656 2612 816 2645 ἐκδίκησιν
832 2611 882 2636 οὐκ
902 2610 959 2634 εἱσ-

1011 2380 1059 2415 qui
1078 2380 1111 2406 de
1126 2378 1247 2406 minimis
1261 2377 1401 2413 jutlieetis.

1048 2467 1108 2494 Alia
1123 2469 1165 2493 est
1178 2464 1319 2498 ἐκδίκησις
1330 2462 1400 2490 ultio
1415 2461 1557 2497 gentilium
1574 2470 1579 2488 :
1596 2459 1649 2487 alia
1666 2466 1730 2486 vero
1748 2466 1797 2492 po-

1011 2513 1135 2548 pulorum
1145 2510 1249 2545 έλεγξις
1257 2510 1282 2536 ιι.
1293 2508 1448 2543 Ἐκδίκησις
1457 2507 1529 2535 enim
1544 2507 1571 2534 in
1580 2506 1614 2533 iis
1628 2506 1674 2540 qui
1686 2504 1799 2531 omnino

1014 2567 1069 2586 non
1087 2556 1281 2585 crediderunti
1297 2564 1304 2581 :
1321 2550 1416 2589 5100
1432 2553 1549 2591 populus
1562 2556 1652 2579 autem
1664 2550 1758 2577 nolens
1771 2550 1798 2575 in

1014 2611 1109 2633 eorum
1124 2601 1291 2637 agnitionem
1309 2601 1412 2632 venire,
1423 2599 1456 2626 de
1468 2598 1569 2634 quibus
1583 2602 1746 2632 arguuntur,
1756 2595 1801 2621 ὲκ-

203 2679 217 2694 !
231 2673 318 2700 Levit.
330 2680 388 2705 vul,
399 2670 444 2699 ‘22.
458 2671 480 2705 νδ
490 2670 586 2697 Matth.
599 2676 644 2700 xv,
657 2669 700 2705 l2.
737 2672 751 2705 f‘
763 2665 863 2705 gentes.
876 2671 920 2693 xv,

1000 2659 1094 2688 ﬂPsal.
1117 2666 1195 2690 xvul,
1211 2655 1254 2684 12.
1275 2661 1284 2671 ε
1296 2655 1363 2683 Gen.
1380 2663 1436 2687 ιιιν,
1450 2654 1495 2682 2⁸5.
1535 2653 1546 2673 ί
1562 2653 1655 2680 Matth.
1681 2660 1737 2683 xtx,
1751 2650 1800 2676 ‘28.

175 2708 210 2736 ει
223 2698 367 2740 (ἵδέζνιιίξ
382 2698 414 2734 ’2.
440 2698 443 2699 ν
457 2704 471 2724 5
484 2706 551 2734 Luc.
567 2698 644 2736 xvm,
664 2704 691 2730 7.
736 2703 744 2722 ί
764 2701 785 2728 ιι
802 2700 874 2727 Petr.
895 2707 924 2730 ιι,
939 2698 982 2725 l6.

811 2757 930 2786 VARIJE
953 2753 1158 2783 LECTIONES.

226 2819 250 2834 “
265 2816 411 2852 προσέλθοι
429 2815 459 2842 Β.
480 2850 486 2852 _
499 2815 521 2830 ⁸⁷
531 2813 562 2852 τὸ
577 2811 780 2852 add.‘B.‘et‘rc.
858 2806 985 2852 :37}?pr

172 2862 229 2881 om.
243 2841 300 2880 B.T
309 2841 380 2878 λῖν
391 2841 554 2887 τῇῗτταλαιᾷ,
573 2849 590 2883 ὴ
606 2846 708 2875 παλαιὰ
722 2846 755 2872 Λ.
808 2845 830 2859 ⁷¹
842 2842 871 2869 τὸ
883 2841 965 2871 πολύς

169 2891 261 2918 sitiam
279 2896 334 2917 om.
349 2888 382 2914 Α.

987 2805 1046 2866 iis.
1086 2803 1108 2818 "
1124 2801 1214 2836 ψυχὰς
1229 2809 1284 2828 om.
1303 2799 1335 2827 A.

990 2858 997 2866 .
1028 2839 1066 2866 :6
1084 2837 1178 2866 μισθός
1204 2845 1251 2864 σου
1268 2836 1300 2863 τὸ
1325 2845 1335 2862 π

1386 2800 1408 2815 ⁷⁵
1420 2800 1433 2826 ὁ
1461 2797 1554 2834 μισθρς
1568 2811 1603 2834 τ-
1618 2794 1804 2834 περιηχούσῃς

1028 2847 1035 2872 ;
1051 2839 1066 2865 6
1084 2830 1179 2874 μισθὸξ
1204 2830 1251 2864 σου
1268 2836 1300 2863 τὸ
1325 2835 1408 2866 πολὺς
1424 2830 1468 2865 ς.“
1514 2832 1535 2849 ⁷³
1551 2833 1631 2867 μόνον
1645 2830 1676 2863 ς.
1714 2830 1737 2847 ⁷⁸
1750 2831 1802 2857 οὐκ
