1959 3081
189 174 244 206 239

769 173 899 204 PilOTII
920 172 1169 203 PATRIARCII/E
1186 174 1239 204 (ΣΡ.

1765 173 1815 213 2'40

192 232 302 267 δίκησιν
319 239 374 259 non
392 231 504 260 subibit.
532 231 644 260 Exactio
669 233 741 260 enim
770 232 889 260 hostium
914 237 974 260 est:

1034 232 1149 267 πράττει
1163 233 1190 268 (ὴ
1205 231 1260 268 γὰρ
1281 232 1423 268 εἷσπραξις
1441 233 1497 260 τῶν
1513 234 1641 270 ἐχθρῶν),
1666 236 1725 263 ἀλλ’
1739 238 1814 274 ἐλέγ-

190 279 348 314 redargutio
375 277 441 307 vero
471 284 584 314 peccata
614 279 839 314 reprehendentis
867 279 975 307 Domini

180 331 241 354 1:51.

224 371 322 400 Anima
338 372 404 407 justi
417 380 482 400 cum
501 373 565 400 hinc
577 372 735 404 excesserit,
747 372 905 408 angelorum
917 381 976 400 ma-

190 417 270 444 nibus
285 422 423 451 portatur,
435 418 482 452 qui
494 417 567 445 illam
584 418 611 445 in
622 419 723 453 regiam
739 418 833 445 urbem
844 414 972 451 referunt,

181 470 249 498 aqua:
263 466 304 490 est
320 463 442 491 cwlcstis
459 462 622 491 Jerusalem.

268 552 301 580 1n
316 553 520 580 decollationem
535 553 622 580 sancti
635 553 749 581 Joannis
764 552 902 588 Βαριίδιω.

222 599 285 626 Haec
299 599 388 626 oratio
405 598 493 626 sancti
508 597 698 634 Chrysostomi
712 599 824 626 nomine
846 599 975 627 inscribi-

182 649 240 678 tur,
258 652 312 672 non
324 651 416 672 tamen
429 645 495 672 mihi
508 644 568 680 ejus
583 645 699 672 videtur.
713 644 890 680 Argumentis
901 646 974 672 enim

186 690 321 726 modoque
338 691 475 719 scribendi
497 691 614 719 multum
626 700 641 719 a
657 691 773 727 reliquis
795 692 856 726 ejus
870 692 974 719 oratio-

185 737 268 765 nibus
281 737 480 772 distinguitur,
504 738 558 765 nisi
581 738 655 771 quod
671 737 795 772 quaedam
814 745 848 765 ex
865 737 900 765 iis
921 738 976 766 huc

186 783 357 818 rejiciantur.
372 783 421 812 Est
440 789 532 812 autem
547 784 633 812 dictio
649 785 718 812 satis
729 783 802 816 vilis,
818 787 847 811 et
867 785 901 812 ab
915 784 975 819 ejus

185 830 256 865 stylo
269 829 358 858 aliena
371 829 395 857 i.

222 875 245 903 0
261 883 316 903 rem
333 877 449 904 novam!
466 875 586 904 Joannes
600 876 719 904 animam
731 875 846 904 Herodis
865 876 974 911 ligatam

1027 286 1070 313 χει
1085 278 1123 310 ὡς
1136 279 1288 314 Δεσπότης,
1301 278 1335 306 τὰ
1351 279 1540 315 ἁμαρτήματα
1557 281 1724 317 ἀνακρίνων,

1063 366 1128 403 [852
1142 366 1189 403 H.]
1211 367 1297 394 Ὅταν
1319 367 1414 403 ἐξέλθῃ
1435 367 1509 403 ψυχὴ
1539 367 1646 396 δικαίου
1677 370 1812 405 ἐντεῦθεν,

1027 414 1244 449 παραπέμπεται
1256 413 1301 440 διὰ
1314 413 1414 448 χειρῶν
1429 414 1565 448 ἀγγέλων,
1577 414 1625 441 καὶ
1645 416 1813 451 παριστῶσιν

1027 459 1112 495 αὐτὴν
1127 459 1155 486 ἐν
1168 460 1201 495 τῇ
1222 458 1339 494 βασιλίδι
1352 459 1438 493 πόλει,
1452 459 1514 494 ἥτις
1527 461 1603 488 ἐστὶν
1614 460 1696 497 ήᾶνω
1713 462 1812 498 Ἰερου-

1028 505 1094 540 σαλή
1099 514 1129 541 μ.

1058 552 1110 585 Εἰς
1123 551 1183 586 τὴν
1192 551 1351 587 ἀποτομὴν
1372 552 1514 580 Ἰωάννου
1526 553 1580 580 τοῦ
1594 555 1777 583 Βαπτιστοῦ.

1067 598 1265 634 Ἐπιγράφεται
1286 597 1335 634 μὲν
1344 599 1366 615 ⁷⁸
1380 598 1427 625 τοῦ
1450 599 1656 634 Χρυσοστόμου,
1683 601 1734 628 οὐκ
1751 601 1813 636 ἐμοὶ

1025 642 1099 669 δοκεῖ
1112 642 1158 669 δέ·
1171 644 1228 674 τοῖς
1243 652 1273 669 τε
1295 642 1350 678 γὰρ
1369 643 1554 680 ἐνθυμήμασι,
1573 645 1620 671 καὶ
1643 647 1676 680 τῇ
1687 647 1709 661 ⁷⁵
1730 646 1813 682 πείρᾳ

1026 689 1077 723 τῆς
1093 690 1202 724 γραφῆς
1215 689 1282 716 πολὺ
1297 689 1327 716 τὸ
1343 690 1432 722 ἐνδεὲς
1451 690 1506 717 τῶν
1521 690 1609 717 ἄλλων
1628 691 1711 717 αὑτοῦ
1726 690 1812 724 λόγων

1025 733 1205 770 ἀποφέρεται.
1221 734 1294 770 mm
1306 743 1368 762 τινα
1397 736 1445 763 καὶ
1462 735 1492 768 ἐξ
1510 735 1593 762 αὑτοῦ
1605 734 1810 771 παρεξεϐλήθη.

1028 781 1106 807 Ἐστι
1121 781 1150 807 δὲ
1165 782 1246 808 αὑτοῦ
1263 782 1310 809 καὶ
1321 783 1338 818 ἡ
1354 782 1427 816 λέξις
1442 782 1540 818 χυδαία
1565 782 1614 810 καὶ
1637 782 1688 818 τῆς
1707 782 1811 809 ἐκείνου

1028 827 1265 862 παραλλάττουσα.

1064 873 1096 899 Ὢ
1113 873 1278 909 πράγματος
1295 873 1458 901 ἀλλοκότουε
1485 874 1613 910 Ἰωάννης
1626 875 1675 910 τὴν
1702 875 1812 910 δεδεμέ-

187 921 299 949 vinculo
317 921 441 956 peccati,
472 921 661 958 redarguendo
678 921 787 950 solvere
810 921 896 949 voluit
909 930 916 948 :
929 921 974 948 ille

1030 928 1075 955 νην
1096 918 1179 946 αὐτοῦ
1202 918 1291 955 ψυχὴν
1316 921 1349 955 τῇ
1378 921 1458 956 σειρᾷ
1473 920 1523 955 τῆς
1538 921 1675 956 ἁμαρτίας
1699 920 1742 948 διὰ
1765 921 1812 948 τοῦ

185 974 251 995 vero
267 967 417 996 solventem
439 968 545 1004 ligavit.

184 1067 313 1102 Ejusdem
329 1067 415 1094 oratio
430 1066 587 1094 inscribitur
598 1067 628 1093 in
640 1066 922 1102 idemrargumentum,
947 1070 972 1093 et

381 1107 420 1130 est
436 1103 541 1130 omnino
559 1102 644 1136 priori
658 1101 765 1128 similis.

219 1183 376 1210 Mandatum
392 1181 443 1210 fuit
457 1181 570 1216 Judazis,
580 1190 695 1210 uxorem
710 1181 804 1209 fratris
818 1181 879 1209 sine
896 1181 973 1216 prole
1000 1176 1018 1192 τ’

183 1229 308 1257 defuncti
324 1229 440 1262 ducere,
457 1228 603 1264 prohibitis
626 1228 729 1264 nuptiis
745 1235 809 1255 cum
833 1227 970 1263 gentibus,

182 1283 245 1311 qtne
261 1275 347 1303 solita:
372 1279 451 1303 erant
478 1275 512 1303 ad
536 1275 608 1302 idola
632 1282 744 1302 currere
759 1274 793 1302 ll:
812 1275 864 1301 tale
890 1274 972 1308 igitur

183 1322 393 1350 matrimonium
412 1321 615 1350 concedebatur
626 1342 634 1355 ,
650 1325 681 1350 ut
704 1321 875 1348 tolerabilius
889 1328 970 1355 quam

184 1367 349 1395 idololatria.
379 1366 551 1402 Tripudiavit
580 1367 635 1395 illia
669 1366 972 1402 Herodiadis:dignus

183 1414 254 1442 festo
269 1414 367 1445 honor,
380 1413 527 1441 delectatio
539 1412 706 1441 celebritate.
724 1412 831 1440 Iuravit
843 1412 885 1439 illi
894 1412 973 1448 quid-

182 1460 246 1496 quid
258 1460 374 1495 petiisset
392 1458 401 1478 1
421 1467 429 1485 :
446 1465 474 1487 et
487 1459 554 1487 illud
569 1459 766 1494 turpitudinem
780 1462 876 1494 auget,
895 1458 973 1493 jura-

183 1509 306 1534 mentum
329 1505 503 1534 indetinitum
516 1525 524 1538 ,
549 1509 577 1533 et
597 1505 649 1533 hoc
663 1509 774 1540 propter
789 1504 972 1532 saltationem.

184 1552 314 1588 ltegalem
332 1553 525 1580 auctoritatem
541 1552 639 1587 puella:
652 1552 767 1587 pedibus
787 1551 886 1578 stultus
907 1550 973 1578 sub-

1025 965 1139 1001 ἐλέγχου
1175 965 1250 992 λύειν
1285 965 1434 999 ἐϐούλετο,
1470 966 1598 998 κάκεῖνος
1630 967 1677 993 τὸν
1714 966 1813 994 λύοντα

1024 1012 1145 1047 ὲδέσμει.

1025 1067 1106 1104 [1524
1117 1068 1173 1104 R.]'
1183 1068 1238 1096 Τοῦ
1252 1069 1346 1097 αὑτοῦ
1364 1069 1557 1103 ἐπιγράφεται
1574 1070 1667 1103 λόγος
1687 1069 1732 1102 είς
1755 1069 1812 1102 τὴν

1058 1103 1327 1139 αὐτὴτίὺπόθεσιν,
1344 1104 1392 1131 καί
1405 1105 1470 1132 ἐστι
1484 1105 1560 1132 κατὰ
1581 1104 1680 1132 πάντα
1705 1105 1812 1139 ὁμοίως

1058 1139 1139 1174 ἔχων
1151 1138 1191 1172 τῷ
1204 1139 1262 1173 πρὸ
1276 1139 1380 1167 αὑτοῦ.

1064 1185 1204 1218 Ἰουδαίοις
1230 1186 1431 1222 ἐπιτέτραπται
1455 1187 1576 1221 γυναῖκα
1601 1186 1672 1222 μετὰ
1697 1186 1812 1214 θάνατον

1025 1231 1072 1258 κα¹ι
1086 1232 1189 1259 ἄπαιδα
1205 1231 1251 1259 τοῦ
1268 1231 1383 1267 ἀδελφοῦ
1398 1232 1524 1267 ἄγεσθαι,
1545 1233 1595 1268 τὴν
1611 1234 1679 1269 πρὺς
1699 1233 1734 1260 τὰ
1749 1233 1812 1268 ἔθνη

1023 1276 1136 1305 κωλύων
1151 1276 1379 1312 ἐπιγαμίαν,ἐθος
1393 1277 1506 1313 ἔχουσαν
1520 1280 1576 1310 τοῖς
1593 1278 1714 1310 εἰδώλοις
1724 1287 1812 1314 προσ-

1022 1323 1144 1358 τρέχεινο
1159 1323 1197 1354 ὡς
1227 1324 1390 1359 κουφότερον
1420 1322 1466 1351 οὖν
1494 1324 1544 1356 τῆς
1564 1324 1784 1360 εἰδωλολατρείας
1798 1325 1814 1352 ὁ
1837 1331 1842 1337 ”

1022 1368 1144 1398 τοιοῦτος
1165 1369 1255 1404 γάμος
1278 1370 1335 1401 τοῖς
1355 1370 1495 1402 Ἰουδαίοις
1512 1371 1718 1406 ωγκεχώρητο.
1753 1371 1815 1404 Ὠρ-

1023 1414 1128 1450 χὴσατο
1155 1415 1172 1450 ἡ
1196 1413 1322 1451 θυγάτηρ
1349 1415 1430 1451 τῆς⁷⁷
1455 1415 1635 1452 Ἡρωδιάδος.
1663 1417 1740 1450 ’Λεία
1763 1417 1814 1451 τῆς

1023 1461 1121 1496 ἑορτῆς
1143 1461 1256 1497 ἡτιμὴ,
1281 1462 1298 1497 ἡ
1325 1461 1420 1497 τέρψις
1453 1462 1502 1497 τῆς
1524 1462 1718 1498 πανηγύρεως.
1745 1463 1814 1490 Μεθ’

1023 1506 1107 1542 ὅρκου
1134 1506 1312 1543 ὡμολόγησεν
1332 1508 1402 1543 αὐτῇ
1427 1508 1441 1534 ὅ
1460 1516 1486 1534 τι
1510 1507 1544 1535 ἂν
1568 1508 1732 1543 αἰτήσηται·
1767 1508 1815 1535 καὶ

1023 1550 1102 1578 τοῦτο
1113 1551 1256 1587 προσθήκη
1268 1552 1321 1579 τῶν
1338 1551 1460 1587 αἰσχρῶν
1475 1552 1614 1588 βαρυτέρα
1624 1573 1632 1585 ,
1645 1553 1727 1589 ὅρκος
1754 1554 1815 1581 ἀδι-

181 1598 248 1634 jecit
263 1607 270 1627 :
288 1598 412 1634 permisit
430 1599 534 1635 regiam
552 1598 713 1634 dignitatem
727 1597 882 1625 conculcari
894 1615 902 1629 ,
919 1596 971 1624 sub

1030 1597 1194 1633 5ριστος,καὶ
1206 1595 1283 1630 οὗτος
1293 1597 1326 1624 δι’
1337 1598 1462 1633 ὄρχησιν,
1480 1598 1536 1634 Τὴν
1552 1598 1693 1634 βασιλικὴν
1716 1600 1816 1626 αὐθεν-

182 1653 238 1681 qua
254 1652 284 1674 se
295 1646 453 1680 juramento
470 1644 644 1677 constrinxit,
667 1643 714 1678 qui
738 1643 887 1678 cupiditate
901 1649 972 1670 caeca

182 1696 281 1727 captus
295 1695 356 1719 erat
372 1699 380 1718 :
399 1690 503 1718 invitus
520 1694 614 1725 postea
630 1689 728 1725 puellae
743 1689 822 1716 nutui
836 1689 974 1717 obsecun-

183 1738 269 1770 davit,
286 1737 353 1772 quin
377 1737 470 1772 potius
496 1736 560 1764 Erae
586 1735 684 1764 iterum
712 1736 753 1762 vir
773 1743 836 1763 esca
857 1735 973 1771 capitur.

183 1782 306 1811 Audacia
324 1783 464 1818 petitionis
478 1790 545 1810 sane
570 1790 680 1818 magna,
703 1786 795 1817 petere
808 1781 877 1818 justi
893 1785 974 1816 caput

185 1829 215 1857 in
232 1829 310 1857 disco
324 1849 333 1863 ,
353 1834 381 1858 et
390 1828 486 1857 dolore
500 1828 627 1864 gaudium
645 1832 825 1860 commutare,
850 1834 973 1855 mensam

185 1874 343 1910 sepulcrum
355 1873 458 1902 facere.
475 1874 640 1906 Decebatne,
654 1881 671 1900 ο
681 1873 771 1906 miser,
786 1874 850 1901 dare
862 1873 890 1901 in
905 1881 975 1900 mer-

187 1921 283 1948 cedem
302 1920 464 1956 tripudianti
484 1920 584 1948 cat-dem
600 1919 745 1953 nefariam,
767 1925 795 1947 et
811 1924 927 1947 mortem
946 1919 972 1946 in

185 1966 330 1994 ebrietatis
352 1965 564 1994 delectationem
593 1965 712 1993 all‘erre?
735 1964 924 1992 Juramentum
949 1968 975 1991 te

184 2013 333 2049 obstringit
350 2021 358 2040 :
374 2012 422 2041 sed
431 2012 518 2040 cmdes
536 2012 672 2048 prohibet.
691 2011 906 2039 Promissionem
931 2017 974 2039 re-

184 2060 296 2096 poscit:
311 2060 358 2087 sed
389 2059 522 2095 aequalem
541 2059 673 2095 tripudio.
692 2058 751 2086 Non
770 2062 813 2086 est
833 2065 895 2086 cum
919 2057 974 2085 vita

184 2106 304 2134 mundus
312 2105 526 2141 comparandus.
536 2104 641 2133 Novum
650 2109 692 2133 est
700 2104 813 2132 llerodis
821 2104 973 2139 judicium;

185 2161 292 2186 mensa,
313 2152 445 2185 ebrietas,
461 2156 488 2180 et
504 2152 652 2188 tripudium
667 2150 834 2187 judicarunt.
851 2151 873 2178 Ο
891 2150 975 2186 justi-

187 2198 252 2225 tiam
269 2197 365 2233 iniqua
377 2197 522 2225 audentem
539 2196 546 2223 !
565 2196 667 2223 Sancte
682 2202 711 2222 se
724 2194 816 2230 jurare
831 2194 908 2229 ﬁngit
920 2215 927 2227 ,
947 2197 975 2222 et

183 2244 310 2272 occidere
323 2251 376 2271 non
388 2242 535 2271 erubescit.
553 2241 662 2270 Utinam
677 2245 750 2268 recte
772 2241 932 2276 peierasset,
945 2245 974 2267 et

183 2296 239 2317 non
271 2289 365 2324 inique
384 2293 478 2316 sancte
502 2288 632 2322 jurasset.
666 2286 688 2314 0
717 2287 872 2314 convivium
904 2286 972 2321 justi

183 2335 338 2363 admiscens
363 2335 495 2362 mortem!
515 2333 537 2361 Ο
554 2333 712 2361 convivium
735 2333 803 2368 legis
823 2333 973 2361 observan-

183 2381 282 2410 tissitni
300 2388 442 2416 aspersum
460 2380 611 2415 sanguine!

396 2523 494 2559 511a
508 2522 636 2558 Ejusdem
651 2523 678 2550 in
692 2523 772 2550 idem.

218 2571 333 2599 Videtur
357 2570 416 2598 lure
438 2570 527 2597 oratio
556 2575 674 2605 cognata
698 2577 761 2598 esse
780 2570 971 2607 Clirysostomi

182 2617 365 2651 orationibus,
381 2624 436 2645 non
447 2620 539 2645 tamen
554 2621 605 2650 est,
623 2623 674 2643 nec
684 2616 891 2645 convenientem
905 2625 968 2645 cum

1024 1644 1086 1672 τίαν
1096 1644 1119 1660 ⁷⁸
1137 1645 1195 1676 τοῖς
1223 1644 1289 1671 ποσὶ
1311 1644 1362 1679 τῆς
1386 1645 1472 1680 κόρης
1490 1645 1505 1672 ὁ
1529 1645 1644 1681 μάταιος
1663 1645 1815 1679 ὑπέταξεν·

1028 1689 1113 1716 ἔδωκε
1128 1689 1178 1725 τὴν
1192 1690 1240 1726 τῆς
1254 1689 1393 1726 βασιλείας
1401 1691 1423 1707 ’¹⁹
1435 1690 1515 1723 ἀξίαν
1526 1690 1683 1726 πατηθῆναι
1696 1700 1703 1708 ·
1718 1691 1765 1726 ὑφ’
1781 1689 1816 1729 ἦς

1025 1734 1110 1771 [γεθθ]
1123 1735 1199 1771 ὅρκῳ
1211 1736 1307 1771 γέγονε
1332 1736 1442 1772 δέσμιος
1455 1736 1470 1763 ὁ
1484 1736 1534 1772 τῆς
1545 1737 1694 1773 ἐπιθυμίας
1713 1738 1816 1774 αἰχμά.-

1024 1780 1121 1813 λωτος.
1139 1781 1232 1809 ’Δκων
1244 1782 1337 1809 λοιπὸν
1349 1782 1388 1818 τῷ
1404 1783 1455 1818 τῆς
1468 1783 1553 1819 κόρης
1574 1783 1735 1811 δεδούλωται
1755 1784 1817 1811 νεύ-

1026 1835 1105 1861 ματι,
1123 1828 1224 1863 μᾶλλον
1248 1828 1277 1855 δὲ
1292 1828 1332 1864 τῷ
1360 1829 1410 1864 τῆς
1431 1829 1504 1862 Εὔας
1525 1830 1607 1857 πάλιν
1631 1831 1645 1857 ὁ
1672 1830 1817 1866 ἄνθρωπος

1025 1873 1175 1901 ὑποπίπτει
1191 1874 1365 1910 δελεάσματι.
1392 1877 1484 1903 Δεινὺν
1497 1876 1528 1903 τὸ
1547 1876 1596 1912 τῆς
1609 1877 1744 1913 αἰτήσεως
1755 1878 1818 1905 τόλ-

1029 1927 1121 1954 μημα,
1136 1919 1263 1956 κεφαλὴν
1284 1920 1390 1948 δικαίου
1403 1921 1496 1949 λαϐεῖν
1505 1922 1553 1949 ὲπὶ
1566 1923 1670 1955 πίνακι,
1685 1923 1731 1949 καὶ
1749 1924 1816 1958 τέρ-

1024 1963 1070 1999 ψει
1085 1964 1306 1999 ἀνταλλάξασθαι
1321 1967 1419 1999 πένθος
1427 1967 1449 1984 ⁸⁸
1471 1967 1518 1994 καί
1536 1968 1622 2003 τάφον
1642 1968 1816 2004 καταστῆσαι

1025 2009 1075 2044 τὴν
1107 2011 1258 2046 τράπεζαν.
1291 2012 1457 2048 Ἔκθεσμον,
1482 2013 1570 2046 ἄθλιε,
1607 2013 1699 2041 δοῦναι
1734 2014 1817 2049 φόνον

1026 2056 1124 2090 μισθὸν
1144 2057 1197 2084 ἔδει
1226 2058 1259 2093 τῇ
1283 2058 1407 2094 ὀρχήσει,
1427 2059 1476 2085 καὶ
1492 2059 1608 2086 θάνατον
1630 2060 1700 2097 μέθῃ
1717 2060 1817 2096 τέρψιν

1025 2102 1189 2137 χαρίσασθαι
1200 2111 1208 2136 ;
1220 2104 1302 2139 ὅρκος
1313 2113 1342 2131 σε
1353 2105 1465 2140 κατέχει
1477 2114 1485 2121 ·
1502 2106 1561 2132 ἀλλ’
1573 2107 1588 2133 ὁ
1607 2106 1686 2141 φόνος
1702 2107 1815 2136 κωλύει.

1033 2147 1195 2182 Ὑπόσκεσιν
1214 2148 1340 2176 ἀπαιτεῖ·
1365 2149 1423 2176 ἀλλ’
1444 2150 1504 2186 ἴσην
1531 2151 1656 2187 ὀρχήσει,
1682 2152 1731 2187 οὐχ
1748 2149 1782 2187 ἧς
1791 2152 1816 2168 ⁸¹

1025 2192 1153 2225 ἀντάξιος
1182 2193 1238 2220 οὐδ’
1265 2195 1280 2222 ό
1304 2194 1416 2230 κόσμος.
1442 2196 1523 2224 Ξένον
1556 2197 1604 2224 τοῦ
1639 2197 1760 2233 Ἡρώδου
1783 2198 1816 2225 τὺ

1026 2237 1219 2275 δικαστήριον·
1243 2241 1368 2276 τράπεζα
1393 2241 1441 2269 καὶ
1459 2242 1529 2278 μέθη
1558 2243 1607 2270 καὶ
1620 2243 1734 2280 ὄρχησις
1762 2244 1818 2271 ἐδι-

1026 2283 1150 2317 καζεν⁸⁵.
1184 2286 1217 2312 Ὢ
1259 2286 1433 2324 δικαιοσύνης
1472 2288 1616 2325 τολμώσης
1651 2290 1815 2326 παράνομαι

1025 2331 1150 2366 εὐορκεῖν
1164 2333 1353 2369 ὑποκρίνεται,
1367 2336 1415 2362 καὶ
1433 2335 1556 2370 φονεύειν
1571 2336 1621 2363 οὐκ
1645 2337 1815 2372 αἰσχύνεται.

1024 2377 1090 2404 Εἴθε
1108 2378 1200 2410 καλῶς
1215 2379 1393 2415 ὲπιώρκησας
1406 2382 1454 2408 καὶ
1471 2381 1509 2416 μὴ
1533 2382 1702 2418 παρανόμως
1727 2383 1819 2418 εὒώρ-

1027 2431 1125 2459 κησας.
1154 2425 1188 2451 Ὢ
1219 2425 1371 2461 συμπόσιον
1394 2426 1500 2453 δικαίου
1531 2428 1665 2463 κιρνῶνεδ
1688 2429 1816 2457 θάνατον.

1028 2470 1061 2496 Ὦ
1089 2471 1242 2506 συμπόσιον
1271 2472 1461 2508 νομοφύλακος
1487 2474 1693 2510 οἱνοχοούμενον
1707 2475 1818 2511 αἵματι.

1134 2527 1190 2554 Τοῦ
1205 2528 1298 2555 αὑτοῦ
1313 2530 1357 2562 εἰς
1368 2530 1425 2564 τὴν
1437 2531 1535 2566 αὐτὴν
1546 2533 1703 2561 ὑπόθεσιν,

1063 2573 1155 2601 Ἔοικε
1178 2574 1202 2601 δ’
1225 2573 1302 2607 οὗτος
1325 2577 1340 2603 ὁ
1361 2577 1439 2612 λόγος
1461 2578 1596 2614 συγγενὴς
1610 2577 1680 2607 εῖναι
1700 2580 1755 2607 τῶν
1769 2582 1820 2609 τοῦ

1025 2619 1220 2655 Χρυσοστόμου
1250 2621 1347 2656 λόγων,
1379 2623 1429 2651 οὐκ
1457 2623 1522 2660 [855
1547 2624 1594 2661 ΙΙ.]
1615 2625 1672 2653 ἐστι
1689 2627 1737 2661 es,
1756 2628 1822 2655 οὐδὲ

202 2706 320 2735 iMatth.
338 2715 401 2741 xtv;
416 2707 499 2736 Marc.
518 2715 565 2741 τις
580 2707 649 2736 Luc.
664 2716 705 2742 tu,
723 2707 771 2736 20.
806 2707 818 2726 ¹ί
831 2708 913 2737 Deut.
930 2717 974 2738 xxi

1030 2710 1045 2738 ἱ.
1078 2709 1178 2739 lMare.
1194 2719 1231 2745 vr,
1244 2712 1290 2741 24.

833 2779 952 2807 νΑιιιιΕ
974 2780 1178 2810 LECTIONES.

219 2856 242 2873 "
255 2856 350 2893 μὲν]δέ
362 2857 394 2885 Α.
433 2857 495 2892 ⁷⁸τῇ
512 2857 575 2884 add.
587 2857 619 2884 A.
665 2857 689 2873 ⁷⁷
704 2857 754 2893 τῆς
770 2863 832 2885 ante
851 2857 882 2884 'H
905 2878 912 2885 .
931 2866 989 2887 om.
1008 2859 1041 2887 Δ.
1082 2861 1104 2877 ⁷⁸
1119 2862 1279 2890 αὑθεντείαν
1302 2865 1334 2892 Δ.

225 2892 311 2924 πάθος
327 2901 357 2924 ς.
395 2892 417 2908 ³¹
430 2893 480 2929 οὐχ
494 2890 528 2929 ἦς
542 2894 565 2919 Α
581 2902 587 2921 :
603 2892 693 2928 ψυχῆς
709 2901 740 2925 ς.
776 2893 800 2910 ⁸³
811 2867 929 2926 ἐδίδαξεν
946 2903 989 2931 pr.
1005 2896 1041 2923 A.
1080 2897 1103 2913 ⁸⁸
1115 2897 1228 2934 κιρνῶν]
1240 2900 1331 2934 κρίνον
1343 2902 1364 2929 Λ

182 2895 204 2910 ⁸³
225 2885 315 2924 πᾶοοξ
327 2901 357 2924 ς.
395 2892 417 2908 ⁸¹
430 2885 528 2929 οὐχ”ἦς
542 2894 565 2919 Α
581 2902 587 2921 :
603 2892 693 2928 ψυχῆς
709 2885 753 2925 ςῗ
776 2893 800 2910 ⁸³
811 2893 882 2921 ὲδὶδα

1377 2867 1399 2883 τ’
1428 2866 1561 2903 βασιλίδος
1576 2876 1608 2900 ς.
1627 2867 1653 2887 ς’
1677 2878 1707 2904 γε
1720 2878 1778 2899 om.
1797 2871 1826 2901 Α
