1959 3081
179 173 228 207 241

697 180 956 210 BIBLIOTHECA.
968 194 1002 199 --
1015 182 1097 212 COD.
1116 183 1269 213 CCLXXV.

1740 184 1801 215 242’

179 236 278 271 συνεχῆ
291 236 315 252 ⁸⁵
327 236 373 262 τὸν
388 236 450 263 νοῦν
464 237 579 269 ἐκείνοις
599 238 813 273 ἐνδεικνύμενος,
827 239 920 275 ὢΰπερ
933 241 958 266 οἱ

1015 241 1062 268 illis
1077 248 1186 269 sensum
1202 240 1312 276 pracfert
1327 250 1334 269 :
1348 241 1577 275 quemadmodum
1600 246 1627 267 et
1655 242 1706 269 ilize
1731 243 1792 269 dum:

179 281 225 308 δὺο
256 282 355 308 ἑκεῖνοι
384 282 434 317 τὴν
464 283 531 318 πρὸς
553 283 683 318 ἀλλήλους
712 284 804 319 σχέσιν
835 285 883 311 καὶ
910 285 960 312 ἀλ-

180 327 322 362 ληλουχίαν
342 327 529 362 διασώζουσιν,
553 329 610 356 ἀλλ’
629 330 676 356 ἀπ’
695 330 784 365 ἀρχῆς
802 330 871 362 ἰδίας
895 339 961 366 προ-

180 374 298 408 έρχεται.

213 417 340 455 Ἰωάννην
353 420 547 456 άνευφημήσω,
565 421 612 447 καὶ
621 421 670 456 τὴν
681 421 786 448 ἐκείνου
802 421 897 456 σοφίαν
911 422 962 449 πᾶ-

179 477 228 495 σαν
242 468 306 503 ὑμῖν
318 466 454 502 γνώριμον
468 467 642 502 καταστήσω.
655 467 782 502 Ἰωάννην
791 467 836 494 τὸν
847 468 961 503 μερισά-

156 512 160 520 ¹
180 522 259 549 μενον
275 513 344 548 μετά
359 512 406 539 τοῦ
418 513 523 547 Πατρὺς
536 512 567 538 τὺ
581 513 627 539 τοῦ
639 513 808 547 Μονογενοῦς
818 514 961 550 κήρυγμα.

180 559 236 587 Καὶ
245 559 298 594 γὰρ
311 559 325 585 6
339 559 399 594 μὲν,
413 555 506 590 οὗτός
518 559 612 591 ἐστιν,
627 559 729 586 ἄνωθεν
738 559 887 595 ἐμαρτύρει
896 561 930 594 ⁸⁸,
946 562 962 588 ό

184 605 250 638 Υἱός
259 613 319 639 μου
338 606 355 632 ό
373 604 536 639 ἀγαπητὸς,
551 605 565 631 6
575 604 602 631 δὲ
614 604 744 637 κάτωθεν,
764 605 818 633 Ἰδε
833 607 849 633 ὀ
861 606 961 642 Ἀμνός

178 651 232 678 τοῦ
248 651 332 684 θεοῦ,
347 652 364 678 ὀ
374 651 465 684 αἴρων
478 651 536 684 τὴν
545 651 690 685 ἁμαρτίαν
704 651 756 678 τοῦ
767 652 893 687 κόσμου.
908 653 962 680 Καὶ

179 698 194 724 6
210 697 257 731 μὲν
274 696 367 732 Πατὴρ
386 696 430 723 διὰ
446 697 496 731 τῆς
514 697 677 731 περιστερᾶς
693 697 739 724 τὸν
754 697 896 733 ἀγαπητὸν
911 699 962 725 ὑπ-

180 742 325 775 εδείκνυεν,
337 743 351 769 ό
361 742 390 769 δὲ
401 743 436 777 τῇ
448 742 522 777 χειρὶ
533 742 578 768 τὸν
590 742 640 777 τῆς
651 743 812 778 οἰκουμένης
822 743 962 780 λυτρωτὴν

179 787 345 822 ἐνεφάνιζεν.
358 787 458 823 Ἐχρῆν
472 788 563 822 φωνῆς
573 788 747 824 γεννηθείσης
763 789 808 816 τὸν
820 789 906 823 Λόγον
917 790 962 817 λυ-

180 835 258 870 θῆναι
272 835 319 862 τοῦ
335 835 450 871 Πατρός.
463 835 572 872 Ἐπειδὴ
587 836 641 871 γὰρ
650 836 700 863 οὐκ
714 837 873 865 ἐπίστευσεν
885 838 899 864 6
914 839 962 866 Ζα-

179 882 277 917 χαρίας
296 882 337 908 ὅτι
357 881 448 908 λύεται
463 881 513 916 τῆς
528 882 669 909 Ἐλισάϐετ
682 885 699 918 ἡ
716 884 870 919 στείρωσις,
883 885 960 921 ἐδέθη

177 928 209 954 τὸ
228 928 344 964 ὄργανον
364 928 413 963 τῆς
430 927 565 964 γλώσσης,
581 929 632 955 ἵνα⁴
646 929 683 964 μὴ
699 930 818 966 προέλθῃ
839 931 917 965 λόγος
930 931 960 964 ἐξ

178 974 294 1001 ἀπίστου
312 974 460 1009 σώματος’
473 975 534 1002 ἐπεὶ
545 975 568 1001 δ’
579 974 672 1002 ἐλύετο
686 975 703 1011 ἡ
718 976 812 1011 στείρα
829 977 876 1004 καὶ
893 986 960 1012 προ-

177 1021 258 1055 ἦλθεν
269 1021 286 1055 ἡ
298 1021 384 1055 φωνὴ,
395 1020 476 1057 ἐλύθη
485 1021 531 1048 καὶ
544 1020 614 1056 ήτοῦ
629 1022 764 1057 Ζαχαρίου
777 1022 898 1056 γλῶσσα,
913 1025 960 1051 καὶ

177 1067 332 1102 προήρχετο
355 1068 369 1093 6
389 1067 479 1101 λόγος.
499 1068 531 1094 Ὢ
549 1067 642 1102 φωνῆς
657 1068 770 1095 ἀεννάου
786 1068 809 1084 ⁸⁷
826 1069 874 1096 καὶ
891 1071 960 1104 μετὰ

176 1113 292 1141 θάνατον
306 1113 356 1150 τήν
368 1113 529 1150 οἰκουμένην
544 1114 740 1150 περιηχούσης.

530 1172 610 1199 ΣοΕ’.

182 1216 332 1251 Ἡσυχίου
353 1217 557 1253 πρεσϐυτέρου
577 1218 788 1253 Ἰεροσολύμων
797 1220 841 1253 εις
862 1219 959 1247 ἰάκω-

211 1253 335 1321 itas-10:3-
349 1252 484 1287 ἀδελφὸν
503 1253 556 1280 τοῦ
576 1254 685 1288 Κυρίου
697 1275 705 1287 ,
718 1252 767 1281 ita!
786 1255 875 1282 Δαιντδ
893 1257 958 1283 θεο-

209 1333 380 1368 Ἀνεγνώσθη
401 1332 540 1369 Ἦσυχῐου,
552 1334 738 1370 πρεσϐυτέρου
753 1335 958 1372 Ἱεροσολύμων,

175 1379 215 1410 είς
230 1378 358 1405 Ἰάκωϐον
379 1379 425 1408 τὸν
439 1379 552 1415 ἀδελφὸν
570 1380 617 1407 τοῦ
633 1381 735 1417 Κυρίου
752 1382 798 1408 καὶ
817 1382 900 1410 Δαϐὶδ
914 1383 959 1410 τὸν

175 1425 338 1460 θεοπάτορα.

211 1469 292 1507 [1525
303 1469 350 1506 3.]
366 1470 396 1496 Εἰ
406 1469 444 1506 μὴ
451 1470 652 1498 ἐταπείνωσεν
665 1471 774 1499 ἑαυτὸν
784 1472 958 1507 γενόμενος,

175 1518 191 1545 6
215 1517 309 1554 Σωτὴρ
324 1518 414 1553 ἡμῶν,
432 1517 568 1551 ὑπήκοος
583 1518 673 1553 μέχρι
695 1518 836 1552 θανάτου,
854 1519 904 1546 οὐκ
927 1519 960 1547 ἂν

174 1562 280 1589 οἰκέται
297 1563 437 1596 συγγενεῖς
455 1562 648 1598 ἐχρημάτιζον,
663 1563 713 1590 οὐκ
727 1562 761 1590 ἂν
775 1564 789 1590 6
804 1563 890 1599 πηλὸς
905 1573 959 1591 πα-

175 1607 228 1643 τὴρ
241 1607 289 1635 τοῦ
303 1608 447 1643 κεραμέως
457 1608 575 1643 ἐλέγετο.
590 1609 634 1636 Ἐν
646 1610 679 1644 τῇ
691 1609 760 1636 Σιὼν
773 1610 822 1646 τὴν
836 1610 960 1646 Βηθλεὲμ

175 1654 214 1686 ὡς
229 1654 369 1689 παροῦσαν
383 1654 552 1690 ἀσπάζομαι,
568 1656 597 1682 ὲν
609 1657 642 1691 τῇ
657 1655 773 1691 θυγατρὶ
788 1656 838 1692 τὴν
856 1657 962 1692 μητέρα

177 1701 280 1736 βλέπω.
294 1701 338 1728 Ἐν
353 1701 394 1728 σοὶ
407 1701 534 1737 δᾳδοῦχος
546 1701 633 1737 ἀστὴρ
646 1699 686 1733 εἷς
700 1701 820 1737 ἀνήφθη,
833 1703 863 1729 ὲν
877 1702 961 1739 ταύτῃ

175 1748 206 1774 δὲ
233 1747 336 1775 πολλοί.
351 1747 470 1779 Ἐκεῖνος
493 1747 556 1779 τοὺς
582 1747 686 1782 μάγους
714 1746 865 1783 ὡδήγησεν,
890 1748 961 1784 αὕτη

178 1794 303 1830 Πάρθους
332 1795 380 1822 καὶ
398 1794 507 1830 Μήδους
531 1793 579 1820 καὶ
607 1793 754 1828 Ἐλαμίτας
778 1794 826 1821 καὶ
848 1794 912 1826 τοὺς
933 1795 964 1827 ἐξ

176 1840 263 1867 ἐθνῶν
279 1841 389 1868 πάντων
406 1840 445 1876 τῷ
466 1839 536 1875 φωτὶ
557 1840 604 1875 τῆς
621 1839 766 1875 ἀστραπῆς
789 1840 961 1876 ὲδᾳδοὺχησε.

177 1887 214 1914 Σὺ
228 1886 298 1921 γάλα
306 1886 395 1918 ἕλκεις
406 1886 439 1913 ἐκ
451 1884 567 1921 μασθῶν
579 1886 761 1922 παρθενικῶν,
771 1886 840 1923 αὕτη
855 1887 963 1923 πνεῦμα

176 1933 210 1959 ὲκ
224 1931 332 1959 κέλπων
345 1933 459 1966 κατάγει
471 1931 624 1967 πατρικῶν.
643 1932 680 1959 Σὺ
699 1932 745 1959 τὸν
759 1932 840 1968 ἄρτον
854 1932 963 1968 ὲζύμω-

178 1986 239 2010 σας,
255 1977 312 2004 ἀλλ’
327 1978 343 2013 ή
359 1977 428 2004 Σιὼν
450 1977 555 2004 δεῖπνον
581 1976 700 2009 ἀνέδειξε
711 1985 719 1992 '
742 1978 774 2004 σὺ
799 1977 846 2004 τὸν
864 1978 964 2013 μόσχον

176 2024 224 2050 ἐπὶ
237 2023 288 2058 τῆς
303 2024 406 2058 φάτνης
420 2022 546 2058 ἔθρεψας,
562 2022 619 2049 ἀλλ’
632 2023 649 2057 ή
666 2021 735 2049 Σιὼν
756 2023 796 2054 εἰς
812 2023 857 2050 τὸν
874 2023 964 2059 βωμὸν

175 2069 300 2104 ἀνήγαγε
311 2078 318 2085 ·
332 2070 365 2096 σὺ
378 2069 423 2096 τὸν
433 2068 535 2103 Ἰησοῦν
546 2069 575 2096 ὲν
586 2069 643 2099 τοῖς
654 2068 821 2103 σπαργάνοις
831 2068 962 2104 ἔκρυψας,

177 2115 248 2150 αὕτη
261 2114 288 2141 δὲ
302 2114 341 2150 τῷ
352 2114 437 2150 Θωμᾷ
447 2114 498 2150 τὴν
507 2114 627 2149 πλευρὰν
637 2114 660 2130 ⁸³
672 2113 829 2149 βουληθέντι
841 2114 965 2150 ψηλαφῆ-

177 2168 224 2186 σαι
240 2159 382 2196 ἐγύμνωσε
395 2168 401 2174 ·
419 2161 451 2188 σὺ
463 2159 597 2195 παρθένον
614 2159 688 2196 ἔχεις
699 2160 845 2188 τίκτουσαν
861 2161 964 2188 κεκλει-

177 2206 286 2239 σμένων
299 2206 353 2233 τῶν
365 2206 488 2241 ὀργάνων
501 2206 551 2241 τῆς
563 2206 681 2242 φύσεως,
692 2206 763 2241 αὕτη
777 2208 902 2235 παστάδα
915 2216 962 2234 κε-

177 2251 346 2286 κλεισμένων
360 2251 412 2278 τῶν
425 2252 515 2288 θυρῶν
532 2252 605 2279 ἔνδον
619 2253 664 2279 τὸν
683 2253 799 2288 νυμφίον
813 2253 962 2289 δεχομένην

176 2297 225 2324 καὶ
250 2297 375 2332 ἔχουσαν.
397 2298 460 2330 Πῶς
483 2291 649 2334 ἐγκωμιάσω
674 2299 720 2325 τδν
739 2299 786 2326 τοῦ
799 2299 823 2316 ³⁹
843 2299 962 2335 Χριστοῦ

175 2342 268 2369 δοῦλον
281 2344 328 2370 καὶ
346 2344 469 2378 ἀδελφὺν,
482 2344 528 2372 τὸν
542 2344 592 2379 τῆς
607 2345 671 2376 νέας
690 2345 867 2381 Ἰερουσαλὴμ
883 2347 963 2382 ἀρχιο

176 2389 340 2423 στρατηγον,
350 2389 396 2416 τὸν
410 2390 463 2416 τῶν
481 2389 577 2426 ἱερέων
591 2391 724 2426 ἡγεμόνα,
740 2390 794 2417 τῶν
805 2391 962 2419 ἀποστόλων

175 2436 222 2462 τὸν
236 2436 360 2471 ιξαρχον,
373 2436 417 2463 τὸν
434 2437 463 2464 ὲν
474 2437 606 2472 κεφαλαῖς
620 2437 753 2473 κορυφὴν,
762 2437 807 2464 τὸν
817 2439 846 2464 ὲν
856 2436 963 2472 λύχνοις

175 2482 401 2517 ὑπερλάμποντα,
424 2483 470 2510 τὸν
492 2483 522 2510 ὲν
540 2483 650 2518 ἄστροις
670 2482 887 2518 ὐπερφαίνοντα;
909 2482 960 2509 Πέ-

175 2534 239 2559 τρος
253 2526 415 2562 δημηγορεῖ,
427 2526 484 2554 ἀλλ’
498 2527 625 2559 Ἰάκωϐος
643 2527 792 2563 νομοθετεῖ,
810 2528 855 2554 καὶ
870 2528 960 2562 ὀλίγαι

175 2570 262 2603 λέξεις
275 2571 307 2598 τὸ
320 2571 367 2598 τοῦ
380 2571 536 2608 ζητήματος
547 2573 719 2600 συνέστειλαν
734 2573 859 2608 μέγεθος.
887 2574 961 2609 Ἐγὼ

174 2618 267 2650 κρίνω
288 2618 332 2653 μὴ
352 2618 550 2654 παρενοχλεῖν
570 2618 632 2652 τοῖς
648 2618 707 2646 ἀπὸ
719 2618 779 2646 τῶν
792 2619 896 2652 ἐθνῶν,
913 2620 962 2646 καὶ

175 2663 252 2697 ἑξῆς.
278 2663 350 2698 Ἐγὼ
372 2665 467 2698 κρίνω,
483 2661 514 2692 οὗ
535 2665 585 2700 τὴν
603 2664 693 2700 κρίσιν
714 2664 819 2691 ἀθετεῖν
838 2665 869 2691 οὐ
883 2665 962 2701 θέμις

174 2708 236 2736 οὐδὲ
245 2709 268 2726 ³⁸
280 2710 421 2744 φαυλίζειν
434 2710 465 2737 τὸ
475 2710 604 2746 ψήφισμα
615 2718 622 2725 ·
640 2711 670 2737 ἐν
683 2710 746 2746 ἐμοὶ
757 2709 811 2746 γὰρ
825 2711 840 2738 6
852 2710 961 2738 πάντων

1012 287 1046 313 ab
1060 294 1089 313 se
1105 286 1219 315 invicem
1235 286 1350 314 diversae
1363 293 1418 313 non
1433 292 1507 320 sunt,
1521 287 1566 314 sed
1583 288 1693 322 proprio
1710 295 1793 314 exor-

1011 333 1057 360 dio
1073 333 1178 368 incipit.

1041 418 1177 447 Joannem
1205 420 1376 456 praedicabo,
1405 425 1433 448 et
1451 420 1524 448 illius
1539 421 1701 455 sapientiam
1717 421 1799 448 vobis-

1012 465 1140 493 omnibus
1159 470 1250 493 notam
1266 465 1375 494 faciam.
1389 465 1533 498 Joannem,
1557 467 1604 501 qui
1627 466 1720 494 divisit
1732 474 1794 494 curn

1012 511 1092 539 Patre
1118 511 1339 547 praedicationem
1359 512 1508 548 Unigeniti.
1528 512 1633 540 Etenim
1658 512 1722 540 ille:
1742 512 1794 539 llic

1012 562 1051 586 est
1065 557 1152 585 Filius
1164 566 1237 585 metu
1251 558 1361 586 dileclus
1378 564 1409 591 ω,
1426 559 1544 593 desuper
1557 566 1573 586 e
1591 559 1662 586 coelo
1678 562 1795 586 testatus

1012 609 1065 635 est,
1081 604 1126 632 hic
1144 612 1209 632 vero
1223 603 1292 632 infra
1307 604 1333 631 in
1354 609 1424 632 terra
1441 614 1448 632 :
1466 604 1535 632 Ecce
1559 605 1647 640 Agnus
1664 604 1723 637 Dei,
1748 605 1798 640 qui

1013 651 1083 678 tollit
1098 655 1206 684 peccata
1219 651 1312 678 mundi
1323 656 1336 670 ιι
1356 659 1362 677 :
1380 655 1407 678 et
1419 650 1502 678 Pater
1516 658 1565 686 per
1584 651 1740 678 columbam
1754 651 1796 678 di-

1012 696 1114 724 lectum
1128 704 1207 725 suum
1221 697 1355 730 ostendit,
1383 696 1428 724 ille
1443 696 1529 732 digito
1554 697 1674 725 Ostendit
1699 695 1796 724 mundi

1012 741 1230 777 Redemptorem.
1247 742 1373 778 Oportuit
1383 750 1450 771 voce
1463 742 1553 779 genita
1571 743 1682 770 verbum
1705 742 1795 770 Patris

1012 789 1080 816 solvi
1094 794 1117 815 ο.
1135 789 1202 816 Dum
1216 789 1289 817 enim
1306 789 1453 818 Zacharias
1471 797 1525 817 non
1545 789 1685 822 crederet,
1707 788 1796 817 Elisa—

1013 834 1101 862 bethae
1114 835 1283 863 sterilitatem
1301 835 1334 862 iri
1345 835 1475 869 solutum,
1486 840 1579 863 mulus
1593 834 1746 867 factuseest,
1762 842 1798 862 ne

1013 881 1181 908 incredulum
1192 890 1223 909 os
1237 882 1394 916 loqueretur
1408 886 1572 917 :postquam
1584 881 1673 909 soluta
1688 885 1729 908 est
1741 886 1795 909 ste-

1012 927 1110 960 rilitas,
1127 931 1154 954 et
1175 935 1227 954 vox
1245 927 1345 962 prodiit
1360 947 1367 958 ,
1384 927 1474 954 soluta
1493 930 1537 954 est
1550 926 1633 954 etiam
1655 925 1795 954 Zacharias

1010 973 1113 1009 lingua,
1131 977 1158 1001 et
1185 974 1294 1001 locutus
1311 977 1363 1001 est.
1379 972 1401 1001 0
1417 981 1511 1001 vocem
1527 978 1669 1006 aeternam,
1688 976 1716 1001 et
1729 975 1794 1009 post

1010 1025 1126 1048 mortem
1137 1020 1219 1048 etiam
1233 1020 1327 1048 orbem
1342 1024 1478 1048 terrarum
1498 1020 1648 1055 rapientem
1665 1020 1672 1046 ε

1343 1173 1492 1202 CCLXXV.

1011 1220 1157 1256 Hesychius
1185 1219 1440 1256 Hierosolymilanus
1465 1218 1609 1256 presbyter.
1633 1216 1724 1256 Td)!
1745 1217 1794 1244 Ja-

1045 1253 1137 1283 cébum
1154 1256 1266 1291 fratrem
1279 1253 1406 1287 Domini,
1430 1253 1605 1281 et'Davidem
1626 1253 1725 1281 Christi
1749 1260 1794 1287 ρα-

1045 1296 1121 1318 trem.

1045 1337 1108 1370 Legi
1125 1336 1291 1372 Hesychium
1314 1335 1503 1371 presbyterum
1529 1333 1793 1368 Hierosolymorum.

1010 1380 1037 1408 in
1051 1379 1183 1408 Jacobum
1197 1379 1311 1408 fratrem
1325 1379 1444 1412 Domini,
1461 1382 1489 1406 et
1506 1379 1534 1406 in
1546 1378 1675 1406 Davidem
1689 1377 1796 1407 Christi

1010 1428 1114 1460 dictum
1129 1432 1246 1462 patrem.

1045 1472 1102 1500 Nisi
1116 1472 1240 1500 Salvator
1253 1472 1416 1500 Iutmiliasaet
1433 1472 1601 1506 semetipsum
1613 1491 1621 1503 ,
1647 1471 1734 1506 factm
1748 1479 1798 1506 pro

1010 1518 1084 1545 nobis
1092 1517 1213 1545 obediens
1226 1525 1306 1553 usque
1323 1517 1358 1544 ad
1373 1521 1482 1544 mortem
1489 1522 1514 1550 Ρ,
1528 1523 1580 1544 non
1593 1516 1734 1544 domestici
1748 1523 1797 1544 co-

973 1578 995 1608 c
1011 1564 1085 1600 gnati
1105 1564 1270 1597 diceremur,
1289 1564 1440 1591 nonlutum
1465 1567 1543 1598 pater
1557 1562 1632 1597 ﬁguli
1646 1562 1795 1590 diceretur.

1012 1609 1042 1637 In
1060 1609 1125 1637 Sion
1138 1609 1275 1637 Bethleem
1291 1614 1320 1636 ut
1336 1616 1455 1644 praesens
1472 1613 1498 1636 te
1515 1609 1616 1641 saluto,
1628 1608 1656 1635 in
1670 1608 1723 1635 [ilia
1743 1615 1799 1634 ma-

1013 1661 1081 1684 trem
1095 1657 1184 1684 video.
1204 1656 1232 1683 in
1250 1660 1276 1683 te
1294 1656 1416 1683 taedifera
1432 1656 1508 1683 stella
1521 1663 1574 1682 una
1588 1655 1687 1687 eluxit,
1704 1654 1731 1681 in
1747 1654 1798 1683 hac

1013 1703 1114 1730 multze.
1139 1702 1184 1730 Illa
1206 1710 1302 1738 magos
1314 1702 1412 1735 duxit;
1437 1702 1497 1729 haec
1510 1701 1637 1734 Parthos,
1652 1706 1679 1728 et
1694 1700 1797 1733 Medos,

1013 1753 1040 1776 et
1052 1748 1192 1780 Elamitas,
1208 1752 1235 1775 et
1249 1754 1344 1775 omnes
1359 1751 1453 1782 gentes
1469 1747 1581 1775 luminis
1602 1746 1710 1782 fulgore
1732 1746 1798 1774 iliu—

1013 1795 1119 1823 stravit.
1135 1794 1176 1821 'l‘u
1184 1795 1225 1821 lac
1241 1793 1327 1821 trahis
1337 1801 1370 1821 ex
1380 1793 1509 1821 uberibus
1518 1793 1658 1828 virgineis.
1671 1793 1728 1820 haec
1738 1792 1800 1828 Spi-

1013 1842 1096 1869 ritum
1109 1849 1142 1868 ex
1153 1841 1213 1868 sinu
1226 1841 1310 1868 trahit
1320 1844 1445 1875 paterno.
1454 1839 1494 1868 Tu
1506 1847 1603 1875 panem
1615 1839 1801 1872 fermentasti‘,

1014 1887 1062 1916 sed
1080 1886 1146 1914 Sion
1161 1894 1267 1914 coenam
1282 1886 1418 1914 ostendit.
1429 1885 1471 1913 Tu
1482 1886 1601 1914 vitulum
1613 1885 1639 1913 in
1650 1885 1790 1921 praesepio

1013 1931 1219 1964 nutrivisti,sed
1233 1931 1298 1959 Sion
1311 1931 1345 1959 ad
1358 1938 1434 1959 aram
1447 1931 1535 1959 duxit.
1548 1930 1588 1958 Tu
1600 1929 1694 1959 Jesum
1705 1930 1802 1958 fasciis

1015 1977 1163 2010 involvisti,
1187 1977 1245 2005 haec
1265 1977 1337 2005 latus
1351 1975 1465 2005 Thema:
1481 1977 1578 2012 5116
1595 1981 1741 2005 attrectare
1754 1984 1800 2004 vo-

1015 2023 1079 2051 lenti
1090 2024 1211 2051 nudavit.
1227 2022 1269 2050 Tu
1281 2023 1414 2058 virginem
1426 2023 1510 2050 habes
1522 2023 1685 2058 parientem,
1697 2023 1800 2051 clausis

1015 2075 1121 2097 naturae
1136 2070 1246 2105 organis
1261 2078 1269 2097 :
1282 2069 1342 2097 haec
1349 2069 1501 2096 thalamum
1519 2069 1619 2097 clausis
1634 2068 1713 2097 ostiis
1727 2069 1799 2096 intus

1016 2123 1147 2150 sponsum
1166 2119 1193 2143 et
1213 2115 1391 2150 accipientem
1417 2118 1444 2142 et
1472 2114 1630 2142 habentem.
1655 2114 1799 2147 Quomodo

1016 2161 1170 2197 praedicabo
1185 2169 1296 2190 servum
1311 2161 1423 2193 Christi,
1437 2164 1465 2188 et
1482 2160 1605 2193 fratrem,
1623 2168 1699 2188 novae
1720 2158 1800 2188 Jeru-

1017 2208 1101 2236 salem
1115 2215 1254 2235 summum
1261 2207 1368 2238 ducem,
1376 2206 1547 2234 sacerdotum
1558 2205 1720 2241 principem,
1729 2212 1798 2240 apo-

979 2247 1002 2275 θ
1016 2254 1149 2283 stolarum
1159 2257 1250 2288 caput,
1259 2252 1286 2280 in
1294 2252 1429 2287 capitibus
1436 2251 1576 2284 verticem,
1585 2251 1613 2279 in
1627 2251 1801 2286 lampadibus

1011 2298 1292 2335 superspleudentem,
1305 2301 1332 2325 et
1347 2298 1418 2325 inter
1430 2301 1505 2325 astra
1515 2297 1634 2325 maxime
1649 2297 1797 2326 illustrem.

1010 2344 1107 2373 Petrus
1128 2343 1266 2379 praedicat.
1293 2342 1415 2370 Jacobus
1429 2341 1558 2373 decernit,
1578 2345 1605 2368 et
1616 2349 1708 2376 pauca:
1720 2349 1800 2370 voces

1011 2389 1226 2425 magnitudinem
1235 2387 1396 2424 quaestionis
1402 2386 1676 2422 comprehenderunt.
1687 2386 1745 2422 Ego
1749 2387 1798 2421 ju-

1010 2437 1069 2464 dico
1082 2444 1133 2463 non
1149 2435 1293 2470 inquietari
1313 2442 1356 2462 eos
1371 2434 1415 2469 qui
1428 2441 1461 2461 ea:
1476 2432 1596 2469 gentibus
1611 2437 1799 2460 conuertuntur

1013 2482 1048 2509 ad
1057 2482 1138 2510 Deum
1145 2486 1231 2515 a,etc.
1241 2481 1298 2516 Ego
1307 2480 1400 2515 judico
1407 2487 1481 2513 eum,
1489 2479 1708 2516 cnjusjudicium
1717 2478 1800 2506 abro-

1014 2536 1078 2564 gare
1092 2530 1149 2556 non
1159 2527 1231 2559 licet,
1240 2534 1327 2562 neque
1338 2526 1486 2560 depravare
1494 2526 1613 2553 decreta.
1626 2525 1655 2552 ln
1667 2514 1711 2552 me
1723 2524 1797 2551 enim

1014 2575 1135 2603 omnium
1146 2574 1229 2610 judex
1237 2573 1360 2601 vivorum
1375 2576 1403 2600 et
1412 2577 1582 2600 mortuorum
1597 2571 1718 2606 loquitur
1731 2578 1794 2597 meo

1015 2627 1128 2655 organo.
1145 2619 1191 2647 sed
1207 2617 1305 2646 artifex
1317 2625 1399 2653 supra
1407 2621 1459 2646 est.
1472 2617 1527 2653 Ego
1541 2617 1661 2652 linguam
1676 2615 1796 2651 przebeo,

1018 2667 1066 2694 sed
1090 2665 1166 2693 vocis
1190 2664 1281 2700 opifex
1298 2672 1391 2692 vocem
1425 2663 1589 2699 suppeditat.
1609 2663 1725 2690 Attende
1742 2669 1797 2689 non

1015 2711 1131 2744 calamo,
1145 2712 1194 2740 sed
1209 2711 1356 2739 scribenti:
1371 2710 1476 2739 auditui
1488 2709 1642 2738 obedientia
1656 2708 1799 2741 succedat.

202 2771 224 2786 ιι
238 2765 334 2794 Matth.
350 2775 392 2800 Ill.
406 2767 450 2795 i7.
489 2771 503 2786 υ
516 2767 596 2795 Joan.
617 2776 636 2800 ι,
653 2768 698 2796 '29.
723 2771 736 2786 °
756 2767 823 2796 Luc.
845 2776 865 2801 ι,
881 2769 928 2796 ‘20.

1015 2769 1111 2811 liiiipp.
1125 2777 1155 2802 ll,
1177 2770 1241 2802 7,8.
1270 2775 1284 2795 τι
1308 2770 1368 2797 Act.
1394 2776 1439 2800 xv.
1453 2768 1480 2795 4.

831 2816 950 2844 VARUE
969 2817 1172 2846 LECTIONES.

209 2861 354 2898 ⁸⁸Λσυνὲχει
367 2862 399 2891 Α.

233 2863 354 2902 ισυνὲχει
367 2863 399 2891 Δ.
451 2863 475 2880 ⁸³
491 2863 639 2900 ἐμαρτύρει
664 2863 766 2892 ἀνωθεν
783 2873 813 2897 ς.

173 2897 199 2915 ’θ
217 2897 278 2924 οὔτε
288 2905 320 2929 ς.

865 2863 888 2881 ⁵⁷
914 2865 1011 2894 ἀενάου
1028 2875 1058 2898 ς.

1108 2867 1131 2883 ⁵⁸
1149 2866 1198 2903 τὴν
1212 2866 1332 2901 πλευρὰν
1347 2864 1386 2900 τῷ
1414 2863 1498 2899 Θωμᾷ
1511 2872 1542 2895 ς.
1595 2862 1617 2878 ⁵⁹
1631 2861 1678 2888 τοῦ
1689 2868 1743 2888 om.
1764 2859 1798 2888 A.
