1973 3077
178 175 231 208 243

753 179 884 211 ΡΗΟΤΙΙ
902 179 1153 210 PATRIARCH/E
1167 181 1220 211 ΟΡ.

1743 185 1795 216 2H

181 229 276 277 κριτὴς
294 230 341 257 καὶ
359 230 463 266 νεκρῶν
476 231 523 258 καὶ
534 231 644 264 ζώντων
676 233 835 269 φθέγγεται.
866 234 949 271 Ἐμὸν
964 235 996 262 τὸ
1013 235 1138 271 ὄργανον,
1149 236 1207 263 ἀλλ’
1220 237 1234 263 ὁ
1244 237 1367 273 τεχνίτης
1377 238 1446 272 ὑπὲρ
1458 238 1518 274 ἐμέ.
1530 239 1601 274 Ἐγὼ
1612 239 1660 277 τὴν
1671 241 1796 275 γλῶσσαν

179 272 244 324 [ξω
256 275 302 313 Η.]
315 277 436 313 παρέχω,
454 278 512 305 ἀλλ’
527 280 542 306 ὁ
556 279 719 316 δημιουργὸς
729 282 816 316 Λόγος
845 289 891 310 τον
919 283 997 316 λόγον
1016 285 1138 318 χορηγεῖ.
1156 284 1201 319 Μὴ
1218 283 1257 320 τῷ
1275 272 1401 320 καλάμῳ,
1414 285 1454 320 τῷ
1467 272 1496 312 δὲ
1515 272 1646 321 γράφοντι
1666 272 1795 324 ¹πρόσεχε.

181 320 237 356 Τὴν
247 322 333 357 ἀκοὴν
346 323 453 360 ὑπακοὴ
468 325 491 341 ’ί
508 325 682 361 διαδεχέσθω.

199 380 313 409 Modesti
328 383 518 423 archiepiscopi
533 385 778 423 llierosolymitani.
794 404 828 410 -—
848 388 883 416 1η
897 397 947 416 un-

1025 387 1169 417 ποδέσίτου
1180 388 1202 404 θ’
1212 387 1449 422 ἀρχιεπισκόπου
1466 387 1682 423 Ἰεροσολύμων
1692 390 1735 423 εἰς
1744 390 1797 423 τὰς

391 424 486 453 guenta
501 421 611 455 ferentes
623 421 754 450 mulieres.

217 462 370 498 Septimum
387 472 543 499 numerum,
561 471 588 494 et
602 467 636 495 de
649 468 747 496 virtute
761 474 788 497 et
807 469 841 497 de
853 474 966 504 peccato

183 509 210 535 in
231 508 375 544 Scriptura
399 515 540 545 acceptum
559 512 717 541 invenimus
735 519 758 541 ι’.
773 514 869 542 Merito
884 515 967 550 igitur

183 553 264 589 elegit
277 554 389 582 Mariam
413 555 597 592 Magdalenam
615 557 750 592 Salvator,
761 567 777 588 e
798 569 852 596 qua
863 565 966 596 septem

184 599 319 628 daemonia
333 601 426 636 ejecit,
444 607 475 630 ut
491 603 642 639 principem
661 606 767 640 peccati
780 614 829 642 per
845 606 919 634 illam
932 606 967 634 ab

184 643 343 673 hominibus
356 647 514 681 expelleret.
527 647 654 676 Historiae
664 650 774 677 tradunt
782 650 967 686 Magdalenam

184 688 256 717 hanc
271 689 404 725 virginem
422 692 518 726 fuisse,
535 698 562 721 et
582 695 746 730 martyrium
766 695 847 730 hujus
861 703 968 724 memo-

185 738 283 761 ratur:
302 735 348 763 ubi
361 736 473 771 dicitur,
494 743 605 774 propter
624 747 758 768 summam
773 741 846 769 illius
860 742 970 777 virgini-

184 781 280 811 tatem,
297 783 324 806 et
340 780 497 816 puritatem,
513 782 588 810 illam
609 788 739 819 tanquam
757 785 855 813 vitrum
870 793 967 821 purum

185 824 336 852 tortaribus
348 825 434 853 visam
453 834 525 855 esse.
539 826 605 856 Post
613 829 839 858 obdormitionem
853 831 969 860 sanctis-

185 869 263 897 simae
274 870 392 898 dominae
406 876 508 900 nostra;
515 873 637 909 Deipara:
649 875 772 910 proiecta
780 880 821 903 est
831 875 968 911 Ephesum

186 915 220 942 ad
235 915 363 943 dilectum
388 917 554 953 discipulum
570 927 577 946 :
596 920 643 947 ubi
661 928 772 948 cursum
790 922 970 956 apostolicum

185 967 235 995 per
252 961 414 997 martyrium
430 963 623 998 unguentifera
637 965 721 993 Maria
733 965 858 1001 perfecit,
875 967 970 995 nolens

186 1006 220 1034 ad
232 1011 382 1034 extremum
399 1016 487 1043 usque
497 1009 625 1044 spiritum
643 1017 657 1037 ιι
672 1010 751 1038 beato
764 1010 870 1039 Joanne
885 1019 969 1040 evan-

1302 423 1502 457 μυροφόρους.

1051 468 1103 495 Τδν
1126 467 1239 503 ἕϐδομον
1252 466 1276 483 ’³
1301 466 1416 502 ἀριθμὸν
1436 467 1484 494 καὶ
1505 467 1552 494 ἐπὶ
1567 470 1618 503 τῆς
1637 469 1737 505 ἀρετῆς
1750 471 1797 497 καὶ
1834 495 1838 504 ,

1016 514 1063 542 ἐπὶ
1078 514 1128 550 τῆς
1141 514 1240 546 κακίας
1255 513 1419 549 εὑρίσκομεν
1433 514 1482 550 τὴν
1493 513 1604 550 Γραφὴν
1619 515 1799 551 παραλαμϐά-

1017 568 1124 587 νουσαν.
1140 559 1260 591 Εἰκότως
1277 558 1324 586 οὖν
1337 559 1386 595 τὴν
1398 559 1508 595 Μαρίαν
1523 560 1664 594 ἐκλέγεται
1678 562 1728 596 τὴν
1739 562 1799 588 Μα-

1017 605 1151 641 γδαληνὴν
1165 606 1179 632 ὁ
1190 604 1295 641 Σωτὴρ,
1309 604 1356 640 ἀφ’
1365 601 1400 640 ἦς
1412 604 1571 641 ἐκϐεϐλήκει
1582 605 1708 641 δαιμόνια.
1718 607 1798 640 ὲτπὰ,

1019 652 1063 679 ἴνα
1084 652 1130 679 τὸν
1148 652 1267 687 ἄρχοντα
1284 651 1335 686 τῆς
1351 651 1449 683 κακίας
1464 651 1498 678 δι’
1511 651 1595 687 αὐτῆς
1614 652 1738 688 ἀπελάσῃ
1751 654 1800 688 τῆς

1017 698 1191 733 ἀνθρωπίνης
1204 697 1321 733 φύσεως.
1343 697 1415 731 Ὀτι,
1441 697 1534 733 φησὶν,
1561 698 1589 724 αἱ
1611 698 1727 733 ἱστορίαι
1752 699 1801 734 τὴν

1018 742 1200 779 Μαγδαληνὴν
1219 743 1319 779 ταύτην
1338 742 1383 770 διὰ
1398 742 1457 778 βίου
1480 742 1613 778 παρθένον
1634 743 1800 770 διδάσκουσι.

1019 790 1073 817 Καὶ
1090 788 1240 825 μαρτύριον
1256 789 1284 816 δὲ
1300 789 1384 825 αὐτῆς
1396 789 1516 824 φέρεται,
1537 790 1566 816 ἐν
1587 785 1609 823 ᾧ
1629 789 1738 824 λέγεται
1758 789 1802 816 διὰ

1019 836 1069 870 τὴν
1086 835 1173 871 ἄκραν
1186 835 1272 871 αὐτῆς
1285 835 1431 870 παρθενίαν
1447 835 1494 862 καὶ
1513 834 1685 870 καθαρότητα
1700 835 1737 867 ὡς
1751 835 1801 862 ὕα-

1020 881 1065 909 λον
1080 881 1104 897 ⁹⁸
1127 881 1213 917 αὐτὴν
1233 880 1351 916 καθαρὸν
1368 882 1429 912 ταῖς
1449 879 1624 916 βασανισταῖς
1647 881 1800 916 φαίνεσθαι.

1022 927 1094 960 Ὅτι,
1109 927 1186 961 φησὶ,
1204 926 1273 961 μετὰ
1291 926 1340 962 τὴν
1358 926 1486 962 κοίμησιν
1500 927 1550 962 τῆς
1567 926 1714 962 Δεσποίνης
1725 926 1803 961 ἡμῶν

1020 973 1151 1000 Θεοτόκου
1165 972 1328 1007 πορευθεῖσα
1348 973 1388 1005 είς
1404 973 1520 1008 Ἔφεσον
1539 973 1608 1009 πρὸς
1627 972 1674 999 τὸν
1692 973 1803 1008 ἠγαπη-

1022 1018 1102 1053 μένον
1117 1017 1251 1054 μαθητὴν,
1274 1018 1363 1045 ὲκεῖσε
1382 1017 1428 1044 τὸν
1444 1018 1543 1054 δρόμον
1563 1018 1609 1044 τδν
1628 1017 1805 1044 ἁποστολικὸν

185 1053 293 1089 gelista,
303 1058 330 1081 et
340 1053 446 1089 virgine
465 1056 597 1090 separari.
613 1055 859 1091 Quemadmodum,
871 1057 969 1093 inquit,

1025 1063 1065 1090 διὰ
1078 1063 1125 1091 τοῦ
1140 1053 1290 1099 μαρτυρίου
1302 1065 1319 1098 ὴ
1333 1063 1486 1099 μυροφόρος
1497 1063 1590 1098 Μαρία
1601 1062 1751 1095 ἐτελείωσε,
1767 1061 1805 1097 μὴ

184 1099 312 1134 princeps
333 1100 520 1135 apostolorum
543 1101 577 1129 ab
595 1102 728 1130 immobili
744 1103 796 1131 tide
819 1111 902 1139 quam
923 1104 972 1131 ha-

185 1145 246 1173 buit
260 1145 290 1173 in
305 1150 410 1181 petram
420 1146 570 1181 Christum,
585 1148 682 1177 Petrus
696 1149 847 1185 appellatus
858 1153 900 1178 est
909 1170 918 1184 ,
932 1150 972 1178 sic

186 1197 214 1220 et
226 1191 273 1220 illa
289 1192 415 1229 princeps
429 1193 629 1229 discipularum
644 1196 679 1223 ob
693 1196 839 1231 puritatem
855 1202 883 1224 et
895 1203 972 1224 amo—

185 1245 255 1272 rem,
263 1246 319 1274 quo
328 1238 468 1268 Christum
482 1242 625 1276 complexa
639 1246 691 1274 est,
705 1242 741 1269 ab
752 1242 813 1278 ipso
831 1243 972 1271 nominata

171 1277 240 1318 Iest,
258 1285 303 1313 cui
317 1286 388 1313 idem
399 1285 451 1314 fuit
461 1294 572 1320 nomen,
587 1288 659 1323 quod
671 1288 717 1316 Dei
730 1277 822 1316 matri.
838 1288 973 1322 Quemad-

186 1329 302 1358 modum
313 1331 460 1359 Dominum
475 1332 673 1368 discipulorum
683 1334 785 1362 chorus
795 1339 908 1363 secutus
919 1339 970 1368 est,

187 1377 230 1405 sic
242 1377 341 1412 512a
353 1378 494 1405 Dominam
505 1382 532 1406 et
547 1379 659 1406 Matrem
670 1379 778 1407 Domini
796 1381 898 1409 chorus
927 1381 972 1409 di-

188 1423 366 1458 scipularum.
379 1423 469 1451 Mirati
491 1424 565 1452 enim
579 1425 727 1459 aliquando
742 1426 867 1462 discipuli
883 1433 971 1461 erant,

188 1468 260 1503 quod
275 1476 338 1496 cum
359 1468 461 1497 femina
478 1469 637 1505 loqueretur
653 1475 664 1492 ι
681 1480 688 1498 :
708 1471 773 1499 hinc
789 1476 864 1507 patet
877 1472 972 1500 Domi—

188 1523 255 1542 num
266 1523 329 1543 cum
343 1515 505 1543 mulieribus
517 1517 685 1544 consortium
699 1525 754 1547 non
768 1518 907 1546 habuisse.
920 1517 973 1547 Sed

176 1564 277 1588 \matre
293 1560 400 1588 Domini
411 1562 597 1597 evangelicum
607 1570 719 1591 cursum
732 1572 786 1591 una
795 1572 856 1592 cum
866 1565 935 1592 Filio
946 1569 975 1593 et

188 1605 317 1634 Creatore
325 1608 489 1643 complente,
502 1613 529 1636 et
542 1608 608 1644 ipsa:
620 1609 693 1637 illam
705 1615 817 1642 secutas,
831 1613 972 1640 communi

189 1650 307 1680 Domino
321 1657 348 1680 et
361 1653 502 1689 discipulis
515 1654 548 1682 de
560 1654 740 1684 facultatibus
757 1656 815 1684 suis
837 1657 865 1685 in
891 1658 973 1687 rebus

189 1699 353 1727 necessariis
371 1700 575 1728 ministrabant.

1023 1109 1160 1144 θελήσασα
1181 1109 1261 1145 μέχρι
1275 1109 1325 1143 τῆς
1338 1108 1466 1143 τελευτῆς
1485 1108 1650 1143 χωρισθῆναι
1669 1107 1716 1134 τοῦ
1734 1115 1805 1141 παρ-

1023 1155 1100 1182 θένου
1115 1154 1162 1181 καὶ
1179 1154 1378 1188 Εὺαγγελιστοῦ
1392 1154 1529 1181 Ἰωάννου.
1542 1154 1658 1189 Ὠσπερ,
1678 1153 1770 1188 φησὶν,
1786 1154 1804 1188 ἡ

1023 1199 1134 1236 ἀπαρχὴ
1154 1200 1208 1228 τῶν
1227 1200 1385 1228 ἀποστόλων
1405 1201 1508 1235 Πέτρος
1526 1199 1672 1235 ὠνομάσθη
1695 1200 1739 1227 διὰ
1755 1198 1806 1234 τὴν

1022 1246 1169 1274 ἀσάλευτον
1184 1245 1285 1278 πίε-τιν,
1295 1246 1329 1282 ἢν
1342 1244 1416 1282 εἶχεν
1431 1246 1476 1273 ἐπὶ
1491 1246 1607 1281 Χριστὸν
1625 1245 1674 1281 τὴν
1692 1244 1805 1280 πέτραν,

1022 1292 1092 1319 οὕτω
1105 1292 1152 1319 καὶ
1167 1292 1270 1328 ait-:11"
1283 1292 1404 1328 ἀρχηγὸς
1424 1292 1479 1319 τῶν
1494 1292 1652 1328 μαθητριῶν
1671 1291 1807 1326 γενομένη

1022 1338 1066 1365 διὰ
1080 1338 1130 1375 τὴν
1144 1338 1317 1374 καθαρότητα
1332 1339 1355 1355 ’⁸
1371 1339 1456 1374 αὐτῆς
1471 1339 1517 1366 καὶ⁴
1530 1339 1576 1366 τὸν
1589 1338 1671 1365 πόθον
1689 1337 1718 1365 ὃν
1734 1334 1808 1372 εἶχεν

1023 1384 1063 1416 είς
1075 1384 1157 1411 αὑτὸν
1172 1384 1266 1420 Μαρία
1281 1383 1435 1420 ὁμωνύμως
1447 1385 1479 1420 τῇ
1495 1384 1579 1420 μητρὶ¹
1595 1384 1671 1418 παρὰ
1687 1382 1732 1409 τοῦ
1751 1382 1808 1408 Σω-

1022 1432 1105 1468 τῆρος
1117 1433 1342 1468 προσηγόρευται.
1359 1432 1463 1468 Ὠσπερ
1473 1432 1512 1467 τῷ
1522 1431 1644 1466 Δεσπότῃ
1654 1430 1706 1456 τῶν
1723 1429 1810 1465 μαθη-

1022 1479 1077 1506 τῶν
1091 1480 1233 1515 ἠκολούθει
1245 1481 1259 1507 ό
1273 1480 1362 1516 χορὸς,
1379 1480 1450 1507 οὕτω
1465 1481 1497 1515 τῇ
1511 1479 1643 1515 Δεσποίνῃ
1660 1478 1707 1505 καὶ
1717 1477 1811 1513 Μητρὶ

1023 1525 1069 1552 τοῦ
1087 1526 1191 1561 Κυρίου
1213 1525 1269 1552 τῶν
1284 1525 1513 1561 μαθητευομένων
1532 1524 1668 1559 γυναικῶν
1686 1525 1700 1550 ὁ
1717 1523 1810 1560 χορός.

1023 1571 1195 1607 Ἐθαύμαζον
1221 1571 1286 1606 γὰρ,
1310 1571 1386 1606 φησι,
1407 1571 1472 1598 ποτὲ
1496 1571 1521 1597 οἱ
1546 1570 1664 1606 μαθηταὶ
1681 1570 1724 1597 ὅτι
1742 1569 1813 1606 μετὰ

1023 1616 1152 1650 γυναικὸς
1171 1616 1272 1650 ἐλάλει,
1292 1616 1371 1651 δῆλον
1384 1616 1422 1648 ὠς
1435 1616 1485 1643 οὐκ
1498 1615 1581 1651 οὔσης
1597 1615 1726 1650 τοιαύτης
1746 1623 1812 1641 συν-

1024 1661 1119 1697 ηθείας
1134 1662 1173 1697 τῷ
1187 1662 1295 1697 Κυρίῳ,
1311 1661 1378 1689 ἀλλὰ
1392 1661 1439 1690 τὸν
1454 1661 1629 1696 εὐαγγελικὸν
1643 1660 1744 1696 δρόμον
1760 1660 1811 1695 τῆς

1023 1707 1137 1745 Μητρὸς
1164 1707 1210 1734 τοῦ
1236 1707 1372 1734 Δεσπότω
1400 1707 1614 1742 συνεξανυοὺσης
1633 1706 1673 1743 τῷ
1687 1707 1746 1742 Υίῷ
1765 1707 1813 1733 καὶ

188 1746 362 1782 Δημιουργῷ.
390 1747 471 1784 [1528
486 1747 533 1784 3.]
560 1749 615 1776 Καὶ
632 1746 711 1777 αὗται
733 1751 976 1780 συνακολουθοῦσαι
987 1755 1056 1791 αὐτῇ
1087 1754 1126 1790 τῷ
1158 1754 1241 1791 κοινῷ
1260 1755 1382 1791 Δεσπότῃ
1405 1755 1438 1782 ἐκ
1451 1754 1505 1782 τῶν
1517 1754 1694 1790 ὑπαρχόντων
1714 1755 1743 1782 ὲν
1757 1754 1814 1784 τοῖς

188 1793 348 1827 ἀναγκαίοις
359 1794 406 1821 καὶ
420 1795 475 1826 τοῖς
488 1794 625 1830 μαθηταῖς
636 1795 787 1831 διηκόνουν.

224 1839 289 1875 Legi
304 1840 428 1875 ejusdem
443 1841 594 1869 orationem
609 1850 670 1877 quas
689 1842 849 1871 inscribitur
863 1855 869 1870 :
883 1843 972 1872 Enco-
986 1847 1009 1877 c

190 1888 274 1914 mium
301 1887 331 1914 in
354 1887 573 1915 obdormitioncm
593 1888 715 1923 Deipara:
737 1888 863 1924 Virginis.
884 1889 975 1925 Longa

189 1932 300 1967 quidem
311 1937 353 1974 est
367 1933 465 1964 oratio,
482 1933 529 1962 sed
548 1934 616 1961 nihil
628 1935 828 1969 necessarium,
841 1943 892 1964 nec
905 1944 975 1972 prae-

190 1977 297 2005 cedenti
313 1977 379 2013 quid
395 1978 530 2007 familiare
545 1984 747 2016 cognatumque
761 1980 886 2009 atl‘erens.

189 2066 304 2097 Modesti
329 2068 564 2104 Hierosolymitani
580 2069 815 2105 arcltiepiscopi.—
830 2070 863 2098 In
876 2070 977 2098 Occur—

549 2113 618 2133 sum.

225 2149 304 2182 Anna
318 2157 380 2178 cum
399 2151 458 2179 viro
473 2155 578 2185 septem
595 2151 854 2194 annos,Sahb3tum
870 2151 975 2184 colens,

189 2196 319 2230 precibus
349 2201 377 2223 et
399 2196 513 2231 jejuniis
529 2197 682 2229 adhaerens,
699 2197 838 2232 octoginta
859 2202 978 2232 quatuor

190 2248 279 2268 annos
290 2249 354 2269 cum
366 2242 501 2277 exegisset
511 2243 544 2276 I‘,
556 2250 666 2274 carnem
677 2251 693 2272 e
707 2248 825 2279 quatuor
833 2244 976 2272 elementis

189 2286 373 2322 compositam
386 2288 508 2323 vincens,
527 2294 554 2317 et
571 2294 689 2318 mentem
707 2290 845 2318 mundans
862 2290 896 2318 ad
911 2298 977 2318 san-

189 2334 228 2362 cti
245 2333 365 2369 Spiritus
378 2336 574 2370 receptionem,
589 2341 617 2364 et
631 2337 803 2372 generalibus
816 2337 910 2373 [vulgo
920 2345 977 2365 car-

189 2380 328 2408 dinalibus
337 2381 431 2418 dictis]
439 2389 468 2409 se
484 2382 569 2417 ipsam
582 2383 730 2411 virtutibus
738 2390 886 2416 exornans,
899 2388 976 2411 octo-

190 2426 326 2462 gesimum
346 2435 448 2456 annum
462 2434 607 2464 postquam
622 2430 753 2464 excessit,
771 2430 800 2457 in
815 2430 918 2465 templo
935 2431 977 2457 in-

189 2472 266 2500 venit
278 2472 363 2501 futuri
381 2476 513 2510 temporis
527 2475 710 2510 Salvatorem,
739 2478 814 2505 ulnis
829 2482 975 2512 gestatum.

1067 1844 1236 1879 Ἄνεγνώσθη
1262 1844 1310 1870 τοῦ
1337 1844 1419 1870 αὐτοῦ
1443 1842 1600 1879 ἐπιγραφὴν
1620 1841 1693 1877 ἔχων
1708 1841 1814 1877 Ἐγκώ-

1025 1899 1097 1926 μιον
1117 1890 1161 1923 εις
1178 1889 1235 1924 τὴν
1256 1889 1400 1923 κοίμησιν
1421 1887 1474 1922 τῆς
1490 1887 1638 1922 παναγιας
1653 1887 1815 1915 Θεοτόκου.

998 1960 1008 1970 ,
1028 1936 1192 1971 Πολύστιχος
1207 1935 1256 1971 μὲν
1272 1936 1287 1962 ὁ
1300 1935 1388 1969 λόγος,
1403 1933 1479 1960 οὐδὲν
1495 1933 1517 1960 δ’
1530 1933 1680 1967 ἀναγκαῖον
1693 1932 1755 1959 οὐδὲ
1767 1930 1815 1958 τοῦ

1028 1981 1274 2016 προγεγραμμένου
1291 1980 1371 2014 λόγου
1386 1980 1485 2006 οἰκεῖον
1497 1977 1520 1995 ⁹⁴¹
1540 1978 1587 2004 καὶ
1603 1977 1735 2013 συγγενὲς
1755 1978 1814 2004 ἑπι-

1027 2026 1209 2062 δεδειγμένος.

1028 2072 1182 2100 Μοδέστου
1195 2071 1434 2107 ἁρχιεπισκόσζου
1449 2070 1662 2107 Ἰεροσολύμων
1676 2070 1712 2097 ἐκ
1728 2067 1781 2095 τοῦ
1792 2067 1815 2083 ’⁸

1257 2109 1300 2140 εὶς
1307 2107 1364 2141 τὴν
1385 2106 1583 2140 Ὑπαπαντήν,

1062 2156 1117 2182 Καὶ
1132 2155 1149 2190 ή
1163 2154 1209 2181 τὸν
1226 2153 1411 2188 ἑϐδομήκοντα
1425 2152 1521 2187 χρόνον
1537 2149 1729 2177 σαὸὃατίσασα
1748 2147 1817 2183 μετὰ

1027 2201 1123 2237 ἀνδρὸς
1139 2199 1401 2235 Ἀννα,προσευχαῖς
1420 2197 1468 2227 ml
1487 2196 1625 2232 νηστείαις
1642 2202 1817 2232 προσκαρτεφ

1031 2248 1126 2283 ροῦσα,
1145 2247 1310 2282 ὀγδοήκοντα
1331 2245 1379 2272 καὶ
1392 2244 1533 2280 τεσσάρων
1551 2242 1620 2269 ἑτῶν
1640 2242 1816 2277 ὕπάρχουσα,

1028 2294 1077 2329 τὴν
1089 2294 1121 2320 ὲκ
1133 2293 1188 2320 τῶν
1201 2292 1342 2328 τεσσάρων
1354 2290 1493 2326 στοιχείων
1506 2289 1641 2324 νικήσασα
1657 2288 1756 2323 σάρκα,
1769 2285 1816 2312 καὶ

1028 2340 1074 2367 τὸν
1088 2339 1151 2366 νοῦν
1160 2338 1305 2374 καθάρασα
1317 2338 1384 2373 πρὸς
1399 2336 1533 2372 ὑποδοχὴν
1548 2334 1709 2370 Πνεύματος
1725 2333 1815 2367 ἁγίου,

1029 2387 1077 2413 καὶ
1095 2388 1155 2418 ταῖς
1174 2386 1297 2420 γενικαῖς
1318 2383 1416 2418 ἑαυτὴν
1435 2383 1548 2418 ἀρεταῖς
1568 2381 1815 2416 κατακοσμήσασα,

1027 2433 1073 2460 τὸν
1089 2432 1138 2468 τῆς
1150 2430 1358 2466 ὀγδοηκοντάδπ
1374 2429 1530 2464 παρέδραμε
1546 2428 1568 2444 ’³
1583 2427 1692 2463 καιρὸν,
1710 2426 1756 2453 καὶ
1770 2420 1816 2450 εἶ’)-

1030 2487 1076 2515 ρεν
1095 2479 1124 2505 ὲν
1137 2478 1176 2513 τῷ
1186 2477 1243 2512 ναῷ
1263 2476 1308 2504 τδν
1328 2477 1443 2511 Σωτῆρα
1459 2474 1505 2501 τοῦ
1519 2473 1664 2508 μέλλοντος
1680 2471 1776 2501 αἰῶνος
1787 2470 1817 2495 ἐν

191 2515 288 2545 Merito
298 2517 340 2545 lex
352 2523 381 2546 ut
392 2526 502 2548 causam
514 2521 654 2555 peccantis
663 2522 821 2557 voluptatis,
832 2522 903 2549 ﬁlias
914 2522 972 2549 Eva

1027 2524 1162 2559 ἀγκάλαις
1177 2522 1387 2558 βασταζόμενον.
1404 2521 1468 2557 [855
1481 2519 1528 2556 11.]
1537 2519 1657 2551 Εἰκότως
1675 2518 1712 2549 ὡς
1726 2515 1816 2545 αἰτίας

171 2569 175 2581 ι
189 2563 274 2600 jussit
291 2564 389 2593 aﬂerre
402 2574 452 2601 pro
469 2567 659 2602 puriﬁcatione
676 2576 726 2604 par
741 2573 878 2597 turturum
890 2589 899 2601 ,
931 2568 974 2596 vel

228 2661 240 2676 ι’
261 2655 326 2687 Luc.
344 2658 442 2691 “11,2.
487 2663 498 2678 ι
514 2658 592 2693 Joan.
607 2667 643 2691 IV,
659 2658 706 2689 27.
744 2659 843 2687 "Luc.
861 2667 891 2692 ιι,
908 2658 951 2686 l6.

1027 2558 1077 2603 τῆς
1097 2566 1288 2601 εναμαρτὴτου
1303 2566 1310 2581 ¹
1329 2565 1427 2601 ἡδονῆς
1448 2564 1498 2597 τὰς
1512 2564 1665 2600 θυγατέρας
1679 2563 1727 2596 τῆς
1744 2558 1814 2589 Εὔας

847 2748 963 2780 YARM‘]
981 2746 1183 2776 LECTIONES.

224 2841 247 2856 "
265 2841 433 2879 t't‘l'taXO'ﬁVA.
451 2842 473 2879 ’ξ’
487 2841 623 2879 Μοδέστου
635 2842 761 2879 -τσαρκί
776 2851 831 2879 om.
851 2843 892 2879 B,
913 2844 936 2860 "
949 2843 1072 2879 ἕϐδομον,
1091 2842 1238 2879 imos-rusci.
1275 2842 1297 2879 ’ξ
1312 2841 1388 2879 ὕελον
1402 2839 1433 2867 C.
1452 2838 1571 2879 __“aiocﬁ
1583 2847 1613 2871 ς.
1651 2835 1673 2852 ⁹¹
1684 2831 1813 2869 καθαριό-

191 2884 259 2914 τητα
272 2877 303 2903 Λ.
342 2878 364 2893 ’⁷
378 2877 476 2904 οίκ’“ῖ1¹›ν
489 2885 519 2904 τε
535 2877 582 2904 καί
595 2885 624 2909 ς,
663 2878 685 2893 ³⁸
703 2878 734 2904 ἐκ
749 2878 794 2905 τοῦ
807 2887 862 2907 om.
876 2878 907 2907 (ἱ.
953 2879 975 2894 ’³
987 2877 1110 2914 παρέδρα
1125 2878 1174 2913 μέν
1188 2877 1221 2906 Λ.

1262 2879 1268 2893 ¹
1285 2876 1436 2912 ὲναμάρτου
1449 2876 1479 2903 C.
