1973 3077
165 153 219 184 245

664 154 934 184 'BIBLIOTHECA.
946 165 979 171 -’
994 154 1075 184 COD.
1103 153 1274 184 CCLXXVI.

1739 150 1794 182 246

165 205 332 242 προσφέρειν
361 206 376 232 ό
402 206 484 241 νόμος
515 207 682 241 προσέταξεν
709 207 781 241 ὑπὲρ
800 207 847 234 τοῦ
870 207 955 234 καθα-

1012 207 1074 235 luos
1090 207 1180 242 pullos
1204 206 1393 234 columbarum
1413 205 1448 233 ad
1475 205 1694 233 sacriﬁcandum.
1722 205 1792 241 Lege

166 252 264 288 ρισμοῦ
296 251 385 278 αὐτῶν
415 251 464 287 τὴν
507 252 604 279 θυσίαν
640 253 695 279 τῶν
731 253 779 279 δύο
815 252 956 287 τρυγόνων

164 298 182 333 ἢ
197 298 208 314 ²
232 297 280 324 δύο
316 297 466 329 νεοσσοὺς³
500 298 671 333 περιστερῶν
686 318 693 331 ,
726 298 870 334 δηλοῦντος
907 297 955 325 τοῦ

165 344 248 378 νόμου
290 343 331 370 ὃτι
359 343 401 370 δεῖ
428 343 475 371 τὸν
513 345 732 380 προσερχόμενον
756 344 829 380 έΘεῷ
869 345 956 372 καθα-

166 389 258 424 ρεύειν
280 389 329 417 καὶ
348 389 421 426 ψυχῇ
432 390 480 417 καὶ
505 389 612 425 σώματι
635 391 681 418 καὶ
696 390 815 423 άκακίας
836 391 956 426 ἔχεσθαι.

170 436 201 463 '0
212 436 332 471 Χριστὺς
348 436 497 472 πληρωτὴς
516 437 600 469 ἐστιν,
625 437 676 464 οὐκ
706 436 848 472 ὀφειλέτης
861 437 956 472 νόμουι

164 482 213 514 εἰς
227 481 343 509 πτῶσιν
362 482 397 509 δὲ
410 482 459 509 καὶ
476 481 650 510 ἀνάστασιν
663 482 768 515 κεῖται,
785 483 889 510 πτῶσιν
906 483 955 518 μὲν

164 529 218 564 τῆς
233 527 381 564 ἁμαρτίας,
393 527 537 564 ἀνέγερσιν
555 527 584 555 δὲ
593 527 644 562 τῆς
654 527 840 563 δικαιοσύνης,
855 527 903 554 καὶ
916 528 957 559 εἰς

169 576 285 610 σημεῖον
305 574 513 610 ἀντιλεγόμενον
534 574 592 604 τοῖς
615 573 801 610 κυριοκτόνοις
819 573 958 605 Ἰουδαίοις

165 623 224 652 τοῖς
237 621 363 655 λέγουσιν
374 642 382 654 ,
396 622 432 648 Et
451 621 517 655 Υἱὸς
534 619 623 648 εἷτοῦ
638 621 724 653 Θεοῦ,
739 620 881 654 κατάϐηθι
899 620 959 648 ἀπὸ

164 666 221 694 fat?
237 666 383 701 σταυροῦ,
402 666 453 693 καὶ
468 666 652 701 πιστεύομεν
663 667 674 682 δ
694 675 754 694 σοι.
769 667 835 699 Καὶ,
852 666 911 694 Σοῦ
926 666 960 692 δὲ

164 711 262 746 αὐτῆς
284 712 342 747 τὴν
368 712 478 747 ψυχὴη
499 712 686 750 διελεύσεται
709 713 853 747 ῥομφαία,
877 712 959 745 ὅπως

165 758 206 786 ἂν
214 759 224 775 ⁸
240 758 500 793 ἀποκαλυφθῶσιν
507 759 541 796 ἐκ
554 758 679 786 πολλῶν
691 758 821 793 καρδιῶν
829 757 960 793 διαλογι-

1007 253 1113 281 scilicet
1129 253 1298 289 signiﬁcante
1310 254 1333 286 ί,
1355 260 1419 281 eum
1437 252 1484 288 qui
1512 252 1545 279 ad
1562 252 1646 279 Deum
1669 252 1792 284 accedat,

1007 300 1105 328 debere
1123 304 1150 328 et
1163 300 1286 327 animum
1301 303 1329 327 et
1345 306 1447 334 corpus
1461 299 1495 326 ab
1507 298 1582 326 omni
1597 301 1710 334 peccato
1725 299 1791 326 libe-

1007 353 1068 373 rum
1092 345 1202 373 habere.
1216 345 1343 373 Christus
1358 345 1446 380 legem
1466 344 1561 380 implet
1574 350 1600 378 υ,
1616 352 1672 372 non
1686 344 1801 373 debitor.

1007 396 1050 420 est
1065 392 1144 427 legis,
1158 393 1186 419 in
1202 392 1307 419 ruinam
1322 397 1346 419 et
1363 392 1580 419 resurrectionem
1592 383 1735 418 multorum
1746 399 1795 425 po:

1008 439 1076 466 situs
1088 443 1163 466 est'.
1183 438 1212 466 lu
1235 438 1342 465 ruinam
1359 438 1482 473 peccati.
1511 437 1539 465 in
1561 436 1798 465 resurrectionem

1003 484 1127 519 iustitiae,
1142 489 1170 512 et
1183 484 1210 511 in
1227 484 1348 519 signum,
1365 483 1409 511 cui
1420 482 1518 515 Judaei,
1535 483 1582 518 qui
1597 482 1738 510 Christum
1751 489 1794 509 oc-

1006 529 1140 562 ciderunt,
1160 528 1388 558 contradixerunt
1409 537 1416 555 :
1439 528 1469 555 Si
1486 533 1514 554 tu
1528 536 1554 555 es
1570 527 1659 555 Filius
1675 526 1735 561 Dei,
1749 527 1794 554 de-

1006 576 1098 603 scende
1110 576 1142 603 de
1158 583 1244 608 cruce,
1257 579 1280 601 et
1295 575 1428 602 credemus
1446 573 1495 600 tibi
1510 580 1535 600 κ.
1548 574 1583 601 Et
1599 582 1605 600 :
1620 573 1794 607 Tuamipsius

1008 623 1126 649 animum
1137 622 1310 657 pertransibit
1326 621 1444 656 gladius,
1460 625 1489 647 ut
1501 621 1647 647 revelantur
1657 627 1690 646 ex
1703 619 1796 645 multis

1010 667 1133 694 cordibus
1152 668 1324 703 cogitationes
1339 671 1366 695 1,
1383 666 1450 700 Quia
1466 671 1552 694 mater
1576 673 1623 699 es,
1649 673 1710 700 qua:
1731 673 1795 693 vere

1005 712 1161 746 patiebatur
1172 713 1296 741 dolorem
1318 713 1413 740 matris
1436 720 1486 747 pro
1509 711 1529 739 F
1533 711 1591 744 ilio,
1610 715 1637 739 et
1656 711 1721 744 Deo,
1745 718 1795 746 pro

1003 758 1083 786 nobis
1096 766 1179 786 carne
1192 766 1285 793 passo.

166 804 251 839 σμοὶ,
268 805 310 831 ὅτι
321 805 413 839 μήτηρ
431 802 457 831 εἷ
471 804 541 832 κατὰ
555 804 685 841 ἀλήθειαν
700 805 843 840 πάσχουσα
857 804 891 832 τὰ
925 802 1028 839 μητρὸς
1057 804 1127 841 ὑπὲρ
1159 804 1206 832 τοῦ
1223 806 1234 822 θ
1247 805 1342 832 τέκνου
1361 804 1410 832 καὶ
1427 805 1496 832 Θεοῦ
1509 805 1557 833 τοῦ
1575 804 1709 837 παθόντος
1721 804 1796 839 ὑπὲρ

166 852 248 887 ἡμῶν
262 851 355 888 σαρκί.

517 911 606 937 ΣΟΕἾ.

517 912 558 937 ΣΟ
600 930 606 937 .

170 957 227 984 Τοῦ
238 957 389 992 μακαρίου
405 957 517 984 Νείλου
530 912 623 990 εὶῖτὸ
639 956 748 991 Πάσχα
765 955 858 990 λόγος
875 955 955 990 πρῶ-

222 1001 224 1008 ·
529 1001 591 1024 τος.

209 1038 383 1074 ’Δνεγνώσθη
400 1038 448 1065 τοῦ
471 1038 607 1073 μακαρίου
627 1037 726 1065 Νείλου
744 1038 777 1064 ὲκ
795 1037 843 1064 τοῦ
867 1038 907 1069 είς
925 1037 957 1065 τὸ

166 1085 266 1120 Πάσχα
292 1085 372 1119 λόγου
402 1084 525 1120 πρώτου·
552 1080 582 1111 οὗ
609 1085 626 1120 ἡ
653 1084 735 1120 ἁρχὴ,
749 1083 957 1117 Ἀναστάσεως

166 1131 270 1165 λόγοις
296 1129 354 1164 τὴν
383 1129 440 1164 τῆς
468 1129 665 1164 ἀναστάσεως
685 1128 801 1164 ἡμέραν
827 1129 956 1164 τιμήσω-

167 1185 236 1211 μεν.

203 1222 284 1256 Ψυχή
299 1221 340 1253 τίς
357 1222 415 1249 ἐστι
430 1221 543 1256 δευτέρα
557 1222 613 1253 τοῖς
629 1221 785 1258 ἀνθρώποις
801 1223 818 1257 ἡ
836 1222 954 1249 ἀνάστα-

168 1276 224 1299 σις,
240 1267 308 1302 πρὸς
322 1267 372 1299 τὰς
391 1267 443 1302 τῆς
457 1267 559 1302 ἀρετῆς
573 1267 744 1303 διεγείρουσα
758 1267 881 1303 πράξεις.
896 1267 957 1294 Κᾶν

167 1313 270 1348 ταύτην
285 1313 339 1340 τῶν
357 1313 510 1349 ἀνθρώπων
523 1313 632 1350 ἀνέλῃς,
647 1314 744 1349 νεκρὸν
758 1314 826 1349 πρὸς
844 1313 957 1348 πράξεις

167 1360 271 1395 ἀρετῆς
293 1359 453 1396 ἀπειργάσω
479 1359 611 1395 τδσῶμα.
640 1360 684 1391 Ὠς
706 1358 753 1387 οὖν
770 1360 840 1394 ὑπὲρ
854 1359 957 1394 βλάϐης

167 1406 262 1441 κοινῆς
276 1406 344 1441 πρὸς
363 1406 411 1433 τὸν
427 1405 497 1441 ὑπὲρ
516 1406 566 1440 τῆς
590 1406 766 1437 ἀναστάσεως
783 1405 958 1441 όπλισώμεθα

166 1452 302 1487 πόλεμον,
324 1452 388 1487 ὅλην
413 1451 540 1484 λαϐόντες
562 1452 627 1487 ἡμῖν
649 1451 881 1487 συνοπλιζομένην
909 1451 958 1487 τὴν

166 1497 269 1524 κτίσιν.
296 1497 502 1532 Ἐπιστρατεύει
523 1497 577 1532 γάρ
600 1497 714 1533 οὐρανὸς
736 1497 795 1533 μεθ’
808 1497 888 1532 ἡμῶν
902 1498 959 1529 τοῖς

167 1542 294 1575 ἀπίστοις
303 1550 310 1557 ·
324 1543 354 1569 ὃν
363 1543 419 1578 γὰρ
430 1542 459 1575 ἐξ
466 1543 639 1575 ἀναστάσεως
647 1543 784 1578 Δεσπότην
797 1543 913 1575 ἐδέξατο,
925 1544 957 1578 τῇ

1338 905 1502 934 CCLXXVI.

1126 952 1220 980 Sancti
1239 951 1310 984 Nili,
1323 952 1408 978 oratio
1422 951 1509 985 prima
1526 951 1553 978 in
1567 950 1669 977 Pacha.

1045 1043 1110 1079 Legi
1132 1043 1249 1078 primam
1267 1042 1419 1069 orationem
1445 1041 1532 1068 sancti
1559 1040 1611 1067 Nili
1635 1040 1662 1068 in
1679 1040 1795 1073 Pascha,

1009 1089 1088 1124 cujus
1104 1088 1155 1115 hoc
1169 1087 1276 1114 initium
1288 1095 1295 1114 :
1309 1085 1518 1113 Resurrectionis
1531 1085 1615 1113 verbis
1626 1087 1797 1113 resurrectio-

1009 1137 1050 1163 nis
1064 1134 1134 1162 diem
1149 1132 1345 1161 honor-bimus.

1045 1220 1141 1256 512b
1170 1220 1276 1247 Anima).
1304 1223 1346 1247 est
1371 1218 1512 1254 quaedam,
1537 1218 1622 1248 altera
1652 1219 1803 1249 hornintun.

1010 1265 1193 1298 resurrectio,
1212 1264 1245 1291 ad
1271 1264 1397 1292 virtutem
1417 1263 1549 1297 excitans,
1566 1269 1593 1292 et
1619 1264 1642 1291 si
1664 1264 1739 1292 illam
1763 1265 1802 1292 ab

1011 1311 1164 1339 hominibus
1189 1310 1334 1339 sustuleris
1350 1329 1357 1342 ,
1379 1314 1516 1338 mortuum
1542 1311 1576 1337 ad
1605 1310 1727 1338 actiones
1742 1310 1802 1338 vir-

1011 1361 1097 1384 tutum
1110 1363 1208 1392 corpus
1220 1356 1382 1384 reddideris.
1398 1356 1483 1391 igitur
1497 1356 1577 1392 quasi
1590 1364 1639 1391 pro
1657 1357 1802 1384 communi.

1011 1403 1165 1431 calamitate
1177 1402 1210 1430 ad
1217 1402 1316 1430 bellum
1331 1410 1382 1438 pro
1394 1403 1597 1430 resurrectione
1608 1403 1797 1437 accingamur,

1012 1457 1120 1477 omnem
1138 1453 1295 1477 creaturam
1328 1449 1409 1476 nobis
1440 1453 1573 1476 armatam
1605 1449 1803 1484 adjungeutes.‘

1011 1495 1118 1531 Pugnat
1142 1495 1215 1523 enim
1242 1495 1386 1523 nobiscum
1403 1495 1503 1522 cmlum
1520 1500 1616 1523 contra
1633 1495 1798 1523 incredulas.

1012 1540 1099 1575 Quem
1117 1541 1189 1569 enim
1205 1549 1220 1568 e
1234 1542 1434 1569 resurrectione
1449 1540 1595 1568 Dominum
1613 1540 1744 1575 suscepit,
1759 1541 1801 1567 vi-

166 1589 221 1623 τῆς
234 1589 409 1620 ἀναστάσεως
423 1588 517 1623 βλέπει
530 1589 761 1623 συναθετούμενον
775 1589 848 1625 δόξῃ.
860 1590 959 1616 Κοινω-

1012 1587 1056 1614 det
1072 1586 1286 1614 resurrectionis
1301 1587 1385 1622 gloria
1399 1586 1511 1621 privari.
1525 1585 1616 1615 .Terra
1635 1594 1746 1622 quoque
1766 1587 1804 1615 ad

167 1634 246 1668 νήσει
263 1634 412 1669 προθύμως
424 1634 490 1669 ἡμῖν
501 1634 512 1650 ⁷
526 1634 573 1660 τοῦ
587 1634 705 1669 πολέμου
722 1635 768 1661 καὶ
784 1636 818 1669 γῆ
831 1633 857 1650 ⁸⁸
878 1643 959 1661 συκο-

168 1679 359 1715 φαντουμένην
382 1678 436 1713 γὰρ
451 1679 502 1714 τὴν
517 1679 665 1706 ἀνάστασιν
679 1677 760 1712 οἶδεν,
776 1679 823 1714 ἀφ’
836 1676 874 1707 ὧν
897 1680 962 1706 πολ-

168 1725 250 1757 λάκις
264 1725 379 1760 νεκροὺς
400 1725 447 1752 ὑπ’
463 1725 547 1760 αὐτῆς
570 1725 697 1762 ἀφῃρέθη
711 1726 732 1754 ³.
749 1726 798 1753 Διὰ
817 1725 896 1753 τοῦτο
914 1726 961 1753 καὶ

169 1771 276 1802 Παῦλος
298 1771 346 1797 τὸν
373 1770 423 1806 τῆς
441 1770 616 1803 ἀναστάσεως
631 1772 664 1807 τῇ
681 1771 769 1798 κτίσει
789 1771 961 1807 περιτίθησιν

168 1816 275 1850 ἔρωτα·
305 1816 342 1844 “Η
360 1816 415 1851 γὰρ
434 1816 620 1851 ἀπαραδοκία
644 1816 700 1851 τῆς
723 1818 860 1850 κτίσεως,
882 1818 959 1852 φησὶ,

168 1863 229 1896 τὴν
242 1862 440 1897 ἀποκάλυψιν
448 1863 507 1890 τῶν
516 1863 591 1891 υἱῶν
599 1864 654 1891 τοῦ
668 1864 741 1892 Θεοῦ
753 1864 959 1898 ἀπεκδέχεται.

168 1909 304 1944 Καθάπερ
322 1909 378 1945 γὰρ
402 1908 479 1942 πόλις
496 1910 638 1945 βασιλικῆς
658 1910 806 1946 ἐπιδημίας
826 1910 959 1945 δεξαμένη

169 1955 345 1990 προδρόμους
366 1955 435 1990 πρὸς
456 1956 506 1991 τὴν
526 1956 634 1991 ἐκείνης
649 1956 696 1991 ὅλη
715 1955 866 1990 παρουσίαν
881 1956 961 1983 ἐπτέ-

172 2008 269 2035 ρωται,
281 2000 353 2026 οὕτω
370 2000 416 2027 καὶ
429 2000 479 2036 τῆς
495 2001 668 2032 ἀναστάσεως
684 2001 779 2036 ὥσπερ
794 2001 867 2033 τινὸς
882 2001 961 2036 βασι-

170 2046 242 2077 λίδος
263 2047 297 2081 τῇ
318 2046 405 2073 κτίσει
421 2047 660 2083 προκηρυχθείσης
676 2047 724 2082 ὅλη
740 2046 808 2082 πρὸς
822 2047 871 2082 τὴν
890 2047 962 2073 ὲκεί-

163 2101 221 2127 ,νης
237 2093 389 2128 παρουσίαν
411 2094 599 2122 συντέτακται.
618 2095 674 2121 Καὶ
693 2094 731 2129 μὴ
752 2093 896 2129 θαυμάσῃς
915 2093 961 2119 τὸν

170 2138 223 2173 τῆς
242 2138 418 2175 ἀναστάσεως
434 2139 593 2174 ἐγκείμενον
612 2140 646 2174 τῇ
665 2139 754 2165 κτίσει
769 2139 962 2174 διδασκόμενος

171 2183 273 2210 πόθον·
289 2184 371 2220 [1529
382 2183 418 2220 R]
438 2185 536 2219 τροφὸς
550 2184 604 2220 γάρ
617 2193 658 2216 τις
672 2183 726 2211 τῶν
743 2183 894 2220 ἀνθρώπων
909 2184 961 2210 ὑπ-

172 2229 298 2264 άρχουσα
309 2229 421 2256 σπεύδει
435 2229 485 2265 τὴν
499 2230 714 2264 ὲπαγγελθεῖσαν
730 2230 794 2257 ίδεῖν
810 2229 960 2265 βασιλείαν.

1011 1632 1112 1659 bellum
1126 1631 1269 1659 nobiscum
1282 1635 1386 1666 parata.
1398 1630 1552 1659 Viditeuim
1564 1631 1800 1671 resurrectionem

1011 1677 1213 1712 blasphemari,
1240 1683 1287 1711 per
1301 1684 1384 1710 quam
1414 1675 1516 1711 saepius
1541 1676 1593 1712 ipsi
1614 1678 1803 1706 mortui..sunt
1836 1695 1842 1699 -

1012 1722 1150 1758 praerepti.
1174 1722 1237 1749 Ideo
1253 1726 1279 1749 et
1293 1721 1394 1750 Paulus
1408 1725 1543 1752 creaturae
1564 1730 1686 1750 amorem
1704 1723 1801 1751 tribuit

1012 1768 1238 1797 resurrectionis:
1251 1767 1323 1795 Nam
1337 1769 1499 1803 exspectatio
1511 1788 1519 1800 ,
1546 1768 1646 1803 inquit,
1663 1774 1801 1802 creatum,

1012 1814 1196 1842 reuelationem
1209 1813 1328 1848 ﬁliorum
1345 1812 1392 1840 Dei
1418 1817 1551 1848 exspectnt
1569 1818 1593 1840 π.
1616 1812 1801 1846 Quemadmo-

1012 1861 1077 1888 dum
1096 1859 1167 1887 euim
1181 1859 1278 1887 civitas
1292 1859 1359 1894 regii
1386 1860 1522 1887 adventus
1534 1859 1669 1894 recipiens
1681 1867 1801 1895 praecur-

1012 1913 1100 1939 sores,
1131 1905 1164 1933 ad
1191 1905 1251 1940 ejus
1272 1905 1446 1940 praesentiam
1462 1908 1518 1932 tota
1538 1912 1568 1933 se
1582 1910 1719 1940 praeparat
1736 1927 1744 1939 ,
1762 1906 1802 1934 sic

1012 1951 1216 1980 resurrectione
1228 1955 1357 1986 tanquam
1369 1950 1463 1986 regina
1473 1951 1577 1985 aliqua,
1588 1955 1722 1978 creaturae
1735 1959 1802 1986 prae-

1012 1997 1148 2029 nuntiata,
1159 2000 1216 2023 tota
1226 1996 1259 2023 ad
1268 1995 1342 2023 illius
1351 1995 1523 2030 praesentiam
1535 2002 1564 2023 se
1572 1997 1754 2031 comparavit.
1771 1996 1802 2023 Et

1011 2052 1046 2073 ne
1051 2044 1158 2071 mireris
1163 2047 1304 2071 creaturas
1310 2042 1397 2077 ipsam
1404 2042 1631 2070 resurrectionem
1637 2043 1802 2072 desiderare.

1011 2092 1060 2120 Est
1082 2091 1155 2118 enim
1169 2089 1338 2125 :hominibus
1352 2089 1438 2116 instar
1467 2088 1592 2121 nutricis,
1606 2096 1668 2123 quae
1691 2088 1802 2116 festinat

1011 2136 1179 2172 promissum
1207 2142 1324 2170 regnum
1345 2134 1451 2167 videre,
1468 2139 1496 2162 et
1513 2133 1668 2163 futurorum
1686 2134 1802 2162 tarditas

1012 2190 1066 2210 non
1082 2181 1208 2210 dissolvit
1218 2188 1295 2216 spem
1310 2181 1435 2209 nutricis.
1446 2179 1534 2208 Habet
1550 2180 1622 2208 enim
1635 2180 1662 2207 in
1680 2187 1710 2207 se
1727 2187 1801 2208 sem—

1013 2235 1063 2263 per
1080 2227 1185 2255 semina
1204 2226 1427 2259 resurrectionis,
1443 2233 1562 2261 quorum
1587 2233 1672 2261 grana
1683 2225 1807 2253 ostendit.

171 2275 229 2302 Καὶ.
245 2275 276 2302 τὸ
304 2275 388 2310 βραδὺ
405 2264 467 2302 τῶν
484 2275 634 2311 μελλόντων
646 2277 697 2303 οὐκ
715 2264 855 2312 ἐκλύειντῇ
872 2275 959 2311 τροφιῖ

1016 2273 1150 2305 viventes,
1165 2271 1559 2300 mortuorumresurrectionis
1570 2270 1597 2298 in
1613 2271 1705 2306 parvis
1727 2279 1808 2306 spem

171 2320 222 2352 τὰς
236 2319 347 2353 ἐλπίδας
359 2329 367 2336 ·
383 2321 440 2356 ἔχει
454 2321 508 2358 γὰρ
523 2322 567 2348 ἀεὶ
581 2321 695 2349 συνόντα
712 2322 780 2357 αὐτῇ
793 2321 828 2348 τὰ
842 2321 890 2353 τῆς
902 2322 965 2349 ἀνα-

173 2366 299 2399 στάσεως
328 2367 483 2403 σπέρματα,
506 2365 544 2394 ὧν
566 2368 630 2400 τοὺς
653 2367 769 2398 κόκκους
791 2366 963 2394 ἀναδείκνυσι

172 2411 290 2444 ζῶντας,
312 2413 362 2446 τῆς
377 2413 433 2439 τῶν
452 2413 556 2448 νεκρῶν
572 2413 706 2447 σωμάτων
725 2411 860 2447 ὲγέρσεως
876 2412 904 2438 ὲν
920 2420 964 2447 μι-

172 2457 250 2491 κροῖς
269 2457 334 2492 ἡμῖν
344 2457 520 2492 βεὸαιοῦντας
534 2457 584 2489 τὰς
599 2457 720 2488 ἐλπίδας.
737 2456 891 2484 Θάπτονταὶ
915 2456 964 2492 μὲν

172 2502 229 2537 γὰρ
242 2502 271 2528 ὲν
285 2502 366 2538 αὐτῇ,
380 2503 419 2535 ὡς
433 2503 552 2539 ὁρῶμεν,
563 2503 618 2531 τῶν
636 2502 803 2538 σπερμάτων
817 2503 839 2519 ¹⁴¹
857 2502 880 2529 οἱ
897 2501 964 2529 κόκ-

172 2556 229 2580 κος,
241 2548 297 2576 τῶν
309 2549 435 2576 αὐλάκων
460 2549 520 2576 ἀντὶ
540 2550 633 2583 τάφων
651 2549 801 2584 γινομένων
818 2549 873 2579 τοῖς
889 2556 960 2575 σπα-

206 2652 216 2669 ι
233 2650 322 2679 Levit.
343 2659 392 2683 xu,
411 2651 437 2678 7.
461 2654 475 2669 ’³
489 2650 584 2679 Matth.
600 2658 626 2683 ν,
645 2650 688 2678 ΓΙ.
728 2655 741 2668 ν
759 2649 826 2678 Luc.
839 2658 869 2682 u,
888 2649 934 2677 54.

1017 2319 1096 2347 nobis
1110 2318 1310 2347 conﬂrmantia.
1329 2317 1504 2352 Sepeliuntur
1518 2317 1545 2344 in
1562 2316 1619 2350 illa,
1635 2321 1665 2344 ut
1678 2317 1804 2345 videmus

1017 2363 1152 2390 seminum
1167 2368 1339 2398 grana,_cum
1361 2360 1428 2388 sulci
1446 2361 1500 2388 sint
1510 2361 1579 2389 satis
1593 2368 1642 2396 pro
1658 2361 1802 2396 sepulcris.

1018 2409 1079 2444 ipsa
1094 2415 1169 2440 vero,
1183 2407 1333 2436 seminibus
1344 2407 1475 2442 acceptis,
1485 2407 1607 2435 imitatur
1615 2412 1802 2441 monumenta,

1018 2459 1046 2484 et
1061 2453 1206 2490 putrefacit
1222 2461 1348 2489 granum,
1364 2457 1395 2480 ut
1410 2453 1498 2488 ipsum
1518 2453 1672 2489 sepulcrum
1692 2461 1802 2489 corpus,

1016 2505 1044 2529 et
1071 2500 1208 2536 accipiens
1233 2499 1337 2531 vivum.
1365 2503 1503 2526 mortuum
1529 2498 1628 2531 reddit,
1642 2503 1670 2526 et
1684 2498 1808 2528 medium

1014 2545 1092 2582 grani
1107 2545 1186 2580 plane
1200 2543 1385 2580 putrefaciens
1402 2544 1555 2576 corculum,
1566 2544 1648 2573 etiam
1664 2544 1732 2579 ipsis
1749 2544 1800 2571 for-

980 2654 993 2668 ι
1007 2649 1103 2677 Matth.
1125 2656 1191 2682 xvu,
1207 2649 1260 2684 40.,
1298 2653 1312 2673 1
1328 2648 1394 2676 Luc.
1412 2655 1442 2680 u,
1460 2647 1520 2682 35.,
1547 2653 1558 2667 ι
1576 2647 1654 2675 Rom.
1674 2654 1732 2678 νιιι,
1756 2645 1801 2672 19.

810 2750 931 2778 νΑΒιιΕ
946 2749 1147 2777 LECTIONES.

228 2831 283 2868 ⁸.ἢῖ
294 2833 340 2860 καί
353 2833 406 2860 AC.
447 2833 456 2848 ³
473 2831 589 2858 νεοσσῶν
601 2830 631 2858 C.
647 2866 652 2868 _
671 2831 680 2846 δ
696 2828 857 2868 πιστεύομεν
868 2828 911 2868 QC
926 2828 1131 2868 επιστεὺσομέν
1149 2837 1178 2868 ς.
1212 2827 1227 2868 ,⁵
1238 2827 1270 2868 άν
1287 2828 1391 2868 omLA.
1431 2828 1440 2843 ‘
1459 2827 1504 2854 τοῦ
1523 2834 1577 2854 out.
1598 2826 1626 2853 C.
1666 2826 1675 2841 ⁷
1692 2827 1758 2861 ἡμῖν
1771 2835 1800 2858 ς.

171 2868 233 2905 (τῇ
259 2863 301 2895 Χ·
318 2869 334 2904 ἡ
349 2869 386 2904 γῆ
401 2877 431 2900 ς.
471 2869 480 2883 ι·
494 2867 617 2904 ἀφῃρέοη
643 2866 688 2893 ὑπ’
706 2866 788 2901 αὐτῆς
801 2863 831 2896 τ.
870 2864 892 2880 ¹⁰
905 2863 959 2890 τῶν
976 2863 1140 2900 σπερμάτων
1153 2863 1190 2896 ὡς
1208 2863 1316 2899 ὁρῶμεν
1332 2863 1362 2890 Β.
