  <div class='ocr_page' id='page_1' title='image "/cluster/home/n/w/nwhite01/storage/ocr_20150623/104/njp.32101077772885/129.png"; bbox 0 0 1973 3077; ppageno 0'>
   <div class='ocr_carea' id='block_1_1' title="bbox 195 169 246 202">
    <p class='ocr_par' dir='ltr' id='par_1_1' title="bbox 195 169 246 202">
     <span class='ocr_line' id='line_1_1' title="bbox 195 169 246 202; baseline 0 -1"><span class='ocrx_word' id='word_1_1' title='bbox 195 169 246 202; x_wconf 65' lang='grc'><strong>247</strong></span> 
     </span>
    </p>
   </div>
   <div class='ocr_carea' id='block_1_2' title="bbox 770 163 1235 200">
    <p class='ocr_par' dir='ltr' id='par_1_2' title="bbox 770 163 1235 200">
     <span class='ocr_line' id='line_1_2' title="bbox 770 163 1235 200; baseline -0.013 -1"><span class='ocrx_word' id='word_1_2' title='bbox 770 168 901 200; x_wconf 79' lang='grc' dir='ltr'>ΡΗΟΤΠ</span> <span class='ocrx_word' id='word_1_3' title='bbox 921 163 1172 196; x_wconf 79' lang='lat' dir='ltr'><strong>PATRIARCHIE</strong></span> <span class='ocrx_word' id='word_1_4' title='bbox 1181 164 1235 194; x_wconf 80' lang='lat' dir='ltr'><strong>CP;</strong></span> 
     </span>
    </p>
   </div>
   <div class='ocr_carea' id='block_1_3' title="bbox 1765 161 1820 193">
    <p class='ocr_par' dir='ltr' id='par_1_3' title="bbox 1765 161 1820 193">
     <span class='ocr_line' id='line_1_3' title="bbox 1765 161 1820 193; baseline -0.018 0"><span class='ocrx_word' id='word_1_5' title='bbox 1765 161 1820 193; x_wconf 70' lang='grc'><strong>248</strong></span> 
     </span>
    </p>
   </div>
   <div class='ocr_carea' id='block_1_4' title="bbox 196 216 975 258">
    <p class='ocr_par' dir='ltr' id='par_1_4' title="bbox 196 223 975 258">
     <span class='ocr_line' id='line_1_4' title="bbox 196 223 975 258; baseline -0.004 -7"><span class='ocrx_word' id='word_1_6' title='bbox 196 225 274 252; x_wconf 87' lang='lat' dir='ltr'><strong>micis</strong></span> <span class='ocrx_word' id='word_1_7' title='bbox 290 225 384 252; x_wconf 80' lang='lat' dir='ltr'><strong>inutile</strong></span> <span class='ocrx_word' id='word_1_8' title='bbox 398 225 432 252; x_wconf 83' lang='lat' dir='ltr'><strong>ad</strong></span> <span class='ocrx_word' id='word_1_9' title='bbox 455 225 651 253; x_wconf 72' lang='lat' dir='ltr'><strong>comedendum</strong></span> <span class='ocrx_word' id='word_1_10' title='bbox 677 224 750 252; x_wconf 86' lang='lat' dir='ltr'><strong>facit.</strong></span> <span class='ocrx_word' id='word_1_11' title='bbox 768 223 975 258; x_wconf 89' lang='lat' dir='ltr'><strong>Corruptionem</strong></span> 
     </span>
    </p>
   </div>
   <div class='ocr_carea' id='block_1_5' title="bbox 1026 216 1821 258">
    <p class='ocr_par' dir='ltr' id='par_1_5' title="bbox 1031 216 1821 255">
     <span class='ocr_line' id='line_1_5' title="bbox 1031 216 1821 255; baseline -0.001 -10"><span class='ocrx_word' id='word_1_12' title='bbox 1031 220 1130 255; x_wconf 73' lang='grc' dir='ltr'>ρεῖσιψ</span> <span class='ocrx_word' id='word_1_13' title='bbox 1164 218 1182 253; x_wconf 79' lang='grc' dir='ltr'>ἡ</span> <span class='ocrx_word' id='word_1_14' title='bbox 1211 218 1239 244; x_wconf 73' lang='grc' dir='ltr'>δὲ</span> <span class='ocrx_word' id='word_1_15' title='bbox 1253 217 1373 244; x_wconf 78' lang='grc' dir='ltr'>λαϐοῦσα</span> <span class='ocrx_word' id='word_1_16' title='bbox 1401 217 1436 243; x_wconf 78' lang='grc' dir='ltr'><strong>τὰ</strong></span> <span class='ocrx_word' id='word_1_17' title='bbox 1461 216 1608 252; x_wconf 78' lang='grc' dir='ltr'>σπέρματα</span> <span class='ocrx_word' id='word_1_18' title='bbox 1635 216 1760 252; x_wconf 74' lang='grc' dir='ltr'><strong>μιμεῖται</strong></span> <span class='ocrx_word' id='word_1_19' title='bbox 1785 219 1821 244; x_wconf 77' lang='grc' dir='ltr'>τὰ</span> 
     </span>
    </p>
   </div>
   <div class='ocr_carea' id='block_1_6' title="bbox 195 266 978 303">
    <p class='ocr_par' dir='ltr' id='par_1_6' title="bbox 195 266 978 303">
     <span class='ocr_line' id='line_1_6' title="bbox 195 266 978 303; baseline -0.003 -8"><span class='ocrx_word' id='word_1_20' title='bbox 195 273 287 295; x_wconf 85' lang='lat' dir='ltr'><strong>autem</strong></span> <span class='ocrx_word' id='word_1_21' title='bbox 300 273 429 303; x_wconf 89' lang='lat' dir='ltr'><strong>tauquam</strong></span> <span class='ocrx_word' id='word_1_22' title='bbox 443 269 648 303; x_wconf 76' lang='lat' dir='ltr'><strong>conceptionem</strong></span> <span class='ocrx_word' id='word_1_23' title='bbox 665 268 809 303; x_wconf 84' lang='lat' dir='ltr'><strong>quamdam</strong></span> <span class='ocrx_word' id='word_1_24' title='bbox 822 266 978 302; x_wconf 88' lang='lat' dir='ltr'><strong>possidens,</strong></span> 
     </span>
    </p>
   </div>
   <div class='ocr_carea' id='block_1_7' title="bbox 195 313 980 350">
    <p class='ocr_par' dir='ltr' id='par_1_7' title="bbox 195 313 980 350">
     <span class='ocr_line' id='line_1_7' title="bbox 195 313 980 350; baseline -0.004 -8"><span class='ocrx_word' id='word_1_25' title='bbox 195 320 332 342; x_wconf 86' lang='lat' dir='ltr'><strong>mortuam</strong></span> <span class='ocrx_word' id='word_1_26' title='bbox 351 315 486 342; x_wconf 89' lang='lat' dir='ltr'><strong>seminum</strong></span> <span class='ocrx_word' id='word_1_27' title='bbox 500 314 613 342; x_wconf 87' lang='lat' dir='ltr'><strong>feturam</strong></span> <span class='ocrx_word' id='word_1_28' title='bbox 628 313 827 350; x_wconf 88' lang='lat' dir='ltr'><strong>putrefactione</strong></span> <span class='ocrx_word' id='word_1_29' title='bbox 846 317 943 348; x_wconf 76' lang='lat' dir='ltr'><strong>gestat,</strong></span> <span class='ocrx_word' id='word_1_30' title='bbox 953 317 980 340; x_wconf 89' lang='lat' dir='ltr'><strong>et</strong></span> 
     </span>
    </p>
   </div>
   <div class='ocr_carea' id='block_1_8' title="bbox 195 360 980 396">
    <p class='ocr_par' dir='ltr' id='par_1_8' title="bbox 195 360 980 396">
     <span class='ocr_line' id='line_1_8' title="bbox 195 360 980 396; baseline 0 -10"><span class='ocrx_word' id='word_1_31' title='bbox 195 361 225 386; x_wconf 80' lang='lat' dir='ltr'><strong>ﬁt</strong></span> <span class='ocrx_word' id='word_1_32' title='bbox 252 364 338 387; x_wconf 90' lang='lat' dir='ltr'><strong>mater</strong></span> <span class='ocrx_word' id='word_1_33' title='bbox 361 360 433 392; x_wconf 64' lang='lat' dir='ltr'><strong>vitae,</strong></span> <span class='ocrx_word' id='word_1_34' title='bbox 461 361 553 396; x_wconf 80' lang='lat' dir='ltr'><strong>granis</strong></span> <span class='ocrx_word' id='word_1_35' title='bbox 574 360 723 395; x_wconf 87' lang='lat' dir='ltr'><strong>corruptio.</strong></span> <span class='ocrx_word' id='word_1_36' title='bbox 743 364 772 387; x_wconf 87' lang='lat' dir='ltr'><strong>et</strong></span> <span class='ocrx_word' id='word_1_37' title='bbox 792 367 868 386; x_wconf 91' lang='lat' dir='ltr'><strong>mors</strong></span> <span class='ocrx_word' id='word_1_38' title='bbox 885 363 980 394; x_wconf 86' lang='lat' dir='ltr'><strong>partus</strong></span> 
     </span>
    </p>
   </div>
   <div class='ocr_carea' id='block_1_9' title="bbox 195 405 980 441">
    <p class='ocr_par' dir='ltr' id='par_1_9' title="bbox 195 405 980 441">
     <span class='ocr_line' id='line_1_9' title="bbox 195 405 980 441; baseline 0 -8"><span class='ocrx_word' id='word_1_39' title='bbox 195 411 273 441; x_wconf 86' lang='lat' dir='ltr'><strong>pater</strong></span> <span class='ocrx_word' id='word_1_40' title='bbox 310 406 481 441; x_wconf 74' lang='lat' dir='ltr'><strong>designatur.</strong></span> <span class='ocrx_word' id='word_1_41' title='bbox 508 405 583 434; x_wconf 82' lang='lat' dir='ltr'><strong>Nova</strong></span> <span class='ocrx_word' id='word_1_42' title='bbox 609 406 654 434; x_wconf 83' lang='lat' dir='ltr'><strong>illa</strong></span> <span class='ocrx_word' id='word_1_43' title='bbox 675 405 778 434; x_wconf 89' lang='lat' dir='ltr'><strong>doloris</strong></span> <span class='ocrx_word' id='word_1_44' title='bbox 796 410 875 434; x_wconf 71' lang='lat' dir='ltr'><strong>terra:</strong></span> <span class='ocrx_word' id='word_1_45' title='bbox 885 410 980 441; x_wconf 90' lang='lat' dir='ltr'><strong>partu-</strong></span> 
     </span>
    </p>
   </div>
   <div class='ocr_carea' id='block_1_10' title="bbox 195 451 976 487">
    <p class='ocr_par' dir='ltr' id='par_1_10' title="bbox 195 451 976 487">
     <span class='ocr_line' id='line_1_10' title="bbox 195 451 976 487; baseline 0.001 -9"><span class='ocrx_word' id='word_1_46' title='bbox 195 452 291 479; x_wconf 78' lang='lat' dir='ltr'><strong>rientis</strong></span> <span class='ocrx_word' id='word_1_47' title='bbox 304 452 347 479; x_wconf 66' lang='lat' dir='ltr'><strong>lex</strong></span> <span class='ocrx_word' id='word_1_48' title='bbox 362 457 414 484; x_wconf 83' lang='lat' dir='ltr'><strong>est,</strong></span> <span class='ocrx_word' id='word_1_49' title='bbox 424 453 475 480; x_wconf 88' lang='lat' dir='ltr'><strong>nisi</strong></span> <span class='ocrx_word' id='word_1_50' title='bbox 489 453 534 480; x_wconf 87' lang='lat' dir='ltr'><strong>liat</strong></span> <span class='ocrx_word' id='word_1_51' title='bbox 545 457 671 479; x_wconf 90' lang='lat' dir='ltr'><strong>mortuus</strong></span> <span class='ocrx_word' id='word_1_52' title='bbox 683 451 764 486; x_wconf 83' lang='lat' dir='ltr'><strong>fetus,</strong></span> <span class='ocrx_word' id='word_1_53' title='bbox 778 459 834 480; x_wconf 87' lang='lat' dir='ltr'><strong>non</strong></span> <span class='ocrx_word' id='word_1_54' title='bbox 848 452 976 487; x_wconf 76' lang='lat' dir='ltr'><strong>fingitur:</strong></span> 
     </span>
    </p>
   </div>
   <div class='ocr_carea' id='block_1_11' title="bbox 195 497 979 533">
    <p class='ocr_par' dir='ltr' id='par_1_11' title="bbox 195 497 979 533">
     <span class='ocr_line' id='line_1_11' title="bbox 195 497 979 533; baseline 0.004 -10"><span class='ocrx_word' id='word_1_55' title='bbox 195 498 217 524; x_wconf 88' lang='lat' dir='ltr'><strong>si</strong></span> <span class='ocrx_word' id='word_1_56' title='bbox 230 497 337 529; x_wconf 77' lang='lat' dir='ltr'><strong>vixerit,</strong></span> <span class='ocrx_word' id='word_1_57' title='bbox 347 505 401 525; x_wconf 94' lang='lat' dir='ltr'><strong>non</strong></span> <span class='ocrx_word' id='word_1_58' title='bbox 418 497 560 525; x_wconf 86' lang='lat' dir='ltr'><strong>formatur.</strong></span> <span class='ocrx_word' id='word_1_59' title='bbox 573 497 641 525; x_wconf 84' lang='lat' dir='ltr'><strong>llinc</strong></span> <span class='ocrx_word' id='word_1_60' title='bbox 652 497 734 533; x_wconf 81' lang='lat' dir='ltr'><strong>igitur</strong></span> <span class='ocrx_word' id='word_1_61' title='bbox 748 502 777 526; x_wconf 86' lang='lat' dir='ltr'><strong>et</strong></span> <span class='ocrx_word' id='word_1_62' title='bbox 787 498 909 526; x_wconf 70' lang='lat' dir='ltr'><strong>formica:</strong></span> <span class='ocrx_word' id='word_1_63' title='bbox 923 499 979 526; x_wconf 79' lang='lat' dir='ltr'><strong>dis—</strong></span> 
     </span>
    </p>
   </div>
   <div class='ocr_carea' id='block_1_12' title="bbox 195 543 977 579">
    <p class='ocr_par' dir='ltr' id='par_1_12' title="bbox 195 543 977 579">
     <span class='ocr_line' id='line_1_12' title="bbox 195 543 977 579; baseline 0.003 -9"><span class='ocrx_word' id='word_1_64' title='bbox 195 548 269 570; x_wconf 85' lang='lat' dir='ltr'><strong>secta</strong></span> <span class='ocrx_word' id='word_1_65' title='bbox 290 550 372 577; x_wconf 78' lang='lat' dir='ltr'><strong>grana</strong></span> <span class='ocrx_word' id='word_1_66' title='bbox 398 544 424 570; x_wconf 94' lang='lat' dir='ltr'><strong>in</strong></span> <span class='ocrx_word' id='word_1_67' title='bbox 449 548 548 571; x_wconf 88' lang='lat' dir='ltr'><strong>terram</strong></span> <span class='ocrx_word' id='word_1_68' title='bbox 561 543 714 578; x_wconf 80' lang='lat' dir='ltr'><strong>defodiunt,</strong></span> <span class='ocrx_word' id='word_1_69' title='bbox 735 544 856 572; x_wconf 86' lang='lat' dir='ltr'><strong>sectione</strong></span> <span class='ocrx_word' id='word_1_70' title='bbox 867 552 977 579; x_wconf 85' lang='lat' dir='ltr'><strong>germen</strong></span> 
     </span>
    </p>
   </div>
   <div class='ocr_carea' id='block_1_13' title="bbox 193 588 979 625">
    <p class='ocr_par' dir='ltr' id='par_1_13' title="bbox 193 588 979 625">
     <span class='ocr_line' id='line_1_13' title="bbox 193 588 979 625; baseline 0.001 -10"><span class='ocrx_word' id='word_1_71' title='bbox 193 596 208 615; x_wconf 88' lang='lat' dir='ltr'><strong>e</strong></span> <span class='ocrx_word' id='word_1_72' title='bbox 225 589 400 624; x_wconf 86' lang='lat' dir='ltr'><strong>corruptione</strong></span> <span class='ocrx_word' id='word_1_73' title='bbox 417 588 743 624; x_wconf 88' lang='lat' dir='ltr'><strong>impedientes.0portuit</strong></span> <span class='ocrx_word' id='word_1_74' title='bbox 750 589 822 617; x_wconf 88' lang='lat' dir='ltr'><strong>enim</strong></span> <span class='ocrx_word' id='word_1_75' title='bbox 835 593 862 617; x_wconf 88' lang='lat' dir='ltr'><strong>et</strong></span> <span class='ocrx_word' id='word_1_76' title='bbox 873 589 954 625; x_wconf 79' lang='lat'><strong>513</strong></span> <span class='ocrx_word' id='word_1_77' title='bbox 963 598 979 616; x_wconf 87' lang='grc' dir='ltr'><strong>α</strong></span> 
     </span>
    </p>
   </div>
   <div class='ocr_carea' id='block_1_14' title="bbox 194 634 978 670">
    <p class='ocr_par' dir='ltr' id='par_1_14' title="bbox 194 634 978 670">
     <span class='ocr_line' id='line_1_14' title="bbox 194 634 978 670; baseline 0 -8"><span class='ocrx_word' id='word_1_78' title='bbox 194 634 369 662; x_wconf 66' lang='grc' dir='ltr'>ΐινιιιίευτυιη</span> <span class='ocrx_word' id='word_1_79' title='bbox 383 639 509 662; x_wconf 88' lang='lat' dir='ltr'><strong>naturam</strong></span> <span class='ocrx_word' id='word_1_80' title='bbox 527 635 677 668; x_wconf 83' lang='lat' dir='ltr'><strong>testiﬁcari,</strong></span> <span class='ocrx_word' id='word_1_81' title='bbox 693 639 792 662; x_wconf 86' lang='lat' dir='ltr'><strong>terram</strong></span> <span class='ocrx_word' id='word_1_82' title='bbox 810 640 868 670; x_wconf 89' lang='lat' dir='ltr'><strong>post</strong></span> <span class='ocrx_word' id='word_1_83' title='bbox 882 643 978 662; x_wconf 89' lang='lat' dir='ltr'><strong>corru-</strong></span> 
     </span>
    </p>
   </div>
   <div class='ocr_carea' id='block_1_15' title="bbox 194 679 976 715">
    <p class='ocr_par' dir='ltr' id='par_1_15' title="bbox 194 679 976 715">
     <span class='ocr_line' id='line_1_15' title="bbox 194 679 976 715; baseline 0.001 -10"><span class='ocrx_word' id='word_1_84' title='bbox 194 681 312 713; x_wconf 81' lang='lat' dir='ltr'><strong>ptionem</strong></span> <span class='ocrx_word' id='word_1_85' title='bbox 335 680 487 715; x_wconf 84' lang='lat' dir='ltr'><strong>producere</strong></span> <span class='ocrx_word' id='word_1_86' title='bbox 506 680 635 707; x_wconf 83' lang='lat' dir='ltr'><strong>semina:</strong></span> <span class='ocrx_word' id='word_1_87' title='bbox 657 684 685 707; x_wconf 87' lang='lat' dir='ltr'><strong>et</strong></span> <span class='ocrx_word' id='word_1_88' title='bbox 701 680 762 707; x_wconf 86' lang='lat' dir='ltr'><strong>vide</strong></span> <span class='ocrx_word' id='word_1_89' title='bbox 786 680 908 715; x_wconf 84' lang='lat' dir='ltr'><strong>pariendi</strong></span> <span class='ocrx_word' id='word_1_90' title='bbox 930 679 976 707; x_wconf 77' lang='lat' dir='ltr'><strong>tali</strong></span> 
     </span>
    </p>
   </div>
   <div class='ocr_carea' id='block_1_16' title="bbox 193 726 976 761">
    <p class='ocr_par' dir='ltr' id='par_1_16' title="bbox 193 726 976 761">
     <span class='ocr_line' id='line_1_16' title="bbox 193 726 976 761; baseline 0 -9"><span class='ocrx_word' id='word_1_91' title='bbox 193 727 273 753; x_wconf 90' lang='lat' dir='ltr'><strong>modo</strong></span> <span class='ocrx_word' id='word_1_92' title='bbox 297 726 395 754; x_wconf 90' lang='lat' dir='ltr'><strong>miram</strong></span> <span class='ocrx_word' id='word_1_93' title='bbox 418 731 558 754; x_wconf 91' lang='lat' dir='ltr'><strong>naturam.</strong></span> <span class='ocrx_word' id='word_1_94' title='bbox 572 726 716 761; x_wconf 84' lang='lat' dir='ltr'><strong>Accipiens</strong></span> <span class='ocrx_word' id='word_1_95' title='bbox 744 726 833 753; x_wconf 85' lang='lat' dir='ltr'><strong>solum</strong></span> <span class='ocrx_word' id='word_1_96' title='bbox 851 733 976 761; x_wconf 76' lang='lat' dir='ltr'><strong>granum,</strong></span> 
     </span>
    </p>
   </div>
   <div class='ocr_carea' id='block_1_17' title="bbox 192 771 978 807">
    <p class='ocr_par' dir='ltr' id='par_1_17' title="bbox 192 771 978 807">
     <span class='ocr_line' id='line_1_17' title="bbox 192 771 978 807; baseline 0 -10"><span class='ocrx_word' id='word_1_97' title='bbox 192 771 354 806; x_wconf 83' lang='lat' dir='ltr'><strong>corrumpit,</strong></span> <span class='ocrx_word' id='word_1_98' title='bbox 369 776 528 807; x_wconf 89' lang='lat' dir='ltr'><strong>corruptum</strong></span> <span class='ocrx_word' id='word_1_99' title='bbox 550 779 615 799; x_wconf 88' lang='lat' dir='ltr'><strong>vero</strong></span> <span class='ocrx_word' id='word_1_100' title='bbox 637 771 823 805; x_wconf 82' lang='lat' dir='ltr'><strong>multipliciter</strong></span> <span class='ocrx_word' id='word_1_101' title='bbox 844 771 978 806; x_wconf 87' lang='lat' dir='ltr'><strong>pullulare</strong></span> 
     </span>
    </p>
   </div>
   <div class='ocr_carea' id='block_1_18' title="bbox 191 817 977 853">
    <p class='ocr_par' dir='ltr' id='par_1_18' title="bbox 191 817 977 853">
     <span class='ocr_line' id='line_1_18' title="bbox 191 817 977 853; baseline 0 -9"><span class='ocrx_word' id='word_1_102' title='bbox 191 817 268 849; x_wconf 81' lang='lat' dir='ltr'><strong>facit,</strong></span> <span class='ocrx_word' id='word_1_103' title='bbox 284 824 396 852; x_wconf 77' lang='lat' dir='ltr'><strong>granum</strong></span> <span class='ocrx_word' id='word_1_104' title='bbox 416 818 443 845; x_wconf 92' lang='lat' dir='ltr'><strong>in</strong></span> <span class='ocrx_word' id='word_1_105' title='bbox 463 818 554 845; x_wconf 85' lang='lat' dir='ltr'><strong>varias</strong></span> <span class='ocrx_word' id='word_1_106' title='bbox 576 822 667 853; x_wconf 86' lang='lat' dir='ltr'><strong>partes</strong></span> <span class='ocrx_word' id='word_1_107' title='bbox 684 817 817 846; x_wconf 86' lang='lat' dir='ltr'><strong>formans.</strong></span> <span class='ocrx_word' id='word_1_108' title='bbox 835 817 977 845; x_wconf 87' lang='lat' dir='ltr'><strong>Calamum</strong></span> 
     </span>
    </p>
   </div>
   <div class='ocr_carea' id='block_1_19' title="bbox 192 861 978 897">
    <p class='ocr_par' dir='ltr' id='par_1_19' title="bbox 192 861 978 897">
     <span class='ocr_line' id='line_1_19' title="bbox 192 861 978 897; baseline 0.003 -10"><span class='ocrx_word' id='word_1_109' title='bbox 192 861 276 896; x_wconf 81' lang='lat' dir='ltr'><strong>spicis</strong></span> <span class='ocrx_word' id='word_1_110' title='bbox 295 861 341 888; x_wconf 90' lang='lat' dir='ltr'><strong>dat</strong></span> <span class='ocrx_word' id='word_1_111' title='bbox 367 869 417 896; x_wconf 91' lang='lat' dir='ltr'><strong>pro</strong></span> <span class='ocrx_word' id='word_1_112' title='bbox 438 862 560 894; x_wconf 86' lang='lat' dir='ltr'><strong>ossibus.</strong></span> <span class='ocrx_word' id='word_1_113' title='bbox 576 868 604 889; x_wconf 82' lang='lat' dir='ltr'><strong>et</strong></span> <span class='ocrx_word' id='word_1_114' title='bbox 617 866 726 889; x_wconf 89' lang='lat' dir='ltr'><strong>tenuem</strong></span> <span class='ocrx_word' id='word_1_115' title='bbox 743 869 795 897; x_wconf 87' lang='lat' dir='ltr'><strong>pro</strong></span> <span class='ocrx_word' id='word_1_116' title='bbox 812 861 883 897; x_wconf 88' lang='lat' dir='ltr'><strong>pelle</strong></span> <span class='ocrx_word' id='word_1_117' title='bbox 899 866 978 890; x_wconf 82' lang='lat' dir='ltr'><strong>exte-</strong></span> 
     </span>
    </p>
   </div>
   <div class='ocr_carea' id='block_1_20' title="bbox 191 907 978 941">
    <p class='ocr_par' dir='ltr' id='par_1_20' title="bbox 191 907 978 941">
     <span class='ocr_line' id='line_1_20' title="bbox 191 907 978 941; baseline 0.004 -8"><span class='ocrx_word' id='word_1_118' title='bbox 191 907 252 934; x_wconf 87' lang='lat' dir='ltr'><strong>rius</strong></span> <span class='ocrx_word' id='word_1_119' title='bbox 269 907 378 941; x_wconf 84' lang='lat' dir='ltr'><strong>adaptat</strong></span> <span class='ocrx_word' id='word_1_120' title='bbox 402 908 561 941; x_wconf 83' lang='lat' dir='ltr'><strong>tuniculam,</strong></span> <span class='ocrx_word' id='word_1_121' title='bbox 585 907 704 935; x_wconf 88' lang='lat' dir='ltr'><strong>radicem</strong></span> <span class='ocrx_word' id='word_1_122' title='bbox 726 907 841 936; x_wconf 85' lang='lat' dir='ltr'><strong>inferius</strong></span> <span class='ocrx_word' id='word_1_123' title='bbox 859 907 978 936; x_wconf 86' lang='lat' dir='ltr'><strong>vinculis</strong></span> 
     </span>
    </p>
   </div>
   <div class='ocr_carea' id='block_1_21' title="bbox 191 950 978 988">
    <p class='ocr_par' dir='ltr' id='par_1_21' title="bbox 191 950 978 988">
     <span class='ocr_line' id='line_1_21' title="bbox 191 950 978 988; baseline 0.005 -12"><span class='ocrx_word' id='word_1_124' title='bbox 191 950 355 985; x_wconf 76' lang='lat' dir='ltr'><strong>quibusdam</strong></span> <span class='ocrx_word' id='word_1_125' title='bbox 380 956 510 986; x_wconf 80' lang='lat' dir='ltr'><strong>tanquam</strong></span> <span class='ocrx_word' id='word_1_126' title='bbox 541 952 645 985; x_wconf 86' lang='lat' dir='ltr'><strong>nervis,</strong></span> <span class='ocrx_word' id='word_1_127' title='bbox 662 955 690 979; x_wconf 85' lang='lat' dir='ltr'><strong>et</strong></span> <span class='ocrx_word' id='word_1_128' title='bbox 715 952 793 979; x_wconf 80' lang='lat' dir='ltr'><strong>venis</strong></span> <span class='ocrx_word' id='word_1_129' title='bbox 815 952 911 988; x_wconf 77' lang='lat' dir='ltr'><strong>cingit,</strong></span> <span class='ocrx_word' id='word_1_130' title='bbox 928 960 978 988; x_wconf 87' lang='lat' dir='ltr'><strong>pro</strong></span> 
     </span>
    </p>
   </div>
   <div class='ocr_carea' id='block_1_22' title="bbox 191 998 976 1035">
    <p class='ocr_par' dir='ltr' id='par_1_22' title="bbox 191 998 976 1035">
     <span class='ocr_line' id='line_1_22' title="bbox 191 998 976 1035; baseline 0.003 -10"><span class='ocrx_word' id='word_1_131' title='bbox 191 998 328 1035; x_wconf 66' lang='lat' dir='ltr'><strong>[unguibus</strong></span> <span class='ocrx_word' id='word_1_132' title='bbox 342 998 433 1031; x_wconf 75' lang='lat' dir='ltr'><strong>granis</strong></span> <span class='ocrx_word' id='word_1_133' title='bbox 448 998 523 1025; x_wconf 85' lang='lat' dir='ltr'><strong>addit</strong></span> <span class='ocrx_word' id='word_1_134' title='bbox 537 998 637 1026; x_wconf 83' lang='lat' dir='ltr'><strong>aristas</strong></span> <span class='ocrx_word' id='word_1_135' title='bbox 652 999 871 1034; x_wconf 60' lang='lat' dir='ltr'><strong>spicarumque:</strong></span> <span class='ocrx_word' id='word_1_136' title='bbox 879 1005 976 1028; x_wconf 87' lang='lat' dir='ltr'><strong>contra</strong></span> 
     </span>
    </p>
   </div>
   <div class='ocr_carea' id='block_1_23' title="bbox 191 1042 976 1078">
    <p class='ocr_par' dir='ltr' id='par_1_23' title="bbox 191 1042 976 1078">
     <span class='ocr_line' id='line_1_23' title="bbox 191 1042 976 1078; baseline 0.003 -6"><span class='ocrx_word' id='word_1_137' title='bbox 191 1045 314 1072; x_wconf 72' lang='lat' dir='ltr'><strong>volucres</strong></span> <span class='ocrx_word' id='word_1_138' title='bbox 336 1049 449 1073; x_wconf 80' lang='lat' dir='ltr'><strong>certent.</strong></span> <span class='ocrx_word' id='word_1_139' title='bbox 477 1042 621 1078; x_wconf 81' lang='lat' dir='ltr'><strong>Quomodo</strong></span> <span class='ocrx_word' id='word_1_140' title='bbox 647 1044 705 1072; x_wconf 65' lang='lat' dir='ltr'><strong>haac</strong></span> <span class='ocrx_word' id='word_1_141' title='bbox 736 1045 828 1073; x_wconf 85' lang='lat' dir='ltr'><strong>omnia</strong></span> <span class='ocrx_word' id='word_1_142' title='bbox 856 1053 890 1073; x_wconf 77' lang='lat' dir='ltr'><strong>ex</strong></span> <span class='ocrx_word' id='word_1_143' title='bbox 920 1053 976 1074; x_wconf 92' lang='lat' dir='ltr'><strong>uno</strong></span> 
     </span>
    </p>
   </div>
   <div class='ocr_carea' id='block_1_24' title="bbox 190 1090 975 1126">
    <p class='ocr_par' dir='ltr' id='par_1_24' title="bbox 190 1090 975 1126">
     <span class='ocr_line' id='line_1_24' title="bbox 190 1090 975 1126; baseline 0.003 -9"><span class='ocrx_word' id='word_1_144' title='bbox 190 1098 276 1125; x_wconf 76' lang='lat' dir='ltr'><strong>grano</strong></span> <span class='ocrx_word' id='word_1_145' title='bbox 286 1095 414 1126; x_wconf 89' lang='lat' dir='ltr'><strong>corrupto</strong></span> <span class='ocrx_word' id='word_1_146' title='bbox 423 1091 571 1119; x_wconf 91' lang='lat' dir='ltr'><strong>oriuntur?</strong></span> <span class='ocrx_word' id='word_1_147' title='bbox 582 1090 638 1119; x_wconf 82' lang='lat' dir='ltr'><strong>Hoc</strong></span> <span class='ocrx_word' id='word_1_148' title='bbox 656 1098 722 1119; x_wconf 75' lang='lat' dir='ltr'><strong>vero</strong></span> <span class='ocrx_word' id='word_1_149' title='bbox 732 1096 776 1119; x_wconf 82' lang='lat' dir='ltr'><strong>est</strong></span> <span class='ocrx_word' id='word_1_150' title='bbox 790 1091 876 1119; x_wconf 92' lang='lat' dir='ltr'><strong>multo</strong></span> <span class='ocrx_word' id='word_1_151' title='bbox 889 1092 975 1119; x_wconf 90' lang='lat' dir='ltr'><strong>mira-</strong></span> 
     </span>
    </p>
   </div>
   <div class='ocr_carea' id='block_1_25' title="bbox 190 1137 976 1173">
    <p class='ocr_par' dir='ltr' id='par_1_25' title="bbox 190 1137 976 1173">
     <span class='ocr_line' id='line_1_25' title="bbox 190 1137 976 1173; baseline 0.004 -10"><span class='ocrx_word' id='word_1_152' title='bbox 190 1137 272 1164; x_wconf 88' lang='lat' dir='ltr'><strong>bilius</strong></span> <span class='ocrx_word' id='word_1_153' title='bbox 298 1137 508 1165; x_wconf 88' lang='lat' dir='ltr'><strong>resurrectioue.</strong></span> <span class='ocrx_word' id='word_1_154' title='bbox 530 1137 597 1164; x_wconf 86' lang='lat' dir='ltr'><strong>Nam</strong></span> <span class='ocrx_word' id='word_1_155' title='bbox 630 1142 693 1165; x_wconf 91' lang='lat' dir='ltr'><strong>tunc</strong></span> <span class='ocrx_word' id='word_1_156' title='bbox 717 1138 829 1173; x_wconf 87' lang='lat' dir='ltr'><strong>quidem</strong></span> <span class='ocrx_word' id='word_1_157' title='bbox 852 1143 976 1166; x_wconf 85' lang='lat' dir='ltr'><strong>mortuos</strong></span> 
     </span>
    </p>
   </div>
   <div class='ocr_carea' id='block_1_26' title="bbox 190 1183 977 1219">
    <p class='ocr_par' dir='ltr' id='par_1_26' title="bbox 190 1183 977 1219">
     <span class='ocr_line' id='line_1_26' title="bbox 190 1183 977 1219; baseline 0.001 -9"><span class='ocrx_word' id='word_1_158' title='bbox 190 1189 260 1217; x_wconf 86' lang='lat' dir='ltr'><strong>quos</strong></span> <span class='ocrx_word' id='word_1_159' title='bbox 275 1187 373 1210; x_wconf 87' lang='lat' dir='ltr'><strong>natura</strong></span> <span class='ocrx_word' id='word_1_160' title='bbox 390 1184 505 1218; x_wconf 81' lang='lat' dir='ltr'><strong>accepit,</strong></span> <span class='ocrx_word' id='word_1_161' title='bbox 520 1183 609 1211; x_wconf 86' lang='lat' dir='ltr'><strong>reddit</strong></span> <span class='ocrx_word' id='word_1_162' title='bbox 623 1192 630 1211; x_wconf 92' lang='lat'>:</span> <span class='ocrx_word' id='word_1_163' title='bbox 647 1192 719 1211; x_wconf 89' lang='lat' dir='ltr'><strong>nunc</strong></span> <span class='ocrx_word' id='word_1_164' title='bbox 732 1191 795 1211; x_wconf 82' lang='lat' dir='ltr'><strong>vero</strong></span> <span class='ocrx_word' id='word_1_165' title='bbox 813 1183 899 1211; x_wconf 86' lang='lat' dir='ltr'><strong>multa</strong></span> <span class='ocrx_word' id='word_1_166' title='bbox 926 1191 977 1219; x_wconf 87' lang='lat' dir='ltr'><strong>pro</strong></span> 
     </span>
    </p>
   </div>
   <div class='ocr_carea' id='block_1_27' title="bbox 190 1229 976 1266">
    <p class='ocr_par' dir='ltr' id='par_1_27' title="bbox 190 1229 976 1266">
     <span class='ocr_line' id='line_1_27' title="bbox 190 1229 976 1266; baseline 0.004 -11"><span class='ocrx_word' id='word_1_167' title='bbox 190 1236 246 1256; x_wconf 88' lang='lat' dir='ltr'><strong>uno</strong></span> <span class='ocrx_word' id='word_1_168' title='bbox 271 1233 383 1257; x_wconf 89' lang='lat' dir='ltr'><strong>mortuo</strong></span> <span class='ocrx_word' id='word_1_169' title='bbox 406 1229 438 1257; x_wconf 91' lang='lat' dir='ltr'><strong>ad</strong></span> <span class='ocrx_word' id='word_1_170' title='bbox 456 1231 692 1265; x_wconf 73' lang='lat' dir='ltr'><strong>regenerationem</strong></span> <span class='ocrx_word' id='word_1_171' title='bbox 713 1238 797 1266; x_wconf 78' lang='lat' dir='ltr'><strong>grana</strong></span> <span class='ocrx_word' id='word_1_172' title='bbox 824 1230 940 1266; x_wconf 84' lang='lat' dir='ltr'><strong>profert.</strong></span> <span class='ocrx_word' id='word_1_173' title='bbox 954 1230 976 1258; x_wconf 94' lang='lat'><strong>0</strong></span> 
     </span>
    </p>
   </div>
   <div class='ocr_carea' id='block_1_28' title="bbox 189 1275 975 1311">
    <p class='ocr_par' dir='ltr' id='par_1_28' title="bbox 189 1275 975 1311">
     <span class='ocr_line' id='line_1_28' title="bbox 189 1275 975 1311; baseline 0.003 -9"><span class='ocrx_word' id='word_1_174' title='bbox 189 1275 354 1303; x_wconf 86' lang='lat' dir='ltr'><strong>dementiam</strong></span> <span class='ocrx_word' id='word_1_175' title='bbox 378 1276 499 1311; x_wconf 79' lang='lat' dir='ltr'><strong>gentium</strong></span> <span class='ocrx_word' id='word_1_176' title='bbox 525 1277 703 1304; x_wconf 88' lang='lat' dir='ltr'><strong>incurabilem</strong></span> <span class='ocrx_word' id='word_1_177' title='bbox 727 1276 851 1304; x_wconf 91' lang='lat' dir='ltr'><strong>:Vident</strong></span> <span class='ocrx_word' id='word_1_178' title='bbox 873 1281 975 1304; x_wconf 87' lang='lat' dir='ltr'><strong>terram</strong></span> 
     </span>
    </p>
   </div>
   <div class='ocr_carea' id='block_1_29' title="bbox 189 1319 975 1359">
    <p class='ocr_par' dir='ltr' id='par_1_29' title="bbox 189 1319 975 1359">
     <span class='ocr_line' id='line_1_29' title="bbox 189 1319 975 1359; baseline 0.004 -11"><span class='ocrx_word' id='word_1_179' title='bbox 189 1322 341 1349; x_wconf 86' lang='lat' dir='ltr'><strong>tradentem</strong></span> <span class='ocrx_word' id='word_1_180' title='bbox 368 1322 504 1358; x_wconf 77' lang='lat' dir='ltr'><strong>agricolae,</strong></span> <span class='ocrx_word' id='word_1_181' title='bbox 530 1331 590 1359; x_wconf 78' lang='lat' dir='ltr'><strong>quae</strong></span> <span class='ocrx_word' id='word_1_182' title='bbox 620 1331 672 1351; x_wconf 91' lang='lat' dir='ltr'><strong>non</strong></span> <span class='ocrx_word' id='word_1_183' title='bbox 699 1319 826 1359; x_wconf 47' lang='lat' dir='ltr'><strong>accepiti</strong></span> <span class='ocrx_word' id='word_1_184' title='bbox 851 1323 975 1351; x_wconf 82' lang='lat' dir='ltr'><strong>Creatori</strong></span> 
     </span>
    </p>
   </div>
   <div class='ocr_carea' id='block_1_30' title="bbox 189 1369 973 1405">
    <p class='ocr_par' dir='ltr' id='par_1_30' title="bbox 189 1369 973 1405">
     <span class='ocr_line' id='line_1_30' title="bbox 189 1369 973 1405; baseline 0.005 -11"><span class='ocrx_word' id='word_1_185' title='bbox 189 1375 253 1396; x_wconf 83' lang='lat' dir='ltr'><strong>vero</strong></span> <span class='ocrx_word' id='word_1_186' title='bbox 269 1369 435 1397; x_wconf 87' lang='lat' dir='ltr'><strong>reddituram</strong></span> <span class='ocrx_word' id='word_1_187' title='bbox 446 1389 454 1402; x_wconf 89' lang='lat'><strong>,</strong></span> <span class='ocrx_word' id='word_1_188' title='bbox 467 1377 537 1405; x_wconf 87' lang='lat' dir='ltr'><strong>quos</strong></span> <span class='ocrx_word' id='word_1_189' title='bbox 553 1370 592 1397; x_wconf 90' lang='lat' dir='ltr'><strong>illi</strong></span> <span class='ocrx_word' id='word_1_190' title='bbox 611 1370 688 1405; x_wconf 88' lang='lat' dir='ltr'><strong>prius</strong></span> <span class='ocrx_word' id='word_1_191' title='bbox 705 1375 828 1398; x_wconf 90' lang='lat' dir='ltr'><strong>mortuos</strong></span> <span class='ocrx_word' id='word_1_192' title='bbox 847 1370 973 1403; x_wconf 87' lang='lat' dir='ltr'><strong>credidit,</strong></span> 
     </span>
    </p>
   </div>
   <div class='ocr_carea' id='block_1_31' title="bbox 188 1414 976 1450">
    <p class='ocr_par' dir='ltr' id='par_1_31' title="bbox 188 1414 976 1450">
     <span class='ocr_line' id='line_1_31' title="bbox 188 1414 976 1450; baseline 0.003 -9"><span class='ocrx_word' id='word_1_193' title='bbox 188 1421 298 1448; x_wconf 78' lang='lat' dir='ltr'><strong>sperare</strong></span> <span class='ocrx_word' id='word_1_194' title='bbox 318 1414 424 1443; x_wconf 90' lang='lat' dir='ltr'><strong>nolunt.</strong></span> <span class='ocrx_word' id='word_1_195' title='bbox 447 1415 510 1443; x_wconf 86' lang='lat' dir='ltr'><strong>Ideo</strong></span> <span class='ocrx_word' id='word_1_196' title='bbox 526 1419 552 1442; x_wconf 88' lang='lat' dir='ltr'><strong>et</strong></span> <span class='ocrx_word' id='word_1_197' title='bbox 574 1414 676 1443; x_wconf 89' lang='lat' dir='ltr'><strong>Paulus</strong></span> <span class='ocrx_word' id='word_1_198' title='bbox 696 1416 831 1443; x_wconf 87' lang='lat' dir='ltr'><strong>seminum</strong></span> <span class='ocrx_word' id='word_1_199' title='bbox 851 1415 976 1450; x_wconf 82' lang='lat' dir='ltr'><strong>exemplo</strong></span> 
     </span>
    </p>
   </div>
   <div class='ocr_carea' id='block_1_32' title="bbox 188 1460 975 1496">
    <p class='ocr_par' dir='ltr' id='par_1_32' title="bbox 188 1460 975 1496">
     <span class='ocr_line' id='line_1_32' title="bbox 188 1460 975 1496; baseline 0.004 -10"><span class='ocrx_word' id='word_1_200' title='bbox 188 1460 302 1487; x_wconf 67' lang='lat' dir='ltr'><strong>utitura.</strong></span> <span class='ocrx_word' id='word_1_201' title='bbox 326 1460 487 1496; x_wconf 76' lang='lat' dir='ltr'><strong>Quanquam</strong></span> <span class='ocrx_word' id='word_1_202' title='bbox 507 1461 609 1489; x_wconf 88' lang='lat' dir='ltr'><strong>clarius</strong></span> <span class='ocrx_word' id='word_1_203' title='bbox 635 1460 734 1489; x_wconf 82' lang='lat' dir='ltr'><strong>habeat</strong></span> <span class='ocrx_word' id='word_1_204' title='bbox 759 1461 915 1496; x_wconf 79' lang='lat' dir='ltr'><strong>exemplum</strong></span> <span class='ocrx_word' id='word_1_205' title='bbox 939 1462 975 1490; x_wconf 86' lang='lat' dir='ltr'><strong>de</strong></span> 
     </span>
    </p>
   </div>
   <div class='ocr_carea' id='block_1_33' title="bbox 188 1502 974 1540">
    <p class='ocr_par' dir='ltr' id='par_1_33' title="bbox 188 1502 974 1540">
     <span class='ocr_line' id='line_1_33' title="bbox 188 1502 974 1540; baseline 0.004 -10"><span class='ocrx_word' id='word_1_206' title='bbox 188 1502 339 1532; x_wconf 83' lang='lat' dir='ltr'><strong>infantibus</strong></span> <span class='ocrx_word' id='word_1_207' title='bbox 354 1512 369 1532; x_wconf 88' lang='lat' dir='ltr'><strong>e</strong></span> <span class='ocrx_word' id='word_1_208' title='bbox 385 1505 465 1532; x_wconf 87' lang='lat' dir='ltr'><strong>vulva</strong></span> <span class='ocrx_word' id='word_1_209' title='bbox 480 1505 577 1532; x_wconf 85' lang='lat' dir='ltr'><strong>matris</strong></span> <span class='ocrx_word' id='word_1_210' title='bbox 599 1505 809 1540; x_wconf 88' lang='lat' dir='ltr'><strong>prodeuntibus.</strong></span> <span class='ocrx_word' id='word_1_211' title='bbox 826 1504 974 1534; x_wconf 86' lang='lat' dir='ltr'><strong>Formatur</strong></span> 
     </span>
    </p>
   </div>
   <div class='ocr_carea' id='block_1_34' title="bbox 1032 262 1820 300">
    <p class='ocr_par' dir='ltr' id='par_1_34' title="bbox 1032 262 1820 300">
     <span class='ocr_line' id='line_1_34' title="bbox 1032 262 1820 300; baseline -0.004 -9"><span class='ocrx_word' id='word_1_212' title='bbox 1032 265 1171 300; x_wconf 84' lang='grc' dir='ltr'>μνήματα,</span> <span class='ocrx_word' id='word_1_213' title='bbox 1199 263 1247 290; x_wconf 82' lang='grc' dir='ltr'>καὶ</span> <span class='ocrx_word' id='word_1_214' title='bbox 1275 264 1357 298; x_wconf 80' lang='grc' dir='ltr'>σήπει</span> <span class='ocrx_word' id='word_1_215' title='bbox 1378 263 1425 289; x_wconf 86' lang='grc' dir='ltr'><strong>τδν</strong></span> <span class='ocrx_word' id='word_1_216' title='bbox 1448 262 1549 289; x_wconf 80' lang='grc' dir='ltr'><strong>κόκκον</strong></span> <span class='ocrx_word' id='word_1_217' title='bbox 1571 262 1638 300; x_wconf 50' lang='lat' dir='ltr'><strong>ego</strong></span> <span class='ocrx_word' id='word_1_218' title='bbox 1651 263 1672 278; x_wconf 82' lang='lat'>“</span> <span class='ocrx_word' id='word_1_219' title='bbox 1689 262 1775 298; x_wconf 80' lang='grc' dir='ltr'>τάφος</span> <span class='ocrx_word' id='word_1_220' title='bbox 1790 263 1820 289; x_wconf 81' lang='grc' dir='ltr'>τὸ</span> 
     </span>
    </p>
   </div>
   <div class='ocr_carea' id='block_1_35' title="bbox 1030 298 1818 346">
    <p class='ocr_par' dir='ltr' id='par_1_35' title="bbox 1030 298 1818 346">
     <span class='ocr_line' id='line_1_35' title="bbox 1030 298 1818 346; baseline -0.004 -8"><span class='ocrx_word' id='word_1_221' title='bbox 1030 298 1121 346; x_wconf 79' lang='grc' dir='ltr'>σῶμα,</span> <span class='ocrx_word' id='word_1_222' title='bbox 1138 310 1186 337; x_wconf 78' lang='grc' dir='ltr'>καὶ</span> <span class='ocrx_word' id='word_1_223' title='bbox 1205 309 1340 344; x_wconf 79' lang='grc' dir='ltr'><strong>δεξαμένη</strong></span> <span class='ocrx_word' id='word_1_224' title='bbox 1359 308 1448 340; x_wconf 76' lang='grc' dir='ltr'>ζῶντα</span> <span class='ocrx_word' id='word_1_225' title='bbox 1465 298 1643 344; x_wconf 62' lang='grc' dir='ltr'>καταφθείρέι</span> <span class='ocrx_word' id='word_1_226' title='bbox 1663 309 1818 345; x_wconf 87' lang='grc' dir='ltr'>νεκρότητι,</span> 
     </span>
    </p>
   </div>
   <div class='ocr_carea' id='block_1_36' title="bbox 1031 353 1820 392">
    <p class='ocr_par' dir='ltr' id='par_1_36' title="bbox 1031 353 1820 392">
     <span class='ocr_line' id='line_1_36' title="bbox 1031 353 1820 392; baseline -0.004 -8"><span class='ocrx_word' id='word_1_227' title='bbox 1031 357 1117 392; x_wconf 82' lang='grc' dir='ltr'>μέσην</span> <span class='ocrx_word' id='word_1_228' title='bbox 1127 355 1190 392; x_wconf 80' lang='grc'><strong>[836</strong></span> <span class='ocrx_word' id='word_1_229' title='bbox 1201 355 1247 391; x_wconf 74' lang='lat' dir='ltr'><strong>IL]</strong></span> <span class='ocrx_word' id='word_1_230' title='bbox 1254 364 1284 381; x_wconf 90' lang='grc' dir='ltr'><strong>τε</strong></span> <span class='ocrx_word' id='word_1_231' title='bbox 1294 355 1316 370; x_wconf 88' lang='grc'><strong>¹¹</strong></span> <span class='ocrx_word' id='word_1_232' title='bbox 1329 353 1422 388; x_wconf 83' lang='grc' dir='ltr'>σαφῶς</span> <span class='ocrx_word' id='word_1_233' title='bbox 1431 355 1481 389; x_wconf 83' lang='grc' dir='ltr'>τὴν</span> <span class='ocrx_word' id='word_1_234' title='bbox 1494 353 1541 381; x_wconf 80' lang='grc' dir='ltr'><strong>τοῦ</strong></span> <span class='ocrx_word' id='word_1_235' title='bbox 1556 355 1656 381; x_wconf 87' lang='grc' dir='ltr'>κόκκου</span> <span class='ocrx_word' id='word_1_236' title='bbox 1665 354 1820 390; x_wconf 83' lang='grc' dir='ltr'>διασήψασα</span> 
     </span>
    </p>
   </div>
   <div class='ocr_carea' id='block_1_37' title="bbox 1029 400 1819 437">
    <p class='ocr_par' dir='ltr' id='par_1_37' title="bbox 1029 400 1819 437">
     <span class='ocr_line' id='line_1_37' title="bbox 1029 400 1819 437; baseline -0.001 -8"><span class='ocrx_word' id='word_1_237' title='bbox 1029 402 1144 437; x_wconf 82' lang='grc' dir='ltr'>καρδίαν</span> <span class='ocrx_word' id='word_1_238' title='bbox 1159 402 1295 437; x_wconf 82' lang='grc' dir='ltr'>ἄχρηστον</span> <span class='ocrx_word' id='word_1_239' title='bbox 1307 401 1354 428; x_wconf 71' lang='grc' dir='ltr'>καὶ</span> <span class='ocrx_word' id='word_1_240' title='bbox 1371 400 1510 436; x_wconf 77' lang='grc' dir='ltr'><strong>μύρμηξιν</strong></span> <span class='ocrx_word' id='word_1_241' title='bbox 1526 401 1567 432; x_wconf 86' lang='grc' dir='ltr'><strong>είς</strong></span> <span class='ocrx_word' id='word_1_242' title='bbox 1579 401 1683 436; x_wconf 79' lang='grc' dir='ltr'>τροφὴν</span> <span class='ocrx_word' id='word_1_243' title='bbox 1695 401 1819 436; x_wconf 73' lang='grc' dir='ltr'>ἀπεργά-</span> 
     </span>
    </p>
   </div>
   <div class='ocr_carea' id='block_1_38' title="bbox 1029 445 1819 484">
    <p class='ocr_par' dir='ltr' id='par_1_38' title="bbox 1029 445 1819 484">
     <span class='ocr_line' id='line_1_38' title="bbox 1029 445 1819 484; baseline -0.001 -10"><span class='ocrx_word' id='word_1_244' title='bbox 1029 449 1116 480; x_wconf 81' lang='grc' dir='ltr'>ζεται.</span> <span class='ocrx_word' id='word_1_245' title='bbox 1129 448 1235 484; x_wconf 82' lang='grc' dir='ltr'>Ὥσπερ</span> <span class='ocrx_word' id='word_1_246' title='bbox 1254 447 1283 474; x_wconf 86' lang='grc' dir='ltr'><strong>δέ</strong></span> <span class='ocrx_word' id='word_1_247' title='bbox 1298 455 1360 474; x_wconf 87' lang='grc' dir='ltr'>τινα</span> <span class='ocrx_word' id='word_1_248' title='bbox 1382 446 1512 481; x_wconf 82' lang='grc' dir='ltr'>σύλληψιν</span> <span class='ocrx_word' id='word_1_249' title='bbox 1533 446 1583 482; x_wconf 86' lang='grc' dir='ltr'>τὴν</span> <span class='ocrx_word' id='word_1_250' title='bbox 1598 445 1702 481; x_wconf 85' lang='grc' dir='ltr'>φθοράν</span> <span class='ocrx_word' id='word_1_251' title='bbox 1718 455 1819 481; x_wconf 81' lang='grc' dir='ltr'>κτησα-</span> 
     </span>
    </p>
   </div>
   <div class='ocr_carea' id='block_1_39' title="bbox 1031 491 1820 529">
    <p class='ocr_par' dir='ltr' id='par_1_39' title="bbox 1031 491 1820 529">
     <span class='ocr_line' id='line_1_39' title="bbox 1031 491 1820 529; baseline -0.003 -9"><span class='ocrx_word' id='word_1_252' title='bbox 1031 493 1110 529; x_wconf 82' lang='grc' dir='ltr'>μένη,</span> <span class='ocrx_word' id='word_1_253' title='bbox 1124 494 1255 529; x_wconf 82' lang='grc' dir='ltr'>κυοφορεῖ</span> <span class='ocrx_word' id='word_1_254' title='bbox 1269 492 1447 528; x_wconf 86' lang='grc' dir='ltr'>νεκρωθέντα·</span> <span class='ocrx_word' id='word_1_255' title='bbox 1463 493 1497 527; x_wconf 85' lang='grc' dir='ltr'><strong>τῇ</strong></span> <span class='ocrx_word' id='word_1_256' title='bbox 1519 492 1599 527; x_wconf 86' lang='grc' dir='ltr'>σήψει</span> <span class='ocrx_word' id='word_1_257' title='bbox 1624 491 1678 518; x_wconf 84' lang='grc' dir='ltr'>τῶν</span> <span class='ocrx_word' id='word_1_258' title='bbox 1695 493 1820 528; x_wconf 81' lang='grc' dir='ltr'>σπερμά-</span> 
     </span>
    </p>
   </div>
   <div class='ocr_carea' id='block_1_40' title="bbox 1029 536 1819 574">
    <p class='ocr_par' dir='ltr' id='par_1_40' title="bbox 1029 536 1819 574">
     <span class='ocr_line' id='line_1_40' title="bbox 1029 536 1819 574; baseline -0.003 -9"><span class='ocrx_word' id='word_1_259' title='bbox 1029 547 1083 566; x_wconf 85' lang='grc' dir='ltr'><strong>των</strong></span> <span class='ocrx_word' id='word_1_260' title='bbox 1095 538 1130 565; x_wconf 69' lang='grc' dir='ltr'><strong>τὰ</strong></span> <span class='ocrx_word' id='word_1_261' title='bbox 1141 538 1248 574; x_wconf 78' lang='grc' dir='ltr'>ἐμὸρυα</span> <span class='ocrx_word' id='word_1_262' title='bbox 1259 546 1266 553; x_wconf 79' lang='grc'><strong><em>⁸</em></strong></span> <span class='ocrx_word' id='word_1_263' title='bbox 1279 538 1326 566; x_wconf 75' lang='grc' dir='ltr'>καὶ</span> <span class='ocrx_word' id='word_1_264' title='bbox 1337 537 1441 572; x_wconf 83' lang='grc' dir='ltr'>γίνεται</span> <span class='ocrx_word' id='word_1_265' title='bbox 1456 538 1547 572; x_wconf 80' lang='grc' dir='ltr'><strong>μήτηρ</strong></span> <span class='ocrx_word' id='word_1_266' title='bbox 1558 536 1632 572; x_wconf 78' lang='grc' dir='ltr'>ζωῆς</span> <span class='ocrx_word' id='word_1_267' title='bbox 1641 537 1697 568; x_wconf 75' lang='grc' dir='ltr'>τοῖς</span> <span class='ocrx_word' id='word_1_268' title='bbox 1709 537 1819 568; x_wconf 82' lang='grc' dir='ltr'>κόκκοις</span> 
     </span>
    </p>
   </div>
   <div class='ocr_carea' id='block_1_41' title="bbox 1030 581 1817 619">
    <p class='ocr_par' dir='ltr' id='par_1_41' title="bbox 1030 581 1817 619">
     <span class='ocr_line' id='line_1_41' title="bbox 1030 581 1817 619; baseline -0.003 -9"><span class='ocrx_word' id='word_1_269' title='bbox 1030 584 1046 618; x_wconf 84' lang='grc' dir='ltr'><strong>ἡ</strong></span> <span class='ocrx_word' id='word_1_270' title='bbox 1064 584 1206 619; x_wconf 78' lang='grc' dir='ltr'>νέκρωσις,</span> <span class='ocrx_word' id='word_1_271' title='bbox 1222 583 1270 610; x_wconf 79' lang='grc' dir='ltr'>καὶ</span> <span class='ocrx_word' id='word_1_272' title='bbox 1287 583 1400 614; x_wconf 82' lang='grc' dir='ltr'>θάνατος</span> <span class='ocrx_word' id='word_1_273' title='bbox 1415 582 1495 609; x_wconf 81' lang='grc' dir='ltr'>τόκου</span> <span class='ocrx_word' id='word_1_274' title='bbox 1510 582 1602 617; x_wconf 80' lang='grc' dir='ltr'>πατὴρ</span> <span class='ocrx_word' id='word_1_275' title='bbox 1617 581 1817 609; x_wconf 81' lang='grc' dir='ltr'><strong>ἀναδείκνυται.</strong></span> 
     </span>
    </p>
   </div>
   <div class='ocr_carea' id='block_1_42' title="bbox 1028 626 1818 665">
    <p class='ocr_par' dir='ltr' id='par_1_42' title="bbox 1028 626 1818 665">
     <span class='ocr_line' id='line_1_42' title="bbox 1028 626 1818 665; baseline -0.004 -8"><span class='ocrx_word' id='word_1_276' title='bbox 1028 630 1129 661; x_wconf 61' lang='grc' dir='ltr'>Καινᾱς</span> <span class='ocrx_word' id='word_1_277' title='bbox 1143 626 1220 662; x_wconf 72' lang='grc' dir='ltr'>οὗτος</span> <span class='ocrx_word' id='word_1_278' title='bbox 1229 631 1262 665; x_wconf 88' lang='grc' dir='ltr'><strong>τῇ</strong></span> <span class='ocrx_word' id='word_1_279' title='bbox 1275 630 1310 665; x_wconf 83' lang='grc' dir='ltr'><strong>γῇ</strong></span> <span class='ocrx_word' id='word_1_280' title='bbox 1321 629 1376 656; x_wconf 84' lang='grc' dir='ltr'><strong>τῶν</strong></span> <span class='ocrx_word' id='word_1_281' title='bbox 1387 629 1489 655; x_wconf 79' lang='grc' dir='ltr'>ὠδίνων</span> <span class='ocrx_word' id='word_1_282' title='bbox 1498 629 1513 655; x_wconf 86' lang='grc' dir='ltr'><strong>ό</strong></span> <span class='ocrx_word' id='word_1_283' title='bbox 1524 628 1606 663; x_wconf 86' lang='grc' dir='ltr'>νόμος</span> <span class='ocrx_word' id='word_1_284' title='bbox 1615 637 1622 644; x_wconf 93' lang='grc'><strong>·</strong></span> <span class='ocrx_word' id='word_1_285' title='bbox 1639 628 1673 655; x_wconf 77' lang='grc' dir='ltr'>ἂν</span> <span class='ocrx_word' id='word_1_286' title='bbox 1687 629 1724 664; x_wconf 81' lang='grc' dir='ltr'>μὴ</span> <span class='ocrx_word' id='word_1_287' title='bbox 1739 629 1818 663; x_wconf 82' lang='grc' dir='ltr'>γένη-</span> 
     </span>
    </p>
   </div>
   <div class='ocr_carea' id='block_1_43' title="bbox 1028 674 1816 711">
    <p class='ocr_par' dir='ltr' id='par_1_43' title="bbox 1028 674 1816 711">
     <span class='ocr_line' id='line_1_43' title="bbox 1028 674 1816 711; baseline -0.001 -9"><span class='ocrx_word' id='word_1_288' title='bbox 1028 685 1072 702; x_wconf 90' lang='grc' dir='ltr'><strong>ται</strong></span> <span class='ocrx_word' id='word_1_289' title='bbox 1088 676 1184 711; x_wconf 78' lang='grc' dir='ltr'>νεκρὸν</span> <span class='ocrx_word' id='word_1_290' title='bbox 1197 676 1228 702; x_wconf 86' lang='grc' dir='ltr'><strong>τδ</strong></span> <span class='ocrx_word' id='word_1_291' title='bbox 1245 675 1354 711; x_wconf 83' lang='grc' dir='ltr'>βρέφος,</span> <span class='ocrx_word' id='word_1_292' title='bbox 1366 676 1396 702; x_wconf 85' lang='grc' dir='ltr'><strong>ού</strong></span> <span class='ocrx_word' id='word_1_293' title='bbox 1414 675 1578 702; x_wconf 81' lang='grc' dir='ltr'><strong>πλάττεται·</strong></span> <span class='ocrx_word' id='word_1_294' title='bbox 1593 675 1626 702; x_wconf 82' lang='grc' dir='ltr'>ἂν</span> <span class='ocrx_word' id='word_1_295' title='bbox 1640 674 1684 710; x_wconf 81' lang='grc' dir='ltr'><strong>ζῇ,</strong></span> <span class='ocrx_word' id='word_1_296' title='bbox 1701 675 1732 702; x_wconf 79' lang='grc' dir='ltr'>οὐ</span> <span class='ocrx_word' id='word_1_297' title='bbox 1750 683 1816 710; x_wconf 89' lang='grc' dir='ltr'>μορ-</span> 
     </span>
    </p>
   </div>
   <div class='ocr_carea' id='block_1_44' title="bbox 1029 721 1818 758">
    <p class='ocr_par' dir='ltr' id='par_1_44' title="bbox 1029 721 1818 758">
     <span class='ocr_line' id='line_1_44' title="bbox 1029 721 1818 758; baseline -0.001 -10"><span class='ocrx_word' id='word_1_298' title='bbox 1029 721 1136 756; x_wconf 85' lang='grc' dir='ltr'>φοῦται.</span> <span class='ocrx_word' id='word_1_299' title='bbox 1151 721 1245 758; x_wconf 80' lang='grc' dir='ltr'><strong>Ταύτῃ</strong></span> <span class='ocrx_word' id='word_1_300' title='bbox 1259 721 1314 756; x_wconf 77' lang='grc' dir='ltr'>ἄρα</span> <span class='ocrx_word' id='word_1_301' title='bbox 1329 722 1377 749; x_wconf 73' lang='grc' dir='ltr'>καὶ</span> <span class='ocrx_word' id='word_1_302' title='bbox 1394 721 1539 756; x_wconf 83' lang='grc' dir='ltr'><strong>μύρμηκες</strong></span> <span class='ocrx_word' id='word_1_303' title='bbox 1552 722 1740 755; x_wconf 80' lang='grc' dir='ltr'><strong>τετμημένους</strong></span> <span class='ocrx_word' id='word_1_304' title='bbox 1754 721 1818 752; x_wconf 81' lang='grc' dir='ltr'>τοὺς</span> 
     </span>
    </p>
   </div>
   <div class='ocr_carea' id='block_1_45' title="bbox 1028 767 1818 804">
    <p class='ocr_par' dir='ltr' id='par_1_45' title="bbox 1028 767 1818 804">
     <span class='ocr_line' id='line_1_45' title="bbox 1028 767 1818 804; baseline -0.001 -9"><span class='ocrx_word' id='word_1_305' title='bbox 1028 768 1146 800; x_wconf 83' lang='grc' dir='ltr'>κόκκους</span> <span class='ocrx_word' id='word_1_306' title='bbox 1158 769 1198 800; x_wconf 84' lang='grc' dir='ltr'><strong>είς</strong></span> <span class='ocrx_word' id='word_1_307' title='bbox 1209 769 1262 804; x_wconf 86' lang='grc' dir='ltr'><strong>γῆν</strong></span> <span class='ocrx_word' id='word_1_308' title='bbox 1273 768 1457 801; x_wconf 76' lang='grc' dir='ltr'>ἀποτίθενται,</span> <span class='ocrx_word' id='word_1_309' title='bbox 1469 769 1502 803; x_wconf 84' lang='grc' dir='ltr'><strong>τῇ</strong></span> <span class='ocrx_word' id='word_1_310' title='bbox 1514 768 1584 802; x_wconf 83' lang='grc' dir='ltr'>τομῇ</span> <span class='ocrx_word' id='word_1_311' title='bbox 1595 767 1645 802; x_wconf 82' lang='grc' dir='ltr'>τὴν</span> <span class='ocrx_word' id='word_1_312' title='bbox 1654 767 1708 795; x_wconf 77' lang='grc' dir='ltr'><strong>άπὸ</strong></span> <span class='ocrx_word' id='word_1_313' title='bbox 1717 767 1766 802; x_wconf 90' lang='grc' dir='ltr'>τῆς</span> <span class='ocrx_word' id='word_1_314' title='bbox 1777 775 1818 794; x_wconf 84' lang='grc' dir='ltr'>νε-</span> 
     </span>
    </p>
   </div>
   <div class='ocr_carea' id='block_1_46' title="bbox 1028 813 1818 851">
    <p class='ocr_par' dir='ltr' id='par_1_46' title="bbox 1028 813 1818 851">
     <span class='ocr_line' id='line_1_46' title="bbox 1028 813 1818 851; baseline -0.001 -10"><span class='ocrx_word' id='word_1_315' title='bbox 1028 814 1157 850; x_wconf 86' lang='grc' dir='ltr'>κρώσεως</span> <span class='ocrx_word' id='word_1_316' title='bbox 1166 814 1313 851; x_wconf 76' lang='grc' dir='ltr'>βλάστησιν</span> <span class='ocrx_word' id='word_1_317' title='bbox 1319 814 1479 846; x_wconf 59' lang='grc' dir='ltr'>κωλύοντες</span> <span class='ocrx_word' id='word_1_318' title='bbox 1488 814 1541 840; x_wconf 73' lang='grc' dir='ltr'>ἔδει</span> <span class='ocrx_word' id='word_1_319' title='bbox 1548 813 1602 849; x_wconf 78' lang='grc' dir='ltr'><strong>γὰρ</strong></span> <span class='ocrx_word' id='word_1_320' title='bbox 1608 814 1655 841; x_wconf 72' lang='grc' dir='ltr'>καὶ</span> <span class='ocrx_word' id='word_1_321' title='bbox 1665 814 1818 849; x_wconf 86' lang='grc' dir='ltr'>μυρμήκων</span> 
     </span>
    </p>
   </div>
   <div class='ocr_carea' id='block_1_47' title="bbox 1030 858 1817 896">
    <p class='ocr_par' dir='ltr' id='par_1_47' title="bbox 1030 858 1817 896">
     <span class='ocr_line' id='line_1_47' title="bbox 1030 858 1817 896; baseline -0.001 -9"><span class='ocrx_word' id='word_1_322' title='bbox 1030 860 1111 895; x_wconf 87' lang='grc' dir='ltr'>φύσιν</span> <span class='ocrx_word' id='word_1_323' title='bbox 1128 861 1300 896; x_wconf 83' lang='grc' dir='ltr'>μαρτυρῆσαι</span> <span class='ocrx_word' id='word_1_324' title='bbox 1319 862 1352 896; x_wconf 83' lang='grc' dir='ltr'><strong>τῇ</strong></span> <span class='ocrx_word' id='word_1_325' title='bbox 1374 861 1410 896; x_wconf 79' lang='grc' dir='ltr'><strong>γῇ</strong></span> <span class='ocrx_word' id='word_1_326' title='bbox 1436 859 1506 895; x_wconf 82' lang='grc' dir='ltr'>μετὰ</span> <span class='ocrx_word' id='word_1_327' title='bbox 1523 859 1627 895; x_wconf 83' lang='grc' dir='ltr'>φθοράν</span> <span class='ocrx_word' id='word_1_328' title='bbox 1647 859 1769 895; x_wconf 80' lang='grc' dir='ltr'>γεννώσῃ</span> <span class='ocrx_word' id='word_1_329' title='bbox 1782 858 1817 886; x_wconf 79' lang='grc' dir='ltr'><strong>τὰ</strong></span> 
     </span>
    </p>
   </div>
   <div class='ocr_carea' id='block_1_48' title="bbox 994 893 1816 940">
    <p class='ocr_par' dir='ltr' id='par_1_48' title="bbox 994 893 1816 940">
     <span class='ocr_line' id='line_1_48' title="bbox 994 893 1816 940; baseline -0.001 -9"><span class='ocrx_word' id='word_1_330' title='bbox 994 893 1016 920; x_wconf 75' lang='grc' dir='ltr'><strong>Β</strong></span> <span class='ocrx_word' id='word_1_331' title='bbox 1031 893 1186 940; x_wconf 73' lang='grc' dir='ltr'>σπέρματα.</span> <span class='ocrx_word' id='word_1_332' title='bbox 1202 893 1257 931; x_wconf 51' lang='grc' dir='ltr'><strong>Καὶ</strong></span> <span class='ocrx_word' id='word_1_333' title='bbox 1269 893 1364 931; x_wconf 71' lang='grc' dir='ltr'>σκόπει</span> <span class='ocrx_word' id='word_1_334' title='bbox 1378 893 1423 940; x_wconf 69' lang='grc' dir='ltr'><strong>μοι</strong></span> <span class='ocrx_word' id='word_1_335' title='bbox 1433 893 1483 940; x_wconf 76' lang='grc' dir='ltr'><strong>τῆς</strong></span> <span class='ocrx_word' id='word_1_336' title='bbox 1497 893 1589 936; x_wconf 80' lang='grc' dir='ltr'>ὠδῖνος</span> <span class='ocrx_word' id='word_1_337' title='bbox 1603 904 1634 931; x_wconf 81' lang='grc' dir='ltr'>τὸ</span> <span class='ocrx_word' id='word_1_338' title='bbox 1647 893 1739 940; x_wconf 82' lang='grc' dir='ltr'>θαῦμα</span> <span class='ocrx_word' id='word_1_339' title='bbox 1747 893 1816 930; x_wconf 44' lang='grc' dir='ltr'>(λα.</span> 
     </span>
    </p>
   </div>
   <div class='ocr_carea' id='block_1_49' title="bbox 1030 950 1818 987">
    <p class='ocr_par' dir='ltr' id='par_1_49' title="bbox 1030 950 1818 987">
     <span class='ocr_line' id='line_1_49' title="bbox 1030 950 1818 987; baseline -0.001 -10"><span class='ocrx_word' id='word_1_340' title='bbox 1030 950 1115 978; x_wconf 74' lang='grc' dir='ltr'>δοῦσα</span> <span class='ocrx_word' id='word_1_341' title='bbox 1132 950 1212 985; x_wconf 79' lang='grc' dir='ltr'>μόνον</span> <span class='ocrx_word' id='word_1_342' title='bbox 1227 951 1273 978; x_wconf 78' lang='grc' dir='ltr'><strong>τὸν</strong></span> <span class='ocrx_word' id='word_1_343' title='bbox 1288 951 1387 978; x_wconf 88' lang='grc' dir='ltr'>κόκκον</span> <span class='ocrx_word' id='word_1_344' title='bbox 1402 950 1489 987; x_wconf 78' lang='grc' dir='ltr'>φθορᾷ</span> <span class='ocrx_word' id='word_1_345' title='bbox 1504 950 1683 986; x_wconf 80' lang='grc' dir='ltr'>παραδίδωσι,</span> <span class='ocrx_word' id='word_1_346' title='bbox 1700 950 1818 986; x_wconf 85' lang='grc' dir='ltr'>φθαρέν-</span> 
     </span>
    </p>
   </div>
   <div class='ocr_carea' id='block_1_50' title="bbox 1029 996 1817 1033">
    <p class='ocr_par' dir='ltr' id='par_1_50' title="bbox 1029 996 1817 1033">
     <span class='ocr_line' id='line_1_50' title="bbox 1029 996 1817 1033; baseline -0.003 -9"><span class='ocrx_word' id='word_1_347' title='bbox 1029 1005 1064 1023; x_wconf 88' lang='grc' dir='ltr'><strong>τα</strong></span> <span class='ocrx_word' id='word_1_348' title='bbox 1076 997 1105 1023; x_wconf 71' lang='grc' dir='ltr'>δὲ</span> <span class='ocrx_word' id='word_1_349' title='bbox 1118 996 1264 1024; x_wconf 82' lang='grc' dir='ltr'>πολλοστὸν</span> <span class='ocrx_word' id='word_1_350' title='bbox 1275 997 1421 1024; x_wconf 81' lang='grc' dir='ltr'>ὰναθάλλει</span> <span class='ocrx_word' id='word_1_351' title='bbox 1434 997 1502 1033; x_wconf 81' lang='grc' dir='ltr'>πρὸς</span> <span class='ocrx_word' id='word_1_352' title='bbox 1521 996 1632 1023; x_wconf 82' lang='grc' dir='ltr'>ποικίλα</span> <span class='ocrx_word' id='word_1_353' title='bbox 1649 997 1696 1023; x_wconf 79' lang='grc' dir='ltr'>τὸν</span> <span class='ocrx_word' id='word_1_354' title='bbox 1717 996 1817 1023; x_wconf 81' lang='grc' dir='ltr'>κόκκον</span> 
     </span>
    </p>
   </div>
   <div class='ocr_carea' id='block_1_51' title="bbox 1031 1041 1817 1079">
    <p class='ocr_par' dir='ltr' id='par_1_51' title="bbox 1031 1041 1817 1079">
     <span class='ocr_line' id='line_1_51' title="bbox 1031 1041 1817 1079; baseline 0 -11"><span class='ocrx_word' id='word_1_355' title='bbox 1031 1042 1236 1078; x_wconf 82' lang='grc' dir='ltr'>σχηματίζουσα</span> <span class='ocrx_word' id='word_1_356' title='bbox 1250 1043 1330 1079; x_wconf 83' lang='grc' dir='ltr'>μέλη.</span> <span class='ocrx_word' id='word_1_357' title='bbox 1341 1043 1398 1079; x_wconf 85' lang='grc' dir='ltr'>Τὴν</span> <span class='ocrx_word' id='word_1_358' title='bbox 1407 1043 1536 1079; x_wconf 81' lang='grc' dir='ltr'>καλάμην</span> <span class='ocrx_word' id='word_1_359' title='bbox 1545 1043 1602 1074; x_wconf 81' lang='grc' dir='ltr'>τοῖς</span> <span class='ocrx_word' id='word_1_360' title='bbox 1619 1043 1748 1078; x_wconf 83' lang='grc' dir='ltr'>στάχυσιν</span> <span class='ocrx_word' id='word_1_361' title='bbox 1758 1041 1817 1070; x_wconf 79' lang='grc' dir='ltr'>ἀντ’</span> 
     </span>
    </p>
   </div>
   <div class='ocr_carea' id='block_1_52' title="bbox 1027 1087 1817 1126">
    <p class='ocr_par' dir='ltr' id='par_1_52' title="bbox 1027 1087 1817 1126">
     <span class='ocr_line' id='line_1_52' title="bbox 1027 1087 1817 1126; baseline 0 -11"><span class='ocrx_word' id='word_1_362' title='bbox 1027 1088 1129 1117; x_wconf 74' lang='grc' dir='ltr'>ὁστῖων</span> <span class='ocrx_word' id='word_1_363' title='bbox 1141 1089 1274 1126; x_wconf 76' lang='grc' dir='ltr'>ἐντίθησι,</span> <span class='ocrx_word' id='word_1_364' title='bbox 1286 1089 1334 1117; x_wconf 82' lang='grc' dir='ltr'>καὶ</span> <span class='ocrx_word' id='word_1_365' title='bbox 1348 1089 1446 1117; x_wconf 86' lang='grc' dir='ltr'>λεπτὸν</span> <span class='ocrx_word' id='word_1_366' title='bbox 1463 1089 1563 1123; x_wconf 76' lang='grc' dir='ltr'>ἔξωθεν</span> <span class='ocrx_word' id='word_1_367' title='bbox 1576 1087 1632 1116; x_wconf 70' lang='grc' dir='ltr'>οἷον</span> <span class='ocrx_word' id='word_1_368' title='bbox 1645 1088 1706 1116; x_wconf 80' lang='grc' dir='ltr'>ἀντὶ</span> <span class='ocrx_word' id='word_1_369' title='bbox 1715 1089 1817 1125; x_wconf 89' lang='grc' dir='ltr'>δέρμα-</span> 
     </span>
    </p>
   </div>
   <div class='ocr_carea' id='block_1_53' title="bbox 1026 1134 1817 1172">
    <p class='ocr_par' dir='ltr' id='par_1_53' title="bbox 1026 1134 1817 1172">
     <span class='ocr_line' id='line_1_53' title="bbox 1026 1134 1817 1172; baseline -0.001 -10"><span class='ocrx_word' id='word_1_370' title='bbox 1026 1144 1072 1168; x_wconf 87' lang='grc' dir='ltr'>τος</span> <span class='ocrx_word' id='word_1_371' title='bbox 1083 1136 1246 1171; x_wconf 85' lang='grc' dir='ltr'>καθυφαίνει</span> <span class='ocrx_word' id='word_1_372' title='bbox 1259 1136 1360 1172; x_wconf 86' lang='grc' dir='ltr'>χιτῶνα</span> <span class='ocrx_word' id='word_1_373' title='bbox 1370 1144 1378 1152; x_wconf 91' lang='grc'><strong>·</strong></span> <span class='ocrx_word' id='word_1_374' title='bbox 1392 1137 1502 1170; x_wconf 86' lang='grc' dir='ltr'>δεσμοῖς</span> <span class='ocrx_word' id='word_1_375' title='bbox 1520 1136 1596 1163; x_wconf 88' lang='grc' dir='ltr'>κάτω</span> <span class='ocrx_word' id='word_1_376' title='bbox 1618 1135 1667 1171; x_wconf 79' lang='grc' dir='ltr'>τὴν</span> <span class='ocrx_word' id='word_1_377' title='bbox 1682 1135 1760 1169; x_wconf 72' lang='grc' dir='ltr'>ῥίζαν</span> <span class='ocrx_word' id='word_1_378' title='bbox 1776 1134 1817 1167; x_wconf 79' lang='grc' dir='ltr'><strong>ὡς</strong></span> 
     </span>
    </p>
   </div>
   <div class='ocr_carea' id='block_1_54' title="bbox 1026 1181 1816 1217">
    <p class='ocr_par' dir='ltr' id='par_1_54' title="bbox 1026 1181 1816 1217">
     <span class='ocr_line' id='line_1_54' title="bbox 1026 1181 1816 1217; baseline -0.001 -9"><span class='ocrx_word' id='word_1_379' title='bbox 1026 1181 1133 1217; x_wconf 86' lang='grc' dir='ltr'>νεύροις</span> <span class='ocrx_word' id='word_1_380' title='bbox 1145 1182 1201 1209; x_wconf 79' lang='grc' dir='ltr'>τισὶ</span> <span class='ocrx_word' id='word_1_381' title='bbox 1212 1182 1260 1209; x_wconf 66' lang='grc' dir='ltr'><strong>καὶΙ</strong></span> <span class='ocrx_word' id='word_1_382' title='bbox 1276 1182 1359 1217; x_wconf 77' lang='grc' dir='ltr'>φλεψὶ</span> <span class='ocrx_word' id='word_1_383' title='bbox 1374 1182 1562 1217; x_wconf 79' lang='grc' dir='ltr'>περισφίγγει,</span> <span class='ocrx_word' id='word_1_384' title='bbox 1574 1181 1632 1208; x_wconf 79' lang='grc' dir='ltr'>ἀντ’</span> <span class='ocrx_word' id='word_1_385' title='bbox 1642 1181 1746 1217; x_wconf 79' lang='grc' dir='ltr'><strong>ὀνύχων</strong></span> <span class='ocrx_word' id='word_1_386' title='bbox 1757 1182 1816 1213; x_wconf 89' lang='grc' dir='ltr'>τοῖς</span> 
     </span>
    </p>
   </div>
   <div class='ocr_carea' id='block_1_55' title="bbox 1026 1227 1816 1264">
    <p class='ocr_par' dir='ltr' id='par_1_55' title="bbox 1026 1227 1816 1264">
     <span class='ocr_line' id='line_1_55' title="bbox 1026 1227 1816 1264; baseline -0.001 -9"><span class='ocrx_word' id='word_1_387' title='bbox 1026 1229 1136 1260; x_wconf 77' lang='grc' dir='ltr'>κόκκοις</span> <span class='ocrx_word' id='word_1_388' title='bbox 1151 1228 1316 1264; x_wconf 79' lang='grc' dir='ltr'>ἐμπηγνῦσα</span> <span class='ocrx_word' id='word_1_389' title='bbox 1330 1228 1380 1260; x_wconf 83' lang='grc' dir='ltr'><strong>τὰς</strong></span> <span class='ocrx_word' id='word_1_390' title='bbox 1398 1228 1556 1263; x_wconf 81' lang='grc' dir='ltr'>μαχομένας</span> <span class='ocrx_word' id='word_1_391' title='bbox 1566 1229 1623 1260; x_wconf 85' lang='grc' dir='ltr'>τοῖς</span> <span class='ocrx_word' id='word_1_392' title='bbox 1639 1228 1750 1262; x_wconf 77' lang='grc' dir='ltr'>πτηνοῖς</span> <span class='ocrx_word' id='word_1_393' title='bbox 1762 1227 1816 1254; x_wconf 79' lang='grc' dir='ltr'><strong>τῶν</strong></span> 
     </span>
    </p>
   </div>
   <div class='ocr_carea' id='block_1_56' title="bbox 1025 1275 1816 1312">
    <p class='ocr_par' dir='ltr' id='par_1_56' title="bbox 1025 1275 1816 1312">
     <span class='ocr_line' id='line_1_56' title="bbox 1025 1275 1816 1312; baseline -0.001 -9"><span class='ocrx_word' id='word_1_394' title='bbox 1025 1276 1169 1312; x_wconf 84' lang='grc' dir='ltr'>ἀσταχύων</span> <span class='ocrx_word' id='word_1_395' title='bbox 1181 1277 1287 1309; x_wconf 80' lang='grc' dir='ltr'>ἀκίδας.</span> <span class='ocrx_word' id='word_1_396' title='bbox 1303 1277 1367 1309; x_wconf 84' lang='grc' dir='ltr'><strong>Πῶς</strong></span> <span class='ocrx_word' id='word_1_397' title='bbox 1382 1277 1467 1304; x_wconf 79' lang='grc' dir='ltr'>ἅπασι</span> <span class='ocrx_word' id='word_1_398' title='bbox 1483 1277 1588 1308; x_wconf 87' lang='grc' dir='ltr'>τούτοις</span> <span class='ocrx_word' id='word_1_399' title='bbox 1600 1275 1629 1310; x_wconf 72' lang='grc' dir='ltr'><strong>ἐξ</strong></span> <span class='ocrx_word' id='word_1_400' title='bbox 1643 1275 1700 1308; x_wconf 81' lang='grc' dir='ltr'>ἐνὸς</span> <span class='ocrx_word' id='word_1_401' title='bbox 1713 1276 1816 1303; x_wconf 72' lang='grc' dir='ltr'>κόκκου</span> 
     </span>
    </p>
   </div>
   <div class='ocr_carea' id='block_1_57' title="bbox 1026 1320 1817 1358">
    <p class='ocr_par' dir='ltr' id='par_1_57' title="bbox 1026 1320 1817 1358">
     <span class='ocr_line' id='line_1_57' title="bbox 1026 1320 1817 1358; baseline -0.004 -9"><span class='ocrx_word' id='word_1_402' title='bbox 1026 1321 1175 1358; x_wconf 82' lang='grc' dir='ltr'>φθαρέντος</span> <span class='ocrx_word' id='word_1_403' title='bbox 1184 1323 1201 1357; x_wconf 84' lang='grc' dir='ltr'>ἡ</span> <span class='ocrx_word' id='word_1_404' title='bbox 1212 1323 1339 1358; x_wconf 84' lang='grc' dir='ltr'>γέννησις</span> <span class='ocrx_word' id='word_1_405' title='bbox 1352 1322 1373 1338; x_wconf 81' lang='grc'><strong>¹³</strong></span> <span class='ocrx_word' id='word_1_406' title='bbox 1383 1330 1390 1356; x_wconf 83' lang='grc'><strong>;</strong></span> <span class='ocrx_word' id='word_1_407' title='bbox 1402 1321 1480 1348; x_wconf 83' lang='grc' dir='ltr'>τοῦτο</span> <span class='ocrx_word' id='word_1_408' title='bbox 1497 1321 1547 1356; x_wconf 84' lang='grc' dir='ltr'>τῆς</span> <span class='ocrx_word' id='word_1_409' title='bbox 1561 1321 1736 1352; x_wconf 77' lang='grc' dir='ltr'>ἀναστάσεως</span> <span class='ocrx_word' id='word_1_410' title='bbox 1747 1320 1817 1347; x_wconf 87' lang='grc' dir='ltr'>θαυ-</span> 
     </span>
    </p>
   </div>
   <div class='ocr_carea' id='block_1_58' title="bbox 1027 1367 1816 1405">
    <p class='ocr_par' dir='ltr' id='par_1_58' title="bbox 1027 1367 1816 1405">
     <span class='ocr_line' id='line_1_58' title="bbox 1027 1367 1816 1405; baseline -0.003 -9"><span class='ocrx_word' id='word_1_411' title='bbox 1027 1369 1205 1405; x_wconf 80' lang='grc' dir='ltr'>μαστότερον.</span> <span class='ocrx_word' id='word_1_412' title='bbox 1233 1369 1301 1396; x_wconf 85' lang='grc' dir='ltr'>Τότε</span> <span class='ocrx_word' id='word_1_413' title='bbox 1316 1368 1366 1404; x_wconf 80' lang='grc' dir='ltr'>μὲν</span> <span class='ocrx_word' id='word_1_414' title='bbox 1380 1368 1436 1404; x_wconf 83' lang='grc' dir='ltr'>γὰρ</span> <span class='ocrx_word' id='word_1_415' title='bbox 1450 1367 1497 1400; x_wconf 82' lang='grc' dir='ltr'>οὓς</span> <span class='ocrx_word' id='word_1_416' title='bbox 1512 1367 1608 1394; x_wconf 73' lang='grc' dir='ltr'>ἔλασεν</span> <span class='ocrx_word' id='word_1_417' title='bbox 1619 1369 1636 1403; x_wconf 83' lang='grc' dir='ltr'><strong>ἡ</strong></span> <span class='ocrx_word' id='word_1_418' title='bbox 1654 1368 1744 1398; x_wconf 85' lang='grc' dir='ltr'>κτίσις</span> <span class='ocrx_word' id='word_1_419' title='bbox 1770 1375 1816 1394; x_wconf 89' lang='grc' dir='ltr'>νε-</span> 
     </span>
    </p>
   </div>
   <div class='ocr_carea' id='block_1_59' title="bbox 1025 1412 1817 1450">
    <p class='ocr_par' dir='ltr' id='par_1_59' title="bbox 1025 1412 1817 1450">
     <span class='ocr_line' id='line_1_59' title="bbox 1025 1412 1817 1450; baseline -0.006 -7"><span class='ocrx_word' id='word_1_420' title='bbox 1025 1416 1108 1450; x_wconf 76' lang='grc' dir='ltr'>κροὺς</span> <span class='ocrx_word' id='word_1_421' title='bbox 1123 1415 1277 1448; x_wconf 79' lang='grc' dir='ltr'>ἀναδίδωσι,</span> <span class='ocrx_word' id='word_1_422' title='bbox 1291 1415 1339 1442; x_wconf 79' lang='grc' dir='ltr'><strong>νῦν</strong></span> <span class='ocrx_word' id='word_1_423' title='bbox 1351 1415 1381 1442; x_wconf 81' lang='grc' dir='ltr'>δὲ</span> <span class='ocrx_word' id='word_1_424' title='bbox 1395 1414 1509 1447; x_wconf 78' lang='grc' dir='ltr'>πολλοὺς</span> <span class='ocrx_word' id='word_1_425' title='bbox 1518 1412 1577 1440; x_wconf 77' lang='grc' dir='ltr'>ἀνθ’</span> <span class='ocrx_word' id='word_1_426' title='bbox 1591 1413 1650 1445; x_wconf 83' lang='grc' dir='ltr'>ὲνδς</span> <span class='ocrx_word' id='word_1_427' title='bbox 1665 1412 1817 1448; x_wconf 78' lang='grc' dir='ltr'>νεκρωθέν-</span> 
     </span>
    </p>
   </div>
   <div class='ocr_carea' id='block_1_60' title="bbox 1024 1459 1817 1497">
    <p class='ocr_par' dir='ltr' id='par_1_60' title="bbox 1024 1459 1817 1497">
     <span class='ocr_line' id='line_1_60' title="bbox 1024 1459 1817 1497; baseline -0.006 -7"><span class='ocrx_word' id='word_1_428' title='bbox 1024 1471 1071 1494; x_wconf 87' lang='grc' dir='ltr'><strong>τος</strong></span> <span class='ocrx_word' id='word_1_429' title='bbox 1099 1463 1140 1494; x_wconf 86' lang='grc' dir='ltr'><strong>εἰς</strong></span> <span class='ocrx_word' id='word_1_430' title='bbox 1169 1462 1350 1497; x_wconf 86' lang='grc' dir='ltr'>ἀναγέννησιν</span> <span class='ocrx_word' id='word_1_431' title='bbox 1365 1461 1484 1492; x_wconf 86' lang='grc' dir='ltr'>κόκκους</span> <span class='ocrx_word' id='word_1_432' title='bbox 1499 1460 1690 1495; x_wconf 68' lang='grc' dir='ltr'>προϐάλλεται.</span> <span class='ocrx_word' id='word_1_433' title='bbox 1722 1459 1755 1485; x_wconf 85' lang='grc' dir='ltr'><strong>Ὢ</strong></span> <span class='ocrx_word' id='word_1_434' title='bbox 1766 1459 1817 1493; x_wconf 87' lang='grc' dir='ltr'>τῆς</span> 
     </span>
    </p>
   </div>
   <div class='ocr_carea' id='block_1_61' title="bbox 1030 1504 1818 1543">
    <p class='ocr_par' dir='ltr' id='par_1_61' title="bbox 1030 1504 1818 1543">
     <span class='ocr_line' id='line_1_61' title="bbox 1030 1504 1818 1543; baseline -0.006 -8"><span class='ocrx_word' id='word_1_435' title='bbox 1030 1507 1166 1543; x_wconf 82' lang='grc' dir='ltr'>Ἑλλήνων</span> <span class='ocrx_word' id='word_1_436' title='bbox 1177 1508 1288 1535; x_wconf 80' lang='grc' dir='ltr'>ἀνιάτου</span> <span class='ocrx_word' id='word_1_437' title='bbox 1304 1505 1536 1542; x_wconf 73' lang='grc' dir='ltr'>φρενοϐλαϐείαςι</span> <span class='ocrx_word' id='word_1_438' title='bbox 1557 1504 1684 1540; x_wconf 80' lang='grc' dir='ltr'>βλέπουσι</span> <span class='ocrx_word' id='word_1_439' title='bbox 1700 1504 1752 1540; x_wconf 85' lang='grc' dir='ltr'><strong>τὴν</strong></span> <span class='ocrx_word' id='word_1_440' title='bbox 1764 1504 1818 1539; x_wconf 85' lang='grc' dir='ltr'><strong>γῆν</strong></span> 
     </span>
    </p>
   </div>
   <div class='ocr_carea' id='block_1_62' title="bbox 188 1547 975 1591">
    <p class='ocr_par' dir='ltr' id='par_1_62' title="bbox 188 1547 974 1584">
     <span class='ocr_line' id='line_1_62' title="bbox 188 1547 974 1584; baseline 0.004 -11"><span class='ocrx_word' id='word_1_441' title='bbox 188 1547 259 1574; x_wconf 85' lang='lat' dir='ltr'><strong>enim</strong></span> <span class='ocrx_word' id='word_1_442' title='bbox 285 1551 415 1583; x_wconf 85' lang='lat' dir='ltr'><strong>tanquam</strong></span> <span class='ocrx_word' id='word_1_443' title='bbox 431 1549 458 1576; x_wconf 91' lang='lat' dir='ltr'><strong>in</strong></span> <span class='ocrx_word' id='word_1_444' title='bbox 474 1547 613 1584; x_wconf 82' lang='lat' dir='ltr'><strong>sepulcro.</strong></span> <span class='ocrx_word' id='word_1_445' title='bbox 629 1549 657 1575; x_wconf 91' lang='lat' dir='ltr'><strong>in</strong></span> <span class='ocrx_word' id='word_1_446' title='bbox 670 1554 749 1576; x_wconf 87' lang='lat' dir='ltr'><strong>utero</strong></span> <span class='ocrx_word' id='word_1_447' title='bbox 765 1549 886 1576; x_wconf 92' lang='lat' dir='ltr'><strong>nondum</strong></span> <span class='ocrx_word' id='word_1_448' title='bbox 900 1549 974 1577; x_wconf 80' lang='lat' dir='ltr'><strong>exsi—</strong></span> 
     </span>
    </p>
   </div>
   <div class='ocr_carea' id='block_1_63' title="bbox 1026 1547 1819 1591">
    <p class='ocr_par' dir='ltr' id='par_1_63' title="bbox 1026 1547 1819 1588">
     <span class='ocr_line' id='line_1_63' title="bbox 1026 1547 1819 1588; baseline -0.005 -8"><span class='ocrx_word' id='word_1_449' title='bbox 1026 1553 1142 1588; x_wconf 83' lang='grc' dir='ltr'>γεωργῷ</span> <span class='ocrx_word' id='word_1_450' title='bbox 1155 1553 1279 1580; x_wconf 80' lang='grc' dir='ltr'>διδοῦσαν</span> <span class='ocrx_word' id='word_1_451' title='bbox 1294 1552 1312 1579; x_wconf 75' lang='grc' dir='ltr'><strong>ἃ</strong></span> <span class='ocrx_word' id='word_1_452' title='bbox 1323 1551 1360 1587; x_wconf 85' lang='grc' dir='ltr'><strong>μὴ</strong></span> <span class='ocrx_word' id='word_1_453' title='bbox 1370 1551 1525 1587; x_wconf 77' lang='grc' dir='ltr'>παρέλαϐε·</span> <span class='ocrx_word' id='word_1_454' title='bbox 1539 1547 1578 1585; x_wconf 83' lang='grc' dir='ltr'><strong>τῷ</strong></span> <span class='ocrx_word' id='word_1_455' title='bbox 1587 1550 1682 1585; x_wconf 80' lang='grc' dir='ltr'>κτίστῃ</span> <span class='ocrx_word' id='word_1_456' title='bbox 1697 1550 1726 1576; x_wconf 83' lang='grc' dir='ltr'>δὲ</span> <span class='ocrx_word' id='word_1_457' title='bbox 1749 1549 1819 1577; x_wconf 84' lang='grc' dir='ltr'>ταύ-</span> 
     </span>
    </p>
   </div>
   <div class='ocr_carea' id='block_1_64' title="bbox 187 1592 973 1627">
    <p class='ocr_par' dir='ltr' id='par_1_64' title="bbox 187 1592 973 1627">
     <span class='ocr_line' id='line_1_64' title="bbox 187 1592 973 1627; baseline 0.003 -8"><span class='ocrx_word' id='word_1_458' title='bbox 187 1597 263 1621; x_wconf 83' lang='lat' dir='ltr'><strong>steus</strong></span> <span class='ocrx_word' id='word_1_459' title='bbox 274 1592 374 1627; x_wconf 85' lang='lat' dir='ltr'><strong>infans,</strong></span> <span class='ocrx_word' id='word_1_460' title='bbox 389 1599 492 1622; x_wconf 84' lang='lat' dir='ltr'><strong>naturae</strong></span> <span class='ocrx_word' id='word_1_461' title='bbox 509 1593 602 1622; x_wconf 87' lang='lat' dir='ltr'><strong>fasciis</strong></span> <span class='ocrx_word' id='word_1_462' title='bbox 613 1594 761 1626; x_wconf 88' lang='lat' dir='ltr'><strong>involutus,</strong></span> <span class='ocrx_word' id='word_1_463' title='bbox 774 1599 801 1622; x_wconf 87' lang='lat' dir='ltr'><strong>et</strong></span> <span class='ocrx_word' id='word_1_464' title='bbox 816 1594 914 1622; x_wconf 77' lang='lat' dir='ltr'><strong>similis</strong></span> <span class='ocrx_word' id='word_1_465' title='bbox 932 1599 973 1622; x_wconf 90' lang='lat' dir='ltr'><strong>est</strong></span> 
     </span>
    </p>
   </div>
   <div class='ocr_carea' id='block_1_65' title="bbox 188 1639 974 1675">
    <p class='ocr_par' dir='ltr' id='par_1_65' title="bbox 188 1639 974 1675">
     <span class='ocr_line' id='line_1_65' title="bbox 188 1639 974 1675; baseline 0.001 -9"><span class='ocrx_word' id='word_1_466' title='bbox 188 1643 306 1673; x_wconf 85' lang='lat' dir='ltr'><strong>mortuo,</strong></span> <span class='ocrx_word' id='word_1_467' title='bbox 321 1640 413 1668; x_wconf 86' lang='lat' dir='ltr'><strong>fasciis</strong></span> <span class='ocrx_word' id='word_1_468' title='bbox 439 1640 639 1675; x_wconf 86' lang='lat' dir='ltr'><strong>sepulcralibus</strong></span> <span class='ocrx_word' id='word_1_469' title='bbox 668 1640 883 1668; x_wconf 88' lang='lat' dir='ltr'><strong>circumstrieto.</strong></span> <span class='ocrx_word' id='word_1_470' title='bbox 905 1639 974 1667; x_wconf 84' lang='lat' dir='ltr'><strong>Nam</strong></span> 
     </span>
    </p>
   </div>
   <div class='ocr_carea' id='block_1_66' title="bbox 187 1686 975 1721">
    <p class='ocr_par' dir='ltr' id='par_1_66' title="bbox 187 1686 975 1721">
     <span class='ocr_line' id='line_1_66' title="bbox 187 1686 975 1721; baseline 0 -8"><span class='ocrx_word' id='word_1_471' title='bbox 187 1689 358 1713; x_wconf 89' lang='lat' dir='ltr'><strong>mortuorum</strong></span> <span class='ocrx_word' id='word_1_472' title='bbox 369 1686 479 1721; x_wconf 90' lang='lat' dir='ltr'><strong>quidem</strong></span> <span class='ocrx_word' id='word_1_473' title='bbox 492 1687 585 1714; x_wconf 89' lang='lat' dir='ltr'><strong>vultus</strong></span> <span class='ocrx_word' id='word_1_474' title='bbox 601 1686 705 1714; x_wconf 85' lang='lat' dir='ltr'><strong>arctius</strong></span> <span class='ocrx_word' id='word_1_475' title='bbox 721 1686 868 1714; x_wconf 89' lang='lat' dir='ltr'><strong>conclusus</strong></span> <span class='ocrx_word' id='word_1_476' title='bbox 878 1689 929 1719; x_wconf 85' lang='lat' dir='ltr'><strong>est,</strong></span> <span class='ocrx_word' id='word_1_477' title='bbox 942 1693 975 1713; x_wconf 89' lang='lat' dir='ltr'><strong>os</strong></span> 
     </span>
    </p>
   </div>
   <div class='ocr_carea' id='block_1_67' title="bbox 188 1731 973 1767">
    <p class='ocr_par' dir='ltr' id='par_1_67' title="bbox 188 1731 973 1767">
     <span class='ocr_line' id='line_1_67' title="bbox 188 1731 973 1767; baseline 0.001 -9"><span class='ocrx_word' id='word_1_478' title='bbox 188 1731 216 1758; x_wconf 87' lang='lat' dir='ltr'><strong>in</strong></span> <span class='ocrx_word' id='word_1_479' title='bbox 227 1735 304 1759; x_wconf 84' lang='lat' dir='ltr'><strong>utero</strong></span> <span class='ocrx_word' id='word_1_480' title='bbox 318 1735 435 1765; x_wconf 84' lang='lat' dir='ltr'><strong>mutum,</strong></span> <span class='ocrx_word' id='word_1_481' title='bbox 451 1740 548 1759; x_wconf 86' lang='lat' dir='ltr'><strong>manus</strong></span> <span class='ocrx_word' id='word_1_482' title='bbox 561 1737 587 1760; x_wconf 90' lang='lat' dir='ltr'><strong>et</strong></span> <span class='ocrx_word' id='word_1_483' title='bbox 602 1732 683 1767; x_wconf 79' lang='lat' dir='ltr'><strong>pedes</strong></span> <span class='ocrx_word' id='word_1_484' title='bbox 696 1732 724 1760; x_wconf 90' lang='lat' dir='ltr'><strong>in</strong></span> <span class='ocrx_word' id='word_1_485' title='bbox 734 1736 829 1760; x_wconf 86' lang='lat' dir='ltr'><strong>ventre</strong></span> <span class='ocrx_word' id='word_1_486' title='bbox 843 1738 973 1766; x_wconf 86' lang='lat' dir='ltr'><strong>tanquam</strong></span> 
     </span>
    </p>
   </div>
   <div class='ocr_carea' id='block_1_68' title="bbox 187 1777 973 1813">
    <p class='ocr_par' dir='ltr' id='par_1_68' title="bbox 187 1777 973 1813">
     <span class='ocr_line' id='line_1_68' title="bbox 187 1777 973 1813; baseline 0.003 -10"><span class='ocrx_word' id='word_1_487' title='bbox 187 1777 214 1804; x_wconf 92' lang='lat' dir='ltr'><strong>in</strong></span> <span class='ocrx_word' id='word_1_488' title='bbox 234 1777 340 1805; x_wconf 84' lang='lat' dir='ltr'><strong>tumulo</strong></span> <span class='ocrx_word' id='word_1_489' title='bbox 361 1778 558 1805; x_wconf 77' lang='lat' dir='ltr'><strong>extenduntur.</strong></span> <span class='ocrx_word' id='word_1_490' title='bbox 586 1778 686 1805; x_wconf 66' lang='lat' dir='ltr'><strong>Matri:</strong></span> <span class='ocrx_word' id='word_1_491' title='bbox 712 1777 851 1813; x_wconf 76' lang='lat' dir='ltr'><strong>egregium</strong></span> <span class='ocrx_word' id='word_1_492' title='bbox 873 1777 973 1805; x_wconf 83' lang='lat' dir='ltr'><strong>fetibus</strong></span> 
     </span>
    </p>
   </div>
   <div class='ocr_carea' id='block_1_69' title="bbox 186 1821 973 1858">
    <p class='ocr_par' dir='ltr' id='par_1_69' title="bbox 186 1821 973 1858">
     <span class='ocr_line' id='line_1_69' title="bbox 186 1821 973 1858; baseline -0.001 -9"><span class='ocrx_word' id='word_1_493' title='bbox 186 1822 344 1857; x_wconf 74' lang='lat' dir='ltr'><strong>sepulcrum</strong></span> <span class='ocrx_word' id='word_1_494' title='bbox 357 1826 410 1856; x_wconf 90' lang='lat' dir='ltr'><strong>est,</strong></span> <span class='ocrx_word' id='word_1_495' title='bbox 426 1826 453 1849; x_wconf 90' lang='lat' dir='ltr'><strong>et</strong></span> <span class='ocrx_word' id='word_1_496' title='bbox 466 1822 623 1857; x_wconf 86' lang='lat' dir='ltr'><strong>sepulcrum</strong></span> <span class='ocrx_word' id='word_1_497' title='bbox 637 1821 747 1858; x_wconf 86' lang='lat' dir='ltr'><strong>quidem</strong></span> <span class='ocrx_word' id='word_1_498' title='bbox 770 1821 904 1849; x_wconf 87' lang='lat' dir='ltr'><strong>fetoribus</strong></span> <span class='ocrx_word' id='word_1_499' title='bbox 919 1828 973 1848; x_wconf 93' lang='lat' dir='ltr'><strong>non</strong></span> 
     </span>
    </p>
   </div>
   <div class='ocr_carea' id='block_1_70' title="bbox 186 1867 975 1903">
    <p class='ocr_par' dir='ltr' id='par_1_70' title="bbox 186 1867 975 1903">
     <span class='ocr_line' id='line_1_70' title="bbox 186 1867 975 1903; baseline -0.003 -7"><span class='ocrx_word' id='word_1_500' title='bbox 186 1875 294 1896; x_wconf 83' lang='lat' dir='ltr'><strong>carens.</strong></span> <span class='ocrx_word' id='word_1_501' title='bbox 318 1868 377 1896; x_wconf 83' lang='lat' dir='ltr'><strong>Tali</strong></span> <span class='ocrx_word' id='word_1_502' title='bbox 392 1867 466 1896; x_wconf 87' lang='lat' dir='ltr'><strong>fetus</strong></span> <span class='ocrx_word' id='word_1_503' title='bbox 481 1868 615 1896; x_wconf 83' lang='lat' dir='ltr'><strong>formatus</strong></span> <span class='ocrx_word' id='word_1_504' title='bbox 632 1868 659 1896; x_wconf 93' lang='lat' dir='ltr'><strong>in</strong></span> <span class='ocrx_word' id='word_1_505' title='bbox 676 1868 814 1903; x_wconf 88' lang='lat' dir='ltr'><strong>sepulcro,</strong></span> <span class='ocrx_word' id='word_1_506' title='bbox 830 1867 975 1895; x_wconf 87' lang='lat' dir='ltr'><strong>formantis</strong></span> 
     </span>
    </p>
   </div>
   <div class='ocr_carea' id='block_1_71' title="bbox 190 1913 973 1950">
    <p class='ocr_par' dir='ltr' id='par_1_71' title="bbox 190 1913 973 1950">
     <span class='ocr_line' id='line_1_71' title="bbox 190 1913 973 1950; baseline -0.004 -7"><span class='ocrx_word' id='word_1_507' title='bbox 190 1919 288 1943; x_wconf 83' lang='lat' dir='ltr'><strong>nutum</strong></span> <span class='ocrx_word' id='word_1_508' title='bbox 303 1919 416 1943; x_wconf 84' lang='lat' dir='ltr'><strong>vocatus</strong></span> <span class='ocrx_word' id='word_1_509' title='bbox 429 1915 564 1950; x_wconf 86' lang='lat' dir='ltr'><strong>sequitur.</strong></span> <span class='ocrx_word' id='word_1_510' title='bbox 579 1914 650 1948; x_wconf 84' lang='lat' dir='ltr'><strong>Quid</strong></span> <span class='ocrx_word' id='word_1_511' title='bbox 668 1914 752 1949; x_wconf 77' lang='lat' dir='ltr'><strong>igitur</strong></span> <span class='ocrx_word' id='word_1_512' title='bbox 765 1914 812 1942; x_wconf 85' lang='lat' dir='ltr'><strong>tali</strong></span> <span class='ocrx_word' id='word_1_513' title='bbox 823 1913 855 1941; x_wconf 83' lang='grc' dir='ltr'><strong>Β.</strong></span> <span class='ocrx_word' id='word_1_514' title='bbox 871 1913 973 1942; x_wconf 84' lang='lat' dir='ltr'><strong>Paulus</strong></span> 
     </span>
    </p>
   </div>
   <div class='ocr_carea' id='block_1_72' title="bbox 187 1959 974 1996">
    <p class='ocr_par' dir='ltr' id='par_1_72' title="bbox 187 1959 974 1996">
     <span class='ocr_line' id='line_1_72' title="bbox 187 1959 974 1996; baseline -0.003 -8"><span class='ocrx_word' id='word_1_515' title='bbox 187 1961 312 1996; x_wconf 82' lang='lat' dir='ltr'><strong>exemplo</strong></span> <span class='ocrx_word' id='word_1_516' title='bbox 327 1961 366 1989; x_wconf 90' lang='lat' dir='ltr'><strong>uti</strong></span> <span class='ocrx_word' id='word_1_517' title='bbox 389 1969 452 1988; x_wconf 89' lang='lat' dir='ltr'><strong>cum</strong></span> <span class='ocrx_word' id='word_1_518' title='bbox 466 1961 620 1996; x_wconf 88' lang='lat' dir='ltr'><strong>potuisset,</strong></span> <span class='ocrx_word' id='word_1_519' title='bbox 636 1965 708 1988; x_wconf 81' lang='lat' dir='ltr'><strong>tacet</strong></span> <span class='ocrx_word' id='word_1_520' title='bbox 733 1959 923 1988; x_wconf 87' lang='lat' dir='ltr'><strong>formationem</strong></span> <span class='ocrx_word' id='word_1_521' title='bbox 939 1959 974 1987; x_wconf 88' lang='lat' dir='ltr'><strong>ad</strong></span> 
     </span>
    </p>
   </div>
   <div class='ocr_carea' id='block_1_73' title="bbox 186 2005 974 2042">
    <p class='ocr_par' dir='ltr' id='par_1_73' title="bbox 186 2005 974 2042">
     <span class='ocr_line' id='line_1_73' title="bbox 186 2005 974 2042; baseline -0.003 -8"><span class='ocrx_word' id='word_1_522' title='bbox 186 2007 271 2034; x_wconf 87' lang='lat' dir='ltr'><strong>vitam</strong></span> <span class='ocrx_word' id='word_1_523' title='bbox 286 2008 314 2035; x_wconf 93' lang='lat' dir='ltr'><strong>in</strong></span> <span class='ocrx_word' id='word_1_524' title='bbox 327 2007 452 2042; x_wconf 90' lang='lat' dir='ltr'><strong>sepulcro</strong></span> <span class='ocrx_word' id='word_1_525' title='bbox 463 2007 548 2034; x_wconf 69' lang='lat' dir='ltr'><strong>vulva:</strong></span> <span class='ocrx_word' id='word_1_526' title='bbox 556 2007 569 2034; x_wconf 77' lang='lat'><strong>?</strong></span> <span class='ocrx_word' id='word_1_527' title='bbox 578 2007 713 2034; x_wconf 83' lang='lat' dir='ltr'><strong>seminum</strong></span> <span class='ocrx_word' id='word_1_528' title='bbox 720 2013 784 2034; x_wconf 90' lang='lat' dir='ltr'><strong>vero</strong></span> <span class='ocrx_word' id='word_1_529' title='bbox 795 2005 974 2033; x_wconf 85' lang='lat' dir='ltr'><strong>similitudine</strong></span> 
     </span>
    </p>
   </div>
   <div class='ocr_carea' id='block_1_74' title="bbox 186 2052 973 2082">
    <p class='ocr_par' dir='ltr' id='par_1_74' title="bbox 186 2052 973 2082">
     <span class='ocr_line' id='line_1_74' title="bbox 186 2052 973 2082; baseline -0.001 -2"><span class='ocrx_word' id='word_1_530' title='bbox 186 2053 418 2082; x_wconf 87' lang='lat' dir='ltr'><strong>resurrectionem</strong></span> <span class='ocrx_word' id='word_1_531' title='bbox 429 2052 584 2081; x_wconf 84' lang='lat' dir='ltr'><strong>conﬁrmat.</strong></span> <span class='ocrx_word' id='word_1_532' title='bbox 596 2053 683 2080; x_wconf 84' lang='lat' dir='ltr'><strong>Seivit</strong></span> <span class='ocrx_word' id='word_1_533' title='bbox 692 2052 783 2079; x_wconf 90' lang='lat' dir='ltr'><strong>vivum</strong></span> <span class='ocrx_word' id='word_1_534' title='bbox 795 2052 822 2079; x_wconf 94' lang='lat' dir='ltr'><strong>in</strong></span> <span class='ocrx_word' id='word_1_535' title='bbox 838 2056 916 2079; x_wconf 89' lang='lat' dir='ltr'><strong>utero</strong></span> <span class='ocrx_word' id='word_1_536' title='bbox 929 2059 973 2080; x_wconf 92' lang='lat' dir='ltr'><strong>se-</strong></span> 
     </span>
    </p>
   </div>
   <div class='ocr_carea' id='block_1_75' title="bbox 186 2098 974 2134">
    <p class='ocr_par' dir='ltr' id='par_1_75' title="bbox 186 2098 974 2134">
     <span class='ocr_line' id='line_1_75' title="bbox 186 2098 974 2134; baseline -0.001 -8"><span class='ocrx_word' id='word_1_537' title='bbox 186 2107 250 2127; x_wconf 89' lang='lat' dir='ltr'><strong>men</strong></span> <span class='ocrx_word' id='word_1_538' title='bbox 260 2099 379 2127; x_wconf 86' lang='lat' dir='ltr'><strong>formare</strong></span> <span class='ocrx_word' id='word_1_539' title='bbox 392 2098 488 2133; x_wconf 87' lang='lat' dir='ltr'><strong>fetum,</strong></span> <span class='ocrx_word' id='word_1_540' title='bbox 501 2099 629 2134; x_wconf 77' lang='lat' dir='ltr'><strong>quaesivit</strong></span> <span class='ocrx_word' id='word_1_541' title='bbox 639 2107 704 2127; x_wconf 85' lang='lat' dir='ltr'><strong>vero</strong></span> <span class='ocrx_word' id='word_1_542' title='bbox 716 2103 887 2126; x_wconf 86' lang='lat' dir='ltr'><strong>mortuorum</strong></span> <span class='ocrx_word' id='word_1_543' title='bbox 902 2105 974 2134; x_wconf 88' lang='lat' dir='ltr'><strong>quo-</strong></span> 
     </span>
    </p>
   </div>
   <div class='ocr_carea' id='block_1_76' title="bbox 186 2145 973 2181">
    <p class='ocr_par' dir='ltr' id='par_1_76' title="bbox 186 2145 973 2181">
     <span class='ocr_line' id='line_1_76' title="bbox 186 2145 973 2181; baseline 0 -9"><span class='ocrx_word' id='word_1_544' title='bbox 186 2146 313 2173; x_wconf 87' lang='lat' dir='ltr'><strong>rumdam</strong></span> <span class='ocrx_word' id='word_1_545' title='bbox 324 2145 545 2175; x_wconf 87' lang='lat' dir='ltr'><strong>reviviscentium</strong></span> <span class='ocrx_word' id='word_1_546' title='bbox 554 2146 746 2181; x_wconf 86' lang='lat' dir='ltr'><strong>aspectabilem</strong></span> <span class='ocrx_word' id='word_1_547' title='bbox 755 2145 973 2178; x_wconf 87' lang='lat' dir='ltr'><strong>similitudinem,</strong></span> 
     </span>
    </p>
   </div>
   <div class='ocr_carea' id='block_1_77' title="bbox 185 2191 972 2227">
    <p class='ocr_par' dir='ltr' id='par_1_77' title="bbox 185 2191 972 2227">
     <span class='ocr_line' id='line_1_77' title="bbox 185 2191 972 2227; baseline 0 -8"><span class='ocrx_word' id='word_1_548' title='bbox 185 2197 214 2219; x_wconf 92' lang='lat' dir='ltr'><strong>et</strong></span> <span class='ocrx_word' id='word_1_549' title='bbox 227 2192 287 2219; x_wconf 92' lang='lat' dir='ltr'><strong>ideo</strong></span> <span class='ocrx_word' id='word_1_550' title='bbox 298 2192 331 2220; x_wconf 88' lang='lat' dir='ltr'><strong>ad</strong></span> <span class='ocrx_word' id='word_1_551' title='bbox 339 2192 443 2220; x_wconf 86' lang='lat' dir='ltr'><strong>semina</strong></span> <span class='ocrx_word' id='word_1_552' title='bbox 456 2192 586 2227; x_wconf 77' lang='lat' dir='ltr'><strong>respexit.</strong></span> <span class='ocrx_word' id='word_1_553' title='bbox 596 2191 687 2219; x_wconf 86' lang='lat' dir='ltr'><strong>Grana</strong></span> <span class='ocrx_word' id='word_1_554' title='bbox 697 2192 770 2219; x_wconf 83' lang='lat' dir='ltr'><strong>enim</strong></span> <span class='ocrx_word' id='word_1_555' title='bbox 784 2197 846 2226; x_wconf 89' lang='lat' dir='ltr'><strong>post</strong></span> <span class='ocrx_word' id='word_1_556' title='bbox 856 2196 972 2219; x_wconf 89' lang='lat' dir='ltr'><strong>mortem</strong></span> 
     </span>
    </p>
   </div>
   <div class='ocr_carea' id='block_1_78' title="bbox 1025 1594 1818 1632">
    <p class='ocr_par' dir='ltr' id='par_1_78' title="bbox 1025 1594 1818 1632">
     <span class='ocr_line' id='line_1_78' title="bbox 1025 1594 1818 1632; baseline -0.004 -8"><span class='ocrx_word' id='word_1_557' title='bbox 1025 1606 1075 1632; x_wconf 90' lang='grc' dir='ltr'><strong>την</strong></span> <span class='ocrx_word' id='word_1_558' title='bbox 1085 1596 1236 1624; x_wconf 82' lang='grc' dir='ltr'>ἀποδώσειν</span> <span class='ocrx_word' id='word_1_559' title='bbox 1245 1596 1292 1628; x_wconf 83' lang='grc' dir='ltr'>οὓς</span> <span class='ocrx_word' id='word_1_560' title='bbox 1301 1597 1370 1632; x_wconf 81' lang='grc' dir='ltr'>αὐτῇ</span> <span class='ocrx_word' id='word_1_561' title='bbox 1384 1595 1591 1631; x_wconf 76' lang='grc' dir='ltr'>παρακατέθετο</span> <span class='ocrx_word' id='word_1_562' title='bbox 1600 1594 1651 1621; x_wconf 83' lang='grc' dir='ltr'>οὐκ</span> <span class='ocrx_word' id='word_1_563' title='bbox 1662 1594 1818 1627; x_wconf 77' lang='grc' dir='ltr'>ἐλπίζουσι-</span> 
     </span>
    </p>
   </div>
   <div class='ocr_carea' id='block_1_79' title="bbox 1024 1641 1820 1678">
    <p class='ocr_par' dir='ltr' id='par_1_79' title="bbox 1024 1641 1820 1678">
     <span class='ocr_line' id='line_1_79' title="bbox 1024 1641 1820 1678; baseline -0.003 -8"><span class='ocrx_word' id='word_1_564' title='bbox 1024 1643 1075 1670; x_wconf 78' lang='grc' dir='ltr'>Διά</span> <span class='ocrx_word' id='word_1_565' title='bbox 1093 1642 1171 1670; x_wconf 79' lang='grc' dir='ltr'>τοῦτο</span> <span class='ocrx_word' id='word_1_566' title='bbox 1181 1643 1230 1670; x_wconf 78' lang='grc' dir='ltr'>καὶ</span> <span class='ocrx_word' id='word_1_567' title='bbox 1244 1642 1351 1674; x_wconf 80' lang='grc' dir='ltr'>Παῦλος</span> <span class='ocrx_word' id='word_1_568' title='bbox 1364 1641 1404 1678; x_wconf 85' lang='grc' dir='ltr'><strong>τῷ</strong></span> <span class='ocrx_word' id='word_1_569' title='bbox 1418 1641 1473 1669; x_wconf 85' lang='grc' dir='ltr'><strong>τῶν</strong></span> <span class='ocrx_word' id='word_1_570' title='bbox 1486 1641 1655 1677; x_wconf 84' lang='grc' dir='ltr'>σπερμάτων</span> <span class='ocrx_word' id='word_1_571' title='bbox 1683 1641 1820 1676; x_wconf 85' lang='grc' dir='ltr'>παραδεί-</span> 
     </span>
    </p>
   </div>
   <div class='ocr_carea' id='block_1_80' title="bbox 1024 1686 1818 1726">
    <p class='ocr_par' dir='ltr' id='par_1_80' title="bbox 1024 1686 1818 1726">
     <span class='ocr_line' id='line_1_80' title="bbox 1024 1686 1818 1726; baseline -0.005 -9"><span class='ocrx_word' id='word_1_572' title='bbox 1024 1689 1227 1726; x_wconf 83' lang='grc' dir='ltr'>γματιχρῆται,</span> <span class='ocrx_word' id='word_1_573' title='bbox 1239 1688 1329 1716; x_wconf 86' lang='grc' dir='ltr'>καίτοι</span> <span class='ocrx_word' id='word_1_574' title='bbox 1343 1697 1376 1723; x_wconf 84' lang='grc' dir='ltr'>γε</span> <span class='ocrx_word' id='word_1_575' title='bbox 1395 1687 1586 1723; x_wconf 86' lang='grc' dir='ltr'>λαμπρότερον</span> <span class='ocrx_word' id='word_1_576' title='bbox 1599 1686 1668 1722; x_wconf 77' lang='grc' dir='ltr'>ἔχων</span> <span class='ocrx_word' id='word_1_577' title='bbox 1681 1687 1818 1723; x_wconf 84' lang='grc' dir='ltr'>παράδει-</span> 
     </span>
    </p>
   </div>
   <div class='ocr_carea' id='block_1_81' title="bbox 1024 1732 1818 1771">
    <p class='ocr_par' dir='ltr' id='par_1_81' title="bbox 1024 1732 1818 1771">
     <span class='ocr_line' id='line_1_81' title="bbox 1024 1732 1818 1771; baseline -0.005 -8"><span class='ocrx_word' id='word_1_578' title='bbox 1024 1745 1083 1771; x_wconf 85' lang='grc' dir='ltr'>γμα</span> <span class='ocrx_word' id='word_1_579' title='bbox 1095 1736 1146 1771; x_wconf 86' lang='grc' dir='ltr'>τὴν</span> <span class='ocrx_word' id='word_1_580' title='bbox 1158 1736 1190 1762; x_wconf 83' lang='grc' dir='ltr'>ὲκ</span> <span class='ocrx_word' id='word_1_581' title='bbox 1202 1735 1310 1771; x_wconf 89' lang='grc' dir='ltr'>μήτρας</span> <span class='ocrx_word' id='word_1_582' title='bbox 1321 1734 1376 1761; x_wconf 83' lang='grc' dir='ltr'><strong>τῶν</strong></span> <span class='ocrx_word' id='word_1_583' title='bbox 1388 1733 1540 1770; x_wconf 85' lang='grc' dir='ltr'>ἀνθρώπων</span> <span class='ocrx_word' id='word_1_584' title='bbox 1554 1733 1678 1770; x_wconf 79' lang='grc' dir='ltr'>πρόοδον.</span> <span class='ocrx_word' id='word_1_585' title='bbox 1694 1732 1818 1760; x_wconf 81' lang='grc' dir='ltr'>Πλάττε-</span> 
     </span>
    </p>
   </div>
   <div class='ocr_carea' id='block_1_82' title="bbox 1024 1777 1820 1817">
    <p class='ocr_par' dir='ltr' id='par_1_82' title="bbox 1024 1777 1820 1817">
     <span class='ocr_line' id='line_1_82' title="bbox 1024 1777 1820 1817; baseline -0.005 -8"><span class='ocrx_word' id='word_1_586' title='bbox 1024 1791 1068 1809; x_wconf 86' lang='grc' dir='ltr'><strong>ται</strong></span> <span class='ocrx_word' id='word_1_587' title='bbox 1084 1782 1133 1817; x_wconf 81' lang='grc' dir='ltr'>μὲν</span> <span class='ocrx_word' id='word_1_588' title='bbox 1145 1781 1200 1817; x_wconf 80' lang='grc' dir='ltr'><strong>γὰρ</strong></span> <span class='ocrx_word' id='word_1_589' title='bbox 1214 1781 1251 1814; x_wconf 88' lang='grc' dir='ltr'><strong>ὡς</strong></span> <span class='ocrx_word' id='word_1_590' title='bbox 1267 1781 1298 1808; x_wconf 84' lang='grc' dir='ltr'>ὲν</span> <span class='ocrx_word' id='word_1_591' title='bbox 1312 1780 1389 1816; x_wconf 86' lang='grc' dir='ltr'>τάφῳ</span> <span class='ocrx_word' id='word_1_592' title='bbox 1405 1781 1438 1816; x_wconf 81' lang='grc' dir='ltr'><strong>τῇ</strong></span> <span class='ocrx_word' id='word_1_593' title='bbox 1460 1780 1553 1816; x_wconf 83' lang='grc' dir='ltr'>μήτρᾳ</span> <span class='ocrx_word' id='word_1_594' title='bbox 1572 1779 1622 1815; x_wconf 83' lang='grc' dir='ltr'>οὐχ</span> <span class='ocrx_word' id='word_1_595' title='bbox 1645 1779 1771 1815; x_wconf 76' lang='grc' dir='ltr'>ὑπάρχον</span> <span class='ocrx_word' id='word_1_596' title='bbox 1787 1777 1820 1805; x_wconf 64' lang='grc' dir='ltr'><strong>τὸ</strong></span> 
     </span>
    </p>
   </div>
   <div class='ocr_carea' id='block_1_83' title="bbox 1025 1824 1820 1863">
    <p class='ocr_par' dir='ltr' id='par_1_83' title="bbox 1025 1824 1820 1863">
     <span class='ocr_line' id='line_1_83' title="bbox 1025 1824 1820 1863; baseline -0.004 -9"><span class='ocrx_word' id='word_1_597' title='bbox 1025 1827 1134 1863; x_wconf 83' lang='grc' dir='ltr'>βρέφος,</span> <span class='ocrx_word' id='word_1_598' title='bbox 1150 1828 1208 1859; x_wconf 82' lang='grc' dir='ltr'>τοῖς</span> <span class='ocrx_word' id='word_1_599' title='bbox 1232 1827 1310 1863; x_wconf 80' lang='grc' dir='ltr'>παρά</span> <span class='ocrx_word' id='word_1_600' title='bbox 1327 1826 1378 1861; x_wconf 85' lang='grc' dir='ltr'>τῆς</span> <span class='ocrx_word' id='word_1_601' title='bbox 1406 1826 1515 1860; x_wconf 85' lang='grc' dir='ltr'>φύσεως</span> <span class='ocrx_word' id='word_1_602' title='bbox 1537 1825 1566 1852; x_wconf 78' lang='grc' dir='ltr'>δὲ</span> <span class='ocrx_word' id='word_1_603' title='bbox 1589 1824 1767 1860; x_wconf 73' lang='grc' dir='ltr'>ἑνειλημένον</span> <span class='ocrx_word' id='word_1_604' title='bbox 1796 1824 1820 1840; x_wconf 64' lang='grc' dir='ltr'>’δ</span> 
     </span>
    </p>
   </div>
   <div class='ocr_carea' id='block_1_84' title="bbox 1024 1870 1821 1908">
    <p class='ocr_par' dir='ltr' id='par_1_84' title="bbox 1024 1870 1821 1908">
     <span class='ocr_line' id='line_1_84' title="bbox 1024 1870 1821 1908; baseline -0.005 -8"><span class='ocrx_word' id='word_1_605' title='bbox 1024 1874 1192 1908; x_wconf 86' lang='grc' dir='ltr'>σπαργάνοις</span> <span class='ocrx_word' id='word_1_606' title='bbox 1205 1873 1350 1908; x_wconf 77' lang='grc' dir='ltr'>προσέοικε</span> <span class='ocrx_word' id='word_1_607' title='bbox 1363 1871 1452 1907; x_wconf 85' lang='grc' dir='ltr'>νεκρῷ</span> <span class='ocrx_word' id='word_1_608' title='bbox 1470 1870 1605 1906; x_wconf 78' lang='grc' dir='ltr'>δεδεμένῳ</span> <span class='ocrx_word' id='word_1_609' title='bbox 1618 1871 1750 1906; x_wconf 85' lang='grc' dir='ltr'>κειρίαις.</span> <span class='ocrx_word' id='word_1_610' title='bbox 1764 1870 1821 1897; x_wconf 83' lang='grc' dir='ltr'><strong>Κέ-</strong></span> 
     </span>
    </p>
   </div>
   <div class='ocr_carea' id='block_1_85' title="bbox 1025 1916 1819 1954">
    <p class='ocr_par' dir='ltr' id='par_1_85' title="bbox 1025 1916 1819 1954">
     <span class='ocr_line' id='line_1_85' title="bbox 1025 1916 1819 1954; baseline -0.004 -8"><span class='ocrx_word' id='word_1_611' title='bbox 1025 1919 1146 1946; x_wconf 82' lang='grc' dir='ltr'>κλεισται</span> <span class='ocrx_word' id='word_1_612' title='bbox 1164 1919 1213 1954; x_wconf 81' lang='grc' dir='ltr'>μὲν</span> <span class='ocrx_word' id='word_1_613' title='bbox 1227 1918 1280 1953; x_wconf 78' lang='grc' dir='ltr'><strong>γὰρ</strong></span> <span class='ocrx_word' id='word_1_614' title='bbox 1297 1918 1328 1944; x_wconf 83' lang='grc' dir='ltr'>τὸ</span> <span class='ocrx_word' id='word_1_615' title='bbox 1350 1917 1458 1953; x_wconf 81' lang='grc' dir='ltr'>βλέμμα</span> <span class='ocrx_word' id='word_1_616' title='bbox 1477 1916 1583 1953; x_wconf 84' lang='grc' dir='ltr'>νεκρῶν</span> <span class='ocrx_word' id='word_1_617' title='bbox 1604 1916 1819 1951; x_wconf 75' lang='grc' dir='ltr'>ἀκριϐέστερον,</span> 
     </span>
    </p>
   </div>
   <div class='ocr_carea' id='block_1_86' title="bbox 1024 1961 1822 2000">
    <p class='ocr_par' dir='ltr' id='par_1_86' title="bbox 1024 1961 1822 2000">
     <span class='ocr_line' id='line_1_86' title="bbox 1024 1961 1822 2000; baseline -0.005 -8"><span class='ocrx_word' id='word_1_618' title='bbox 1024 1966 1165 2000; x_wconf 79' lang='grc' dir='ltr'>ἄπρακτον</span> <span class='ocrx_word' id='word_1_619' title='bbox 1178 1965 1207 1991; x_wconf 71' lang='grc' dir='ltr'>ὲν</span> <span class='ocrx_word' id='word_1_620' title='bbox 1217 1965 1251 2000; x_wconf 75' lang='grc' dir='ltr'><strong>τῇ</strong></span> <span class='ocrx_word' id='word_1_621' title='bbox 1266 1964 1342 1998; x_wconf 87' lang='grc' dir='ltr'>νηδύϊ</span> <span class='ocrx_word' id='word_1_622' title='bbox 1353 1963 1383 1990; x_wconf 78' lang='grc' dir='ltr'>τὸ</span> <span class='ocrx_word' id='word_1_623' title='bbox 1396 1963 1494 1997; x_wconf 80' lang='grc' dir='ltr'>στόμα,</span> <span class='ocrx_word' id='word_1_624' title='bbox 1510 1963 1600 2000; x_wconf 81' lang='grc' dir='ltr'>χεῖρες</span> <span class='ocrx_word' id='word_1_625' title='bbox 1619 1962 1668 1989; x_wconf 78' lang='grc' dir='ltr'>καὶ</span> <span class='ocrx_word' id='word_1_626' title='bbox 1690 1962 1772 1994; x_wconf 80' lang='grc' dir='ltr'>πόδες</span> <span class='ocrx_word' id='word_1_627' title='bbox 1783 1961 1822 1994; x_wconf 84' lang='grc' dir='ltr'>ὡς</span> 
     </span>
    </p>
   </div>
   <div class='ocr_carea' id='block_1_87' title="bbox 1024 2007 1822 2046">
    <p class='ocr_par' dir='ltr' id='par_1_87' title="bbox 1024 2007 1822 2046">
     <span class='ocr_line' id='line_1_87' title="bbox 1024 2007 1822 2046; baseline -0.005 -8"><span class='ocrx_word' id='word_1_628' title='bbox 1024 2011 1053 2038; x_wconf 89' lang='grc' dir='ltr'>ὲν</span> <span class='ocrx_word' id='word_1_629' title='bbox 1069 2011 1091 2027; x_wconf 83' lang='grc'><strong>¹¹</strong></span> <span class='ocrx_word' id='word_1_630' title='bbox 1103 2010 1175 2046; x_wconf 83' lang='grc' dir='ltr'>σορῷ</span> <span class='ocrx_word' id='word_1_631' title='bbox 1187 2011 1222 2046; x_wconf 81' lang='grc' dir='ltr'>τῇ</span> <span class='ocrx_word' id='word_1_632' title='bbox 1236 2010 1336 2045; x_wconf 75' lang='grc' dir='ltr'>γαστρὶ</span> <span class='ocrx_word' id='word_1_633' title='bbox 1351 2009 1572 2036; x_wconf 87' lang='grc' dir='ltr'>συνεκτέτανται.</span> <span class='ocrx_word' id='word_1_634' title='bbox 1588 2008 1682 2043; x_wconf 84' lang='grc' dir='ltr'>Τάφος</span> <span class='ocrx_word' id='word_1_635' title='bbox 1700 2007 1822 2043; x_wconf 64' lang='grc' dir='ltr'>ἀκριὸῂς</span> 
     </span>
    </p>
   </div>
   <div class='ocr_carea' id='block_1_88' title="bbox 1024 2054 1820 2093">
    <p class='ocr_par' dir='ltr' id='par_1_88' title="bbox 1024 2054 1820 2093">
     <span class='ocr_line' id='line_1_88' title="bbox 1024 2054 1820 2093; baseline -0.004 -9"><span class='ocrx_word' id='word_1_636' title='bbox 1024 2058 1080 2089; x_wconf 84' lang='grc' dir='ltr'>τοῖς</span> <span class='ocrx_word' id='word_1_637' title='bbox 1090 2057 1219 2093; x_wconf 76' lang='grc' dir='ltr'>ἐμϐρύοις</span> <span class='ocrx_word' id='word_1_638' title='bbox 1233 2057 1250 2091; x_wconf 87' lang='grc' dir='ltr'><strong>ὴ</strong></span> <span class='ocrx_word' id='word_1_639' title='bbox 1272 2057 1374 2092; x_wconf 84' lang='grc' dir='ltr'>μήτρα,</span> <span class='ocrx_word' id='word_1_640' title='bbox 1390 2056 1476 2090; x_wconf 81' lang='grc' dir='ltr'>τάφος</span> <span class='ocrx_word' id='word_1_641' title='bbox 1489 2055 1549 2082; x_wconf 77' lang='grc' dir='ltr'>οὐδὲ</span> <span class='ocrx_word' id='word_1_642' title='bbox 1561 2055 1612 2090; x_wconf 83' lang='grc' dir='ltr'>τῆς</span> <span class='ocrx_word' id='word_1_643' title='bbox 1633 2056 1692 2082; x_wconf 83' lang='grc' dir='ltr'><strong>τῶν</strong></span> <span class='ocrx_word' id='word_1_644' title='bbox 1707 2054 1820 2090; x_wconf 84' lang='grc' dir='ltr'>μνημά-</span> 
     </span>
    </p>
   </div>
   <div class='ocr_carea' id='block_1_89' title="bbox 1024 2100 1820 2137">
    <p class='ocr_par' dir='ltr' id='par_1_89' title="bbox 1024 2100 1820 2137">
     <span class='ocr_line' id='line_1_89' title="bbox 1024 2100 1820 2137; baseline -0.004 -7"><span class='ocrx_word' id='word_1_645' title='bbox 1024 2112 1078 2130; x_wconf 91' lang='grc' dir='ltr'><strong>των</strong></span> <span class='ocrx_word' id='word_1_646' title='bbox 1089 2103 1221 2135; x_wconf 81' lang='grc' dir='ltr'>δυσωδίας</span> <span class='ocrx_word' id='word_1_647' title='bbox 1231 2102 1382 2137; x_wconf 87' lang='grc' dir='ltr'>ὲλεύθερος.</span> <span class='ocrx_word' id='word_1_648' title='bbox 1409 2101 1567 2137; x_wconf 85' lang='grc' dir='ltr'>Τηλικούτῳ</span> <span class='ocrx_word' id='word_1_649' title='bbox 1586 2100 1619 2136; x_wconf 77' lang='grc' dir='ltr'><strong>δή</strong></span> <span class='ocrx_word' id='word_1_650' title='bbox 1636 2101 1660 2117; x_wconf 76' lang='grc' dir='ltr'>ί·</span> <span class='ocrx_word' id='word_1_651' title='bbox 1673 2101 1705 2128; x_wconf 79' lang='grc' dir='ltr'>τὸ</span> <span class='ocrx_word' id='word_1_652' title='bbox 1718 2101 1820 2136; x_wconf 81' lang='grc' dir='ltr'>βρέφος</span> 
     </span>
    </p>
   </div>
   <div class='ocr_carea' id='block_1_90' title="bbox 1025 2146 1819 2184">
    <p class='ocr_par' dir='ltr' id='par_1_90' title="bbox 1025 2146 1819 2184">
     <span class='ocr_line' id='line_1_90' title="bbox 1025 2146 1819 2184; baseline -0.004 -8"><span class='ocrx_word' id='word_1_653' title='bbox 1025 2148 1251 2184; x_wconf 75' lang='grc' dir='ltr'>ὲμμορφούμενον</span> <span class='ocrx_word' id='word_1_654' title='bbox 1267 2148 1399 2183; x_wconf 84' lang='grc' dir='ltr'>μνήματι,</span> <span class='ocrx_word' id='word_1_655' title='bbox 1412 2147 1453 2183; x_wconf 84' lang='grc' dir='ltr'>τῷ</span> <span class='ocrx_word' id='word_1_656' title='bbox 1466 2147 1514 2174; x_wconf 83' lang='grc' dir='ltr'>τοῦ</span> <span class='ocrx_word' id='word_1_657' title='bbox 1532 2146 1703 2182; x_wconf 65' lang='grc' dir='ltr'>μορφοῖητπ</span> <span class='ocrx_word' id='word_1_658' title='bbox 1719 2147 1819 2173; x_wconf 67' lang='grc' dir='ltr'>ἕπεται</span> 
     </span>
    </p>
   </div>
   <div class='ocr_carea' id='block_1_91' title="bbox 1025 2191 1822 2231">
    <p class='ocr_par' dir='ltr' id='par_1_91' title="bbox 1025 2191 1822 2231">
     <span class='ocr_line' id='line_1_91' title="bbox 1025 2191 1822 2231; baseline -0.005 -9"><span class='ocrx_word' id='word_1_659' title='bbox 1025 2195 1192 2231; x_wconf 82' lang='grc' dir='ltr'>καλούμενον</span> <span class='ocrx_word' id='word_1_660' title='bbox 1205 2195 1332 2230; x_wconf 80' lang='grc' dir='ltr'>νεύματι.</span> <span class='ocrx_word' id='word_1_661' title='bbox 1343 2194 1376 2220; x_wconf 90' lang='grc' dir='ltr'>Τί</span> <span class='ocrx_word' id='word_1_662' title='bbox 1389 2193 1422 2229; x_wconf 82' lang='grc' dir='ltr'>δὴ</span> <span class='ocrx_word' id='word_1_663' title='bbox 1434 2193 1561 2222; x_wconf 80' lang='grc' dir='ltr'>τοσοῦτον</span> <span class='ocrx_word' id='word_1_664' title='bbox 1572 2194 1586 2220; x_wconf 91' lang='grc' dir='ltr'><strong>ό</strong></span> <span class='ocrx_word' id='word_1_665' title='bbox 1597 2193 1737 2230; x_wconf 75' lang='grc' dir='ltr'>μακάριος</span> <span class='ocrx_word' id='word_1_666' title='bbox 1748 2191 1822 2219; x_wconf 76' lang='grc' dir='ltr'><strong>Παῦ-</strong></span> 
     </span>
    </p>
   </div>
   <div class='ocr_carea' id='block_1_92' title="bbox 186 2233 975 2276">
    <p class='ocr_par' dir='ltr' id='par_1_92' title="bbox 186 2238 971 2273">
     <span class='ocr_line' id='line_1_92' title="bbox 186 2238 971 2273; baseline 0 -8"><span class='ocrx_word' id='word_1_667' title='bbox 186 2243 214 2265; x_wconf 86' lang='lat' dir='ltr'><strong>et</strong></span> <span class='ocrx_word' id='word_1_668' title='bbox 248 2238 451 2273; x_wconf 85' lang='lat' dir='ltr'><strong>corruptionem</strong></span> <span class='ocrx_word' id='word_1_669' title='bbox 482 2245 515 2266; x_wconf 78' lang='lat' dir='ltr'><strong>ex</strong></span> <span class='ocrx_word' id='word_1_670' title='bbox 543 2238 743 2273; x_wconf 87' lang='lat' dir='ltr'><strong>putrefactione</strong></span> <span class='ocrx_word' id='word_1_671' title='bbox 776 2238 971 2272; x_wconf 85' lang='lat' dir='ltr'><strong>reviviscunt;</strong></span> 
     </span>
    </p>
   </div>
   <div class='ocr_carea' id='block_1_93' title="bbox 1026 2233 1820 2276">
    <p class='ocr_par' dir='ltr' id='par_1_93' title="bbox 1026 2238 1820 2276">
     <span class='ocr_line' id='line_1_93' title="bbox 1026 2238 1820 2276; baseline -0.004 -8"><span class='ocrx_word' id='word_1_672' title='bbox 1026 2241 1069 2273; x_wconf 86' lang='grc' dir='ltr'><strong>λος</strong></span> <span class='ocrx_word' id='word_1_673' title='bbox 1082 2240 1250 2276; x_wconf 85' lang='grc' dir='ltr'>κεκτημένος</span> <span class='ocrx_word' id='word_1_674' title='bbox 1262 2240 1438 2276; x_wconf 84' lang='grc' dir='ltr'>παράδειγμα</span> <span class='ocrx_word' id='word_1_675' title='bbox 1450 2239 1515 2274; x_wconf 82' lang='grc' dir='ltr'>σιγᾷ</span> <span class='ocrx_word' id='word_1_676' title='bbox 1524 2239 1574 2274; x_wconf 76' lang='grc' dir='ltr'><strong>μὶν</strong></span> <span class='ocrx_word' id='word_1_677' title='bbox 1582 2239 1632 2274; x_wconf 85' lang='grc' dir='ltr'><strong>τὴν</strong></span> <span class='ocrx_word' id='word_1_678' title='bbox 1642 2240 1675 2266; x_wconf 75' lang='grc' dir='ltr'>ὲν</span> <span class='ocrx_word' id='word_1_679' title='bbox 1688 2238 1728 2273; x_wconf 85' lang='grc' dir='ltr'>τῷ</span> <span class='ocrx_word' id='word_1_680' title='bbox 1740 2239 1820 2273; x_wconf 84' lang='grc' dir='ltr'>τάφῳ</span> 
     </span>
    </p>
   </div>
   <div class='ocr_carea' id='block_1_94' title="bbox 185 2284 969 2319">
    <p class='ocr_par' dir='ltr' id='par_1_94' title="bbox 185 2284 969 2319">
     <span class='ocr_line' id='line_1_94' title="bbox 185 2284 969 2319; baseline 0.001 -9"><span class='ocrx_word' id='word_1_681' title='bbox 185 2287 213 2311; x_wconf 86' lang='lat' dir='ltr'><strong>et</strong></span> <span class='ocrx_word' id='word_1_682' title='bbox 241 2287 334 2318; x_wconf 83' lang='lat' dir='ltr'><strong>aperte</strong></span> <span class='ocrx_word' id='word_1_683' title='bbox 361 2285 552 2319; x_wconf 61' lang='lat' dir='ltr'><strong>mortuorum!</strong></span> <span class='ocrx_word' id='word_1_684' title='bbox 567 2284 795 2312; x_wconf 87' lang='lat' dir='ltr'><strong>resurrectionem</strong></span> <span class='ocrx_word' id='word_1_685' title='bbox 817 2284 969 2312; x_wconf 83' lang='lat' dir='ltr'><strong>declarant.</strong></span> 
     </span>
    </p>
   </div>
   <div class='ocr_carea' id='block_1_95' title="bbox 185 2330 971 2366">
    <p class='ocr_par' dir='ltr' id='par_1_95' title="bbox 185 2330 971 2366">
     <span class='ocr_line' id='line_1_95' title="bbox 185 2330 971 2366; baseline 0.001 -9"><span class='ocrx_word' id='word_1_686' title='bbox 185 2330 316 2365; x_wconf 72' lang='lat' dir='ltr'><strong>Iniuriam</strong></span> <span class='ocrx_word' id='word_1_687' title='bbox 345 2330 402 2365; x_wconf 79' lang='grc'><strong>(18)</strong></span> <span class='ocrx_word' id='word_1_688' title='bbox 428 2330 496 2358; x_wconf 83' lang='lat' dir='ltr'><strong>facis</strong></span> <span class='ocrx_word' id='word_1_689' title='bbox 515 2331 612 2358; x_wconf 63' lang='lat' dir='ltr'><strong>animae</strong></span> <span class='ocrx_word' id='word_1_690' title='bbox 638 2336 774 2366; x_wconf 78' lang='lat' dir='ltr'><strong>praetextu</strong></span> <span class='ocrx_word' id='word_1_691' title='bbox 800 2331 945 2366; x_wconf 88' lang='lat' dir='ltr'><strong>patrocinii</strong></span> <span class='ocrx_word' id='word_1_692' title='bbox 963 2350 971 2362; x_wconf 87' lang='lat'><strong>,</strong></span> 
     </span>
    </p>
   </div>
   <div class='ocr_carea' id='block_1_96' title="bbox 185 2376 970 2412">
    <p class='ocr_par' dir='ltr' id='par_1_96' title="bbox 185 2376 970 2412">
     <span class='ocr_line' id='line_1_96' title="bbox 185 2376 970 2412; baseline 0.001 -9"><span class='ocrx_word' id='word_1_693' title='bbox 185 2381 212 2403; x_wconf 84' lang='lat' dir='ltr'><strong>et</strong></span> <span class='ocrx_word' id='word_1_694' title='bbox 229 2376 255 2403; x_wconf 85' lang='lat' dir='ltr'><strong>in</strong></span> <span class='ocrx_word' id='word_1_695' title='bbox 269 2384 359 2412; x_wconf 73' lang='lat' dir='ltr'><strong>pugna</strong></span> <span class='ocrx_word' id='word_1_696' title='bbox 371 2377 500 2404; x_wconf 87' lang='lat' dir='ltr'><strong>adversus</strong></span> <span class='ocrx_word' id='word_1_697' title='bbox 516 2384 616 2411; x_wconf 89' lang='lat' dir='ltr'><strong>corpus</strong></span> <span class='ocrx_word' id='word_1_698' title='bbox 637 2382 731 2405; x_wconf 88' lang='lat' dir='ltr'><strong>contra</strong></span> <span class='ocrx_word' id='word_1_699' title='bbox 747 2377 834 2412; x_wconf 88' lang='lat' dir='ltr'><strong>ipsam</strong></span> <span class='ocrx_word' id='word_1_700' title='bbox 851 2378 970 2404; x_wconf 90' lang='lat' dir='ltr'><strong>animam</strong></span> 
     </span>
    </p>
   </div>
   <div class='ocr_carea' id='block_1_97' title="bbox 185 2422 973 2451">
    <p class='ocr_par' dir='ltr' id='par_1_97' title="bbox 185 2422 973 2451">
     <span class='ocr_line' id='line_1_97' title="bbox 185 2422 973 2451; baseline 0.003 -2"><span class='ocrx_word' id='word_1_701' title='bbox 185 2423 310 2450; x_wconf 90' lang='lat' dir='ltr'><strong>armaris.</strong></span> <span class='ocrx_word' id='word_1_702' title='bbox 326 2422 470 2450; x_wconf 81' lang='lat' dir='ltr'><strong>Factorqu</strong></span> <span class='ocrx_word' id='word_1_703' title='bbox 488 2423 560 2451; x_wconf 89' lang='lat' dir='ltr'><strong>enim</strong></span> <span class='ocrx_word' id='word_1_704' title='bbox 580 2423 815 2451; x_wconf 88' lang='lat' dir='ltr'><strong>remunerationes</strong></span> <span class='ocrx_word' id='word_1_705' title='bbox 836 2431 898 2451; x_wconf 92' lang='lat' dir='ltr'><strong>cum</strong></span> <span class='ocrx_word' id='word_1_706' title='bbox 912 2424 973 2451; x_wconf 84' lang='lat' dir='ltr'><strong>aui-</strong></span> 
     </span>
    </p>
   </div>
   <div class='ocr_carea' id='block_1_98' title="bbox 186 2469 990 2504">
    <p class='ocr_par' dir='ltr' id='par_1_98' title="bbox 186 2469 990 2504">
     <span class='ocr_line' id='line_1_98' title="bbox 186 2469 990 2504; baseline 0.002 -9"><span class='ocrx_word' id='word_1_707' title='bbox 186 2476 230 2495; x_wconf 89' lang='lat' dir='ltr'><strong>ma</strong></span> <span class='ocrx_word' id='word_1_708' title='bbox 261 2476 316 2495; x_wconf 90' lang='lat' dir='ltr'><strong>non</strong></span> <span class='ocrx_word' id='word_1_709' title='bbox 343 2469 559 2503; x_wconf 85' lang='lat' dir='ltr'><strong>communicans,</strong></span> <span class='ocrx_word' id='word_1_710' title='bbox 577 2473 605 2496; x_wconf 85' lang='lat' dir='ltr'><strong>et</strong></span> <span class='ocrx_word' id='word_1_711' title='bbox 630 2470 707 2497; x_wconf 86' lang='lat' dir='ltr'><strong>carni</strong></span> <span class='ocrx_word' id='word_1_712' title='bbox 723 2469 841 2497; x_wconf 88' lang='lat' dir='ltr'><strong>debitam</strong></span> <span class='ocrx_word' id='word_1_713' title='bbox 862 2477 990 2504; x_wconf 69' lang='lat' dir='ltr'><strong>poenam.</strong></span> 
     </span>
    </p>
   </div>
   <div class='ocr_carea' id='block_1_99' title="bbox 186 2514 972 2551">
    <p class='ocr_par' dir='ltr' id='par_1_99' title="bbox 186 2514 972 2551">
     <span class='ocr_line' id='line_1_99' title="bbox 186 2514 972 2551; baseline 0.001 -9"><span class='ocrx_word' id='word_1_714' title='bbox 186 2514 295 2547; x_wconf 61' lang='lat' dir='ltr'><strong>animai,</strong></span> <span class='ocrx_word' id='word_1_715' title='bbox 321 2519 451 2549; x_wconf 89' lang='lat' dir='ltr'><strong>tanquam</strong></span> <span class='ocrx_word' id='word_1_716' title='bbox 475 2515 532 2544; x_wconf 89' lang='lat' dir='ltr'><strong>sola</strong></span> <span class='ocrx_word' id='word_1_717' title='bbox 562 2521 697 2551; x_wconf 82' lang='lat' dir='ltr'><strong>pecasset,</strong></span> <span class='ocrx_word' id='word_1_718' title='bbox 722 2517 836 2551; x_wconf 77' lang='lat' dir='ltr'><strong>irrogas.</strong></span> <span class='ocrx_word' id='word_1_719' title='bbox 854 2515 883 2542; x_wconf 90' lang='lat' dir='ltr'><strong>Si</strong></span> <span class='ocrx_word' id='word_1_720' title='bbox 899 2515 972 2543; x_wconf 91' lang='lat' dir='ltr'><strong>enim</strong></span> 
     </span>
    </p>
   </div>
   <div class='ocr_carea' id='block_1_100' title="bbox 222 2598 523 2632">
    <p class='ocr_par' dir='ltr' id='par_1_100' title="bbox 222 2598 523 2632">
     <span class='ocr_line' id='line_1_100' title="bbox 222 2598 523 2632; baseline 0 -5"><span class='ocrx_word' id='word_1_721' title='bbox 222 2605 236 2620; x_wconf 65' lang='grc' dir='ltr'><strong>ιι</strong></span> <span class='ocrx_word' id='word_1_722' title='bbox 256 2598 266 2627; x_wconf 94' lang='lat' dir='ltr'><strong>l</strong></span> <span class='ocrx_word' id='word_1_723' title='bbox 281 2598 344 2628; x_wconf 85' lang='lat' dir='ltr'><strong>Cor.</strong></span> <span class='ocrx_word' id='word_1_724' title='bbox 357 2607 403 2632; x_wconf 86' lang='lat' dir='ltr'><strong>xv,</strong></span> <span class='ocrx_word' id='word_1_725' title='bbox 418 2599 462 2631; x_wconf 75' lang='grc'><strong>15,</strong></span> <span class='ocrx_word' id='word_1_726' title='bbox 478 2599 523 2627; x_wconf 83' lang='grc'><strong>56.</strong></span> 
     </span>
    </p>
   </div>
   <div class='ocr_carea' id='block_1_101' title="bbox 1024 2283 1822 2322">
    <p class='ocr_par' dir='ltr' id='par_1_101' title="bbox 1024 2283 1822 2322">
     <span class='ocr_line' id='line_1_101' title="bbox 1024 2283 1822 2322; baseline -0.004 -9"><span class='ocrx_word' id='word_1_727' title='bbox 1024 2286 1075 2322; x_wconf 82' lang='grc' dir='ltr'>τῆς</span> <span class='ocrx_word' id='word_1_728' title='bbox 1089 2286 1196 2322; x_wconf 85' lang='grc' dir='ltr'>μήτρας</span> <span class='ocrx_word' id='word_1_729' title='bbox 1211 2287 1252 2318; x_wconf 78' lang='grc' dir='ltr'><strong>εἰς</strong></span> <span class='ocrx_word' id='word_1_730' title='bbox 1279 2286 1351 2322; x_wconf 80' lang='grc' dir='ltr'>ζωήν</span> <span class='ocrx_word' id='word_1_731' title='bbox 1366 2284 1579 2320; x_wconf 79' lang='grc' dir='ltr'>πλαστουργίαν,</span> <span class='ocrx_word' id='word_1_732' title='bbox 1605 2285 1777 2320; x_wconf 76' lang='grc' dir='ltr'>σπερμάτων</span> <span class='ocrx_word' id='word_1_733' title='bbox 1792 2283 1822 2310; x_wconf 73' lang='grc' dir='ltr'>δὲ</span> 
     </span>
    </p>
   </div>
   <div class='ocr_carea' id='block_1_102' title="bbox 1024 2329 1822 2369">
    <p class='ocr_par' dir='ltr' id='par_1_102' title="bbox 1024 2329 1822 2369">
     <span class='ocr_line' id='line_1_102' title="bbox 1024 2329 1822 2369; baseline -0.005 -10"><span class='ocrx_word' id='word_1_734' title='bbox 1024 2332 1120 2364; x_wconf 86' lang='grc' dir='ltr'>τύποις</span> <span class='ocrx_word' id='word_1_735' title='bbox 1133 2332 1238 2367; x_wconf 78' lang='grc' dir='ltr'>βεϐαιοῖ</span> <span class='ocrx_word' id='word_1_736' title='bbox 1255 2331 1305 2368; x_wconf 85' lang='grc' dir='ltr'>τὴν</span> <span class='ocrx_word' id='word_1_737' title='bbox 1328 2331 1493 2364; x_wconf 87' lang='grc' dir='ltr'>ἀνάστασιν;</span> <span class='ocrx_word' id='word_1_738' title='bbox 1508 2330 1567 2369; x_wconf 71' lang='grc' dir='ltr'>ᾔδει</span> <span class='ocrx_word' id='word_1_739' title='bbox 1585 2329 1680 2362; x_wconf 66' lang='grc' dir='ltr'>ζῶσαν</span> <span class='ocrx_word' id='word_1_740' title='bbox 1693 2331 1726 2366; x_wconf 84' lang='grc' dir='ltr'><strong>τῇ</strong></span> <span class='ocrx_word' id='word_1_741' title='bbox 1742 2329 1822 2365; x_wconf 86' lang='grc' dir='ltr'>νηδύῖ</span> 
     </span>
    </p>
   </div>
   <div class='ocr_carea' id='block_1_103' title="bbox 1024 2376 1820 2414">
    <p class='ocr_par' dir='ltr' id='par_1_103' title="bbox 1024 2376 1820 2414">
     <span class='ocr_line' id='line_1_103' title="bbox 1024 2376 1820 2414; baseline -0.005 -8"><span class='ocrx_word' id='word_1_742' title='bbox 1024 2379 1074 2414; x_wconf 85' lang='grc' dir='ltr'>τὴν</span> <span class='ocrx_word' id='word_1_743' title='bbox 1087 2378 1121 2405; x_wconf 82' lang='grc' dir='ltr'><strong>τὰ</strong></span> <span class='ocrx_word' id='word_1_744' title='bbox 1134 2378 1221 2414; x_wconf 80' lang='grc' dir='ltr'>βρέφη</span> <span class='ocrx_word' id='word_1_745' title='bbox 1238 2378 1342 2414; x_wconf 77' lang='grc' dir='ltr'>σποράν</span> <span class='ocrx_word' id='word_1_746' title='bbox 1363 2377 1590 2408; x_wconf 80' lang='grc' dir='ltr'>διαπλάττουσα-ν,</span> <span class='ocrx_word' id='word_1_747' title='bbox 1617 2377 1713 2412; x_wconf 67' lang='grc' dir='ltr'>ἐζήτει</span> <span class='ocrx_word' id='word_1_748' title='bbox 1728 2376 1759 2403; x_wconf 84' lang='grc' dir='ltr'>δὲ</span> <span class='ocrx_word' id='word_1_749' title='bbox 1773 2383 1820 2402; x_wconf 86' lang='grc' dir='ltr'>νε-</span> 
     </span>
    </p>
   </div>
   <div class='ocr_carea' id='block_1_104' title="bbox 1026 2421 1820 2460">
    <p class='ocr_par' dir='ltr' id='par_1_104' title="bbox 1026 2421 1820 2460">
     <span class='ocr_line' id='line_1_104' title="bbox 1026 2421 1820 2460; baseline -0.006 -8"><span class='ocrx_word' id='word_1_750' title='bbox 1026 2424 1100 2460; x_wconf 85' lang='grc' dir='ltr'>κρῶν</span> <span class='ocrx_word' id='word_1_751' title='bbox 1116 2433 1197 2451; x_wconf 89' lang='grc' dir='ltr'>τινων</span> <span class='ocrx_word' id='word_1_752' title='bbox 1208 2424 1313 2460; x_wconf 75' lang='grc' dir='ltr'>ὁρατῶς</span> <span class='ocrx_word' id='word_1_753' title='bbox 1321 2423 1485 2455; x_wconf 80' lang='grc' dir='ltr'>άναζώντων</span> <span class='ocrx_word' id='word_1_754' title='bbox 1501 2422 1604 2454; x_wconf 83' lang='grc' dir='ltr'>εἰκόνα,</span> <span class='ocrx_word' id='word_1_755' title='bbox 1619 2426 1667 2449; x_wconf 75' lang='grc' dir='ltr'>καὶ</span> <span class='ocrx_word' id='word_1_756' title='bbox 1681 2422 1727 2449; x_wconf 74' lang='grc' dir='ltr'><strong>διὰ</strong></span> <span class='ocrx_word' id='word_1_757' title='bbox 1740 2421 1820 2448; x_wconf 76' lang='grc' dir='ltr'>τοῦτο</span> 
     </span>
    </p>
   </div>
   <div class='ocr_carea' id='block_1_105' title="bbox 1026 2465 1818 2506">
    <p class='ocr_par' dir='ltr' id='par_1_105' title="bbox 1026 2465 1818 2506">
     <span class='ocr_line' id='line_1_105' title="bbox 1026 2465 1818 2506; baseline -0.006 -9"><span class='ocrx_word' id='word_1_758' title='bbox 1026 2470 1163 2506; x_wconf 78' lang='grc' dir='ltr'>ἀπέϐλεψε</span> <span class='ocrx_word' id='word_1_759' title='bbox 1186 2470 1255 2506; x_wconf 79' lang='grc' dir='ltr'>πρὸς</span> <span class='ocrx_word' id='word_1_760' title='bbox 1280 2469 1314 2497; x_wconf 82' lang='grc' dir='ltr'><strong>τὰ</strong></span> <span class='ocrx_word' id='word_1_761' title='bbox 1342 2469 1498 2505; x_wconf 76' lang='grc' dir='ltr'>σπέρματα,</span> <span class='ocrx_word' id='word_1_762' title='bbox 1515 2469 1548 2495; x_wconf 80' lang='lat' dir='ltr'><strong>Ol</strong></span> <span class='ocrx_word' id='word_1_763' title='bbox 1564 2468 1620 2503; x_wconf 78' lang='grc' dir='ltr'><strong>γὰρ</strong></span> <span class='ocrx_word' id='word_1_764' title='bbox 1632 2469 1730 2495; x_wconf 79' lang='grc' dir='ltr'>κόκκοι</span> <span class='ocrx_word' id='word_1_765' title='bbox 1749 2465 1818 2502; x_wconf 83' lang='grc' dir='ltr'>μετὰ</span> 
     </span>
    </p>
   </div>
   <div class='ocr_carea' id='block_1_106' title="bbox 1026 2513 1819 2552">
    <p class='ocr_par' dir='ltr' id='par_1_106' title="bbox 1026 2513 1819 2552">
     <span class='ocr_line' id='line_1_106' title="bbox 1026 2513 1819 2552; baseline -0.008 -8"><span class='ocrx_word' id='word_1_766' title='bbox 1026 2516 1076 2552; x_wconf 87' lang='grc' dir='ltr'>τὴν</span> <span class='ocrx_word' id='word_1_767' title='bbox 1096 2517 1129 2543; x_wconf 85' lang='grc' dir='ltr'>ὲκ</span> <span class='ocrx_word' id='word_1_768' title='bbox 1152 2516 1260 2552; x_wconf 85' lang='grc' dir='ltr'>σήψεως</span> <span class='ocrx_word' id='word_1_769' title='bbox 1276 2517 1409 2552; x_wconf 87' lang='grc' dir='ltr'>νέκρωσιν</span> <span class='ocrx_word' id='word_1_770' title='bbox 1423 2515 1471 2543; x_wconf 75' lang='grc' dir='ltr'>καὶ</span> <span class='ocrx_word' id='word_1_771' title='bbox 1488 2515 1591 2551; x_wconf 65' lang='grc' dir='ltr'>φθοράν</span> <span class='ocrx_word' id='word_1_772' title='bbox 1619 2514 1751 2547; x_wconf 74' lang='grc' dir='ltr'>ἁναζῶσι,</span> <span class='ocrx_word' id='word_1_773' title='bbox 1771 2513 1819 2539; x_wconf 83' lang='grc' dir='ltr'>καὶ</span> 
     </span>
    </p>
   </div>
   <div class='ocr_carea' id='block_1_107' title="bbox 821 2642 1168 2672">
    <p class='ocr_par' dir='ltr' id='par_1_107' title="bbox 821 2642 1168 2672">
     <span class='ocr_line' id='line_1_107' title="bbox 821 2642 1168 2672; baseline 0.003 -2"><span class='ocrx_word' id='word_1_774' title='bbox 821 2643 940 2672; x_wconf 65' lang='lat' dir='ltr'><strong>VARIE</strong></span> <span class='ocrx_word' id='word_1_775' title='bbox 960 2642 1168 2672; x_wconf 81' lang='lat' dir='ltr'><strong>LECTIONES.</strong></span> 
     </span>
    </p>
   </div>
   <div class='ocr_carea' id='block_1_108' title="bbox 223 2719 1637 2758">
    <p class='ocr_par' dir='ltr' id='par_1_108' title="bbox 223 2719 1637 2758">
     <span class='ocr_line' id='line_1_108' title="bbox 223 2719 1637 2758; baseline -0.005 -6"><span class='ocrx_word' id='word_1_776' title='bbox 223 2725 242 2739; x_wconf 88' lang='lat'>“</span> <span class='ocrx_word' id='word_1_777' title='bbox 260 2725 274 2751; x_wconf 85' lang='grc' dir='ltr'>ὁ</span> <span class='ocrx_word' id='word_1_778' title='bbox 288 2730 343 2751; x_wconf 89' lang='lat' dir='ltr'><strong>om.</strong></span> <span class='ocrx_word' id='word_1_779' title='bbox 361 2723 395 2751; x_wconf 87' lang='lat' dir='ltr'><strong>A.</strong></span> <span class='ocrx_word' id='word_1_780' title='bbox 435 2723 454 2738; x_wconf 82' lang='lat'>&quot;</span> <span class='ocrx_word' id='word_1_781' title='bbox 471 2722 513 2758; x_wconf 80' lang='grc' dir='ltr'>τε]</span> <span class='ocrx_word' id='word_1_782' title='bbox 529 2722 558 2748; x_wconf 76' lang='grc' dir='ltr'><strong>δέ.</strong></span> <span class='ocrx_word' id='word_1_783' title='bbox 570 2721 601 2748; x_wconf 82' lang='grc' dir='ltr'><strong>Β.</strong></span> <span class='ocrx_word' id='word_1_784' title='bbox 642 2721 664 2737; x_wconf 82' lang='grc'><strong>¹³</strong></span> <span class='ocrx_word' id='word_1_785' title='bbox 681 2721 786 2755; x_wconf 82' lang='grc' dir='ltr'>γένεσις</span> <span class='ocrx_word' id='word_1_786' title='bbox 802 2721 832 2748; x_wconf 86' lang='grc' dir='ltr'><strong>Β.</strong></span> <span class='ocrx_word' id='word_1_787' title='bbox 873 2721 895 2736; x_wconf 67' lang='grc' dir='ltr'>η</span> <span class='ocrx_word' id='word_1_788' title='bbox 908 2721 1104 2757; x_wconf 77' lang='grc' dir='ltr'>ὲνειλημμένον</span> <span class='ocrx_word' id='word_1_789' title='bbox 1114 2721 1145 2748; x_wconf 87' lang='grc' dir='ltr'>Λ.</span> <span class='ocrx_word' id='word_1_790' title='bbox 1188 2721 1211 2738; x_wconf 83' lang='grc'><strong>¹⁵</strong></span> <span class='ocrx_word' id='word_1_791' title='bbox 1220 2722 1249 2748; x_wconf 81' lang='grc' dir='ltr'>ἐν</span> <span class='ocrx_word' id='word_1_792' title='bbox 1264 2720 1326 2748; x_wconf 87' lang='lat' dir='ltr'><strong>add.</strong></span> <span class='ocrx_word' id='word_1_793' title='bbox 1341 2719 1374 2748; x_wconf 79' lang='grc' dir='ltr'><strong>Δ.</strong></span> <span class='ocrx_word' id='word_1_794' title='bbox 1415 2720 1436 2735; x_wconf 78' lang='grc'><strong>¹⁶</strong></span> <span class='ocrx_word' id='word_1_795' title='bbox 1454 2720 1486 2755; x_wconf 83' lang='grc' dir='ltr'><strong>δή</strong></span> <span class='ocrx_word' id='word_1_796' title='bbox 1503 2720 1524 2747; x_wconf 79' lang='grc' dir='ltr'><strong>Δ</strong></span> <span class='ocrx_word' id='word_1_797' title='bbox 1542 2729 1549 2746; x_wconf 90' lang='lat'><strong>:</strong></span> <span class='ocrx_word' id='word_1_798' title='bbox 1563 2719 1591 2745; x_wconf 87' lang='grc' dir='ltr'><strong>δέ</strong></span> <span class='ocrx_word' id='word_1_799' title='bbox 1606 2726 1637 2750; x_wconf 81' lang='grc' dir='ltr'>ς.</span> 
     </span>
    </p>
   </div>
   <div class='ocr_carea' id='block_1_109' title="bbox 950 2790 1065 2818">
    <p class='ocr_par' dir='ltr' id='par_1_109' title="bbox 950 2790 1065 2818">
     <span class='ocr_line' id='line_1_109' title="bbox 950 2790 1065 2818; baseline 0.009 -1"><span class='ocrx_word' id='word_1_800' title='bbox 950 2790 1065 2818; x_wconf 66' lang='lat' dir='ltr'><strong>NOTAE.</strong></span> 
     </span>
    </p>
   </div>
   <div class='ocr_carea' id='block_1_110' title="bbox 224 2853 1814 2895">
    <p class='ocr_par' dir='ltr' id='par_1_110' title="bbox 224 2853 1814 2895">
     <span class='ocr_line' id='line_1_110' title="bbox 224 2853 1814 2895; baseline -0.003 -7"><span class='ocrx_word' id='word_1_801' title='bbox 224 2862 278 2895; x_wconf 82' lang='lat' dir='ltr'><strong>(t8)</strong></span> <span class='ocrx_word' id='word_1_802' title='bbox 291 2861 379 2887; x_wconf 74' lang='lat' dir='ltr'><strong>Animi</strong></span> <span class='ocrx_word' id='word_1_803' title='bbox 395 2864 422 2886; x_wconf 85' lang='lat' dir='ltr'><strong>et</strong></span> <span class='ocrx_word' id='word_1_804' title='bbox 439 2860 562 2893; x_wconf 80' lang='lat' dir='ltr'><strong>corporis</strong></span> <span class='ocrx_word' id='word_1_805' title='bbox 578 2857 754 2893; x_wconf 81' lang='lat' dir='ltr'><strong>comparatio.</strong></span> <span class='ocrx_word' id='word_1_806' title='bbox 771 2858 897 2894; x_wconf 79' lang='lat' dir='ltr'><strong>Legenda</strong></span> <span class='ocrx_word' id='word_1_807' title='bbox 928 2864 969 2888; x_wconf 88' lang='lat' dir='ltr'><strong>cst</strong></span> <span class='ocrx_word' id='word_1_808' title='bbox 988 2859 1077 2888; x_wconf 82' lang='lat' dir='ltr'><strong>Aurea</strong></span> <span class='ocrx_word' id='word_1_809' title='bbox 1106 2857 1229 2895; x_wconf 76' lang='lat' dir='ltr'><strong>Gregorii</strong></span> <span class='ocrx_word' id='word_1_810' title='bbox 1264 2858 1384 2887; x_wconf 65' lang='lat' dir='ltr'><strong>Pala‘xta:</strong></span> <span class='ocrx_word' id='word_1_811' title='bbox 1415 2857 1501 2892; x_wconf 89' lang='lat' dir='ltr'><strong>cpisc.</strong></span> <span class='ocrx_word' id='word_1_812' title='bbox 1525 2853 1652 2884; x_wconf 81' lang='lat' dir='ltr'><strong>Tltessal.</strong></span> <span class='ocrx_word' id='word_1_813' title='bbox 1681 2858 1749 2885; x_wconf 86' lang='lat' dir='ltr'><strong>tom.</strong></span> <span class='ocrx_word' id='word_1_814' title='bbox 1765 2855 1814 2892; x_wconf 81' lang='lat' dir='ltr'><strong>1x,</strong></span> 
     </span>
    </p>
   </div>
   <div class='ocr_carea' id='block_1_111' title="bbox 187 2896 514 2929">
    <p class='ocr_par' dir='ltr' id='par_1_111' title="bbox 187 2896 514 2929">
     <span class='ocr_line' id='line_1_111' title="bbox 187 2896 514 2929; baseline -0.009 -4"><span class='ocrx_word' id='word_1_815' title='bbox 187 2897 316 2925; x_wconf 63' lang='lat' dir='ltr'><strong>huliotlt.</strong></span> <span class='ocrx_word' id='word_1_816' title='bbox 329 2897 379 2924; x_wconf 63' lang='lat' dir='ltr'><strong>SS.</strong></span> <span class='ocrx_word' id='word_1_817' title='bbox 392 2896 514 2929; x_wconf 74' lang='lat' dir='ltr'><strong>Patrum,</strong></span> 
     </span>
    </p>
   </div>
  </div>
