1959 3081
125 143 168 177 ξω

623 148 888 180 BIBLIOTHECA.
907 161 942 167 —
959 148 1041 180 COD.
1061 148 1249 183 CCLXXVI.‘

1689 148 1744 197 259

128 202 233 237 γίνονται
249 201 300 236 τῆς
318 201 373 228 τῶν
388 201 492 238 νεκρῶν
506 201 681 236 ἁναϐιώσεως
704 204 902 240 ἐναργέστατον

965 205 1044 233 mima
1070 205 1128 233 sola
1157 205 1403 234 remunerationem
1416 205 1512 241 513b
1531 204 1664 232 bonorum
1677 212 1744 239 ope-

126 248 259 283 σύμϐολον.
273 247 356 284 [1552
370 247 417 285 ιι]
432 248 548 281 ’Λδικεῐς
569 249 618 285 τὴν
627 250 718 285 ψυχὴν
737 250 903 286 συνηγορίας

125 296 301 331 προσχήματι,
310 295 359 321 καὶ
368 296 402 330 τῇ
415 295 485 330 πρὸς
496 295 528 322 τὸ
541 295 621 329 σῶμα
633 296 707 332 μάχῃ
722 296 783 324 κατ’
795 297 902 333 ἐκείνης

125 340 225 377 ὁπλίζῃ.
246 340 301 372 Τάς
319 340 374 375 γὰρ
387 340 442 367 τῶν
455 341 651 376 πραττομένων
665 342 783 377 ἀμοισάς
801 342 839 378 μὴ
853 351 903 378 με·

127 386 201 422 ρίζων
220 387 254 421 τῇ
276 386 349 422 ψυχῇ
371 386 419 414 καὶ
435 387 485 422 τὴν
497 387 547 423 τῆς
563 388 663 422 σαρκὸς
673 388 712 420 ὡς
729 389 796 425 μόνῃ
814 390 905 426 πλημ-

127 432 237 468 μελούσῃ
250 431 384 468 τιμωρίαν
402 433 570 467 συνεισάγεις
586 434 617 460 ¹⁷.
636 434 667 460 El
677 434 731 471 γὰρ
749 434 839 471 ψυχῆς
853 435 904 471 μό-

126 486 170 513 νης
191 478 219 504 αἱ
244 477 307 514 [857
323 477 369 514 IL]
394 477 448 504 τῶν
473 478 563 505 πόνων
580 479 627 505 καὶ
650 479 905 516 ἀνδραγαθημάτων

126 523 241 558 ἀμοιϐαὶ,
260 522 341 557 δῆλον
357 523 398 550 ὅτι
419 523 467 550 καὶ
489 519 528 551 ὢν
543 523 668 559 ἥμαρτεν
690 525 704 551 ὁ
719 523 864 561 ἄνθρωπος
875 525 905 552 αἱ

126 568 259 604 τιμωρίαι.
281 568 352 595 Ἀλλ’
365 568 415 604 δρα
430 568 468 604 μὴ
481 569 587 604 σώματι
602 570 650 596 καὶ
664 570 737 606 ψυχῇ
752 571 867 607 καθίζῃς
882 571 905 588 ⁸⁸

126 614 181 640 κατ’
195 614 318 648 ἀλλήλων
328 614 479 650 κριτήριον.
497 615 580 650 Σῶμα
595 615 644 650 μὲν
653 617 709 652 γὰρ
726 617 839 649 εἰκότως
856 626 906 644 και

126 660 283 695 ταεοήσεται
307 659 407 695 ψυχῆς,
434 660 489 687 τῶν
508 661 728 696 κατορθωμάτων
747 662 829 689 αὐτοῦ
856 662 906 695 τὰς

126 705 204 740 τιμὰς
218 705 403 741 ἀρπαζούσης,
416 706 489 742 ψυχὴ
505 706 528 732 δ’
537 706 570 733 αὖ
585 705 721 741 σώματος,
737 708 787 739 τὰς
800 707 906 742 ὀφειλο-

128 752 207 786 μένας
220 752 328 787 πληγὰς
336 751 431 788 ἐκείνῳ
441 752 507 788 μόνη
521 753 741 788 είσπραττομένη
754 753 786 780 ¹⁹.
797 754 907 781 Μᾶλλον

126 798 146 824 δ’
169 798 296 832 ἑκάτερον
322 797 411 825 αὐτῶν
426 798 588 834 παροξύνεις
602 799 673 826 κατὰ
693 799 742 826 τοῦ
753 800 860 835 κριτοῦ,
875 800 907 827 τι

128 845 184 879 μὲν,
198 842 238 876 οἷς
250 845 310 871 δέον
324 845 395 880 εχειν
408 845 526 880 ἀμοιϐὰς
535 841 573 873 ὧν
584 846 740 882 ἐστέρηται,
753 846 802 882 τὴν
816 847 855 880 δὲ,
869 843 908 874 ὧν

126 891 171 925 οὺχ
187 890 321 924 ὑπαίτιος,
331 890 391 918 δέον
404 890 466 926 μηδ’
477 890 638 918 εὐθύνεσθαι
647 889 688 924 οἷς
702 893 905 928 εἰσπράττεται.

127 937 231 972 Σώματί
248 946 282 973 με
299 936 428 972 συνῆψας,
445 934 467 964 ὧ
482 937 613 971 Δέσποτα,
625 939 675 974 τὴν
689 939 845 974 ἀσώματον,
861 940 908 967 καὶ

128 983 191 1018 μόνῃ
203 983 252 1014 τὰς
266 983 311 1009 ἐπὶ
321 984 371 1018 τῆς
386 984 436 1018 γῆς
452 984 501 1010 οὐκ
521 984 685 1016 ἐπίστευσας
709 985 833 1020 πράξεις,
861 986 909 1013 καὶ

126 1029 197 1064 παρὰ
209 1029 292 1063 μόνης
305 1029 431 1061 ἀπαιτεῖς
440 1030 489 1062 τὰς
503 1030 628 1063 εὐθύνας.
649 1031 704 1058 Καὶ
718 1031 815 1066 δίδωμι
831 1031 909 1064 δίκας

125 1071 161 1101 ὧν
175 1075 202 1102 al
214 1075 327 1109 πράξεις
341 1075 388 1102 τοῦ
414 1076 551 1110 σώματος,
572 1077 669 1112 μέθης,
691 1078 830 1113 πορνείας,
856 1086 909 1112 γα-

126 1120 315 1156 στριμαργίας.
336 1121 391 1148 Ποῦ
407 1121 460 1156 γὰρ
475 1122 560 1149 ταῦτα
576 1122 665 1158 ψυχῆς
675 1142 683 1155 ,
702 1122 796 1158 ὥσπερ
811 1123 910 1157 φθόνος

125 1170 203 1204 τυχὸν
212 1169 229 1204 ἢ
242 1168 322 1205 δόξης
332 1169 443 1196 ἀσέϐεια
454 1178 461 1201 ;
476 1169 570 1206 ὥσπερ
584 1170 639 1206 γὰρ
652 1170 683 1196 οὐ
702 1170 828 1205 σώματος
842 1169 909 1197 ταῦ-

125 1222 167 1245 τα.
181 1214 266 1247 οὕτως
283 1215 336 1241 οὔδ’
347 1216 440 1242 ἐκεῖνα
453 1215 553 1250 ψυχῆς,
571 1216 595 1242 εί
617 1215 667 1242 καὶ
686 1216 771 1252 χωρὶς
793 1216 909 1253 θατέρου

125 1260 236 1295 θάτερον
250 1260 333 1295 ἀργὸν
347 1260 415 1296 πρὸς
426 1262 554 1296 ἑκάτερα.
569 1261 605 1288 Τὸ
618 1261 698 1297 σῶμα
710 1262 734 1289 δ’
746 1262 779 1289 ἂν
794 1262 862 1290 ἄλλα
880 1271 909 1290 τε

125 1306 189 1340 φαίη
209 1306 313 1339 δίκαια,
332 1306 380 1333 καὶ
395 1307 432 1338 ὡς
456 1306 511 1341 ἐγὼ
533 1307 583 1342 τὴν
610 1308 695 1342 ὑπὲρο
706 1307 908 1344 σοῢιτελευτὴν,

125 1352 180 1379 ἀλλ’
192 1352 241 1387 οὐχ
254 1353 271 1387 ὴ
294 1352 367 1388 ψυχὴ
385 1352 501 1387 δέχεται.
517 1352 584 1380 Οὐδὲ
607 1353 661 1389 γὰρ
674 1353 805 1388 πέφυκεν.
827 1354 910 1389 Ἐμὸν

125 1397 155 1424 τὸ
182 1398 273 1424 πονεῖν
298 1397 342 1424 διὰ
359 1399 421 1429 τοὺς
450 1398 513 1429 σοὺς
529 1398 628 1432 νόμους
644 1399 791 1433 νηστείαις,
822 1399 908 1434 ἀγρυ-

125 1442 214 1474 πνίαις
225 1451 233 1459 ·
247 1443 292 1470 διὰ
317 1443 373 1470 τῶν
384 1443 457 1478 ἐμῶν
474 1443 562 1474 μελῶν
588 1444 606 1478 ἡ
621 1443 764 1477 παρθενία.
787 1444 850 1477 Πῶς
863 1444 910 1472 οὖν

126 1489 174 1515 οὐκ
186 1487 287 1518 ἄδικον.
299 1488 374 1523 ἐμῶν
383 1488 439 1514 τῶν
453 1488 541 1514 ἄθλων
552 1488 647 1521 ὅντων,
657 1488 708 1523 τὴν
721 1488 810 1524 ψυχὴν
826 1490 911 1525 χωρὶς

952 251 1214 286 rum,laboruntque
1229 252 1338 285 habeat,
1349 256 1423 287 patet
1435 252 1516 279 etiam
1532 259 1627 279 eorum
1643 250 1743 286 quibus

952 297 1035 326 homo
1067 299 1200 333 peccavit,
1217 306 1325 334 pmnam
1360 298 1446 326 solam
1465 305 1527 325 esse
1537 297 1676 325 daturam.
1690 296 1744 324 Sed

953 344 1016 372 vide
1038 351 1072 371 ne
1095 352 1196 379 corpus
1217 349 1244 372 et
1263 345 1382 372 animam
1395 344 1528 372 adversus
1545 351 1606 371 sese
1626 343 1744 370 invicem

954 387 982 415 in
1003 388 1140 423 judicium
1156 396 1246 415 voces.
1260 388 1359 416 Merito
1369 389 1442 416 enim
1461 395 1562 423 corpus
1577 395 1639 416 cum
1654 387 1744 414 anima

953 435 1146 470 expostularet,
1161 435 1184 463 si
1201 436 1320 464 honores
1335 440 1410 463 recte
1427 435 1563 463 factorum
1575 435 1628 463 sibi
1641 434 1746 462 adime-

954 484 998 507 ret
1011 490 1018 507 z
1034 482 1180 516 animaque
1192 481 1314 509 vicissim
1330 489 1392 510 cum
1405 489 1528 517 corpore,
1543 481 1566 509 si
1585 481 1692 508 debitas
1707 479 1746 508 illi

955 533 1051 561 pmnas
1069 534 1099 555 se
1119 528 1208 555 solum
1228 528 1332 555 videret
1357 529 1495 556 sustinere
1517 532 1654 563 oportere.
1674 526 1746 560 Quin

955 572 1046 607 potius
1077 577 1225 608 utrumque
1249 577 1344 600 contra
1368 573 1488 608 judicem
1511 573 1610 601 incitas
1627 579 1748 607 :corpns

956 618 1077 653 quidem,
1089 618 1152 654 quia
1166 619 1358 653 retributione,
1369 627 1451 655 quam
1472 626 1604 653 meretur,
1613 620 1747 655 privatur;

956 664 1075 692 animam
1087 672 1163 697 vero,
1177 666 1249 700 quod
1258 673 1353 693 eorum
1369 673 1486 701 quorum
1503 673 1558 693 non
1569 670 1610 693 est
1625 665 1748 696 conscia,

956 717 1044 745 paenae
1069 711 1104 738 ab
1128 718 1159 739 ea
1182 712 1338 746 exigantur.
1365 710 1507 746 Copulasti
1524 718 1579 743 me,
1595 710 1748 741 oDomine,

957 757 1065 791 corpori
1087 756 1289 792 incorpoream,
1302 760 1329 784 et
1344 757 1395 785 soli
1412 756 1480 784 milii
1495 764 1540 784 res
1556 761 1679 784 terrenas
1696 764 1749 783 non

957 802 1131 836 commisisti,
1146 807 1174 831 et
1193 811 1208 830 a
1223 810 1267 830 tne
1282 803 1341 830 sola
1360 810 1471 838 poenam
1486 803 1585 838 exigis,
1597 807 1625 830 et
1643 800 1678 829 do
1691 809 1749 836 po:—

923 860 945 888 B
958 856 1008 876 nas
1023 857 1132 883 eorum,
1148 849 1247 884 quibus
1263 856 1363 884 corpus
1377 849 1511 884 peccavit,
1523 848 1676 881 ebrietatis,
1692 847 1750 875 for-

959 895 1204 929 uicationis,gul:e.
1213 894 1266 922 Ubi
1280 894 1353 921 enim
1370 899 1435 921 sunt
1449 894 1507 921 haec
1518 893 1617 921 anima:
1627 893 1750 928 propria,

960 947 990 970 ut
1003 940 1103 969 invidia
1119 940 1202 973 forte,
1213 940 1257 968 vel
1272 939 1407 967 haeresis?
1421 939 1656 972 Quemadmodum
1677 938 1752 965 enim

959 989 1018 1016 inec
1038 994 1092 1014 non
1109 990 1172 1014 sunt
1188 986 1324 1021 corporis,
1348 985 1388 1013 sic
1407 991 1495 1019 neque
1515 984 1560 1011 illa
1574 983 1683 1015 animae,
1700 983 1752 1010 etsi

959 1035 1075 1062 alterum
1102 1033 1161 1061 sine
1184 1033 1270 1061 altero
1291 1032 1326 1060 ad
1353 1036 1470 1067 utraque
1496 1030 1630 1065 ineptum.
1646 1029 1754 1064 Corpus

959 1088 1024 1108 vero
1045 1088 1107 1107 cum
1134 1080 1186 1107 alia
1206 1087 1256 1114 pro
1270 1086 1300 1107 se
1318 1078 1391 1106 dicat
1405 1078 1478 1113 justa
1489 1098 1496 1111 ,
1516 1082 1585 1108 tum,
1601 1084 1651 1110 ego
1664 1083 1712 1110 pro
1728 1080 1754 1102 te

961 1130 1076 1152 mortem
1101 1124 1215 1159 oppetii,
1235 1129 1290 1150 non
1316 1123 1418 1149 anima.
1432 1121 1490 1149 Non
1513 1121 1586 1149 enim
1601 1127 1693 1147 meum
1712 1122 1755 1146 est

959 1171 1084 1199 laborare
1094 1170 1129 1198 ob
1142 1170 1215 1205 leges
1223 1176 1285 1196 tuas
1295 1169 1416 1204 jejuniis,
1426 1173 1454 1196 et
1469 1168 1580 1203 vigiliis.
1598 1166 1650 1194 Per
1666 1173 1754 1193 ntem-

959 1218 1011 1246 bra
1027 1225 1087 1245 mea
1110 1216 1263 1251 virginitas.
1276 1215 1419 1248 Quomodo
1434 1215 1518 1250 igitur
1547 1221 1601 1241 non
1619 1213 1755 1247 iniquum,

960 1271 1021 1291 cum
1038 1270 1097 1289 mea
1120 1262 1175 1289 sint
1191 1262 1354 1292 certamina,
1374 1260 1493 1287 animam
1524 1259 1584 1287 sine
1609 1265 1654 1286 me
1676 1264 1758 1285 coro-

960 1317 1023 1337 nam
1051 1308 1186 1343 accipere.
1203 1307 1269 1340 Quae
1299 1311 1342 1334 est
1369 1305 1504 1334 sententia
1521 1312 1618 1334 eorum
1640 1303 1758 1339 judicii?

960 1355 1114 1383 Communis
1137 1362 1246 1387 merces,
1262 1358 1286 1380 et
1310 1353 1457 1380 communis
1478 1360 1568 1387 plena,
1590 1351 1654 1386 quia
1677 1350 1759 1377 etiaut

961 1400 1080 1435 utrisque
1095 1399 1246 1426 communia
1261 1406 1340 1432 opera
1355 1395 1648 1432 fuerunt.Quanquam
1668 1395 1694 1421 in
1706 1394 1759 1421 ali-

962 1447 1063 1482 quibus
1079 1445 1254 1473 contentione
1276 1452 1360 1472 unum
1379 1447 1489 1478 superat
1505 1443 1621 1470 alterum
1641 1451 1648 1469 :
1662 1446 1691 1469 et
1705 1440 1758 1468 sibi

964 1493 1079 1520 invicem
1108 1492 1255 1527 conjuncta
1280 1490 1368 1518 fuisse
1392 1490 1426 1517 ab
1453 1489 1534 1517 initio
1556 1488 1590 1516 ad
1600 1493 1761 1515 communes

126 1534 193 1569 ὲμοῦ
209 1534 357 1568 λαμϐάνειν
370 1535 405 1561 τά
414 1534 536 1567 ἐπαθλας
547 1534 590 1566 τίς
604 1534 681 1566 λύσις
701 1534 791 1562 αὐτῶν
808 1536 858 1571 τῆς
871 1537 913 1563 δί-

965 1539 1074 1567 labores
1092 1538 1253 1571 obeundas,
1283 1536 1483 1569 cOnﬁtendum,
1506 1538 1534 1562 et
1557 1533 1718 1564 sciendum,
1733 1535 1762 1559 et

125 1588 197 1616 κηςς
214 1581 319 1613 Κοινός
331 1582 348 1608 ὀ
359 1581 481 1615 μισθὸς,
507 1580 606 1608 κοιναὶ
617 1582 647 1608 αὶ
662 1581 774 1614 stata-al,
789 1582 834 1610 ὅτι
849 1592 911 1610 κοι-

126 1625 176 1653 ναὶ
192 1625 291 1652 αὐτῶν
305 1628 335 1653 al
351 1626 483 1660 πράξεις,
496 1626 549 1653 κᾶν
565 1626 608 1652 ἐπ’
623 1627 701 1654 ἐνίων
717 1627 747 1653 τὸ
761 1627 855 1664 ἕτερον
867 1628 913 1655 τοῦ

127 1672 315 1707 συγκρίματος
330 1673 477 1709 πλεονεκτῇ
503 1674 526 1690 ’(⁸
540 1674 586 1701 τοῦ
609 1674 716 1709 ἑτέρου,
731 1675 779 1700 καὶ
800 1675 851 1709 τὴν
867 1684 914 1702 συ-

967 1586 1035 1620 fore,
1052 1590 1082 1613 ut
1108 1591 1269 1612 communes
1294 1591 1429 1615 coronas,
1451 1587 1528 1618 parta
1542 1580 1656 1607 victoria
1686 1578 1760 1605 acci-

968 1632 1053 1667 piant.
1079 1637 1106 1660 et
1124 1632 1151 1660 in
1177 1632 1278 1667 quibus
1306 1633 1465 1666 peccarunt,
1487 1633 1649 1656 Communes
1666 1632 1762 1661 poenas

967 1678 1054 1705 luant.

128 1719 287 1754 ζευχθεῖσαν
298 1718 344 1745 ἀπ’
356 1720 443 1755 ἀρχῆς
458 1721 498 1752 εὶς
514 1721 623 1751 κοινοὺς
645 1720 744 1752 πόνους
760 1719 844 1748 δυάδα
853 1721 893 1748 δεῖ
905 1722 927 1738 ²¹
950 1723 1093 1758 ὁμολογεῖν
1109 1723 1156 1750 καὶ
1173 1723 1273 1750 εἰδέναι
1297 1722 1396 1750 κοινῶν
1409 1721 1521 1749 καὶτῶν
1538 1720 1678 1755 στεφάνων
1696 1718 1764 1746 ἀποο

127 1765 221 1792 λαύειν
234 1764 277 1799 ἐφ’
291 1763 332 1797 οἷς
358 1765 495 1800 νενίκηκε,
518 1766 567 1793 καὶ
583 1767 623 1798 είς
649 1765 742 1798 κοινὰς
757 1766 1051 1805 ἀπάχεσθαιτιμωρίας
1064 1765 1101 1796 ὧν
1113 1768 1337 1805 ἐπλημμέλησεν.

131 1869 189 1898 Τοῦ
207 1869 312 1903 αὑτοῦ,
335 1870 370 1896 ἐκ
390 1869 442 1897 τοῦ
463 1870 505 1904 εἰς
525 1869 559 1897 τὸ
583 1871 692 1905 Πάσχα
710 1871 804 1906 λόγου
819 1870 921 1898 δευτέ-

470 1925 528 1952 ρου
542 1917 577 1944 ¹².

173 1985 336 2016 ’Ᾱνάστασις
344 1984 392 2019 τῆς
403 1983 450 2011 τοῦ
461 1983 563 2019 Κυρίου
575 1983 705 2019 προνοίας
716 1982 748 2010 τὺ
759 1983 918 2018 κεφάλαιον·

129 2032 179 2059 τοῦ
193 2030 341 2065 κεφαλαίου
356 2031 385 2057 δὲ
398 2030 470 2066 ψυχὴ
498 2030 717 2065 μνημονεύουσα,
740 2029 788 2057 καὶ
806 2031 840 2065 τῇ
856 2029 921 2066 περὶ

129 2079 177 2105 τὸν
191 2077 340 2112 εὐεργέτην
353 2076 516 2112 εὐχαριστίᾳ
538 2076 658 2109 συζῶσα,
683 2076 743 2107 ταῖς
761 2075 808 2103 τοῦ
823 2075 922 2111 ἐχθροῦ

129 2123 286 2153 δυσάλωτος
310 2122 415 2156 γίνεται
440 2122 550 2156 πάγαις.
571 2121 699 2157 ’Δνάϐηοι
724 2121 793 2156 πρὸς
807 2120 857 2157 τὴν
869 2120 924 2148 τῶν

130 2168 287 2205 ἀνθρώπων
302 2167 493 2203 ἀρχαιολογίαν
507 2168 541 2200 ’³,
556 2168 604 2194 καὶ
613 2168 664 2203 τὴν
682 2167 733 2203 τῆς
747 2166 924 2200 ἀναστάσεως

131 2213 322 2249 σκιαγραφίαν
336 2213 473 2249 εὑρήσεις.
496 2213 528 2239 Ἠ
542 2212 591 2248 μὲν
603 2212 658 2247 γὰρ
672 2212 727 2239 τῶν
749 2212 857 2247 ἀλόγων
873 2211 925 2247 φύ-

130 2269 178 2292 σις
194 2260 315 2295 ἔμψυχος
330 2259 569 2295 δεδημιούργηται,
584 2258 624 2294 τῷ
641 2257 747 2293 σώματι
769 2258 820 2294 τῆς
834 2258 925 2294 ψυχῆς

133 2305 469 2341 συγκατασκευασθείσης·
482 2305 584 2339 ἄψυχος
596 2304 625 2330 δὲ
634 2303 649 2330 ό
666 2303 752 2339 Ἀδὰμ
767 2303 853 2338 πηλοῦ
865 2303 925 2330 δια-

131 2352 304 2383 πλασθέντος
330 2351 519 2387 μεμόρφωται,
537 2348 597 2377 εἶτα
620 2350 638 2385 ή
652 2349 726 2385 ψυχὴ
740 2349 780 2384 τῷ
801 2349 927 2385 ἐμφυσή-

135 2405 204 2433 ματι
214 2397 393 2432 μεμόρφωται
403 2397 435 2429 ’⁸,
448 2395 548 2432 μᾶλλον
561 2395 590 2422 δὲ
603 2394 712 2431 ἀληθῶς
724 2395 821 2427 εἰπεῖν,
837 2396 928 2422 ἔπεισα

133 2444 246 2476 ἀγεται,
260 2443 309 2469 καὶ
321 2442 371 2478 τὴν
383 2443 416 2469 ὲκ
429 2441 533 2477 νεκρῶν
546 2441 646 2473 εὐθέως
660 2442 675 2468 ὁ
694 2441 818 2475 πλάστης
834 2449 927 2476 προοι-

135 2489 269 2524 μιάζεται
280 2488 401 2524 ἔγερσιν.
412 2488 468 2515 Καὶ
484 2488 507 2504 ’⁵
522 2487 575 2514 οὐδ’
588 2488 620 2514 ὲκ
634 2487 747 2522 στερεᾶς
758 2486 805 2513 τὸν
819 2486 928 2521 πρωτό-

134 2535 260 2560 πλαστον
286 2533 442 2569 συντίθησιν
455 2533 531 2568 ὕλης,
559 2532 627 2560 ἀλλὰ
641 2532 690 2567 τῆς
701 2532 754 2567 γῆς
769 2532 800 2559 τὸ
812 2531 928 2567 χνοῶδες

133 2580 269 2615 χαλκεύει
288 2580 358 2616 πρὸς
374 2579 524 2616 μόρφωσιν,
539 2579 641 2606 πείθων
658 2580 690 2606 ἐκ
713 2578 865 2613 προοιμίων
882 2576 928 2603 τὸν

134 2627 255 2654 ἄπιστον
264 2626 318 2660 ὅτι,
330 2627 384 2654 κᾶν
393 2626 457 2662 χοῦς
501 2622 597 2661 νεκρὸς
612 2625 660 2652 καὶ
673 2625 811 2661 ἀκίνητος,
831 2625 896 2661 ῥᾷον
912 2624 930 2655 ἡ

176 2707 192 2729 b
209 2707 280 2735 Gen.
298 2715 331 2738 tt,
345 2707 374 2734 7.

1116 1873 1243 1909 Ejusdem
1262 1872 1346 1899 altera
1362 1871 1448 1898 oratio
1463 1871 1490 1898 in
1506 1869 1622 1897 Pascha.

1009 1986 1185 2014 Resurrectio
1208 1989 1251 2013 est
1274 1989 1356 2019 caput
1372 1982 1549 2019 providentia
1566 1979 1674 2008 Domini
1696 1987 1750 2008 :ca

974 2033 1039 2070 pitis
1059 2040 1125 2060 vero
1139 2031 1230 2059 anima
1256 2038 1371 2062 memor.
1392 2034 1419 2057 et
1440 2028 1542 2064 gratias
1555 2034 1639 2062 agens
1654 2025 1749 2052 benel'a

975 2069 1056 2109 etori,
1072 2075 1176 2104 inimici
1194 2074 1299 2110 laqueis
1320 2074 1380 2108 capi
1404 2081 1458 2100 non
1477 2075 1576 2107 potest.
1593 2069 1717 2098 Ascende
1733 2069 1767 2095 ad

977 2123 1151 2158 antiquorum
1167 2121 1310 2153 historias,
1322 2124 1349 2147 et
1363 2118 1469 2146 videbis
1481 2115 1693 2145 resurrectionis
1719 2114 1769 2141 ad-

977 2166 1188 2196 uinbratiouem.
1221 2164 1368 2192 Brutorum
1405 2163 1478 2190 enim
1515 2165 1614 2188 natura
1648 2159 1769 2187 animata

976 2219 1067 2243 creata
1082 2218 1135 2246 est,
1149 2213 1241 2240 anima
1255 2219 1318 2240 cum
1330 2217 1447 2246 corpore
1463 2208 1545 2237 simul
1553 2207 1673 2236 condita.
1683 2206 1768 2233 Adam

977 2266 1068 2290 autem
1094 2260 1153 2288 sine
1180 2259 1273 2287 anima
1302 2265 1319 2285 e
1349 2257 1408 2284 luto
1441 2255 1517 2282 ﬁctili
1553 2254 1687 2281 formatus
1717 2255 1769 2284 est,

977 2307 1075 2335 deinde
1102 2307 1194 2334 anima
1233 2305 1410 2340 inspiratione
1447 2301 1563 2329 formata
1578 2300 1650 2332 estb,
1686 2299 1769 2334 quin,

978 2359 1008 2382 ut
1039 2353 1130 2380 verius
1167 2352 1287 2387 loquar,
1331 2348 1526 2384 superinducta
1552 2350 1604 2374 est.
1634 2345 1668 2372 Et
1697 2351 1772 2372 mor-

979 2403 1088 2425 tuorum
1112 2394 1324 2424 resurrectionis
1353 2393 1468 2421 Creator
1503 2390 1684 2426 primordium
1717 2394 1773 2416 sta-

983 2444 1031 2470 tim
1062 2441 1136 2470 fecit.
1149 2439 1208 2468 Non
1239 2440 1312 2467 enim
1340 2446 1355 2467 e
1384 2438 1471 2466 solida
1501 2436 1700 2472 protoplastum
1732 2434 1773 2461 fe-

981 2487 1019 2515 cit
1045 2487 1175 2519 materia,
1196 2485 1242 2514 sed
1259 2484 1358 2520 515a
1386 2487 1468 2510 terra:
1496 2481 1634 2517 pulverem
1652 2480 1680 2507 in
1716 2479 1775 2506 ior-

981 2540 1055 2560 mam
1085 2532 1214 2564 adduxit,
1245 2531 1345 2558 tollens
1379 2528 1414 2556 ab
1449 2527 1526 2555 initio
1562 2526 1703 2554 hominum
1732 2524 1776 2550 in-t

982 2578 1150 2610 ﬁdelitatem,
1171 2576 1238 2612 quia
1257 2575 1310 2603 etsi
1334 2574 1425 2610 pulvis
1450 2573 1486 2601 sit
1515 2576 1641 2600 mortuus
1665 2575 1693 2598 et
1722 2569 1776 2596 im-

983 2624 1111 2656 mobilis,
1142 2623 1223 2651 facile
1258 2621 1351 2650 anima
1377 2627 1520 2656 resurgere
1548 2618 1632 2652 facit,
1655 2620 1682 2644 ct
1714 2614 1778 2642 nui-

775 2772 893 2801 VARIA‘]
910 2772 999 2801 LECT
1008 2772 1121 2802 IONES.

179 2864 202 2881 "
218 2865 338 2899 εἰσάγεις
354 2873 373 2896 ς
413 2863 434 2879 ’³
455 2862 576 2899 καθίζεις
591 2862 622 2889 Λ,
652 2864 654 2866 ’
673 2861 694 2878 η
707 2858 882 2899 πραττομένῃ
896 2858 930 2899 ᾼε

986 2859 1009 2875 ’⁸
1023 2859 1182 2886 πλεονεκτεῖ
1194 2866 1225 2890 ς.
1270 2858 1292 2873 ¹¹
1305 2856 1360 2883 δεῖν
1380 2855 1414 2882 Λ.
1465 2854 1487 2870 ²¹
1500 2852 1628 2890 δευτέρου
1652 2850 1733 2888 λόγου
1748 2859 1778 2884 ς.

138 2901 166 2917 ⁸³
185 2890 378 2936 addiderim",
389 2899 422 2927 Α.
461 2899 484 2914 ""
501 2890 680 2934 μεμύρφωται
690 2890 789 2933 μᾶλλον
805 2890 831 2922 ἓξ
847 2890 954 2929 ἀληθῶς
968 2895 1055 2922 εἰπεῖν
1070 2902 1126 2924 om.
1141 2895 1174 2922 Δ.
1215 2894 1238 2912 ’⁸
1250 2893 1296 2920 καὶ
1311 2890 1374 2919 add.
1389 2890 1423 2918 A.
