1959 3081
203 166 255 201 251

778 161 911 193 PHOTII
928 161 1181 193 PATRIARCH/E
1197 161 1254 191 (ΖΡ.

1779 157 1831 188 252

201 219 354 248 lumferens
369 217 514 253 vestigium
533 215 735 248 vivificationis,
769 224 819 243 nec
839 215 990 251 accipiens,

1052 214 1114 250 μυχὴ
1127 214 1195 250 πρὸς
1207 213 1355 240 ἀνάστασιν
1367 212 1429 247 ἄγει
1443 211 1490 238 καὶ
1503 210 1535 238 τὺ
1551 209 1611 246 μηδ’
1625 201 1693 245 ἴχνη
1705 209 1773 245 μήτε
1787 210 1833 237 λαμ

203 266 365 302 participem
407 264 497 291 reddit
539 263 628 290 vitalis
673 261 888 297 conjunctibnis.
935 260 996 288 Non

204 312 278 340 enim
303 310 482 345 corruptibile
498 317 599 349 corpus
619 308 694 340 fecit,
717 307 765 336 sed
787 313 910 344 tempore
925 315 996 343 quo-

205 361 268 384 dam
294 356 424 384 solutioni
450 355 552 389 tradit,
578 355 752 382 vitiositatem
783 356 856 382 vasis
868 362 902 382 ex
932 361 996 389 pec-

205 408 267 430 cato
292 410 410 437 purgans
433 409 466 430 ac
496 408 609 434 sanans,
635 406 662 428 et
693 400 875 436 putrefactum
891 401 995 435 peccati

205 447 372 475 mortalitate
404 447 561 480 inveniens,
590 446 687 475 mortis
712 446 825 475 fornace
863 446 997 479 dissolvit,

207 497 238 520 et
254 493 300 520 ubi
315 493 409 525 solvit,
421 500 469 520 vas
480 492 664 528 putrefactum
680 492 714 521 de
726 500 796 521 novo
818 492 929 525 format,
947 499 998 520 nec

213 539 371 571 admireris,
391 539 468 573 quasi
485 539 610 567 altiorem
624 543 706 574 captu
721 543 894 566 mortuorum
908 537 997 565 refor-

208 585 368 613 mationem.
385 585 474 613 Tnnta
487 586 560 613 enim
576 593 622 613 ars
634 590 677 614 est
692 586 797 614 lictoris
812 585 840 612 in
855 584 995 620 ﬁngendo,

209 633 239 656 ut
265 629 345 656 etiam
370 637 450 664 aqua;
473 635 601 658 naturaet
622 630 649 658 in
681 630 830 659 simulacra
855 629 883 657 in
903 634 998 657 ventre

209 673 319 708 formet,
337 674 387 702 hoc
399 675 467 702 mihi
485 675 572 711 magis
598 676 757 704 mirandum
773 675 890 708 videtur,
913 682 996 711 quam

210 721 272 756 ipsa
287 722 462 750 resurrectio.
480 723 520 751 Ibi
536 722 609 751 enim
634 731 650 752 e
667 723 778 759 pulvere
799 727 924 751 mortuus
942 723 998 750 for-

211 771 313 799 matur,
327 771 355 794 et
367 767 466 803 ﬁgulus
478 776 525 796 vas
538 777 554 797 e
564 773 636 796 terra
652 769 762 802 format,
777 769 879 797 nostris
890 768 998 805 artibus

213 811 316 840 similia
345 819 546 848 repraesentans
577 823 584 841 :
609 814 654 842 hic
683 821 748 842 vero
773 815 847 841 nuda
873 814 997 849 quaedam

211 861 286 892 gutta
302 857 438 886 factorum
452 864 495 886 est
511 859 611 892 lutum,
626 863 654 886 et
670 866 685 886 e
698 863 774 894 gutta
788 858 818 885 fit
831 858 935 886 animal
953 865 997 885 ra-

1047 260 1093 286 6ὸν
1113 259 1182 295 μήτε
1194 258 1277 293 φέρον
1294 257 1427 290 ζωώσεως
1448 255 1577 284 κοινωνὸν
1591 255 1709 282 ποιεῖται
1724 254 1833 290 ζωηφό-

1048 313 1093 340 ρου
1108 303 1295 339 συμϐιώσεως.
1315 303 1353 330 Οὐ
1365 303 1420 338 γὰρ
1433 302 1537 338 φθορᾶς
1558 301 1590 328 τδ
1608 300 1689 336 σῶμα
1706 300 1832 327 διέπλασι

1046 351 1246 387 παρανάλωμα,
1261 349 1330 377 ἀλλὰ
1343 349 1433 385 χρόνῳ
1445 348 1501 376 τινὶ
1511 347 1587 375 λύσει
1597 346 1775 382 παραδίδωσι,
1785 346 1833 380 τὴν

1046 397 1132 432 ὲκτῆς
1142 395 1262 433 [8581-L]
1271 395 1409 431 ἁμαρτίας
1416 394 1462 421 τοῦ
1473 394 1586 425 σκεύους
1599 392 1737 427 καθαίρων
1749 401 1779 418 τε
1787 391 1833 418 καὶ
1864 389 1866 391 ’

1047 441 1195 477 ἐξιώμενος
1203 441 1326 468 κάκωσιν
1336 448 1343 455 ·
1350 440 1398 467 καὶ
1409 440 1442 475 τῇ
1451 438 1527 474 παρὰ
1540 440 1588 473 τῆς
1598 438 1734 474 ἁμαρτίας
1746 435 1833 472 εὑρὼν

1050 486 1256 522 σεσαθρωμένον
1280 485 1422 520 θνητότητι
1434 503 1442 517 ,
1463 483 1504 519 τῷ
1523 483 1570 510 τοῦ
1587 483 1701 510 θανάτου
1715 482 1760 509 δια
1775 481 1833 508 λύει

1045 533 1222 570 χωνευτηρίῳ
1233 553 1241 566 ,
1265 532 1349 569 [1555
1362 531 1409 567 3.]
1425 531 1473 558 καὶ
1485 530 1570 562 λύσας
1586 529 1655 565 πρὸς
1669 529 1833 556 νεόπλαστον

1047 579 1144 611 σκεῦος
1162 579 1193 606 τὸ
1217 577 1356 613 σαθρωθὲν
1370 576 1546 604 ἀναπλάττει.
1572 575 1627 602 Καὶ
1644 575 1682 611 μὴ
1692 574 1834 609 θαυμάσῃς

1047 624 1085 656 ὡς
1100 624 1240 659 λογισμῶν
1257 623 1399 658 ἀνωτέραν
1413 622 1463 657 τὴν
1477 621 1531 648 τῶν
1544 621 1649 657 νεκρῶν
1665 619 1834 654 ἀναχάλκευ-

1048 677 1090 695 σιν
1101 677 1107 684 ·
1123 667 1241 703 τοσαύτη
1255 667 1310 703 γὰρ
1325 667 1394 702 πρὸς
1404 664 1641 701 άγαλματοποιίαν
1657 664 1674 699 ἡ
1690 663 1772 699 τέχνη
1787 662 1834 689 τοῦ

1048 714 1177 746 πλάστου,
1197 713 1235 745 ὠς
1250 712 1297 740 καὶ
1309 712 1390 747 φύσιν
1404 711 1499 743 ὕδατος
1515 711 1555 742 είς
1569 709 1732 745 ἀνδριάντας
1745 709 1773 735 ἐν
1783 717 1834 743 γα-

1049 760 1110 796 στρὶ
1124 759 1310 787 διαπλάττειν.
1320 758 1405 786 Τοῦτό
1419 767 1465 794 μοι
1480 755 1695 793 παραδοξότερον
1706 754 1754 781 τοῦ
1771 755 1836 790 περὶ

1048 805 1098 840 τὴν
1115 805 1264 832 ἀνάστασιν
1274 804 1424 840 θαύματος.
1447 803 1522 830 Ἐκεῖ
1538 802 1586 838 μὲν
1601 802 1656 837 γὰρ
1667 801 1700 828 ὲκ
1717 800 1779 836 χοὸς
1791 808 1836 827 νε-

1050 852 1116 887 κρὸς
1128 851 1334 887 πηλουργεῖται.
1350 851 1398 878 καὶ
1411 850 1443 877 τὸ
1459 850 1556 881 σκεῦος
1570 849 1583 876 ὕ
1593 848 1730 884 κεραμεὺς
1741 848 1773 874 ἐκ
1785 846 1837 881 τῆς

211 906 288 934 tione
310 906 466 941 praeditum.
493 904 515 933 0
529 910 617 933 artem
639 913 670 933 ex
688 892 757 940 aqua
777 904 926 932 simulacra
939 903 998 931 for-

1052 898 1102 933 γῆς
1113 898 1289 931 ἀναπλάττει,
1308 896 1443 932 σύμφωνά
1452 904 1513 927 πως
1527 896 1587 926 ταῖς
1598 894 1662 930 παρ’
1676 894 1746 941 ἡμῖν
1754 893 1837 920 ἐνδει-

212 958 304 978 mans.
319 950 353 977 Et
368 958 422 977 non
438 950 491 978 hoc
506 950 594 977 solum
607 949 708 977 mirum
730 953 781 982 est,
795 957 895 985 aquam
913 949 1000 984 sculpi

211 999 240 1026 in
273 998 427 1026 animarum
443 997 634 1030 simulacrum,
651 997 699 1025 sed
718 997 793 1024 intus
811 996 927 1024 formari
950 995 1000 1024 flu-

211 1048 312 1072 ctuans
341 1051 446 1071 semen.
468 1043 586 1079 Sanguis
611 1043 684 1071 enim
710 1043 831 1078 undique
865 1042 1000 1074 bulliens,

212 1098 307 1118 semen
323 1090 379 1117 ltuc
394 1095 476 1125 atque
489 1089 555 1117 illuc
570 1093 670 1117 nutans
683 1093 712 1117 et
726 1096 797 1124 atgre
813 1087 911 1116 stabile
924 1087 998 1121 facit,

212 1140 240 1164 et
257 1136 310 1163 illis
327 1135 488 1163 decumanis
504 1136 638 1171 agitatum
662 1134 801 1167 ﬂuctibus,
817 1135 938 1162 animata
960 1138 1001 1161 ta-

214 1189 279 1209 men
307 1187 397 1209 statua
423 1181 575 1216 perficitur.
603 1180 624 1209 0
648 1181 779 1215 pictorem
808 1180 835 1207 in
857 1179 1001 1207 ﬂuctuanti

216 1229 303 1256 linteo
326 1235 422 1256 secure
445 1229 613 1262 pingentem.
637 1226 755 1261 Sanguis
773 1226 846 1253 enim
871 1231 1000 1261 tanquam

213 1275 328 1302 linteum
341 1273 465 1308 subiacet
480 1273 597 1300 formato
610 1272 690 1300 fetui.
712 1271 769 1299 Hoc
778 1272 907 1298 Salomon
918 1271 1001 1299 etiam

216 1328 279 1348 cum
302 1324 417 1355 stupore
441 1319 592 1352 admirans,
612 1318 646 1345 In
666 1323 764 1350 ventre,
785 1318 885 1353 inquit,
906 1318 1001 1345 matris

215 1367 347 1402 ﬁguratus
363 1374 421 1394 sum
433 1374 507 1397 caro,
522 1365 610 1392 decem
630 1365 759 1392 mensium
775 1369 890 1399 tempore
906 1372 1003 1399 coagu-

214 1412 287 1440 latus
314 1419 374 1439 sum
396 1412 423 1438 in
440 1411 605 1446 sanguine“.
629 1410 742 1438 Femina
769 1411 842 1438 enim
872 1415 1002 1445 tanquam

217 1457 331 1492 pictoris
346 1456 453 1484 ollicina
468 1457 606 1491 proposita
623 1461 675 1488 est,
691 1456 814 1483 colorum
839 1463 904 1483 vero
918 1461 1003 1483 ntale-

214 1504 286 1531 riam
312 1503 357 1530 vir
379 1503 463 1530 addit.
491 1502 539 1530 Est
553 1510 618 1530 vero
631 1502 694 1537 quis
708 1502 797 1537 pictor
813 1504 841 1529 in
859 1506 946 1535 utero,
968 1509 1003 1529 ex

215 1558 272 1578 uno
283 1548 374 1576 colore
388 1555 403 1575 e
419 1548 512 1591 multis
523 1548 703 1583 compositam
717 1547 830 1583 pingens
843 1547 1001 1581 imaginem.
1016 1561 1038 1591 ρ

215 1592 268 1620 Sed
291 1591 429 1627 quomodo
441 1584 466 1620 ’θ
491 1591 626 1619 feculento
659 1591 764 1618 semine
794 1590 881 1617 oculis
900 1589 1003 1617 addidit

213 1638 350 1673 eleganter
374 1637 515 1672 pupillam,
541 1637 680 1671 quomodo
706 1643 722 1664 e
751 1636 903 1663 substantia
929 1635 1001 1662 ﬂuxa

215 1690 280 1710 ossa
299 1681 444 1709 condidit?
463 1681 603 1717 quomodo
622 1689 653 1707 ex
672 1681 761 1708 soluto
785 1679 890 1707 semine
906 1687 1003 1707 nervos

215 1725 373 1761 compegit?
388 1725 526 1760 quomodo
543 1724 684 1760 sanguinis
700 1723 810 1751 canales
833 1731 917 1751 venas
939 1723 1003 1751 des-

217 1769 336 1804 culpsit?
365 1769 506 1804 quomodo
537 1768 643 1796 cerebri
678 1775 705 1794 tn
733 1767 823 1802 capite
851 1767 1002 1795 custodiam

215 1815 326 1842 ossibus
337 1814 456 1849 aptavit?
464 1813 600 1848 quomodo
623 1813 695 1841 fetus
714 1812 741 1840 in
753 1813 870 1841 obscura
881 1812 1004 1847 depictus

219 1860 339 1893 officina,
366 1864 458 1895 aptum
476 1859 662 1887 membrorum
686 1860 769 1887 situm
794 1859 923 1894 accepit?
949 1857 1003 1886 Sed

218 1912 349 1942 tanquam
375 1905 452 1934 radio
474 1913 582 1933 uterum
602 1905 698 1942 διήλ»
715 1906 879 1938 illustrante,
904 1905 1004 1940 cuique

221 1952 292 1987 parti
317 1952 456 1987 proprium
483 1952 667 1979 membrorum
683 1952 774 1979 locum
797 1951 887 1986 pictor
910 1950 1005 1978 distri-

223 1998 283 2025 buit
301 2007 308 2025 :
324 1997 443 2025 Amictus
464 1998 534 2026 enim
558 1998 656 2026 lumina
671 1999 738 2025 sicut
757 1998 910 2025 vestimento
921 1996 947 2030 ἀ,
963 2001 1006 2025 est

219 2042 344 2071 occultus
369 2042 474 2070 fetuum
497 2043 595 2077 pictor.
614 2042 699 2075 Quem
721 2042 805 2069 David
823 2041 943 2069 celebrat
966 2042 1006 2069 di—

217 2087 305 2115 cendo
323 2097 329 2115 :
346 2086 407 2115 Non
422 2088 584 2116 abscondisti
598 2097 627 2116 os
642 2096 730 2115 meum
747 2096 764 2114 α
779 2092 813 2120 te,
827 2087 897 2123 quod
919 2078 1006 2122 fecisti

217 2134 245 2160 in
266 2134 398 2161 occultat
417 2133 493 2162 Hanc
508 2142 523 2161 c
537 2139 613 2170 gutta
629 2134 751 2169 cogitans
768 2134 878 2161 ﬁctilem
906 2139 1005 2166 artem,

218 2183 344 2214 respectu
361 2180 482 2215 figmenti
495 2187 510 2207 e
523 2184 595 2207 terra
611 2187 664 2207 non
678 2179 798 2214 ambigo.
809 2178 922 2212 Quoties
932 2180 1005 2207 enim

1050 945 1100 972 κνύ
1106 953 1186 980 μενος
1199 944 1317 979 τέχναις·
1331 941 1449 970 ἐνταῦθα
1463 941 1492 969 δὲ
1502 940 1594 976 γυμνή
1607 949 1650 972 τις
1665 937 1773 973 σταγὼν
1783 938 1837 965 τῶν

1050 990 1243 1026 πλαττομένων
1255 990 1360 1024 γίνεται
1374 988 1469 1025 πηλὸς,
1480 987 1529 1015 καὶ
1543 986 1652 1021 λογικὸν
1664 986 1697 1013 ὲκ
1710 984 1839 1019 σταγόνος

1052 1037 1207 1065 συντίθεται
1231 1036 1335 1070 ζώδιον.
1360 1036 1393 1062 Ὢ
1411 1034 1510 1070 τέχνης
1524 1033 1553 1067 ἐξ
1571 1033 1667 1064 ὕδατος
1683 1030 1838 1066 γλυφούσης

1050 1083 1209 1119 ἀγάλματαί
1222 1083 1269 1110 καὶ
1278 1083 1310 1110 οὐ
1323 1081 1403 1109 τοῦτο
1426 1080 1507 1117 μόνον
1516 1079 1666 1116 παρέχεται
1676 1077 1708 1105 τδ
1720 1076 1838 1112 παράδο-

1051 1130 1106 1164 ξον,
1122 1131 1162 1157 ὅτι
1177 1129 1274 1163 γλύφει
1287 1128 1318 1154 τὸ
1335 1127 1406 1162 ὕδωρ
1423 1127 1462 1158 εἰς
1478 1125 1598 1161 ἔμψυχον
1609 1124 1713 1158 ξόανον,
1730 1122 1786 1150 ἀλλ’
1798 1123 1839 1149 ὅτι

1054 1177 1102 1203 καὶ
1114 1175 1326 1211 κυματουμένην
1349 1173 1400 1208 τὴν
1414 1172 1496 1208 γονὴν
1508 1171 1582 1199 ἔνδον
1601 1168 1764 1197 τεκτονεύει.
1793 1168 1840 1195 Αί-

1053 1222 1146 1258 μάτων
1170 1222 1225 1257 γὰρ
1250 1220 1383 1248 πάντοθεν
1400 1217 1631 1255 περιὸράσσοντες
1650 1217 1674 1232 ’⁸
1694 1215 1839 1251 χείμαρῤοι

1052 1267 1217 1303 περιρῤεπὲς
1230 1266 1338 1293 ποιοῦσι
1350 1265 1381 1292 τὺ
1398 1264 1502 1300 σπαρὲν
1514 1263 1563 1291 καὶ
1570 1262 1766 1298 δυσστήρικτον
1775 1269 1781 1275 ·
1793 1261 1841 1288 καὶ

1051 1315 1084 1349 τῇ
1103 1312 1221 1348 τοσαύτῃ
1244 1310 1447 1346 ναυαγούμενον
1472 1309 1605 1345 τρικυμία
1620 1308 1667 1335 καὶ
1688 1307 1758 1343 ζάλῃ
1772 1305 1840 1342 πρὸς

1052 1358 1171 1394 ἔμψυχον
1197 1358 1272 1393 ὅμως
1283 1355 1481 1393 ξάπαρτίζεται
1495 1354 1651 1389 ἀνδριάντα.
1667 1353 1700 1379 Ὢ
1714 1351 1840 1387 γραφέως

1052 1405 1099 1431 ἐπὶ
1127 1403 1312 1439 σαλευομένης
1333 1401 1450 1434 σινδόνος
1473 1400 1603 1435 ἀσφαλῶς
1615 1398 1838 1435 ζωγραφοῦντοςι

1051 1449 1083 1476 τὸ
1097 1449 1151 1484 γὰρ
1177 1445 1248 1484 αἷμα
1267 1446 1323 1474 οἷον
1347 1446 1444 1474 σινδὼν
1459 1455 1501 1478 τις
1513 1445 1656 1472 ὑπόκειται
1669 1444 1704 1480 τῇ
1721 1451 1842 1479 μορφου-

1054 1496 1123 1531 μένῃ
1135 1496 1213 1531 γονῇ.
1228 1494 1315 1522 Τοῦτο
1336 1493 1385 1520 καὶ
1399 1492 1527 1528 Σολομὼν
1554 1491 1771 1526 ἐκπληττόμενος
1784 1489 1842 1515 ἕλε-

1053 1549 1111 1576 γεν,
1126 1541 1176 1568 Ἐν
1190 1540 1291 1573 κοιλίᾳ
1307 1539 1420 1574 μητρὸς
1443 1538 1581 1573 ὲγλύφην
1607 1536 1696 1570 σὰρξ,
1713 1535 1842 1570 δεκαμη-

1053 1588 1137 1620 νιαίῳ
1149 1587 1255 1621 παγεὶς
1271 1585 1306 1612 ἐν
1323 1585 1434 1620 αἵματι.
1451 1583 1598 1620 Πρόκειται
1614 1582 1663 1617 μὲν
1683 1580 1778 1616 ὥσπερ
1792 1581 1844 1612 ζω-

1053 1632 1184 1668 γραφεῖόν
1198 1641 1225 1659 τι
1238 1631 1269 1658 τὸ
1286 1631 1365 1667 θῆλυ,
1381 1630 1434 1657 τῶν
1446 1628 1600 1664 χρωμάτων
1613 1627 1642 1654 δὲ
1656 1628 1705 1662 τὴν
1722 1626 1789 1661 ὕλην
1813 1625 1844 1652 τδ

1053 1679 1138 1714 ἇῤῥεν
1152 1676 1304 1705 ὲπιὸάλλει.
1321 1676 1447 1711 Κάθηται
1459 1675 1481 1690 ’⁷
1494 1674 1523 1700 δέ
1538 1682 1579 1706 τις
1594 1673 1623 1700 ἐν
1636 1673 1670 1708 τῇ
1685 1672 1776 1707 μήτρᾳ
1791 1671 1845 1703 Cm—

1053 1725 1170 1760 γράφος,
1197 1723 1228 1756 ἐξ
1257 1721 1318 1754 ἑνὸς
1341 1721 1486 1757 χρώματος
1501 1718 1696 1746 πολυσύνθετον
1710 1725 1844 1744 καταποι-

1054 1770 1153 1797 κίλλων
1179 1768 1282 1796 εἰκόνα.
1302 1767 1366 1800 Πῶς
1390 1766 1421 1799 ἐξ
1448 1764 1575 1797 ιλυώδους
1591 1764 1673 1799 γονῆς
1696 1761 1845 1798 ὀφθαλμοῖς

1053 1814 1324 1850 ἔνηγλάῖσε,κόρην;
1357 1812 1416 1844 πῶς
1439 1812 1472 1838 ὲκ
1502 1810 1617 1846 ροώδους
1634 1808 1728 1839 οὐσίας
1752 1806 1842 1833 ὀστῶν

1055 1859 1224 1895 συνεπήξατο
1237 1858 1336 1893 φύσιν;
1350 1856 1408 1888 πῶς
1422 1856 1454 1883 ὲκ
1465 1854 1616 1890 λελυμένης
1627 1853 1729 1888 σπορᾶς
1742 1851 1845 1887 νεύρων

1054 1906 1206 1942 ὲστερέωσε
1229 1904 1325 1938 τόνον;
1353 1902 1412 1935 πῶς
1430 1902 1555 1937 αἱμάτων
1580 1899 1703 1935 σωλῆνας
1717 1897 1845 1933 διέτλυψε

1054 1951 1104 1984 τὰς
1119 1950 1239 1987 φλέϐας;
1254 1950 1313 1982 πῶς
1339 1949 1388 1980 τὰς
1409 1949 1465 1976 τῶν
1480 1947 1580 1974 ὀστέων
1596 1945 1741 1980 ἐγκεφάλῳ
1757 1945 1780 1961 ⁵³
1799 1953 1845 1971 πε-

1057 1999 1190 2034 ριήρμοσε
1216 1996 1321 2032 θήκας;
1337 1994 1397 2025 πῶς
1410 1994 1440 2020 ὲν
1464 1993 1581 2027 ἀφεγγεῖ
1591 1991 1621 2018 τδ
1630 1991 1728 2028 βρέφος
1742 1988 1846 2024 γραφό-

1057 2052 1137 2079 μενον
1148 2041 1315 2077 ζωγραφείῳ
1332 2039 1504 2074 ἀσυγχύτους
1513 2039 1563 2070 τὰς
1577 2037 1633 2065 τῶν
1655 2036 1745 2072 μελῶν
1764 2035 1845 2062 ἀπεί-

1055 2090 1125 2125 ληφε
1134 2087 1295 2119 τοποθεσίας
1304 2095 1312 2121 ;
1322 2086 1379 2114 ἀλλ’
1395 2085 1489 2120 ὥσπερ
1503 2084 1612 2114 ἀκτῖνος
1621 2091 1693 2114 τινος
1703 2082 1751 2117 τὴν
1764 2081 1847 2116 νηδὺν

1056 2128 1270 2169 ὲναυγαζούσης,
1284 2133 1335 2168 τὴν
1347 2131 1449 2158 οἰκείαν
1463 2130 1572 2165 ἑκάστῳ
1581 2128 1635 2156 τῶν
1650 2128 1738 2164 μελῶν
1752 2127 1766 2153 ὁ
1776 2135 1848 2162 γρα-

1057 2181 1125 2217 φεὺς
1153 2179 1300 2208 ἀποδίδωσι
1319 2177 1428 2213 χώραν·
1461 2176 1494 2203 '0
1525 2176 1581 2212 τὰρ
1601 2174 1848 2208 ἀναϐαλλόμενος

218 2225 298 2252 video
313 2225 444 2253 artificem
457 2233 490 2253 ex
507 2233 578 2260 aqua
590 2225 752 2252 condentem
763 2229 893 2258 statuam,
907 2226 1001 2254 melius

1058 2227 1122 2263 φῶς
1135 2227 1175 2260 ὡς
1186 2225 1302 2261 ἱμάτιον
1314 2225 1449 2260 κρυφαῖος
1463 2223 1569 2257 γίνεται
1581 2221 1636 2249 τῶν
1653 2220 1781 2257 ἐμϐρύων
1793 2220 1850 2252 ζω-

219 2271 296 2298 illum
313 2276 419 2299 statuas
431 2279 446 2298 e
459 2277 530 2299 terra
547 2270 629 2298 credo
646 2269 748 2298 facere.
764 2270 1001 2304 Quemadmodum

220 2317 292 2344 enim
307 2317 331 2345 si
346 2317 409 2352 quis
425 2317 451 2344 in
464 2324 535 2351 aqua
551 2316 637 2351 pingit
649 2315 763 2348 litteras,
777 2320 804 2343 et
818 2316 904 2345 lineas
917 2317 1003 2351 ducit,

219 2363 291 2390 idem
300 2363 398 2391 melius
410 2363 438 2390 in
452 2370 514 2391 cera
523 2370 570 2389 eas
581 2361 746 2394 efformabit,
760 2361 884 2390 sicfluxo
900 2364 1005 2390 semine

220 2410 334 2445 pingens
358 2414 386 2437 et
409 2409 537 2444 scalpens
556 2408 695 2441 membra,
722 2408 829 2436 facilius
853 2409 880 2436 in
903 2413 1005 2437 terram

220 2456 410 2483 membrorum
424 2454 525 2490 ﬁguras
534 2455 638 2489 pinget,
652 2459 679 2482 et
690 2453 829 2487 formabit,
846 2459 873 2482 et
885 2455 931 2490 qui
945 2459 1008 2483 ante

221 2501 308 2529 ullum
318 2500 429 2529 virtutis
444 2500 572 2527 meritum
585 2500 625 2528 sic
643 2499 766 2536 corporis
782 2501 809 2528 in
821 2505 900 2528 utero
913 2508 1007 2528 curam

221 2547 323 2583 gessit,
347 2551 410 2582 post
436 2553 505 2580 opus
521 2546 630 2574 virtutis
650 2547 788 2582 quomodo
803 2551 903 2574 terram
918 2547 1008 2575 disso-

223 2593 309 2620 lutam
335 2592 395 2620 sine
415 2591 520 2619 honore
541 2592 693 2628 relinquet?
708 2591 836 2620 Interitne
853 2600 964 2628 corpus,
982 2597 1009 2621 et-

221 2642 377 2666 creaturam
394 2636 528 2665 occideris
543 2645 549 2664 :
566 2645 620 2665 non
630 2637 683 2666 erit
697 2638 777 2666 navis
794 2638 854 2666 sine
868 2639 1007 2672 manibus,

261 2734 272 2749 ε
291 2729 356 2764 Sap.
379 2736 429 2762 vn,
446 2729 472 2757 Ι.
509 2727 523 2749 δ
537 2729 608 2757 Psal.
629 2737 687 2764 cm,
702 2730 731 2758 2.

1055 2273 1224 2309 γράφος.¹’ον
1240 2271 1287 2298 καὶ
1301 2271 1380 2297 Δαϐὶδ
1390 2269 1559 2305 δημοσιεύων
1575 2267 1649 2295 ὲ66α⁸
1666 2267 1727 2294 οὐκ
1736 2266 1849 2301 ἐκρύϐη

1057 2319 1091 2346 τὸ
1105 2318 1218 2346 ὀστοῦν
1242 2326 1301 2352 μου
1318 2316 1378 2344 ἀπὸ
1398 2315 1467 2348 σοῦ,
1483 2315 1499 2342 ὃ
1516 2314 1664 2347 ἐποίησας
1686 2311 1721 2339 ἐν·
1735 2311 1850 2346 κρυφῇ.

1059 2365 1168 2400 Ταύτην
1182 2364 1232 2400 τὴν
1243 2364 1275 2391 ὲκ
1294 2363 1423 2397 σταγόνος
1433 2361 1605 2396 λογιζόμενος
1618 2359 1770 2394 πλαστικὴν
1782 2358 1852 2394 πρὸς

1060 2411 1111 2445 τὴν
1122 2411 1156 2437 ὲκ
1173 2410 1224 2444 γῆς
1240 2407 1475 2444 ἀγαλματοποιίαν
1500 2407 1530 2433 οὑ
1555 2406 1732 2442 διαφέρομαι.
1764 2404 1852 2430 Ὅταν

1060 2458 1116 2492 γὰρ
1133 2456 1180 2483 ι’δω
1204 2455 1330 2490 τεχνίτην
1357 2454 1388 2486 ἐξ
1416 2453 1510 2484 ὕδατος
1522 2451 1697 2488 πηγνύμενον
1717 2451 1801 2484 ξόανα
1815 2451 1852 2482 ’⁸,

1059 2501 1188 2536 ὀξύτερον
1203 2499 1285 2527 αὐτὸν
1301 2499 1364 2530 τοὺς
1381 2499 1414 2525 ὲκ
1426 2498 1478 2532 γῆς
1492 2496 1674 2524 ἀναπλάττειν
1684 2494 1852 2533 ζάνᾷριάντας

1060 2546 1191 2575 πιστεύω.
1205 2546 1312 2581 Ὠσπερ
1329 2544 1384 2580 γὰρ
1395 2543 1421 2570 εἴ
1435 2552 1477 2575 τις
1487 2543 1530 2577 ἐφ’
1541 2542 1635 2573 ’ύδατος
1646 2542 1747 2576 γράφει
1757 2539 1853 2575 γράμ-

1062 2601 1135 2629 ματα
1154 2592 1202 2619 καὶ
1214 2590 1346 2628 γραμμὰς
1360 2589 1535 2624 ἑγκολάπτει,
1547 2585 1624 2619 οὗτος
1638 2586 1688 2618 τὰς
1711 2587 1751 2617 εις
1765 2583 1854 2620 κηρὸν

1061 2638 1256 2674 εὐχερέστερον
1271 2636 1447 2672 ὲγχαράττει,
1468 2634 1555 2666 οὕτως
1580 2636 1594 2661 ὁ
1609 2634 1642 2669 τῇ
1673 2631 1768 2668 ῥοώδει
1783 2631 1852 2666 γονῇ

771 2736 782 2750 ο
798 2729 872 2759 Psal.
897 2730 1058 2764 cxxxtx,H.

871 2798 985 2827 VARl/E
1006 2798 1208 2827 LECTIONl-IS.

261 2869 285 2885 "
293 2869 507 2906 περιϐράσαντες
526 2869 559 2899 Α.

201 2904 221 2920 r
261 2870 285 2885 “
293 2870 507 2906 περιϐράσαντες
526 2870 559 2899 Α.
616 2871 637 2888 ’⁷
654 2870 770 2907 κάθηται
790 2871 810 2898 Α
825 2881 832 2899 :
848 2871 961 2907 ἧνϐηται
976 2878 1006 2903 ς.

1053 2871 1075 2887 ’⁸
1090 2870 1191 2898 ὀστέων
1206 2870 1234 2897 ὲν
1249 2870 1308 2904 ἐγκ.
1327 2868 1356 2896 Α.
1415 2870 1437 2886 ’³
1454 2869 1546 2901 ξόανον
1569 2867 1603 2894 Α.
