1959 3081
109 186 160 219 258

631 188 893 219 BlBLIOTHECA.
904 201 939 207 -—
955 187 1037 219 COD.
1055 188 1225 220 CCLXXVI.

1680 188 1734 221 εει

109 241 294 276 καταγράφων
317 241 366 269 καὶ
382 241 537 277 διαγλύφων
550 241 584 270 τὰ
607 242 676 278 μέλη
698 243 763 278 ῥᾷον
778 244 817 275 είς
829 242 895 278 χοῦν

948 250 1036 278 neque
1051 243 1204 278 navigabile
1223 242 1276 271 erit
1292 250 1378 276 mare,
1392 251 1509 279 corpore
1522 249 1640 273 mortuo.
1659 245 1732 274 Mille

108 288 171 318 τοὺς
185 287 240 313 τῶν
265 282 355 323 μελῶν
373 287 578 323 ὲγκαταγράψει
604 296 634 314 τε
647 288 695 315 καὶ
709 288 895 324 διαμορφώσει

109 332 298 368 χαρακτῆρας.
313 333 368 359 Καὶ
380 333 394 359 ὁ
405 332 458 368 πρὸ
470 334 519 368 τῆς
537 333 638 368 ἀρετῆς
652 333 723 360 οὕτω
737 333 784 359 τοῦ
802 334 896 368 σώμα-

109 387 155 410 τος
165 378 313 414 φροντίσας
326 379 357 404 ἐν
372 377 436 414 [839
452 377 498 414 H.]
514 378 607 414 Ινηδύῖ,
620 379 689 413 μετὰ
703 380 752 414 τὴν
765 379 896 412 ἐργασίαν

110 424 159 459 τῆς
171 423 273 459 αρετῆς
298 423 358 455 πῶς
373 423 407 451 ἄν
419 425 459 456 εἰς
472 424 526 459 γῆν
543 423 672 460 διαρρυὲν
689 424 787 460 ἄτιμον
813 433 897 451 κατα-

109 469 188 504 λείψῃ
201 470 223 486 ³⁸
236 477 244 502 ;
258 469 337 496 ἄνελε
353 469 375 485 ³¹
391 469 422 496 τὸ
433 470 522 506 σῶμα,
540 469 588 496 καὶ
600 469 650 506 τὴν
669 470 757 497 κτίσιν
777 470 896 505 ἐνέκρω-

111 525 170 549 σας,
185 516 243 543 Οὐκ
259 516 334 543 ἔσται
347 516 440 543 πλοῖον
454 516 553 552 χειρῶν
565 517 615 544 οὐκ
630 517 718 544 οὐσῶν
728 508 766 549 ³⁵,
777 517 808 544 οὐ
824 517 897 544 πλω-

108 562 154 589 τδν
170 562 290 597 πέλαγος
307 561 432 598 σώματος
443 562 599 598 οἰχομένου·
614 562 649 589 τὰ
661 562 746 598 μυρία
759 563 824 599 γένη
841 563 895 590 τῶν

110 609 188 642 ζώων
201 610 302 646 μάτην,
312 609 374 637 οὔτε
389 610 492 646 τροφῆς
508 609 538 642 ἐξ
559 609 648 637 αὐτῶν
667 609 729 637 οὔτε
748 610 897 646 θεραπείας

109 656 193 691 ἄλλης
206 655 247 691 τῷ
263 655 371 691 σώματι
381 656 598 692 χορηγουμένης.
611 656 711 691 Τέχναι
722 656 751 683 δὲ
764 656 827 689 ποῦ,
842 656 897 683 σώ-

111 711 197 737 ματος
215 702 265 729 οὐκ
275 701 350 734 ὄντος
361 710 369 735 ;
382 699 453 737 ὧραι
463 701 492 728 δὲ
504 702 551 728 καὶ
562 702 667 737 καιρῶν
680 701 805 729 εὔτακτοι
816 710 898 738 μετα-

109 747 188 774 ϐολαὶ
200 748 248 775 καὶ
259 747 388 784 οὐρανίας
399 748 538 783 κινήσεως
548 747 668 783 ᾶρῤητος
683 747 764 782 σοφία
775 747 835 775 τίνα
864 747 898 774 ἂν

109 794 249 829 παράσχοι
268 794 376 829 χρείαν.
390 794 439 829 τῆς
454 792 616 828 σωματικῆς
627 792 735 828 φύσεως
751 792 781 819 οὑ
800 792 898 828 παρού-

109 849 177 876 σης;
193 841 239 867 καὶ
255 841 327 868 πόσα
339 841 373 868 ἄν
398 848 441 872 τις
464 840 546 876 ἔτερα
566 840 718 876 θεωρήσοι;
743 840 827 867 πόθεν
850 837 897 867 οὖν

109 885 183 921 εὒρω
204 885 235 912 τὸ
259 886 339 920 σῶμα.
363 885 416 912 τῶν
437 885 590 920 μελλόντων
612 884 725 920 δωρεῶν
741 885 859 918 ἀνάξιον,
874 881 897 919 ᾧ

107 931 242 966 τοσαύτην
265 931 321 967 ὁρῶ
354 931 398 958 διὰ
426 932 536 959 πάντων
570 930 765 966 δεδωρημένην
794 931 895 966 τιμήν;

109 977 191 1014 [1556
214 977 261 1013 IL]
284 977 342 1004 ἀλλ’
359 975 415 1013 ἆρα
426 978 504 1012 ὑμεῖς
522 977 703 1013 ἱχθυόὸρωτον
728 976 896 1004 ὑποπτεύετε

108 1022 190 1058 σῶμα
205 1023 253 1049 τὸν
284 1023 350 1050 Θεὸν
374 1023 508 1059 ζητοῦντα
523 1024 562 1060 μὴ
576 1023 722 1058 εὑρήσεινς
747 1021 865 1053 καὶπῶς
883 1023 898 1048 ὁ

109 1068 226 1104 μυρίους
248 1070 278 1096 ὲν
303 1069 375 1104 ψυχῇ
398 1069 546 1105 λογισμοὺς
574 1069 776 1104 στρεφομένους
794 1068 833 1103 τῷ
846 1067 898 1103 τῆς

106 1115 237 1150 γνώσεως
250 1115 322 1150 ἔχων
337 1117 447 1151 ἀμιγεῖς
460 1116 507 1143 καὶ
519 1115 691 1151 ἀσυγχύτους
703 1116 820 1151 ταμιείῳ
847 1115 897 1150 τὴν

106 1158 161 1185 τῶν
188 1159 323 1194 σωμάτων
353 1161 481 1194 μιγεῖσαν
493 1159 542 1186 οὐκ
561 1159 727 1195 ἀναλήψεται
756 1159 898 1194 διακρίνας

107 1204 206 1239 φύσιν;
234 1204 428 1241 ἀσθενέστερον
450 1205 482 1232 τὸ
506 1206 583 1233 Θείον
600 1207 651 1242 τῆς
670 1205 735 1240 παρ’
754 1207 821 1241 ἡμῖν
837 1206 898 1232 ἀνα-

106 1249 240 1277 πλάττετε
251 1251 359 1286 τέχνης.
376 1251 431 1278 Καὶ
444 1252 499 1288 γὰρ
513 1253 593 1288 ἡμεῖς
605 1253 638 1279 ἑκ
650 1251 767 1287 γεώδους
781 1251 896 1287 ψάμμου

106 1297 157 1323 καὶ
173 1296 251 1324 ὕελον
265 1298 313 1323 καὶ
327 1297 427 1333 χρυσὸν
447 1299 481 1333 (εί
495 1298 584 1333 τύχοι)
600 1298 647 1325 καὶ
659 1298 760 1333 χαλκὸν
774 1297 822 1324 καὶ
844 1297 895 1332 ἄρ-

106 1350 192 1378 γυρον
218 1344 286 1378 πυρὶ
311 1343 411 1377 δόντες,
440 1344 474 1371 τὰ
498 1344 598 1371 λιθίδια
611 1344 790 1380 διακρίνομέν
806 1344 897 1371 τεκαὶ

106 1389 304 1426 ἀποθλίὸομεν,
325 1390 408 1425 μηδὲν
426 1390 516 1417 αὐτῶν
531 1390 722 1426 καθορώμενον
746 1391 775 1416 ὲν
793 1391 827 1425 τῇ
848 1390 896 1416 τοῦ

105 1436 182 1463 λίθου
195 1437 277 1471 φύσει
288 1445 294 1452 ’
313 1437 361 1464 καὶ
374 1435 445 1464 οἶνον
457 1437 532 1464 ὕδατι
543 1437 680 1473 κραθέντα
695 1437 775 1463 πάλιν
789 1435 896 1471 διακρί-

105 1490 198 1513 νοντες
210 1483 250 1514 είς
264 1481 314 1518 τὴν
325 1482 393 1509 ἰδίαν
409 1483 490 1517 φύσιν
502 1482 733 1518 ἁποκαθιστῶμεν
752 1479 892 1517 ἑκάτερον.

112 1527 196 1554 Ἀλλὰ
208 1528 289 1563 γὰρὴ
304 1527 352 1555 τοῦ
364 1528 432 1555 Θεοῦ
448 1528 563 1563 δύναμις
586 1528 634 1555 καὶ¹
657 1527 738 1563 σοφία
754 1527 897 1564 ἀνεπινοή-

104 1583 163 1606 τοις
175 1574 285 1610 μέτροις
298 1575 348 1610 τῆς
365 1575 538 1611 ἀνθρωπίνης
567 1575 615 1602 καὶ
631 1576 731 1611 τέχνης
758 1575 806 1602 καὶ
836 1583 894 1602 συν-

946 289 1106 316 animalium
1131 297 1230 324 genera
1259 289 1362 317 frustra
1392 295 1481 321 erunt,
1518 298 1607 326 neque
1642 293 1732 319 nutri-

945 340 1068 362 mentum
1077 343 1109 363 ex
1124 335 1178 363 illis
1190 340 1274 370 esset,
1288 343 1376 370 neque
1390 335 1463 363 aliud
1476 336 1599 364 alimenti
1612 338 1735 365 ministe-

946 380 1030 408 rium.
1044 381 1124 408 Artes
1139 388 1203 408 vero
1217 380 1262 408 ubi
1277 386 1371 414 erunt,
1383 389 1498 416 corpore
1507 389 1562 409 non
1574 383 1733 411 exsistente?

947 427 1028 455 Hora:
1042 435 1108 455 vero
1131 432 1159 455 et
1182 431 1336 463 temporum
1361 428 1494 456 ordinatae
1515 430 1691 462 mutationes,
1708 435 1735 458 et

947 472 1095 501 inellabilis
1103 473 1223 501 caelestis
1233 479 1323 501 motus
1334 474 1479 509 sapientia,
1492 482 1573 509 quam
1585 475 1731 502 utilitatem

947 519 1109 553 praeberent,
1130 518 1152 545 si
1167 525 1286 551 corpora
1299 527 1352 546 non
1367 519 1475 547 essent?
1487 519 1520 546 Et
1529 524 1596 554 quot
1607 520 1657 547 alia
1671 521 1734 556 quis

947 565 1148 594 considerarit?
1163 565 1241 594 Unde
1265 566 1347 602 igitur
1366 567 1501 595 inveniam
1517 575 1618 603 corpus
1633 567 1733 596 futuris

947 611 1027 639 donis
1036 611 1190 646 indignum,
1203 611 1248 639 cui
1261 616 1366 639 tantum
1378 613 1411 640 ab
1428 613 1556 641 omnibus
1570 620 1734 641 concessum

948 656 1080 685 honorem
1104 657 1202 684 video!
1223 656 1320 684 Utrum
1343 658 1506 686 existimatis
1529 658 1614 686 Deum
1637 666 1734 693 corpus

947 702 1021 737 quod
1047 702 1136 736 pisces
1163 703 1344 730 comederunt
1366 704 1490 732 invenire
1506 711 1561 731 non
1583 704 1685 739 posse?
1708 709 1735 731 ct

948 746 1084 782 quomodo
1105 746 1152 782 qui
1174 746 1294 774 inﬁnitas
1309 747 1487 782 cogitationes
1503 747 1587 774 animi
1605 747 1733 782 agitatas,

949 793 1090 821 immistas
1106 797 1134 820 et
1151 792 1322 825 inconfusas,
1340 793 1424 821 habet
1446 793 1582 828 cognitas,
1607 797 1734 820 naturam

947 847 1094 875 corporum
1111 840 1220 868 mistam
1246 848 1300 868 non
1317 840 1418 875 poterit
1438 840 1613 868 discernere?
1634 840 1735 867 Facitis

948 885 1080 912 nimirum
1106 885 1274 913 divinitatem
1302 885 1463 914 inferiorem
1492 886 1595 913 nostris
1616 885 1732 912 artibus.

914 921 934 949 Β
946 931 1002 959 Nos
1018 932 1090 959 enim
1109 939 1125 959 e
1147 936 1226 960 terrae
1246 940 1328 960 arena
1350 932 1464 964 vitrum,
1481 940 1579 960 aurum
1606 931 1732 967 (exempli

947 977 1115 1012 gratia),aas,
1139 983 1293 1012 argentum,
1306 977 1361 1013 igni
1376 978 1482 1009 dantes,
1499 978 1641 1012 scrupulos
1657 984 1735 1011 sepa—

948 1031 1054 1056 ramus,
1071 1029 1098 1052 et
1112 1024 1272 1057 deterimus,
1286 1024 1396 1052 tametsi
1412 1024 1480 1051 nihil
1497 1024 1596 1050 horum
1621 1023 1648 1050 in
1663 1023 1734 1057 lapi-

947 1068 991 1096 dis
1006 1073 1104 1096 natura
1119 1069 1286 1103 apparuerit,
1316 1074 1343 1096 et
1365 1068 1458 1096 vinum
1482 1075 1560 1103 aqua
1579 1067 1733 1094 immistum

948 1114 1046 1142 iterum
1059 1114 1086 1141 in
1096 1114 1233 1149 propriam
1246 1119 1370 1141 naturam
1380 1114 1578 1146 discernentes,
1587 1118 1735 1147 utrumque

947 1161 1130 1188 restituimus.
1145 1159 1198 1188 Sed
1216 1160 1263 1188 Dei
1280 1164 1400 1196 potestas
1417 1164 1445 1188 et
1465 1160 1598 1195 sapientia
1620 1159 1734 1187 infinitis

948 1207 1036 1234 modis
1052 1207 1199 1234 humanam
1215 1211 1301 1235 artem
1318 1211 1345 1235 et
1363 1207 1530 1234 intellectum
1547 1207 1691 1239 excedens,
1708 1210 1735 1233 ct

947 1254 1140 1281 universorum
1173 1257 1300 1281 naturam
1330 1254 1357 1281 in
1384 1261 1414 1282 se
1445 1253 1680 1288 comprehendens
1708 1256 1735 1280 et

947 1301 1102 1334 continens,
1124 1304 1151 1327 et
1171 1301 1275 1327 variam
1295 1299 1421 1335 corporis
1448 1299 1688 1335 compositionem,
1707 1302 1736 1325 et

947 1346 1103 1374 mistionem
1131 1346 1158 1373 in
1181 1351 1287 1373 natura:
1304 1346 1493 1381 promptuario
1506 1353 1601 1380 puram
1621 1351 1734 1372 conser-

947 1395 1003 1418 vat.
1023 1391 1083 1418 Non
1097 1391 1169 1418 enim
1186 1396 1263 1419 extra
1279 1396 1404 1418 naturam
1422 1391 1521 1426 515a
1535 1391 1562 1418 in
1597 1394 1733 1422 creatura,

947 1437 1072 1472 corporis
1085 1441 1182 1464 natura
1195 1441 1247 1469 est,
1264 1437 1315 1465 etsi
1329 1444 1377 1472 per
1393 1437 1468 1464 mille
1484 1441 1585 1463 mortes
1604 1435 1670 1462 linat
1686 1442 1733 1463 so-

947 1483 1015 1510 luta.
1028 1483 1091 1510 Ideo
1102 1483 1129 1510 in
1146 1483 1282 1517 propriam
1296 1482 1377 1509 facile
1391 1481 1509 1508 formam
1533 1481 1691 1511 revertitur,
1707 1484 1735 1506 et

947 1529 982 1557 de
1005 1528 1110 1556 honore
1126 1527 1282 1563 participat,
1303 1527 1379 1563 cujus
1395 1527 1468 1554 illam
1491 1526 1648 1562 participem
1675 1525 1733 1553 ﬁeri

948 1574 1079 1610 oportuit,
1099 1581 1162 1601 cum
1180 1574 1263 1601 etiam
1283 1581 1337 1601 una
1348 1573 1505 1601 certaverit.

105 1623 193 1654 ἐσεως
219 1622 402 1658 ὑπερέχουσα,
427 1623 474 1649 καὶ
488 1623 537 1657 τὴν
550 1621 604 1650 τῶν
618 1621 687 1648 ὅλων
710 1622 803 1648 οὐσίαν
827 1622 856 1648 ὲν
871 1621 893 1638 ³³
914 1621 997 1657 ἑαυτῇ
1016 1620 1186 1647 συλλαϐοῦσα
1218 1621 1266 1647 καὶ
1295 1620 1469 1656 περιέχουσα,
1482 1619 1529 1645 καὶ
1543 1619 1592 1654 τὴν
1607 1617 1738 1653 πολύτρο-

105 1676 157 1695 πον
175 1669 229 1695 τῶν
245 1668 380 1703 σωμάτων
397 1668 540 1704 σύγκρισιν
555 1669 578 1685 ³⁵
594 1669 642 1696 καὶ
653 1668 726 1704 μίξιν
737 1669 766 1696 ὲν
778 1669 834 1700 τοῖς
846 1668 896 1702 τῆς
916 1668 1022 1703 φύσεως
1053 1667 1167 1704 εὐκρινῆ
1186 1668 1314 1703 συντηρεί
1325 1666 1469 1701 ταμιείοις.
1483 1666 1520 1693 Οὐ
1535 1665 1590 1700 γὰρ
1613 1665 1665 1698 ἔξω
1685 1665 1735 1700 τῆς

105 1717 135 1743 ἐν
151 1717 185 1750 τῇ
203 1715 291 1742 κτίσει
307 1715 413 1750 φύσεως
425 1717 441 1752 ἡ
454 1717 501 1743 τοῦ
515 1716 640 1752 σώματος
655 1717 754 1752 φύσις,
777 1717 830 1744 κᾶν
853 1717 898 1743 διὰ
915 1716 1021 1751 μυρίων
1033 1715 1082 1752 ῥέῃ
1098 1715 1217 1751 λυομένη
1238 1715 1371 1742 θανάτων.
1392 1715 1438 1741 Διὸ
1463 1715 1532 1750 πρὸς
1549 1714 1598 1749 τὴν
1631 1713 1734 1740 οίκείαν

104 1762 225 1792 εὐκόλως
241 1762 408 1796 ἐπανάγεται
425 1762 543 1798 μορφὴν,
571 1761 619 1788 καὶ
648 1763 771 1789 κοινωνεῖ
790 1762 844 1789 τῶν
862 1762 962 1797 τιμῶν,
990 1758 1028 1789 ὧν
1056 1761 1125 1797 αὐτῇ
1157 1761 1180 1777 ³⁵
1197 1762 1344 1796 μετασχεῖν
1365 1761 1418 1787 ἔδει
1447 1760 1672 1796 συνδιενεγκούσῃ
1687 1759 1733 1786 καὶ

103 1808 167 1839 τοὺς
183 1807 292 1838 ἄθλους.

106 1864 164 1894 Τοῦ
179 1863 274 1892 αὑτοῦ
287 1863 320 1891 ἐκ
339 1864 393 1891 τοῦ
420 1865 463 1897 είς
486 1864 544 1898 τὴν
555 1864 724 1899 Ἀνάληψιν
747 1867 772 1891 α’
786 1865 890 1900 λόγου.

973 1864 1102 1900 Ejusdem
1123 1862 1232 1892 humilia
1253 1864 1342 1898 prima
1361 1864 1393 1890 de
1414 1863 1514 1891 Christi
1537 1864 1697 1892 ascensione.

391 1911 426 1938 Τὸ
441 1911 606 1946 προοίμιον.

139 1958 189 1990 El;
203 1958 319 1993 οὐρανὸν
332 1957 382 1993 μὲν
394 1958 440 1984 καὶ
454 1958 507 1992 γῆν
523 1958 539 1993 ή
552 1957 602 1992 τῆς
626 1958 744 1989 κτίσεως
759 1957 892 1992 διαμεμέ-

107 2013 199 2039 ρισται
212 2004 303 2038 φύσις,
321 2004 372 2030 οὐκ
391 2004 424 2039 ἑᾷ
436 2004 464 2030 δέ
485 2012 518 2039 με
530 2004 580 2038 τὴν
599 2004 733 2039 διαίρεσιν
749 2003 860 2038 βλέπειν
876 2004 893 2039 ἡ

105 2049 249 2084 συνάψασα
279 2049 401 2085 σήμερον
417 2048 466 2085 τὴν
488 2048 576 2076 κτίσιν
602 2048 692 2084 χάρις.
705 2048 753 2080 Τίς
778 2049 833 2084 γὰρ
861 2049 895 2076 ἂν

103 2096 177 2122 είποι
192 2094 285 2121 λοιπὸν
305 2094 419 2130 οὐρανὸν
445 2095 492 2122 καὶ
518 2095 569 2130 γῆν
582 2094 739 2130 διῃρῆσθαι,
754 2095 802 2122 καὶ
819 2094 894 2121 κάτω

102 2143 154 2177 τῆς
165 2141 274 2177 φύσεως
283 2141 334 2175 τῆς
350 2141 420 2176 ἐμῆς
444 2141 492 2168 καὶ
506 2141 562 2168 ἀνω
579 2140 629 2176 τῆς
644 2141 714 2176 ἐμῆς
731 2140 894 2176 βασιλευού-

103 2197 174 2225 σης;
189 2188 258 2215 ἀλλά
279 2188 354 2215 κάτω
376 2187 425 2222 μὲν
438 2187 478 2214 ἔτι
498 2189 531 2223 τῇ
548 2188 637 2223 φθορᾷ
663 2187 871 2223 τυραννούμεθα
885 2195 892 2203 ⁸

103 2234 169 2261 ὅταν
194 2233 223 2260 δὲ
248 2233 288 2264 είς
309 2233 423 2268 οὐρανὸν
443 2232 650 2269 ἀναόλέψωμεν,
675 2233 724 2268 τὴν
748 2233 851 2269 φθορὰν
878 2234 894 2269 ὴ

103 2279 187 2313 φύσις
214 2278 386 2306 ἀποτίθεται.
401 2278 500 2305 Βλέπει
522 2277 576 2313 γὰρ
598 2277 655 2304 ἄνω
675 2278 726 2313 τὴν
741 2277 796 2304 τῶν
820 2278 896 2306 κάτω

103 2324 212 2360 νεκρῶν
248 2324 434 2360 ἀναστάσιμον
468 2324 556 2360 ῥίζαν.
587 2324 621 2350 Ὦ
645 2323 758 2359 κέρδους
794 2323 895 2360 ζημίας

104 2370 303 2407 προελθόντοςε
318 2370 525 2406 κατενεχθέντες
541 2369 665 2406 ᾔροημεν
677 2371 718 2402 είς
731 2369 797 2405 ὕψος
815 2379 822 2387 ·
840 2371 895 2397 ὠσ-

104 2417 198 2449 θέντες
209 2418 250 2448 είς
263 2417 377 2452 οὐρανὸν
390 2417 588 2452 ἀνηνέχθημεν·
599 2416 654 2443 ἐσω
666 2416 713 2446 τοῦ
729 2417 895 2452 παραδείσου

104 2463 258 2500 πληγέντες
278 2463 330 2495 ἔξω
345 2463 396 2498 τὴν
414 2463 562 2498 θεραπείαν
579 2462 748 2499 εὑρήκαμεν.
768 2463 821 2490 Ποῦ
842 2472 893 2495 σοι,

104 2509 321 2542 καταποντιστὰ,
338 2510 368 2537 τὸ
394 2509 596 2546 κακούργημα;
610 2510 640 2536 ὃν
667 2510 772 2545 ἔπηξας
785 2509 824 2545 τῷ
845 2518 896 2536 κυ-

1255 1909 1386 1938 Prouemiu
1391 1919 1425 1938 m.

983 1957 1012 1985 In
1026 1958 1126 1986 cmlum
1145 1962 1172 1985 et
1182 1961 1283 1986 terram
1303 1963 1438 1985 creaturae
1453 1962 1550 1985 natura
1563 1957 1650 1985 divisa
1666 1962 1708 1985 est
1725 1966 1734 1987 :

947 2011 1002 2031 non
1029 2004 1163 2039 permittit
1183 2011 1227 2031 me
1253 2004 1415 2031 divisionem
1441 2003 1533 2031 videre
1552 2004 1649 2039 gratia,
1674 2012 1736 2038 quae

948 2050 1031 2078 hodie
1063 2055 1217 2078 creaturam
1257 2051 1410 2077 connectit.
1443 2049 1574 2082 Quisnam
1606 2050 1734 2084 deinceps

948 2096 1058 2131 dixerit,
1073 2096 1172 2124 caelum
1188 2099 1215 2124 et
1228 2100 1328 2123 terram
1346 2095 1433 2123 divisa
1449 2103 1521 2129 esse,
1536 2103 1598 2122 cum
1614 2103 1695 2130 supra
1708 2100 1736 2123 et

948 2142 1018 2170 infra
1034 2148 1131 2170 natura
1149 2145 1209 2170 mea
1224 2142 1334 2178 regnet?
1353 2141 1404 2169 Sed
1417 2142 1487 2169 inl'ra
1502 2142 1610 2177 quidem
1624 2149 1735 2177 corrup-

949 2188 1022 2215 tione
1032 2188 1121 2216 adhuc
1137 2188 1297 2224 premimur.
1312 2187 1427 2221 Quando
1436 2195 1501 2215 vero
1514 2188 1541 2215 in
1553 2188 1652 2215 caelum
1668 2195 1735 2215 ocu-

948 2233 990 2260 los
1015 2233 1222 2265 convertimus,
1257 2232 1460 2267 corruptionem
1491 2236 1587 2260 natura
1612 2233 1733 2268 deponit.

949 2278 1029 2306 Videt
1046 2280 1119 2306 enim
1139 2287 1222 2314 supra
1244 2286 1339 2306 eorum
1360 2279 1407 2314 qui
1432 2278 1503 2306 infra
1521 2279 1622 2306 mortui
1641 2286 1735 2306 rcsur—

948 2324 1078 2352 rectionis
1092 2325 1214 2352 radicem
1237 2325 1415 2360 (Christum):
1432 2332 1449 2352 ο
1464 2325 1569 2352 lucrum
1596 2333 1611 2352 e
1636 2325 1735 2352 damno

948 2371 1128 2406 proveniens}.
1141 2371 1279 2398 Deorsum
1294 2371 1370 2398 missi
1394 2370 1517 2398 tollimur
1534 2371 1561 2398 in
1576 2371 1672 2403 altum,
1686 2379 1734 2398 cx-

949 2415 1020 2451 pulsi
1036 2416 1061 2442 in
1079 2415 1176 2443 cmlum
1191 2416 1357 2443 reducimur.
1376 2415 1449 2442 Intra
1465 2415 1622 2450 paradisum
1640 2415 1735 2444 vulne-

951 2463 1014 2495 rati,
1040 2466 1118 2490 extra
1145 2462 1220 2489 illum
1245 2462 1396 2489 remedium
1420 2462 1585 2489 invenimus.
1609 2461 1660 2490 Ubi
1688 2463 1736 2490 tibi

950 2509 1048 2542 pirata,
1071 2507 1235 2535 maleﬁcium
1262 2507 1322 2536 est?
1348 2507 1421 2535 Crux
1451 2515 1534 2543 quam
1560 2508 1735 2543 gubernatori

105 2556 368 2593 σερνήτῃρταυρὸν,
387 2557 482 2590 γέγονε
494 2558 527 2592 τῇ
550 2555 708 2595 ναυαγούσῃ
732 2556 814 2592 φύσει
841 2565 895 2594 πη-

948 2554 1042 2587 lixisti,
1057 2554 1172 2581 vertitur
1186 2559 1292 2581 natura:
1311 2553 1450 2589 naufraga:
1468 2554 1494 2580 in
1512 2554 1621 2581 clavum
1644 2554 1733 2586 navis,

104 2601 218 2633 δὰλιον,
244 2602 291 2628 καὶ
314 2602 384 2637 πρὸς
407 2602 548 2638 οὐρανίους
571 2601 688 2634 οίακίζει
713 2602 826 2638 λιμένας
850 2611 895 2630 κυ-

949 2600 1019 2636 ειεειᾱ
1035 2600 1172 2628 caelestem
1190 2607 1240 2627 nos
1266 2604 1375 2635 portum
1404 2599 1566 2628 fluctuantes
1592 2600 1677 2632 ducit,
1704 2608 1737 2627 ac

107 2644 290 2680 μαινομένους
314 2645 337 2661 ³⁸
359 2646 435 2681 ἡμᾶς
464 2647 510 2674 καὶ
539 2646 765 2682 ἀποκαθίστησιν.
790 2647 895 2682 ’Ὥσπερ

951 2647 1035 2675 sistit.
1053 2647 1292 2680 Quemadmodum
1317 2647 1502 2681 apostolorum
1525 2647 1598 2674 oculi
1621 2654 1637 2674 e
1663 2651 1736 2674 terra

107 2690 171 2726 [840
189 2689 239 2728 IL]
253 2691 282 2718 αἱ
292 2691 347 2719 τῶν
365 2691 494 2728 μαθητῶν
507 2693 540 2720 ὲκ
560 2693 610 2728 τῆς
622 2692 674 2728 γῆς
689 2693 758 2728 πρὸς
778 2694 893 2728 οὐρανὸν

949 2694 982 2722 ad
1010 2694 1109 2722 caelum
1133 2693 1234 2722 sublati
1259 2699 1348 2728 crant,
1372 2702 1454 2727 carne
1478 2694 1609 2730 paulatim
1627 2701 1737 2721 sursum

744 2782 863 2810 VARI/Ii
882 2782 1084 2811 LECTIONES.

144 2872 166 2888 ”
180 2871 338 2906 καταλείψει
357 2871 390 2898 Δ.
442 2872 462 2887 ³¹
481 2870 557 2897 ἄνελε
570 2886 603 2907 5—-
618 2871 714 2902 ἄθλους
731 2880 785 2898 om.
806 2873 834 2899 Β.
887 2874 907 2889 ³¹
919 2873 1006 2901 οὐσῶν
1025 2873 1047 2902 Α
1063 2884 1068 2901 ;
1086 2874 1170 2902 ὖντων
1187 2883 1216 2907 ς.

110 2907 130 2924 ³⁸
146 2907 227 2944 αὐτῇ,
243 2907 309 2935 αὐτὸ
324 2907 355 2934 Δ.
395 2907 417 2922 ³⁸
435 2906 658 2942 κυξιαινομὲνους,
669 2906 889 2943 κυϐερνωμένους
904 2909 934 2936 Α.

1266 2875 1290 2899 νυ
1303 2875 1331 2902 ἐν
1347 2882 1402 2903 om.
1413 2874 1445 2902 Δ.
1503 2874 1526 2891 ³⁸
1541 2872 1693 2910 σύγκρισιν
1706 2882 1738 2907 ς.
