1959 3081
231 168 286 201 255

809 168 942 200 ΡΗΟΤΙΙ
955 167 1209 199 PATRIARCHIE
1225 167 1279 198 ΟΡ.

1805 166 1861 199 256

233 225 376 258 translata,
403 224 445 252 sic
468 229 496 252 et
519 224 645 253 ctelestes
668 224 782 261 spiritus
808 224 965 260 incorporei
987 225 1022 252 de

1080 223 1265 259 ινηρτήθησαν
1279 222 1365 258 όψεις,
1378 222 1428 258 τῆς
1448 221 1550 258 σαρκὸς
1563 222 1634 250 κατὰ
1652 222 1750 258 μικρὸν
1776 223 1860 258 ὑψου-

233 273 304 300 cmlo
319 272 345 299 in
363 271 449 299 caelos
463 268 635 306 aspiciebant
647 278 694 299 ore
710 271 813 304 hianteI
829 271 954 306 corporis
970 278 1020 297 na-

233 323 294 345 tura
312 325 392 352 supra
409 319 483 352 ipsos
496 317 669 349 ascendente,
683 318 771 345 donec
782 317 809 344 in
824 317 915 345 sinum
930 316 1021 344 Patris

233 367 360 398 suscepta
376 367 427 390 est.
443 363 466 390 0
477 370 574 391 secura
592 364 732 390 hominum
755 370 829 398 spes,
844 363 871 390 in
886 363 950 391 coeli
974 371 1020 391 re-

233 417 293 445 gem
310 409 431 444 ejusdem
449 414 554 436 natura:
568 409 725 443 possidens.
740 410 787 444 qui
807 409 904 438 iterum
923 409 1018 438 eadem

233 463 297 484 cum
309 462 391 492 carne
408 455 536 483 omnibus
545 455 698 490 apparebit.

303 598 430 635 Ejusdem
446 600 567 626 Homilia
586 599 702 627 secunda
717 600 749 627 de
763 601 854 628 eodem
868 603 946 639 festo.

269 643 292 672 Ο
300 644 456 679 religionem
469 645 597 673 omnibus
607 646 716 681 regibus
727 647 814 682 magis
822 647 924 682 regiam
935 648 942 674 l
955 646 1022 681 Quae

233 689 306 716 enim
331 691 416 717 armis
444 698 522 726 reges
547 691 763 726 acquisivernnt,
788 692 834 719 illa
855 693 915 720 sine
935 693 1019 721 armis

233 735 352 762 ostendit
367 743 397 762 se
411 740 543 763 evertere.
560 735 626 769 Quae
642 742 793 765 mactantes
809 739 948 772 vetabant,
962 741 1020 766 hac

234 786 352 809 mactata
368 782 498 817 applausu
515 784 632 818 excepit.
661 788 689 811 et
703 784 824 812 caedibus
849 789 945 812 contra
963 793 1020 812 ma-

235 831 341 854 ctantes
366 829 486 863 trophaa
497 829 603 856 statuit.
630 829 757 858 Ecclesiae
774 831 900 865 palmites
917 832 1021 859 succisi

235 877 323 906 erant,
343 878 370 901 et
386 873 491 902 {ructus
509 875 570 902 lidei
586 876 674 911 magis
690 883 853 911 progressus
867 881 917 909 est,
931 882 958 905 et
972 877 1021 905 ﬂo—

234 926 294 946 rem
320 919 572 949 immarcessibilem
594 909 759 957 proferebat.
785 922 807 950 E
834 922 928 951 radice
948 924 1021 951 enim
1038 909 1060 937 Β

233 964 360 998 palmites
381 965 454 992 enati
481 970 564 999 sunt,
589 973 650 1001 quae
672 973 736 994 vere
766 966 834 994 dixit
854 975 863 995 :
891 967 947 1002 Ego
972 968 1023 995 vici

233 1012 373 1045 mundum,
381 1021 428 1048 ego
436 1021 495 1040 sum
507 1014 577 1047 uilis,
585 1023 629 1042 vos
636 1023 694 1043 vero
703 1015 826 1051 palmites
835 1014 857 1043 ί.
866 1015 1024 1052 Stephanus

235 1059 365 1090 tanquam
391 1064 486 1086 ramus
511 1059 547 1086 ab
572 1058 693 1086 Ecclesia
710 1060 821 1087 excisus
841 1065 893 1093 est,
907 1065 934 1088 et
951 1061 1023 1089 alius

235 1100 340 1135 palmes
366 1106 518 1137 martyrum
547 1103 702 1138 pullulavit.
726 1102 844 1132 Jacobus
873 1110 900 1133 et
924 1104 1023 1135 Petrus

234 1147 367 1181 amputati
383 1153 469 1175 sunt:
490 1148 560 1176 alius
585 1157 695 1177 rursum
714 1155 835 1186 martyre
858 1152 998 1179 enascitur
1014 1161 1022 1180 :

235 1200 292 1227 quo
305 1193 409 1225 exciso,
429 1194 512 1220 alium
529 1203 626 1223 rursus
646 1196 757 1224 uberem
780 1196 920 1232 palmitem
945 1198 1023 1226 radix

235 1237 359 1271 protulit.
378 1236 474 1273 5156
490 1237 634 1267 Vindemia
648 1240 794 1275 decerptus
810 1245 853 1268 est
870 1241 983 1277 Paulus,
996 1247 1025 1271 et

235 1282 307 1309 alius
334 1290 460 1311 racemus
486 1285 619 1320 martyrio
637 1290 823 1314 malurescens
837 1286 959 1316 Thomas
975 1295 1024 1324 ap-

237 1328 340 1363 paruit,
358 1334 385 1356 et
399 1330 520 1365 undique
536 1331 613 1358 radix
629 1332 793 1360 vindemiata
818 1333 938 1362 fructum
963 1335 1025 1362 tulit

232 1375 407 1412 luberiorcm,
422 1380 449 1403 et
467 1384 577 1412 germen
592 1377 754 1413 duraliilius,
769 1387 851 1414 quam
869 1381 917 1416 qui
931 1381 1026 1410 vinde-

236 1422 367 1449 miaruut.
387 1423 493 1451 Etenim
527 1424 576 1459 qui
599 1425 798 1454 exscindebant
814 1428 947 1462 paulatim
961 1435 1024 1456 are-

236 1471 343 1495 scentes
361 1468 486 1497 exstincti
502 1474 576 1497 sunt.
587 1469 707 1498 Ecclesia
723 1479 788 1499 vero
805 1472 940 1502 fructibus
950 1473 1025 1501 omni

237 1519 359 1549 tempore
374 1520 485 1548 onusta,
508 1515 576 1545 ﬁnes
599 1522 676 1545 teme
695 1519 753 1547 suis
775 1519 876 1554 plantis
897 1527 1024 1556 compre-

237 1559 343 1588 hendit.

238 1661 366 1694 Eiusdem
382 1663 501 1691 Humilia
517 1665 597 1692 tertia
609 1665 645 1707 in
667 1666 737 1693 idem
755 1666 863 1701 festum.
881 1682 917 1688 ——
935 1667 1027 1696 Prooe-

577 1709 671 1729 imum.

274 1744 381 1773 Divinas
394 1745 525 1774 bonitatis
542 1747 629 1774 imber
649 1747 787 1783 incipiens
810 1749 970 1779 hominihus
984 1750 1027 1778 ef-

239 1789 328 1822 fundi.
345 1791 426 1820 hodie
447 1799 530 1827 supra
552 1793 662 1820 modum
688 1799 785 1822 auctus
810 1800 862 1828 est,
880 1800 908 1823 et
931 1803 1028 1831 magna

239 1837 305 1865 oliin
331 1837 476 1876 [exhibita]
494 1839 623 1868 benelicia
649 1841 800 1876 majoribus
818 1842 904 1871 hodie
929 1844 1030 1871 obscu-

240 1884 321 1912 ravit.
350 1883 418 1912 Nam
451 1891 530 1913 erant
553 1887 662 1922 quidem
693 1893 757 1916 ante
786 1889 838 1916 hoc
865 1889 1028 1918 beneﬁcium

241 1930 370 1964 illustria,
387 1936 414 1958 et
427 1932 528 1960 summi
540 1934 643 1961 amoris
656 1934 733 1969 signa
748 1943 755 1961 :
769 1934 856 1962 Adam
874 1943 891 1963 e
906 1936 1030 1971 virgineo

241 1978 375 2013 sanguine
388 1986 476 2007 novus
493 1978 594 2013 factus,
612 1988 760 2016 corporum
785 1982 873 2009 morbi
890 1981 986 2017 fugati,
1003 1986 1031 2010 et

241 2031 275 2051 ex
290 2023 434 2051 animabus
452 2024 588 2053 daemonia
603 2026 699 2061 ejecta.
722 2026 855 2055 Latrones
879 2027 1030 2063 principem

242 2069 379 2097 latronum
395 2070 517 2104 vincunt,
529 2077 556 2098 et
568 2071 602 2099 de
615 2078 647 2099 eo
662 2072 833 2107 triumphant
845 2081 852 2100 :
866 2073 1031 2101 resurrectio

242 2117 325 2144 morti
343 2117 476 2145 succedit.
495 2117 548 2145 Sed
565 2118 697 2147 hactenus
715 2119 772 2146 haec
789 2119 868 2154 plena
891 2123 956 2147 sunt
983 2120 1032 2147 ho-

242 2163 319 2190 noris
335 2169 362 2190 et
384 2163 551 2199 splendoris.
580 2164 628 2192 sed
652 2164 754 2192 donum
777 2164 849 2199 quod
869 2172 942 2192 nunc
959 2165 1031 2192 cele-

241 2209 365 2242 lii-amns,
393 2217 448 2237 non
471 2210 591 2238 admittit
623 2210 870 2246 comparationem.
893 2212 927 2239 Et
954 2218 1032 2239 amor

1075 271 1170 307 μένης,
1189 270 1261 297 οὕτω
1273 269 1384 296 καὶτῶν
1400 269 1430 295 ὲν
1444 270 1570 304 οὐρανοῖς
1584 269 1741 305 ἀσωμάτων
1751 270 1765 296 ὁ
1774 269 1861 304 δῆμος

1074 316 1103 350 ἐξ
1116 315 1231 352 οὐρανοῦ
1252 316 1321 352 πρὸς
1336 316 1451 350 obpava
1476 316 1614 352 ὲκεχήνει,
1633 317 1683 351 τῆς
1700 315 1747 343 τοῦ
1765 316 1861 352 σώμα-

1073 371 1120 394 τος
1142 361 1250 396 φύσεως
1274 361 1403 389 ἐπέκεινα
1428 362 1476 389 καὶ
1492 362 1583 389 αὐτῶν
1597 361 1736 398 ἀνιούσης,
1753 363 1806 394 ἓως
1830 363 1861 389 ὲν

1074 407 1185 439 κόλποις
1207 406 1255 434 τοῦ
1278 407 1384 443 Πατρδς
1403 407 1550 443 ὑπεδέχθη.
1583 407 1726 442 Ἀσφαλεῖς
1754 407 1784 435 αἱ
1811 407 1860 434 τοῦ

1074 453 1170 488 γένους
1185 453 1303 486 ἐλπίδες,
1328 453 1357 480 ὲν
1371 453 1479 489 οὐρανῷ
1497 453 1609 489 βασιλέα
1625 454 1743 489 συγγενῆ
1760 462 1862 489 κεκτη-

1076 500 1167 536 μέναι,
1183 500 1213 532 ὃς
1231 500 1279 526 καὶ¹
1298 499 1380 527 πάλιν
1396 500 1466 535 μετὰ
1481 500 1532 535 τῆς
1545 500 1630 535 αὐτῆς
1653 501 1754 534 σαρκὸς
1776 501 1861 527 πᾶσιν

1074 546 1233 581 ὀφθήσεται.

1077 602 1134 630 Τοῦ
1148 602 1241 630 αὑτοῦ
1250 602 1285 630 ἐκ
1300 602 1354 630 τοῦ
1365 603 1409 636 εἰς
1420 602 1479 637 τὴν
1488 602 1586 636 αὐτὴν
1594 602 1703 638 ἑορτὴν
1713 603 1744 636 ,β’
1755 603 1859 639 λόγον.

1112 649 1144 675 Ὢ
1155 648 1287 684 βασιλέων
1300 649 1407 676 πάντων
1424 648 1639 687 βασιλικωτέρας
1654 649 1803 686 θρησκείας
1819 651 1858 677 ³⁷1

1073 694 1093 722 ἃ
1117 695 1171 729 γὰρ
1192 694 1286 727 ὅπλοις
1317 694 1435 730 βασιλεῖς
1467 695 1656 731 συνεκρότουν,
1683 696 1752 731 αὑτὴ
1777 696 1861 731 χωρὶς

1075 740 1164 768 ὃπλων
1183 741 1319 768 ἐδείκνυτο
1338 741 1528 768 καταλύουσα¹³
1540 741 1559 769 ἃ
1580 742 1746 776 σφάττοντες
1762 741 1860 769 διεκώ-

1074 785 1147 819 λυον,
1173 785 1242 821 αὑτὴ
1257 786 1428 821 σφαττομένη
1455 786 1622 821 συνεκρότει,
1636 786 1684 814 καὶ⁸
1702 788 1763 819 ταῖς
1788 795 1860 821 σφα-

1074 832 1136 866 γαῖς
1153 832 1224 859 κατὰ
1239 831 1293 858 τῶν
1314 832 1485 866 σφαττόντων
1504 832 1601 867 ἀνίστη
1619 832 1654 858 τὰ
1667 832 1796 867 τρόπαια.
1819 833 1861 859 Τὰ

1074 878 1124 913 τῆς
1140 878 1304 913 Ἐκκλησίας
1333 879 1517 905 κατεκόπτετο
1539 878 1677 913 κλήματα,
1692 878 1740 905 καὶ
1767 880 1781 905 ὁ
1811 879 1862 911 τῆς

1074 924 1192 956 πίστεως
1213 924 1335 951 ἐπεδίδου
1354 924 1454 960 μᾶλλον
1480 925 1504 941 ³⁸
1521 924 1628 959 καρπὸς
1651 925 1699 951 καὶ
1724 924 1756 951 τὸ
1781 924 1862 956 ἄνθος

1073 971 1230 1007 ἀμάραντον
1251 970 1343 1007 ἔφερε.
1366 970 1456 1006 Ῥίζης
1483 970 1539 1005 γὰρ
1563 969 1715 1004 ἐκπεφύκει
1738 970 1775 997 τὰ
1798 970 1863 1006 κλή-

1075 1025 1148 1053 ματα
1161 1017 1210 1053 τῆς
1222 1016 1344 1052 ἁψευδῶς
1360 1017 1490 1051 εἰπούσης
1499 1024 1507 1033 ο
1528 1017 1602 1052 Ἐγὼ
1618 1016 1671 1043 τὸν
1682 1016 1798 1051 κόσμον
1810 1024 1862 1043 νε-

1073 1063 1194 1097 νίκηκα.
1214 1062 1287 1097 Ἐγώ
1298 1064 1358 1098 ειμι
1374 1063 1394 1097 ὴ
1407 1063 1554 1097 ἄμπελος,
1563 1062 1649 1097 ὑμεῖς
1660 1062 1697 1089 τὰ
1710 1063 1860 1096 κλήματα.

1074 1109 1210 1144 Στέφανος
1232 1108 1404 1142 ἔκλαδεύετο,
1425 1109 1472 1135 καὶ
1495 1109 1560 1136 ἄλλο
1587 1109 1681 1143 κλῆμα
1713 1108 1862 1144 μαρτύρων

1074 1153 1249 1181 ὲϐλάστανεν.
1280 1153 1361 1189 [1557
1388 1153 1435 1189 8.]
1464 1153 1593 1185 Ἰάκωϐος
1616 1153 1795 1188 ἀπετέμνετο,
1814 1154 1862 1180 καὶ

1074 1201 1179 1236 Πέτρος
1193 1200 1272 1231 ἄλλος
1287 1200 1369 1227 πάλιν
1385 1200 1490 1236 μάρτυς
1502 1199 1644 1234 ἀνεφύετο.
1663 1196 1747 1231 Οὗτος
1770 1199 1863 1231 ἐξεκό-

1075 1255 1168 1277 πτετο,
1183 1246 1232 1273 καὶ
1250 1245 1357 1273 Παῦλον
1369 1246 1433 1273 ἄλλο
1456 1245 1550 1281 κλῆμα
1575 1245 1751 1280 πολύκαρπον
1769 1246 1786 1281 ἡ
1801 1245 1862 1280 ῥίζα

1074 1291 1270 1327 προὺῦάλλετο.
1289 1291 1471 1326 Ἐτετρύγητο
1485 1291 1603 1324 Παῦλος,
1620 1291 1667 1318 καὶ
1679 1291 1775 1327 βότρυς
1783 1291 1862 1322 ἄλλος

1065 1330 1227 1374 ’μαρτυρίου
1255 1336 1403 1373 περκάζων
1433 1338 1447 1363 ὁ
1474 1337 1575 1372 Θωμᾶς
1605 1336 1774 1371 ἀνεφαίνετο.
1806 1337 1863 1364 Καὶ

1076 1385 1242 1420 πανταχόθεν
1255 1385 1272 1420 ἡ
1285 1384 1349 1419 ῥίζα
1356 1383 1519 1419 τρυγωμὲνη
1533 1383 1587 1410 τῶν
1602 1381 1765 1418 τρυγώντων
1781 1381 1863 1416 ἔφερε

1075 1431 1124 1467 τὴν
1141 1430 1228 1466 φορὰν
1249 1429 1452 1465 ἀπληστότερον
1475 1429 1498 1445 ⁸⁹
1519 1429 1568 1456 καὶ
1598 1429 1788 1464 μονιμωτέριν
1814 1427 1863 1462 τὴν

1076 1476 1233 1512 βλάστησιν.
1250 1475 1306 1502 Καὶ
1321 1475 1346 1501 οἱ
1363 1475 1414 1510 μὲν
1429 1474 1576 1506 κόπτοντες
1590 1474 1661 1501 κατὰ
1684 1474 1780 1510 μικρὸν
1795 1474 1865 1508 ἠφα-

1077 1522 1206 1558 νίσθησαν
1225 1520 1429 1557 μαραινόμενοι,
1445 1521 1462 1556 ἡ
1477 1521 1506 1547 δὲ
1520 1520 1560 1556 τῷ
1575 1519 1674 1556 καρπῷ
1695 1519 1740 1546 διὰ
1763 1519 1864 1551 παντὸς

1038 1582 1060 1612 c
1078 1568 1208 1604 βρίθουσα
1221 1566 1257 1594 τὰ
1264 1567 1371 1602 πέρατα
1381 1567 1431 1602 τῆς
1441 1567 1492 1602 γῆς
1510 1565 1656 1602 περιέλαϐε
1673 1566 1730 1597 τοῖς
1745 1564 1864 1600 βλαστή-

1079 1623 1172 1650 μασιν.

1079 1671 1136 1698 Τοῦ
1144 1670 1238 1698 αὑτοῦ
1249 1669 1284 1697 ἐκ
1298 1669 1352 1697 τοῦ
1369 1670 1413 1702 εὶς
1424 1669 1481 1703 τὴν
1506 1667 1604 1702 αὐτὴν
1613 1666 1722 1702 ἑορτὴν
1735 1666 1760 1702 γ’
1771 1667 1866 1702 λόγου

1372 1705 1406 1732 τὸ
1415 1704 1579 1738 προοίμιον.

1118 1751 1149 1778 '0
1167 1751 1238 1783 θεῖος
1260 1750 1311 1786 τῆς
1330 1749 1499 1784 ἀγαθότητος
1513 1748 1617 1785 ὄμϐρος
1635 1747 1789 1784 ἀρξάμενος
1809 1748 1869 1779 τοῖς

1078 1797 1232 1833 ἀνθρώποις
1245 1796 1268 1812 ⁸⁰
1278 1795 1419 1831 ἐκκεῖσθαι
1435 1795 1502 1830 πρὸς
1521 1795 1662 1830 ἀμήχανον
1679 1795 1799 1829 σήμερον
1813 1793 1868 1820 δω-

1081 1843 1149 1881 ρεῶν
1168 1842 1310 1878 ὑπερήρθη
1333 1841 1513 1878 πλημμύραν.
1539 1841 1586 1868 καὶ
1608 1841 1642 1867 τὰ
1667 1840 1774 1876 μεγάλα
1797 1847 1867 1867 κατ-

1081 1889 1183 1925 έκρυψε
1200 1885 1395 1924 μείζοσιν.Ἦν
1414 1887 1463 1924 μὲν
1477 1887 1531 1922 γὰρ
1547 1887 1596 1914 καὶ
1608 1887 1644 1914 τὰ
1669 1886 1722 1922 πρὸ
1734 1886 1784 1922 τῆς
1795 1893 1871 1921 παρ-

1079 1937 1162 1972 ούσης
1182 1936 1345 1972 εὐεργεσίας
1361 1934 1488 1971 λαμπρὰ,
1504 1935 1555 1961 καὶ
1583 1935 1633 1969 τῆς
1653 1934 1741 1968 ἄκρας
1767 1932 1872 1968 φιλοτι-

1082 1984 1145 2021 μίας
1178 1983 1335 2016 ἀπόδειξις,
1366 1982 1454 2017 ’Δδὰμ
1482 1982 1515 2008 ὲκ
1542 1981 1716 2017 παρθενικῶν
1744 1979 1873 2015 αἱμάτων

1081 2028 1340 2065 καιωυργοὺμενος.
1358 2028 1492 2062 σωμάτων
1514 2027 1542 2055 αἱ
1558 2027 1631 2054 νόσοι
1653 2026 1875 2062 φυγαδευόμεναι

1081 2076 1130 2103 καὶ
1140 2075 1233 2110 ψυχῶν
1244 2075 1412 2110 ἐλαυνόμενα
1423 2074 1458 2101 τὰ
1472 2074 1610 2109 δαιμόνια,
1627 2073 1726 2109 λῃσταὶ
1734 2072 1779 2100 τὸν
1792 2073 1876 2108 ἀρχιο

1082 2121 1183 2156 λῃστὴν
1203 2119 1332 2151 νικῶντες
1357 2118 1405 2146 καὶ
1426 2118 1647 2154 θριαμϐεύοντες,
1666 2117 1782 2149 θάνατος
1799 2117 1874 2152 λαμ-

1083 2166 1172 2192 ὃάνων
1188 2165 1308 2200 διάδοχον
1324 2165 1374 2200 τὴν
1397 2165 1556 2192 ἀνάστασιν.
1579 2163 1649 2190 Ἀλλ’
1666 2163 1719 2195 ἓως
1745 2163 1795 2197 μὲν
1819 2162 1871 2190 νῦν

1083 2211 1169 2239 ταῦτα
1186 2210 1266 2246 γέμει
1280 2211 1327 2237 καὶ
1340 2210 1494 2246 φιλοτιμίας
1506 2210 1554 2237 καὶ
1567 2209 1760 2245 λαμπρότητος
1776 2216 1783 2223 ·
1801 2209 1832 2234 τὺ
1844 2207 1877 2235 δὲ

241 2253 381 2283 Creatoris
394 2263 458 2290 erga
471 2263 522 2283 nos
539 2255 625 2283 vincit
650 2257 783 2290 sciptum,
800 2261 828 2283 et
846 2264 900 2284 una
915 2264 977 2284 cum
993 2257 1026 2284 vi-

1085 2254 1133 2282 νῦν
1155 2254 1352 2290 ἑορταζὸμενον
1371 2254 1456 2289 δῶρον
1471 2255 1522 2281 οὐκ
1550 2255 1677 2289 ἀνέχεται
1702 2253 1878 2288 συγκρίσεως

241 2300 330 2328 etoria
357 2305 494 2328 ornatur:
520 2307 620 2336 etquae
646 2300 720 2328 illam
747 2302 823 2335 vicit,
854 2302 1033 2330 nihilominus

243 2354 327 2382 quam
344 2347 367 2374 si
386 2348 483 2374 horum
507 2347 615 2382 singula
643 2347 765 2376 victoriae
784 2355 915 2376 coronam
939 2355 1034 2384 repor-

243 2397 346 2421 tarent.
364 2392 511 2428 Terrigena
528 2399 628 2421 natura
651 2399 752 2421 terram
772 2395 943 2429 relinquens,
966 2395 1033 2430 quin

244 2439 336 2475 potius
350 2439 451 2473 ferens,
468 2440 496 2468 in
520 2441 619 2469 coelum
642 2441 816 2469 transfertur.
842 2441 874 2468 Et
885 2443 936 2469 hoc
959 2441 1033 2477 quod

244 2489 349 2516 dictum
377 2495 439 2517 est:
465 2488 611 2517 Faciamus
635 2489 766 2517 hominem
788 2490 822 2516 ad
843 2489 986 2524 imaginem
1007 2494 1033 2516 et

247 2534 447 2562 similitudinem
481 2540 601 2562 nostram
625 2535 655 2567 ⁸,
690 2533 777 2569 magis
812 2533 1032 2565 reformationis,

246 2588 329 2615 quam
348 2580 521 2608 formationis
540 2588 602 2608 esse
618 2579 736 2608 videtur.
755 2578 899 2614 Exemplar
920 2579 1034 2606 immor-

247 2626 362 2655 talitatis
386 2632 429 2655 est
451 2627 539 2654 forma
571 2626 653 2654 hodie
679 2629 833 2660 assumpta,
859 2625 1034 2653 adumbratio

249 2671 331 2707 hujus
357 2676 384 2699 et
410 2677 492 2707 typus
507 2675 550 2699 est
565 2671 673 2698 initium
698 2671 846 2698 creationis
871 2675 972 2698 nostra:
1001 2670 1036 2698 ad

250 2718 397 2752 imaginem
413 2717 472 2745 Dei.
485 2717 574 2752 Loqui
597 2716 678 2744 debet
691 2717 797 2750 asinus,
813 2724 846 2744 ne
863 2716 924 2751 quis
939 2716 975 2744 sit
992 2716 1036 2742 in-

289 2777 300 2797 f
316 2776 396 2804 Joan.
413 2783 469 2810 xvt,
485 2775 538 2810 55;
554 2774 634 2804 Joan.
650 2783 697 2808 xv,
715 2775 741 2802 5.
781 2779 794 2799 ι
809 2774 909 2803 chcs.
927 2781 947 2807 ι,
963 2773 1010 2801 20.

1086 2302 1212 2334 ἐξέτασιν
1227 2299 1413 2333 ἐπιδέξασθαι,
1432 2300 1478 2326 καὶ
1500 2301 1564 2335 νικᾷ
1585 2300 1634 2335 μὲν
1648 2299 1746 2333 ἑαυτὴν
1773 2299 1790 2333 ἡ
1809 2299 1878 2333 περὶ

1086 2347 1161 2382 ἡμᾶς
1171 2345 1218 2373 τοῦ
1231 2346 1350 2373 πλάστου
1362 2344 1513 2380 φιλοτιμία,
1524 2344 1779 2379 συγκαλλωπίζεται
1795 2343 1824 2370 δὲ
1839 2345 1874 2378 τῇ

1087 2393 1161 2429 νίκῃ,
1174 2393 1221 2420 καὶ
1241 2391 1260 2419 ἃ
1276 2391 1324 2427 τὴν
1340 2391 1408 2427 πρὸς
1433 2391 1541 2426 ἐκείνην
1562 2389 1646 2426 ἧτταν
1661 2391 1786 2426 ἤνεγκεν,
1797 2389 1878 2416 οὐδὲν

1088 2440 1197 2467 ἔλαττον
1211 2439 1228 2474 ἤ
1246 2439 1325 2472 εἴπερ
1338 2439 1440 2465 τούτων
1458 2437 1573 2464 ἕκαστον
1590 2437 1635 2464 τὸν
1648 2437 1697 2472 τῆς
1712 2437 1791 2471 νίκης
1822 2437 1878 2464 ἀν,

1084 2486 1199 2521 εδήσατο
1215 2484 1357 2519 στέφανον.
1377 2483 1410 2510 'H
1420 2483 1539 2518 γηγενὴς
1555 2483 1692 2519 φύσιςτὴν
1703 2483 1754 2518 γῆν
1764 2483 1878 2517 ἀφεῖσα,

1088 2531 1188 2566 μᾶλλον
1196 2530 1223 2557 δὲ
1230 2530 1360 2566 φέρουσα,
1367 2530 1406 2561 είς
1417 2529 1548 2564 οὐρανοὺς
1560 2529 1754 2565 μετοικίζεται.
1769 2529 1825 2555 Καὶ
1834 2529 1879 2563 τὸ,

1085 2576 1261 2611 Ποιήσωμεν
1273 2576 1431 2610 ἄνθρωπον
1446 2575 1507 2611 [841
1538 2575 1585 2612 Η.ι
1600 2575 1663 2602 κατ’
1680 2576 1785 2602 εἰκόνα
1802 2574 1880 2608 ἠμε-

1088 2623 1177 2658 τέραν
1195 2623 1244 2650 καὶ
1256 2623 1320 2650 καθ’
1339 2622 1493 2656 ὁμοίωσιν,
1511 2622 1561 2657 τῆς
1571 2622 1751 2653 ἀνακλάσεως
1776 2620 1883 2655 μᾶλλον

1090 2669 1170 2704 ἔργον
1190 2669 1207 2703 ἥ
1231 2669 1280 2704 τῆς
1303 2669 1428 2700 πλάσεως
1450 2668 1644 2696 ἐπιδείκνυται.
1666 2667 1834 2703 Ἀρχέτυπον
1855 2666 1881 2683 δι

1091 2715 1140 2750 τῆς
1154 2715 1301 2747 ἀθανασίας
1313 2714 1330 2750 ἡ
1348 2715 1468 2750 σήμερον
1482 2714 1668 2749 ἁναληφθείσα
1684 2712 1786 2749 μορφὴ.
1800 2719 1882 2739 σκια-

883 2831 1000 2860 VARIAE
1020 2829 1222 2859 LECTIONES.

288 2883 310 2900 ³’
325 2881 458 2918 θρησκεία
468 2882 498 2910 Β.
537 2881 560 2898 ³⁸³
574 2881 674 2917 μᾶλλον
683 2881 805 2918 ειπεδίὸου
820 2891 850 2915 ς.
889 2882 911 2898 ³⁹
928 2879 1133 2916 ἀπλαστοτέραν
1142 2879 1174 2907 Α.
1213 2878 1235 2896 ⁸⁸³
1247 2879 1303 2912 τοῖς
1320 2876 1485 2915 ἀνθρώποις]
1497 2875 1536 2908 εἰς
1551 2873 1711 2911 ἀνθρώπους
1725 2872 1758 2902 Bo
1792 2872 1814 2889 ⁵⁸
1828 2870 1885 2908 ἀρ·

252 2917 413 2956 χέτυπον-
427 2918 598 2953 ἐπουρανίοις
611 2926 667 2946 om.
694 2917 722 2944 B.
