1959 3081
116 191 165 223 257

617 188 881 220 BIBLIOTHECA.
894 200 929 206 —
944 187 1027 218 COD.
1042 187 1230 218 CCLXXVII-

1687 187 1742 220 258

115 249 222 286 γραφία
239 247 268 274 δὲ
280 247 329 274 καὶ
343 255 520 283 προτυπωσις
535 246 629 273 τούτου
646 247 662 282 ἠ
682 247 751 280 πρὸς
766 247 816 282 τὴν
831 245 906 273 θείαν

960 246 1089 274 credulus
1107 255 1113 273 :
1136 251 1199 274 ante
1217 245 1325 274 locutus
1350 250 1393 274 est
1412 253 1534 281 serpens,
1552 245 1635 282 Virgo
1658 247 1742 282 parit.

116 296 209 323 εἰκόνα
230 294 279 329 τῆς
293 294 363 329 ἐμῆς
378 292 557 328 δημιουργίας
572 293 720 328 καταϐολή.
738 292 901 327 Ἔμελλεν⁵¹

115 342 176 373 ὖνος
203 340 295 367 λαλεῖν
311 347 319 355 ⁸
339 339 383 365 ἵνα
413 339 508 374 μηδεὶς
536 340 638 374 ἀπιστῇ
665 339 698 372 ⁸³,
718 339 903 375 προελάλησεν

115 388 187 422 ὃφις.
214 385 353 421 Παρθένος
367 384 454 412 τίκτει
469 393 477 400 ο
496 385 538 412 ἴνα
551 385 588 420 μή
606 394 647 411 σοι
658 385 733 417 ξένον
748 385 852 421 δειχθῇ,
863 385 904 412 τί-

116 441 177 460 κτει
197 430 380 466 προφθάσασα
401 430 506 466 στεῖρα.
529 430 662 466 ’Ἐμελλεν
684 430 769 465 Ἀδὰμ
787 430 903 458 θανάτου

115 476 257 504 τίκτεσθαι
280 477 412 512 κρείττων
427 476 494 503 ὀἴνα
517 476 555 512 μὴ
579 478 670 512 κάμῃς
696 476 834 511 ἐπιζητῶν
857 486 904 504 πι-

117 523 241 555 στεῦσαι,
256 524 270 549 ό
292 522 401 558 πρῶτος
421 523 507 558 Ἀδὰμ
526 524 574 555 τὰς
589 523 632 550 ἐπ’
644 523 779 559 ἀθανασίᾳ
798 523 904 559 δέχεται

114 571 234 605 ψήφους.
241 569 297 596 Καὶ
303 569 349 595 τὸν
361 569 447 605 Ἑνὼχ
454 569 537 605 ἔχεις,
547 570 592 596 ναὶ
602 570 634 605 δὴ
644 570 691 597 καὶ
701 569 753 603 τὸν,
760 570 866 603 Ἠλίαν,
875 570 905 596 τδ

116 615 167 650 τῆς
181 614 330 645 ἀθανασίας
346 613 586 650 σκιαγτραφοῦντας
598 615 746 651 μυστήριον
762 623 770 631 ⁸
794 615 904 651 κατέχει

115 661 172 695 γὰρ
192 659 302 692 τούτους
318 659 332 685 ὸ
347 659 472 694 Πλάστης
485 660 513 686 ὲν
529 660 647 696 σώματι,
661 659 834 695 ψυχαγωγῶν
853 660 902 696 τὴν

120 707 260 741 ἐξόριστον
275 705 366 740 φύσιν,
379 705 416 737 ὡς
432 705 479 732 καὶ
504 706 574 741 μετὰ
593 706 642 742 τὴν
657 707 801 743 ὑπερόριον
812 708 902 742 φυγὴν

117 752 201 780 πάλιν
225 753 265 783 εἰς
280 752 329 787 τὴν
346 751 479 778 ἀθάνατον
507 752 677 787 ὲπαναγάγοι
705 753 853 780 πολιτείαν.
871 753 904 780 Ἦ

115 797 163 825 διὰ
173 797 337 829 πταίσαντος
354 798 461 833 Πατρδς
479 797 677 825 ἐπεισελθοῦσα
694 798 824 835 θνητότης
839 799 906 826 ἁνα-

119 845 260 880 μαρτήτου
271 843 365 876 παιδὸς
374 845 414 876 είς
425 844 546 871 διάλυσιν
564 844 648 871 ἐδεῖτο
657 845 706 879 τῆς
719 845 863 881 τιμωρίας,
874 845 904 872 ὂν

117 889 264 924 ἀναμένειν
279 889 296 924 ἡ
307 888 387 923 φύσις
399 889 442 915 διά
455 897 484 915 τε
505 887 592 924 Ἑνὼχ
606 889 655 916 καὶ
675 889 765 918 Ἠλίου
778 890 905 917 διδασκο-

118 934 187 969 μένη
210 934 392 969 προειθίζετο.
407 934 467 961 Ὀτι
494 934 541 961 σοῦ
556 934 741 970 ιβουληθέντος
763 937 813 963 οὐκ
835 937 904 964 ἀπο·
919 925 943 956 Β

119 980 233 1016 θνήσκει
261 979 368 1015 θνητὸς,
389 979 475 1015 Ἑνώχ
491 981 598 1015 item!
620 981 714 1014 Ἠλίας
737 982 903 1016 διδάσκουσι,

117 1026 166 1052 καὶ
181 1025 280 1060 γένοιτ’
296 1024 330 1052 ἂν
347 1025 381 1052 δι’
397 1025 486 1052 αὐτῶν
505 1025 653 1056 ἀθανασίας
668 1026 745 1058 ἐλπὶς
757 1029 814 1059 τοῖς
827 1027 904 1055 οὔπω

117 1071 226 1106 θανάτῳ
245 1070 479 1110 προσομιλήσασιν
491 1078 499 1087 υ
516 1073 622 1106 νεκροῖς
642 1071 670 1098 δὲ
683 1072 744 1100 τίνα
769 1072 802 1099 ἂν
817 1073 906 1108 παρά-

118 1125 207 1153 σχοιεν
225 1118 249 1144 οί
265 1117 348 1153 μήπω
372 1117 499 1149 θανόντες
524 1118 689 1153 προσδοκίαν
709 1118 903 1153 ἀναϐιώσεως;

117 1162 175 1189 ἀλλ’
189 1163 238 1189 ὲάν
252 1171 293 1194 τις
309 1163 341 1189 ἐκ
353 1162 457 1197 νεκρῶν
469 1163 587 1195 ἀναστὰς
603 1164 633 1190 ὲν
643 1164 751 1200 οὐρανῷ
764 1165 903 1202 βασιλεύῃ,

117 1204 196 1239 οὗτος
206 1208 244 1243 τῷ
260 1207 320 1243 έμῷ
333 1209 415 1234 παντὶ¹
430 1209 505 1242 γένει
519 1208 550 1235 τὺ
562 1209 612 1243 τῆς
624 1209 773 1242 ἀθανασίας
784 1211 905 1246 ἀναμφί-

118 1252 195 1278 ϐολον
209 1252 296 1287 δῶρον
306 1252 468 1288 παρέχεται.
482 1253 532 1280 Διὰ
542 1253 633 1281 τοῦτο⁹
639 1254 752 1282 πλάττει
766 1256 800 1292 τῇ
825 1255 905 1291 φύσει

119 1298 186 1330 Θεὸς
201 1299 351 1330 ἀθανασίας
365 1299 397 1326 ὲκ
418 1299 469 1334 τῆς
487 1299 595 1334 φύσεως
620 1300 778 1336 πρόσωπον,
791 1301 839 1328 καὶ
853 1301 906 1328 δεί-

118 1354 213 1372 κνυσιν
243 1345 314 1381 ὑπὲρ
324 1345 405 1380 φύσιν
424 1346 456 1372 ἐκ
477 1346 527 1381 τῆς
541 1345 647 1381 φύσεως
672 1347 829 1383 προστάτην
855 1347 907 1382 τῆς

117 1391 235 1426 φύσεως.
267 1392 297 1418 '0
321 1391 438 1419 θανάτου
469 1393 638 1428 γευσάμενος
663 1394 694 1420 ὲν
723 1394 847 1429 οὐρανοῖς
874 1394 908 1421 ἐκ

117 1438 225 1474 νεκρῶν
246 1437 442 1473 ὲνθρονίζεται,
456 1438 494 1470 ὡς
510 1438 543 1465 ἂν
563 1438 684 1465 κάτωθεν
698 1439 716 1475 ἡ
732 1439 812 1474 φύσις
839 1440 908 1475 πρὸς

117 1484 164 1511 τὸν
186 1486 214 1512 έν
242 1485 368 1520 οὐρανοῖς
391 1485 551 1517 ἀτενίζουσα
579 1484 660 1520 [1540
676 1485 724 1521 IL]
746 1485 830 1520 μηδὲν
851 1487 909 1512 ὲπι-

119 1532 235 1567 διστάζῃ
257 1531 281 1547 ⁵⁸
297 1532 330 1568 τῇ
343 1531 489 1567 ἀθανασίᾳ,
505 1530 552 1558 τὸν
567 1531 598 1563 ἐξ
612 1531 697 1566 αὐτῆς
712 1531 806 1563 ἁῐὸίως
820 1533 851 1559 ἐν
863 1531 908 1559 οὐ·

118 1578 211 1614 ρανοῖς
232 1577 370 1613 βλέπουσα
386 1576 573 1612 βασιλεύοντα.
583 1577 632 1609 Τίς
643 1577 752 1613 λαλήσει
767 1577 818 1610 τὰς
826 1577 907 1605 δυνα-

118 1623 211 1654 στείας
235 1623 360 1659 Κυρίου;
384 1623 582 1658 Συμϐασιλεύει
598 1623 621 1640 ⁸⁵
648 1623 761 1660 Θεότητι
791 1623 872 1659 φύσις
890 1625 907 1660 ἡ

117 1669 185 1704 πρὶν
201 1670 231 1695 ὲν
248 1668 405 1704 παραδείσῳ
421 1669 488 1704 μηδὲ
501 1670 552 1704 τῆς
566 1668 642 1700 θείας
653 1669 745 1705 φωνῆς
759 1669 809 1705 τὴν
821 1670 907 1705 ἀκοὴν

118 1715 266 1748 στέγουσα,
282 1713 349 1740 ἀλλὰ
358 1714 398 1750 τῷ
408 1713 483 1750 φόϐῳ
498 1714 703 1750 δραπετεύουσα
726 1715 773 1742 καὶ
787 1724 907 1751 κρυπτο-

119 1760 200 1796 μένη.
216 1761 249 1787 Ὢ
261 1762 310 1796 τῆς
325 1761 391 1796 περὶ
408 1761 459 1796 ἐμὲ
478 1761 661 1796 χρηστότητος
673 1762 680 1789 l
693 1762 724 1788 οὑ
740 1762 907 1798 μνημονεύει

116 1806 167 1840 τῆς
191 1800 383 1841 παραϐάσεως,
394 1807 425 1833 οὐ
444 1809 610 1842 μνησικακεῖ
623 1807 672 1834 τοῦ
686 1808 755 1844 πρὸς
771 1808 818 1835 τὸν
845 1808 908 1844 όςριν

118 1851 303 1888 συνθήματος,
316 1852 365 1879 τοῦ
379 1853 476 1886 γένους
486 1854 536 1888 τὴν
547 1853 742 1889 ἀγνωμοσύνην
756 1855 787 1881 οὐ
802 1855 906 1890 λογίζε-

958 291 999 320 Ne
1013 292 1061 319 tibi
1078 299 1180 320 novum
1203 292 1338 325 videatur,
1363 292 1434 328 parit
1450 301 1511 328 qua:
1536 299 1616 320 antea
1641 293 1743 321 sterilis

958 337 1023 371 fuit,
1046 339 1194 373 pariendus
1213 343 1273 366 erat
1297 339 1419 366 Adamus
1436 343 1525 366 morte
1549 339 1682 373 superior,
1709 346 1744 366 ne

957 384 1107 419 quaerendo
1122 389 1151 411 ut
1166 384 1262 412 credas
1277 384 1447 419 defatigeris.
1464 384 1573 412 Primus
1589 385 1675 412 Adam
1693 392 1742 412 ac—

958 430 1024 466 cipit
1037 431 1199 458 sententiam
1214 430 1248 458 de
1263 431 1469 458 immortalitate
1482 436 1525 459 :et
1539 432 1633 459 Enoch
1648 432 1743 464 babes,

957 481 985 503 et
998 476 1095 509 Eliam,
1111 477 1157 511 qui
1172 477 1384 504 immortalitatis
1395 478 1554 512 mysterium
1568 477 1742 505 adumbrant.

957 522 1071 550 Creator
1085 523 1157 550 enim
1175 522 1225 550 hos
1237 523 1326 550 adhuc
1345 527 1420 550 tenet
1435 523 1461 550 itt
1476 530 1602 558 corpore,
1617 528 1743 551 naturam

958 569 1129 596 exsulantem
1156 569 1312 601 consolans,
1344 569 1390 603 qui
1418 570 1500 596 etiam
1531 574 1593 604 post
1615 569 1743 597 exsilium

959 613 1056 640 iterum
1073 613 1272 641 immortalitati
1296 614 1332 641 sit
1358 614 1431 641 illam
1455 613 1644 641 restituturus.
1661 612 1743 648 Lapsi

959 659 1088 694 parcntis-
1098 666 1159 694 qua:
1171 659 1282 694 irrepsit
1294 660 1456 692 mortalitas,
1473 666 1529 686 non
1544 658 1683 693 peccantis
1698 658 1747 685 lilii

961 705 989 732 in
1006 705 1170 732 solutionem
1186 705 1288 739 indiget
1313 705 1412 741 516a
1433 705 1577 740 supplicio,
1596 712 1677 739 quem
1698 712 1746 731 cx-

960 757 1083 786 spectare
1091 757 1186 779 natura
1196 760 1243 786 per
1254 751 1359 783 Enoch,
1367 756 1394 778 et
1404 750 1489 778 Ellam
1498 755 1578 778 antea
1592 749 1745 778 consuevit.

962 797 1001 825 Te
1017 799 1124 826 volente
1150 805 1203 825 non
1229 798 1347 825 moritur
1370 798 1503 830 mortalis,
1533 801 1563 824 ut
1589 795 1694 829 Enoch,
1719 799 1747 823 et

960 844 1033 872 Elias
1048 852 1092 872 me
1103 844 1212 876 docent,
1234 848 1261 871 et
1284 852 1332 879 per
1349 844 1410 871 illos
1430 843 1661 871 resurrectionem
1682 849 1746 877 spe-

959 897 1065 922 ramus,
1085 891 1147 925 quia
1165 891 1286 917 nondum
1312 891 1412 917 mortui
1437 895 1511 917 sunt.
1538 889 1653 916 Mortuis
1669 895 1746 921 vero,

957 943 1039 971 quam
1069 943 1164 971 ᾳυεεεο
1189 936 1328 971 praebeant
1349 935 1582 970 exspectationem
1607 941 1747 961 resurrec-

955 982 1042 1010 tionis
1057 982 1075 1010 ii
1092 983 1138 1018 qui
1162 983 1282 1009 nondum
1300 983 1400 1009 mortui
1419 981 1501 1009 sunt?
1525 980 1578 1008 Sed
1601 980 1624 1009 si
1647 981 1710 1016 quis
1730 988 1747 1007 a

956 1029 1075 1060 mortuis
1087 1029 1222 1056 excitatus
1238 1028 1265 1055 in
1285 1028 1355 1056 caelo
1370 1031 1476 1063 regnat,
1491 1027 1537 1054 ille
1551 1026 1679 1053 omnibus
1695 1026 1746 1052 ho-

956 1074 1079 1103 minibus
1090 1079 1195 1103 certutn
1210 1074 1424 1101 immortalitatis
1439 1073 1602 1101 beneficium
1615 1073 1670 1100 dat.
1684 1072 1748 1099 ideo

957 1128 1063 1152 naturae
1074 1122 1174 1150 format
1188 1121 1260 1149 Deus
1273 1120 1510 1148 imntortalitatise
1521 1123 1616 1146 natura
1632 1118 1729 1146 facient
1738 1138 1747 1150 ,

957 1169 1107 1198 etostendit
1119 1176 1201 1203 supra
1227 1172 1353 1195 naturam
1376 1171 1473 1193 natura
1489 1173 1504 1193 e
1520 1170 1625 1193 natura:
1639 1165 1747 1192 ducem.

957 1216 1009 1250 Qui
1019 1221 1133 1243 mortem
1144 1214 1273 1249 gustavit,
1283 1214 1309 1241 in
1321 1213 1390 1241 coelo
1400 1220 1415 1240 a
1426 1212 1542 1239 mortuis
1551 1211 1709 1242 collocatur,
1719 1213 1750 1236 ut

957 1271 973 1291 θ
983 1263 1063 1291 terris
1080 1266 1176 1289 natura
1191 1262 1224 1288 ad
1240 1268 1302 1287 eum
1318 1259 1364 1295 qui
1378 1259 1405 1286 itt
1426 1258 1503 1286 ctelis
1525 1263 1567 1285 est
1587 1256 1748 1292 respiciens.

957 1309 1027 1337 nihil
1043 1308 1076 1336 de
1101 1307 1308 1335 immortalitate
1322 1305 1475 1338 addubitet,
1492 1304 1587 1331 videns
1609 1311 1700 1339 regem
1719 1303 1749 1330 in

957 1360 1090 1384 aeternum
1108 1353 1135 1381 in
1151 1353 1229 1381 caelis
1244 1360 1260 1379 e
1272 1359 1302 1379 se
1318 1356 1412 1379 natum
1426 1357 1551 1385 regnare.
1571 1348 1639 1382 Quis
1656 1353 1750 1384 ροισι]-

959 1402 1011 1430 tias
1025 1401 1134 1429 Domini
1151 1399 1311 1427 enarrabit?
1324 1398 1432 1433 Regnat
1451 1404 1513 1424 cum
1538 1396 1682 1423 divinitate
1698 1403 1750 1422 na-

958 1453 1030 1479 tura,
1045 1453 1107 1481 (μηδ
1130 1445 1208 1480 prius
1231 1444 1258 1471 in
1284 1444 1417 1488 paradisq
1437 1449 1487 1470 nec
1511 1441 1633 1469 divinam
1654 1447 1750 1468 vocem

960 1493 1057 1521 audire
1069 1491 1214 1525 sustinttit,
1230 1491 1278 1518 sed
1293 1497 1349 1526 prae
1364 1489 1464 1517 timore
1476 1488 1554 1524 fugit,
1570 1492 1597 1515 et
1619 1494 1680 1515 sese
1702 1493 1751 1514 oc-

960 1538 1120 1567 cultavit.0
1137 1538 1184 1565 Dei
1211 1544 1276 1572 erga
1298 1543 1342 1564 me
1362 1535 1528 1568 bonitatem}
1544 1534 1604 1562 Non
1625 1532 1751 1562 meminit

962 1584 1203 1621 transgressionis,
1225 1591 1281 1610 non
1301 1581 1462 1610 recerdatur
1481 1580 1565 1616 pacti,
1590 1579 1663 1615 quod
1687 1587 1750 1607 cum

963 1635 1092 1666 serpente
1111 1629 1213 1656 malum
1232 1627 1397 1663 pepigimus.
1422 1625 1646 1661 ingratitudinem
1662 1625 1751 1652 homi-

962 1684 1026 1704 num
1048 1683 1104 1703 nou
1130 1678 1249 1711 reputat,
1276 1673 1382 1708 lapsum
1407 1677 1511 1699 naturae
1532 1679 1587 1698 non
1602 1670 1749 1702 erubescit,

962 1723 1010 1751 sed
1024 1722 1052 1750 in
1068 1721 1199 1749 barathro
1213 1719 1469 1754 mortisjacentem,
1486 1717 1513 1744 in
1524 1717 1591 1752 ipsis
1603 1716 1751 1751 impietatis

961 1769 1050 1804 adytis
1066 1766 1264 1803 complectitur
1277 1764 1506 1793 inenarrabilibus
1521 1763 1623 1791 amoris
1636 1762 1750 1809 divitiis,

961 1819 991 1843 et
1010 1815 1083 1842 illam
1097 1821 1132 1842 ex
1147 1812 1298 1841 inferorum
1316 1811 1501 1847 penetralibus
1523 1810 1683 1843 retrahens,
1696 1816 1752 1837 una

954 1869 1018 1888 cum
1050 1860 1193 1888 divinitate
1228 1866 1277 1887 sua
1303 1857 1416 1885 Creator
1448 1862 1600 1885 creaturam
1621 1856 1750 1892 elevans,

115 1906 174 1932 ται,
188 1899 236 1934 τὴν
247 1899 352 1926 πτῶσιν
364 1899 414 1926 οὐκ
426 1899 583 1935 ὲπῃσχύνθη
593 1900 642 1935 τῆς
652 1900 759 1935 φύσεως
771 1910 778 1918 ·
795 1902 855 1930 ἀλλ’
876 1904 905 1931 ὲν

960 1912 1067 1941 paterno
1077 1906 1150 1934 sinui
1159 1905 1297 1940 imposuit.
1310 1904 1373 1932 Ideo
1385 1904 1486 1932 Paulus
1496 1904 1595 1931 clamat
1606 1902 1753 1930 :Conmu~

116 1944 210 1976 αὐτοῖς
231 1946 288 1977 τοῖς
309 1945 357 1972 τοῦ
373 1946 488 1973 θανάτου
510 1945 640 1982 κειμένης
663 1947 687 1963 ⁸⁸
707 1947 864 1984 βαράθροις,
876 1953 905 1979 ἐν

960 1953 1069 1984 ιοίιουίι,
1080 1957 1105 1980 ει
1118 1953 1255 1979 comedere
1268 1960 1315 1979 nos
1326 1952 1388 1986 fecit
1407 1952 1433 1978 in
1445 1949 1591 1978 celestibus
1600 1949 1626 1977 δ.

116 1991 211 2023 αὺτοῖς
256 1993 313 2024 τοῖς
338 1991 389 2026 τῆς
418 1992 545 2024 ἀσεϐείας
569 1992 677 2025 ἀδύτοις
699 1995 908 2031 περιδράττεται
924 2000 1026 2035 ταύτης
1038 2000 1150 2036 ἀῤῥήτῳ
1176 1999 1381 2035 φιλανθρωπίας
1394 1998 1511 2034 πλούτῳ,
1532 1998 1580 2024 καὶ
1594 1997 1648 2024 τῶν
1656 1997 1750 2032 μυχῶν

115 2037 220 2072 ταύτην
231 2038 392 2068 ἀνασπάσας
402 2037 450 2064 τοῦ
463 2038 527 2074 ᾅδου
539 2039 587 2066 καὶ
598 2039 621 2056 ⁸⁷
632 2041 827 2076 συνανυψώσας
839 2045 921 2072 αὑτοῦ
929 2048 962 2082 τῇ
979 2046 1086 2082 θεότητι
1106 2045 1294 2082 πλαστουργὸς
1307 2046 1321 2072 ὁ
1337 2044 1565 2080 πλαστοὺργημα,
1580 2044 1635 2075 τοῖς
1649 2052 1751 2079 πατρι-

116 2085 176 2117 κοῖς
187 2084 299 2116 κόλποις
312 2084 446 2119 ἐνίδρυσε.
461 2086 511 2112 Διὰ
531 2086 610 2114 τοῦτο
620 2087 668 2114 καὶ
682 2087 788 2122 Παῦλος
795 2090 860 2118 ἐϐόα
869 2099 877 2107 ·
886 2094 1049 2130 Συνήγειρε
1070 2094 1119 2122 καί
1129 2092 1332 2121 συνεκάθισεν
1341 2091 1420 2126 ἡμᾶς
1431 2092 1466 2119 ἐν
1474 2091 1537 2125 τοῖς
1550 2091 1749 2126 ἐπουρανίοις.

472 2131 551 2159 ΣΟΖ’.

120 2176 177 2203 Τοῦ
194 2176 411 2211 Χρυσοστὸμου
427 2177 462 2203 ἐκ
482 2176 537 2215 τῆς
559 2178 626 2213 ,περὶ
640 2179 695 2207 τοῦ
709 2181 796 2215 ἁγίου
813 2183 906 2210 [Ir-ea}-

371 2220 465 2245 ματος
477 2215 502 2238 α’
517 2213 646 2247 ὁμιλίας.

159 2256 334 2291 Ἀνεγνώσοη
357 2256 403 2283 τοῦ
418 2258 612 2293 Χρυσοστόμου
638 2260 671 2286 ἐκ
687 2260 737 2296 τῆς
765 2262 829 2297 περὶ
857 2263 904 2290 τοῦ

1250 2138 1423 2167 CCLXXVII.

960 2186 1096 2222 Excerpta
1122 2193 1155 2214 ea:
1184 2185 1338 2222 Homjliad
1371 2184 1484 2212 Joannis
1513 2184 1693 2220 C/trysoslomi
1716 2186 1748 2213 de

1242 2220 1345 2255 Spiritu
1359 2225 1462 2247 sancta.

994 2266 1058 2302 Legi
1077 2267 1193 2301 primam
1216 2266 1362 2294 Homiliam
1380 2265 1568 2302 Chrysostomi
1589 2266 1623 2294 de
1646 2266 1749 2301 Spiritu

115 2302 199 2336 ἁγίου
208 2302 365 2347 ῐξνεὺματος
380 2305 492 2338 πρώτης
507 2304 625 2340 ὁμιλίας,
638 2302 672 2342 ἦς
685 2306 708 2322 ⁸⁸
721 2307 829 2343 ἡάρχὴ,
842 2309 906 2341 Χθίις

966 2317 1072 2346 sancto,
1087 2312 1166 2347 cujus
1182 2312 1235 2340 hoc
1246 2312 1353 2339 initium
1369 2321 1377 2340 :
1392 2311 1456 2339 Heri
1474 2311 1564 2344 nobis,
1580 2319 1597 2340 ο
1613 2317 1750 2340 amatores

116 2350 197 2384 ἡμῖν,
214 2345 237 2375 ὦ
252 2349 417 2385 φιλόχριστοι
432 2351 465 2384 θ’,
478 2351 501 2377 οἱ
521 2350 709 2388 ψευδόχριστοι
732 2353 779 2387 ἀφ’
804 2354 910 2381 έαυτῶν

115 2394 243 2426 ἐλάλουν,
253 2395 304 2422 οὐκ
317 2397 349 2422 ἐκ
363 2396 456 2431 νόμου,
472 2396 522 2423 οὐκ
551 2397 583 2424 ἐκ
603 2398 760 2433 προφητῶν,
773 2399 830 2426 ἀλλ’
858 2401 912 2430 ἀπὸ

115 2441 167 2475 τῆς
195 2440 263 2473 ιδίας
284 2440 396 2476 γνώμης
419 2444 465 2469 καὶ
501 2443 599 2479 ὁρμῆς.
620 2444 649 2471 '0
677 2444 706 2472 δὲ
739 2446 833 2482 Σωτὴρ
862 2448 912 2475 οὐκ

116 2486 226 2522 ἀπέστη
250 2488 345 2523 νόμου,
370 2488 420 2515 οὐκ
441 2489 653 2523 ὲγκαταλέλοιπε
681 2493 836 2528 προφήτας,
853 2494 912 2521 ἀλλ’

116 2532 198 2567 ἔλεγε
209 2532 258 2560 νῦν
270 2533 331 2568 μὲν,
344 2534 450 2568 Καλῶς
460 2533 544 2562 εἴπεν
559 2536 688 2570 Ἡσαΐαςς
705 2537 751 2564 νῦν
758 2538 798 2571 δὲ,
811 2540 852 2567 Οὐ
863 2540 911 2575 γέ-

116 2585 248 2612 γραπται
265 2580 301 2606 ἐν
316 2580 357 2613 τῷ
378 2582 459 2616 νόμῳ
481 2583 574 2617 ὑμῶν,
594 2584 641 2610 καὶ
672 2585 758 2621 μυρία
781 2587 907 2615 τοιαῦτα.

122 2621 204 2649 Ἐπεὶ
225 2623 274 2651 οὖν
285 2624 312 2651 οἱ
336 2625 459 2658 ἐλθόντες
473 2628 526 2662 πρὸ
546 2627 678 2662 Χριστοῦ,
691 2630 738 2657 καὶ
751 2630 783 2657 τὺ
801 2631 907 2658 ἐκείνου

115 2668 279 2703 περιθέντες
302 2670 410 2702 ἑαυτοῖς
430 2673 590 2707 κακούργως
608 2672 671 2709 [842
690 2674 738 2710 Η.]
748 2674 843 2711 ὄνομα,
858 2677 908 2705 οὐκ

115 2713 172 2740 ἀπὸ
181 2714 239 2741 τῶν
247 2716 328 2751 ἱερῶν
337 2716 464 2751 Γραφῶν,
473 2717 530 2743 ἀλλ’
541 2718 573 2744 ὲκ
586 2718 634 2753 τῆς
647 2719 715 2751 ιδίας
731 2720 861 2754 ἀπονοίας
874 2723 908 2750 τὰ

153 2760 169 2780 ιι
182 2759 285 2797 Ephes.
299 2769 331 2794 tt,
346 2762 374 2790 6.
414 2761 424 2782 ι
440 2762 535 2790 Matth.
551 2770 596 2797 xv,
609 2763 637 2792 7.
676 2762 684 2789 ί
708 2764 787 2794 Joan.
802 2774 862 2799 VIII,
878 2768 922 2795 ΓΙ.

964 2357 1079 2391 Christi,
1107 2357 1309 2392 pseudocltristi
1335 2365 1350 2384 a
1374 2357 1530 2393 semetipsis
1550 2357 1748 2393 loquebantur,

964 2411 1019 2431 non
1037 2411 1071 2431 ex
1085 2403 1154 2439 lege,
1171 2411 1225 2430 non
1240 2410 1274 2430 ex
1295 2403 1448 2438 prophetis,
1464 2403 1511 2430 sed
1534 2410 1550 2430 a
1573 2404 1685 2438 proprio
1698 2411 1749 2431 suo

963 2449 1056 2477 animo
1068 2457 1101 2477 ac
1118 2449 1222 2484 impetu
1238 2458 1245 2476 :
1259 2448 1387 2476 Salvator
1403 2453 1495 2477 autem
1521 2456 1575 2477 non
1597 2449 1711 2478 recessit
1731 2457 1749 2478 a

963 2494 1033 2530 lege,
1050 2503 1106 2522 non
1122 2494 1232 2530 reliquit
1254 2495 1410 2530 prophetas,
1435 2494 1483 2523 sed
1499 2494 1568 2523 dixit
1591 2503 1663 2523 nunc
1686 2496 1749 2531 qui-

961 2540 1024 2568 dem
1035 2549 1042 2567 :
1055 2539 1125 2568 Bene
1135 2540 1298 2576 prophetam't
1311 2539 1400 2568 Isaias
1414 2541 1423 2561 ί
1436 2549 1444 2574 ;
1457 2548 1530 2569 nunc
1540 2548 1621 2569 vero:
1636 2541 1698 2569 Non
1708 2546 1748 2570 est

961 2587 989 2613 in
1000 2586 1055 2622 lege
1066 2591 1153 2614 vestra
1163 2587 1292 2621 scriptum
1305 2586 1327 2614 i.
1341 2591 1370 2614 et
1380 2587 1445 2615 talia
1456 2587 1574 2615 infinita.
1584 2588 1651 2616 Cum
1664 2588 1747 2623 igitur

961 2632 1009 2668 qui
1025 2636 1159 2660 venerunt
1171 2637 1235 2660 ante
1250 2632 1402 2665 Christum,
1422 2638 1450 2661 et
1472 2634 1546 2661 illius
1562 2641 1660 2661 nomen
1678 2634 1747 2661 falso

962 2677 1014 2705 sibi
1039 2679 1242 2713 imposuerunt,
1266 2687 1322 2706 non
1347 2687 1364 2707 e
1383 2686 1460 2707 sacra
1478 2679 1632 2715 Scriptura,
1650 2681 1697 2708 sed
1711 2688 1745 2708 ex

963 2724 1074 2760 propria
1090 2725 1217 2753 vecordia
1249 2733 1371 2754 errarent
1390 2725 1559 2761 proferrent,
1580 2726 1648 2755 dicit
1663 2726 1746 2755 Clu-i-

771 2812 889 2842 VARIIE
907 2813 1109 2842 LECTIONLS.

151 2855 175 2871 ⁸⁸
198 2855 313 2891 ἔμελλον
331 2865 362 2889 ς.
412 2855 435 2872 ⁴³
447 2856 567 2891 ἀπιστεῖ.

615 2856 814 2896 ξζέπιδιστάξῃ
826 2870 858 2892 ς,

115 2891 252 2926 κειμένοις
266 2901 297 2924 ς.

354 2876 377 2908 ‘1
390 2859 435 2908 νζ
600 2859 814 2908 ⁵ἐξέστιιδξρτιὶιξιει
826 2870 858 2892 ς.
907 2862 930 2877 ⁸⁸
947 2860 1155 2908 συμξασιλεὺει]
1176 2860 1394 2896 συμϐουλεύειΑ.
1433 2860 1457 2876 ⁸⁸
1470 2859 1599 2895 κειμένης
1608 2868 1680 2890 corr.
1698 2861 1720 2889 Δ
1734 2870 1743 2890 :

390 2891 438 2918 καὶ
452 2890 515 2918 add.
529 2892 562 2918 A.
600 2890 622 2906 "
633 2888 676 2925 ἧς.
715 2895 737 2913 ⁵⁸
749 2888 915 2932 φιλὲρὶιστοι
927 2888 989 2925 om:
1001 2898 1033 2925 Δ.
