1959 3081
249 159 302 192 259

821 158 953 189 ΡΗΟΤΙΙ
966 158 1216 189 ΡΑΤΒΙΑΠΟΗιΕ
1233 159 1286 189 CP.

1810 157 1861 191 260

249 222 308 246 stus
325 226 332 244 :
356 215 412 253 Ego
432 225 450 244 a
473 225 513 244 me
534 217 591 252 ipso
608 225 659 244 non
675 216 799 252 loquor",
817 222 846 244 ut
868 217 917 244 illi.
934 216 1002 244 Nam
1017 224 1027 243 a

1085 217 1134 252 τῆς
1147 217 1251 253 πλάνης
1266 215 1474 252 προύϐάλλοντο,
1491 215 1564 250 λέγει
1581 216 1595 242 ὁ
1609 216 1715 251 Σωτήρ⁸
1731 215 1802 251 Ἐγὼ
1813 216 1862 243 ἀπ’

249 263 339 298 seipso
355 262 545 298 516bloqui,
559 266 601 290 est
617 266 694 290 extra
707 270 800 290 sacras
816 262 932 290 Litteras
945 263 1029 298 loqui,

249 309 312 343 quia
341 316 406 336 vero
434 316 450 336 a
480 309 570 343 seipso
596 308 690 344 loqui,
712 309 981 343 pseudoehristorum
1005 313 1031 335 et

249 354 551 389 pseudoprophetarum
567 359 618 387 est,
635 354 701 382 dicit
718 354 788 381 Deus
802 362 850 388 per
871 354 1030 389 prophetam

248 398 435 426 Ezechielem:
453 398 515 425 Non
538 399 600 425 misi
621 399 692 431 illos,
712 407 727 425 a
743 399 836 433 seipsit
860 398 941 425 locuti
958 403 1030 435 sunt,

246 451 270 472 et
281 444 314 472 de
329 444 405 471 corde
415 452 463 472 suo
479 445 569 471 dicunt
583 443 603 471 ι.
616 444 776 480 Quiaigitur
789 444 1031 479 pseudoprophetae

247 498 263 517 a
291 490 389 525 seipsis
407 490 491 517 loeuti
515 494 591 522 sunt,
615 490 689 517 illam
714 490 897 525 suspicionem
923 489 1030 517 amoliri

246 535 341 560 volens
365 543 371 560 :
393 533 610 568 (blasphemabat
636 534 709 560 enim
739 534 844 568 ingrata
872 533 1030 561 Judteorum

247 581 332 612 natio,
348 584 374 607 et
391 579 522 607 mundum
541 579 567 606 in
584 587 703 607 errorem
720 579 853 615 trahebat)
870 580 930 607 ideo
944 579 1028 606 dixit:

247 624 304 659 Ego
317 633 333 650 a
349 633 388 651 me
406 625 462 658 ipso
474 632 526 651 non
540 624 635 660 loquar
646 629 677 658 ’⁵,
695 625 742 652 sed
758 633 772 652 a
791 626 848 660 lege
868 633 898 652 ae
914 626 1031 660 prophe-

246 670 279 698 tis
296 680 302 697 :
321 669 418 697 Omnia
430 678 591 705 quit-cunque
604 670 716 697 audiviu
729 670 810 698 Patre
820 679 876 698 meo
884 675 907 703 η,
920 671 945 698 in
963 671 1029 706 lege,

245 716 271 742 in
297 715 444 750 prophetis,
468 715 506 751 (in
527 723 646 751 persona
666 717 757 744 carnis
778 718 834 744 hare
851 717 927 749 dicit,
953 721 979 744 et
995 717 1029 743 ad

246 761 357 796 impiam
372 761 557 796 suspicionem
571 762 728 798 tollendam)
744 770 788 789 vos
796 770 855 789 vero
870 770 1030 797 quazcunque

244 807 358 834 audistis
371 815 387 834 a
398 812 473 842 patre
490 813 573 834 vestra
594 808 701 834 diabolo
718 811 730 825 ο
744 817 750 834 :
770 809 817 835 lilii
838 810 910 836 enim
937 814 1029 844 pater-

245 860 308 880 nam
335 853 520 880 haereditatem
541 853 705 888 suscipiunt,
729 858 756 880 et
777 853 838 881 ideo
860 862 954 881 eorum
973 854 1028 881 ha:-

1083 262 1214 297 ἐμαυτοῦ
1243 264 1279 289 οὺ
1304 262 1399 294 λαλῶ,
1421 262 1515 297 ὥσπερ
1541 262 1658 289 ἐκεῖνοι·
1683 261 1713 288 τὸ
1742 262 1796 297 γὰρ
1818 262 1862 296 ἀφ’

1082 309 1180 335 ἑαυτοῦ
1210 308 1300 335 λαλεῖν
1316 308 1346 334 τὺ
1362 308 1413 340 ἔξω
1432 308 1486 334 τῶν
1504 307 1583 343 ιερῶν
1598 308 1715 343 Γραφῶν
1731 308 1789 334 ἐστι
1816 308 1860 335 λα-

1081 351 1147 379 λεῖν,
1176 352 1239 378 Ὀτι
1256 352 1285 378 δὲ
1310 351 1340 377 τὺ
1368 352 1414 385 ἀφ’
1437 351 1535 378 ἑαυτοῦ
1555 351 1644 378 λαλεῖν
1667 351 1862 387 ψευδοχρίστων

1081 397 1140 423 ἐστὶ
1154 397 1201 424 καὶ
1211 396 1452 432 ψευδοπροφητῶν,
1465 396 1538 431 λέγει
1549 397 1593 423 διὰ
1605 396 1651 424 τοῦ
1662 398 1799 433 προφήτου
1818 398 1863 424 Ίε-

1082 442 1198 480 ζεκιὴλγὸ
1209 443 1274 474 Θεὸς
1286 450 1294 458 ο
1309 443 1370 469 vim
1384 442 1546 469 ἀπέστειλα
1560 442 1681 476 αὐτοὺς,
1692 443 1742 476 ἀφ’
1749 441 1863 469 ἑαυτῶν

1081 488 1257 522 ἐλάλησαν,
1279 488 1313 515 ἐκ
1340 487 1395 521 τῆς
1418 487 1541 522 καρδίας
1555 487 1654 515 αὐτῶν
1674 487 1858 522 φθέγγονται.

1087 534 1164 561 Ἐπεὶ
1178 532 1224 561 οὖν
1237 535 1261 560 o!
1280 534 1503 569 ψευδοπροφῆται
1515 534 1560 568 ἀφ’
1579 534 1682 560 ἑαυτῶν
1703 533 1860 568 ἐκήρυττον,

1080 579 1182 614 ταύτην
1203 578 1385 614 ἀποδυόμενος
1415 578 1464 613 τὴν
1489 578 1616 605 ὑπόνοιαν
1645 578 1766 613 (καὶγὰρ
1785 578 1862 605 ὲδυσ-

1081 625 1167 659 φήμει
1179 624 1210 650 τὸ
1226 624 1372 659 ἀχάριστον
1389 623 1443 650 τῶν
1460 623 1593 650 Ἰουδαίων
1624 623 1699 655 ἔθνος
1719 623 1817 650 πλάνον
1838 623 1861 638 ⁵“

1080 670 1161 696 αὑτὸν
1190 670 1282 701 ⁸¹,καὶ
1306 670 1409 705 πλανᾷν
1432 670 1477 696 τὸν
1501 670 1613 705 κόσμον)
1641 670 1684 696 διὰ
1705 669 1861 695 τοῦτοτέλε-

1080 724 1137 750 γεν·
1161 716 1234 750 Ἐγὼ
1253 716 1303 743 ἀπ’
1324 716 1454 750 ἐμαυτοῦ
1484 717 1519 743 οὐ
1551 715 1653 748 λαλῶ,
1672 715 1729 742 ἀλλ’
1743 715 1796 741 ἀπὸ
1819 715 1862 741 νό-

1081 769 1143 795 μου,
1161 759 1214 786 ἀπὸ
1241 760 1294 786 τῶν
1320 760 1477 795 προφητῶν,
1495 761 1566 786 "an
1586 760 1706 794 ἤκουσα
1735 759 1813 793 παρὰ
1840 760 1862 775 ⁵¹

1079 806 1132 832 τοῦ
1144 805 1258 840 Πατρός
1276 806 1305 833 ἐν
1319 806 1404 841 νόμῳ,
1423 807 1451 833 ἐν
1479 807 1633 842 προφήταις
1652 806 1694 841 (ἐκ
1717 805 1862 840 προσώπου

1078 852 1106 878 δὲ
1121 852 1170 886 τῆς
1195 852 1296 887 σαρκὸς
1320 852 1404 878 ταῦτα
1428 852 1511 886 λέγει,
1528 853 1574 878 καὶ
1601 853 1640 884 εἰς
1667 851 1786 878 διάλυσιν
1814 851 1863 885 τῆς

245 898 324 925 redes
338 898 416 931 ﬁunt,
431 903 461 926 ut
486 898 555 926 idem
579 900 624 926 hic
639 907 700 927 esse
724 899 857 933 videatur,
880 904 907 927 et.
932 899 1027 927 eodem

1079 897 1261 932 δυσσεῦούσης
1282 897 1420 932 ὑπονοίας)
1438 897 1542 932 ’ὑμεῖς
1568 897 1611 928 δὲ,
1633 896 1690 922 ὅσα
1713 896 1864 930 ἠκούσατε

243 944 364 971 recidere
375 951 407 970 ex
423 945 514 978 seipso
530 944 614 979 loqui,
633 949 661 972 et
673 945 747 980 loqui
762 952 795 972 ex
812 950 889 980 patre
900 953 950 973 suo
970 946 1029 973 dia-

244 989 316 1015 bolo.
344 988 578 1022 Quemadmodum
607 990 733 1019 Christus
753 992 865 1019 veniens
888 992 974 1027 legem
1001 997 1029 1020 et

243 1035 388 1070 prophetas
400 1036 531 1071 implevit,
547 1035 586 1064 sic
602 1041 628 1063 et
639 1036 758 1071 Spiritus
779 1042 892 1065 sanctus
906 1036 1029 1073 Evange—

243 1081 308 1108 liuni
322 1081 454 1116 implevit.
471 1082 599 1109 (lhristus
616 1083 727 1110 veniens
741 1083 913 1110 conﬁrmavit
925 1091 955 1111 ea
968 1091 1029 1118 quae

242 1131 307 1154 sunt
322 1135 337 1153 a
350 1126 430 1154 Patre
446 1127 471 1154 in
487 1127 547 1163 lege
559 1132 586 1155 et
603 1129 742 1163 prophetis
754 1129 837 1156 dicta.
850 1129 912 1156 ldeo
921 1134 947 1156 et
961 1129 1029 1157 Pau-

243 1173 285 1200 lus
307 1173 374 1200 dixit
390 1182 398 1200 :
416 1172 492 1200 Finis
509 1174 574 1209 legis
594 1173 717 1202 Christus
731 1180 755 1202 P.
772 1175 891 1210 Spiritus
916 1181 1028 1204 sanctus

243 1218 365 1250 veniens,
385 1218 561 1255 Evangelium
576 1219 708 1254 implevit.
724 1220 900 1256 Qumcunque
913 1227 977 1248 sunt
998 1221 1026 1249 in

242 1262 344 1291 Christi
368 1263 503 1296 doctrina,
531 1262 649 1298 Spiritus
677 1264 781 1298 implet,
804 1272 974 1299 quaecunque
999 1265 1026 1293 in

242 1307 311 1343 lege,
328 1307 465 1335 Christus.
495 1306 555 1335 Non
580 1308 652 1343 quod
675 1307 755 1335 Pater
779 1309 815 1336 sit
840 1309 1026 1344 imperfectus,

242 1354 289 1381 sed
303 1354 375 1388 quod
388 1354 424 1381 sit
438 1354 583 1388 interpres,
597 1359 624 1381 et
636 1353 770 1388 perfector
779 1361 875 1382 eorum
890 1362 950 1390 quae
963 1360 1027 1382 sunt

242 1400 340 1427 Patris.
370 1399 415 1428 Sic
440 1400 559 1435 Spiritus
587 1404 698 1428 sanctus
718 1401 836 1436 explicat
857 1405 884 1428 et
909 1401 1027 1428 illustrat

241 1453 324 1481 opera
339 1445 410 1473 Filii.
423 1445 529 1474 Etenim
547 1446 585 1473 ait
602 1454 609 1473 :
627 1446 719 1473 Adhuc
741 1447 825 1473 multa
849 1446 931 1474 habeo
954 1447 1025 1474 vobis

241 1491 338 1523 dicere,
364 1491 409 1518 sed
425 1499 476 1518 non
496 1491 604 1526 potestis
619 1496 725 1526 portare
740 1492 817 1518 modo
832 1501 839 1518 :
857 1500 916 1518 cum
937 1496 1025 1518 autent

241 1538 338 1564 venerit
359 1536 476 1572 Spiritus
498 1542 617 1570 sanctus,
637 1538 738 1565 docebit
769 1547 812 1565 vos
834 1546 936 1565 omnem
958 1539 1027 1565 veri-

241 1586 320 1609 tatem
332 1587 357 1614 ιι,
371 1587 449 1610 etc.a
464 1590 493 1610 se
508 1583 567 1617 ipso
580 1590 634 1610 non
651 1583 781 1618 loquitur,
802 1591 855 1610 non
873 1584 944 1610 enim
961 1591 1027 1610 eon-
1040 1574 1062 1604 (ἶ

241 1625 350 1655 tradidit
375 1628 454 1661 Filio,
483 1629 530 1655 sed
559 1636 641 1663 opera
663 1628 723 1656 Filii
751 1629 857 1664 implet,
885 1635 914 1656 ut
942 1629 1027 1657 Filius

242 1674 340 1702 Patris.
372 1674 401 1701 ln
418 1675 468 1701 hac
486 1674 598 1701 homilia
622 1674 648 1701 in
667 1674 718 1702 ﬁne
741 1675 866 1703 invenies
890 1675 1027 1711 Chrysos-

242 1725 345 1747 tomum
370 1719 473 1751 dicere,
502 1720 660 1747 missionem
695 1728 783 1755 neque
809 1720 908 1748 Filium
939 1729 1027 1756 neque

242 1766 375 1800 Spiritum
404 1765 538 1792 minorem
563 1765 655 1793 facere
688 1765 779 1794 Patre.
806 1767 883 1799 Quod
913 1772 940 1795 et.
969 1768 1027 1803 ipse

242 1810 321 1838 Pater
337 1811 462 1838 mittatur
476 1819 491 1838 a
509 1810 622 1846 Spiritu.
638 1817 665 1840 et
688 1820 704 1840 a
724 1812 805 1845 Filio,
826 1813 892 1841 dicit
909 1814 951 1842 his
968 1822 1027 1841 ver-

242 1856 285 1884 bis
300 1865 307 1882 :
331 1855 359 1883 Si
377 1856 423 1883 tibi
442 1857 588 1883 ostendero
604 1856 745 1884 Faetorem
757 1857 818 1885 cadi
833 1862 860 1885 et
873 1861 953 1884 terrm
966 1857 1027 1884 [nisa

241 1910 301 1930 sum
315 1910 375 1930 esse
397 1910 412 1929 a
429 1902 537 1938 Spiritu
557 1907 584 1930 et
600 1903 681 1936 Filio,
697 1903 762 1938 quid
782 1903 885 1931 facies?
902 1903 944 1930 vel
959 1911 1026 1939 nega

241 1942 397 1980 Christum,
408 1953 435 1975 et
449 1948 509 1976 dele
522 1947 689 1983 Scripturas,
703 1948 745 1975 vel
758 1955 853 1975 servus
869 1948 1026 1982 Seriptnrae,

244 1994 375 2021 submitle
392 1998 417 2021 te
434 1993 596 2029 Scriptnris.
613 1994 645 2021 Et
657 1994 703 2021 ubi
718 1994 829 2026 dicitur,
846 1994 942 2028 inquit,
959 1994 1027 2021 hoc?

241 2039 309 2067 Audi
346 2039 430 2067 Deum
471 2048 519 2075 per
556 2039 655 2075 517a
694 2041 855 2076 prophetam
892 2041 1027 2067 dicentem

242 2085 340 2111 Isaiam
355 2093 362 2112 :
376 2084 448 2111 Audi
467 2093 518 2118 me,
533 2083 630 2118 Israel,
645 2093 722 2120 quem
735 2093 782 2120 ego
804 2093 866 2112 voco
879 2090 902 2116 ι’,
915 2090 942 2112 et
964 2093 1027 2113 cum

243 2132 380 2167 integrum
395 2131 485 2159 locum
499 2139 622 2167 eousque
636 2132 813 2166 protulisset:
830 2131 865 2158 Et
875 2140 943 2159 nunc
955 2131 1026 2159 Deus

241 2178 314 2205 misit
332 2185 373 2204 me
387 2183 411 2205 et
429 2177 546 2212 Spiritus
562 2178 620 2213 ejus
636 2183 659 2211 ι,
674 2178 818 2205 conlirmat
840 2177 948 2206 Patrem
968 2178 1027 2206 haec

242 2223 344 2256 dicere,
361 2230 395 2251 ex
414 2224 554 2258 praedictis
568 2223 736 2251 conﬁrmans
749 2223 819 2251 hanc
831 2224 982 2252 orationem
999 2229 1026 2252 et

242 2272 366 2296 statuens
382 2276 389 2295 :
403 2269 506 2296 clarum
522 2273 565 2297 est
578 2268 687 2296 Patrem
703 2276 777 2296 nunc
797 2269 883 2305 loqui,
905 2274 932 2298 et
954 2271 1025 2298 mitti

240 2319 269 2339 se
280 2319 296 2340 a
310 2313 413 2347 Spiritu
428 2317 455 2340 et
466 2312 546 2340 Filio.

1079 943 1158 976 παρὰ
1178 943 1231 970 τοῦ
1252 943 1363 976 πατρὸς
1386 942 1470 977 ὑμῶν
1490 942 1542 969 τοῦ
1570 942 1720 968 διαϐόλου.
1742 940 1783 968 Τὰ
1810 941 1863 976 γὰρ

1078 988 1126 1014 τοῦ
1143 988 1243 1023 πατρὸς
1262 988 1361 1023 κλῆρος
1380 988 1403 1003 ⁸³
1425 987 1528 1022 γίνεται
1555 989 1610 1019 τοῖς
1632 987 1732 1019 παισὶ,
1748 986 1794 1012 καὶ
1821 985 1864 1012 διὰ

1079 1033 1158 1059 τοῦτο
1182 1034 1217 1060 τὰ
1230 1034 1334 1059 ἐκείνου
1350 1033 1453 1067 γίνεται
1469 1033 1523 1059 τῶν
1551 1031 1737 1067 κληρονόμων,
1751 1031 1789 1063 ὡς
1806 1031 1862 1057 ἴσον

1078 1079 1195 1106 ἐνταῦθα
1210 1078 1379 1114 καθορᾶσθαι
1399 1079 1446 1106 καὶ
1469 1079 1507 1110 εἰς
1529 1077 1625 1104 ταύτὸν
1642 1077 1761 1103 συνιέναι
1783 1077 1812 1103 τὸ
1832 1077 1862 1110 ἐξ

1079 1125 1170 1151 αὐτῶν
1186 1124 1208 1140 ⁵⁸
1221 1125 1311 1151 λαλεῖν
1329 1124 1373 1151 καὶ
1391 1124 1413 1141 ⁸⁵
1428 1124 1458 1150 τὸ
1473 1125 1504 1150 ἐκ
1517 1125 1561 1150 τοῦ
1578 1123 1682 1159 πατρὸς
1700 1123 1789 1149 αὐτῶν
1814 1123 1861 1149 τοῦ

1078 1170 1202 1197 διαϐόλου
1228 1170 1331 1198 λαλεῖν,
1347 1171 1453 1205 Ὥσπερ
1477 1171 1491 1196 ὁ
1508 1169 1624 1205 Χριστὸς
1647 1169 1730 1195 ἐλθὼν
1755 1169 1863 1201 ἐγένετο

1079 1216 1217 1252 πλήρωμα
1251 1216 1332 1251 νόμου
1370 1217 1417 1243 καὶ
1449 1216 1596 1251 προφητῶν
1615 1235 1623 1247 ,
1649 1215 1720 1241 οὕτω
1753 1215 1800 1241 καὶ
1833 1215 1864 1240 τὸ

1079 1261 1191 1297 Πνεῦμα
1210 1261 1348 1297 πλήρωμα
1371 1261 1417 1288 τοῦ
1443 1261 1619 1295 Εὑαγγελίιέυ.
1640 1259 1755 1296 Χριστὸς
1777 1259 1864 1286 ἐλθὼν

1079 1307 1228 1334 ἐϐεϐαίωσε
1244 1308 1278 1334 τὰ
1290 1307 1364 1342 παρὰ
1376 1306 1424 1333 ’τοῦ
1439 1307 1545 1342 Πατρδς
1557 1307 1584 1333 ὲν
1597 1305 1637 1341 τῷ
1646 1307 1719 1341 νόμῳ
1731 1305 1864 1340 εἰρημένα

1078 1353 1125 1380 καὶ
1148 1353 1301 1388 προφήταις
1317 1344 1382 1379 ίδιὸ
1411 1353 1459 1379 καὶ
1483 1352 1556 1386 λέγει
1578 1352 1695 1384 Παῦλος,
1716 1351 1865 1385 Πλήρωμα

1077 1401 1172 1434 νόμου
1197 1400 1336 1433 Χριστός.
1369 1398 1405 1425 Τὸ
1435 1399 1547 1434 Πνεῦμα
1580 1399 1610 1424 τὸ
1647 1399 1725 1432 ἆγιον
1751 1397 1864 1424 ἐπελθὸν

1079 1446 1222 1481 ἐπλήρωσε
1242 1446 1277 1471 τὰ
1297 1445 1345 1471 τοῦ
1367 1445 1390 1461 ⁸⁸
1411 1445 1576 1479 Εὑαγγελίου
1591 1453 1598 1460 ·
1615 1445 1664 1471 ὅσα
1689 1445 1761 1470 ἐστὶν
1782 1445 1810 1470 ὲν
1828 1445 1863 1479 τῇ

1079 1491 1125 1518 τοῦ
1146 1491 1264 1526 Χριστοῦ
1277 1490 1434 1526 διδασκαλίᾳ
1466 1491 1495 1517 τὸ
1520 1490 1632 1525 Πνεῦμα
1646 1490 1752 1525 πληροῖ,
1766 1490 1815 1516 ὅσα
1834 1490 1865 1516 ἐν

1076 1538 1110 1572 τῇ
1125 1536 1171 1563 τοῦ
1183 1537 1276 1571 νόμου,
1294 1536 1308 1562 ὁ
1324 1536 1451 1572 Χριστὸς,
1469 1536 1517 1571 οὐχ
1531 1536 1569 1567 ὼς
1593 1535 1703 1567 ἀτελοῦς
1721 1535 1794 1566 ὄντος
1815 1535 1864 1561 τοῦ

1079 1583 1196 1618 Πατρός,
1214 1582 1271 1609 ἀλλ’
1287 1582 1324 1614 ὡς
1339 1583 1507 1618 ἑρμηνευτὴς
1517 1583 1571 1609 τῶν
1585 1582 1632 1608 τοῦ
1647 1581 1751 1617 Πατρὸς
1764 1582 1810 1608 καὶ
1819 1590 1865 1608 τε-

1077 1630 1200 1664 λειωιής.
1212 1629 1288 1666 [1541
1304 1628 1350 1665 IL]
1370 1629 1448 1656 Οὕτω
1461 1630 1490 1656 δὲ
1509 1629 1556 1656 καὶ
1569 1629 1592 1645 ⁸¹
1607 1629 1638 1655 τὸ
1666 1629 1778 1662 Πνεῦμα
1805 1628 1864 1654 δια-

1079 1677 1160 1710 σαφεῖ
1181 1676 1203 1691 ⁵⁸
1222 1677 1267 1702 κοιλ⁸
1279 1675 1418 1711 διατρανοῑ
1431 1675 1466 1702 τὰ
1479 1675 1526 1701 τοῦ
1550 1674 1615 1701 Υῑοῦ
1632 1682 1639 1690 ·
1653 1675 1700 1701 καὶ
1710 1674 1764 1709 γάρ
1782 1681 1862 1709 φησι·

1078 1721 1181 1749 Πολλὰ
1193 1721 1251 1756 ἔχω
1260 1721 1330 1756 ὑμῖν
1339 1720 1456 1753 λαλεῖν,
1472 1720 1584 1747 ἀλλ’οὺ
1599 1720 1732 1746 δύνασθε
1750 1719 1866 1751 ,βαστώ

1078 1768 1137 1798 ζειν
1156 1767 1231 1801 ἄρτι.
1244 1767 1337 1794 Ὅταν
1358 1766 1392 1793 δὲ
1416 1766 1489 1800 ἔλθῃ
1515 1766 1548 1792 τὸ
1567 1765 1687 1799 Πνεῦμα
1707 1765 1739 1791 τὸ
1766 1764 1864 1799 ἄτιον,

1077 1813 1223 1848 ὁδηγήσει
1239 1812 1317 1847 ὑμᾶς
1340 1813 1384 1845 εἰς
1414 1811 1518 1839 πᾶσαν
1558 1811 1617 1844 τὴν
1639 1811 1794 1845 ἀλήθειαν,
1818 1812 1867 1837 καὶ

1077 1859 1151 1895 ἑξῆς.
1164 1859 1226 1885 Ὅτι
1240 1858 1286 1893 ἀφ’
1297 1857 1394 1885 ἑαυτοῦ
1409 1859 1439 1884 οὺ
1450 1857 1535 1884 λαλεί-
1550 1857 1580 1884 οὐ
1590 1857 1643 1892 γὰρ
1654 1856 1866 1890 ἀντιφθέγγεται

1075 1906 1115 1940 τῷ
1131 1905 1199 1940 Υἰῴ,
1216 1905 1272 1931 ἁλλ’
1288 1904 1439 1939 ἀναπληροῖ
1450 1904 1484 1930 τὰ
1506 1898 1653 1935 ’ποῦ’ΐίοῦ,
1665 1903 1726 1929 καθ’
1741 1902 1770 1928 ὃν
1800 1903 1866 1937 τρὸ-

1077 1960 1128 1978 πον
1139 1952 1153 1978 ὁ
1169 1951 1234 1983 Υἱὸς
1249 1951 1284 1977 τὰ
1294 1950 1340 1977 τοῦ
1354 1950 1470 1985 Πατρός.
1485 1950 1547 1976 Ὀτι
1561 1950 1584 1965 ⁵⁸
1601 1950 1630 1976 ὲν
1645 1949 1732 1984 τούτῳ
1742 1948 1781 1984 τῷ
1792 1947 1866 1983 λόγῳ

1076 1999 1205 2034 εὑρήσεις
1224 1999 1292 2034 πρὸς
1306 1998 1344 2034 τῷ
1358 1999 1441 2031 τέλει,
1458 1998 1612 2029 δεικνύντος
1637 1997 1683 2024 τοῦ
1705 1997 1865 2032 Χρυσοστό-

1078 2052 1129 2079 μου
1151 2045 1192 2071 ὃτι
1212 2044 1229 2078 ή
1261 2044 1397 2078 ἀποστολὴ
1420 2043 1481 2069 οὔτε
1496 2043 1541 2069 τὸν
1555 2042 1618 2069 Υἱὺν
1632 2041 1692 2069 οὕτε
1704 2042 1736 2068 τὸ
1750 2042 1866 2076 Πνεῦμα

1076 2089 1179 2115 ἐλάττω
1196 2089 1268 2115 ποιεῖ
1285 2088 1333 2114 τοῦ
1346 2088 1461 2123 Πατρός.
1477 2087 1539 2114 Ὀτι
1555 2087 1602 2113 καὶ
1620 2087 1700 2118 αὐτὸς
1724 2086 1739 2112 ὁ
1768 2085 1866 2121 Πατὴρ

1075 2134 1270 2161 ἀποστέλλεται
1298 2135 1374 2170 παρὰ
1399 2133 1447 2160 τοῦ
1468 2133 1626 2169 Πνεύματος
1648 2133 1694 2159 καὶ
1710 2133 1786 2168 παρὰ
1814 2132 1866 2159 τοῦ

1076 2180 1141 2207 Υῑοῦ
1156 2201 1163 2213 ,
1185 2181 1259 2214 λέγει
1285 2180 1380 2212 αὐταῖς
1403 2179 1508 2212 λέξεσιν
1532 2186 1539 2192 ·
1556 2179 1618 2206 Ἐάν
1643 2187 1684 2205 σοι
1709 2177 1788 2211 δείξω
1817 2178 1867 2204 τὸν

1077 2226 1191 2262 ποιητὴν
1207 2225 1322 2262 οὐρανοῦ
1345 2226 1392 2253 καὶ
1405 2227 1456 2262 γῆς
1470 2225 1701 2260 ἁποστελλόμενον
1715 2224 1792 2259 παρὰ
1815 2223 1866 2250 τοῦ

1079 2272 1237 2307 Πνεὺματος
1251 2273 1299 2299 καὶ
1309 2272 1386 2309 παρὰ
1412 2271 1460 2299 τοῦ
1479 2271 1555 2305 Υἱοῦ,
1570 2271 1597 2297 τι
1612 2272 1698 2302 ποιεῖς
1714 2279 1721 2303 ;
1734 2270 1751 2305 ἢ
1777 2269 1867 2305 ἄρνη-

1080 2325 1124 2343 σαι
1135 2317 1181 2343 τὸν
1193 2317 1310 2353 Χριστὸν
1323 2319 1370 2344 καὶ
1384 2317 1533 2352 ἀπάλειψον
1545 2317 1594 2348 τὰς
1610 2315 1758 2350 Γραφὰς,ἢ
1771 2314 1868 2346 δοῦλος

239 2356 277 2384 ὣν
288 2357 342 2384 τῶν
372 2357 489 2394 Γραφῶν
510 2356 661 2384 ὑποτάττου
690 2359 750 2389 ταῖς
775 2358 906 2393 Γραφαῖς.
938 2359 993 2386 Καὶ
1016 2361 1069 2388 ποῦ
1087 2361 1192 2399 (φησὶν)
1219 2363 1326 2398 εἴρηται
1351 2363 1449 2396 τοῦτο;
1478 2363 1559 2390 ἄκουε
1581 2361 1627 2388 ’τοῦ
1652 2362 1720 2388 Θεοῦ
1743 2361 1788 2388 διὰ
1815 2361 1868 2387 τοῦ

240 2405 379 2441 προφήτου
391 2403 515 2439 λέγοντος
528 2403 649 2431 Ἡσαΐου·
664 2404 767 2432 Ἀκουέ
785 2414 844 2440 μου
856 2406 878 2422 ⁶⁰
897 2406 1027 2440 Ἰσραὴλ,
1048 2407 1085 2436 ὃν
1114 2409 1172 2445 ἐγὼ
1195 2410 1287 2438 καλῶ.
1321 2410 1376 2437 Καὶ
1406 2410 1469 2446 ὃλην
1497 2409 1546 2445 τὴν
1567 2409 1719 2444 περικοπὴν
1747 2408 1869 2440 ἐκτιθεὶς

240 2450 287 2476 τοῦ
303 2451 404 2486 χωρίου
421 2449 502 2485 μέχρι
514 2448 630 2482 τοῦ,Καὶ
643 2450 701 2476 νῦν
715 2450 822 2484 Κύριος
838 2450 999 2479 ἀπέστειλέ
1008 2461 1047 2487 με
1083 2453 1134 2480 καὶ
1151 2455 1184 2481 τὸ
1206 2454 1327 2490 Πνεῦμα
1340 2455 1444 2487 αὐτοῦ,
1468 2453 1661 2490 διισχυρίζεται
1684 2454 1730 2480 τὸν
1755 2453 1870 2488 Πατέρα

240 2497 328 2523 ταῦτα
343 2496 441 2527 εἰπεῖν,
459 2497 492 2522 ὲκ
508 2494 563 2521 τῶν
586 2497 815 2530 προτεταγμένων
842 2496 960 2531 βεϐαιῶν
981 2499 1026 2525 τὸν
1045 2500 1135 2535 λόγον,
1151 2502 1198 2528 καὶ
1237 2501 1372 2528 καθιστῶν
1395 2500 1472 2536 δῆλον
1490 2501 1529 2532 ὡς
1559 2502 1573 2527 ὁ
1600 2500 1694 2536 Πατὴρ
1719 2501 1762 2527 εἴτι
1779 2500 1827 2527 νῦν
1853 2500 1870 2525 ὁ

242 2543 328 2578 λέγων
347 2543 393 2570 καὶ
405 2542 637 2578 ἀποστελλόμενος
655 2543 731 2578 παρά
744 2551 774 2569 τε
799 2543 846 2570 τοῦ
866 2544 1025 2580 Πνεῦματος
1045 2549 1091 2573 καὶ
1109 2548 1157 2574 τοῦ
1171 2547 1248 2575 Υἱοῦ.

280 2613 292 2650 ξ
306 2611 386 2639 Joan.
405 2620 433 2644 x,
535 2611 658 2650 lyEzech.
672 2613 777 2650 “uti.
807 2618 826 2629 "
840 2613 918 2650 Joan.
930 2622 993 2650 xiv,
1009 2616 1027 2643 lt

1088 2619 1101 2634 η
1121 2617 1200 2645 Joan.
1216 2626 1260 2650 xv,
1276 2618 1318 2645 l5.

244 2652 258 2673 τι
277 2645 356 2675 Joan.
370 2655 426 2680 xw,
445 2647 489 2675 12.
528 2653 539 2667 ι’
553 2649 606 2676 lsa.
620 2656 716 2681 vant,
735 2648 776 2675 l2.
816 2654 826 2667 ε
844 2649 908 2676 ibid.
925 2649 968 2676 l6.

1358 2623 1370 2636 °
1386 2617 1464 2646 Joan.
1484 2626 1543 2650 vm,
1582 2617 1627 2645 44.
1665 2623 1679 2642 P
1693 2617 1773 2644 Rom.
1791 2623 1820 2648 κ,
1839 2617 1868 2644 4.

894 2717 1011 2746 VAHl/E
1031 2717 1231 2748 LECTIONES.

281 2776 305 2793 σν
321 2775 429 2814 πλανῶν
445 2784 486 2814 pr.
499 2777 536 2814 ᾼ.
579 2778 610 2814 f'
628 2773 709 2814 αυτὸν
725 2778 788 2807 add.
802 2779 836 2807 Δ.

245 2816 308 2846 past
321 2811 411 2838 λαλεῖν
422 2813 483 2839 add.
498 2811 529 2839 Β.

246 2846 395 2874 σπούδασον
405 2855 460 2875 om.
476 2847 507 2874 Β.
546 2848 568 2863 ⁶⁰
583 2848 650 2880 ἐμοῦ
671 2856 702 2879 ς.

894 2780 916 2795 ¹¹¹
932 2779 1019 2815 παρὰ]

589 2780 610 2794 ⁸¹
628 2780 709 2805 αὑτὸν
725 2780 788 2807 add.
802 2780 836 2807 Δ.
894 2780 916 2795 ¹¹¹
932 2780 1019 2815 παρὰ]
1035 2780 1089 2807 ἀπό
1109 2781 1142 2807 Α.
1199 2781 1223 2796 ⁸³
1241 2780 1345 2815 γίνεται
1357 2781 1389 2808 κλ

559 2812 601 2852 __’_°
619 2813 667 2852 τοῦ
684 2818 749 2842 ante
764 2813 882 2850 Χριστοῦ
907 2823 961 2843 om.
977 2815 1010 2843 A.
1045 2816 1080 2852 ,ξ’
1095 2816 1143 2842 καὶ
1156 2820 1217 2851 post
1230 2816 1258 2843 δὲ
1281 2817 1344 2845 add.
1358 2817 1390 2844 A.

1199 2781 1223 2796 ⁸³
1232 2780 1345 2818 λγίνεται
1357 2781 1455 2818 κλῆρος
1544 2779 1567 2796 ³⁸
1580 2780 1682 2818 ἑᾳυτῶν
1699 2789 1730 2812 Co
1740 2817 1749 2818 ί
1785 2780 1808 2818 ξ’
1819 2781 1873 2809 καί

1444 2816 1607 2849 “itemqui
1626 2817 1659 2843 Δ.
1703 2817 1779 2843 ⁸’ὅτι
1792 2817 1873 2843 ἒν-
