  <div class='ocr_page' id='page_1' title='image "/cluster/home/n/w/nwhite01/storage/ocr_20150623/104/njp.32101077772885/136.png"; bbox 0 0 1959 3081; ppageno 0'>
   <div class='ocr_carea' id='block_1_1' title="bbox 139 183 187 215">
    <p class='ocr_par' dir='ltr' id='par_1_1' title="bbox 139 183 187 215">
     <span class='ocr_line' id='line_1_1' title="bbox 139 183 187 215; baseline 0 0"><span class='ocrx_word' id='word_1_1' title='bbox 139 183 187 215; x_wconf 73' lang='lat'><strong>261</strong></span> 
     </span>
    </p>
   </div>
   <div class='ocr_carea' id='block_1_2' title="bbox 650 183 1280 215">
    <p class='ocr_par' dir='ltr' id='par_1_2' title="bbox 650 183 1280 215">
     <span class='ocr_line' id='line_1_2' title="bbox 650 183 1280 215; baseline -0.002 0"><span class='ocrx_word' id='word_1_2' title='bbox 650 185 912 215; x_wconf 83' lang='lat' dir='ltr'><strong>BIBLIOTHECA.</strong></span> <span class='ocrx_word' id='word_1_3' title='bbox 925 198 960 204; x_wconf 88' lang='lat'><strong>—-</strong></span> <span class='ocrx_word' id='word_1_4' title='bbox 975 184 1058 215; x_wconf 88' lang='lat' dir='ltr'><strong>COD.</strong></span> <span class='ocrx_word' id='word_1_5' title='bbox 1076 183 1280 215; x_wconf 84' lang='lat' dir='ltr'><strong>CCLXXVII.‘</strong></span> 
     </span>
    </p>
   </div>
   <div class='ocr_carea' id='block_1_3' title="bbox 1711 181 1766 215">
    <p class='ocr_par' dir='ltr' id='par_1_3' title="bbox 1711 181 1766 215">
     <span class='ocr_line' id='line_1_3' title="bbox 1711 181 1766 215; baseline 0.036 -2"><span class='ocrx_word' id='word_1_6' title='bbox 1711 181 1766 215; x_wconf 75' lang='grc'><strong>262</strong></span> 
     </span>
    </p>
   </div>
   <div class='ocr_carea' id='block_1_4' title="bbox 140 241 926 278">
    <p class='ocr_par' dir='ltr' id='par_1_4' title="bbox 140 241 923 278">
     <span class='ocr_line' id='line_1_4' title="bbox 140 241 923 278; baseline 0 -9"><span class='ocrx_word' id='word_1_7' title='bbox 140 242 204 278; x_wconf 73' lang='grc'><strong>[845</strong></span> <span class='ocrx_word' id='word_1_8' title='bbox 217 241 266 278; x_wconf 73' lang='lat' dir='ltr'><strong>IL]</strong></span> <span class='ocrx_word' id='word_1_9' title='bbox 283 242 338 278; x_wconf 80' lang='grc' dir='ltr'><strong>Τοῦ</strong></span> <span class='ocrx_word' id='word_1_10' title='bbox 355 241 541 278; x_wconf 21' lang='grc' dir='ltr'><strong>αὐτοῦνὸτι⁶¹</strong></span> <span class='ocrx_word' id='word_1_11' title='bbox 566 251 575 268; x_wconf 76' lang='grc' dir='ltr'><strong>ι</strong></span> <span class='ocrx_word' id='word_1_12' title='bbox 598 243 727 276; x_wconf 76' lang='grc' dir='ltr'>Χριστὸς</span> <span class='ocrx_word' id='word_1_13' title='bbox 746 243 894 277; x_wconf 76' lang='grc' dir='ltr'>ἀνατολὴ,</span> <span class='ocrx_word' id='word_1_14' title='bbox 914 252 923 269; x_wconf 77' lang='grc' dir='ltr'><strong>ι</strong></span> 
     </span>
    </p>
   </div>
   <div class='ocr_carea' id='block_1_5' title="bbox 979 241 1766 278">
    <p class='ocr_par' dir='ltr' id='par_1_5' title="bbox 980 241 1766 278">
     <span class='ocr_line' id='line_1_5' title="bbox 980 241 1766 278; baseline 0.001 -9"><span class='ocrx_word' id='word_1_15' title='bbox 980 242 1107 278; x_wconf 76' lang='lat' dir='ltr'><strong>Ejusdem</strong></span> <span class='ocrx_word' id='word_1_16' title='bbox 1132 250 1165 269; x_wconf 73' lang='lat' dir='ltr'><strong>ex</strong></span> <span class='ocrx_word' id='word_1_17' title='bbox 1184 243 1323 278; x_wconf 77' lang='lat' dir='ltr'><strong>aratione:</strong></span> <span class='ocrx_word' id='word_1_18' title='bbox 1344 251 1353 268; x_wconf 79' lang='grc' dir='ltr'><strong>ι</strong></span> <span class='ocrx_word' id='word_1_19' title='bbox 1371 241 1507 269; x_wconf 74' lang='lat' dir='ltr'><strong>Christum</strong></span> <span class='ocrx_word' id='word_1_20' title='bbox 1525 250 1581 269; x_wconf 82' lang='lat' dir='ltr'><strong>esse</strong></span> <span class='ocrx_word' id='word_1_21' title='bbox 1599 243 1725 270; x_wconf 79' lang='lat' dir='ltr'><strong>orientem</strong></span> <span class='ocrx_word' id='word_1_22' title='bbox 1741 245 1766 276; x_wconf 73' lang='grc'>⁸,</span> 
     </span>
    </p>
   </div>
   <div class='ocr_carea' id='block_1_6' title="bbox 173 277 927 312">
    <p class='ocr_par' dir='ltr' id='par_1_6' title="bbox 173 277 927 312">
     <span class='ocr_line' id='line_1_6' title="bbox 173 277 927 312; baseline 0.001 -8"><span class='ocrx_word' id='word_1_23' title='bbox 173 278 224 304; x_wconf 81' lang='grc' dir='ltr'><strong>καί</strong></span> <span class='ocrx_word' id='word_1_24' title='bbox 241 277 286 310; x_wconf 72' lang='grc' dir='ltr'><strong>εἰς</strong></span> <span class='ocrx_word' id='word_1_25' title='bbox 297 277 344 310; x_wconf 82' lang='grc' dir='ltr'><strong>τὸ,</strong></span> <span class='ocrx_word' id='word_1_26' title='bbox 365 286 375 303; x_wconf 72' lang='grc' dir='ltr'><strong>ι</strong></span> <span class='ocrx_word' id='word_1_27' title='bbox 401 277 500 311; x_wconf 75' lang='grc' dir='ltr'>Ἀνέϐη</span> <span class='ocrx_word' id='word_1_28' title='bbox 515 278 564 305; x_wconf 78' lang='grc' dir='ltr'>καὶ</span> <span class='ocrx_word' id='word_1_29' title='bbox 582 279 704 312; x_wconf 75' lang='grc' dir='ltr'>κατέϐη,</span> <span class='ocrx_word' id='word_1_30' title='bbox 721 288 730 304; x_wconf 78' lang='grc' dir='ltr'><strong>ι</strong></span> <span class='ocrx_word' id='word_1_31' title='bbox 748 278 798 305; x_wconf 78' lang='grc' dir='ltr'>καὶ</span> <span class='ocrx_word' id='word_1_32' title='bbox 826 278 872 305; x_wconf 81' lang='grc' dir='ltr'>ὅτι</span> <span class='ocrx_word' id='word_1_33' title='bbox 894 278 927 306; x_wconf 84' lang='grc' dir='ltr'><strong>τὸ</strong></span> 
     </span>
    </p>
   </div>
   <div class='ocr_carea' id='block_1_7' title="bbox 172 312 776 347">
    <p class='ocr_par' dir='ltr' id='par_1_7' title="bbox 172 312 776 347">
     <span class='ocr_line' id='line_1_7' title="bbox 172 312 776 347; baseline 0 -7"><span class='ocrx_word' id='word_1_34' title='bbox 172 312 295 347; x_wconf 79' lang='grc' dir='ltr'><strong>Πνεῦμα</strong></span> <span class='ocrx_word' id='word_1_35' title='bbox 305 313 338 339; x_wconf 88' lang='grc' dir='ltr'><strong>τὸ</strong></span> <span class='ocrx_word' id='word_1_36' title='bbox 353 312 439 347; x_wconf 76' lang='grc' dir='ltr'>ἅγιον</span> <span class='ocrx_word' id='word_1_37' title='bbox 452 313 662 347; x_wconf 81' lang='grc' dir='ltr'><em>παντοκράτωρ</em></span> <span class='ocrx_word' id='word_1_38' title='bbox 678 314 776 340; x_wconf 80' lang='grc' dir='ltr'>ἐστίν.</span> 
     </span>
    </p>
   </div>
   <div class='ocr_carea' id='block_1_8' title="bbox 175 358 928 395">
    <p class='ocr_par' dir='ltr' id='par_1_8' title="bbox 175 358 928 395">
     <span class='ocr_line' id='line_1_8' title="bbox 175 358 928 395; baseline 0 -9"><span class='ocrx_word' id='word_1_39' title='bbox 175 359 239 386; x_wconf 84' lang='grc' dir='ltr'><strong>Ὅτι</strong></span> <span class='ocrx_word' id='word_1_40' title='bbox 255 359 269 385; x_wconf 89' lang='grc' dir='ltr'>ὁ</span> <span class='ocrx_word' id='word_1_41' title='bbox 285 358 351 390; x_wconf 80' lang='grc' dir='ltr'>Θεὸς</span> <span class='ocrx_word' id='word_1_42' title='bbox 362 359 461 393; x_wconf 81' lang='grc' dir='ltr'><strong>Λόγος,</strong></span> <span class='ocrx_word' id='word_1_43' title='bbox 475 359 558 394; x_wconf 77' lang='grc' dir='ltr'>φησὶν</span> <span class='ocrx_word' id='word_1_44' title='bbox 579 359 717 394; x_wconf 84' lang='grc' dir='ltr'><strong>Ἰωάννης,</strong></span> <span class='ocrx_word' id='word_1_45' title='bbox 732 359 778 386; x_wconf 81' lang='grc' dir='ltr'>τὸν</span> <span class='ocrx_word' id='word_1_46' title='bbox 797 359 928 395; x_wconf 77' lang='grc' dir='ltr'>βραχίονα</span> 
     </span>
    </p>
   </div>
   <div class='ocr_carea' id='block_1_9' title="bbox 139 404 929 441">
    <p class='ocr_par' dir='ltr' id='par_1_9' title="bbox 139 404 929 441">
     <span class='ocr_line' id='line_1_9' title="bbox 139 404 929 441; baseline 0.001 -10"><span class='ocrx_word' id='word_1_47' title='bbox 139 405 180 436; x_wconf 79' lang='grc' dir='ltr'><strong>εἰς</strong></span> <span class='ocrx_word' id='word_1_48' title='bbox 207 405 258 440; x_wconf 86' lang='grc' dir='ltr'>τὴν</span> <span class='ocrx_word' id='word_1_49' title='bbox 283 404 439 440; x_wconf 80' lang='grc' dir='ltr'><strong>οἰκονομίαν</strong></span> <span class='ocrx_word' id='word_1_50' title='bbox 467 404 649 440; x_wconf 76' lang='grc' dir='ltr'>ἐκλαμϐάνων</span> <span class='ocrx_word' id='word_1_51' title='bbox 663 404 711 431; x_wconf 80' lang='grc' dir='ltr'>τοῦ</span> <span class='ocrx_word' id='word_1_52' title='bbox 727 405 853 441; x_wconf 84' lang='grc' dir='ltr'><strong>Σωτῆρος</strong></span> <span class='ocrx_word' id='word_1_53' title='bbox 881 406 929 432; x_wconf 77' lang='grc' dir='ltr'>καὶ</span> 
     </span>
    </p>
   </div>
   <div class='ocr_carea' id='block_1_10' title="bbox 142 450 927 486">
    <p class='ocr_par' dir='ltr' id='par_1_10' title="bbox 142 450 927 486">
     <span class='ocr_line' id='line_1_10' title="bbox 142 450 927 486; baseline 0.001 -9"><span class='ocrx_word' id='word_1_54' title='bbox 142 451 187 486; x_wconf 75' lang='grc' dir='ltr'>τὴν</span> <span class='ocrx_word' id='word_1_55' title='bbox 202 450 286 477; x_wconf 82' lang='grc' dir='ltr'>αὐτοῦ</span> <span class='ocrx_word' id='word_1_56' title='bbox 301 450 429 486; x_wconf 82' lang='grc' dir='ltr'>θεότητα.</span> <span class='ocrx_word' id='word_1_57' title='bbox 447 450 548 483; x_wconf 81' lang='grc' dir='ltr'>Πολλὰ,</span> <span class='ocrx_word' id='word_1_58' title='bbox 575 451 653 486; x_wconf 81' lang='grc' dir='ltr'>φησὶ,</span> <span class='ocrx_word' id='word_1_59' title='bbox 671 451 774 486; x_wconf 86' lang='grc' dir='ltr'>σημεῖα</span> <span class='ocrx_word' id='word_1_60' title='bbox 794 452 927 486; x_wconf 85' lang='grc' dir='ltr'>ποιήσαν-</span> 
     </span>
    </p>
   </div>
   <div class='ocr_carea' id='block_1_11' title="bbox 138 495 927 531">
    <p class='ocr_par' dir='ltr' id='par_1_11' title="bbox 138 495 927 531">
     <span class='ocr_line' id='line_1_11' title="bbox 138 495 927 531; baseline 0.001 -8"><span class='ocrx_word' id='word_1_61' title='bbox 138 506 184 527; x_wconf 87' lang='grc' dir='ltr'><strong>τος</strong></span> <span class='ocrx_word' id='word_1_62' title='bbox 196 496 243 523; x_wconf 76' lang='grc' dir='ltr'><strong>τοῦ</strong></span> <span class='ocrx_word' id='word_1_63' title='bbox 264 495 351 531; x_wconf 76' lang='grc' dir='ltr'>Ἰησοῦ</span> <span class='ocrx_word' id='word_1_64' title='bbox 361 497 411 523; x_wconf 88' lang='grc' dir='ltr'>οὐκ</span> <span class='ocrx_word' id='word_1_65' title='bbox 421 496 585 523; x_wconf 79' lang='grc' dir='ltr'>ἐπίστευσαν</span> <span class='ocrx_word' id='word_1_66' title='bbox 601 497 640 528; x_wconf 85' lang='grc' dir='ltr'><strong>εἰς</strong></span> <span class='ocrx_word' id='word_1_67' title='bbox 651 496 733 523; x_wconf 84' lang='grc' dir='ltr'>αὐτὸν</span> <span class='ocrx_word' id='word_1_68' title='bbox 749 498 774 524; x_wconf 88' lang='grc' dir='ltr'><strong>οἰ</strong></span> <span class='ocrx_word' id='word_1_69' title='bbox 795 497 927 531; x_wconf 86' lang='grc' dir='ltr'>Ἰουδαῖοι,</span> 
     </span>
    </p>
   </div>
   <div class='ocr_carea' id='block_1_12' title="bbox 137 541 928 577">
    <p class='ocr_par' dir='ltr' id='par_1_12' title="bbox 137 541 928 577">
     <span class='ocr_line' id='line_1_12' title="bbox 137 541 928 577; baseline 0 -8"><span class='ocrx_word' id='word_1_70' title='bbox 137 542 322 577; x_wconf 82' lang='grc' dir='ltr'>ῖναπληρωθῇ</span> <span class='ocrx_word' id='word_1_71' title='bbox 341 542 371 568; x_wconf 82' lang='grc' dir='ltr'>τὸ</span> <span class='ocrx_word' id='word_1_72' title='bbox 389 541 471 577; x_wconf 76' lang='grc' dir='ltr'>ῥηθὲν</span> <span class='ocrx_word' id='word_1_73' title='bbox 484 541 536 567; x_wconf 81' lang='grc' dir='ltr'>ὑπὸ</span> <span class='ocrx_word' id='word_1_74' title='bbox 557 542 678 573; x_wconf 69' lang='grc' dir='ltr'>Ἡσαΐου·</span> <span class='ocrx_word' id='word_1_75' title='bbox 692 542 789 576; x_wconf 82' lang='grc' dir='ltr'>Κύριε,</span> <span class='ocrx_word' id='word_1_76' title='bbox 806 542 851 572; x_wconf 81' lang='grc' dir='ltr'><strong>τίς</strong></span> <span class='ocrx_word' id='word_1_77' title='bbox 863 542 928 569; x_wconf 78' lang='grc' dir='ltr'>ἐπί-</span> 
     </span>
    </p>
   </div>
   <div class='ocr_carea' id='block_1_13' title="bbox 137 587 928 623">
    <p class='ocr_par' dir='ltr' id='par_1_13' title="bbox 137 587 928 623">
     <span class='ocr_line' id='line_1_13' title="bbox 137 587 928 623; baseline 0.003 -8"><span class='ocrx_word' id='word_1_78' title='bbox 137 596 251 615; x_wconf 80' lang='grc' dir='ltr'>στευσε</span> <span class='ocrx_word' id='word_1_79' title='bbox 271 587 308 622; x_wconf 80' lang='grc' dir='ltr'>τῇ</span> <span class='ocrx_word' id='word_1_80' title='bbox 331 587 409 622; x_wconf 80' lang='grc' dir='ltr'>ἀκοῇ</span> <span class='ocrx_word' id='word_1_81' title='bbox 429 587 532 622; x_wconf 71' lang='lat' dir='ltr'><strong>r&#39;utu&#39;w;</strong></span> <span class='ocrx_word' id='word_1_82' title='bbox 553 588 604 614; x_wconf 77' lang='grc' dir='ltr'><strong>καί</strong></span> <span class='ocrx_word' id='word_1_83' title='bbox 626 587 795 623; x_wconf 77' lang='grc' dir='ltr'>δ’,βραχίων</span> <span class='ocrx_word' id='word_1_84' title='bbox 817 590 928 623; x_wconf 81' lang='grc' dir='ltr'><strong>Κυρίου</strong></span> 
     </span>
    </p>
   </div>
   <div class='ocr_carea' id='block_1_14' title="bbox 137 632 926 670">
    <p class='ocr_par' dir='ltr' id='par_1_14' title="bbox 137 632 926 670">
     <span class='ocr_line' id='line_1_14' title="bbox 137 632 926 670; baseline 0.001 -10"><span class='ocrx_word' id='word_1_85' title='bbox 137 633 197 660; x_wconf 79' lang='grc' dir='ltr'>τίνι</span> <span class='ocrx_word' id='word_1_86' title='bbox 217 633 438 667; x_wconf 74' lang='grc' dir='ltr'>ἀπεκαλύφ6η;</span> <span class='ocrx_word' id='word_1_87' title='bbox 462 632 543 664; x_wconf 71' lang='grc' dir='ltr'>αὐτὸς</span> <span class='ocrx_word' id='word_1_88' title='bbox 569 632 658 659; x_wconf 86' lang='grc' dir='ltr'>τοίνυν</span> <span class='ocrx_word' id='word_1_89' title='bbox 673 633 721 660; x_wconf 79' lang='grc' dir='ltr'>καὶ</span> <span class='ocrx_word' id='word_1_90' title='bbox 749 633 926 670; x_wconf 71' lang='grc' dir='ltr'><strong>δικαιοσύνη*</strong></span> 
     </span>
    </p>
   </div>
   <div class='ocr_carea' id='block_1_15' title="bbox 137 678 928 714">
    <p class='ocr_par' dir='ltr' id='par_1_15' title="bbox 137 678 928 714">
     <span class='ocr_line' id='line_1_15' title="bbox 137 678 928 714; baseline 0.004 -10"><span class='ocrx_word' id='word_1_91' title='bbox 137 679 244 713; x_wconf 74' lang='grc' dir='ltr'>ἐγγίζει</span> <span class='ocrx_word' id='word_1_92' title='bbox 257 679 311 714; x_wconf 87' lang='grc' dir='ltr'>γὰρ</span> <span class='ocrx_word' id='word_1_93' title='bbox 327 679 344 714; x_wconf 82' lang='grc' dir='ltr'><strong>ἠ</strong></span> <span class='ocrx_word' id='word_1_94' title='bbox 359 678 519 714; x_wconf 81' lang='grc' dir='ltr'><strong>δικαιοσύνη</strong></span> <span class='ocrx_word' id='word_1_95' title='bbox 542 688 592 714; x_wconf 89' lang='grc' dir='ltr'><strong>μου</strong></span> <span class='ocrx_word' id='word_1_96' title='bbox 613 679 829 714; x_wconf 81' lang='grc' dir='ltr'>παραγενέσθαι,</span> <span class='ocrx_word' id='word_1_97' title='bbox 846 681 928 713; x_wconf 84' lang='grc' dir='ltr'>αὐτὸς</span> 
     </span>
    </p>
   </div>
   <div class='ocr_carea' id='block_1_16' title="bbox 138 724 929 760">
    <p class='ocr_par' dir='ltr' id='par_1_16' title="bbox 138 724 929 760">
     <span class='ocr_line' id='line_1_16' title="bbox 138 724 929 760; baseline 0.004 -10"><span class='ocrx_word' id='word_1_98' title='bbox 138 725 186 751; x_wconf 80' lang='grc' dir='ltr'>καὶ</span> <span class='ocrx_word' id='word_1_99' title='bbox 208 724 313 759; x_wconf 76' lang='grc' dir='ltr'>Σωτὴρ,</span> <span class='ocrx_word' id='word_1_100' title='bbox 347 724 428 756; x_wconf 76' lang='grc' dir='ltr'>αὐτὸς</span> <span class='ocrx_word' id='word_1_101' title='bbox 453 725 500 751; x_wconf 78' lang='grc' dir='ltr'><strong>καὶ</strong></span> <span class='ocrx_word' id='word_1_102' title='bbox 522 725 650 760; x_wconf 81' lang='grc' dir='ltr'><strong>βραχίων.</strong></span> <span class='ocrx_word' id='word_1_103' title='bbox 679 725 728 752; x_wconf 83' lang='grc' dir='ltr'><strong>Διὰ</strong></span> <span class='ocrx_word' id='word_1_104' title='bbox 746 725 825 752; x_wconf 79' lang='grc' dir='ltr'>τοῦτο</span> <span class='ocrx_word' id='word_1_105' title='bbox 844 726 891 753; x_wconf 79' lang='grc' dir='ltr'>καὶ</span> <span class='ocrx_word' id='word_1_106' title='bbox 915 728 929 753; x_wconf 88' lang='grc' dir='ltr'>ὁ</span> 
     </span>
    </p>
   </div>
   <div class='ocr_carea' id='block_1_17' title="bbox 139 770 926 807">
    <p class='ocr_par' dir='ltr' id='par_1_17' title="bbox 139 770 926 807">
     <span class='ocr_line' id='line_1_17' title="bbox 139 770 926 807; baseline 0.003 -11"><span class='ocrx_word' id='word_1_107' title='bbox 139 770 246 802; x_wconf 77' lang='grc' dir='ltr'><strong>Παῦλος</strong></span> <span class='ocrx_word' id='word_1_108' title='bbox 262 770 420 805; x_wconf 74' lang='grc' dir='ltr'>περιλαϐὼν</span> <span class='ocrx_word' id='word_1_109' title='bbox 440 771 549 798; x_wconf 74' lang='grc' dir='ltr'>ἅπαντα</span> <span class='ocrx_word' id='word_1_110' title='bbox 565 772 605 802; x_wconf 85' lang='grc' dir='ltr'>εἰς</span> <span class='ocrx_word' id='word_1_111' title='bbox 630 770 659 797; x_wconf 83' lang='grc' dir='ltr'>ἓν</span> <span class='ocrx_word' id='word_1_112' title='bbox 675 771 817 807; x_wconf 80' lang='grc' dir='ltr'>ἀναφέρει,</span> <span class='ocrx_word' id='word_1_113' title='bbox 829 772 926 807; x_wconf 82' lang='grc' dir='ltr'>λέγων,</span> 
     </span>
    </p>
   </div>
   <div class='ocr_carea' id='block_1_18' title="bbox 140 816 928 853">
    <p class='ocr_par' dir='ltr' id='par_1_18' title="bbox 140 816 928 853">
     <span class='ocr_line' id='line_1_18' title="bbox 140 816 928 853; baseline 0.004 -11"><span class='ocrx_word' id='word_1_114' title='bbox 140 817 194 849; x_wconf 87' lang='grc' dir='ltr'>Ὃς</span> <span class='ocrx_word' id='word_1_115' title='bbox 206 816 333 851; x_wconf 77' lang='grc' dir='ltr'>ἐγενήθη</span> <span class='ocrx_word' id='word_1_116' title='bbox 348 817 420 852; x_wconf 74' lang='grc' dir='ltr'>ἡμῖν</span> <span class='ocrx_word' id='word_1_117' title='bbox 440 817 499 844; x_wconf 80' lang='grc' dir='ltr'><strong>ἀπὸ</strong></span> <span class='ocrx_word' id='word_1_118' title='bbox 514 817 588 844; x_wconf 84' lang='grc' dir='ltr'><strong>Θεοῦ</strong></span> <span class='ocrx_word' id='word_1_119' title='bbox 602 817 695 851; x_wconf 69' lang='grc' dir='ltr'>σοφία</span> <span class='ocrx_word' id='word_1_120' title='bbox 709 817 760 844; x_wconf 78' lang='grc' dir='ltr'><strong>καί</strong></span> <span class='ocrx_word' id='word_1_121' title='bbox 782 818 928 853; x_wconf 75' lang='grc' dir='ltr'><strong>ἁγιασμὸς</strong></span> 
     </span>
    </p>
   </div>
   <div class='ocr_carea' id='block_1_19' title="bbox 138 861 928 899">
    <p class='ocr_par' dir='ltr' id='par_1_19' title="bbox 138 861 928 899">
     <span class='ocr_line' id='line_1_19' title="bbox 138 861 928 899; baseline 0.004 -11"><span class='ocrx_word' id='word_1_122' title='bbox 138 862 186 888; x_wconf 80' lang='grc' dir='ltr'>καὶ</span> <span class='ocrx_word' id='word_1_123' title='bbox 197 862 276 889; x_wconf 54' lang='lat' dir='ltr'><strong>duo}</strong></span> <span class='ocrx_word' id='word_1_124' title='bbox 281 863 416 896; x_wconf 80' lang='grc' dir='ltr'>ὐτρωσις.</span> <span class='ocrx_word' id='word_1_125' title='bbox 428 861 519 897; x_wconf 74' lang='grc' dir='ltr'>οὗτος</span> <span class='ocrx_word' id='word_1_126' title='bbox 530 864 603 899; x_wconf 74' lang='grc' dir='ltr'>ἡμῖν</span> <span class='ocrx_word' id='word_1_127' title='bbox 611 865 765 893; x_wconf 77' lang='grc' dir='ltr'><strong>ἀνέτειλεν</strong></span> <span class='ocrx_word' id='word_1_128' title='bbox 772 864 928 899; x_wconf 77' lang='grc' dir='ltr'>ἀνατολὴν</span> 
     </span>
    </p>
   </div>
   <div class='ocr_carea' id='block_1_20' title="bbox 1016 277 1768 312">
    <p class='ocr_par' dir='ltr' id='par_1_20' title="bbox 1016 277 1768 312">
     <span class='ocr_line' id='line_1_20' title="bbox 1016 277 1768 312; baseline 0.003 -8"><span class='ocrx_word' id='word_1_129' title='bbox 1016 283 1040 304; x_wconf 83' lang='lat' dir='ltr'><strong>et</strong></span> <span class='ocrx_word' id='word_1_130' title='bbox 1058 279 1085 304; x_wconf 86' lang='lat' dir='ltr'><strong>in</strong></span> <span class='ocrx_word' id='word_1_131' title='bbox 1106 278 1174 304; x_wconf 84' lang='lat' dir='ltr'><strong>illud</strong></span> <span class='ocrx_word' id='word_1_132' title='bbox 1194 285 1204 305; x_wconf 86' lang='lat'><strong><em>:</em></strong></span> <span class='ocrx_word' id='word_1_133' title='bbox 1222 287 1231 302; x_wconf 76' lang='grc' dir='ltr'><strong>ι</strong></span> <span class='ocrx_word' id='word_1_134' title='bbox 1245 277 1381 304; x_wconf 83' lang='lat' dir='ltr'><strong>Descendit</strong></span> <span class='ocrx_word' id='word_1_135' title='bbox 1392 282 1417 304; x_wconf 84' lang='lat' dir='ltr'><strong>et</strong></span> <span class='ocrx_word' id='word_1_136' title='bbox 1440 277 1557 304; x_wconf 80' lang='lat' dir='ltr'><strong>ascendit</strong></span> <span class='ocrx_word' id='word_1_137' title='bbox 1569 283 1581 296; x_wconf 80' lang='grc' dir='ltr'>υ</span> <span class='ocrx_word' id='word_1_138' title='bbox 1600 286 1631 304; x_wconf 66' lang='grc' dir='ltr'>τι</span> <span class='ocrx_word' id='word_1_139' title='bbox 1657 283 1682 306; x_wconf 86' lang='lat' dir='ltr'><strong>et</strong></span> <span class='ocrx_word' id='word_1_140' title='bbox 1698 279 1768 312; x_wconf 81' lang='lat' dir='ltr'><strong>quod</strong></span> 
     </span>
    </p>
   </div>
   <div class='ocr_carea' id='block_1_21' title="bbox 1015 312 1492 348">
    <p class='ocr_par' dir='ltr' id='par_1_21' title="bbox 1015 312 1492 348">
     <span class='ocr_line' id='line_1_21' title="bbox 1015 312 1492 348; baseline -0.004 -8"><span class='ocrx_word' id='word_1_141' title='bbox 1015 312 1130 348; x_wconf 66' lang='lat' dir='ltr'><strong>Spiritus</strong></span> <span class='ocrx_word' id='word_1_142' title='bbox 1147 318 1253 340; x_wconf 69' lang='lat' dir='ltr'><strong>sanctus</strong></span> <span class='ocrx_word' id='word_1_143' title='bbox 1270 313 1305 340; x_wconf 77' lang='lat' dir='ltr'><strong>sit</strong></span> <span class='ocrx_word' id='word_1_144' title='bbox 1318 313 1492 347; x_wconf 83' lang='lat' dir='ltr'><strong>omnipotens.</strong></span> 
     </span>
    </p>
   </div>
   <div class='ocr_carea' id='block_1_22' title="bbox 1016 357 1769 393">
    <p class='ocr_par' dir='ltr' id='par_1_22' title="bbox 1016 357 1769 393">
     <span class='ocr_line' id='line_1_22' title="bbox 1016 357 1769 393; baseline -0.001 -7"><span class='ocrx_word' id='word_1_145' title='bbox 1016 357 1088 386; x_wconf 87' lang='lat' dir='ltr'><strong>Deus</strong></span> <span class='ocrx_word' id='word_1_146' title='bbox 1104 357 1237 390; x_wconf 82' lang='lat' dir='ltr'><strong>Verbum,</strong></span> <span class='ocrx_word' id='word_1_147' title='bbox 1256 359 1294 386; x_wconf 91' lang='lat' dir='ltr'><strong>ait</strong></span> <span class='ocrx_word' id='word_1_148' title='bbox 1305 357 1434 390; x_wconf 83' lang='lat' dir='ltr'><strong>Joannes,</strong></span> <span class='ocrx_word' id='word_1_149' title='bbox 1449 357 1592 385; x_wconf 86' lang='lat' dir='ltr'><strong>brachium</strong></span> <span class='ocrx_word' id='word_1_150' title='bbox 1609 358 1643 386; x_wconf 89' lang='lat' dir='ltr'><strong>de</strong></span> <span class='ocrx_word' id='word_1_151' title='bbox 1657 357 1769 393; x_wconf 83' lang='lat' dir='ltr'><strong>dispen-</strong></span> 
     </span>
    </p>
   </div>
   <div class='ocr_carea' id='block_1_23' title="bbox 979 404 1768 440">
    <p class='ocr_par' dir='ltr' id='par_1_23' title="bbox 979 404 1768 440">
     <span class='ocr_line' id='line_1_23' title="bbox 979 404 1768 440; baseline -0.001 -8"><span class='ocrx_word' id='word_1_152' title='bbox 979 405 1085 432; x_wconf 85' lang='lat' dir='ltr'><strong>satione</strong></span> <span class='ocrx_word' id='word_1_153' title='bbox 1098 404 1260 437; x_wconf 82' lang='lat' dir='ltr'><strong>Salvatoris,</strong></span> <span class='ocrx_word' id='word_1_154' title='bbox 1276 408 1302 432; x_wconf 91' lang='lat' dir='ltr'><strong>et</strong></span> <span class='ocrx_word' id='word_1_155' title='bbox 1313 404 1434 439; x_wconf 80' lang='lat' dir='ltr'><strong>ejusdem</strong></span> <span class='ocrx_word' id='word_1_156' title='bbox 1453 404 1555 432; x_wconf 84' lang='lat' dir='ltr'><strong>deitate</strong></span> <span class='ocrx_word' id='word_1_157' title='bbox 1572 404 1768 440; x_wconf 84' lang='lat' dir='ltr'><strong>interpretans.</strong></span> 
     </span>
    </p>
   </div>
   <div class='ocr_carea' id='block_1_24' title="bbox 978 449 1770 486">
    <p class='ocr_par' dir='ltr' id='par_1_24' title="bbox 978 449 1770 486">
     <span class='ocr_line' id='line_1_24' title="bbox 978 449 1770 486; baseline -0.004 -7"><span class='ocrx_word' id='word_1_158' title='bbox 978 452 1076 484; x_wconf 85' lang='lat' dir='ltr'><strong>Multa,</strong></span> <span class='ocrx_word' id='word_1_159' title='bbox 1100 451 1201 486; x_wconf 79' lang='lat' dir='ltr'><strong>inquit,</strong></span> <span class='ocrx_word' id='word_1_160' title='bbox 1223 451 1301 486; x_wconf 72' lang='lat' dir='ltr'><strong>signa</strong></span> <span class='ocrx_word' id='word_1_161' title='bbox 1316 450 1436 486; x_wconf 77' lang='lat' dir='ltr'><strong>faciente</strong></span> <span class='ocrx_word' id='word_1_162' title='bbox 1455 450 1482 477; x_wconf 92' lang='lat' dir='ltr'><strong>in</strong></span> <span class='ocrx_word' id='word_1_163' title='bbox 1506 450 1607 485; x_wconf 87' lang='lat' dir='ltr'><strong>populo</strong></span> <span class='ocrx_word' id='word_1_164' title='bbox 1620 449 1696 482; x_wconf 80' lang='lat' dir='ltr'><strong>Jesu,</strong></span> <span class='ocrx_word' id='word_1_165' title='bbox 1714 457 1770 477; x_wconf 89' lang='lat' dir='ltr'><strong>non</strong></span> 
     </span>
    </p>
   </div>
   <div class='ocr_carea' id='block_1_25' title="bbox 979 496 1770 533">
    <p class='ocr_par' dir='ltr' id='par_1_25' title="bbox 979 496 1770 533">
     <span class='ocr_line' id='line_1_25' title="bbox 979 496 1770 533; baseline -0.001 -9"><span class='ocrx_word' id='word_1_166' title='bbox 979 498 1157 525; x_wconf 86' lang='lat' dir='ltr'><strong>crediderunt</strong></span> <span class='ocrx_word' id='word_1_167' title='bbox 1168 498 1195 525; x_wconf 92' lang='lat' dir='ltr'><strong>in</strong></span> <span class='ocrx_word' id='word_1_168' title='bbox 1212 505 1275 525; x_wconf 89' lang='lat' dir='ltr'><strong>eum</strong></span> <span class='ocrx_word' id='word_1_169' title='bbox 1288 497 1386 530; x_wconf 64' lang='lat' dir='ltr'><strong>Judaei,</strong></span> <span class='ocrx_word' id='word_1_170' title='bbox 1401 502 1431 524; x_wconf 88' lang='lat' dir='ltr'><strong>ut</strong></span> <span class='ocrx_word' id='word_1_171' title='bbox 1444 497 1603 533; x_wconf 74' lang='lat' dir='ltr'><strong>impleretur</strong></span> <span class='ocrx_word' id='word_1_172' title='bbox 1616 497 1689 532; x_wconf 90' lang='lat' dir='ltr'><strong>quod</strong></span> <span class='ocrx_word' id='word_1_173' title='bbox 1701 496 1770 524; x_wconf 81' lang='lat' dir='ltr'><strong>dixit</strong></span> 
     </span>
    </p>
   </div>
   <div class='ocr_carea' id='block_1_26' title="bbox 979 543 1769 578">
    <p class='ocr_par' dir='ltr' id='par_1_26' title="bbox 979 543 1769 578">
     <span class='ocr_line' id='line_1_26' title="bbox 979 543 1769 578; baseline -0.001 -8"><span class='ocrx_word' id='word_1_174' title='bbox 979 543 1064 571; x_wconf 83' lang='lat' dir='ltr'><strong>Isaias</strong></span> <span class='ocrx_word' id='word_1_175' title='bbox 1082 552 1089 570; x_wconf 94' lang='lat'>:</span> <span class='ocrx_word' id='word_1_176' title='bbox 1108 543 1231 577; x_wconf 86' lang='lat' dir='ltr'><strong>Domine,</strong></span> <span class='ocrx_word' id='word_1_177' title='bbox 1240 544 1299 578; x_wconf 82' lang='lat' dir='ltr'><strong>quis</strong></span> <span class='ocrx_word' id='word_1_178' title='bbox 1314 543 1427 570; x_wconf 74' lang='lat' dir='ltr'><strong>credidit</strong></span> <span class='ocrx_word' id='word_1_179' title='bbox 1442 543 1545 569; x_wconf 84' lang='lat' dir='ltr'><strong>auditui</strong></span> <span class='ocrx_word' id='word_1_180' title='bbox 1559 547 1659 576; x_wconf 80' lang='lat' dir='ltr'><strong>nastro,</strong></span> <span class='ocrx_word' id='word_1_181' title='bbox 1673 547 1697 569; x_wconf 83' lang='lat' dir='ltr'><strong>et</strong></span> <span class='ocrx_word' id='word_1_182' title='bbox 1708 543 1769 569; x_wconf 90' lang='lat' dir='ltr'><strong>bra-</strong></span> 
     </span>
    </p>
   </div>
   <div class='ocr_carea' id='block_1_27' title="bbox 979 588 1769 624">
    <p class='ocr_par' dir='ltr' id='par_1_27' title="bbox 979 588 1769 624">
     <span class='ocr_line' id='line_1_27' title="bbox 979 588 1769 624; baseline -0.001 -9"><span class='ocrx_word' id='word_1_183' title='bbox 979 588 1067 615; x_wconf 80' lang='lat' dir='ltr'><strong>chium</strong></span> <span class='ocrx_word' id='word_1_184' title='bbox 1083 588 1130 616; x_wconf 86' lang='lat' dir='ltr'><strong>Dei</strong></span> <span class='ocrx_word' id='word_1_185' title='bbox 1138 589 1182 615; x_wconf 87' lang='lat' dir='ltr'><strong>cui</strong></span> <span class='ocrx_word' id='word_1_186' title='bbox 1191 589 1334 615; x_wconf 83' lang='lat' dir='ltr'><strong>revelatum</strong></span> <span class='ocrx_word' id='word_1_187' title='bbox 1348 594 1386 615; x_wconf 83' lang='lat' dir='ltr'><strong>est</strong></span> <span class='ocrx_word' id='word_1_188' title='bbox 1396 589 1431 615; x_wconf 78' lang='lat' dir='ltr'><strong>V?</strong></span> <span class='ocrx_word' id='word_1_189' title='bbox 1446 589 1505 622; x_wconf 88' lang='lat' dir='ltr'><strong>Ipse</strong></span> <span class='ocrx_word' id='word_1_190' title='bbox 1518 589 1601 624; x_wconf 81' lang='lat' dir='ltr'><strong>igitur</strong></span> <span class='ocrx_word' id='word_1_191' title='bbox 1613 589 1696 615; x_wconf 85' lang='lat' dir='ltr'><strong>etiam</strong></span> <span class='ocrx_word' id='word_1_192' title='bbox 1709 588 1769 622; x_wconf 84' lang='lat' dir='ltr'><strong>jus-</strong></span> 
     </span>
    </p>
   </div>
   <div class='ocr_carea' id='block_1_28' title="bbox 981 633 1769 670">
    <p class='ocr_par' dir='ltr' id='par_1_28' title="bbox 981 633 1769 670">
     <span class='ocr_line' id='line_1_28' title="bbox 981 633 1769 670; baseline 0 -10"><span class='ocrx_word' id='word_1_193' title='bbox 981 634 1039 661; x_wconf 88' lang='lat' dir='ltr'><strong>titia</strong></span> <span class='ocrx_word' id='word_1_194' title='bbox 1053 641 1060 660; x_wconf 86' lang='lat'><strong>:</strong></span> <span class='ocrx_word' id='word_1_195' title='bbox 1077 635 1279 670; x_wconf 85' lang='lat' dir='ltr'><strong>appropinquat</strong></span> <span class='ocrx_word' id='word_1_196' title='bbox 1290 634 1475 669; x_wconf 87' lang='lat' dir='ltr'><strong>enimjustitia</strong></span> <span class='ocrx_word' id='word_1_197' title='bbox 1489 642 1547 661; x_wconf 86' lang='lat' dir='ltr'><strong>mea</strong></span> <span class='ocrx_word' id='word_1_198' title='bbox 1557 633 1698 666; x_wconf 82' lang='lat' dir='ltr'><strong>accedere,</strong></span> <span class='ocrx_word' id='word_1_199' title='bbox 1710 634 1769 668; x_wconf 87' lang='lat' dir='ltr'><strong>ipse</strong></span> 
     </span>
    </p>
   </div>
   <div class='ocr_carea' id='block_1_29' title="bbox 980 679 1769 716">
    <p class='ocr_par' dir='ltr' id='par_1_29' title="bbox 980 679 1769 716">
     <span class='ocr_line' id='line_1_29' title="bbox 980 679 1769 716; baseline 0.001 -9"><span class='ocrx_word' id='word_1_200' title='bbox 980 679 1115 714; x_wconf 80' lang='lat' dir='ltr'><strong>Salvator,</strong></span> <span class='ocrx_word' id='word_1_201' title='bbox 1148 681 1205 716; x_wconf 88' lang='lat' dir='ltr'><strong>ipse</strong></span> <span class='ocrx_word' id='word_1_202' title='bbox 1234 681 1396 708; x_wconf 83' lang='lat' dir='ltr'><strong>brachium:</strong></span> <span class='ocrx_word' id='word_1_203' title='bbox 1424 681 1485 708; x_wconf 87' lang='lat' dir='ltr'><strong>ideo</strong></span> <span class='ocrx_word' id='word_1_204' title='bbox 1510 685 1537 708; x_wconf 91' lang='lat' dir='ltr'><strong>et</strong></span> <span class='ocrx_word' id='word_1_205' title='bbox 1552 679 1653 708; x_wconf 86' lang='lat' dir='ltr'><strong>Paulus</strong></span> <span class='ocrx_word' id='word_1_206' title='bbox 1675 680 1769 708; x_wconf 84' lang='lat' dir='ltr'><strong>omnia</strong></span> 
     </span>
    </p>
   </div>
   <div class='ocr_carea' id='block_1_30' title="bbox 979 725 1769 761">
    <p class='ocr_par' dir='ltr' id='par_1_30' title="bbox 979 725 1769 761">
     <span class='ocr_line' id='line_1_30' title="bbox 979 725 1769 761; baseline -0.003 -8"><span class='ocrx_word' id='word_1_207' title='bbox 979 726 1224 761; x_wconf 80' lang='lat' dir='ltr'><strong>comprehendens,</strong></span> <span class='ocrx_word' id='word_1_208' title='bbox 1240 726 1273 753; x_wconf 86' lang='lat' dir='ltr'><strong>ad</strong></span> <span class='ocrx_word' id='word_1_209' title='bbox 1289 734 1374 753; x_wconf 94' lang='lat' dir='ltr'><strong>unum</strong></span> <span class='ocrx_word' id='word_1_210' title='bbox 1391 726 1485 759; x_wconf 79' lang='lat' dir='ltr'><strong>refert,</strong></span> <span class='ocrx_word' id='word_1_211' title='bbox 1511 726 1605 753; x_wconf 82' lang='lat' dir='ltr'><strong>dicens</strong></span> <span class='ocrx_word' id='word_1_212' title='bbox 1629 725 1699 758; x_wconf 73' lang='grc' dir='ltr'>ιριιί</span> <span class='ocrx_word' id='word_1_213' title='bbox 1727 725 1769 759; x_wconf 79' lang='lat' dir='ltr'><strong>fa—</strong></span> 
     </span>
    </p>
   </div>
   <div class='ocr_carea' id='block_1_31' title="bbox 979 771 1770 807">
    <p class='ocr_par' dir='ltr' id='par_1_31' title="bbox 979 771 1770 807">
     <span class='ocr_line' id='line_1_31' title="bbox 979 771 1770 807; baseline -0.003 -8"><span class='ocrx_word' id='word_1_214' title='bbox 979 777 1038 799; x_wconf 77' lang='lat' dir='ltr'><strong>ctus</strong></span> <span class='ocrx_word' id='word_1_215' title='bbox 1054 777 1092 799; x_wconf 78' lang='lat' dir='ltr'><strong>est</strong></span> <span class='ocrx_word' id='word_1_216' title='bbox 1108 773 1181 799; x_wconf 75' lang='lat' dir='ltr'><strong>nobis</strong></span> <span class='ocrx_word' id='word_1_217' title='bbox 1203 773 1332 807; x_wconf 75' lang='lat' dir='ltr'><strong>sapientia</strong></span> <span class='ocrx_word' id='word_1_218' title='bbox 1345 781 1361 799; x_wconf 89' lang='lat' dir='ltr'><strong>a</strong></span> <span class='ocrx_word' id='word_1_219' title='bbox 1374 772 1438 805; x_wconf 79' lang='lat' dir='ltr'><strong>Deo,</strong></span> <span class='ocrx_word' id='word_1_220' title='bbox 1452 776 1478 799; x_wconf 81' lang='lat' dir='ltr'><strong>et</strong></span> <span class='ocrx_word' id='word_1_221' title='bbox 1490 772 1596 805; x_wconf 83' lang='lat' dir='ltr'><strong>iustitia</strong></span> <span class='ocrx_word' id='word_1_222' title='bbox 1609 775 1634 798; x_wconf 84' lang='lat' dir='ltr'><strong>et</strong></span> <span class='ocrx_word' id='word_1_223' title='bbox 1650 771 1770 805; x_wconf 80' lang='lat' dir='ltr'><strong>sanctiﬁ-</strong></span> 
     </span>
    </p>
   </div>
   <div class='ocr_carea' id='block_1_32' title="bbox 980 816 1769 853">
    <p class='ocr_par' dir='ltr' id='par_1_32' title="bbox 980 816 1769 853">
     <span class='ocr_line' id='line_1_32' title="bbox 980 816 1769 853; baseline -0.003 -9"><span class='ocrx_word' id='word_1_224' title='bbox 980 818 1060 850; x_wconf 83' lang='lat' dir='ltr'><strong>catio,</strong></span> <span class='ocrx_word' id='word_1_225' title='bbox 1078 823 1102 844; x_wconf 85' lang='lat' dir='ltr'><strong>et</strong></span> <span class='ocrx_word' id='word_1_226' title='bbox 1117 818 1270 853; x_wconf 76' lang='lat' dir='ltr'><strong>redemptio,</strong></span> <span class='ocrx_word' id='word_1_227' title='bbox 1289 818 1334 845; x_wconf 85' lang='lat' dir='ltr'><strong>ille</strong></span> <span class='ocrx_word' id='word_1_228' title='bbox 1354 818 1429 844; x_wconf 83' lang='lat' dir='ltr'><strong>nobis</strong></span> <span class='ocrx_word' id='word_1_229' title='bbox 1447 817 1559 852; x_wconf 81' lang='lat' dir='ltr'><strong>protulit</strong></span> <span class='ocrx_word' id='word_1_230' title='bbox 1573 823 1694 844; x_wconf 70' lang='lat' dir='ltr'><strong>exortum</strong></span> <span class='ocrx_word' id='word_1_231' title='bbox 1722 816 1769 851; x_wconf 91' lang='lat' dir='ltr'><strong>ju-</strong></span> 
     </span>
    </p>
   </div>
   <div class='ocr_carea' id='block_1_33' title="bbox 981 863 1768 899">
    <p class='ocr_par' dir='ltr' id='par_1_33' title="bbox 981 863 1768 899">
     <span class='ocr_line' id='line_1_33' title="bbox 981 863 1768 899; baseline -0.004 -7"><span class='ocrx_word' id='word_1_232' title='bbox 981 865 1075 892; x_wconf 73' lang='lat' dir='ltr'><strong>stitiaa.</strong></span> <span class='ocrx_word' id='word_1_233' title='bbox 1094 864 1159 891; x_wconf 80' lang='lat' dir='ltr'><strong>Ecce</strong></span> <span class='ocrx_word' id='word_1_234' title='bbox 1175 865 1254 896; x_wconf 86' lang='lat' dir='ltr'><strong>enim,</strong></span> <span class='ocrx_word' id='word_1_235' title='bbox 1271 865 1365 899; x_wconf 77' lang='lat' dir='ltr'><strong>inquit.</strong></span> <span class='ocrx_word' id='word_1_236' title='bbox 1381 864 1514 899; x_wconf 82' lang='lat' dir='ltr'><strong>proferam</strong></span> <span class='ocrx_word' id='word_1_237' title='bbox 1525 863 1768 898; x_wconf 71' lang='lat' dir='ltr'><strong>exortumjustitiw</strong></span> 
     </span>
    </p>
   </div>
   <div class='ocr_carea' id='block_1_34' title="bbox 137 907 926 945">
    <p class='ocr_par' dir='ltr' id='par_1_34' title="bbox 137 907 926 944">
     <span class='ocr_line' id='line_1_34' title="bbox 137 907 926 944; baseline 0.005 -11"><span class='ocrx_word' id='word_1_238' title='bbox 137 907 259 934; x_wconf 74' lang='grc' dir='ltr'>δικαίαν</span> <span class='ocrx_word' id='word_1_239' title='bbox 267 916 274 923; x_wconf 90' lang='grc'><strong>·</strong></span> <span class='ocrx_word' id='word_1_240' title='bbox 291 908 354 935; x_wconf 82' lang='grc' dir='ltr'>ἰδοὺ</span> <span class='ocrx_word' id='word_1_241' title='bbox 365 909 432 944; x_wconf 79' lang='grc' dir='ltr'>γὰρ,</span> <span class='ocrx_word' id='word_1_242' title='bbox 448 909 554 944; x_wconf 74' lang='grc' dir='ltr'>φησιν,</span> <span class='ocrx_word' id='word_1_243' title='bbox 566 910 702 938; x_wconf 78' lang='grc' dir='ltr'>ἀνατελῶ</span> <span class='ocrx_word' id='word_1_244' title='bbox 709 911 749 944; x_wconf 81' lang='grc' dir='ltr'>τῷ</span> <span class='ocrx_word' id='word_1_245' title='bbox 761 911 833 944; x_wconf 78' lang='grc' dir='ltr'>οἴκῳ</span> <span class='ocrx_word' id='word_1_246' title='bbox 841 911 926 938; x_wconf 79' lang='grc' dir='ltr'>Δαϐίὸ</span> 
     </span>
    </p>
   </div>
   <div class='ocr_carea' id='block_1_35' title="bbox 979 907 1769 945">
    <p class='ocr_par' dir='ltr' id='par_1_35' title="bbox 981 908 1769 945">
     <span class='ocr_line' id='line_1_35' title="bbox 981 908 1769 945; baseline -0.003 -9"><span class='ocrx_word' id='word_1_247' title='bbox 981 910 1071 937; x_wconf 85' lang='lat' dir='ltr'><strong>domui</strong></span> <span class='ocrx_word' id='word_1_248' title='bbox 1086 909 1174 936; x_wconf 77' lang='lat' dir='ltr'><strong>Dauid</strong></span> <span class='ocrx_word' id='word_1_249' title='bbox 1190 917 1214 938; x_wconf 72' lang='grc' dir='ltr'><strong>ι.</strong></span> <span class='ocrx_word' id='word_1_250' title='bbox 1228 910 1288 944; x_wconf 90' lang='lat' dir='ltr'><strong>Ipse</strong></span> <span class='ocrx_word' id='word_1_251' title='bbox 1299 915 1325 937; x_wconf 91' lang='lat' dir='ltr'><strong>et</strong></span> <span class='ocrx_word' id='word_1_252' title='bbox 1336 918 1380 936; x_wconf 80' lang='lat' dir='ltr'><strong>rex</strong></span> <span class='ocrx_word' id='word_1_253' title='bbox 1389 910 1492 944; x_wconf 77' lang='lat' dir='ltr'><strong>justus.</strong></span> <span class='ocrx_word' id='word_1_254' title='bbox 1508 908 1583 936; x_wconf 84' lang='lat' dir='ltr'><strong>Unus</strong></span> <span class='ocrx_word' id='word_1_255' title='bbox 1595 909 1679 945; x_wconf 80' lang='lat' dir='ltr'><strong>igitur</strong></span> <span class='ocrx_word' id='word_1_256' title='bbox 1690 916 1769 935; x_wconf 81' lang='lat' dir='ltr'><strong>exor-</strong></span> 
     </span>
    </p>
   </div>
   <div class='ocr_carea' id='block_1_36' title="bbox 137 953 926 992">
    <p class='ocr_par' dir='ltr' id='par_1_36' title="bbox 137 953 926 992">
     <span class='ocr_line' id='line_1_36' title="bbox 137 953 926 992; baseline 0.004 -12"><span class='ocrx_word' id='word_1_257' title='bbox 137 953 293 987; x_wconf 78' lang='grc' dir='ltr'>ἀνατολὴν</span> <span class='ocrx_word' id='word_1_258' title='bbox 319 954 449 982; x_wconf 82' lang='grc' dir='ltr'>δικαίαν.</span> <span class='ocrx_word' id='word_1_259' title='bbox 474 956 530 982; x_wconf 76' lang='grc' dir='ltr'><strong>Καὶ</strong></span> <span class='ocrx_word' id='word_1_260' title='bbox 550 956 677 992; x_wconf 75' lang='grc' dir='ltr'>βασιλεὺς</span> <span class='ocrx_word' id='word_1_261' title='bbox 688 958 710 972; x_wconf 87' lang='lat'>&quot;</span> <span class='ocrx_word' id='word_1_262' title='bbox 729 957 842 988; x_wconf 81' lang='grc' dir='ltr'>δίκαιος.</span> <span class='ocrx_word' id='word_1_263' title='bbox 869 957 926 984; x_wconf 86' lang='grc' dir='ltr'>Μία</span> 
     </span>
    </p>
   </div>
   <div class='ocr_carea' id='block_1_37' title="bbox 138 996 925 1037">
    <p class='ocr_par' dir='ltr' id='par_1_37' title="bbox 138 996 925 1037">
     <span class='ocr_line' id='line_1_37' title="bbox 138 996 925 1037; baseline 0.006 -14"><span class='ocrx_word' id='word_1_264' title='bbox 138 997 190 1032; x_wconf 81' lang='grc' dir='ltr'>μὲν</span> <span class='ocrx_word' id='word_1_265' title='bbox 205 996 250 1024; x_wconf 81' lang='grc' dir='ltr'>οὖν</span> <span class='ocrx_word' id='word_1_266' title='bbox 277 999 293 1033; x_wconf 89' lang='grc' dir='ltr'>ἡ</span> <span class='ocrx_word' id='word_1_267' title='bbox 314 999 442 1035; x_wconf 81' lang='grc' dir='ltr'>ἀνατολὴ,</span> <span class='ocrx_word' id='word_1_268' title='bbox 469 1000 566 1027; x_wconf 83' lang='grc' dir='ltr'>πολλαὶ</span> <span class='ocrx_word' id='word_1_269' title='bbox 590 1001 619 1027; x_wconf 82' lang='grc' dir='ltr'>δὲ</span> <span class='ocrx_word' id='word_1_270' title='bbox 649 1001 733 1037; x_wconf 79' lang='grc' dir='ltr'>αὐτῆς</span> <span class='ocrx_word' id='word_1_271' title='bbox 754 1002 783 1028; x_wconf 79' lang='grc' dir='ltr'>αἰ</span> <span class='ocrx_word' id='word_1_272' title='bbox 805 1002 925 1036; x_wconf 82' lang='grc' dir='ltr'><strong>ἀκτῖνες,</strong></span> 
     </span>
    </p>
   </div>
   <div class='ocr_carea' id='block_1_38' title="bbox 138 1043 926 1082">
    <p class='ocr_par' dir='ltr' id='par_1_38' title="bbox 138 1043 926 1082">
     <span class='ocr_line' id='line_1_38' title="bbox 138 1043 926 1082; baseline 0.006 -14"><span class='ocrx_word' id='word_1_273' title='bbox 138 1043 354 1078; x_wconf 75' lang='grc' dir='ltr'>φιλανθρωπίας,</span> <span class='ocrx_word' id='word_1_274' title='bbox 369 1044 477 1078; x_wconf 78' lang='grc' dir='ltr'>ἰάσεως,</span> <span class='ocrx_word' id='word_1_275' title='bbox 493 1047 616 1082; x_wconf 75' lang='grc' dir='ltr'><strong>εἰρήνης,</strong></span> <span class='ocrx_word' id='word_1_276' title='bbox 629 1046 803 1082; x_wconf 80' lang='grc' dir='ltr'>δικαιοσύνης</span> <span class='ocrx_word' id='word_1_277' title='bbox 818 1047 926 1079; x_wconf 82' lang='grc' dir='ltr'>ἀκτῖνες</span> 
     </span>
    </p>
   </div>
   <div class='ocr_carea' id='block_1_39' title="bbox 136 1089 926 1129">
    <p class='ocr_par' dir='ltr' id='par_1_39' title="bbox 136 1089 926 1129">
     <span class='ocr_line' id='line_1_39' title="bbox 136 1089 926 1129; baseline 0.009 -15"><span class='ocrx_word' id='word_1_278' title='bbox 136 1089 307 1124; x_wconf 64' lang='grc' dir='ltr'>καὶμυρίων</span> <span class='ocrx_word' id='word_1_279' title='bbox 331 1090 432 1119; x_wconf 80' lang='grc' dir='ltr'>ἄλλων.</span> <span class='ocrx_word' id='word_1_280' title='bbox 449 1092 495 1118; x_wconf 87' lang='grc' dir='ltr'>Διδ</span> <span class='ocrx_word' id='word_1_281' title='bbox 514 1093 562 1119; x_wconf 77' lang='grc' dir='ltr'>καὶ</span> <span class='ocrx_word' id='word_1_282' title='bbox 588 1093 603 1119; x_wconf 84' lang='grc' dir='ltr'><strong>ὁ</strong></span> <span class='ocrx_word' id='word_1_283' title='bbox 630 1093 713 1119; x_wconf 74' lang='grc' dir='ltr'>Δαϐὶδ</span> <span class='ocrx_word' id='word_1_284' title='bbox 734 1093 926 1129; x_wconf 78' lang='grc' dir='ltr'>προθεσπίζων</span> 
     </span>
    </p>
   </div>
   <div class='ocr_carea' id='block_1_40' title="bbox 135 1133 925 1174">
    <p class='ocr_par' dir='ltr' id='par_1_40' title="bbox 135 1133 925 1174">
     <span class='ocr_line' id='line_1_40' title="bbox 135 1133 925 1174; baseline 0.009 -14"><span class='ocrx_word' id='word_1_285' title='bbox 135 1133 210 1170; x_wconf 80' lang='grc' dir='ltr'>ᾖδεν·</span> <span class='ocrx_word' id='word_1_286' title='bbox 223 1135 373 1162; x_wconf 76' lang='grc' dir='ltr'>Ἁνατελεῐ</span> <span class='ocrx_word' id='word_1_287' title='bbox 383 1135 418 1162; x_wconf 74' lang='grc' dir='ltr'><strong>ἐν</strong></span> <span class='ocrx_word' id='word_1_288' title='bbox 433 1137 498 1170; x_wconf 84' lang='grc' dir='ltr'>ταῖς</span> <span class='ocrx_word' id='word_1_289' title='bbox 506 1137 628 1172; x_wconf 76' lang='grc' dir='ltr'>ἡμέραις</span> <span class='ocrx_word' id='word_1_290' title='bbox 639 1138 733 1166; x_wconf 81' lang='grc' dir='ltr'>αὑτοῦ</span> <span class='ocrx_word' id='word_1_291' title='bbox 749 1139 925 1174; x_wconf 81' lang='grc' dir='ltr'>δικαιοσύνη</span> 
     </span>
    </p>
   </div>
   <div class='ocr_carea' id='block_1_41' title="bbox 137 1180 926 1220">
    <p class='ocr_par' dir='ltr' id='par_1_41' title="bbox 137 1180 926 1220">
     <span class='ocr_line' id='line_1_41' title="bbox 137 1180 926 1220; baseline 0.006 -13"><span class='ocrx_word' id='word_1_292' title='bbox 137 1180 188 1207; x_wconf 78' lang='grc' dir='ltr'>καὶ</span> <span class='ocrx_word' id='word_1_293' title='bbox 207 1181 324 1215; x_wconf 80' lang='grc' dir='ltr'>πλῆθος</span> <span class='ocrx_word' id='word_1_294' title='bbox 343 1182 477 1218; x_wconf 81' lang='grc' dir='ltr'>εἰρήνης,</span> <span class='ocrx_word' id='word_1_295' title='bbox 501 1182 603 1217; x_wconf 82' lang='grc' dir='ltr'><strong>ἓωςοῦ</strong></span> <span class='ocrx_word' id='word_1_296' title='bbox 627 1185 826 1220; x_wconf 82' lang='grc' dir='ltr'>ἀνταναιρεοῇ</span> <span class='ocrx_word' id='word_1_297' title='bbox 839 1187 859 1220; x_wconf 80' lang='grc' dir='ltr'>ἡ</span> <span class='ocrx_word' id='word_1_298' title='bbox 873 1193 926 1213; x_wconf 78' lang='grc' dir='ltr'>σε-</span> 
     </span>
    </p>
   </div>
   <div class='ocr_carea' id='block_1_42' title="bbox 136 1225 926 1265">
    <p class='ocr_par' dir='ltr' id='par_1_42' title="bbox 136 1225 926 1265">
     <span class='ocr_line' id='line_1_42' title="bbox 136 1225 926 1265; baseline 0.01 -15"><span class='ocrx_word' id='word_1_299' title='bbox 136 1225 230 1259; x_wconf 69' lang='grc' dir='ltr'>λήνη.</span> <span class='ocrx_word' id='word_1_300' title='bbox 243 1225 318 1262; x_wconf 78' lang='grc' dir='ltr'>Αὕτη</span> <span class='ocrx_word' id='word_1_301' title='bbox 333 1227 399 1261; x_wconf 85' lang='grc' dir='ltr'>γοῦν</span> <span class='ocrx_word' id='word_1_302' title='bbox 414 1228 431 1263; x_wconf 83' lang='grc' dir='ltr'>ὴ</span> <span class='ocrx_word' id='word_1_303' title='bbox 450 1229 568 1265; x_wconf 81' lang='grc' dir='ltr'>ἀνατολὴ</span> <span class='ocrx_word' id='word_1_304' title='bbox 585 1229 615 1262; x_wconf 78' lang='grc' dir='ltr'>ἐξ</span> <span class='ocrx_word' id='word_1_305' title='bbox 638 1229 723 1265; x_wconf 81' lang='grc' dir='ltr'>ὕψους</span> <span class='ocrx_word' id='word_1_306' title='bbox 743 1231 864 1258; x_wconf 80' lang='grc' dir='ltr'>ἀνέτειλε</span> <span class='ocrx_word' id='word_1_307' title='bbox 878 1232 926 1258; x_wconf 80' lang='grc' dir='ltr'><strong>καὶ</strong></span> 
     </span>
    </p>
   </div>
   <div class='ocr_carea' id='block_1_43' title="bbox 137 1271 927 1314">
    <p class='ocr_par' dir='ltr' id='par_1_43' title="bbox 137 1271 927 1314">
     <span class='ocr_line' id='line_1_43' title="bbox 137 1271 927 1314; baseline 0.01 -17"><span class='ocrx_word' id='word_1_308' title='bbox 137 1271 193 1297; x_wconf 78' lang='grc' dir='ltr'><strong>ἀπὸ</strong></span> <span class='ocrx_word' id='word_1_309' title='bbox 205 1273 255 1306; x_wconf 76' lang='grc' dir='ltr'><strong>τῆς</strong></span> <span class='ocrx_word' id='word_1_310' title='bbox 267 1274 322 1308; x_wconf 80' lang='grc' dir='ltr'>γῆς</span> <span class='ocrx_word' id='word_1_311' title='bbox 337 1280 344 1288; x_wconf 82' lang='lat'><strong>&#39;</strong></span> <span class='ocrx_word' id='word_1_312' title='bbox 365 1272 395 1305; x_wconf 83' lang='grc' dir='ltr'>ἐξ</span> <span class='ocrx_word' id='word_1_313' title='bbox 406 1273 490 1308; x_wconf 77' lang='grc' dir='ltr'>ὕψους</span> <span class='ocrx_word' id='word_1_314' title='bbox 508 1275 557 1310; x_wconf 81' lang='grc' dir='ltr'>μὲν</span> <span class='ocrx_word' id='word_1_315' title='bbox 570 1276 642 1303; x_wconf 86' lang='grc' dir='ltr'>κατὰ</span> <span class='ocrx_word' id='word_1_316' title='bbox 661 1277 711 1313; x_wconf 78' lang='grc' dir='ltr'>τὴν</span> <span class='ocrx_word' id='word_1_317' title='bbox 731 1276 858 1314; x_wconf 82' lang='grc' dir='ltr'>θεότητα,</span> <span class='ocrx_word' id='word_1_318' title='bbox 872 1278 927 1305; x_wconf 80' lang='grc' dir='ltr'><strong>ἀπὸ</strong></span> 
     </span>
    </p>
   </div>
   <div class='ocr_carea' id='block_1_44' title="bbox 137 1317 564 1356">
    <p class='ocr_par' dir='ltr' id='par_1_44' title="bbox 137 1317 564 1356">
     <span class='ocr_line' id='line_1_44' title="bbox 137 1317 564 1356; baseline 0.012 -13"><span class='ocrx_word' id='word_1_319' title='bbox 137 1318 189 1352; x_wconf 81' lang='grc' dir='ltr'><strong>γῆς</strong></span> <span class='ocrx_word' id='word_1_320' title='bbox 202 1317 316 1345; x_wconf 58' lang='grc' dir='ltr'>δεδιατά</span> <span class='ocrx_word' id='word_1_321' title='bbox 330 1318 380 1355; x_wconf 86' lang='grc' dir='ltr'><strong>τὴν</strong></span> <span class='ocrx_word' id='word_1_322' title='bbox 396 1321 564 1356; x_wconf 73' lang='grc' dir='ltr'>οἰκονομίαν.</span> 
     </span>
    </p>
   </div>
   <div class='ocr_carea' id='block_1_45' title="bbox 139 1372 924 1413">
    <p class='ocr_par' dir='ltr' id='par_1_45' title="bbox 139 1372 924 1413">
     <span class='ocr_line' id='line_1_45' title="bbox 139 1372 924 1413; baseline 0.011 -15"><span class='ocrx_word' id='word_1_323' title='bbox 139 1372 301 1413; x_wconf 35' lang='grc' dir='ltr'><strong>Τοῦιαὺτοῦ</strong></span> <span class='ocrx_word' id='word_1_324' title='bbox 310 1374 347 1413; x_wconf 56' lang='grc' dir='ltr'>ἐκ</span> <span class='ocrx_word' id='word_1_325' title='bbox 360 1373 412 1413; x_wconf 76' lang='grc' dir='ltr'>τοῦ</span> <span class='ocrx_word' id='word_1_326' title='bbox 425 1377 469 1413; x_wconf 79' lang='grc' dir='ltr'><strong>εἰς</strong></span> <span class='ocrx_word' id='word_1_327' title='bbox 481 1376 539 1411; x_wconf 81' lang='grc' dir='ltr'>τὴν</span> <span class='ocrx_word' id='word_1_328' title='bbox 554 1377 783 1413; x_wconf 81' lang='grc' dir='ltr'>ἐνανθρώπησιν</span> <span class='ocrx_word' id='word_1_329' title='bbox 801 1379 855 1407; x_wconf 86' lang='grc' dir='ltr'><strong>τοῦ</strong></span> <span class='ocrx_word' id='word_1_330' title='bbox 865 1382 924 1408; x_wconf 87' lang='grc' dir='ltr'><strong>Κυ-</strong></span> 
     </span>
    </p>
   </div>
   <div class='ocr_carea' id='block_1_46' title="bbox 169 1408 926 1447">
    <p class='ocr_par' dir='ltr' id='par_1_46' title="bbox 169 1408 926 1447">
     <span class='ocr_line' id='line_1_46' title="bbox 169 1408 926 1447; baseline 0.013 -15"><span class='ocrx_word' id='word_1_331' title='bbox 169 1408 239 1447; x_wconf 65' lang='grc' dir='ltr'>ρίον</span> <span class='ocrx_word' id='word_1_332' title='bbox 261 1408 346 1447; x_wconf 79' lang='grc' dir='ltr'>ήμῷν</span> <span class='ocrx_word' id='word_1_333' title='bbox 371 1408 468 1447; x_wconf 84' lang='grc' dir='ltr'><strong>Ἰησοῦ</strong></span> <span class='ocrx_word' id='word_1_334' title='bbox 491 1408 784 1446; x_wconf 52' lang='grc' dir='ltr'>Χριστοῦ-’παῖδα</span> <span class='ocrx_word' id='word_1_335' title='bbox 808 1415 926 1447; x_wconf 79' lang='grc' dir='ltr'><strong>ἑκάστῳ</strong></span> 
     </span>
    </p>
   </div>
   <div class='ocr_carea' id='block_1_47' title="bbox 173 1443 661 1482">
    <p class='ocr_par' dir='ltr' id='par_1_47' title="bbox 173 1443 661 1482">
     <span class='ocr_line' id='line_1_47' title="bbox 173 1443 661 1482; baseline 0.014 -14"><span class='ocrx_word' id='word_1_336' title='bbox 173 1443 294 1476; x_wconf 77' lang='grc' dir='ltr'>κλίματι</span> <span class='ocrx_word' id='word_1_337' title='bbox 306 1443 519 1480; x_wconf 62' lang='grc' dir='ltr'>ἐφεστήκασιν</span> <span class='ocrx_word' id='word_1_338' title='bbox 529 1446 661 1482; x_wconf 72' lang='grc' dir='ltr'><strong>ἄγγελοι.</strong></span> 
     </span>
    </p>
   </div>
   <div class='ocr_carea' id='block_1_48' title="bbox 181 1488 925 1532">
    <p class='ocr_par' dir='ltr' id='par_1_48' title="bbox 181 1488 925 1532">
     <span class='ocr_line' id='line_1_48' title="bbox 181 1488 925 1532; baseline 0.011 -17"><span class='ocrx_word' id='word_1_339' title='bbox 181 1488 351 1518; x_wconf 82' lang='grc' dir='ltr'>Ἐδούλευσεν</span> <span class='ocrx_word' id='word_1_340' title='bbox 363 1492 380 1527; x_wconf 86' lang='grc' dir='ltr'>ὴ</span> <span class='ocrx_word' id='word_1_341' title='bbox 397 1492 486 1524; x_wconf 79' lang='grc' dir='ltr'>κτίσις</span> <span class='ocrx_word' id='word_1_342' title='bbox 500 1493 540 1528; x_wconf 87' lang='grc' dir='ltr'><strong>τῷ</strong></span> <span class='ocrx_word' id='word_1_343' title='bbox 553 1493 690 1530; x_wconf 85' lang='grc' dir='ltr'>ἀνθρώπῳ</span> <span class='ocrx_word' id='word_1_344' title='bbox 705 1494 766 1531; x_wconf 74' lang='grc' dir='ltr'>[οὐχ</span> <span class='ocrx_word' id='word_1_345' title='bbox 780 1495 819 1528; x_wconf 87' lang='grc' dir='ltr'>ὡς</span> <span class='ocrx_word' id='word_1_346' title='bbox 833 1496 925 1532; x_wconf 80' lang='grc' dir='ltr'>ἀξίῳ],</span> 
     </span>
    </p>
   </div>
   <div class='ocr_carea' id='block_1_49' title="bbox 134 1534 926 1578">
    <p class='ocr_par' dir='ltr' id='par_1_49' title="bbox 134 1534 926 1578">
     <span class='ocr_line' id='line_1_49' title="bbox 134 1534 926 1578; baseline 0.011 -18"><span class='ocrx_word' id='word_1_347' title='bbox 134 1534 213 1568; x_wconf 77' lang='grc' dir='ltr'>ἣλιος</span> <span class='ocrx_word' id='word_1_348' title='bbox 225 1537 272 1562; x_wconf 58' lang='grc' dir='ltr'><strong>καὶ¹</strong></span> <span class='ocrx_word' id='word_1_349' title='bbox 285 1537 383 1573; x_wconf 83' lang='grc' dir='ltr'>σελήνη</span> <span class='ocrx_word' id='word_1_350' title='bbox 398 1538 444 1565; x_wconf 74' lang='grc' dir='ltr'>καὶ</span> <span class='ocrx_word' id='word_1_351' title='bbox 455 1539 477 1555; x_wconf 81' lang='grc'><strong>⁵³</strong></span> <span class='ocrx_word' id='word_1_352' title='bbox 491 1538 580 1574; x_wconf 87' lang='grc' dir='ltr'>ἀστρα</span> <span class='ocrx_word' id='word_1_353' title='bbox 596 1540 644 1567; x_wconf 79' lang='grc' dir='ltr'>καὶ</span> <span class='ocrx_word' id='word_1_354' title='bbox 657 1541 780 1569; x_wconf 85' lang='grc' dir='ltr'>θάλασσα</span> <span class='ocrx_word' id='word_1_355' title='bbox 790 1542 813 1558; x_wconf 70' lang='grc'><strong>⁸⁵</strong></span> <span class='ocrx_word' id='word_1_356' title='bbox 830 1543 876 1569; x_wconf 80' lang='grc' dir='ltr'>καὶ</span> <span class='ocrx_word' id='word_1_357' title='bbox 890 1543 926 1578; x_wconf 82' lang='grc' dir='ltr'><strong>γῆ</strong></span> 
     </span>
    </p>
   </div>
   <div class='ocr_carea' id='block_1_50' title="bbox 979 955 1769 992">
    <p class='ocr_par' dir='ltr' id='par_1_50' title="bbox 979 955 1769 992">
     <span class='ocr_line' id='line_1_50' title="bbox 979 955 1769 992; baseline -0.003 -9"><span class='ocrx_word' id='word_1_358' title='bbox 979 961 1023 983; x_wconf 88' lang='lat' dir='ltr'><strong>tus</strong></span> <span class='ocrx_word' id='word_1_359' title='bbox 1039 956 1108 992; x_wconf 87' lang='lat' dir='ltr'><strong>[sive</strong></span> <span class='ocrx_word' id='word_1_360' title='bbox 1126 955 1242 992; x_wconf 88' lang='lat' dir='ltr'><strong>oriens],</strong></span> <span class='ocrx_word' id='word_1_361' title='bbox 1257 956 1336 983; x_wconf 90' lang='lat' dir='ltr'><strong>multi</strong></span> <span class='ocrx_word' id='word_1_362' title='bbox 1352 955 1411 990; x_wconf 89' lang='lat' dir='ltr'><strong>ejus</strong></span> <span class='ocrx_word' id='word_1_363' title='bbox 1424 955 1536 982; x_wconf 83' lang='lat' dir='ltr'><strong>fuerunt</strong></span> <span class='ocrx_word' id='word_1_364' title='bbox 1546 955 1626 988; x_wconf 84' lang='lat' dir='ltr'><strong>radii,</strong></span> <span class='ocrx_word' id='word_1_365' title='bbox 1639 955 1769 982; x_wconf 86' lang='lat' dir='ltr'><strong>humani-</strong></span> 
     </span>
    </p>
   </div>
   <div class='ocr_carea' id='block_1_51' title="bbox 980 999 1767 1035">
    <p class='ocr_par' dir='ltr' id='par_1_51' title="bbox 980 999 1767 1035">
     <span class='ocr_line' id='line_1_51' title="bbox 980 999 1767 1035; baseline -0.004 -7"><span class='ocrx_word' id='word_1_366' title='bbox 980 1001 1055 1034; x_wconf 83' lang='lat' dir='ltr'><strong>tatis,</strong></span> <span class='ocrx_word' id='word_1_367' title='bbox 1077 1000 1239 1034; x_wconf 87' lang='lat' dir='ltr'><strong>curationis,</strong></span> <span class='ocrx_word' id='word_1_368' title='bbox 1264 1000 1350 1035; x_wconf 79' lang='lat' dir='ltr'><strong>pacis,</strong></span> <span class='ocrx_word' id='word_1_369' title='bbox 1368 1000 1490 1035; x_wconf 68' lang='lat' dir='ltr'><strong>iustitiae,</strong></span> <span class='ocrx_word' id='word_1_370' title='bbox 1513 999 1582 1026; x_wconf 85' lang='lat' dir='ltr'><strong>radii</strong></span> <span class='ocrx_word' id='word_1_371' title='bbox 1598 999 1767 1026; x_wconf 83' lang='lat' dir='ltr'><strong>inlinitoruln</strong></span> 
     </span>
    </p>
   </div>
   <div class='ocr_carea' id='block_1_52' title="bbox 979 1046 1768 1083">
    <p class='ocr_par' dir='ltr' id='par_1_52' title="bbox 979 1046 1768 1083">
     <span class='ocr_line' id='line_1_52' title="bbox 979 1046 1768 1083; baseline -0.001 -9"><span class='ocrx_word' id='word_1_372' title='bbox 979 1049 1106 1075; x_wconf 85' lang='lat' dir='ltr'><strong>aliorum.</strong></span> <span class='ocrx_word' id='word_1_373' title='bbox 1123 1047 1185 1076; x_wconf 92' lang='lat' dir='ltr'><strong>ldeo</strong></span> <span class='ocrx_word' id='word_1_374' title='bbox 1208 1053 1235 1075; x_wconf 88' lang='lat' dir='ltr'><strong>et</strong></span> <span class='ocrx_word' id='word_1_375' title='bbox 1267 1047 1351 1075; x_wconf 80' lang='lat' dir='ltr'><strong>David</strong></span> <span class='ocrx_word' id='word_1_376' title='bbox 1370 1047 1522 1083; x_wconf 69' lang='lat' dir='ltr'><strong>praevidens</strong></span> <span class='ocrx_word' id='word_1_377' title='bbox 1544 1047 1643 1075; x_wconf 85' lang='lat' dir='ltr'><strong>cecinit</strong></span> <span class='ocrx_word' id='word_1_378' title='bbox 1664 1056 1672 1074; x_wconf 85' lang='lat'><strong>:</strong></span> <span class='ocrx_word' id='word_1_379' title='bbox 1694 1046 1768 1074; x_wconf 83' lang='lat' dir='ltr'><strong>Orie-</strong></span> 
     </span>
    </p>
   </div>
   <div class='ocr_carea' id='block_1_53' title="bbox 981 1093 1768 1128">
    <p class='ocr_par' dir='ltr' id='par_1_53' title="bbox 981 1093 1768 1128">
     <span class='ocr_line' id='line_1_53' title="bbox 981 1093 1768 1128; baseline 0 -8"><span class='ocrx_word' id='word_1_380' title='bbox 981 1098 1024 1120; x_wconf 84' lang='lat' dir='ltr'><strong>tur</strong></span> <span class='ocrx_word' id='word_1_381' title='bbox 1034 1095 1062 1120; x_wconf 83' lang='lat' dir='ltr'><strong>in</strong></span> <span class='ocrx_word' id='word_1_382' title='bbox 1076 1093 1166 1120; x_wconf 78' lang='lat' dir='ltr'><strong>diebus</strong></span> <span class='ocrx_word' id='word_1_383' title='bbox 1180 1096 1237 1128; x_wconf 71' lang='lat' dir='ltr'><strong>eius</strong></span> <span class='ocrx_word' id='word_1_384' title='bbox 1249 1093 1357 1128; x_wconf 77' lang='lat' dir='ltr'><strong>justitia</strong></span> <span class='ocrx_word' id='word_1_385' title='bbox 1369 1098 1393 1120; x_wconf 85' lang='lat' dir='ltr'><strong>et</strong></span> <span class='ocrx_word' id='word_1_386' title='bbox 1405 1093 1571 1120; x_wconf 84' lang='lat' dir='ltr'><strong>abundantia</strong></span> <span class='ocrx_word' id='word_1_387' title='bbox 1585 1093 1670 1128; x_wconf 75' lang='lat' dir='ltr'><strong>pacis,</strong></span> <span class='ocrx_word' id='word_1_388' title='bbox 1686 1093 1768 1120; x_wconf 75' lang='lat' dir='ltr'><strong>donec</strong></span> 
     </span>
    </p>
   </div>
   <div class='ocr_carea' id='block_1_54' title="bbox 979 1139 1766 1175">
    <p class='ocr_par' dir='ltr' id='par_1_54' title="bbox 979 1139 1766 1175">
     <span class='ocr_line' id='line_1_54' title="bbox 979 1139 1766 1175; baseline 0 -8"><span class='ocrx_word' id='word_1_389' title='bbox 979 1140 1119 1175; x_wconf 72' lang='lat' dir='ltr'><strong>auferatur</strong></span> <span class='ocrx_word' id='word_1_390' title='bbox 1130 1140 1193 1167; x_wconf 89' lang='lat' dir='ltr'><strong>luna</strong></span> <span class='ocrx_word' id='word_1_391' title='bbox 1205 1145 1230 1167; x_wconf 70' lang='grc' dir='ltr'><strong>γ.</strong></span> <span class='ocrx_word' id='word_1_392' title='bbox 1245 1139 1295 1167; x_wconf 88' lang='lat' dir='ltr'><strong>Hic</strong></span> <span class='ocrx_word' id='word_1_393' title='bbox 1308 1140 1391 1175; x_wconf 82' lang='lat' dir='ltr'><strong>igitur</strong></span> <span class='ocrx_word' id='word_1_394' title='bbox 1406 1140 1498 1168; x_wconf 85' lang='lat' dir='ltr'><strong>oriens</strong></span> <span class='ocrx_word' id='word_1_395' title='bbox 1510 1147 1543 1167; x_wconf 81' lang='lat' dir='ltr'><strong>ex</strong></span> <span class='ocrx_word' id='word_1_396' title='bbox 1557 1140 1612 1167; x_wconf 92' lang='lat' dir='ltr'><strong>alto</strong></span> <span class='ocrx_word' id='word_1_397' title='bbox 1624 1144 1701 1167; x_wconf 86' lang='lat' dir='ltr'><strong>ortus</strong></span> <span class='ocrx_word' id='word_1_398' title='bbox 1714 1143 1766 1171; x_wconf 85' lang='lat' dir='ltr'><strong>est,</strong></span> 
     </span>
    </p>
   </div>
   <div class='ocr_carea' id='block_1_55' title="bbox 978 1184 1769 1219">
    <p class='ocr_par' dir='ltr' id='par_1_55' title="bbox 978 1184 1769 1219">
     <span class='ocr_line' id='line_1_55' title="bbox 978 1184 1769 1219; baseline 0 -7"><span class='ocrx_word' id='word_1_399' title='bbox 978 1188 1006 1212; x_wconf 89' lang='lat' dir='ltr'><strong>et</strong></span> <span class='ocrx_word' id='word_1_400' title='bbox 1018 1192 1033 1212; x_wconf 72' lang='grc' dir='ltr'><strong>ο</strong></span> <span class='ocrx_word' id='word_1_401' title='bbox 1048 1190 1137 1212; x_wconf 81' lang='lat' dir='ltr'><strong>terra:</strong></span> <span class='ocrx_word' id='word_1_402' title='bbox 1151 1192 1184 1211; x_wconf 84' lang='lat' dir='ltr'><strong>ex</strong></span> <span class='ocrx_word' id='word_1_403' title='bbox 1195 1184 1251 1211; x_wconf 86' lang='lat' dir='ltr'><strong>alto</strong></span> <span class='ocrx_word' id='word_1_404' title='bbox 1266 1185 1388 1219; x_wconf 83' lang='lat' dir='ltr'><strong>quidem,</strong></span> <span class='ocrx_word' id='word_1_405' title='bbox 1401 1184 1552 1211; x_wconf 89' lang='lat' dir='ltr'><strong>secundum</strong></span> <span class='ocrx_word' id='word_1_406' title='bbox 1572 1184 1699 1212; x_wconf 89' lang='lat' dir='ltr'><strong>deitatem</strong></span> <span class='ocrx_word' id='word_1_407' title='bbox 1712 1193 1719 1211; x_wconf 74' lang='grc' dir='ltr'><strong>ε</strong></span> <span class='ocrx_word' id='word_1_408' title='bbox 1734 1192 1769 1212; x_wconf 74' lang='lat' dir='ltr'><strong>ex</strong></span> 
     </span>
    </p>
   </div>
   <div class='ocr_carea' id='block_1_56' title="bbox 979 1228 1573 1264">
    <p class='ocr_par' dir='ltr' id='par_1_56' title="bbox 979 1228 1573 1264">
     <span class='ocr_line' id='line_1_56' title="bbox 979 1228 1573 1264; baseline 0 -8"><span class='ocrx_word' id='word_1_409' title='bbox 979 1233 1052 1256; x_wconf 85' lang='lat' dir='ltr'><strong>terra</strong></span> <span class='ocrx_word' id='word_1_410' title='bbox 1065 1235 1140 1262; x_wconf 87' lang='lat' dir='ltr'><strong>vero,</strong></span> <span class='ocrx_word' id='word_1_411' title='bbox 1153 1229 1304 1256; x_wconf 88' lang='lat' dir='ltr'><strong>secundum</strong></span> <span class='ocrx_word' id='word_1_412' title='bbox 1329 1228 1573 1264; x_wconf 82' lang='lat' dir='ltr'><strong>dispensationem.</strong></span> 
     </span>
    </p>
   </div>
   <div class='ocr_carea' id='block_1_57' title="bbox 980 1381 1766 1418">
    <p class='ocr_par' dir='ltr' id='par_1_57' title="bbox 980 1381 1766 1418">
     <span class='ocr_line' id='line_1_57' title="bbox 980 1381 1766 1418; baseline 0 -9"><span class='ocrx_word' id='word_1_413' title='bbox 980 1381 1107 1418; x_wconf 78' lang='lat' dir='ltr'><strong>Ejusdem</strong></span> <span class='ocrx_word' id='word_1_414' title='bbox 1132 1384 1159 1409; x_wconf 84' lang='lat' dir='ltr'><strong>in</strong></span> <span class='ocrx_word' id='word_1_415' title='bbox 1178 1382 1284 1409; x_wconf 83' lang='lat' dir='ltr'><strong>Domini</strong></span> <span class='ocrx_word' id='word_1_416' title='bbox 1304 1383 1520 1418; x_wconf 77' lang='lat' dir='ltr'><strong>incarnationem</strong></span> <span class='ocrx_word' id='word_1_417' title='bbox 1536 1382 1598 1409; x_wconf 71' lang='lat' dir='ltr'><strong>Jesu</strong></span> <span class='ocrx_word' id='word_1_418' title='bbox 1619 1382 1718 1409; x_wconf 79' lang='lat' dir='ltr'><strong>Christi</strong></span> <span class='ocrx_word' id='word_1_419' title='bbox 1741 1387 1766 1410; x_wconf 78' lang='lat' dir='ltr'><strong>et</strong></span> 
     </span>
    </p>
   </div>
   <div class='ocr_carea' id='block_1_58' title="bbox 1066 1417 1676 1453">
    <p class='ocr_par' dir='ltr' id='par_1_58' title="bbox 1066 1417 1676 1453">
     <span class='ocr_line' id='line_1_58' title="bbox 1066 1417 1676 1453; baseline 0 -9"><span class='ocrx_word' id='word_1_420' title='bbox 1066 1418 1136 1453; x_wconf 77' lang='lat' dir='ltr'><strong>quod</strong></span> <span class='ocrx_word' id='word_1_421' title='bbox 1151 1417 1263 1453; x_wconf 73' lang='lat' dir='ltr'><strong>singulis</strong></span> <span class='ocrx_word' id='word_1_422' title='bbox 1278 1417 1427 1453; x_wconf 76' lang='lat' dir='ltr'><strong>regionibus</strong></span> <span class='ocrx_word' id='word_1_423' title='bbox 1444 1417 1552 1452; x_wconf 77' lang='lat' dir='ltr'><strong>angelus</strong></span> <span class='ocrx_word' id='word_1_424' title='bbox 1575 1417 1676 1452; x_wconf 81' lang='lat' dir='ltr'><strong>prtvsit.</strong></span> 
     </span>
    </p>
   </div>
   <div class='ocr_carea' id='block_1_59' title="bbox 1015 1496 1764 1529">
    <p class='ocr_par' dir='ltr' id='par_1_59' title="bbox 1015 1496 1764 1529">
     <span class='ocr_line' id='line_1_59' title="bbox 1015 1496 1764 1529; baseline 0 -5"><span class='ocrx_word' id='word_1_425' title='bbox 1015 1496 1132 1525; x_wconf 77' lang='lat' dir='ltr'><strong>Servivit</strong></span> <span class='ocrx_word' id='word_1_426' title='bbox 1150 1500 1276 1523; x_wconf 85' lang='lat' dir='ltr'><strong>creatura</strong></span> <span class='ocrx_word' id='word_1_427' title='bbox 1303 1496 1419 1529; x_wconf 86' lang='lat' dir='ltr'><strong>homini,</strong></span> <span class='ocrx_word' id='word_1_428' title='bbox 1448 1497 1489 1524; x_wconf 91' lang='lat' dir='ltr'><strong>sol</strong></span> <span class='ocrx_word' id='word_1_429' title='bbox 1521 1501 1549 1523; x_wconf 89' lang='lat' dir='ltr'><strong>et</strong></span> <span class='ocrx_word' id='word_1_430' title='bbox 1579 1497 1653 1528; x_wconf 86' lang='lat' dir='ltr'><strong>luna,</strong></span> <span class='ocrx_word' id='word_1_431' title='bbox 1674 1497 1764 1528; x_wconf 85' lang='lat' dir='ltr'><strong>stella.</strong></span> 
     </span>
    </p>
   </div>
   <div class='ocr_carea' id='block_1_60' title="bbox 979 1542 1766 1577">
    <p class='ocr_par' dir='ltr' id='par_1_60' title="bbox 979 1542 1766 1577">
     <span class='ocr_line' id='line_1_60' title="bbox 979 1542 1766 1577; baseline 0.001 -8"><span class='ocrx_word' id='word_1_432' title='bbox 979 1549 1065 1575; x_wconf 88' lang='lat' dir='ltr'><strong>mare,</strong></span> <span class='ocrx_word' id='word_1_433' title='bbox 1082 1547 1165 1575; x_wconf 85' lang='lat' dir='ltr'><strong>terra,</strong></span> <span class='ocrx_word' id='word_1_434' title='bbox 1181 1546 1209 1570; x_wconf 90' lang='lat' dir='ltr'><strong>et</strong></span> <span class='ocrx_word' id='word_1_435' title='bbox 1227 1549 1398 1577; x_wconf 58' lang='lat' dir='ltr'><strong>quascunque</strong></span> <span class='ocrx_word' id='word_1_436' title='bbox 1417 1542 1445 1569; x_wconf 91' lang='lat' dir='ltr'><strong>in</strong></span> <span class='ocrx_word' id='word_1_437' title='bbox 1458 1542 1499 1570; x_wconf 88' lang='lat' dir='ltr'><strong>eis</strong></span> <span class='ocrx_word' id='word_1_438' title='bbox 1522 1547 1596 1576; x_wconf 78' lang='lat' dir='ltr'><strong>sunt,</strong></span> <span class='ocrx_word' id='word_1_439' title='bbox 1623 1551 1676 1570; x_wconf 93' lang='lat' dir='ltr'><strong>non</strong></span> <span class='ocrx_word' id='word_1_440' title='bbox 1700 1551 1766 1570; x_wconf 88' lang='lat' dir='ltr'><strong>vero</strong></span> 
     </span>
    </p>
   </div>
   <div class='ocr_carea' id='block_1_61' title="bbox 136 1580 926 1625">
    <p class='ocr_par' dir='ltr' id='par_1_61' title="bbox 136 1580 925 1625">
     <span class='ocr_line' id='line_1_61' title="bbox 136 1580 925 1625; baseline 0.013 -20"><span class='ocrx_word' id='word_1_441' title='bbox 136 1580 188 1625; x_wconf 78' lang='grc' dir='ltr'>καὶ</span> <span class='ocrx_word' id='word_1_442' title='bbox 202 1580 276 1625; x_wconf 59' lang='grc' dir='ltr'><strong>τὰέν</strong></span> <span class='ocrx_word' id='word_1_443' title='bbox 295 1582 398 1615; x_wconf 78' lang='grc' dir='ltr'>αὐτοῖς,</span> <span class='ocrx_word' id='word_1_444' title='bbox 417 1584 466 1619; x_wconf 76' lang='grc' dir='ltr'><strong>οὐχ</strong></span> <span class='ocrx_word' id='word_1_445' title='bbox 494 1584 533 1617; x_wconf 85' lang='grc' dir='ltr'><strong>ὡς</strong></span> <span class='ocrx_word' id='word_1_446' title='bbox 555 1585 624 1621; x_wconf 80' lang='grc' dir='ltr'>ἀξίῳ</span> <span class='ocrx_word' id='word_1_447' title='bbox 639 1586 668 1613; x_wconf 86' lang='grc' dir='ltr'><strong>δέ</strong></span> <span class='ocrx_word' id='word_1_448' title='bbox 685 1587 743 1622; x_wconf 74' lang='grc' dir='ltr'>(καὶ</span> <span class='ocrx_word' id='word_1_449' title='bbox 762 1588 817 1623; x_wconf 82' lang='grc' dir='ltr'><strong>γὰρ</strong></span> <span class='ocrx_word' id='word_1_450' title='bbox 835 1596 925 1623; x_wconf 86' lang='grc' dir='ltr'>παρα-</span> 
     </span>
    </p>
   </div>
   <div class='ocr_carea' id='block_1_62' title="bbox 979 1580 1766 1625">
    <p class='ocr_par' dir='ltr' id='par_1_62' title="bbox 979 1587 1766 1624">
     <span class='ocr_line' id='line_1_62' title="bbox 979 1587 1766 1624; baseline 0.003 -10"><span class='ocrx_word' id='word_1_451' title='bbox 979 1592 1009 1615; x_wconf 91' lang='lat' dir='ltr'><strong>ut</strong></span> <span class='ocrx_word' id='word_1_452' title='bbox 1021 1588 1103 1623; x_wconf 77' lang='lat' dir='ltr'><strong>digno</strong></span> <span class='ocrx_word' id='word_1_453' title='bbox 1122 1588 1232 1624; x_wconf 83' lang='lat' dir='ltr'><strong>(etenim</strong></span> <span class='ocrx_word' id='word_1_454' title='bbox 1251 1588 1480 1623; x_wconf 72' lang='lat' dir='ltr'><strong>prazvaricatoret</strong></span> <span class='ocrx_word' id='word_1_455' title='bbox 1489 1596 1553 1616; x_wconf 89' lang='lat' dir='ltr'><strong>reus</strong></span> <span class='ocrx_word' id='word_1_456' title='bbox 1567 1587 1628 1624; x_wconf 78' lang='lat' dir='ltr'><strong>fuit)</strong></span> <span class='ocrx_word' id='word_1_457' title='bbox 1648 1589 1694 1616; x_wconf 86' lang='lat' dir='ltr'><strong>sed</strong></span> <span class='ocrx_word' id='word_1_458' title='bbox 1710 1588 1766 1616; x_wconf 76' lang='lat' dir='ltr'><strong>Deo</strong></span> 
     </span>
    </p>
   </div>
   <div class='ocr_carea' id='block_1_63' title="bbox 135 1622 926 1664">
    <p class='ocr_par' dir='ltr' id='par_1_63' title="bbox 135 1622 926 1664">
     <span class='ocr_line' id='line_1_63' title="bbox 135 1622 926 1664; baseline 0.013 -14"><span class='ocrx_word' id='word_1_459' title='bbox 135 1623 224 1658; x_wconf 78' lang='grc' dir='ltr'>ϐάτης</span> <span class='ocrx_word' id='word_1_460' title='bbox 239 1622 274 1660; x_wconf 81' lang='grc' dir='ltr'>ἦν</span> <span class='ocrx_word' id='word_1_461' title='bbox 288 1627 335 1653; x_wconf 79' lang='grc' dir='ltr'>καὶ</span> <span class='ocrx_word' id='word_1_462' title='bbox 364 1628 515 1664; x_wconf 83' lang='grc' dir='ltr'>ὑπόδικος),</span> <span class='ocrx_word' id='word_1_463' title='bbox 532 1630 601 1657; x_wconf 84' lang='grc' dir='ltr'><strong>ἀλλά</strong></span> <span class='ocrx_word' id='word_1_464' title='bbox 619 1631 667 1658; x_wconf 81' lang='grc' dir='ltr'>τοῦ</span> <span class='ocrx_word' id='word_1_465' title='bbox 696 1632 763 1659; x_wconf 84' lang='grc' dir='ltr'>Θεοῦ</span> <span class='ocrx_word' id='word_1_466' title='bbox 790 1622 926 1661; x_wconf 80' lang='grc' dir='ltr'>δουλεύειν</span> 
     </span>
    </p>
   </div>
   <div class='ocr_carea' id='block_1_64' title="bbox 136 1670 926 1716">
    <p class='ocr_par' dir='ltr' id='par_1_64' title="bbox 136 1670 926 1716">
     <span class='ocr_line' id='line_1_64' title="bbox 136 1670 926 1716; baseline 0.013 -19"><span class='ocrx_word' id='word_1_467' title='bbox 136 1670 350 1707; x_wconf 76' lang='grc' dir='ltr'>προστάξαντος,</span> <span class='ocrx_word' id='word_1_468' title='bbox 364 1674 402 1706; x_wconf 82' lang='grc' dir='ltr'><strong>ὡς</strong></span> <span class='ocrx_word' id='word_1_469' title='bbox 413 1675 446 1702; x_wconf 87' lang='grc' dir='ltr'>ἂν</span> <span class='ocrx_word' id='word_1_470' title='bbox 470 1677 507 1712; x_wconf 85' lang='grc' dir='ltr'>μὴ</span> <span class='ocrx_word' id='word_1_471' title='bbox 537 1677 685 1714; x_wconf 76' lang='grc' dir='ltr'>ἐξυϐρισθῇ</span> <span class='ocrx_word' id='word_1_472' title='bbox 714 1679 760 1706; x_wconf 86' lang='grc' dir='ltr'><strong>διὰ</strong></span> <span class='ocrx_word' id='word_1_473' title='bbox 785 1679 895 1707; x_wconf 80' lang='grc' dir='ltr'>πάντων</span> <span class='ocrx_word' id='word_1_474' title='bbox 909 1681 926 1716; x_wconf 84' lang='grc' dir='ltr'><strong>ἡ</strong></span> 
     </span>
    </p>
   </div>
   <div class='ocr_carea' id='block_1_65' title="bbox 136 1716 925 1759">
    <p class='ocr_par' dir='ltr' id='par_1_65' title="bbox 136 1716 925 1759">
     <span class='ocr_line' id='line_1_65' title="bbox 136 1716 925 1759; baseline 0.011 -17"><span class='ocrx_word' id='word_1_475' title='bbox 136 1716 232 1749; x_wconf 88' lang='grc' dir='ltr'>εἰκὼν,</span> <span class='ocrx_word' id='word_1_476' title='bbox 247 1719 272 1744; x_wconf 84' lang='grc' dir='ltr'><strong>εἰ</strong></span> <span class='ocrx_word' id='word_1_477' title='bbox 292 1719 338 1745; x_wconf 75' lang='grc' dir='ltr'>καὶ</span> <span class='ocrx_word' id='word_1_478' title='bbox 363 1720 482 1756; x_wconf 79' lang='grc' dir='ltr'>παρέϐη.</span> <span class='ocrx_word' id='word_1_479' title='bbox 498 1721 592 1757; x_wconf 85' lang='grc' dir='ltr'>Πάσης</span> <span class='ocrx_word' id='word_1_480' title='bbox 613 1723 704 1749; x_wconf 77' lang='grc' dir='ltr'>τοίνυν</span> <span class='ocrx_word' id='word_1_481' title='bbox 730 1723 781 1759; x_wconf 81' lang='grc' dir='ltr'>τῆς</span> <span class='ocrx_word' id='word_1_482' title='bbox 808 1724 925 1757; x_wconf 82' lang='grc' dir='ltr'>κτίσεως</span> 
     </span>
    </p>
   </div>
   <div class='ocr_carea' id='block_1_66' title="bbox 136 1763 925 1806">
    <p class='ocr_par' dir='ltr' id='par_1_66' title="bbox 136 1763 925 1806">
     <span class='ocr_line' id='line_1_66' title="bbox 136 1763 925 1806; baseline 0.011 -18"><span class='ocrx_word' id='word_1_483' title='bbox 136 1763 339 1800; x_wconf 77' lang='grc' dir='ltr'>στασιαζούσης</span> <span class='ocrx_word' id='word_1_484' title='bbox 353 1765 368 1791; x_wconf 81' lang='grc' dir='ltr'><strong>ὁ</strong></span> <span class='ocrx_word' id='word_1_485' title='bbox 380 1766 447 1798; x_wconf 78' lang='grc' dir='ltr'>θεὸς</span> <span class='ocrx_word' id='word_1_486' title='bbox 458 1767 564 1795; x_wconf 84' lang='grc' dir='ltr'>κελεύει</span> <span class='ocrx_word' id='word_1_487' title='bbox 578 1770 612 1804; x_wconf 81' lang='grc' dir='ltr'><strong>τῇ</strong></span> <span class='ocrx_word' id='word_1_488' title='bbox 628 1769 716 1796; x_wconf 83' lang='grc' dir='ltr'>κτίσει</span> <span class='ocrx_word' id='word_1_489' title='bbox 740 1770 778 1806; x_wconf 80' lang='grc' dir='ltr'>μὴ</span> <span class='ocrx_word' id='word_1_490' title='bbox 797 1771 925 1806; x_wconf 82' lang='grc' dir='ltr'>ἀφηνιᾷν,</span> 
     </span>
    </p>
   </div>
   <div class='ocr_carea' id='block_1_67' title="bbox 135 1809 925 1850">
    <p class='ocr_par' dir='ltr' id='par_1_67' title="bbox 135 1809 925 1850">
     <span class='ocr_line' id='line_1_67' title="bbox 135 1809 925 1850; baseline 0.01 -15"><span class='ocrx_word' id='word_1_491' title='bbox 135 1809 207 1836; x_wconf 83' lang='grc' dir='ltr'>ἀλλὰ</span> <span class='ocrx_word' id='word_1_492' title='bbox 219 1810 351 1845; x_wconf 75' lang='grc' dir='ltr'>παρέχειν</span> <span class='ocrx_word' id='word_1_493' title='bbox 374 1813 423 1847; x_wconf 82' lang='grc' dir='ltr'>μὲν</span> <span class='ocrx_word' id='word_1_494' title='bbox 446 1813 492 1840; x_wconf 86' lang='grc' dir='ltr'><strong>τδν</strong></span> <span class='ocrx_word' id='word_1_495' title='bbox 519 1814 597 1849; x_wconf 78' lang='grc' dir='ltr'>ἥλιον</span> <span class='ocrx_word' id='word_1_496' title='bbox 616 1815 666 1850; x_wconf 84' lang='grc' dir='ltr'>τὴν</span> <span class='ocrx_word' id='word_1_497' title='bbox 692 1815 789 1842; x_wconf 82' lang='grc' dir='ltr'>ἑαυτοῦ</span> <span class='ocrx_word' id='word_1_498' title='bbox 815 1817 925 1850; x_wconf 86' lang='grc' dir='ltr'>ἀκτῖνα,</span> 
     </span>
    </p>
   </div>
   <div class='ocr_carea' id='block_1_68' title="bbox 134 1856 926 1897">
    <p class='ocr_par' dir='ltr' id='par_1_68' title="bbox 134 1856 926 1897">
     <span class='ocr_line' id='line_1_68' title="bbox 134 1856 926 1897; baseline 0.009 -16"><span class='ocrx_word' id='word_1_499' title='bbox 134 1856 187 1891; x_wconf 79' lang='grc' dir='ltr'>τὴν</span> <span class='ocrx_word' id='word_1_500' title='bbox 203 1857 254 1891; x_wconf 82' lang='grc' dir='ltr'>γῆν</span> <span class='ocrx_word' id='word_1_501' title='bbox 266 1856 289 1872; x_wconf 78' lang='grc'><strong>⁸⁵</strong></span> <span class='ocrx_word' id='word_1_502' title='bbox 303 1858 366 1889; x_wconf 84' lang='grc' dir='ltr'>τοὺς</span> <span class='ocrx_word' id='word_1_503' title='bbox 389 1860 524 1894; x_wconf 79' lang='grc' dir='ltr'>καρποὺς,</span> <span class='ocrx_word' id='word_1_504' title='bbox 546 1860 628 1896; x_wconf 68' lang='grc'><strong>[1544</strong></span> <span class='ocrx_word' id='word_1_505' title='bbox 645 1861 692 1897; x_wconf 83' lang='lat' dir='ltr'><strong>R.]</strong></span> <span class='ocrx_word' id='word_1_506' title='bbox 714 1860 763 1897; x_wconf 86' lang='grc' dir='ltr'><strong>τὴν</strong></span> <span class='ocrx_word' id='word_1_507' title='bbox 788 1861 926 1889; x_wconf 84' lang='grc' dir='ltr'>θάλασσαν</span> 
     </span>
    </p>
   </div>
   <div class='ocr_carea' id='block_1_69' title="bbox 137 1902 926 1942">
    <p class='ocr_par' dir='ltr' id='par_1_69' title="bbox 137 1902 926 1942">
     <span class='ocr_line' id='line_1_69' title="bbox 137 1902 926 1942; baseline 0.008 -14"><span class='ocrx_word' id='word_1_508' title='bbox 137 1902 234 1937; x_wconf 79' lang='grc' dir='ltr'>ἰχθύας</span> <span class='ocrx_word' id='word_1_509' title='bbox 247 1902 270 1918; x_wconf 86' lang='grc'><strong>¹⁶</strong></span> <span class='ocrx_word' id='word_1_510' title='bbox 303 1903 350 1930; x_wconf 78' lang='grc' dir='ltr'>καὶ</span> <span class='ocrx_word' id='word_1_511' title='bbox 380 1904 430 1936; x_wconf 81' lang='grc' dir='ltr'><strong>τὰς</strong></span> <span class='ocrx_word' id='word_1_512' title='bbox 459 1906 595 1942; x_wconf 80' lang='grc' dir='ltr'>ἐμπορίας</span> <span class='ocrx_word' id='word_1_513' title='bbox 606 1907 640 1939; x_wconf 79' lang='grc'><strong>⁸⁷,</strong></span> <span class='ocrx_word' id='word_1_514' title='bbox 661 1906 708 1933; x_wconf 76' lang='grc' dir='ltr'>καὶ</span> <span class='ocrx_word' id='word_1_515' title='bbox 733 1907 848 1934; x_wconf 77' lang='grc' dir='ltr'>ἕκαστον</span> <span class='ocrx_word' id='word_1_516' title='bbox 871 1907 926 1934; x_wconf 85' lang='grc' dir='ltr'>τῶν</span> 
     </span>
    </p>
   </div>
   <div class='ocr_carea' id='block_1_70' title="bbox 135 1948 924 1988">
    <p class='ocr_par' dir='ltr' id='par_1_70' title="bbox 135 1948 924 1988">
     <span class='ocr_line' id='line_1_70' title="bbox 135 1948 924 1988; baseline 0.009 -14"><span class='ocrx_word' id='word_1_517' title='bbox 135 1948 300 1983; x_wconf 83' lang='grc' dir='ltr'>κτισμάτων</span> <span class='ocrx_word' id='word_1_518' title='bbox 312 1949 363 1984; x_wconf 81' lang='grc' dir='ltr'>τὴν</span> <span class='ocrx_word' id='word_1_519' title='bbox 374 1949 405 1983; x_wconf 74' lang='grc' dir='ltr'>ἐξ</span> <span class='ocrx_word' id='word_1_520' title='bbox 418 1951 523 1978; x_wconf 80' lang='grc' dir='ltr'>ἑαυτῶν</span> <span class='ocrx_word' id='word_1_521' title='bbox 540 1952 636 1987; x_wconf 82' lang='grc' dir='ltr'>χρείαν</span> <span class='ocrx_word' id='word_1_522' title='bbox 652 1953 698 1980; x_wconf 72' lang='grc' dir='ltr'><strong>καὶ</strong></span> <span class='ocrx_word' id='word_1_523' title='bbox 712 1953 848 1988; x_wconf 80' lang='grc' dir='ltr'>ὠφέλειαν</span> <span class='ocrx_word' id='word_1_524' title='bbox 867 1955 924 1986; x_wconf 81' lang='grc' dir='ltr'>τοῖς</span> 
     </span>
    </p>
   </div>
   <div class='ocr_carea' id='block_1_71' title="bbox 135 1994 926 2035">
    <p class='ocr_par' dir='ltr' id='par_1_71' title="bbox 135 1994 926 2035">
     <span class='ocr_line' id='line_1_71' title="bbox 135 1994 926 2035; baseline 0.01 -15"><span class='ocrx_word' id='word_1_525' title='bbox 135 1994 302 2030; x_wconf 82' lang='grc' dir='ltr'>ἀνθρώποις.</span> <span class='ocrx_word' id='word_1_526' title='bbox 332 1995 442 2031; x_wconf 85' lang='grc' dir='ltr'>Ταύτην</span> <span class='ocrx_word' id='word_1_527' title='bbox 467 1998 637 2034; x_wconf 84' lang='grc' dir='ltr'>ἀπογυμνῶν</span> <span class='ocrx_word' id='word_1_528' title='bbox 661 1999 850 2032; x_wconf 78' lang='grc' dir='ltr'>ὀἊπόστολος</span> <span class='ocrx_word' id='word_1_529' title='bbox 877 2001 926 2035; x_wconf 80' lang='grc' dir='ltr'>τὴν</span> 
     </span>
    </p>
   </div>
   <div class='ocr_carea' id='block_1_72' title="bbox 135 2039 926 2080">
    <p class='ocr_par' dir='ltr' id='par_1_72' title="bbox 135 2039 926 2080">
     <span class='ocr_line' id='line_1_72' title="bbox 135 2039 926 2080; baseline 0.01 -15"><span class='ocrx_word' id='word_1_530' title='bbox 135 2039 244 2066; x_wconf 75' lang='grc' dir='ltr'>ἔννοιαν</span> <span class='ocrx_word' id='word_1_531' title='bbox 256 2041 367 2075; x_wconf 84' lang='grc' dir='ltr'>φάσκει·</span> <span class='ocrx_word' id='word_1_532' title='bbox 390 2042 420 2070; x_wconf 80' lang='grc' dir='ltr'><strong><em>Ἠ</em></strong></span> <span class='ocrx_word' id='word_1_533' title='bbox 432 2043 487 2078; x_wconf 82' lang='grc' dir='ltr'><strong>γὰρ</strong></span> <span class='ocrx_word' id='word_1_534' title='bbox 497 2043 722 2078; x_wconf 79' lang='grc' dir='ltr'>ἀποκαραδοκία</span> <span class='ocrx_word' id='word_1_535' title='bbox 733 2045 789 2079; x_wconf 80' lang='grc' dir='ltr'>τῆς</span> <span class='ocrx_word' id='word_1_536' title='bbox 800 2046 926 2080; x_wconf 80' lang='grc' dir='ltr'>κτίσεως</span> 
     </span>
    </p>
   </div>
   <div class='ocr_carea' id='block_1_73' title="bbox 134 2086 926 2126">
    <p class='ocr_par' dir='ltr' id='par_1_73' title="bbox 134 2086 926 2126">
     <span class='ocr_line' id='line_1_73' title="bbox 134 2086 926 2126; baseline 0.009 -14"><span class='ocrx_word' id='word_1_537' title='bbox 134 2086 196 2120; x_wconf 86' lang='grc' dir='ltr'><strong>τὴν</strong></span> <span class='ocrx_word' id='word_1_538' title='bbox 206 2086 406 2121; x_wconf 73' lang='grc' dir='ltr'><strong>ἀποκάλυψιν</strong></span> <span class='ocrx_word' id='word_1_539' title='bbox 415 2088 476 2115; x_wconf 87' lang='grc' dir='ltr'>τῶν</span> <span class='ocrx_word' id='word_1_540' title='bbox 493 2090 567 2116; x_wconf 84' lang='grc' dir='ltr'>υἰῶν</span> <span class='ocrx_word' id='word_1_541' title='bbox 584 2089 639 2117; x_wconf 85' lang='grc' dir='ltr'>τοῦ</span> <span class='ocrx_word' id='word_1_542' title='bbox 663 2091 738 2118; x_wconf 74' lang='grc' dir='ltr'>Θεοῦ</span> <span class='ocrx_word' id='word_1_543' title='bbox 763 2091 926 2126; x_wconf 78' lang='grc' dir='ltr'>ἀπεκδέχε-</span> 
     </span>
    </p>
   </div>
   <div class='ocr_carea' id='block_1_74' title="bbox 134 2130 926 2172">
    <p class='ocr_par' dir='ltr' id='par_1_74' title="bbox 134 2130 926 2172">
     <span class='ocr_line' id='line_1_74' title="bbox 134 2130 926 2172; baseline 0.009 -15"><span class='ocrx_word' id='word_1_544' title='bbox 134 2139 195 2157; x_wconf 84' lang='grc' dir='ltr'>ται.</span> <span class='ocrx_word' id='word_1_545' title='bbox 210 2130 248 2165; x_wconf 82' lang='grc' dir='ltr'><strong>Τῇ</strong></span> <span class='ocrx_word' id='word_1_546' title='bbox 261 2131 316 2166; x_wconf 83' lang='grc' dir='ltr'>τὰρ</span> <span class='ocrx_word' id='word_1_547' title='bbox 326 2133 501 2167; x_wconf 83' lang='grc' dir='ltr'>ματαιότητι</span> <span class='ocrx_word' id='word_1_548' title='bbox 514 2133 534 2167; x_wconf 77' lang='grc' dir='ltr'><strong><em>ἡ</em></strong></span> <span class='ocrx_word' id='word_1_549' title='bbox 548 2135 647 2168; x_wconf 85' lang='grc' dir='ltr'>κτίσις</span> <span class='ocrx_word' id='word_1_550' title='bbox 669 2135 803 2171; x_wconf 75' lang='grc' dir='ltr'><strong>ὑπετάγη</strong></span> <span class='ocrx_word' id='word_1_551' title='bbox 816 2137 849 2170; x_wconf 84' lang='grc'><strong>⁸⁸,</strong></span> <span class='ocrx_word' id='word_1_552' title='bbox 869 2137 926 2172; x_wconf 86' lang='grc' dir='ltr'>οὐχ</span> 
     </span>
    </p>
   </div>
   <div class='ocr_carea' id='block_1_75' title="bbox 134 2175 926 2214">
    <p class='ocr_par' dir='ltr' id='par_1_75' title="bbox 134 2175 926 2214">
     <span class='ocr_line' id='line_1_75' title="bbox 134 2175 926 2214; baseline 0.011 -13"><span class='ocrx_word' id='word_1_553' title='bbox 134 2175 262 2209; x_wconf 70' lang='grc' dir='ltr'>ἑκοῦσα,</span> <span class='ocrx_word' id='word_1_554' title='bbox 273 2177 353 2204; x_wconf 78' lang='grc' dir='ltr'><strong>ἀλλὰ</strong></span> <span class='ocrx_word' id='word_1_555' title='bbox 365 2177 414 2204; x_wconf 82' lang='grc' dir='ltr'>διὰ</span> <span class='ocrx_word' id='word_1_556' title='bbox 424 2179 476 2206; x_wconf 87' lang='grc' dir='ltr'>τὸν</span> <span class='ocrx_word' id='word_1_557' title='bbox 488 2179 693 2214; x_wconf 79' lang='grc' dir='ltr'>ὑποτάξαντα,</span> <span class='ocrx_word' id='word_1_558' title='bbox 710 2181 757 2208; x_wconf 76' lang='grc' dir='ltr'><strong>ἐπ’</strong></span> <span class='ocrx_word' id='word_1_559' title='bbox 770 2182 870 2209; x_wconf 77' lang='grc' dir='ltr'>ἐλπίδι</span> <span class='ocrx_word' id='word_1_560' title='bbox 881 2183 926 2211; x_wconf 85' lang='grc' dir='ltr'>ὅτι</span> 
     </span>
    </p>
   </div>
   <div class='ocr_carea' id='block_1_76' title="bbox 134 2222 926 2262">
    <p class='ocr_par' dir='ltr' id='par_1_76' title="bbox 134 2222 926 2262">
     <span class='ocr_line' id='line_1_76' title="bbox 134 2222 926 2262; baseline 0.011 -15"><span class='ocrx_word' id='word_1_561' title='bbox 134 2222 185 2248; x_wconf 77' lang='grc' dir='ltr'><strong>καί</strong></span> <span class='ocrx_word' id='word_1_562' title='bbox 196 2223 273 2256; x_wconf 81' lang='grc' dir='ltr'><strong>αὐτὴ</strong></span> <span class='ocrx_word' id='word_1_563' title='bbox 283 2223 302 2257; x_wconf 79' lang='grc' dir='ltr'>ἡ</span> <span class='ocrx_word' id='word_1_564' title='bbox 318 2224 417 2257; x_wconf 78' lang='grc' dir='ltr'>κτίσις</span> <span class='ocrx_word' id='word_1_565' title='bbox 431 2224 702 2260; x_wconf 77' lang='grc' dir='ltr'>ἐλευθερωθήσεται</span> <span class='ocrx_word' id='word_1_566' title='bbox 713 2227 774 2255; x_wconf 79' lang='grc' dir='ltr'><strong>ἀπὸ</strong></span> <span class='ocrx_word' id='word_1_567' title='bbox 788 2227 843 2262; x_wconf 83' lang='grc' dir='ltr'>τῆς</span> <span class='ocrx_word' id='word_1_568' title='bbox 857 2228 926 2256; x_wconf 83' lang='grc' dir='ltr'>δου-</span> 
     </span>
    </p>
   </div>
   <div class='ocr_carea' id='block_1_77' title="bbox 133 2263 965 2310">
    <p class='ocr_par' dir='ltr' id='par_1_77' title="bbox 133 2263 965 2310">
     <span class='ocr_line' id='line_1_77' title="bbox 133 2263 965 2310; baseline 0.013 -17"><span class='ocrx_word' id='word_1_569' title='bbox 133 2268 221 2299; x_wconf 70' lang='grc' dir='ltr'>λείας</span> <span class='ocrx_word' id='word_1_570' title='bbox 236 2267 291 2302; x_wconf 88' lang='grc' dir='ltr'>τῆς</span> <span class='ocrx_word' id='word_1_571' title='bbox 300 2269 414 2303; x_wconf 76' lang='grc' dir='ltr'>φθορᾶς</span> <span class='ocrx_word' id='word_1_572' title='bbox 434 2272 478 2304; x_wconf 86' lang='grc' dir='ltr'><strong>εἰς</strong></span> <span class='ocrx_word' id='word_1_573' title='bbox 499 2271 557 2306; x_wconf 81' lang='grc' dir='ltr'><strong>τὴν</strong></span> <span class='ocrx_word' id='word_1_574' title='bbox 570 2273 743 2308; x_wconf 70' lang='grc' dir='ltr'>ἐλευθερίαν</span> <span class='ocrx_word' id='word_1_575' title='bbox 758 2274 814 2310; x_wconf 80' lang='grc' dir='ltr'>τῆς</span> <span class='ocrx_word' id='word_1_576' title='bbox 832 2275 926 2310; x_wconf 80' lang='grc' dir='ltr'>δόξης</span> <span class='ocrx_word' id='word_1_577' title='bbox 938 2263 965 2294; x_wconf 82' lang='grc' dir='ltr'><strong>Ῑ)</strong></span> 
     </span>
    </p>
   </div>
   <div class='ocr_carea' id='block_1_78' title="bbox 134 2311 925 2354">
    <p class='ocr_par' dir='ltr' id='par_1_78' title="bbox 134 2311 925 2354">
     <span class='ocr_line' id='line_1_78' title="bbox 134 2311 925 2354; baseline 0.013 -16"><span class='ocrx_word' id='word_1_578' title='bbox 134 2311 196 2339; x_wconf 81' lang='grc' dir='ltr'>τῶν</span> <span class='ocrx_word' id='word_1_579' title='bbox 207 2313 324 2341; x_wconf 83' lang='grc' dir='ltr'>τέκνων</span> <span class='ocrx_word' id='word_1_580' title='bbox 344 2315 397 2342; x_wconf 85' lang='grc' dir='ltr'>τοῦ</span> <span class='ocrx_word' id='word_1_581' title='bbox 414 2317 497 2344; x_wconf 82' lang='grc' dir='ltr'>Θεοῦ.</span> <span class='ocrx_word' id='word_1_582' title='bbox 524 2315 586 2344; x_wconf 80' lang='grc' dir='ltr'>οἷον</span> <span class='ocrx_word' id='word_1_583' title='bbox 601 2318 637 2345; x_wconf 78' lang='grc' dir='ltr'>ιτί</span> <span class='ocrx_word' id='word_1_584' title='bbox 654 2319 744 2354; x_wconf 83' lang='grc' dir='ltr'>λέγω;</span> <span class='ocrx_word' id='word_1_585' title='bbox 768 2320 807 2353; x_wconf 80' lang='grc' dir='ltr'>ὡς</span> <span class='ocrx_word' id='word_1_586' title='bbox 829 2318 899 2348; x_wconf 79' lang='grc' dir='ltr'>εἶδεν</span> <span class='ocrx_word' id='word_1_587' title='bbox 911 2321 925 2347; x_wconf 87' lang='grc' dir='ltr'>ὁ</span> 
     </span>
    </p>
   </div>
   <div class='ocr_carea' id='block_1_79' title="bbox 133 2357 926 2400">
    <p class='ocr_par' dir='ltr' id='par_1_79' title="bbox 133 2357 926 2400">
     <span class='ocr_line' id='line_1_79' title="bbox 133 2357 926 2400; baseline 0.013 -16"><span class='ocrx_word' id='word_1_588' title='bbox 133 2357 204 2390; x_wconf 79' lang='grc' dir='ltr'>Θεὸς</span> <span class='ocrx_word' id='word_1_589' title='bbox 219 2359 267 2385; x_wconf 78' lang='grc' dir='ltr'><strong>τὸν</strong></span> <span class='ocrx_word' id='word_1_590' title='bbox 285 2360 429 2395; x_wconf 80' lang='grc' dir='ltr'>ἄνθρωπον</span> <span class='ocrx_word' id='word_1_591' title='bbox 443 2363 595 2390; x_wconf 78' lang='grc' dir='ltr'>ἐκπεσόντα</span> <span class='ocrx_word' id='word_1_592' title='bbox 614 2365 662 2391; x_wconf 78' lang='grc' dir='ltr'>καὶ</span> <span class='ocrx_word' id='word_1_593' title='bbox 682 2365 734 2400; x_wconf 82' lang='grc' dir='ltr'>τὴν</span> <span class='ocrx_word' id='word_1_594' title='bbox 755 2366 844 2393; x_wconf 87' lang='grc' dir='ltr'>κτίσιν</span> <span class='ocrx_word' id='word_1_595' title='bbox 859 2368 926 2394; x_wconf 80' lang='grc' dir='ltr'>ἀνα-</span> 
     </span>
    </p>
   </div>
   <div class='ocr_carea' id='block_1_80' title="bbox 133 2404 926 2448">
    <p class='ocr_par' dir='ltr' id='par_1_80' title="bbox 133 2404 926 2448">
     <span class='ocr_line' id='line_1_80' title="bbox 133 2404 926 2448; baseline 0.013 -18"><span class='ocrx_word' id='word_1_596' title='bbox 133 2404 269 2432; x_wconf 81' lang='grc' dir='ltr'>νεύουσαν</span> <span class='ocrx_word' id='word_1_597' title='bbox 284 2406 353 2440; x_wconf 83' lang='grc' dir='ltr'>πρὸς</span> <span class='ocrx_word' id='word_1_598' title='bbox 380 2407 534 2444; x_wconf 85' lang='grc' dir='ltr'>ὑπηρεσίαν</span> <span class='ocrx_word' id='word_1_599' title='bbox 554 2409 601 2436; x_wconf 82' lang='grc' dir='ltr'>τοῦ</span> <span class='ocrx_word' id='word_1_600' title='bbox 617 2411 820 2447; x_wconf 77' lang='grc' dir='ltr'>ἡμαρτηκότος,</span> <span class='ocrx_word' id='word_1_601' title='bbox 832 2413 926 2448; x_wconf 86' lang='grc' dir='ltr'>ἐχαλί-</span> 
     </span>
    </p>
   </div>
   <div class='ocr_carea' id='block_1_81' title="bbox 132 2451 922 2489">
    <p class='ocr_par' dir='ltr' id='par_1_81' title="bbox 132 2451 922 2489">
     <span class='ocr_line' id='line_1_81' title="bbox 132 2451 922 2489; baseline 0.013 -12"><span class='ocrx_word' id='word_1_602' title='bbox 132 2458 222 2477; x_wconf 84' lang='grc' dir='ltr'>νωσεν</span> <span class='ocrx_word' id='word_1_603' title='bbox 235 2451 321 2487; x_wconf 83' lang='grc' dir='ltr'>αὐτὴν</span> <span class='ocrx_word' id='word_1_604' title='bbox 337 2453 386 2479; x_wconf 83' lang='grc' dir='ltr'>καὶ</span> <span class='ocrx_word' id='word_1_605' title='bbox 404 2455 441 2489; x_wconf 82' lang='grc' dir='ltr'>μὴ</span> <span class='ocrx_word' id='word_1_606' title='bbox 465 2454 606 2489; x_wconf 76' lang='grc' dir='ltr'>θέλουσαν,</span> <span class='ocrx_word' id='word_1_607' title='bbox 629 2458 678 2484; x_wconf 81' lang='grc' dir='ltr'>καὶ</span> <span class='ocrx_word' id='word_1_608' title='bbox 695 2458 839 2485; x_wconf 81' lang='grc' dir='ltr'>ἐκέλευσεν</span> <span class='ocrx_word' id='word_1_609' title='bbox 868 2459 922 2486; x_wconf 83' lang='grc' dir='ltr'><strong>ὐπ-</strong></span> 
     </span>
    </p>
   </div>
   <div class='ocr_carea' id='block_1_82' title="bbox 133 2495 925 2541">
    <p class='ocr_par' dir='ltr' id='par_1_82' title="bbox 133 2495 925 2541">
     <span class='ocr_line' id='line_1_82' title="bbox 133 2495 925 2541; baseline 0.016 -21"><span class='ocrx_word' id='word_1_610' title='bbox 133 2497 246 2530; x_wconf 79' lang='grc' dir='ltr'>ηρετεῖν</span> <span class='ocrx_word' id='word_1_611' title='bbox 257 2495 294 2528; x_wconf 83' lang='grc' dir='ltr'>ὡς</span> <span class='ocrx_word' id='word_1_612' title='bbox 309 2500 455 2535; x_wconf 76' lang='grc' dir='ltr'>πρότερον,</span> <span class='ocrx_word' id='word_1_613' title='bbox 474 2501 557 2536; x_wconf 81' lang='grc' dir='ltr'>ἡνίκα</span> <span class='ocrx_word' id='word_1_614' title='bbox 574 2502 605 2528; x_wconf 83' lang='grc' dir='ltr'>τὸ</span> <span class='ocrx_word' id='word_1_615' title='bbox 624 2502 762 2538; x_wconf 80' lang='grc' dir='ltr'>βασιλικὸν</span> <span class='ocrx_word' id='word_1_616' title='bbox 773 2505 862 2541; x_wconf 88' lang='grc' dir='ltr'>ἐαυτῷ</span> <span class='ocrx_word' id='word_1_617' title='bbox 877 2506 925 2532; x_wconf 77' lang='grc' dir='ltr'>καὶ</span> 
     </span>
    </p>
   </div>
   <div class='ocr_carea' id='block_1_83' title="bbox 131 2541 925 2588">
    <p class='ocr_par' dir='ltr' id='par_1_83' title="bbox 131 2541 925 2588">
     <span class='ocr_line' id='line_1_83' title="bbox 131 2541 925 2588; baseline 0.023 -22"><span class='ocrx_word' id='word_1_618' title='bbox 131 2541 250 2576; x_wconf 80' lang='grc' dir='ltr'>ἀρχικὸν</span> <span class='ocrx_word' id='word_1_619' title='bbox 262 2543 311 2578; x_wconf 82' lang='grc' dir='ltr'>τὴν</span> <span class='ocrx_word' id='word_1_620' title='bbox 328 2545 440 2582; x_wconf 82' lang='grc' dir='ltr'>ἐντολὴν</span> <span class='ocrx_word' id='word_1_621' title='bbox 452 2547 596 2582; x_wconf 84' lang='grc' dir='ltr'>φυλάττων</span> <span class='ocrx_word' id='word_1_622' title='bbox 627 2550 804 2583; x_wconf 79' lang='grc' dir='ltr'>συνδιέσωζεν</span> <span class='ocrx_word' id='word_1_623' title='bbox 815 2571 823 2584; x_wconf 84' lang='grc'><strong><em>.</em></strong></span> <span class='ocrx_word' id='word_1_624' title='bbox 840 2552 925 2588; x_wconf 80' lang='grc' dir='ltr'>ᾐσχύ-</span> 
     </span>
    </p>
   </div>
   <div class='ocr_carea' id='block_1_84' title="bbox 173 2643 865 2685">
    <p class='ocr_par' dir='ltr' id='par_1_84' title="bbox 173 2643 865 2685">
     <span class='ocr_line' id='line_1_84' title="bbox 173 2643 865 2685; baseline 0.014 -15"><span class='ocrx_word' id='word_1_625' title='bbox 173 2645 181 2660; x_wconf 83' lang='grc' dir='ltr'>ι</span> <span class='ocrx_word' id='word_1_626' title='bbox 199 2643 266 2672; x_wconf 91' lang='lat' dir='ltr'><strong>Luc.</strong></span> <span class='ocrx_word' id='word_1_627' title='bbox 280 2654 298 2680; x_wconf 79' lang='grc' dir='ltr'><strong>ι,</strong></span> <span class='ocrx_word' id='word_1_628' title='bbox 307 2647 351 2674; x_wconf 83' lang='lat'><strong>78.</strong></span> <span class='ocrx_word' id='word_1_629' title='bbox 387 2652 400 2666; x_wconf 76' lang='grc' dir='ltr'><strong><em>υ</em></strong></span> <span class='ocrx_word' id='word_1_630' title='bbox 416 2648 516 2684; x_wconf 83' lang='lat' dir='ltr'><strong>Ephes.</strong></span> <span class='ocrx_word' id='word_1_631' title='bbox 530 2657 566 2684; x_wconf 89' lang='grc' dir='ltr'><strong>ιν,</strong></span> <span class='ocrx_word' id='word_1_632' title='bbox 580 2651 607 2678; x_wconf 88' lang='lat'><strong>9.</strong></span> <span class='ocrx_word' id='word_1_633' title='bbox 645 2656 659 2670; x_wconf 72' lang='grc' dir='ltr'><strong>τ</strong></span> <span class='ocrx_word' id='word_1_634' title='bbox 689 2651 743 2680; x_wconf 85' lang='lat' dir='ltr'><strong>lsa.</strong></span> <span class='ocrx_word' id='word_1_635' title='bbox 765 2659 823 2685; x_wconf 87' lang='lat' dir='ltr'><strong>Llll,</strong></span> <span class='ocrx_word' id='word_1_636' title='bbox 840 2654 865 2680; x_wconf 83' lang='grc' dir='ltr'>ἰ.</span> 
     </span>
    </p>
   </div>
   <div class='ocr_carea' id='block_1_85' title="bbox 976 1632 1762 1670">
    <p class='ocr_par' dir='ltr' id='par_1_85' title="bbox 976 1632 1762 1670">
     <span class='ocr_line' id='line_1_85' title="bbox 976 1632 1762 1670; baseline 0.001 -10"><span class='ocrx_word' id='word_1_637' title='bbox 976 1632 1089 1669; x_wconf 85' lang='lat' dir='ltr'><strong>jubente</strong></span> <span class='ocrx_word' id='word_1_638' title='bbox 1101 1634 1125 1661; x_wconf 87' lang='lat' dir='ltr'><strong>ei</strong></span> <span class='ocrx_word' id='word_1_639' title='bbox 1140 1635 1261 1662; x_wconf 85' lang='lat' dir='ltr'><strong>servire:</strong></span> <span class='ocrx_word' id='word_1_640' title='bbox 1275 1642 1308 1662; x_wconf 91' lang='lat' dir='ltr'><strong>ne</strong></span> <span class='ocrx_word' id='word_1_641' title='bbox 1319 1642 1367 1669; x_wconf 89' lang='lat' dir='ltr'><strong>per</strong></span> <span class='ocrx_word' id='word_1_642' title='bbox 1382 1634 1474 1662; x_wconf 89' lang='lat' dir='ltr'><strong>omnia</strong></span> <span class='ocrx_word' id='word_1_643' title='bbox 1491 1634 1580 1670; x_wconf 76' lang='lat' dir='ltr'><strong>imago</strong></span> <span class='ocrx_word' id='word_1_644' title='bbox 1594 1634 1694 1669; x_wconf 89' lang='lat' dir='ltr'><strong>injuria</strong></span> <span class='ocrx_word' id='word_1_645' title='bbox 1708 1634 1762 1662; x_wconf 83' lang='lat' dir='ltr'><strong>alii-</strong></span> 
     </span>
    </p>
   </div>
   <div class='ocr_carea' id='block_1_86' title="bbox 977 1680 1765 1717">
    <p class='ocr_par' dir='ltr' id='par_1_86' title="bbox 977 1680 1765 1717">
     <span class='ocr_line' id='line_1_86' title="bbox 977 1680 1765 1717; baseline 0 -9"><span class='ocrx_word' id='word_1_646' title='bbox 977 1686 1101 1715; x_wconf 84' lang='lat' dir='ltr'><strong>ceretur;</strong></span> <span class='ocrx_word' id='word_1_647' title='bbox 1121 1681 1186 1708; x_wconf 90' lang='lat' dir='ltr'><strong>licet</strong></span> <span class='ocrx_word' id='word_1_648' title='bbox 1201 1681 1283 1708; x_wconf 85' lang='lat' dir='ltr'><strong>homo</strong></span> <span class='ocrx_word' id='word_1_649' title='bbox 1298 1680 1494 1716; x_wconf 68' lang='lat' dir='ltr'><strong>praevaricatus</strong></span> <span class='ocrx_word' id='word_1_650' title='bbox 1509 1681 1601 1708; x_wconf 84' lang='lat' dir='ltr'><strong>fuerit.</strong></span> <span class='ocrx_word' id='word_1_651' title='bbox 1616 1680 1695 1708; x_wconf 89' lang='lat' dir='ltr'><strong>Omni</strong></span> <span class='ocrx_word' id='word_1_652' title='bbox 1714 1680 1765 1717; x_wconf 84' lang='lat' dir='ltr'><strong>igi-</strong></span> 
     </span>
    </p>
   </div>
   <div class='ocr_carea' id='block_1_87' title="bbox 977 1726 1764 1760">
    <p class='ocr_par' dir='ltr' id='par_1_87' title="bbox 977 1726 1764 1760">
     <span class='ocr_line' id='line_1_87' title="bbox 977 1726 1764 1760; baseline -0.001 -6"><span class='ocrx_word' id='word_1_653' title='bbox 977 1731 1022 1755; x_wconf 87' lang='lat' dir='ltr'><strong>tur</strong></span> <span class='ocrx_word' id='word_1_654' title='bbox 1036 1731 1162 1755; x_wconf 84' lang='lat' dir='ltr'><strong>creatura</strong></span> <span class='ocrx_word' id='word_1_655' title='bbox 1177 1727 1335 1760; x_wconf 81' lang='lat' dir='ltr'><strong>rebellante,</strong></span> <span class='ocrx_word' id='word_1_656' title='bbox 1351 1726 1424 1755; x_wconf 88' lang='lat' dir='ltr'><strong>Deus</strong></span> <span class='ocrx_word' id='word_1_657' title='bbox 1439 1731 1571 1754; x_wconf 76' lang='lat' dir='ltr'><strong>creaturoe</strong></span> <span class='ocrx_word' id='word_1_658' title='bbox 1587 1728 1700 1754; x_wconf 88' lang='lat' dir='ltr'><strong>mandat</strong></span> <span class='ocrx_word' id='word_1_659' title='bbox 1710 1734 1764 1754; x_wconf 90' lang='lat' dir='ltr'><strong>non</strong></span> 
     </span>
    </p>
   </div>
   <div class='ocr_carea' id='block_1_88' title="bbox 977 1771 1765 1807">
    <p class='ocr_par' dir='ltr' id='par_1_88' title="bbox 977 1771 1765 1807">
     <span class='ocr_line' id='line_1_88' title="bbox 977 1771 1765 1807; baseline -0.001 -8"><span class='ocrx_word' id='word_1_660' title='bbox 977 1779 1140 1806; x_wconf 80' lang='lat' dir='ltr'><strong>repugnare,</strong></span> <span class='ocrx_word' id='word_1_661' title='bbox 1154 1771 1200 1799; x_wconf 87' lang='lat' dir='ltr'><strong>sed</strong></span> <span class='ocrx_word' id='word_1_662' title='bbox 1216 1771 1337 1807; x_wconf 64' lang='lat' dir='ltr'><strong>praebere</strong></span> <span class='ocrx_word' id='word_1_663' title='bbox 1352 1771 1463 1806; x_wconf 87' lang='lat' dir='ltr'><strong>quidem</strong></span> <span class='ocrx_word' id='word_1_664' title='bbox 1478 1771 1564 1799; x_wconf 87' lang='lat' dir='ltr'><strong>solem</strong></span> <span class='ocrx_word' id='word_1_665' title='bbox 1581 1771 1672 1799; x_wconf 83' lang='lat' dir='ltr'><strong>radios</strong></span> <span class='ocrx_word' id='word_1_666' title='bbox 1687 1779 1765 1804; x_wconf 86' lang='lat' dir='ltr'><strong>suos,</strong></span> 
     </span>
    </p>
   </div>
   <div class='ocr_carea' id='block_1_89' title="bbox 977 1815 1766 1851">
    <p class='ocr_par' dir='ltr' id='par_1_89' title="bbox 977 1815 1766 1851">
     <span class='ocr_line' id='line_1_89' title="bbox 977 1815 1766 1851; baseline 0 -8"><span class='ocrx_word' id='word_1_667' title='bbox 977 1823 1053 1843; x_wconf 87' lang='lat' dir='ltr'><strong>mare</strong></span> <span class='ocrx_word' id='word_1_668' title='bbox 1071 1815 1161 1851; x_wconf 86' lang='lat' dir='ltr'><strong>pisces</strong></span> <span class='ocrx_word' id='word_1_669' title='bbox 1176 1820 1202 1844; x_wconf 89' lang='lat' dir='ltr'><strong>et</strong></span> <span class='ocrx_word' id='word_1_670' title='bbox 1221 1816 1445 1851; x_wconf 84' lang='lat' dir='ltr'><strong>negotiationem,</strong></span> <span class='ocrx_word' id='word_1_671' title='bbox 1470 1820 1497 1843; x_wconf 92' lang='lat' dir='ltr'><strong>et</strong></span> <span class='ocrx_word' id='word_1_672' title='bbox 1515 1816 1638 1850; x_wconf 79' lang='lat' dir='ltr'><strong>singulas</strong></span> <span class='ocrx_word' id='word_1_673' title='bbox 1658 1821 1766 1843; x_wconf 86' lang='lat' dir='ltr'><strong>creatu-</strong></span> 
     </span>
    </p>
   </div>
   <div class='ocr_carea' id='block_1_90' title="bbox 976 1861 1761 1894">
    <p class='ocr_par' dir='ltr' id='par_1_90' title="bbox 976 1861 1761 1894">
     <span class='ocr_line' id='line_1_90' title="bbox 976 1861 1761 1894; baseline 0 -5"><span class='ocrx_word' id='word_1_674' title='bbox 976 1869 1032 1894; x_wconf 83' lang='lat' dir='ltr'><strong>ras,</strong></span> <span class='ocrx_word' id='word_1_675' title='bbox 1055 1862 1199 1889; x_wconf 81' lang='lat' dir='ltr'><strong>utilitatem</strong></span> <span class='ocrx_word' id='word_1_676' title='bbox 1226 1869 1303 1890; x_wconf 90' lang='lat' dir='ltr'><strong>suam</strong></span> <span class='ocrx_word' id='word_1_677' title='bbox 1333 1867 1360 1890; x_wconf 90' lang='lat' dir='ltr'><strong>et</strong></span> <span class='ocrx_word' id='word_1_678' title='bbox 1394 1862 1568 1890; x_wconf 86' lang='lat' dir='ltr'><strong>commodum</strong></span> <span class='ocrx_word' id='word_1_679' title='bbox 1593 1861 1761 1889; x_wconf 86' lang='lat' dir='ltr'><strong>hominibus.</strong></span> 
     </span>
    </p>
   </div>
   <div class='ocr_carea' id='block_1_91' title="bbox 977 1907 1763 1944">
    <p class='ocr_par' dir='ltr' id='par_1_91' title="bbox 977 1907 1763 1944">
     <span class='ocr_line' id='line_1_91' title="bbox 977 1907 1763 1944; baseline 0.001 -10"><span class='ocrx_word' id='word_1_680' title='bbox 977 1907 1076 1943; x_wconf 69' lang='lat' dir='ltr'><strong>517i;</strong></span> <span class='ocrx_word' id='word_1_681' title='bbox 1094 1907 1174 1935; x_wconf 84' lang='lat' dir='ltr'><strong>Hunc</strong></span> <span class='ocrx_word' id='word_1_682' title='bbox 1202 1915 1314 1936; x_wconf 88' lang='lat' dir='ltr'><strong>sensum</strong></span> <span class='ocrx_word' id='word_1_683' title='bbox 1337 1908 1488 1943; x_wconf 86' lang='lat' dir='ltr'><strong>Apostolus</strong></span> <span class='ocrx_word' id='word_1_684' title='bbox 1521 1908 1664 1944; x_wconf 76' lang='lat' dir='ltr'><strong>explicans</strong></span> <span class='ocrx_word' id='word_1_685' title='bbox 1684 1908 1763 1936; x_wconf 86' lang='lat' dir='ltr'><strong>dicit:</strong></span> 
     </span>
    </p>
   </div>
   <div class='ocr_carea' id='block_1_92' title="bbox 978 1953 1764 1989">
    <p class='ocr_par' dir='ltr' id='par_1_92' title="bbox 978 1953 1764 1989">
     <span class='ocr_line' id='line_1_92' title="bbox 978 1953 1764 1989; baseline 0 -9"><span class='ocrx_word' id='word_1_686' title='bbox 978 1953 1050 1981; x_wconf 84' lang='lat' dir='ltr'><strong>Nam</strong></span> <span class='ocrx_word' id='word_1_687' title='bbox 1069 1954 1229 1989; x_wconf 69' lang='lat' dir='ltr'><strong>exspectatio</strong></span> <span class='ocrx_word' id='word_1_688' title='bbox 1240 1959 1370 1981; x_wconf 70' lang='lat' dir='ltr'><strong>creaturae</strong></span> <span class='ocrx_word' id='word_1_689' title='bbox 1388 1953 1572 1981; x_wconf 81' lang='lat' dir='ltr'><strong>reuelationem</strong></span> <span class='ocrx_word' id='word_1_690' title='bbox 1587 1954 1703 1988; x_wconf 83' lang='lat' dir='ltr'><strong>ﬁliorum</strong></span> <span class='ocrx_word' id='word_1_691' title='bbox 1715 1953 1764 1980; x_wconf 79' lang='grc' dir='ltr'><strong>ι)ιὶ</strong></span> 
     </span>
    </p>
   </div>
   <div class='ocr_carea' id='block_1_93' title="bbox 976 1999 1760 2035">
    <p class='ocr_par' dir='ltr' id='par_1_93' title="bbox 976 1999 1760 2035">
     <span class='ocr_line' id='line_1_93' title="bbox 976 1999 1760 2035; baseline 0 -8"><span class='ocrx_word' id='word_1_692' title='bbox 976 2005 1122 2035; x_wconf 73' lang='lat' dir='ltr'><strong>exspectat.</strong></span> <span class='ocrx_word' id='word_1_693' title='bbox 1144 1999 1264 2028; x_wconf 85' lang='lat' dir='ltr'><strong>Vanitati</strong></span> <span class='ocrx_word' id='word_1_694' title='bbox 1290 2000 1360 2028; x_wconf 83' lang='lat' dir='ltr'><strong>enim</strong></span> <span class='ocrx_word' id='word_1_695' title='bbox 1377 2005 1501 2027; x_wconf 84' lang='lat' dir='ltr'><strong>creatura</strong></span> <span class='ocrx_word' id='word_1_696' title='bbox 1512 2000 1630 2035; x_wconf 81' lang='lat' dir='ltr'><strong>subjecta</strong></span> <span class='ocrx_word' id='word_1_697' title='bbox 1644 2005 1694 2032; x_wconf 74' lang='lat' dir='ltr'><strong>est,</strong></span> <span class='ocrx_word' id='word_1_698' title='bbox 1708 2008 1760 2027; x_wconf 86' lang='lat' dir='ltr'><strong>non</strong></span> 
     </span>
    </p>
   </div>
   <div class='ocr_carea' id='block_1_94' title="bbox 977 2045 1761 2081">
    <p class='ocr_par' dir='ltr' id='par_1_94' title="bbox 977 2045 1761 2081">
     <span class='ocr_line' id='line_1_94' title="bbox 977 2045 1761 2081; baseline 0 -9"><span class='ocrx_word' id='word_1_699' title='bbox 977 2046 1075 2079; x_wconf 80' lang='lat' dir='ltr'><strong>volens,</strong></span> <span class='ocrx_word' id='word_1_700' title='bbox 1093 2047 1139 2073; x_wconf 79' lang='lat' dir='ltr'><strong>sed</strong></span> <span class='ocrx_word' id='word_1_701' title='bbox 1156 2051 1263 2081; x_wconf 85' lang='lat' dir='ltr'><strong>propter</strong></span> <span class='ocrx_word' id='word_1_702' title='bbox 1279 2054 1340 2073; x_wconf 88' lang='lat' dir='ltr'><strong>eum</strong></span> <span class='ocrx_word' id='word_1_703' title='bbox 1355 2047 1401 2081; x_wconf 85' lang='lat' dir='ltr'><strong>qui</strong></span> <span class='ocrx_word' id='word_1_704' title='bbox 1420 2045 1533 2080; x_wconf 87' lang='lat' dir='ltr'><strong>subjecit</strong></span> <span class='ocrx_word' id='word_1_705' title='bbox 1552 2053 1612 2072; x_wconf 88' lang='lat' dir='ltr'><strong>eum</strong></span> <span class='ocrx_word' id='word_1_706' title='bbox 1623 2046 1651 2072; x_wconf 80' lang='lat' dir='ltr'><strong>in</strong></span> <span class='ocrx_word' id='word_1_707' title='bbox 1666 2054 1724 2080; x_wconf 78' lang='lat' dir='ltr'><strong>spe,</strong></span> <span class='ocrx_word' id='word_1_708' title='bbox 1736 2052 1761 2072; x_wconf 85' lang='lat' dir='ltr'><strong>et</strong></span> 
     </span>
    </p>
   </div>
   <div class='ocr_carea' id='block_1_95' title="bbox 976 2090 1763 2125">
    <p class='ocr_par' dir='ltr' id='par_1_95' title="bbox 976 2090 1763 2125">
     <span class='ocr_line' id='line_1_95' title="bbox 976 2090 1763 2125; baseline -0.001 -8"><span class='ocrx_word' id='word_1_709' title='bbox 976 2091 1036 2125; x_wconf 75' lang='lat' dir='ltr'><strong>ipsa</strong></span> <span class='ocrx_word' id='word_1_710' title='bbox 1047 2096 1171 2117; x_wconf 85' lang='lat' dir='ltr'><strong>creatura</strong></span> <span class='ocrx_word' id='word_1_711' title='bbox 1192 2090 1350 2118; x_wconf 86' lang='lat' dir='ltr'><strong>liberabitur</strong></span> <span class='ocrx_word' id='word_1_712' title='bbox 1369 2098 1385 2116; x_wconf 86' lang='grc' dir='ltr'><strong>α</strong></span> <span class='ocrx_word' id='word_1_713' title='bbox 1398 2090 1525 2117; x_wconf 79' lang='lat' dir='ltr'><strong>servitute</strong></span> <span class='ocrx_word' id='word_1_714' title='bbox 1545 2090 1723 2124; x_wconf 82' lang='lat' dir='ltr'><strong>corruptionis</strong></span> <span class='ocrx_word' id='word_1_715' title='bbox 1736 2091 1763 2117; x_wconf 87' lang='lat' dir='ltr'><strong>in</strong></span> 
     </span>
    </p>
   </div>
   <div class='ocr_carea' id='block_1_96' title="bbox 977 2135 1763 2172">
    <p class='ocr_par' dir='ltr' id='par_1_96' title="bbox 977 2135 1763 2172">
     <span class='ocr_line' id='line_1_96' title="bbox 977 2135 1763 2172; baseline -0.003 -9"><span class='ocrx_word' id='word_1_716' title='bbox 977 2136 1126 2165; x_wconf 82' lang='lat' dir='ltr'><strong>libertatem</strong></span> <span class='ocrx_word' id='word_1_717' title='bbox 1141 2137 1233 2172; x_wconf 71' lang='lat' dir='ltr'><strong>gloria:</strong></span> <span class='ocrx_word' id='word_1_718' title='bbox 1248 2137 1365 2171; x_wconf 82' lang='lat' dir='ltr'><strong>ﬁliorum</strong></span> <span class='ocrx_word' id='word_1_719' title='bbox 1387 2136 1435 2163; x_wconf 85' lang='lat' dir='ltr'><strong>Dei</strong></span> <span class='ocrx_word' id='word_1_720' title='bbox 1453 2140 1476 2164; x_wconf 70' lang='grc'><strong>³.</strong></span> <span class='ocrx_word' id='word_1_721' title='bbox 1491 2135 1554 2163; x_wconf 70' lang='lat' dir='ltr'><strong>Haec</strong></span> <span class='ocrx_word' id='word_1_722' title='bbox 1565 2143 1598 2162; x_wconf 89' lang='lat' dir='ltr'><strong>eo</strong></span> <span class='ocrx_word' id='word_1_723' title='bbox 1615 2136 1763 2170; x_wconf 84' lang='lat' dir='ltr'><strong>pertinent,</strong></span> 
     </span>
    </p>
   </div>
   <div class='ocr_carea' id='block_1_97' title="bbox 976 2181 1764 2216">
    <p class='ocr_par' dir='ltr' id='par_1_97' title="bbox 976 2181 1764 2216">
     <span class='ocr_line' id='line_1_97' title="bbox 976 2181 1764 2216; baseline -0.003 -7"><span class='ocrx_word' id='word_1_724' title='bbox 976 2182 1058 2210; x_wconf 84' lang='lat' dir='ltr'><strong>scivit</strong></span> <span class='ocrx_word' id='word_1_725' title='bbox 1072 2181 1145 2210; x_wconf 88' lang='lat' dir='ltr'><strong>Deus</strong></span> <span class='ocrx_word' id='word_1_726' title='bbox 1159 2182 1298 2210; x_wconf 87' lang='lat' dir='ltr'><strong>hominem</strong></span> <span class='ocrx_word' id='word_1_727' title='bbox 1322 2181 1474 2216; x_wconf 82' lang='lat' dir='ltr'><strong>lapsurum,</strong></span> <span class='ocrx_word' id='word_1_728' title='bbox 1486 2185 1513 2208; x_wconf 87' lang='lat' dir='ltr'><strong>et</strong></span> <span class='ocrx_word' id='word_1_729' title='bbox 1532 2186 1683 2208; x_wconf 80' lang='lat' dir='ltr'><strong>creaturam</strong></span> <span class='ocrx_word' id='word_1_730' title='bbox 1701 2189 1764 2216; x_wconf 75' lang='lat' dir='ltr'><strong>pec-</strong></span> 
     </span>
    </p>
   </div>
   <div class='ocr_carea' id='block_1_98' title="bbox 977 2220 1763 2264">
    <p class='ocr_par' dir='ltr' id='par_1_98' title="bbox 977 2220 1763 2264">
     <span class='ocr_line' id='line_1_98' title="bbox 977 2220 1763 2264; baseline 0 -8"><span class='ocrx_word' id='word_1_731' title='bbox 977 2227 1079 2257; x_wconf 81' lang='lat' dir='ltr'><strong>catoris</strong></span> <span class='ocrx_word' id='word_1_732' title='bbox 1096 2229 1243 2264; x_wconf 85' lang='lat' dir='ltr'><strong>imperium</strong></span> <span class='ocrx_word' id='word_1_733' title='bbox 1259 2220 1594 2260; x_wconf 84' lang='lat' dir='ltr'><strong>detrectaturam,idcirco</strong></span> <span class='ocrx_word' id='word_1_734' title='bbox 1611 2227 1763 2256; x_wconf 59' lang='lat' dir='ltr'><strong>refratnavit</strong></span> 
     </span>
    </p>
   </div>
   <div class='ocr_carea' id='block_1_99' title="bbox 977 2267 1764 2310">
    <p class='ocr_par' dir='ltr' id='par_1_99' title="bbox 977 2267 1764 2310">
     <span class='ocr_line' id='line_1_99' title="bbox 977 2267 1764 2310; baseline -0.001 -8"><span class='ocrx_word' id='word_1_735' title='bbox 977 2283 1048 2309; x_wconf 88' lang='lat' dir='ltr'><strong>eam,</strong></span> <span class='ocrx_word' id='word_1_736' title='bbox 1065 2267 1093 2302; x_wconf 81' lang='lat' dir='ltr'><strong>et</strong></span> <span class='ocrx_word' id='word_1_737' title='bbox 1105 2275 1188 2303; x_wconf 88' lang='lat' dir='ltr'><strong>etiam</strong></span> <span class='ocrx_word' id='word_1_738' title='bbox 1206 2275 1355 2308; x_wconf 89' lang='lat' dir='ltr'><strong>nolentem,</strong></span> <span class='ocrx_word' id='word_1_739' title='bbox 1369 2274 1504 2310; x_wconf 80' lang='lat' dir='ltr'><strong>iussitque</strong></span> <span class='ocrx_word' id='word_1_740' title='bbox 1533 2281 1628 2309; x_wconf 82' lang='lat' dir='ltr'><strong>parere</strong></span> <span class='ocrx_word' id='word_1_741' title='bbox 1641 2294 1649 2307; x_wconf 93' lang='lat'><strong>,</strong></span> <span class='ocrx_word' id='word_1_742' title='bbox 1665 2279 1695 2301; x_wconf 92' lang='lat' dir='ltr'><strong>ut</strong></span> <span class='ocrx_word' id='word_1_743' title='bbox 1712 2282 1764 2301; x_wconf 37' lang='lat' dir='ltr'><strong>an;</strong></span> 
     </span>
    </p>
   </div>
   <div class='ocr_carea' id='block_1_100' title="bbox 975 2320 1763 2361">
    <p class='ocr_par' dir='ltr' id='par_1_100' title="bbox 975 2320 1763 2361">
     <span class='ocr_line' id='line_1_100' title="bbox 975 2320 1763 2361; baseline -0.003 -12"><span class='ocrx_word' id='word_1_744' title='bbox 975 2326 1030 2354; x_wconf 86' lang='lat' dir='ltr'><strong>tea,</strong></span> <span class='ocrx_word' id='word_1_745' title='bbox 1050 2321 1115 2349; x_wconf 92' lang='lat' dir='ltr'><strong>dum</strong></span> <span class='ocrx_word' id='word_1_746' title='bbox 1133 2321 1186 2356; x_wconf 78' lang='lat' dir='ltr'><strong>legi</strong></span> <span class='ocrx_word' id='word_1_747' title='bbox 1203 2322 1335 2356; x_wconf 83' lang='lat' dir='ltr'><strong>parendo,</strong></span> <span class='ocrx_word' id='word_1_748' title='bbox 1357 2321 1449 2356; x_wconf 75' lang='lat' dir='ltr'><strong>regale</strong></span> <span class='ocrx_word' id='word_1_749' title='bbox 1467 2327 1500 2348; x_wconf 88' lang='lat' dir='ltr'><strong>ac</strong></span> <span class='ocrx_word' id='word_1_750' title='bbox 1518 2327 1656 2348; x_wconf 80' lang='lat' dir='ltr'><strong>summum</strong></span> <span class='ocrx_word' id='word_1_751' title='bbox 1679 2320 1763 2361; x_wconf 77' lang='lat' dir='ltr'><strong>impe-</strong></span> 
     </span>
    </p>
   </div>
   <div class='ocr_carea' id='block_1_101' title="bbox 974 2367 1764 2397">
    <p class='ocr_par' dir='ltr' id='par_1_101' title="bbox 974 2367 1764 2397">
     <span class='ocr_line' id='line_1_101' title="bbox 974 2367 1764 2397; baseline -0.001 -1"><span class='ocrx_word' id='word_1_752' title='bbox 974 2369 1047 2397; x_wconf 87' lang='lat' dir='ltr'><strong>rium</strong></span> <span class='ocrx_word' id='word_1_753' title='bbox 1074 2368 1209 2396; x_wconf 82' lang='lat' dir='ltr'><strong>servabat.</strong></span> <span class='ocrx_word' id='word_1_754' title='bbox 1232 2368 1355 2396; x_wconf 81' lang='lat' dir='ltr'><strong>Pudebat</strong></span> <span class='ocrx_word' id='word_1_755' title='bbox 1377 2367 1450 2395; x_wconf 90' lang='lat' dir='ltr'><strong>enim</strong></span> <span class='ocrx_word' id='word_1_756' title='bbox 1471 2371 1627 2395; x_wconf 78' lang='lat' dir='ltr'><strong>creaturam</strong></span> <span class='ocrx_word' id='word_1_757' title='bbox 1645 2367 1764 2395; x_wconf 65' lang='lat' dir='ltr'><strong>obnoxio</strong></span> 
     </span>
    </p>
   </div>
   <div class='ocr_carea' id='block_1_102' title="bbox 977 2414 1763 2450">
    <p class='ocr_par' dir='ltr' id='par_1_102' title="bbox 977 2414 1763 2450">
     <span class='ocr_line' id='line_1_102' title="bbox 977 2414 1763 2450; baseline 0 -8"><span class='ocrx_word' id='word_1_758' title='bbox 977 2414 1098 2450; x_wconf 86' lang='lat' dir='ltr'><strong>peccatis</strong></span> <span class='ocrx_word' id='word_1_759' title='bbox 1118 2414 1230 2443; x_wconf 91' lang='lat' dir='ltr'><strong>domino</strong></span> <span class='ocrx_word' id='word_1_760' title='bbox 1254 2422 1284 2443; x_wconf 87' lang='lat' dir='ltr'><strong>se</strong></span> <span class='ocrx_word' id='word_1_761' title='bbox 1309 2414 1418 2449; x_wconf 89' lang='lat' dir='ltr'><strong>subjici,</strong></span> <span class='ocrx_word' id='word_1_762' title='bbox 1446 2418 1474 2442; x_wconf 90' lang='lat' dir='ltr'><strong>et</strong></span> <span class='ocrx_word' id='word_1_763' title='bbox 1498 2414 1601 2442; x_wconf 82' lang='lat' dir='ltr'><strong>servire</strong></span> <span class='ocrx_word' id='word_1_764' title='bbox 1620 2414 1656 2447; x_wconf 85' lang='lat' dir='ltr'><strong>ei,</strong></span> <span class='ocrx_word' id='word_1_765' title='bbox 1681 2422 1763 2450; x_wconf 85' lang='lat' dir='ltr'><strong>quem</strong></span> 
     </span>
    </p>
   </div>
   <div class='ocr_carea' id='block_1_103' title="bbox 979 2459 1763 2495">
    <p class='ocr_par' dir='ltr' id='par_1_103' title="bbox 979 2459 1763 2495">
     <span class='ocr_line' id='line_1_103' title="bbox 979 2459 1763 2495; baseline 0.001 -8"><span class='ocrx_word' id='word_1_766' title='bbox 979 2467 1090 2487; x_wconf 87' lang='lat' dir='ltr'><strong>servum</strong></span> <span class='ocrx_word' id='word_1_767' title='bbox 1118 2460 1223 2495; x_wconf 82' lang='lat' dir='ltr'><strong>peccati</strong></span> <span class='ocrx_word' id='word_1_768' title='bbox 1249 2467 1310 2488; x_wconf 88' lang='lat' dir='ltr'><strong>esse</strong></span> <span class='ocrx_word' id='word_1_769' title='bbox 1339 2459 1454 2494; x_wconf 82' lang='lat' dir='ltr'><strong>videret,</strong></span> <span class='ocrx_word' id='word_1_770' title='bbox 1472 2461 1520 2488; x_wconf 88' lang='lat' dir='ltr'><strong>sed</strong></span> <span class='ocrx_word' id='word_1_771' title='bbox 1543 2459 1658 2488; x_wconf 86' lang='lat' dir='ltr'><strong>Creator</strong></span> <span class='ocrx_word' id='word_1_772' title='bbox 1681 2461 1763 2495; x_wconf 86' lang='lat' dir='ltr'><strong>jussit</strong></span> 
     </span>
    </p>
   </div>
   <div class='ocr_carea' id='block_1_104' title="bbox 979 2504 1762 2541">
    <p class='ocr_par' dir='ltr' id='par_1_104' title="bbox 979 2504 1762 2541">
     <span class='ocr_line' id='line_1_104' title="bbox 979 2504 1762 2541; baseline 0.003 -10"><span class='ocrx_word' id='word_1_773' title='bbox 979 2508 1209 2541; x_wconf 84' lang='lat' dir='ltr'><strong>transgressorem</strong></span> <span class='ocrx_word' id='word_1_774' title='bbox 1231 2512 1285 2532; x_wconf 92' lang='lat' dir='ltr'><strong>non</strong></span> <span class='ocrx_word' id='word_1_775' title='bbox 1307 2504 1454 2540; x_wconf 78' lang='lat' dir='ltr'><strong>abnegare,</strong></span> <span class='ocrx_word' id='word_1_776' title='bbox 1470 2505 1517 2533; x_wconf 78' lang='lat' dir='ltr'><strong>sed</strong></span> <span class='ocrx_word' id='word_1_777' title='bbox 1528 2506 1670 2533; x_wconf 86' lang='lat' dir='ltr'><strong>ostendere</strong></span> <span class='ocrx_word' id='word_1_778' title='bbox 1688 2513 1762 2533; x_wconf 89' lang='lat' dir='ltr'><strong>com-</strong></span> 
     </span>
    </p>
   </div>
   <div class='ocr_carea' id='block_1_105' title="bbox 978 2550 1762 2586">
    <p class='ocr_par' dir='ltr' id='par_1_105' title="bbox 978 2550 1762 2586">
     <span class='ocr_line' id='line_1_105' title="bbox 978 2550 1762 2586; baseline 0.003 -9"><span class='ocrx_word' id='word_1_779' title='bbox 978 2552 1069 2578; x_wconf 90' lang='lat' dir='ltr'><strong>munis</strong></span> <span class='ocrx_word' id='word_1_780' title='bbox 1098 2550 1205 2578; x_wconf 89' lang='lat' dir='ltr'><strong>Domini</strong></span> <span class='ocrx_word' id='word_1_781' title='bbox 1224 2551 1386 2578; x_wconf 86' lang='lat' dir='ltr'><strong>immensam</strong></span> <span class='ocrx_word' id='word_1_782' title='bbox 1412 2551 1537 2586; x_wconf 80' lang='lat' dir='ltr'><strong>gratiam,</strong></span> <span class='ocrx_word' id='word_1_783' title='bbox 1554 2556 1581 2579; x_wconf 88' lang='lat' dir='ltr'><strong>et</strong></span> <span class='ocrx_word' id='word_1_784' title='bbox 1595 2552 1704 2580; x_wconf 79' lang='lat' dir='ltr'><strong>ﬁrmum</strong></span> <span class='ocrx_word' id='word_1_785' title='bbox 1718 2552 1762 2579; x_wconf 84' lang='lat' dir='ltr'><strong>be-</strong></span> 
     </span>
    </p>
   </div>
   <div class='ocr_carea' id='block_1_106' title="bbox 913 2652 1720 2687">
    <p class='ocr_par' dir='ltr' id='par_1_106' title="bbox 913 2652 1720 2687">
     <span class='ocr_line' id='line_1_106' title="bbox 913 2652 1720 2687; baseline -0.004 -5"><span class='ocrx_word' id='word_1_786' title='bbox 913 2654 1027 2682; x_wconf 69' lang='lat' dir='ltr'><strong>IllCor.</strong></span> <span class='ocrx_word' id='word_1_787' title='bbox 1053 2661 1072 2680; x_wconf 87' lang='grc' dir='ltr'>ι.</span> <span class='ocrx_word' id='word_1_788' title='bbox 1095 2653 1140 2682; x_wconf 74' lang='lat'><strong>30.</strong></span> <span class='ocrx_word' id='word_1_789' title='bbox 1179 2653 1275 2682; x_wconf 73' lang='lat' dir='ltr'><strong>YPsal.</strong></span> <span class='ocrx_word' id='word_1_790' title='bbox 1298 2662 1374 2687; x_wconf 76' lang='lat' dir='ltr'><strong>uxr,</strong></span> <span class='ocrx_word' id='word_1_791' title='bbox 1390 2653 1418 2681; x_wconf 87' lang='lat'><strong>7.</strong></span> <span class='ocrx_word' id='word_1_792' title='bbox 1462 2657 1474 2671; x_wconf 74' lang='grc' dir='ltr'><strong><em>ι</em></strong></span> <span class='ocrx_word' id='word_1_793' title='bbox 1498 2653 1578 2681; x_wconf 81' lang='lat' dir='ltr'><strong>Rom.</strong></span> <span class='ocrx_word' id='word_1_794' title='bbox 1601 2661 1661 2686; x_wconf 83' lang='lat' dir='ltr'><strong>vni,</strong></span> <span class='ocrx_word' id='word_1_795' title='bbox 1675 2652 1720 2679; x_wconf 70' lang='lat'><strong>20.</strong></span> 
     </span>
    </p>
   </div>
   <div class='ocr_carea' id='block_1_107' title="bbox 780 2754 1130 2784">
    <p class='ocr_par' dir='ltr' id='par_1_107' title="bbox 780 2754 1130 2784">
     <span class='ocr_line' id='line_1_107' title="bbox 780 2754 1130 2784; baseline 0.009 -4"><span class='ocrx_word' id='word_1_796' title='bbox 780 2754 898 2782; x_wconf 75' lang='lat' dir='ltr'><strong>VARle</strong></span> <span class='ocrx_word' id='word_1_797' title='bbox 925 2754 1130 2784; x_wconf 77' lang='lat' dir='ltr'><strong>LEC&#39;I&#39;IONES.</strong></span> 
     </span>
    </p>
   </div>
   <div class='ocr_carea' id='block_1_108' title="bbox 168 2825 838 2866">
    <p class='ocr_par' dir='ltr' id='par_1_108' title="bbox 168 2825 838 2866">
     <span class='ocr_line' id='line_1_108' title="bbox 168 2825 838 2866; baseline 0.007 -13"><span class='ocrx_word' id='word_1_798' title='bbox 168 2825 242 2866; x_wconf 70' lang='grc' dir='ltr'><strong>⁶¹ὂ⁴ξι</strong></span> <span class='ocrx_word' id='word_1_799' title='bbox 256 2828 314 2866; x_wconf 43' lang='lat' dir='ltr'><strong>Ah:</strong></span> <span class='ocrx_word' id='word_1_800' title='bbox 332 2828 365 2866; x_wconf 81' lang='grc' dir='ltr'><strong>ἐκ</strong></span> <span class='ocrx_word' id='word_1_801' title='bbox 378 2827 425 2866; x_wconf 67' lang='grc' dir='ltr'>τοῦ</span> <span class='ocrx_word' id='word_1_802' title='bbox 439 2829 481 2855; x_wconf 81' lang='grc' dir='ltr'>ὃτι</span> <span class='ocrx_word' id='word_1_803' title='bbox 493 2838 523 2862; x_wconf 85' lang='grc' dir='ltr'>ς.</span> <span class='ocrx_word' id='word_1_804' title='bbox 577 2831 598 2846; x_wconf 83' lang='grc'><strong>⁶¹</strong></span> <span class='ocrx_word' id='word_1_805' title='bbox 616 2831 662 2857; x_wconf 72' lang='grc' dir='ltr'>καὶ</span> <span class='ocrx_word' id='word_1_806' title='bbox 684 2830 838 2866; x_wconf 83' lang='grc' dir='ltr'>βασιλεύσει</span> 
     </span>
    </p>
   </div>
   <div class='ocr_carea' id='block_1_109' title="bbox 130 2896 229 2936">
    <p class='ocr_par' dir='ltr' id='par_1_109' title="bbox 130 2896 229 2936">
     <span class='ocr_line' id='line_1_109' title="bbox 130 2896 229 2936; baseline 0.02 -14"><span class='ocrx_word' id='word_1_807' title='bbox 130 2902 173 2930; x_wconf 84' lang='lat' dir='ltr'><strong>pr.</strong></span> <span class='ocrx_word' id='word_1_808' title='bbox 188 2896 229 2936; x_wconf 77' lang='grc' dir='ltr'><strong>Δ.⁸</strong></span> 
     </span>
    </p>
   </div>
   <div class='ocr_carea' id='block_1_110' title="bbox 131 2832 1038 2902">
    <p class='ocr_par' dir='ltr' id='par_1_110' title="bbox 131 2832 1038 2902">
     <span class='ocr_line' id='line_1_110' title="bbox 168 2832 1038 2867; baseline 0.007 -14"><span class='ocrx_word' id='word_1_809' title='bbox 168 2832 242 2852; x_wconf 69' lang='lat' dir='ltr'><strong>&quot;ou</strong></span> <span class='ocrx_word' id='word_1_810' title='bbox 256 2832 279 2855; x_wconf 76' lang='grc' dir='ltr'>Λ</span> <span class='ocrx_word' id='word_1_811' title='bbox 306 2836 314 2855; x_wconf 90' lang='lat'>:</span> <span class='ocrx_word' id='word_1_812' title='bbox 332 2832 365 2855; x_wconf 87' lang='grc' dir='ltr'><strong>ἐκ</strong></span> <span class='ocrx_word' id='word_1_813' title='bbox 378 2832 425 2855; x_wconf 83' lang='grc' dir='ltr'><strong>του</strong></span> <span class='ocrx_word' id='word_1_814' title='bbox 439 2832 481 2855; x_wconf 78' lang='grc' dir='ltr'>ὅτι</span> <span class='ocrx_word' id='word_1_815' title='bbox 493 2838 523 2862; x_wconf 85' lang='grc' dir='ltr'>ς.</span> <span class='ocrx_word' id='word_1_816' title='bbox 577 2832 598 2846; x_wconf 82' lang='grc'><strong>⁶¹</strong></span> <span class='ocrx_word' id='word_1_817' title='bbox 616 2832 662 2857; x_wconf 72' lang='grc' dir='ltr'>καὶ</span> <span class='ocrx_word' id='word_1_818' title='bbox 684 2832 838 2866; x_wconf 83' lang='grc' dir='ltr'>βασιλεύσει</span> <span class='ocrx_word' id='word_1_819' title='bbox 859 2832 986 2867; x_wconf 81' lang='grc' dir='ltr'>βασιλεὺς</span> <span class='ocrx_word' id='word_1_820' title='bbox 1005 2834 1038 2860; x_wconf 84' lang='grc' dir='ltr'><strong>Δ.</strong></span> 
     </span>
     <span class='ocr_line' id='line_1_111' title="bbox 131 2862 993 2902; baseline 0.01 -16"><span class='ocrx_word' id='word_1_821' title='bbox 131 2862 245 2902; x_wconf 43' lang='lat' dir='ltr'><strong>nnL‘A.</strong></span> <span class='ocrx_word' id='word_1_822' title='bbox 283 2863 305 2880; x_wconf 81' lang='lat'><strong>&quot;</strong></span> <span class='ocrx_word' id='word_1_823' title='bbox 318 2864 369 2900; x_wconf 80' lang='grc' dir='ltr'>τὴν</span> <span class='ocrx_word' id='word_1_824' title='bbox 383 2863 435 2899; x_wconf 82' lang='grc' dir='ltr'><strong>γῆν</strong></span> <span class='ocrx_word' id='word_1_825' title='bbox 446 2865 510 2897; x_wconf 79' lang='grc' dir='ltr'>τοὺς</span> <span class='ocrx_word' id='word_1_826' title='bbox 521 2866 644 2901; x_wconf 83' lang='grc' dir='ltr'>καρπούς</span> <span class='ocrx_word' id='word_1_827' title='bbox 665 2867 728 2895; x_wconf 79' lang='lat' dir='ltr'><strong>add.</strong></span> <span class='ocrx_word' id='word_1_828' title='bbox 743 2867 776 2895; x_wconf 83' lang='lat' dir='ltr'><strong>A.</strong></span> <span class='ocrx_word' id='word_1_829' title='bbox 795 2868 844 2902; x_wconf 87' lang='grc' dir='ltr'>τὴν</span> <span class='ocrx_word' id='word_1_830' title='bbox 856 2868 882 2895; x_wconf 84' lang='grc' dir='ltr'>δὲ</span> <span class='ocrx_word' id='word_1_831' title='bbox 890 2868 949 2896; x_wconf 78' lang='grc' dir='ltr'>θάλ”</span> <span class='ocrx_word' id='word_1_832' title='bbox 964 2877 993 2900; x_wconf 78' lang='grc' dir='ltr'>ς.</span> 
     </span>
    </p>
   </div>
   <div class='ocr_carea' id='block_1_111' title="bbox 1534 2838 1761 2866">
    <p class='ocr_par' dir='ltr' id='par_1_111' title="bbox 1534 2838 1761 2866">
     <span class='ocr_line' id='line_1_112' title="bbox 1534 2838 1761 2866; baseline 0.004 -1"><span class='ocrx_word' id='word_1_833' title='bbox 1534 2838 1558 2854; x_wconf 74' lang='grc'><strong>⁸⁸</strong></span> <span class='ocrx_word' id='word_1_834' title='bbox 1573 2839 1620 2865; x_wconf 79' lang='grc' dir='ltr'>καὶ</span> <span class='ocrx_word' id='word_1_835' title='bbox 1640 2839 1761 2866; x_wconf 83' lang='grc' dir='ltr'>θάλασσα</span> 
     </span>
    </p>
   </div>
   <div class='ocr_carea' id='block_1_112' title="bbox 1087 2833 1747 2910">
    <p class='ocr_par' dir='ltr' id='par_1_112' title="bbox 1087 2833 1747 2910">
     <span class='ocr_line' id='line_1_113' title="bbox 1087 2833 1747 2873; baseline 0.008 -13"><span class='ocrx_word' id='word_1_836' title='bbox 1087 2833 1110 2849; x_wconf 83' lang='grc'>⁸³</span> <span class='ocrx_word' id='word_1_837' title='bbox 1123 2834 1169 2861; x_wconf 83' lang='grc' dir='ltr'>καὶ</span> <span class='ocrx_word' id='word_1_838' title='bbox 1181 2840 1245 2864; x_wconf 83' lang='lat' dir='ltr'><strong>ante</strong></span> <span class='ocrx_word' id='word_1_839' title='bbox 1259 2836 1347 2873; x_wconf 81' lang='grc' dir='ltr'>ἄστρα</span> <span class='ocrx_word' id='word_1_840' title='bbox 1367 2837 1430 2866; x_wconf 84' lang='lat' dir='ltr'><strong>add.</strong></span> <span class='ocrx_word' id='word_1_841' title='bbox 1445 2838 1479 2865; x_wconf 83' lang='lat' dir='ltr'><strong>A.</strong></span> <span class='ocrx_word' id='word_1_842' title='bbox 1534 2838 1558 2854; x_wconf 80' lang='lat'>“</span> <span class='ocrx_word' id='word_1_843' title='bbox 1573 2839 1620 2865; x_wconf 79' lang='grc' dir='ltr'>καὶ</span> <span class='ocrx_word' id='word_1_844' title='bbox 1640 2839 1747 2866; x_wconf 79' lang='grc' dir='ltr'>θάλασσι</span> 
     </span>
     <span class='ocr_line' id='line_1_114' title="bbox 1087 2869 1747 2910; baseline 0.009 -14"><span class='ocrx_word' id='word_1_845' title='bbox 1087 2869 1161 2904; x_wconf 83' lang='grc' dir='ltr'>ἰχθῦς</span> <span class='ocrx_word' id='word_1_846' title='bbox 1174 2878 1204 2902; x_wconf 71' lang='grc' dir='ltr'><strong>ς,</strong></span> <span class='ocrx_word' id='word_1_847' title='bbox 1255 2873 1275 2888; x_wconf 68' lang='grc'><strong>⁵⁷</strong></span> <span class='ocrx_word' id='word_1_848' title='bbox 1285 2873 1436 2908; x_wconf 74' lang='grc' dir='ltr'>ἐμπορείας</span> <span class='ocrx_word' id='word_1_849' title='bbox 1446 2874 1478 2900; x_wconf 79' lang='grc' dir='ltr'><strong>Α.</strong></span> <span class='ocrx_word' id='word_1_850' title='bbox 1528 2873 1551 2890; x_wconf 77' lang='grc'><strong>⁸⁸</strong></span> <span class='ocrx_word' id='word_1_851' title='bbox 1564 2874 1686 2910; x_wconf 73' lang='grc' dir='ltr'>ὑπετάγη</span> <span class='ocrx_word' id='word_1_852' title='bbox 1703 2882 1747 2902; x_wconf 91' lang='lat' dir='ltr'><strong>om</strong></span> 
     </span>
    </p>
   </div>
   <div class='ocr_carea' id='block_1_113' title="bbox 1046 2868 1478 2908">
    <p class='ocr_par' dir='ltr' id='par_1_113' title="bbox 1046 2868 1478 2908">
     <span class='ocr_line' id='line_1_115' title="bbox 1046 2868 1478 2908; baseline 0.014 -14"><span class='ocrx_word' id='word_1_853' title='bbox 1046 2868 1068 2885; x_wconf 78' lang='lat'><strong>&quot;‘</strong></span> <span class='ocrx_word' id='word_1_854' title='bbox 1085 2869 1161 2904; x_wconf 81' lang='grc' dir='ltr'>ἰχθῦς</span> <span class='ocrx_word' id='word_1_855' title='bbox 1174 2878 1204 2902; x_wconf 70' lang='grc' dir='ltr'>ς.</span> <span class='ocrx_word' id='word_1_856' title='bbox 1255 2873 1275 2888; x_wconf 76' lang='grc'><strong>⁶⁷</strong></span> <span class='ocrx_word' id='word_1_857' title='bbox 1285 2868 1436 2908; x_wconf 69' lang='grc' dir='ltr'>ἐμπορείας</span> <span class='ocrx_word' id='word_1_858' title='bbox 1446 2874 1478 2900; x_wconf 79' lang='grc' dir='ltr'><strong>Α.</strong></span> 
     </span>
    </p>
   </div>
  </div>
