1959 3081
142 223 197 256 265

638 226 902 258 BIBLIOTHECA.
922 241 956 247 —
972 227 1058 258 σοι).
1089 229 1276 261 CCLXXVII.

1715 237 1770 271 266

140 282 227 317 αὔρας
237 281 288 317 τὴν
300 282 452 318 καυστικὴν
465 282 581 318 δύναμιν
593 285 712 319 ἀμεῖψαν
731 286 862 322 ἀνέψυχε.
881 286 922 313 Διέ

977 286 1011 314 li.
1031 285 1328 316 Naliucliodonosorem
1344 296 1398 317 non
1412 290 1467 325 jam
1479 291 1512 318 a-l
1530 291 1611 320 idolis
1626 293 1770 323 immolan-

141 329 188 356 καὶ
202 328 320 359 πολλοὺς
343 329 394 363 τῆς
411 329 555 365 είδωλικῆς
584 333 805 367 μεταστήσαντες
823 334 927 368 πλάνης

141 373 277 400 θεοσεῦετν
303 372 369 409 [8Ᾱ5
386 373 431 410 IL]
458 376 669 410 παρεσκεύασαν
681 377 714 404 ⁷⁷.
748 379 778 405 Ὀ
804 376 851 406 οὖν
878 380 928 414 τῆς

140 418 227 453 ἀρχῆς
258 418 313 444 τῶν
340 419 454 454 Περσῶν
489 421 649 455 ἐφεστηκὼς
681 422 796 456 ἄγγελος
820 423 928 458 ἔχαιρεν

139 463 210 500 ὀρῶν
227 465 256 490 ὲν
270 465 327 496 τοῖς
344 464 427 491 αὐτοῦ
449 466 544 500 μέρεσι
563 467 609 493 τὸν
624 467 689 494 Θεὸν
707 468 767 495 ἀντὶ
782 469 836 495 τῶν
853 469 928 496 εἰδώ-

138 509 192 536 λων
206 510 417 545 λατρευόμενον.
433 511 455 537 Τ
457 511 486 538 ὺν
512 512 748 550 Ναόουχοδονόσορ
766 514 850 550 ἑώρα,
866 515 928 542 ἀντὶ

138 556 187 582 τοῦ
203 557 424 590 καταναγκάζειν
440 557 514 584 θύειν
528 559 648 591 εἰδώλοις
662 560 709 587 καὶ
723 562 851 597 ἐσχάταις
864 562 927 594 τοὺς

140 603 177 637 μὴ
205 603 384 637 πειθομένους
412 604 576 632 ὑποῦάλλειν
598 607 754 641 τιμωρίαις,
792 608 927 645 λαμπρῶς

138 648 317 683 θεολογοῦντα
339 651 386 676 καὶ
408 650 522 685 λέγοντα
532 652 554 668 ⁷⁸
567 661 575 668 ·
589 653 711 688 Σιδρὰχ,
727 656 829 690 Μισὰκ
840 656 863 672 ⁷⁸
875 656 926 683 καὶ

143 694 308 730 Ἀΰδεναγὼ
321 697 348 723 οί
367 696 472 724 δοῦλοι
486 698 539 724 τοῦ
550 699 625 726 Θεοῦ
647 700 700 727 τοῦ
717 700 865 735 Ὑψίστου
879 702 926 730 καὶ¹

137 742 223 768 πολλὰ
236 743 359 770 τοιαῦτα.
381 744 457 770 Ἐπεὶ
471 742 518 771 οὖν
536 746 550 772 ὁ
566 746 702 782 μακάριος
725 748 824 784 Δανιὴλ
840 749 925 776 ἐδεῖτο

136 788 183 815 τοῦ
198 788 278 821 Θεοῦ,
296 789 496 825 πληρωθέντων
509 792 563 818 τῶν
578 793 765 829 ἐϐδομήκοντα
786 795 855 822 ἑτῶν
871 796 925 824 τῶν

136 835 183 862 ἐπὶ
199 837 232 871 τῇ
253 836 426 873 αἰχμαλωσίᾳ
446 837 637 874 διορισθέντων
649 841 683 872 '°,
713 842 861 876 ἀναγαγεῖν
875 843 925 878 τῆς

136 881 326 916 αἰχμαλωσίας
350 882 397 908 τὸν
432 883 550 918 Ἰσραὴλ.
583 885 721 922 ἀπεστάλη
747 887 776 914 δὲ
803 888 924 925 Γαϐριὴλ

137 926 257 961 μηνῦσαι
273 927 347 962 αὐτῷ
357 928 406 964 τὴν
413 929 572 966 ἀνάρρυσιν,
581 931 739 959 ἀνθίσταται
755 933 792 969 τῷ
803 934 924 970 Γαϐριὴλ

134 972 149 997 ὁ
164 972 214 1006 τῆς
237 973 376 1009 Περσικῆς
392 975 479 1010 ἀρχῆς
506 977 667 1012 ἐπιστάτης,
685 967 867 1015 λυπούμενος
880 967 922 1008 ὅτι
940 967 960 995 Β

135 1017 217 1044 πάλιν
230 1018 247 1053 ἡ
262 1018 298 1053 γῆ
310 1016 344 1055 ἧς
359 1020 513 1054 ἐπεστάτει,
527 1022 582 1049 τῶν
599 1023 768 1052 διδασκάλων
782 1026 831 1061 τῆς
844 1026 922 1053 εὐσε-

136 1063 214 1096 ϐείας
239 1064 344 1092 ἐκεῖθεν
370 1066 619 1102 ἀνακομισθέντων,
642 1069 682 1100 είς
713 1070 764 1104 τὴν
785 1072 923 1108 προτέραν

134 1111 337 1146 ὲπαναστρέψει
353 1113 480 1140 ὰσέὸειαν
504 1114 552 1141 καὶ
568 1115 683 1152 πλάνην.
708 1117 864 1145 Ἀνθίατατο
894 1119 923 1145 δὲ

132 1157 163 1184 οὐ
180 1157 332 1193 μαχόμενος
345 1159 413 1186 ἀλλὰ
433 1160 698 1197 δικαιολογούμενος,
717 1172 726 1189 ι
745 1162 793 1196 Τις
806 1166 822 1199 ἡ
838 1174 922 1193 σπου-

132 1203 165 1237 δὴ
180 1212 189 1228 ι
204 1203 291 1238 λέγων
310 1214 319 1230 ι
336 1205 388 1239 τῆς
407 1205 519 1239 ἀνόδους
533 1207 584 1242 τὴν
598 1209 702 1235 οἰκείαν
719 1210 803 1236 οἰκῶν
821 1212 921 1247 πατρί-

132 1247 165 1274 δα
179 1249 193 1275 ὁ
213 1247 322 1286 Ἰσραὴλ
345 1251 392 1278 καὶ
413 1253 541 1280 εὐπαθῶν
559 1255 599 1286 είς
617 1255 841 1293 εἰδωλολατρείαν
857 1259 922 1285 πολ-

133 1295 213 1328 λάκις
229 1296 358 1329 ὲξὼλισθε
372 1307 378 1313 ·
396 1299 443 1326 νῦν
457 1300 486 1326 δὲ
495 1300 625 1337 καθαρῶς
641 1303 759 1336 εὐσεϐεῖ,
777 1305 828 1339 τὴν
843 1304 922 1332 ἁλλο-

132 1342 212 1377 τρίαν
228 1344 380 1379 παροικῶν,
401 1346 448 1372 καὶ
477 1347 527 1374 οὐκ
557 1348 665 1375 εὐσεϐεῖ
679 1349 770 1384 μόνον,
791 1351 860 1377 ἀλλὰ
875 1352 922 1378 κα)¹

134 1388 285 1424 ὑπεραθλεί
298 1392 348 1426 τῆς
369 1392 519 1426 εὐσεϐείας,
538 1394 653 1426 πολλοὺς
675 1395 729 1422 τῶν
743 1396 921 1432 πεπλανημέ-

133 1443 186 1461 νων
199 1436 269 1470 πρὸς
284 1437 330 1463 τὸν
356 1437 483 1474 ἀληθινὸν
511 1441 738 1476 ἐιιτιστρέςρουσιίι
763 1442 839 1471 Θεόν.
857 1444 922 1471 Ὅτε

132 1481 180 1508 οὖν
196 1483 244 1509 καὶ
258 1485 315 1515 τοῖς
325 1483 374 1520 τὴν
388 1485 468 1521 χάριν
483 1486 640 1522 δεχομένοις
661 1488 737 1516 οὐδὲν
749 1489 820 1516 κατὰ
832 1490 921 1526 ψυχὴν

133 1527 355 1566 λυσιτελέστερον
383 1531 572 1566 ἐπακολουθεῖ,
591 1534 639 1560 καὶ
655 1535 718 1567 τοὺς
744 1535 868 1563 εὐσεϐεῖν
888 1537 921 1564 δι’

132 1575 234 1606 αὐτοὺς
248 1576 419 1611 ἀρξαμένους
445 1578 475 1604 τὸ
512 1578 625 1614 ἔσχατον
642 1581 727 1607 κακὸν
745 1582 762 1618 ἠ
777 1582 921 1610 δυσσέόεια

133 1621 216 1649 πάλιν
234 1623 407 1659 ὑποχειρίους
422 1627 504 1657 ποιεῖ,
531 1627 614 1654 πόσον
632 1625 666 1663 ἦν
688 1629 800 1664 ἄμεινον
816 1631 922 1658 καὶτὸν
936 1639 957 1668 c

138 1668 249 1705 Ἰσραὴλ
262 1670 330 1702 τέως
343 1671 392 1706 τῆς
406 1672 596 1707 αἰχμαλωσίας
612 1675 650 1710 μὴ
666 1675 816 1711 ἀναγαγεῖν
824 1677 857 1710 ⁸⁸,
875 1680 922 1705 καὶ

132 1714 197 1747 τοὺς
212 1715 276 1751 ἄρτι
292 1716 361 1752 πρὸς
375 1717 406 1743 τὸ
426 1717 484 1753 φῶς
507 1719 711 1755 ἀναϐλέψαντας
729 1722 779 1756 τῆς
805 1723 923 1757 θεογνω-

133 1761 196 1793 σίας
214 1762 244 1787 ὲν
269 1763 302 1798 τῇ
319 1764 388 1799 αὐτῇ
414 1765 557 1800 συντηρεῖν
587 1767 730 1802 εὐσεὸείᾳ;
753 1768 920 1804 ἀπεστάλην,

133 1807 199 1842 φῂς,
214 1806 260 1834 τὸν
275 1807 338 1834 λαὸν
351 1809 578 1846 ἀποκαταστῆσαι
593 1813 625 1848 τῇ
647 1813 768 1849 πατρίδι.
787 1815 855 1851 Ποία
870 1825 923 1843 πα-

131 1851 222 1887 τρίδι;
248 1853 281 1888 ῆν
304 1853 442 1887 οἰκοῦντες
465 1855 587 1890 ἐμίαινον
614 1857 739 1890 κνίσσαις
752 1859 785 1892 ⁸³,
812 1860 922 1895 δαίμοσι

132 1897 252 1930 θύοντες,
269 1900 317 1925 καὶ
342 1899 561 1935 εἰδωλομανίαις.
593 1902 631 1929 Οὐ
663 1903 749 1930 ταῦτα
776 1907 924 1940 κατηγορεῖ

131 1943 219 1975 λέγων
235 1944 373 1980 Ἱερεμίας
384 1954 391 1961 ·
410 1947 492 1974 Κατὰ
513 1947 638 1982 ἀριθμὸν
658 1948 718 1975 τῶν
733 1950 851 1977 πόλεών
863 1959 922 1978 σου

131 1986 214 2023 ἦσαν
226 1991 253 2016 οί
265 1991 327 2017 θεοί
354 1999 422 2025 σου,
455 1993 570 2020 Ἰούδα·
588 1994 638 2021 καὶ
663 1996 739 2022 κατὰ
755 1996 791 2022 τὰ
804 1997 923 2031 ᾶμφοδα

136 2035 342 2072 Ἰερουσαλὴμ
362 2038 449 2071 ἔθυες
467 2038 507 2071 τῷ
519 2039 621 2073 Βάαλ;
646 2041 754 2076 μυρίοις
771 2042 831 2068 τότε
847 2043 922 2076 παρὰ

132 2080 196 2107 θεοῦ
215 2082 427 2117 περιεκλύζοντο
453 2085 576 2118 ἀγαθοῖς,
605 2086 652 2113 καὶ
682 2088 731 2121 τῆς
758 2089 858 2120 κακίας
875 2089 922 2116 καὶ

131 2127 261 2159 ἀσεϐείας
292 2129 342 2155 οὐκ
372 2129 529 2165 ἀνεχώρουν
546 2140 552 2147 ·
584 2133 669 2167 μυρία
687 2133 734 2159 νῦν
756 2134 922 2169 ὑπομένουσι

131 2174 217 2207 κακὰ,
232 2174 280 2200 καὶ
308 2175 356 2201 τοῦ
381 2176 450 2203 Θεοῦ
477 2177 527 2204 οὐκ
553 2178 725 2212 ἀφίστανται.
743 2181 776 2207 Τί
796 2182 856 2207 ποτ’
875 2180 921 2209 οὖν

131 2219 210 2246 ἔσται
225 2220 256 2245 τὸ
268 2220 319 2255 τῆς
331 2221 460 2248 ἐπανόδου
480 2223 573 2258 κέρδος
585 2233 592 2257 ;
609 2221 643 2259 ἦν
652 2225 743 2251 τοίνυν
757 2226 774 2260 ἡ
795 2226 921 2253 ἀντίστα-

132 2274 175 2297 σις
189 2266 218 2292 οὐ
237 2267 323 2292 κακοῦ
348 2268 415 2303 πρὸς
443 2268 558 2301 ἀγαθόν·
578 2270 608 2296 οὐ
632 2272 686 2306 γὰρ
702 2269 778 2298 εἶπεν
793 2273 920 2308 ἐμάχετο,

981 332 1048 359 dum
1063 340 1170 368 cogere,
1190 341 1276 369 neque
1290 334 1394 363 ultimis
1411 337 1553 371 suppliciis
1572 345 1627 366 non
1641 344 1769 373 parentes

980 377 1116 411 subjicere
1138 379 1220 407 vidit:
1244 380 1389 408 sed-clare
1421 382 1504 409 Deum
1526 383 1717 417 praedicantem
1741 389 1771 413 et

979 421 1114 450 dicentem
1130 433 1137 451 :
1155 424 1282 458 Sidraclt,
1295 425 1409 459 Misach,
1424 433 1450 454 et
1467 428 1609 463 Abdenago
1625 431 1692 456 servi
1706 436 1769 458 sunt

982 469 1030 496 Dei
1046 471 1168 498 altissimi
1184 477 1207 503 ε,
1233 473 1352 508 taliaque
1367 475 1464 501 multa.
1489 474 1558 502 Cum
1575 475 1658 510 igitur
1673 476 1770 504 beatus

980 513 1075 542 Daniel
1092 520 1195 550 peteret
1210 524 1225 543 a
1250 517 1314 550 Deo,
1345 518 1465 553 impletis
1494 520 1666 556 septuaginta
1689 522 1769 549 annis

978 560 1130 596 captivitati
1148 563 1325 597 praescriptis.
1349 568 1380 591 ut
1398 571 1414 592 e
1428 565 1585 600 captivitate
1606 567 1687 594 Israel
1700 567 1768 595 edu-

978 610 1091 636 ceretur
1103 626 1111 639 ,
1125 607 1227 635 missus
1247 612 1289 635 est
1302 608 1423 641 Gabriel,
1440 610 1487 645 qui
1507 611 1611 638 Danieli
1627 612 1769 640 liberatio-

978 661 1040 681 nem
1064 653 1252 688 signiﬁcaret.
1269 655 1370 683 restitit
1397 655 1515 684 Gabrieli
1542 658 1638 686 dolens
1652 659 1767 694 angelus

977 699 1135 731 Persarum,
1149 700 1214 735 quia
1228 701 1328 728 iterum
1350 707 1422 730 terra
1438 703 1481 730 cui
1498 709 1622 738 praeerat,
1648 704 1768 733 doctori-

976 746 1029 773 bus
1044 746 1154 781 pietatis
1171 747 1234 775 hinc
1250 747 1360 782 ablatis,
1382 749 1414 777 ad
1431 750 1574 784 pristinam
1599 751 1769 787 impietatem

976 796 1003 819 et
1018 799 1139 820 errorem
1160 800 1306 821 reversura
1318 798 1403 822 esset.
1418 795 1531 823 Restitit
1549 797 1634 832 igitur
1650 805 1703 825 non
1718 805 1768 833 pu«

976 837 1096 872 gnando,
1126 839 1173 866 sed
1189 838 1263 873 justa
1287 839 1504 874 dicendo.’,Qu&1
1530 843 1643 876 reditus,
1667 843 1766 878 inquit,

975 883 1136 911 festinatio?
1153 885 1289 919 propriam
1303 886 1430 914 habitans
1444 888 1559 922 patriam
1574 887 1668 922 Israel,
1684 890 1766 918 rebus

975 930 1102 957 secundis
1119 929 1228 965 518b,
1244 931 1345 966 saepius
1363 932 1397 959 ad
1414 932 1595 961 idololatriam
1617 942 1766 964 conversus

973 981 1034 1003 est:
1050 984 1123 1004 nunc
1137 984 1200 1004 vero
1213 978 1257 1012 pie
1273 978 1355 1011 vivit,
1374 979 1513 1015 regionem
1528 981 1644 1008 alienam
1654 982 1764 1009 inhabi-

974 1025 1046 1054 tans,
1063 1027 1089 1049 et
1104 1030 1157 1049 non
1176 1023 1258 1050 modo
1271 1024 1314 1058 pie
1328 1024 1406 1056 vivit,
1429 1025 1475 1052 sed
1492 1026 1573 1053 etiam
1589 1034 1639 1060 pro
1664 1027 1766 1062 pietate

974 1071 1088 1101 pugnat,
1106 1069 1265 1103 multosque
1279 1073 1404 1097 errantes
1421 1070 1455 1097 ad
1472 1077 1566 1098 verum
1589 1071 1675 1099 Deum
1696 1079 1765 1099 con-

975 1114 1066 1140 vertit.
1093 1113 1208 1147 Quando
1237 1115 1319 1150 igitur
1346 1120 1373 1143 et
1400 1116 1516 1152 gratiam
1550 1119 1765 1154 suscipientibus

974 1159 1043 1186 nihil
1070 1161 1222 1188 secundum
1249 1161 1368 1189 animam
1393 1168 1435 1190 est
1465 1163 1560 1192 utilius
1583 1165 1716 1199 futurum,
1736 1172 1765 1194 et

973 1207 1019 1242 qui
1042 1207 1170 1242 pietatem
1187 1215 1236 1243 per
1260 1209 1321 1237 illos
1344 1210 1434 1238 colere
1449 1211 1628 1246 incoeperant,
1642 1213 1670 1240 in
1688 1220 1764 1241 sum-

974 1261 1048 1280 mum
1068 1254 1180 1286 malum,
1195 1255 1285 1290 qualis
1304 1256 1429 1291 impietas
1445 1261 1497 1289 est,
1517 1258 1616 1286 iterum
1637 1264 1702 1287 sunt
1722 1260 1763 1287 la-

974 1300 1070 1335 psuri;
1092 1304 1197 1335 quanto
1217 1300 1314 1329 melius
1334 1303 1386 1330 erit
1410 1303 1491 1330 Israel
1504 1311 1519 1331 e
1533 1305 1689 1340 captivitate
1706 1313 1762 1333 non

973 1347 1114 1379 reducere,
1140 1351 1167 1374 et
1187 1347 1221 1374 ad
1237 1347 1364 1382 pietatem
1385 1356 1523 1382 reversos,
1545 1350 1572 1377 in
1590 1350 1648 1385 ipsa
1662 1351 1764 1386 pietate

973 1391 1158 1418 conservare?
1173 1390 1284 1424 Missus,
1303 1391 1408 1426 inquis,
1428 1400 1488 1420 sum
1503 1393 1538 1421 ad
1563 1394 1762 1423 restituendum

977 1436 1105 1470 populum
1123 1436 1149 1462 in
1165 1436 1281 1469 patriam
1295 1444 1302 1464 :
1315 1436 1341 1464 in
1355 1445 1437 1472 quam
1458 1438 1574 1472 patriam
1591 1439 1602 1465 ?
1622 1447 1704 1475 quam
1721 1441 1763 1468 in-

974 1482 1128 1509 habitantes
1146 1481 1329 1515 ioedaverunt,
1346 1483 1515 1511 daemonibus
1528 1485 1722 1520 sacrificantes,
1735 1493 1764 1516 ct

974 1525 1064 1552 idolis.
1080 1524 1138 1552 Non
1152 1526 1209 1553 hme
1222 1531 1334 1554 accusat
1344 1526 1496 1555 Jeremias:
1510 1527 1659 1557 Secundum
1671 1539 1762 1558 nume-

974 1578 1032 1597 rum
1049 1571 1186 1597 ciuitatum
1210 1577 1317 1598 tuarum
1336 1577 1411 1600 erant
1439 1574 1477 1600 dii
1493 1575 1543 1607 tui,
1564 1574 1648 1608 Iuda,
1663 1581 1688 1604 et
1703 1576 1762 1613 (9.0)

975 1617 1118 1644 secundum
1138 1622 1276 1644 numerum
1287 1618 1388 1645 viarum
1402 1623 1520 1653 tuarum,
1534 1620 1695 1656 Jerusalem,
1714 1633 1763 1659 po-

974 1663 1052 1690 suisti
1067 1671 1130 1690 aras
1144 1663 1308 1697 confusionis
1325 1665 1359 1691 ad
1373 1664 1510 1692 libandum
1525 1666 1593 1694 Baal
1604 1667 1630 1695 ά.
1645 1668 1763 1698 Inﬁnitis

974 1711 1039 1736 tunc
1052 1716 1068 1736 a
1085 1709 1140 1737 Deo
1163 1709 1350 1736 adiciebantur
1370 1709 1460 1744 bonis,
1475 1716 1503 1739 et
1515 1719 1530 1739 a
1546 1713 1650 1741 malitia
1664 1714 1762 1750 impie-

977 1760 1086 1790 tateque
1111 1762 1165 1782 non
1198 1761 1381 1784 recesserunt.
1414 1756 1500 1785 Multa
1530 1766 1604 1787 nunc
1627 1762 1763 1789 sustinent

973 1801 1056 1832 mala,
1072 1805 1099 1828 et
1113 1809 1128 1828 a
1145 1801 1201 1829 Deo
1222 1810 1276 1830 non
1295 1803 1435 1830 recedunt.
1453 1803 1531 1837 Quod
1546 1805 1631 1840 igitur
1657 1807 1762 1836 reditus

974 1848 1024 1874 erit
1040 1847 1281 1874 emolumentum?
1304 1847 1369 1876 Erat
1392 1850 1476 1885 igitur
1492 1851 1582 1886 angeli
1610 1854 1760 1886 contentio.

974 1901 1027 1920 non
1045 1893 1107 1920 mali
1130 1894 1267 1921 adversus
1293 1894 1397 1922 bonum
1420 1895 1487 1930 (non
1508 1898 1581 1924 enim
1600 1898 1669 1926 dixit
1685 1900 1760 1928 Scri-

973 1944 1062 1973 ptura,
1077 1940 1218 1973 pugnavit,
1237 1939 1296 1971 sed,
1316 1941 1423 1968 restitit.
1444 1941 1550 1969 Etenim
1572 1951 1643 1978 saepe
1659 1945 1762 1973 resistit

971 1985 1063 2020 justus
1086 1985 1168 2018 bono,
1193 1990 1223 2012 ut
1248 1993 1320 2020 saepe
1340 1986 1390 2021 legi
1411 1987 1568 2020 clementia,
1598 1994 1625 2017 et
1640 1991 1759 2019 vicissim

972 2031 1125 2059 clementiae
1140 2031 1191 2059 lex.
1208 2031 1262 2059 Lex
1284 2039 1442 2067 peccantem
1466 2036 1592 2071 castigat,
1615 2037 1759 2066 clementia

973 2084 1039 2104 vero
1063 2077 1136 2112 regis
1150 2084 1215 2112 erga
1241 2083 1396 2112 peccantem
1414 2080 1654 2109 commiseratione
1675 2090 1760 2118 saepe-

973 2129 1089 2150 numero
1102 2127 1236 2155 movetur,
1255 2128 1282 2149 et
1296 2130 1312 2149 a
1326 2122 1414 2157 pmnis
1429 2124 1536 2154 liberat.
1552 2125 1601 2153 Hic
1615 2126 1699 2162 igitur
1708 2135 1759 2162 pu-

975 2176 1028 2203 gna
1040 2176 1095 2196 non
1108 2167 1260 2196 adversarii
1272 2173 1369 2197 contra
1383 2170 1582 2204 adversarium,
1595 2172 1642 2199 sed
1650 2174 1761 2208 cognati

972 2219 1068 2242 contra
1084 2218 1341 2250 cognatum,neque
1351 2215 1542 2251 enimjustitia
1558 2222 1635 2245 extra
1651 2218 1759 2246 bonita-

972 2264 1037 2292 tem,
1047 2267 1134 2294 neque
1145 2260 1251 2287 bonitas
1263 2260 1365 2296 absque
1371 2261 1476 2296 justitia
1485 2263 1629 2291 invenitur.
1640 2263 1755 2292 Creatu-

129 2311 190 2338 ἀλλ’
207 2312 363 2339 ἀνθίστατο.
375 2314 430 2340 Καὶ
445 2315 500 2350 γάρ
526 2317 585 2342 ἐστι
610 2317 739 2350 πολλάκις
762 2319 919 2350 ἀντίστασις

975 2325 1001 2344 ra
1011 2317 1118 2353 ,inquit,
1128 2317 1264 2345 utdictnm
1274 2319 1549 2352 est,molesteterentc
1555 2321 1757 2357 etindignantc,

129 2357 238 2384 δικαίου
253 2358 321 2393 πρὸς
339 2359 452 2392 ἀγαθόν,
468 2361 506 2393 ὡς
520 2362 682 2390 ἀνθίσταται
697 2365 830 2398 πολλάκις
845 2367 920 2403 νόμῳ

131 2403 325 2439 φιλανθρωπία
347 2406 395 2432 καὶ
413 2407 605 2444 φιλανθρωπίᾳ
621 2409 712 2445 νόμος.
734 2410 764 2438 '0
781 2412 863 2447 νόμος
874 2414 920 2440 τὸν

131 2448 332 2484 ἁμαρτήσαντα
348 2450 474 2483 κολάζει·
490 2452 681 2490 φιλανθρωπία
696 2456 827 2489 πολλάκις
842 2458 921 2493 βασι-

131 2492 203 2524 λέως
228 2494 275 2519 τὸν
299 2495 499 2540 άμαρτήσαντα
528 2498 598 2525 ἐλεεῖ
628 2500 675 2527 καὶ
689 2501 838 2538 ἐξαρπάζει
870 2505 921 2540 τῆς

130 2537 281 2572 τιμωρίας.
299 2536 363 2565 Ὧδε
380 2539 427 2566 οὖν
440 2541 456 2576 ἡ
469 2543 543 2578 μάχη
558 2543 608 2570 οὐκ
626 2536 746 2573 ἐναντίου
762 2548 829 2583 πρὸς
843 2536 919 2576 ἐνανέ

130 2583 199 2614 τίον,
217 2584 286 2611 ἀλλὰ
300 2586 450 2620 συγγενοῦς
472 2589 540 2623 προς
567 2592 697 2625 συγγενές
711 2600 718 2607 ·
735 2592 797 2620 οὐτε
813 2595 867 2631 γὰρ
890 2596 920 2622 τὸ

131 2629 241 2657 δίκαιον
259 2631 312 2665 ἔξω
327 2633 507 2669 ἁγαθότητος,
520 2636 584 2663 οὐτε
596 2637 626 2664 τὺ
638 2639 740 2672 ἀγαθὸν
754 2640 806 2674 ἔξω
817 2629 921 2669 δικαιο-

975 2365 1047 2399 quod
1060 2365 1147 2391 invita
1159 2367 1354 2400 transgressori
1366 2366 1480 2401 praebuit
1494 2375 1584 2399 usum,
1595 2373 1622 2395 et
1635 2370 1756 2401 servivit,

973 2418 999 2440 et
1010 2413 1112 2448 angelis
1125 2412 1323 2448 dolentibusﬁob
1334 2415 1475 2442 hominum
1488 2416 1721 2451 ingratitudinem,
1732 2423 1760 2446 et

976 2463 1034 2486 toto
1043 2459 1144 2486 mundo
1156 2458 1234 2486 malis
1245 2459 1346 2486 afﬂicto
1357 2465 1466 2495 propter
1479 2461 1688 2490 inobedientiam
1699 2466 1707 2499 (
1718 2463 1760 2490 Vi-

973 2505 1047 2531 derat
1058 2505 1137 2536 cnim,
1145 2504 1243 2540 inquit,
1250 2505 1316 2531 Deus
1325 2510 1423 2532 terram
1435 2515 1489 2534 esse
1500 2513 1649 2543 corruptam
1658 2517 1666 2535 .·
1675 2511 1760 2536 onmis

973 2551 1069 2585 quippe
1083 2559 1146 2577 caro
1161 2557 1313 2586 corruperat
1329 2553 1399 2579 viam
1410 2561 1486 2580 suam
1499 2555 1533 2588 ο),
1546 2564 1598 2583 non
1614 2561 1672 2583 erat
1682 2564 1759 2584 crea-

977 2600 1036 2624 tura
1053 2597 1124 2629 talis,
1138 2597 1246 2632 qualem
1258 2597 1336 2625 initio
1346 2607 1406 2626 eam
1419 2600 1491 2628 Dens
1499 2607 1615 2630 crearat.
1630 2603 1688 2629 Non
1701 2607 1761 2630 erat

977 2643 1062 2670 stellis
1075 2643 1185 2677 escium,
1196 2649 1225 2671 ut
1240 2650 1329 2678 antea,
1344 2646 1487 2681 splendens
1501 2648 1560 2676 sine
1574 2649 1626 2675 ulla
1642 2649 1759 2677 "tacula.

171 2704 183 2717 '-
203 2698 272 2727 Dan.
284 2709 314 2735 ιι,
334 2702 378 2729 49.
417 2702 431 2722 ἀ
443 2702 544 2731 Jerem.
562 2714 591 2738 ιι,
607 2707 641 2733 28
653 2714 679 2736 et
693 2717 732 2741 XI,
748 2710 791 2737 15.
833 2717 844 2730 ο
863 2712 920 2739 Gen

980 2720 1016 2745 vr,
1035 2712 1078 2739 t2.

777 2767 896 2796 VAltlIE
916 2769 1121 2798 LECTIONES.

171 2806 478 2855 ἷζπ-αρεσκεὺασανξέπῖ
494 2810 580 2855 αὐτῆς
588 2812 643 2855 ὁΙς.
676 2813 704 2855 :5
711 2815 758 2855 καὶ
768 2814 885 2855 -λέγοντα
902 2817 1001 2855 om._
1022 2817 1045 2855 ζ’
1059 2815 1163 2855 Σεδρὰχ
1177 2816 1268 2845 θίισὰκ
1283 2818 1434 2853 ’Δϐδεναγὼ
1451 2819 1483 2845 Λ.
1505 2819 1527 2834 ⁸ο
1540 2819 1714 2855 δωρηοέντων
1724 2821 1760 2848 Δ.

136 2841 157 2858 ⁸¹
171 2842 366 2877 ἐπιστρέφουσι
384 2844 479 2878 quidni
495 2841 687 2882 ὲπισῖρέῷωνῖ
723 2850 745 2866 ⁸³
763 2841 876 2884 ἀνάγειν
887 2841 1140 2884 ςίψέῖκνίσάιςῗλξ

888 2896 1006 2924 NOTAE.

173 2937 228 2972 (20‘
242 2937 337 2968 Graece
358 2938 402 2965 hic
431 2944 472 2965 est
486 2947 492 2965 :
510 2939 534 2965 in
551 2939 627 2967 biviis
643 2940 792 2969 Jerusalem
804 2943 977 2978 sacriﬁcabas
990 2943 1068 2971 Baal.

277 2985 415 3014 Parnm.
442 2985 500 3015 Gn.
525 2985 604 3016 ClV.
