1959 3081
206 208 259 240 267

776 207 908 238 ΡΙΙΟΤΙΙ
927 207 1180 238 ΡΛΤΒΙΑΒΕΗᾹΞ
1198 208 1253 238 CP.

1773 208 1827 239 268

204 262 264 290 Non
277 262 359 289 dabat
373 266 456 294 terra,
474 267 503 290 ut
514 262 602 297 prius,
617 261 722 289 fructus
741 269 832 296 puros,
840 270 891 290 nec
906 269 980 290 mare

1044 262 1127 298 σύνης
1155 263 1321 298 εὑρίσκεται.
1354 263 1413 289 Ὃτι
1443 263 1492 297 τῆς
1519 263 1634 294 κτίσεως
1662 262 1765 298 (φησὶν)
1789 263 1826 294 ὡς

204 315 254 335 nec
272 308 361 342 aliqua
375 308 428 334 alia
445 312 580 335 creatura.
597 307 791 334 Prmvaricator
801 308 873 335 enim
892 307 918 334 in
927 315 987 334 eam

204 355 353 388 ingressus,
380 354 575 380 contaminavit
604 361 636 380 ac
660 353 772 380 findavit
793 354 895 386 omnia,
917 353 988 380 blas-

203 401 321 434 phemiis
339 400 395 427 Deo
419 400 526 431 invisis,
544 400 726 434 turpibusque
745 399 843 435 519a
860 400 986 432 vocibus,

202 451 230 472 et
257 446 387 477 caedibus,
412 454 487 472 mare
511 446 605 480 piratis
621 450 649 472 et
665 446 830 478 latronibus,
851 446 941 474 fontes
960 451 988 473 et

202 492 300 519 lluvios
324 493 403 519 idolis
433 499 461 519 et
486 493 611 527 nymphis
640 492 793 526 statuisque
810 492 985 527 complenda,

202 545 298 564 omnes
321 546 365 564 res
390 537 514 565 conditas
540 538 566 564 in
591 538 655 565 deos
679 537 803 565 homines
819 536 984 565 formabant.

202 583 274 610 Nihil
299 588 389 610 autem
415 583 456 610 sic
478 587 631 609 creaturam
649 583 767 610 maculat
794 587 821 610 et
838 583 984 615 adulterat,

201 637 283 664 quam
302 629 325 656 si
350 629 376 655 in
402 629 482 656 deum
501 630 643 656 conllctur.
659 629 720 656 Ideo
743 629 868 656 Salvator
889 629 984 655 mumli

200 675 274 702 venit
290 675 316 701 in
341 675 415 702 illam
438 683 486 710 per
507 683 628 706 carnem,
645 680 671 701 et
685 674 809 702 eamdem
824 675 858 701 ab
872 674 986 701 iniinitis

200 720 254 748 illis
271 720 385 747 maculis
400 720 557 747 mundatam
581 721 731 752 renovavit,
749 725 777 747 et
792 728 808 747 a
823 720 901 754 longe
917 719 986 747 (lilii-

200 765 343 793 cilioribus
364 765 468 792 morbis
482 769 509 792 et
528 765 727 796 affectionibus,
751 773 833 800 quam
853 773 984 800 corporea

200 812 376 846 corruptione
399 812 535 843 liberavit,
564 816 676 839 renovat
709 812 901 846 per,primum
928 812 984 842 ,ad—

200 862 310 886 ventum
337 863 502 888 creaturam,
525 862 554 884 ut
571 857 663 885 discas
687 859 813 885 eumdem
842 865 913 890 esse,
936 857 983 892 qui

199 911 259 931 eam
288 903 316 930 in
339 903 474 937 principio
497 903 610 929 creavit.
629 902 688 929 Non
713 903 785 930 enim
802 903 917 930 alterius
942 907 984 929 est

1042 309 1202 343 προείρηται
1228 307 1414 342 διακειμένης,
1443 308 1490 334 καὶ
1515 307 1723 343 ἀγανακτούσης
1745 308 1788 341 ἐφ’

1041 353 1089 380 καὶ
1107 353 1212 380 ἄκουσα
1228 353 1266 388 τῷ
1291 352 1439 389 παραϐάτῃ
1455 354 1568 388 παρεῖχε
1598 353 1647 388 τὴν
1670 353 1764 388 χρείαν
1779 354 1827 380 καὶ

1041 399 1214 435 ὲξυπηρέτει,
1235 399 1282 425 καὶ
1303 399 1428 433 ἀγγέλων
1456 398 1616 434 ἀχθομένων
1646 400 1693 425 ἐπὶ
1720 401 1753 434 τῇ
1778 399 1825 426 τοῦ

1040 444 1272 478 εὐεργετουμὲνου
1287 443 1480 479 ἀγνωμοσύνῃ.
1501 444 1547 470 καὶ
1569 444 1630 470 ὅλου
1654 444 1825 475 κακωθέντος

1040 488 1087 515 τοῦ
1104 489 1168 524 [846
1185 488 1231 524 IL]
1247 489 1351 523 κόσμου
1367 489 1410 516 διὰ
1426 489 1476 520 τὰς
1497 490 1670 524 παρανομίας
1692 490 1749 524 (καὶ
1771 490 1826 524 γὰρ

1040 534 1119 569 Εἴδε,
1131 536 1224 571 φησιν,
1234 537 1249 562 ὀ
1261 537 1332 568 Θεὸς
1340 535 1397 568 τὴν
1404 535 1470 570 γῆν,
1480 535 1529 562 καὶ
1540 534 1580 570 ἦν
1590 536 1825 570 κατεφθαρμένῃ,

1040 580 1084 607 ὅτι
1103 581 1276 615 κατέφθειρε
1308 580 1392 608 πᾶσα
1414 580 1492 614 σὰρξ
1515 580 1573 614 τὴν
1601 581 1674 607 ὁδὸν
1700 581 1825 620 ειὺτ-ῆς),

1041 627 1121 662 [1548
1136 627 1182 662 3.]
1199 627 1248 653 οὐκ
1262 624 1297 662 ἦν
1312 627 1328 662 ή
1345 627 1432 658 κτίσις
1455 627 1516 654 οἵαν
1534 627 1686 662 ὑπέστησεν
1709 627 1794 662 αὐτὴν
1802 627 1827 642 δ”

1040 674 1054 699 6
1075 673 1140 703 Θεὸς
1158 673 1206 699 ἀπ’
1229 674 1316 708 ἀρχῆς
1327 682 1334 688 ·
1347 673 1398 699 οὐκ
1420 670 1454 708 ἦν
1469 674 1525 704 τοῖς
1546 674 1655 708 ἄστροις
1671 674 1685 699 6
1700 673 1824 709 οὐρανὸς,

1039 719 1077 750 ὡς
1085 719 1115 745 τὸ
1125 719 1201 754 πρὶν,
1220 719 1284 745 ἄνευ
1297 719 1368 750 τινὸς
1384 719 1537 754 μιάσματος
1558 720 1805 754 καταλαμπόμενος
1817 728 1824 734 ·

1038 765 1089 791 οὐκ
1101 762 1162 799 ἧνὴ
1187 765 1222 799 γῆ
1233 765 1295 795 τοὺς
1310 765 1433 799 καρποὺς
1444 765 1626 799 ¹ᾰμολὺντους,
1640 766 1677 796 ὡς
1694 766 1725 791 τὸ
1748 766 1824 800 πρὶν,

1038 811 1198 838 ἀναδιδοῦσα
1209 819 1216 826 ο
1233 810 1264 837 οὐ
1281 811 1414 843 θάλασσα,
1430 811 1480 837 οὐκ
1491 811 1554 838 ἄλλο
1565 820 1591 837 τι
1605 811 1659 837 τῶν
1675 812 1703 837 ἐν
1717 813 1750 846 τῇ
1764 811 1823 837 κτί-

1040 865 1091 883 σει.
1111 856 1141 882 ’0
1156 856 1212 891 γὰρ
1228 856 1391 891 παραϐάτης
1406 855 1534 883 εἰσελθὼν
1551 856 1580 882 ὲν
1593 856 1660 890 αὐτῇ
1676 856 1824 890 κατεμίανε

1039 904 1086 929 καὶ
1113 902 1279 930 ἀνεθόλωσεν
1292 902 1314 918 ⁸⁸
1350 903 1458 929 ἅπαντα
1476 903 1537 933 ταῖς
1552 901 1749 938 βλασφημίαις,
1765 903 1825 933 ταῖς

200 956 305 980 creare,
318 952 345 975 et
358 948 471 975 alterius
486 953 644 982 corruptam
663 948 829 980 instaurare,
845 949 892 976 sed
909 949 981 983 ejus-

1039 948 1183 983 θεομάχοις
1203 948 1251 975 καὶ
1266 949 1392 984 αἰσχραῖς
1406 949 1519 982 φωναῖς,
1547 949 1606 980 ταῖς
1634 947 1800 983 μιαιφονίαις
1814 955 1822 962 ·

198 995 260 1022 dem
276 999 422 1029 utrumque
433 997 476 1020 est
488 993 629 1028 sapientize
642 998 669 1021 et
683 994 761 1022 artis.
774 993 897 1021 Renovat
909 1002 985 1021 crea-

199 1044 290 1068 turam
311 1031 397 1075 priori
418 1039 547 1071 adventu,
574 1044 603 1066 ut
630 1040 727 1067 credas
742 1040 873 1067 secundo
901 1040 983 1067 etiam

200 1087 317 1114 adventu
334 1093 393 1113 eam
418 1086 602 1113 instauratum
627 1085 671 1118 iri,
688 1090 715 1113 et
731 1090 759 1113 te
773 1090 835 1114 ante
850 1087 924 1113 illam
941 1094 985 1114 re-

199 1138 328 1160 novatum
342 1133 368 1160 in
385 1133 682 1167 incorruptibilitatem,
690 1133 925 1167 perturbationum
939 1140 986 1159 va-

143 1190 149 1198 ι
199 1178 341 1210 cuitatem,
364 1182 391 1205 et
411 1178 575 1205 ineﬂ'abilcm
603 1178 845 1212 pulchritudinem.
865 1177 894 1204 Si
910 1178 982 1205 enim

198 1223 309 1258 quando
319 1224 414 1251 volens
431 1224 458 1250 in
479 1224 638 1251 inﬁrmitate
655 1224 745 1251 carnis
760 1228 819 1250 erat
834 1224 860 1250 in
877 1224 984 1251 sudori-

198 1270 261 1304 bus,
277 1270 303 1297 in
315 1270 468 1303 doloribus,
485 1271 596 1306 quando
611 1271 738 1298 seductor
751 1275 778 1298 et
795 1270 984 1298 Samaritanus

197 1317 358 1348 vocabatur,
374 1322 526 1344 creaturam
537 1318 574 1345 ab
591 1318 633 1345 his
659 1317 797 1352 tantisque
811 1322 838 1345 et
866 1317 984 1344 maxime

197 1361 334 1389 diuturnis
360 1363 474 1395 morbis,
501 1368 528 1390 et
553 1363 668 1390 maculis
697 1363 847 1394 mundavit,
867 1362 978 1397 quando

197 1409 286 1436 veniet
298 1408 382 1444 iudex
397 1409 519 1436 vivorum
537 1414 564 1436 et
578 1415 760 1440 mortuorum,
774 1408 884 1443 quando
899 1415 983 1443 ange-

198 1455 285 1481 lorum
297 1454 412 1483 infinitis
422 1456 591 1491 myriadibus
602 1456 729 1490 stipatus,
742 1455 852 1489 quando
860 1455 981 1482 omnium

197 1500 358 1530 Dominator
368 1507 395 1530 et
410 1502 672 1538 Dominus,quando
682 1503 773 1530 omnia
789 1503 901 1530 horrore
916 1510 983 1530 con-

197 1547 333 1574 cutientur
347 1552 374 1576 et
385 1553 516 1582 tremant,
539 1549 678 1584 quomodo
693 1549 809 1576 mutatio
828 1548 983 1583 corruptio-

197 1593 241 1620 nis
259 1593 285 1620 in
300 1593 515 1629 incorruptibile,
532 1601 586 1622 non
610 1595 734 1622 videatur
751 1601 832 1629 quam
853 1592 982 1621 facillime

196 1644 378 1668 consecutura
389 1660 396 1673 ,
416 1641 469 1669 Deo
488 1641 588 1677 digna?

1039 996 1093 1026 τοῖς
1107 995 1251 1030 πειραταῖς
1266 995 1314 1021 καὶ
1332 994 1444 1031 λῃσταῖς
1470 994 1518 1030 τὴν
1534 994 1669 1021 θάλατταν
1681 1001 1688 1009 ·
1706 994 1755 1026 τὰς
1770 1003 1826 1029 πη-

1038 1041 1089 1076 γὰς
1109 1041 1157 1067 καὶ
1180 1041 1320 1076 ποταμοὺς
1350 1041 1411 1072 ταῖς
1438 1040 1681 1076 εἰδωλολατρείαις,
1705 1040 1826 1078 νύμφαις

1041 1087 1090 1113 καὶ
1114 1086 1240 1122 δαίμοσιν
1265 1087 1433 1119 ἀνάπτοντες
1452 1087 1531 1114 αὐτά.
1557 1087 1635 1114 Πᾶσα
1649 1088 1704 1119 τοῖς
1717 1086 1824 1122 ἀνθρώ-

1039 1143 1100 1166 ποις
1129 1135 1146 1170 ή
1174 1134 1263 1166 κτίσις
1292 1134 1332 1165 είς
1356 1134 1435 1166 θεοὺς
1463 1133 1666 1160 ἀνεπλάττετο’
1692 1133 1769 1159 οὐδὲν
1795 1132 1824 1158 δὲ

1038 1179 1127 1206 κτίσιν
1141 1179 1213 1206 οὕτω
1235 1179 1336 1215 μιαίνει
1353 1180 1402 1207 καὶ
1423 1179 1577 1214 κιϐδηλεύει
1592 1179 1629 1211 ὡς
1648 1179 1678 1205 τὸ
1693 1179 1825 1206 θεοποιεῖ-

1038 1225 1100 1253 aea:
1115 1226 1212 1260 αὐτήν.
1239 1225 1289 1252 Διὰ
1313 1225 1399 1252 ταῦτα
1409 1225 1433 1242 ⁸⁸
1458 1225 1584 1259 εἰσῆλθεν
1613 1225 1627 1251 6
1649 1225 1743 1260 Σωτήρ
1775 1225 1823 1251 τοῦ

1037 1272 1140 1306 κόσμου
1156 1271 1199 1298 διὰ
1219 1271 1318 1306 σαρκὸς
1331 1273 1360 1298 ὲν
1375 1271 1454 1307 αὐτῇ,
1470 1272 1518 1298 καὶ
1534 1271 1637 1306 ταύτην
1650 1272 1703 1298 τῶν
1720 1271 1825 1307 μυρίων

1037 1317 1141 1344 τούτων
1169 1317 1329 1349 ἀπαλλάξας
1371 1317 1533 1352 μιασμάτων
1562 1317 1728 1349 ἀνεκαίνισε,
1754 1317 1823 1343 πολὺ

1037 1363 1237 1399 χαλεπωτέρων
1254 1364 1271 1399 ἢ
1294 1363 1454 1400 σωματικῆς
1473 1363 1621 1399 διαφθορᾶς
1636 1362 1823 1398 ἐλευθερώσας

1037 1409 1122 1443 αὐτὴν
1136 1409 1285 1436 κακώσεων
1302 1410 1349 1436 καὶ
1374 1410 1479 1437 παθῶν.
1503 1409 1687 1442 Ἀνακαινίζει
1714 1409 1758 1436 διὰ
1773 1409 1824 1444 τῆς

1037 1455 1151 1491 πρώτης
1165 1455 1318 1491 παρουσίας
1333 1455 1382 1490 τὴν
1405 1455 1504 1486 κτίσιν,
1521 1455 1565 1481 ἵνα
1581 1455 1669 1491 μάθῃς
1684 1456 1724 1482 ὅτι
1742 1455 1823 1486 αὑτός

1036 1501 1110 1527 ἐστιν
1125 1502 1139 1527 6
1150 1501 1197 1527 καὶ
1206 1501 1252 1526 ἀπ’
1267 1501 1355 1535 ἀρχῆς
1380 1500 1464 1536 αὐτὴν
1482 1501 1688 1536 δημιουργήσας
1702 1509 1709 1515 ·
1723 1500 1753 1527 οὐ
1768 1500 1822 1536 γὰρ

1036 1546 1117 1573 ἄλλου
1133 1546 1184 1581 μὲν
1201 1546 1314 1580 κτίζειν,
1331 1546 1411 1574 ἄλλου
1424 1547 1453 1574 δὲ
1470 1547 1664 1582 διαφθαρεῖσαν
1680 1548 1824 1574 ἀνακαινί-

1036 1592 1104 1625 ζειν,
1123 1593 1191 1620 ἀλλά
1213 1593 1262 1627 τῆς
1275 1593 1360 1627 αὐτῆς
1378 1593 1509 1629 ἑκάτερον
1526 1594 1623 1628 σοφίας
1642 1593 1689 1620 καὶ
1713 1593 1821 1628 τέχνης.

1043 1639 1223 1671 Ἀνακαινίζει
1248 1639 1297 1674 τὴν
1321 1639 1409 1666 κτίσιν
1433 1640 1504 1667 κατὰ
1520 1639 1570 1675 τὴν
1593 1639 1704 1675 πρώτην
1727 1640 1823 1675 ἐπιδη-

195 1686 273 1721 μίαν,
287 1686 331 1713 ἵνα
347 1686 467 1722 μηδεμία
476 1696 518 1714 σοι
533 1687 608 1723 χώρα
619 1687 787 1723 καταλειφθῇ
796 1686 926 1718 ἀπιστίας
943 1686 981 1718 ὡς
995 1685 1068 1714 κατὰ
1079 1686 1128 1721 τὴν
1141 1686 1272 1719 δευτέραν
1290 1685 1442 1720 παρουσίαν
1466 1685 1496 1712 οὗ
1527 1686 1745 1721 καινισθήσεται,
1774 1686 1823 1713 καὶ

197 1730 230 1757 σὺ
256 1732 310 1766 πρὸ
338 1732 425 1766 αὐτῆς
451 1733 491 1764 είς
519 1733 685 1769 ἀφθαρσίαν,
706 1736 746 1766 εἰς
773 1734 918 1766 ἀπάθειαν,
942 1734 982 1764 εἰς
998 1733 1102 1766 ἄφατον
1115 1731 1303 1767 καλλονήν.Εί
1335 1732 1399 1767 γὰρ,
1423 1733 1467 1760 ὅτε
1487 1730 1521 1768 ἦν
1545 1732 1614 1759 ἑκὼν
1638 1733 1667 1758 ἐν
1691 1732 1821 1768 ἀσθενείᾳ

196 1778 309 1812 σαρκὸς,
327 1779 356 1805 ὲν
371 1778 490 1814 ἱδρῶσιν,
507 1780 536 1806 ἐν
553 1780 667 1807 πάθεσιν
685 1782 699 1808 ὁ
721 1772 855 1816 Χριστος,
879 1780 924 1806 ὅτε
955 1779 1056 1810 πλάνος
1079 1779 1126 1805 καὶ
1150 1779 1325 1814 Σαμαρείτης
1348 1780 1569 1814 ἐσυκοφαντεῖτο,
1582 1778 1632 1814 τὴν
1657 1780 1745 1806 κτίσιν
1757 1780 1823 1807 ἐκά-

196 1824 264 1860 Θαρε
274 1824 329 1851 τῶν
341 1826 486 1859 τοσούτων,
499 1827 546 1853 καὶ
558 1827 726 1863 τηλικούτων
750 1828 797 1855 καὶ
827 1826 1087 1863 πολυχρονιωτάτων
1102 1825 1197 1853 παθῶν
1223 1826 1270 1852 καὶ
1288 1826 1461 1861 μιασμάτων,
1485 1826 1549 1852 ὅταν
1573 1826 1611 1857 ὼς
1634 1826 1731 1861 κριτὴς
1753 1826 1823 1858 ζών-

195 1878 250 1898 των
262 1871 454 1907 παραγένηται
481 1872 530 1899 καὶ
551 1873 666 1909 νεκρῶν,
694 1873 758 1901 ὅταν
789 1873 920 1909 μυριάσιν
950 1871 1076 1906 ἀγγέλων
1107 1871 1342 1907 δορυφορούμενος
1358 1872 1507 1906 τάγμασιν,
1519 1872 1584 1898 ὅταν
1601 1872 1709 1898 πάντων
1726 1872 1823 1898 δεσπό-

195 1917 250 1949 ζων
274 1917 321 1943 καὶ
346 1917 461 1952 Κύριος,
484 1918 549 1945 ὅταν
576 1918 664 1945 πάντα
686 1919 787 1955 φρίσ-σῃ
815 1918 863 1945 καὶ
881 1917 982 1953 τρέμῃ,
1003 1916 1062 1948 πῶς
1079 1917 1096 1951 ὴ
1129 1917 1161 1943 ὲκ
1189 1916 1293 1952 φθορᾶς
1308 1917 1349 1948 εἰς
1377 1917 1533 1953 ἀφθαρσίαν
1547 1916 1683 1953 μεταϐολὴ
1703 1917 1734 1944 οὐ
1759 1918 1789 1944 τὸ
1799 1917 1822 1934 ⁸⁷

195 1962 295 1998 ῥᾷστον
311 1962 410 1998 ἔχουσα
420 1963 444 1979 ⁸⁸
465 1965 617 2000 καθορᾶται
645 1965 692 1991 καὶ
713 1965 744 1992 τὸ
759 1964 907 1991 ἀκόλουθον
933 1963 980 1990 καὶ
1000 1963 1171 1998 θεοπρεπές;

230 2010 311 2038 Venit
325 2009 451 2038 Salvator
464 2010 675 2045 prmdicentibus
692 2010 842 2046 prophetis,
864 2017 898 2036 ne
921 2008 981 2043 quis

1068 2008 1130 2034 Ὂτι
1147 2008 1327 2044 παραγίνεται
1345 2008 1360 2034 6
1381 2007 1476 2042 Σωτὴρ
1498 2006 1741 2043 τίροκηρυττόντων
1765 2008 1822 2034 τῶν

193 2060 279 2091 putet,
298 2062 354 2090 quo
374 2056 455 2083 modo
470 2056 552 2083 homo
563 2064 578 2082 a
592 2056 679 2091 primo
693 2056 834 2091 proposito
841 2059 868 2082 et
880 2054 981 2083 auxilio

1036 2054 1179 2089 προφητῶν
1193 2075 1201 2086 ,
1227 2054 1271 2081 ἵνα
1294 2054 1330 2089 μή
1345 2062 1387 2085 τις
1408 2053 1507 2089 νομίσῃ
1535 2054 1576 2080 ὅτι
1595 2052 1657 2079 καθ’
1673 2052 1703 2079 ὃν
1719 2053 1822 2088 τρόπον

194 2103 337 2135 aberrans,
361 2102 434 2130 aliud
461 2103 618 2138 arripuerit,
639 2103 733 2130 eodem
751 2101 887 2137 agendum
919 2108 981 2129 esse

1036 2100 1172 2136 ὶνθρωπος
1185 2100 1234 2136 τῆς
1244 2100 1376 2136 προτέρας
1384 2100 1540 2135 διαμαρτὼν
1555 2099 1682 2135 ἐπιϐολῆς
1697 2101 1744 2127 καὶ
1759 2100 1789 2134 βο
1802 2114 1823 2135 ,-

192 2148 260 2176 Deo.
270 2147 310 2176 Ne
327 2147 411 2184 igitur
425 2149 488 2184 quis
506 2149 557 2177 hoc
570 2154 659 2184 putet,
681 2149 762 2184 longo
779 2148 814 2175 ab
831 2148 896 2176 hinc
908 2152 980 2176 tem-

1036 2147 1105 2178 θείας
1131 2146 1178 2173 ἐπὶ
1197 2147 1324 2182 δευτέραν
1339 2147 1459 2182 ἔρχεται,
1477 2147 1548 2173 οὕτω
1570 2148 1618 2174 καὶ
1639 2148 1653 2173 6
1667 2147 1743 2178 Θεός.
1761 2147 1821 2174 Ἵνα

193 2202 259 2229 pore
289 2195 428 2230 prophetae
455 2195 530 2223 illius
551 2196 698 2223 adventum
722 2195 918 2229 praedixerunt,
949 2199 979 2222 ut

1036 2194 1076 2221 15v
1089 2195 1126 2229 μὴ
1156 2203 1197 2226 τις
1222 2194 1360 2229 ὑπονοήσῃ
1375 2194 1465 2227 τοῦτο,
1494 2194 1597 2221 ἄνωθεν
1623 2195 1770 2230 προέλεγον
1794 2195 1819 2222 ot

193 2240 371 2268 ostenderent
398 2239 484 2268 Deum
509 2248 563 2268 non
583 2241 739 2268 meditando
759 2241 882 2269 invenire
902 2248 978 2268 com-

193 2286 317 2320 modum,
338 2287 386 2315 sed
409 2295 424 2315 a
447 2287 584 2323 principio
607 2287 698 2315 omnia
718 2288 886 2322 praevidisse.
909 2287 977 2316 Nam

192 2340 243 2360 nos
258 2332 368 2367 quidem
387 2333 513 2360 homines
539 2332 714 2366 meditamur,
730 2341 763 2360 ae
775 2334 798 2360 si
820 2333 905 2369 priori
931 2341 977 2361 co—

192 2383 256 2405 natu
283 2376 458 2409 frustrentur,
474 2378 507 2405 ad
528 2378 610 2406 alium
625 2379 786 2408 accedimus.
816 2379 890 2408 Deus
910 2387 976 2408 vero

193 2431 246 2450 non
267 2423 319 2455 sic,
342 2423 389 2450 sed
411 2423 485 2451 dedit
500 2424 596 2458 legem,
623 2426 781 2460 prophetas,
798 2429 825 2452 et
849 2430 909 2459 post
931 2425 975 2452 illa

191 2468 378 2504 Evangelium,
394 2477 447 2496 non
460 2474 590 2505 tempore,
599 2471 673 2506 quod
683 2475 756 2499 esset
768 2471 844 2503 utile,
856 2471 974 2503 discens,

193 2522 287 2542 verum
300 2515 335 2541 ab
351 2514 429 2542 initio
445 2514 549 2548 videns,
569 2524 623 2544 non
638 2517 717 2544 aliter
730 2518 851 2552 potuisse
865 2522 974 2544 creatu-

191 2566 300 2593 ram,et
315 2561 342 2587 in
356 2568 387 2588 ca
399 2560 536 2589 hominem
553 2562 621 2595 ficri,
639 2571 688 2591 nec
702 2571 784 2591 manu
800 2564 873 2596 duci,
891 2572 978 2600 neque

193 2607 408 2642 incorruptionis
424 2607 582 2642 dignitatem
609 2610 741 2644 recipere,
757 2609 810 2637 nisi
826 2617 859 2638 eo
883 2611 976 2642 modo,

191 2663 246 2690 quo
275 2654 420 2682 incilabilis
435 2655 605 2690 providentia
624 2660 651 2683 et
681 2657 836 2684 humanitas
864 2657 974 2692 dispen-

190 2700 271 2728 savit.

1033 2240 1171 2276 προφῆται
1196 2239 1246 2275 τὴν
1272 2240 1428 2275 παρουσίαν
1450 2240 1544 2272 αὑτοῦ,
1575 2240 1620 2267 ἵνα
1641 2240 1765 2272 δείξωσιν
1777 2241 1820 2267 ὅτι

1031 2286 1097 2318 Θεὸς
1111 2287 1143 2319 ,οὐ
1160 2286 1344 2322 σκεπτόμενος
1360 2286 1480 2322 εὑρίσκει
1492 2286 1522 2313 τὸ
1539 2286 1687 2322 συμφέρον,
1702 2287 1760 2313 ἀλλ’
1770 2287 1819 2314 ἀπ’

1032 2331 1120 2367 ἀρχῆς
1147 2333 1271 2368 προεὶδεν
1300 2333 1417 2373 ᾆπαντα.
1440 2333 1535 2367 Ἡμεῖς
1565 2332 1614 2366 μὲν
1640 2332 1693 2367 γὰρ
1716 2332 1741 2358 ot
1773 2334 1821 2360 ἀν-

1032 2377 1134 2412 θρωττοι
1143 2379 1325 2414 σκεπτόμεθα,
1341 2379 1388 2406 καὶ
1399 2379 1446 2405 ἐὰν
1460 2380 1640 2413 ἁποτύχωμεν
1648 2379 1697 2413 τῆς
1708 2377 1820 2415 πρώτης

1031 2424 1146 2459 πείρας,
1173 2425 1215 2459 ἐφ’
1241 2425 1336 2460 ἑτέραν
1361 2424 1558 2460 μεταϐαίνομεν
1574 2432 1581 2440 ·
1596 2426 1610 2451 ὁ
1625 2424 1740 2459 δὲ,6εδς
1767 2426 1818 2460 οὐχ

1029 2469 1125 2503 οὕτως,
1137 2471 1193 2497 ἀλλ’
1216 2471 1298 2498 ἔδωκε
1313 2472 1341 2498 νό
1347 2480 1407 2507 μον,
1423 2473 1577 2506 προφήτας,
1591 2472 1637 2498 καὶ
1652 2471 1720 2506 μετὰ
1731 2471 1819 2498 ταῦτα

1029 2516 1059 2542 τὺ
1085 2517 1251 2551 Εὑαγγέλιον
1279 2517 1310 2543 οὐ
1331 2518 1420 2552 χρόνῳ
1431 2517 1461 2543 τὸ
1481 2518 1621 2552 συμφέρον
1638 2517 1817 2552 μεταμαθὼν,

1028 2562 1075 2588 ἀπ’
1088 2563 1176 2598 ἀρχῆς
1192 2564 1221 2590 δὲ
1233 2564 1311 2596 εἰδὼς
1340 2565 1378 2596 ὡς
1402 2564 1451 2599 οὐχ
1479 2562 1533 2591 οἷόν
1557 2572 1586 2590 τε
1602 2563 1690 2595 ἄλλως
1707 2562 1741 2598 ἦν
1766 2563 1817 2599 τὴν

1028 2609 1117 2636 κτίσιν
1135 2611 1182 2637 καὶ
1195 2612 1239 2636 τὺν
1254 2611 1282 2636 ὲν
1296 2611 1364 2646 αὐτῇ
1377 2611 1520 2646 ἄνθρωπον
1533 2610 1595 2637 οὕτε
1616 2610 1742 2644 γενέσθαι
1754 2610 1817 2637 οὔτε

1029 2655 1282 2691 παιδαγωγηοῆναι,
1309 2657 1371 2683 οὔτε,
1391 2657 1484 2692 τὸτῆς
1516 2656 1671 2691 ἀφθαρσίας
1689 2656 1751 2691 [δι-ι
1767 2656 1816 2692 H.]

1029 2700 1137 2736 ἀξίωμα
1150 2702 1304 2735 ἀναλαϐεῖν,
1318 2704 1342 2730 εἰ
1370 2703 1409 2739 μὴ
1433 2702 1532 2729 καθ’ὃν
1549 2702 1649 2737 τρόπον
1672 2703 1689 2737 ἡ
1712 2702 1817 2736 ἄφατος

1029 2747 1142 2781 πρόνοια
1158 2749 1205 2775 καὶ
1218 2749 1406 2785 φιλανθρωπία
1418 2748 1603 2785 ᾠκονόμησεν.

837 2828 953 2857 VARle
984 2830 1186 2858 LECTIONES.

226 2884 249 2899 "'
263 2883 357 2918 αὐτὴν,
370 2884 461 2914 αὐτοῖς
479 2891 519 2917 pr.
535 2883 567 2909 A.

188 2919 273 2945 ταῦτα
295 2926 350 2946 om.
370 2918 402 2946 A.
441 2919 462 2934 ⁸⁷
477 2919 507 2945 οὐ
517 2919 586 2946 κατὰ
599 2920 628 2946 τὸ
644 2929 675 2952 ς.
713 2922 735 2938 ⁸⁸
749 2921 847 2956 ἔχουσα
863 2930 917 2951 om.
934 2925 967 2951 Α.

617 2884 639 2901 ³⁸
656 2885 822 2913 ἁνεθόλωσεν
834 2887 856 2913 Α
874 2897 880 2913 :
897 2888 1066 2918 ἀνεθάλωσεν
1082 2890 1191 2920 Ιίωεριι.
1207 2897 1232 2920 et
1245 2891 1344 2920 Gcncv.
1372 2891 1581 2920 ἁπεπα).αίωσεν
1597 2891 1678 2920 Roth.

1730 2891 1753 2907 ⁸⁸
1768 2889 1815 2918 διὰ
