1959 3081
150 232 203 263 269

632 230 893 265 BIBLIOTHECA.
907 245 942 253 -·-
957 236 1038 267 COD.
1057 238 1244 272 CCLXXVII.

1720 250 1776 283 270

185 286 247 313 Ὀτι
261 285 353 320 φασίν,
381 294 391 311 ι
415 285 447 312 El
475 285 586 322 προῄδει
608 286 766 323 ἀμαρτῆσαι
780 288 825 315 τὸν
853 289 923 325 asa,

1025 293 1122 330 5190
1142 305 1152 321 ι
1171 296 1210 330 Si,
1232 297 1329 332 inquit,
1348 293 1419 327 D‘eus
1437 300 1559 334 praevidit
1573 301 1658 330 Adam
1678 312 1774 339 pecca-

149 334 164 360 ό
178 332 242 363 Θεὸς
251 352 260 365 ,
276 332 303 358 τί
312 333 359 359 καὶ
370 333 530 367 προήγαγεν
544 333 624 360 αὐτόν
636 342 643 366 ;
660 334 706 360 καὶ
719 334 814 361 πολλαὶ
826 335 875 369 μέν
884 336 937 363 εισι

149 379 197 406 καὶ
211 377 346 412 πάγκαλοι
360 378 435 404 τοῦδε
452 378 498 404 τοῦ
525 379 702 414 ἀπορήματος
715 380 854 412 ὲπιλύσεις
869 381 904 413 ⁸9,
923 391 932 406 ι

148 426 222 459 λέγει
234 426 256 452 δ’
281 425 326 452 οὖν
353 426 430 453 καὶὸ
451 426 579 461 ϐεύσοξρος
608 427 732 462 Ἰωάννης
754 428 768 453 ὁ
784 429 935 464 Χρυσόστο-

148 481 198 507 μος
232 472 273 498 ὃτι
297 472 328 498 οὐ
349 471 429 498 τοῦτο
455 472 534 507 μόνον
561 474 631 507 φημὶ
650 473 691 500 ὃτι
721 474 849 509 προῄδει,
874 476 935 502 ἀλλ’

145 518 186 545 ὅτι
210 519 257 545 καὶ
281 518 399 544 πεσόντα
425 519 573 554 ἀναστήσει
595 519 676 545 αὐτὸν
698 519 743 546 διὰ
756 521 805 555 τῆς
826 521 930 548 οἰκονο-

147 564 221 600 μίας.
252 564 306 591 Καὶ
340 565 370 590 οὐ
403 564 510 600 πρῶτον
535 563 588 591 εἶδε
607 565 656 600 τὴν
685 566 799 598 πτῶσιν,
835 567 860 593 εί
894 567 933 603 μὴ

144 611 331 646 προεπενόησε
367 610 416 646 τὴν
439 611 597 639 ἀνάστασιν.
625 612 702 648 "nam
731 613 771 639 ὅτι
795 614 929 646 πεσεῖται,

144 656 212 684 ἀλλὰ
228 656 399 692 προαπέθετο
415 657 446 683 τὸ
461 657 484 673 ⁸ο
500 658 550 692 τῆς
567 659 742 690 ἀναστάσεως
763 659 909 694 φάρμακον
921 668 928 675 ·

143 703 191 729 καὶ
220 702 413 738 συνεχώρησεν
442 704 483 735 εῑς
512 704 611 738 πεῖραν
639 703 725 730 ἐλθεῖν
746 704 863 732 θανάτου
885 705 930 732 τὸν

142 747 295 782 ἄνθρωπον,
319 747 400 784 [1549
414 748 461 784 11.]
481 749 524 775 ἵνα
542 749 622 784 μάθοι
636 749 706 782 τίνος
720 750 768 785 μὲν
796 751 927 778 ἀπολαύει

141 792 176 818 δι’
184 792 289 825 ἑαυτὸν,
314 793 386 825 τίνος
406 793 435 819 δὲ
450 795 484 829 τῇ
497 794 544 820 τοῦ
558 794 710 827 πλάσαντος
729 795 831 831 χάριτι.
849 796 928 832 ’ᾘδει

141 838 309 874 πεσούμενον
340 839 387 866 τὸν
417 839 517 875 Ἀδάμυ
553 840 610 867 ἀλλ’
641 841 755 868 ἔϐλεπεν
785 842 815 875 ἐξ
844 842 927 870 αὑτοῦ

139 883 369 920 προελευσόμενον
387 885 434 912 τὸν
454 885 547 919 Ἅϐελ,
574 886 620 913 τὸν
643 886 735 921 Ἐνὼς,
760 888 806 915 τὸν
829 888 925 924 Ἑνὼχ,

138 929 183 956 τὸν
208 929 284 961 Νῶε,
310 929 356 956 τὸν
384 930 487 964 Ἠλίαν,
506 932 570 963 τοὺς
591 933 743 968 προφήτας,
770 933 832 964 τοὺς
858 933 925 961 θαυ-

992 344 1095 373 turum,
1107 349 1191 376 quare
1204 350 1266 370 eum
1280 343 1425 377 produxit?
1435 345 1468 373 Et
1478 347 1570 375 multae
1583 353 1656 382 sunt,
1671 354 1698 378 et
1712 358 1773 386 per-

991 387 1111 422 pulchra:
1143 389 1224 424 hujus
1254 390 1330 418 dubii
1357 391 1518 421 solutiones.
1537 403 1547 420 ι
1578 393 1648 423 Dicit
1679 396 1775 433 itaque

989 433 1200 468 Chrysostomus
1213 445 1219 462 :
1234 435 1292 462 Non
1307 437 1359 464 hoc
1372 438 1460 465 solum
1471 439 1525 471 aio,
1539 441 1610 476 quod
1625 443 1772 477 prmscivit,

989 479 1036 505 sed
1053 480 1135 506 etiam
1153 481 1226 515 quod
1248 482 1354 516 lapsum
1370 483 1506 512 hominem
1524 493 1575 519 per
1587 486 1772 521 dispensatio-

988 532 1049 551 nem
1070 529 1246 559 rcparaturus
1258 532 1339 555 esset.
1355 529 1450 556 Etnou
1466 530 1555 564 primo
1569 531 1677 566 quidem
1693 533 1772 561 scivit

987 567 1105 602 lapsum,
1132 569 1184 596 nisi
1209 571 1291 598 etiam
1316 572 1494 606 praescivisset
1529 577 1770 605 resurrectionem.

987 613 1095 641 Sciebat
1105 623 1166 642 eum
1176 615 1328 651 lapsurum.
1340 617 1388 645 sed
1402 620 1628 648 resurrectionem
1641 626 1771 658 tanquam

984 661 1133 688 remedium
1150 663 1322 697 prwparavit,
1336 668 1364 692 et
1384 665 1508 699 permisit
1523 667 1660 695 hominem
1682 677 1771 704 usque

986 707 1018 734 ad
1046 708 1195 742 periculum
1219 710 1317 738 mortis
1332 711 1485 745 pervenire,
1506 716 1536 739 ut.
1555 713 1682 747 disceret,
1702 715 1769 750 quid

983 761 1033 781 sua
1047 754 1125 789 culpa
1139 762 1336 790 consequatur,
1355 763 1383 784 et
1408 758 1475 793 quid
1490 766 1538 794 per
1551 759 1689 788 Greateris
1705 769 1769 796 gra-

982 799 1058 826 tiam.
1083 799 1170 827 Scivit
1200 800 1257 828 fore
1284 805 1315 828 ut
1341 802 1427 830 Adam
1448 803 1567 837 caderet,
1587 805 1634 832 sed
1653 805 1721 832 vidit
1734 813 1769 834 ex

981 846 1028 873 illo
1051 846 1221 881 proditurum
1249 847 1327 880 Abel,
1353 847 1436 882 Enos,
1459 848 1644 884 Enoch,Noe,
1667 851 1766 885 Eliam,

981 893 1138 927 prophetas,
1161 893 1337 922 admirandos
1357 896 1504 930 apostolos,
1530 897 1698 926 nobilitatem
1716 906 1767 926 na-

979 943 1056 971 turae,
1072 939 1141 966 vidit
1160 944 1310 975 martyrum
1327 941 1566 974 nubes,divinitus
1583 948 1684 978 motas,
1708 945 1768 980 pie-

139 976 256 1010 μαστοὺς
285 976 459 1010 ἀποστόλους,
475 977 525 1013 τὴν
541 977 681 1012 εὐγένειαν
693 979 742 1014 τῆς
755 979 873 1014 φύσεως,
890 980 923 1007 τὰ

977 987 1059 1011 tatem
1085 984 1230 1013 distillare.
1248 985 1320 1013 Vidit
1339 986 1411 1015 haec:
1425 991 1453 1015 et
1477 989 1522 1016 ubi
1548 994 1608 1017 erat
1624 976 1765 1022 hones-tas.

137 1019 283 1056 θεοκίνητα
297 1020 351 1047 τῶν
368 1022 514 1057 μαρτύρων
529 1023 575 1050 καὶ
585 1023 718 1055 στάζοντα
726 1024 776 1059 τὴν
785 1025 926 1053 εὐσέϐειαν

137 1065 216 1100 νέφη.
245 1067 363 1094 Ἐὃλεπε
390 1068 488 1101 ταῦτα,
508 1069 556 1095 καὶ
580 1069 632 1095 ποῦ
659 1067 693 1105 ἦν
710 1070 792 1097 καλὸν
805 1091 813 1103 ,
832 1072 884 1098 ποῦ
898 1073 927 1099 δὲ

134 1111 248 1145 δίκαιον,
265 1113 316 1140 ποῦ
335 1114 363 1140 δὲ
385 1115 547 1151 θεοπρεπὲς,
573 1115 641 1152 [ἵνα]
669 1116 735 1143 διότι
754 1117 866 1152 ἔμελλεν
886 1116 925 1150 εἷς

133 1158 278 1194 ἄνθρωπος
305 1160 483 1195 ἁμαρτάνειν,
504 1162 599 1188 τοῦτον
626 1163 663 1197 μὴ
688 1163 801 1197 ἀγαγεῖν
831 1164 864 1190 ἐκ
887 1164 925 1200 μὴ

132 1205 228 1238 ὄντων,
241 1206 288 1233 καὶ
301 1207 435 1233 τοσούτων
451 1207 566 1242 ἀνδρῶν,
586 1204 623 1235 ὧν
637 1208 698 1235 οὐδὲ
713 1208 774 1235 καθ’
790 1208 838 1235 ἕνα
851 1208 925 1242 ἄξιος

132 1251 147 1277 ὁ
163 1251 282 1287 κόσμος,
309 1253 397 1288 φορὰν
418 1253 565 1288 ἀνακόψαι,
589 1255 637 1281 καὶ
654 1254 762 1291 θερίσαι
776 1256 924 1292 πρόρριζον

132 1297 182 1331 τὴν
195 1298 331 1335 τοσαύτην
354 1299 402 1326 τοῦ
425 1300 520 1334 γένους
544 1300 689 1336 βλάστησιν
710 1301 757 1328 καὶ
781 1302 922 1339 καλλονὴν,

132 1344 181 1370 καὶ
204 1345 264 1372 κατ’
278 1345 364 1381 αὐτῆς
386 1346 530 1380 ἐπαφιέναι
546 1347 596 1382 τὴν
610 1347 729 1384 ἐκτομὴν
753 1348 801 1374 καὶ
826 1349 922 1384 ὀργὴν,

132 1387 180 1416 καὶ
193 1390 253 1417 τότε
268 1390 315 1418 τοῦ
341 1391 391 1427 τὴν
415 1393 554 1428 ἁμαρτίαν
575 1392 687 1428 ὕστερον
708 1394 839 1428 ἑλομένου
860 1395 923 1423 οὕτε

130 1436 300 1472 ἁμαρτόντος
332 1437 394 1465 οὔτε
433 1439 568 1474 ἁμαρτεῖν
605 1439 833 1475 μεμελετηκότος,
875 1442 923 1469 ἅτε

132 1483 216 1518 μήπω
240 1484 308 1520 μηδὲ
344 1485 517 1519 ὑφεστῶτος,
545 1486 570 1512 εἰ
596 1485 649 1521 γὰρ
678 1487 824 1522 σωφρόνων
851 1488 924 1515 ἐστὶν

129 1528 236 1563 ἀνδρῶν
252 1529 282 1555 τὸ
295 1529 482 1565 μελετήσαντα
501 1530 551 1565 μὲν
566 1531 725 1566 ἀμαρτῆσαι
741 1531 779 1567 μὴ
799 1533 924 1569 ἁμαρτή-

131 1581 217 1599 σαντα
237 1573 266 1600 δὲ
285 1574 323 1610 μὴ
350 1575 525 1611 εἰσπράττειν
541 1575 656 1608 εὐθύνας
669 1577 887 1613 ἁμαρτημάτων.
904 1576 922 1614 ἦ

129 1628 182 1646 που
193 1629 225 1654 γε
240 1620 272 1647 ἂν
295 1623 339 1657 εἴη
355 1622 421 1648 6εοῦ
434 1622 479 1649 τὸν
498 1622 565 1658 μηδὲ
588 1623 777 1659 μελετήσαντα
798 1624 920 1660 ἐξαμαρ-

128 1666 210 1700 τῆσαι
221 1666 270 1697 τὰς
287 1667 341 1694 τῶν
355 1668 554 1703 ἡμαρτηκότων
565 1669 691 1696 ἀπαιτεῖν
704 1669 791 1702 δίκας,
802 1672 849 1697 καὶ
859 1671 921 1698 τότε

128 1711 248 1746 χαλεποῦ
268 1712 318 1747 μὲν
339 1713 416 1745 ὄντος
435 1713 482 1740 τοῦ
504 1715 703 1750 ἁμαρτήματος
723 1715 794 1750 (πῶς
814 1715 868 1752 γὰρ
888 1717 920 1743 οὺ

129 1758 248 1792 χαλεπὸν
263 1759 391 1794 ἀθέτησις
400 1761 564 1795 δεσποτικῆς
580 1762 705 1797 ἑντολῆςς
722 1762 731 1798 )
748 1762 798 1789 οὐκ
809 1763 919 1790 ἀνιάτου

127 1803 157 1830 δὲ
173 1805 314 1839 ἐσομένου,
333 1808 366 1842 τῇ
385 1807 481 1843 ἀφάτῳ
501 1808 691 1844 φιλανθρωπίᾳ
705 1808 751 1835 τοῦ
768 1808 920 1841 πλάσαντος

127 1851 234 1878 καὶτοῦ
249 1853 463 1888 πρωτοπλάστου
478 1855 519 1886 εὶς
533 1855 583 1890 τὴν
593 1855 712 1890 ἀρχαίαν
731 1855 919 1890 ἐπανάγεσθαι

129 1897 272 1932 μέλλοντος
298 1899 449 1934 εὐγένειαν.
473 1901 554 1927 Ὥστε
572 1902 597 1927 εὶ
629 1902 665 1936 μὴ
693 1901 826 1936 προῆκτο,
852 1902 920 1929 διότι

127 1944 242 1979 ἔμελλεν
254 1946 387 1981 ἁμαρτεῖν
401 1948 416 1974 ό
430 1947 588 1983 ἁρχέγονος,
603 1948 738 1975 ἐδείκνυτο
753 1948 786 1975 ἂν
802 1949 832 1975 τὸ
847 1948 919 1976 θεῖον

979 1030 1024 1057 ubi
1041 1030 1158 1065 justitia,
1174 1031 1219 1058 ubi
1231 1031 1344 1067 dignum
1356 1040 1426 1068 opus
1441 1033 1517 1062 Deo?
1531 1035 1679 1071 Propterea
1691 1039 1764 1073 quod

977 1083 1049 1104 unus
1067 1080 1127 1104 erat
1148 1081 1322 1112 peccaturus,
1338 1078 1436 1107 ideone
1451 1087 1485 1107 ex
1506 1081 1591 1110 nihilo
1611 1083 1687 1110 illum
1700 1092 1765 1119 pro-

977 1120 1077 1149 ducere
1095 1128 1151 1149 non
1170 1121 1284 1150 debuit?
1297 1128 1325 1151 et
1347 1128 1388 1152 tot
1407 1125 1561 1159 hominum,
1580 1135 1696 1162 quorum
1712 1138 1764 1158 nec

977 1174 1033 1194 uno
1057 1167 1158 1202 dignus
1186 1173 1246 1196 erat
1273 1169 1402 1203 mundus,
1421 1171 1540 1199 fructum
1570 1179 1722 1210 amputare,
1734 1181 1764 1204 et

976 1213 1115 1241 demetere
1129 1214 1263 1243 radicitus
1275 1220 1380 1243 tantum
1395 1224 1506 1253 germen
1523 1221 1631 1254 generis
1648 1221 1762 1250 humani

974 1263 1002 1286 et
1014 1258 1118 1291 ﬂorem,
1134 1264 1162 1288 et
1175 1264 1271 1288 contra
1285 1261 1351 1288 illud
1368 1261 1520 1291 subornare
1530 1264 1598 1292 iram
1611 1272 1642 1293 ac
1653 1265 1763 1302 falcem,

976 1304 1126 1338 praesertim
1149 1311 1211 1332 cum
1235 1309 1298 1340 post
1317 1310 1489 1341 peccaturus,
1511 1311 1568 1336 tum
1596 1317 1684 1345 neque
1698 1319 1762 1347 pec-

975 1349 1056 1383 carit,
1085 1357 1174 1385 neque
1204 1358 1318 1385 peccare
1348 1353 1496 1387 cogitarit,’
1515 1355 1615 1390 quippe
1638 1358 1762 1385 nondum

974 1396 1132 1424 exsistens?
1148 1396 1176 1424 Si
1192 1399 1265 1424 enim
1283 1398 1446 1432 prudentum
1462 1400 1584 1428 virorum
1596 1405 1638 1429 est
1659 1410 1713 1430 non
1727 1404 1763 1431 ab

974 1449 1007 1470 eo
1021 1450 1118 1478 poenas
1144 1443 1264 1477 exigere.
1291 1444 1338 1478 qui
1354 1452 1468 1479 peccare
1484 1447 1595 1481 quidem
1620 1449 1759 1484 cogitarit.

974 1489 1096 1516 nondum
1109 1493 1199 1517 tamen
1219 1491 1349 1525 peccarit,
1368 1492 1507 1526 quomodo
1523 1492 1570 1521 Dei
1585 1499 1657 1522 esset
1668 1495 1702 1523 ab
1715 1503 1761 1528 eo,

973 1535 1020 1570 qui
1035 1543 1068 1563 ne
1080 1535 1226 1564 meditatus
1244 1537 1353 1572 quidem
1379 1539 1415 1565 sit
1436 1547 1559 1573 peccare,
1580 1549 1675 1576 pceuas
1695 1551 1761 1578 pec-

973 1585 1096 1608 catorum
1125 1581 1244 1616 exigere.
1270 1585 1422 1617 praesertim
1446 1592 1508 1612 cum
1531 1594 1614 1620 grave
1647 1589 1760 1622 quidem

973 1631 1039 1654 tunc
1049 1631 1122 1655 esset
1136 1631 1278 1662 peccatum
1297 1629 1446 1662 (quomodo
1460 1631 1532 1658 enim
1549 1639 1603 1669 non
1619 1640 1700 1668 grave
1713 1642 1760 1662 re-

936 1658 957 1688 c
974 1671 1097 1706 linquere
1119 1672 1226 1700 Domini
1250 1674 1441 1710 praeceptum),
1451 1683 1504 1704 non
1520 1664 1597 1704 vero.
1610 1658 1762 1708 iiicurabile

975 1715 1103 1743 ineffabili
1123 1715 1280 1746 Conditoris
1300 1718 1462 1752 clementia,
1482 1721 1601 1755 primum
1621 1723 1761 1752 hominem

973 1763 1007 1790 ad
1021 1763 1166 1798 pristinam
1191 1765 1346 1792 revomturi
1359 1766 1516 1801 dignitatem
1529 1767 1540 1794 ?
1555 1768 1650 1804 Itaque
1668 1770 1691 1798 si
1704 1778 1760 1798 non

973 1808 1123 1843 productus
1147 1808 1245 1837 fuisset
1263 1810 1368 1845 primus
1390 1818 1489 1846 parens
1506 1814 1579 1847 quod
1594 1818 1760 1848 peccaturus

973 1858 1043 1886 erat,
1057 1852 1207 1881 eﬂiceretur
1225 1854 1309 1882 Deum
1326 1857 1422 1890 punire
1445 1856 1567 1884 nondum
1587 1864 1759 1893 peccantem,

973 1903 1000 1926 et.
1011 1899 1164 1933 posteriore
1183 1901 1325 1928 vocatione
1335 1905 1362 1928 ct
1379 1902 1466 1930 salute
1480 1903 1604 1937 privare:
1619 1909 1646 1932 et
1655 1910 1762 1934 creatu-

973 1953 1030 1973 ram
1049 1949 1089 1972 tot
1099 1946 1235 1981 tantisque
1252 1947 1318 1975 viris
1330 1948 1425 1976 orbam
1441 1950 1597 1978 ostendere.

127 1993 174 2018 τὸν
196 1993 280 2028 μήπω
296 1994 494 2030 ἀμαρτήσαντα
515 1993 639 2026 κολάζον,
665 1994 713 2021 καὶ
741 1994 790 2029 τῆς
805 1993 918 2029 ὕστερον
931 1991 1106 2027 ἀνακλήσεως
1132 1991 1180 2018 καὶ
1210 1992 1347 2028 σωτηρίας
1358 1993 1537 2029 ἀποστεροῦν,
1553 1995 1601 2022 καὶ
1624 1995 1759 2023 τοσούτων

126 2039 234 2076 ἀνδρῶν
261 2039 353 2067 καλῶν
375 2048 406 2067 τε
426 2040 474 2068 καὶ
494 2039 603 2075 ἀγαθῶν
633 2040 737 2076 ἔρημον
757 2039 806 2075 τὴν
831 2039 918 2067 κτίσιν
935 2039 1094 2072 ἀποφαῖνον,

162 2107 225 2134 Ὀτι
232 2106 278 2134 τοῦ
286 2107 358 2134 θείου
367 2108 472 2136 Παύλου
482 2108 613 2140 εἰπόντος·
621 2108 808 2142 Πρωτότοκος
817 2107 920 2142 πάσης

128 2154 257 2187 κτίσεως
285 2155 309 2180 οἱ
345 2155 488 2190 αἱρετικοὶ,
512 2156 590 2190 φησὶ,
612 2155 649 2191 μὴ
676 2156 822 2190 νοήσαντες
855 2154 920 2189 περὶ

126 2199 209 2229 ποίας
227 2199 344 2232 κτίσεως
357 2200 442 2234 λέγει,
457 2201 498 2233 εἰς
508 2201 612 2236 κτίσμα
626 2201 671 2228 τὸν
688 2201 751 2228 Υίὺν
767 2201 792 2227 οί
811 2200 920 2235 ἀνόητοι

125 2245 353 2278 καταὸιὸἁζουσι.
376 2246 457 2282 Διττὴ
472 2247 500 2273 δὲ
517 2246 634 2282 ήκτίσις
650 2255 657 2262 ·
674 2248 690 2282 ὴ
708 2247 757 2282 μὲν
770 2247 824 2281 γάρ
846 2247 919 2273 ἐστιν

1004 2106 1074 2134 Cum
1098 2107 1171 2135 dicat
1194 2107 1291 2135 beatus
1310 2107 1434 2136 Paulus:
1452 2108 1644 2145 Primogenilus
1672 2112 1758 2139 omni:

969 2159 1097 2181 creatum
1113 2153 1137 2186 ί,
1155 2154 1287 2186 Ιιῖοτειὶοἰ,
1304 2154 1403 2189 inquit.
1422 2163 1476 2182 non
1513 2155 1696 2191 intelligentes
1723 2156 1758 2185 dc

969 2207 1022 2234 qua
1038 2205 1162 2227 creatura
1187 2200 1326 2235 loquatur,
1342 2201 1375 2228 ad
1392 2205 1547 2230 creaturam
1574 2202 1673 2230 Filium
1704 2203 1757 2238 ipsi

969 2245 1129 2280 insipientes
1155 2246 1288 2274 referunt.
1316 2247 1421 2282 Duplex
1449 2249 1520 2275 enim
1539 2253 1581 2276 est
1608 2253 1756 2282 creatura,

125 2292 143 2326 ἡ
159 2291 342 2327 γεγενημένη,
359 2291 376 2327 ἡ
399 2291 426 2318 δὲ
441 2293 457 2326 ἡ
486 2292 735 2333 ἁνακαινιζομὲνη·
759 2292 840 2324 αὐτὸς
863 2292 918 2327 γὰρ

979 2298 1024 2318 ma
1035 2291 1145 2326 quidem
1162 2291 1243 2325 facta,
1259 2293 1343 2321 altera
1361 2298 1501 2321 renovata.
1522 2293 1624 2323 Paulus
1639 2303 1760 2331 namque

125 2336 207 2363 πάλιν
224 2337 328 2367 Παῦλος
346 2336 409 2372 βοᾷ·
426 2338 462 2364 El
472 2346 516 2369 τις
531 2338 565 2364 ἐν
577 2337 693 2372 Χριστῷ
707 2337 795 2371 καινὴ
808 2338 916 2369 κτίσις.

125 2382 186 2409 Ἵνα
196 2383 224 2409 δὲ
237 2382 371 2417 λαμπρῶς
384 2384 406 2399 ’ί
421 2383 543 2419 ἐπιδείξῃ
556 2383 598 2410 ὅτι
616 2384 664 2418 τῆς
679 2383 918 2418 ἁνακαινισθείσης

125 2429 243 2459 κτίσεως
277 2428 352 2463 λέγει
380 2430 552 2464 πρωτότοκον
583 2431 630 2458 τὸν
663 2431 789 2466 Χριστὸν,
819 2430 918 2464 ὲπάγει

125 2475 318 2508 Πρωτότοκος
347 2475 382 2502 ἐκ
407 2475 542 2510 νεκρῶν,
567 2476 617 2503 Ζνα
636 2476 757 2512 γένηται
781 2476 817 2503 ἐν
841 2477 917 2504 πᾶσι

124 2521 301 2555 πρωτεύων·
313 2521 462 2556 πρωτεύων
475 2521 530 2549 τῶν
540 2522 798 2556 ἁνακαινιζομένων,
810 2522 862 2549 τῶν
877 2523 917 2555 είς

123 2566 280 2602 ἀφθαρσίαν
287 2567 472 2603 καλουμένων,
479 2568 533 2594 τῶν
542 2569 575 2595 ὲκ
583 2569 687 2605 νεκρῶν
694 2569 875 2605 ἐγειρομένων
881 2570 915 2602 ³⁵,

124 2611 190 2648 [848
215 2612 272 2648 IL]
290 2613 439 2649 πρωτεύων
452 2614 483 2640 οὐ
501 2613 572 2641 κατὰ
592 2614 642 2650 τήν
665 2614 781 2650 θεότητα
798 2615 916 2650 (ἄπαγε-

124 2657 204 2694 ὖὸρις
213 2659 269 2694 γὰρ
281 2658 341 2694 Θεῷ
355 2659 385 2685 τὸ
398 2659 539 2687 καλεῖσθαι
556 2660 663 2695 πρῶτον
680 2661 735 2687 τῶν
747 2661 904 2696 κτισμάτων

163 2758 171 2777 ¹
190 2758 300 2786 Coloss.
320 2759 397 2792 ι,15.

449 2760 462 2779 ⁸
478 2758 488 2786 l
503 2759 567 2786 Cor.
584 2767 610 2791 ν,
629 2758 672 2786 17.
710 2759 725 2780 ιι
738 2759 844 2787 Coloss.
861 2768 880 2792 ι,
900 2759 944 2787 {8.

969 2338 1066 2365 iterum
1093 2338 1214 2366 clamat:
1228 2339 1260 2367 Si
1274 2348 1327 2376 qua
1347 2341 1376 2367 in
1391 2340 1495 2368 Christo
1509 2349 1575 2368 nova
1590 2347 1713 2369 creatura
1731 2344 1757 2369 ε.

971 2384 1059 2420 thue
1074 2385 1218 2414 manifeste
1244 2387 1342 2422 520a
1363 2388 1488 2415 ostendat
1509 2395 1538 2416 se
1564 2389 1655 2416 dicere
1674 2388 1756 2416 Chri-

969 2435 1042 2459 stum
1055 2438 1115 2459 esse
1128 2431 1340 2466 primogenitum
1359 2437 1491 2460 creatum
1506 2438 1654 2466 renovant,
1664 2434 1757 2461 addit:

970 2476 1166 2513 Primogenitus
1177 2487 1209 2506 ea:
1220 2480 1342 2511 mortuis,
1350 2484 1379 2506 ut
1389 2478 1465 2506 sit'in
1476 2481 1595 2507 omnibus
1610 2481 1710 2515 primus
1719 2481 1731 2500 δ
1748 2491 1755 2508 :

970 2525 1074 2560 primus
1101 2530 1309 2558 renovatorum,
1334 2526 1367 2553 ad
1388 2526 1621 2561 incorruptionem
1644 2532 1756 2554 vocato-

971 2579 1045 2603 rum,
1060 2579 1092 2598 ex
1107 2572 1223 2600 mortuis
1234 2572 1470 2605 resuscitatorum,
1483 2578 1510 2600 et
1523 2573 1755 2600 suscitaudorum.

972 2617 1081 2645 Primus
1103 2625 1159 2646 non
1181 2618 1333 2646 secundum
1357 2618 1484 2646 deitatem
1504 2620 1513 2653 (
1530 2627 1615 2654 apage
1636 2620 1643 2646 1
1660 2624 1756 2647 contu-

974 2662 1055 2689 melia
1074 2662 1147 2689 enim
1177 2667 1218 2690 cst
1244 2661 1271 2689 in
1289 2662 1386 2695 Deum,
1415 2663 1508 2690 vocari
1535 2663 1610 2690 illum
1637 2663 1755 2698 primum

780 2862 896 2890 VARI/[5
913 2862 1119 2891 LECTIONES.

174 2941 199 2957 "
213 2940 358 2975 ἀπολύσεις
373 2943 406 2970 Α.
458 2942 481 2960 ’⁸
498 2943 528 2970 τὸ
553 2945 629 2972 libris
647 2944 732 2972 deest.

783 2944 803 2959 "
819 2943 943 2979 λαμπρὴν
961 2952 990 2975 ς.

1044 2944 1066 2960 θ’
1082 2943 1265 2979 ἐγειρομένων
1292 2943 1339 2970 καὶ
1365 2942 1531 2979 περωμένων
1544 2951 1632 2979 πρωτ.
1647 2951 1678 2975 ς.
