1959 3081
194 219 244 252 271

773 217 903 248 ΡΗΟΤῘΙ
915 216 1169 248 PATRIARCiI/E
1187 217 1240 247 (ΞΡ.

1760 220 1811 253 272

195 279 391 305 creaturarum,
407 273 453 306 qui
474 273 602 301 inell‘abili
618 273 710 305 verbo,
729 276 756 300 et
770 272 979 308 incomprehen-

1036 272 1059 303 ὃς
1084 273 1196 308 ἀρρήτῳ
1222 272 1292 307 λόγῳ
1314 272 1360 298 καὶ
1382 273 1550 309 ἀνεπινοήτῳ
1575 273 1695 311 ύπερῢχῇ
1722 277 1812 312 πάσης

195 322 267 349 sibili
287 321 446 348 excellentia
469 328 551 355 super
574 327 670 347 omnes
695 323 837 346 creaturas
854 319 977 346 ascendit

195 369 345 402 sedetque),
365 367 412 394 scd
441 367 546 400 primus
571 371 613 394 est
646 366 795 393 secundum
823 364 976 391 humanita-

195 416 259 443 tem,
274 412 398 445 princeps
413 410 502 438 factus
523 410 733 438 resurrectionis
754 414 863 442 nostras,
878 413 905 436 ct
917 417 976 436 mu-

195 457 309 483 tationis
321 463 353 483 ex
365 456 542 490 corruptione
557 456 583 482 in
599 455 844 489 incorruptionem.
862 454 890 481 Si
904 454 976 481 enim

176 513 180 519 -
195 503 267 530 Elias
287 502 370 529 lilium
387 502 474 529 vidua:
488 502 626 533 excitavit,
644 506 671 528 ct
686 501 800 529 Eliszeus
827 501 910 527 tilium
931 500 978 527 Su-

195 548 344 581 namitidis,
361 552 388 574 et
414 547 539 574 Salvator
559 547 735 581 quatriduum
756 546 887 573 Lazarum
903 545 978 572 exci—

196 595 278 626 tavit;
296 594 341 621 sed
360 601 440 620 nemo
454 601 548 621 eorum
562 593 595 620 ad
612 593 852 627 incorruptionem.
873 596 901 619 et
927 592 977 618 im-

194 640 385 667 mortalitatem
406 641 539 667 excilatus
555 645 606 667 est.
627 641 725 667 lterum
751 641 824 667 enim
837 647 884 667 eos
899 647 973 666 ntors

195 692 288 722 postea
306 687 452 721 oppressit.
469 687 593 713 Christus
608 694 673 714 vero
686 694 801 721 surgens
815 693 830 713 e
846 686 977 715 mortuis.

196 741 248 760 non
268 733 385 768 amplius
414 733 538 764 moritur,
563 740 613 760 nec
636 740 711 759 mors
730 733 845 766 amplius
861 732 899 758 illi
927 732 978 758 do-

195 779 331 811 minatur,
361 779 408 806 sed
434 786 522 813 neque
550 779 604 806 illis
637 786 706 814 quos
731 779 759 805 in
784 777 906 805 secundo
928 784 979 803 suo

195 826 310 852 adventu
334 825 471 852 excitabit.
487 824 510 851 Ο
532 825 630 852 malam
647 829 673 852 et
692 825 845 851 dementem
861 827 977 850 vestram

195 871 367 906 opinionem!
387 871 463 899 Venit
488 871 613 898 Christus
633 870 666 897 ad
697 878 747 898 nos
775 880 782 897 :
802 871 876 898 dedit
899 870 979 897 nobis

196 918 326 953 Spiritum
344 925 421 944 suum
440 922 574 949 sanctum,
587 922 614 944 et
630 918 780 951 assumpsit
803 923 902 951 corpus
928 923 978 943 no-

1030 318 1217 353 ὐπερήρτηται
1233 319 1278 344 καὶ
1298 318 1472 354 ύπερίδρυται
1496 319 1626 354 φύσεως),
1648 321 1716 348 ἀλλὰ
1739 332 1812 358 πρω-

1029 363 1103 389 τεύει
1130 363 1201 389 κατά
1215 372 1247 396 γε
1270 363 1318 398 τὴν
1345 364 1559 400 ἀνθρωπότητα,
1587 367 1706 402 ἀρχηγὸς
1735 369 1811 403 ἡμῶν

1030 409 1149 442 γεγονὼς
1179 409 1228 444 τῆς
1247 409 1422 441 ἀναστάσεως
1445 411 1492 436 καὶ
1520 413 1571 446 τῆς
1596 413 1628 438 ὲκ
1651 413 1753 448 φθορᾶς
1773 415 1812 445 εὶς

1029 455 1185 489 ἀφθαρσίαν
1213 456 1487 490 μεταστοιχειώσεως.
1513 457 1544 483 Εἰ
1575 457 1629 493 γὰρ
1650 459 1697 485 καὶ
1722 459 1812 491 Ἠλίας

1030 500 1075 527 τὸν
1094 500 1151 526 υἱὸν
1169 502 1217 535 τῆς
1233 501 1320 535 χήρας
1335 502 1440 536 ἥγειρε,
1460 502 1507 528 καὶ
1535 503 1683 536 Ἐλισσαῖος
1699 505 1745 531 τὸν
1764 506 1812 540 τῆς

1030 546 1220 581 Σωμανίτιδος,
1239 547 1286 573 καὶ
1311 547 1391 577 αὐτὸς
1419 547 1433 574 ὁ
1463 548 1557 584 Σωτὴρ
1586 551 1743 586 τεταρταῖον
1768 551 1812 578 τὸν

1030 595 1155 629 Λάζαρον
1185 593 1361 628 ὲξανέστησεν
1386 595 1419 626 ⁹¹,
1454 595 1512 622 ἀλλ’
1533 596 1622 629 οὐδεὶς
1651 598 1740 625 αὐτῶν
1773 600 1812 630 εἰς

1030 639 1182 674 ἀφθαρσίαν
1211 639 1259 665 καὶ
1290 639 1441 666 ἀθανασίαν
1473 640 1626 676 ἐξανέστη·
1651 642 1733 669 πάλιν
1760 644 1812 679 γὰρ

1030 684 1140 711 αὺτῶνδ
1153 685 1267 717 θάνατος
1278 686 1428 722 ἐκυρίευσε.
1448 687 1564 722 Χριστὸς
1590 688 1618 714 δὲ
1640 690 1759 721 ἀναστὰς
1781 691 1812 717 ὲκ

1031 731 1134 764 νεκρῶν
1159 731 1250 757 οὐκέτι
1273 732 1440 767 ἀποθνήσκει
1459 741 1465 748 ·
1482 733 1594 765 θάνατος
1614 735 1695 761 αὑτοῦ
1720 737 1812 763 οὐκέτι

1032 775 1162 811 κυριεύει.
1183 777 1253 803 Ἀλλ’
1270 777 1329 804 οὐδὲ
1346 778 1468 809 ἐκείνων,
1483 779 1529 810 οὓς
1538 780 1609 806 κατὰ
1623 780 1670 816 τὴν
1684 781 1812 817 δευτέραν

1031 822 1113 848 αὐτοῦ
1131 823 1280 858 παρουσίαν
1299 824 1454 858 ἀναστήσει.
1474 825 1505 850 Ὢ
1522 826 1610 860 κακῆς
1627 826 1671 852 καὶ
1698 827 1812 862 ἄφρονος

1033 869 1109 902 ὑμῶν
1136 870 1159 885 ⁵⁵
1181 869 1310 905 γνώμηςί
1337 867 1418 904 ἦλθεν
1448 870 1462 896 ὁ
1486 871 1603 906 Χριστὸς
1632 872 1700 907 πρὸς
1729 870 1811 908 ἡμᾶς,

1032 915 1131 942 ἔδωκεν
1155 917 1222 952 ἡμῖν
1248 917 1279 942 τὸ
1307 916 1390 943 αὑτοῦ
1417 917 1540 952 Πνεῦμα,
1566 919 1611 945 καὶ
1643 919 1757 946 ἀνέλαϐε
1783 920 1813 946 τὸ

195 967 328 996 strum,et
341 967 498 990 contractus
512 963 659 997 praecessit,
674 968 700 990 et
718 963 835 998 iqduens
857 967 977 989 nostram

1036 962 1163 997 ἡμέτερον
1183 961 1270 997 σῶμα,
1293 963 1340 989 καὶ
1359 963 1390 989 τὺ
1415 963 1591 999 συνάλλαγμα
1615 965 1743 1000 προῆλθε,
1768 966 1814 993 καὶ

194 1007 391 1034 humanitatem
410 1007 540 1034 exaltavit
555 1007 639 1038 illam,
652 1012 679 1034 et
696 1007 838 1034 coustituit
853 1007 927 1033 illam
951 1007 977 1033 in

195 1054 304 1081 dextera
331 1053 439 1080 Patris:
463 1057 490 1080 et
506 1053 671 1088 ingratitudo
697 1053 861 1080 beneﬁcium
879 1057 978 1080 contu-

197 1099 275 1126 melia
297 1098 389 1126 allicit.
405 1098 516 1133 Accepit
533 1106 547 1125 a
574 1099 653 1125 nobis
677 1097 852 1133 ﬁgmentum,
873 1102 900 1125 et
915 1105 980 1124 con-

196 1145 283 1172 stituit
305 1144 371 1171 illud
396 1144 423 1171 in
442 1144 551 1171 dextera
567 1143 664 1171 Patris.
690 1143 854 1178 Accepimus
882 1143 916 1170 ab
933 1143 979 1170 illo

196 1190 339 1226 Spiritum,
354 1195 380 1217 et
395 1190 521 1224 iniuriam
539 1189 673 1222 iacimus,
696 1189 722 1216 in
747 1193 934 1217 creaturarum
953 1194 981 1216 et

196 1245 335 1265 servorum
351 1237 473 1264 ordinem
489 1237 564 1263 illum
582 1236 743 1272 redigentes.

231 1282 329 1310 Potitio
354 1283 463 1317 quidem
489 1282 607 1314 dicitur,
629 1284 738 1317 quando
767 1281 852 1308 Deum
881 1281 980 1316 aliquis

197 1335 286 1364 rogat,
303 1330 341 1357 rei
356 1329 497 1365 cujusdam
518 1329 622 1363 gratia;
650 1329 768 1363 precatio
784 1336 848 1356 vero
870 1329 980 1363 quando

198 1375 259 1410 quis
275 1382 323 1410 pro
337 1374 456 1409 acceptis
471 1374 609 1401 benelieiis
624 1374 724 1409 gratias
741 1375 795 1410 agit
809 1373 875 1401 Deo.
892 1373 981 1400 lntcr-

198 1422 287 1449 cessio
301 1429 375 1454 vero,
395 1421 505 1456 quando
523 1421 585 1455 quis
599 1425 694 1447 contra
710 1420 818 1455 iniquos
832 1421 935 1448 accedit
948 1420 981 1447 ad

200 1467 293 1500 Deum,
312 1475 411 1495 vocans
426 1467 500 1494 illum
516 1466 549 1493 ad
569 1466 709 1493 ultionem.
728 1465 897 1493 lntercedere
917 1473 981 1493 vero

200 1521 252 1540 non
266 1518 317 1544 est,
331 1513 429 1548 inquit,
445 1513 609 1547 supplicare,
639 1511 686 1540 sed
701 1511 882 1547 interrogare,
898 1516 925 1538 et
941 1519 983 1537 re-

200 1567 329 1592 sponsum
349 1558 480 1593 accipere.
505 1557 576 1584 Dicit
594 1557 665 1584 Deus
678 1556 710 1584 ad
728 1556 813 1583 Etiam
837 1565 846 1582 :
867 1556 938 1588 Quid
954 1561 982 1582 tu

200 1606 251 1635 hic.
266 1605 346 1632 Elia?
360 1604 506 1639 respondet
527 1603 658 1639 propheta
682 1603 865 1638 interrogatus
883 1611 889 1629 :
920 1601 982 1628 Zeto

201 1651 300 1677 zelum:
321 1659 378 1677 sum
390 1657 438 1684 pro
453 1649 564 1675 Domino
578 1648 750 1679 exercituum,
761 1648 825 1682 quia
839 1647 985 1682 derelique-

201 1702 262 1723 runt
272 1701 373 1730 partem
394 1695 499 1721 Domini
514 1694 565 1729 [itii
584 1693 669 1720 Israel
683 1694 706 1726 ί,
724 1697 766 1720 etc
781 1700 787 1719 :
802 1692 862 1719 Non
885 1698 927 1720 est
942 1693 985 1720 hic

201 1742 306 1778 petitio,
320 1741 367 1768 sed
390 1740 566 1774 interrogatio
579 1744 605 1766 et
625 1738 777 1774 responsio,
800 1744 827 1765 et
851 1738 985 1766 interces--

203 1788 244 1815 sio
263 1787 314 1822 [vel
345 1784 535 1820 interpellatio]
557 1785 586 1811 [it
609 1792 642 1812 ex
660 1788 787 1819 utroque.
807 1783 840 1811 Et
863 1784 934 1812 unde
958 1784 984 1810 id

203 1834 398 1863 manifestum?
413 1833 526 1860 Paulum
541 1833 674 1860 dicentem
688 1833 750 1860 audi
768 1840 774 1858 :
787 1833 829 1859 An
839 1832 945 1859 nescitir
957 1832 984 1858 in

203 1881 266 1907 Elia
281 1879 342 1915 quid
356 1880 420 1906 dicit
434 1878 582 1913 Scriptura,
597 1878 819 1914 quemadmodum
831 1877 983 1913 interpellat

203 1928 287 1954 Deum
300 1926 437 1953 adversum
455 1924 542 1952 Israel
563 1925 588 1952 1'?
616 1925 700 1960 Igitur
725 1925 834 1960 ὲντυχία
862 1933 916 1952 non
945 1928 987 1952 est

202 1973 303 2009 δέησις.
328 1972 380 1999 Sed
413 1972 470 1999 hrec
494 1971 713 2007 Chrysostomus.
729 1970 840 2006 Oportet
860 1978 924 1998 vero
937 1971 987 1998 ad-

203 2020 258 2047 huc
277 2019 403 2046 subtilius
424 2017 590 2046 differentias
604 2018 750 2050 {dictorum
778 2018 873 2053 52οὸ
897 2019 986 2045 nomi-

203 2072 268 2091 num
283 2063 458 2099 perpendere.
470 2068 498 2090 et
509 2063 692 2094 considerare,
704 2066 734 2090 ut
748 2070 802 2089 non
814 2063 902 2089 soluat
920 2062 987 2089 satis

203 2111 300 2138 idonea
321 2110 375 2137 sint
393 2116 453 2144 quae
476 2109 548 2144 plebi
576 2109 719 2141 dicantur;
748 2108 794 2135 sed
825 2112 852 2135 et
876 2115 983 2140 eorum,

204 2155 251 2191 qui
264 2163 311 2183 cas
324 2162 405 2183 voces
419 2155 510 2182 volent
523 2154 614 2181 acrius
636 2159 774 2185 excutere,
795 2154 985 2189 reprehensio-

205 2207 266 2228 nem
286 2206 314 2228 et
324 2200 450 2236 injuriam
464 2200 603 2235 eﬂ'ugiant.

1030 1008 1119 1035 λαὸὼν
1132 1009 1211 1044 ἡμῶν
1225 1009 1256 1036 τὺ
1270 1010 1385 1045 φύραμα
1398 1010 1539 1045 ἀνύψωσεν
1559 1010 1622 1037 αὐτὸ
1634 1011 1680 1037 καὶ
1688 1011 1813 1038 ἐκάθισεν

1029 1055 1058 1080 ὲν
1070 1051 1146 1090 δεξιᾷ
1159 1055 1204 1081 τοῦ
1221 1055 1326 1091 Πατρός
1336 1064 1343 1071 ·
1358 1056 1441 1091 καὶιὴ
1467 1056 1647 1091 ἀγνωμοσύνη
1663 1056 1712 1092 τὴν
1738 1057 1814 1093 εὐερ-

1029 1099 1125 1133 γεσίαν
1150 1100 1265 1135 ὑὸρίζει.
1285 1100 1387 1127 Ἐλαῦε
1413 1101 1477 1136 παρ’
1500 1101 1578 1135 ἡμῶν
1595 1100 1625 1127 τὸ
1640 1100 1751 1135 πλάσμα
1767 1103 1814 1128 καὶ

1030 1145 1156 1171 ἐκάθισεν
1177 1146 1209 1172 ἐκ
1235 1145 1331 1179 δεξιῶν
1351 1145 1397 1172 τοῦ
1427 1146 1531 1181 Πατρός
1545 1153 1554 1163 θ
1585 1146 1666 1182 [1552
1683 1146 1730 1182 [ι]
1751 1147 1814 1174 ἐλά-

1031 1191 1114 1225 ϐομεν
1141 1191 1170 1224 ἐξ
1198 1191 1280 1218 αὐτοῦ
1306 1192 1336 1218 τὸ
1364 1191 1486 1226 Πνεῦμα,
1521 1192 1568 1219 καὶ
1599 1192 1762 1228 ὑϐρίζομεν,
1786 1194 1814 1219 ὲν

1031 1237 1160 1272 κτίσμασι
1175 1237 1221 1264 καὶ
1237 1237 1341 1270 δούλοις
1348 1238 1416 1265 αὐτὸ
1434 1238 1457 1254 ’⁸
1473 1238 1679 1272 καταλέγοντες.

1067 1283 1127 1311 Ὅτι
1144 1283 1220 1319 φησὶ,
1239 1284 1332 1319 δέησις
1356 1284 1404 1319 μὲν
1418 1283 1537 1318 λέγεται,
1552 1285 1616 1311 ὅταν
1629 1293 1672 1316 τις
1684 1285 1728 1311 τὸν
1749 1284 1816 1311 Θεὸν

1032 1329 1102 1362 ἀξιοῖ
1113 1330 1152 1361 εἰς
1166 1330 1292 1365 πρᾶγμα,
1305 1329 1443 1365 προσευχὴ
1459 1330 1497 1362 δὲ,
1513 1330 1578 1356 ὅταν
1592 1330 1662 1365 ὑμνῇ
1680 1330 1724 1356 τὸν
1737 1330 1813 1362 Θεὸν,

1032 1375 1191 1411 εὐχαριστία
1206 1376 1245 1408 δὲ,
1263 1375 1327 1402 ὅταν
1341 1384 1382 1407 τις
1396 1376 1466 1410 ὑπὲρ
1480 1372 1517 1402 ὧν
1533 1375 1618 1402 ἔπαθε
1633 1375 1712 1411 χάριν
1736 1376 1816 1402 ἀνθο-

1034 1422 1135 1457 μολογῇ
1152 1421 1191 1456 τῷ
1205 1420 1274 1456 Θεῷ,
1289 1422 1398 1456 ὲντυχία
1406 1421 1445 1454 δὲ,
1460 1421 1525 1448 ὅταν
1536 1430 1577 1453 τις
1592 1422 1662 1448 κατὰ
1678 1422 1731 1448 τῶν
1757 1422 1815 1448 ἀδι-

1033 1467 1153 1494 κούντων
1170 1467 1319 1502 ἐντυγχάνῃ
1338 1467 1376 1502 τῷ
1393 1467 1463 1502 Θεῷ,
1481 1467 1718 1502 προσκαλούμενος
1733 1468 1815 1494 αὐτὸν

1033 1513 1073 1543 εις
1097 1511 1246 1547 ἐκδίκησιν.
1278 1511 1339 1538 Ὀτι
1361 1511 1389 1537 δὲ
1419 1511 1450 1537 τὸ
1478 1512 1651 1546 ἐντυγχάνειν
1682 1512 1732 1538 οὐκ
1757 1512 1816 1538 ἔστι

1034 1557 1138 1592 (φησὶν)
1147 1557 1276 1584 ἱκετεύειν
1287 1557 1346 1583 ἀλλ’
1355 1557 1460 1592 ἐρωτᾷν
1468 1557 1514 1583 καὶ
1527 1557 1672 1592 ἀπόκρισιν
1679 1558 1816 1592 δέχεσθαι.

1035 1603 1108 1636 λέγει
1129 1603 1144 1629 ὁ
1168 1603 1234 1634 Θεὸς
1265 1603 1333 1638 πρὸς
1360 1603 1406 1629 τὸν
1431 1603 1541 1629 Ἠλίαν·
1566 1604 1595 1629 Τί
1627 1603 1668 1629 σὺ
1687 1603 1818 1630 ἐνταῦθα

1041 1648 1142 1681 Ἡλίω
1158 1648 1334 1683 ἀποκρίνεται
1347 1647 1492 1683 ἐρωτηθεὶς
1508 1649 1521 1673 ὁ
1538 1648 1679 1683 προφήτης
1693 1656 1700 1662 ·
1711 1649 1819 1682 Ζηλὼν

1035 1694 1167 1727 ἐζήλωκα
1180 1695 1278 1728 Κυρίῳ
1299 1694 1526 1728 παντοκράτορι,
1555 1693 1598 1720 ὅτι
1621 1693 1820 1728 ἐγκατέλιπον

1034 1749 1072 1767 σε
1081 1741 1109 1766 οἱ
1119 1740 1177 1767 υΙοὶ
1193 1741 1322 1774 Ἰσραὴλ,
1339 1741 1386 1766 καὶ
1400 1739 1541 1772 ἑξῆς.⁵Καὶ
1555 1740 1604 1766 οὐκ
1615 1739 1687 1766 ἐστιν
1701 1740 1818 1767 ἐνταῦθα

1035 1787 1138 1822 δέησις,
1154 1786 1352 1822 ἁλλ’ὲρὼτησις
1364 1787 1410 1813 καὶ
1427 1787 1572 1821 ἀπόκρισις
1582 1794 1591 1801 ·
1610 1787 1657 1813 καὶ
1668 1787 1763 1821 γέγονε
1787 1786 1819 1813 τὸ

1035 1833 1066 1864 ὲξ
1091 1833 1191 1867 ἀμφοῖν
1223 1832 1351 1865 ἔντευξις.
1380 1833 1435 1859 Καὶ
1468 1833 1550 1859 πόθεν
1580 1833 1674 1867 δῆλον;
1710 1834 1819 1860 Παύλου

1035 1877 1158 1911 λέγοντος
1182 1878 1317 1904 ἄκουσον·
1349 1879 1408 1905 Οὐκ
1432 1879 1580 1913 ἀνέγνωτε
1604 1879 1638 1905 ἐν
1663 1879 1744 1912 Ἠλίᾳ
1778 1879 1820 1912 τῷ

1035 1924 1171 1958 προφήτῃ
1187 1924 1300 1958 τίλέγει
1310 1923 1329 1956 ὴ
1344 1924 1457 1958 γραφή;
1469 1925 1508 1957 ὡς
1520 1923 1694 1958 ἐντυγχάνει
1705 1924 1744 1957 τῷ
1758 1925 1820 1958 Θεῷ

1037 1970 1111 1997 κατὰ
1130 1970 1183 1997 τοῦ
1209 1970 1338 2003 Ἰσραήλ.
1365 1970 1468 1996 Οὐκοῦν
1495 1971 1511 2005 ή
1538 1971 1662 2005 ἐντυχία
1692 1971 1741 1997 οὐκ
1761 1970 1820 1997 ἔστι

1037 2017 1150 2050 δέησις.
1174 2017 1255 2043 una
1272 2017 1357 2043 ταῦτα
1370 2017 1419 2051 μὲν
1433 2018 1446 2043 ὁ
1468 2017 1670 2052 Χρυσὸστομος.
1681 2017 1726 2043 Δεῖ
1740 2017 1762 2042 δ’
1772 2017 1820 2044 οὖν

1037 2062 1077 2089 ἔτι
1096 2062 1346 2098 λεπτομερέστερον
1365 2063 1413 2094 τὰς
1434 2063 1565 2096 διαφορὰς
1589 2063 1643 2089 τῶν
1666 2063 1821 2098 εἰρημένων

1037 2109 1175 2144 ὀνομάτων
1202 2108 1399 2143 διασκέψασθαι
1415 2109 1461 2134 καὶ
1477 2109 1671 2143 ὲπιθεωρῆσαι,
1694 2108 1764 2134 ὥστε
1782 2109 1822 2144 μὴ

1037 2155 1076 2189 τῷ
1088 2154 1184 2190 πλήθει
1202 2155 1280 2188 μόνον
1307 2154 1387 2180 ἱκανὰ
1400 2152 1469 2180 εἶναι
1482 2154 1618 2187 λέγεσθαι,
1628 2154 1696 2180 ἀλλὰ
1707 2154 1752 2180 καὶ
1763 2157 1822 2186 τοῖς

1037 2202 1185 2236 δεινότερον
1197 2200 1407 2232 διακωδωνίζειν
1417 2200 1502 2226 ταῦτα
1511 2200 1683 2235 βουλομένοις
1692 2201 1820 2228 ἀνάλωτα

1038 2247 1085 2273 καὶ
1099 2246 1290 2282 ἀνεπηρέαστα
1302 2247 1448 2282 διαμένειν,

206 2299 392 2338 Emoratioae,
405 2301 481 2338 quod_
499 2299 601 2333 antiqui
620 2303 644 2325 et
663 2299 721 2338 noui
739 2298 896 2338 Testameuti
919 2306 983 2338 unus

1045 2304 1095 2330 Ἐκ
1115 2303 1167 2330 τοῦ
1192 2304 1296 2338 Ζῖόγου,
1320 2303 1364 2329 ὅτι
1383 2302 1513 2335 παλαιᾶς
1534 2302 1702 2338 καὶκαινῆς
1711 2303 1734 2318 ⁵⁵
1757 2302 1823 2329 δια-

241 2336 274 2361 sit
289 2334 431 2369 lcgislator,
441 2334 500 2361 etin
515 2334 762 2361 vestessacertlotum
775 2333 873 2369 (Exodi
891 2335 985 2368 xxvtu)

241 2375 264 2396 et
284 2370 315 2396 de
328 2371 487 2402 pwnitentia.

240 2418 284 2443 Ait
302 2417 400 2444 Paulus
415 2425 422 2444 :
435 2416 495 2443 Non
508 2417 576 2443 enim
588 2416 708 2444 erubesco
730 2415 914 2452 Euangelium,
939 2417 986 2450 ju-

206 2465 280 2491 stitia
296 2464 365 2490 enim
390 2462 437 2489 Dei
451 2462 479 2489 t'u
502 2471 531 2489 eo
551 2462 682 2489 reveletur
696 2461 721 2490 ι.
741 2462 883 2496 Quomodo
909 2462 990 2498 igitur

205 2510 310 2544 jnstitia
336 2510 381 2536 Dci
408 2510 437 2536 in
466 2510 512 2536 illo
545 2510 702 2537 revelatur?
736 2510 901 2544 quomodo?
927 2517 989 2536 cum

207 2556 294 2589 prima
310 2555 351 2582 lex
366 2554 466 2582 Judaeis
483 2555 548 2582 solis
562 2554 625 2582 data
647 2555 692 2587 sit,
711 2555 775 2582 licet
797 2555 842 2582 alii
865 2555 990 2582 homines

206 2601 328 2636 ejusdem
346 2602 509 2630 exsisterent
533 2607 634 2629 natura:
656 2606 682 2629 et
709 2601 834 2637 originis,
870 2601 991 2636 Evange—

208 2649 274 2676 lium
290 2655 354 2675 vero
376 2648 502 2676 ontuibus
528 2648 667 2682 aequaliter
686 2648 828 2682 gentibus,
849 2647 944 2674 merito
964 2647 991 2674 in

209 2695 256 2722 illo
270 2695 375 2730 iustitia
400 2694 445 2722 Dei
475 2695 618 2727 revelatur,
634 2699 660 2721 et
674 2693 787 2728 iustitiae
814 2693 990 2729 Evangelium

247 2773 257 2792 ί
273 2773 381 2809 lllReg.
400 2772 510 2804 xtx,10.
534 2778 540 2796 t
561 2772 638 2799 Rom.
651 2779 687 2803 XI,
705 2772 730 2798 5.
766 2771 779 2791 lt
792 2770 870 2798 Rom.
888 2778 906 2802 ι,
924 2770 967 2801 lti,
985 2770 1030 2796 17.

1072 2339 1166 2373 θήκης
1174 2336 1217 2372 εἷς
1229 2336 1245 2364 d
1261 2338 1439 2372 νομοθέτης·
1459 2339 1508 2364 καὶ
1526 2339 1570 2371 εἰς
1588 2338 1620 2364 τὸ
1635 2336 1749 2373 ἔνδυμα
1767 2339 1824 2365 τοῦ

1072 2374 1188 2408 ίερέωςο
1210 2372 1258 2400 καὶ
1278 2373 1342 2406 περὶ
1358 2373 1526 2407 μετανοίας.

1073 2419 1133 2446 Ὀτι
1151 2419 1231 2453 φησὶν
1244 2419 1258 2445 ὁ
1278 2418 1393 2451 Παῦλος,
1412 2419 1453 2445 Οὐ
1471 2418 1526 2452 γὰρ
1548 2418 1767 2452 ἐπαισχύνομαι
1789 2418 1827 2445 τὸ

1039 2465 1234 2500 Εὑαττέλιον·
1253 2464 1428 2497 δικαιοσύνη
1444 2464 1497 2499 γὰρ
1515 2464 1589 2491 Θεοῦ
1607 2464 1642 2490 ἐν
1657 2463 1736 2496 αὐτῷ
1748 2464 1826 2490 ἀπο-

1040 2511 1231 2538 καλύπτεται.
1261 2510 1323 2541 Πῶς
1352 2510 1398 2536 οὖν
1419 2509 1577 2544 δικαιοσύνη
1602 2508 1670 2536 Θεοῦ
1698 2510 1726 2535 ἐν
1750 2509 1829 2544 αὐτῷ

1041 2555 1282 2589 ὰποκαλύπτεται;
1324 2555 1402 2589 πῶς;
1434 2555 1529 2591 ἐπειδὴ
1554 2556 1569 2582 ὁ
1599 2555 1707 2591 πρῶτος
1743 2555 1829 2589 νόμος

1047 2601 1184 2633 Ἰουδαίοις
1204 2602 1295 2636 μόνοις
1314 2602 1426 2634 ἐδέδοτο,
1453 2601 1500 2628 καὶ
1514 2601 1576 2637 [8ί9
1595 2602 1628 2628 Η.
1645 2601 1656 2637 ]
1671 2600 1726 2627 τῶν
1738 2600 1830 2628 ἄλλων

1042 2645 1193 2680 ἀνθρώπων
1207 2647 1256 2681 τῆς
1281 2646 1365 2682 αὐτῆς
1387 2647 1562 2682 ὑπαρχόντων
1584 2645 1761 2681 δημιουργίας
1778 2646 1831 2673 καὶ

1043 2691 1161 2726 φύσεως,
1183 2693 1214 2719 τὸ
1234 2692 1262 2719 δὲ
1288 2693 1453 2727 Εὑαγγέλιον
1483 2693 1565 2720 πᾶσιν
1595 2692 1736 2728 «tantum;
1770 2693 1832 2724 τοῖς

835 2848 951 2876 νΑιιιᾹε
973 2846 1173 2875 LECTIONES.

262 2909 286 2926 ’³
303 2909 528 2943 συνεξανέστηαεν
541 2908 573 2934 Α.
605 2907 716 2942 “madv
734 2908 764 2934 Λ.
800 2906 821 2922 ³³
835 2905 900 2931 αὑτὴ
915 2905 969 2932 into
985 2903 1074 2932 αὐτόν.
1107 2905 1141 2940 ,⁸⁵
1157 2905 1202 2931 καὶ
1220 2905 1311 2940 καινῆς
1324 2905 1386 2933 add.
1404 2904 1448 2937 A.,
1460 2903 1494 2931 al.
1509 2911 1564 2931 om.
