1959 3081
150 100 202 130 273

150 196 326 234 καλύπτεται,
345 201 392 227 καὶ
410 200 533 227 καλεῖται
559 200 734 236 δικαιοσύνης
758 200 937 235 Εὐαγγέλιον.

155 247 199 273 Ἑν
227 247 317 272 τοίνυν
340 247 372 281 τῇ
400 245 504 280 παλαιᾷ
527 245 643 281 διαθήκῃ
667 245 718 272 οὐκ
744 243 810 280 ἦνή
843 245 938 280 κλῆσις

149 292 239 319 δικαία
255 300 262 306 ·
283 292 314 318 οὺ
329 292 382 326 γὰρ
395 291 497 326 ὁμοίως
509 290 613 322 πάντας
628 291 720 317 ἐκάλει
737 291 784 317 καὶ
810 290 937 324 ὲφώτιζε,

149 339 211 369 τοὺς
233 337 377 369 Ἰουδαίους
396 337 424 363 δὲ
449 337 557 372 μόνους.
573 337 629 363 Οὐκ
657 333 691 371 ἦν
704 336 750 363 οὖν
765 336 857 363 δικαία
880 335 938 363 ἀλλ’

150 383 318 418 οἰκονομικὴ,
334 382 636 418 προπαρασκευάζουσα
648 381 708 408 ὁδὸν
722 383 753 417 τῇ
769 381 937 416 δικαιοσύνῃ.

153 431 189 456 Οὐ
217 430 289 464 λέγω
310 428 410 463 ταύτην
441 428 548 454 δικαίαν
573 428 703 463 κάκείνην
740 428 851 461 ἄδικον,
880 427 939 454 ἀλλ’

152 475 260 509 ἐκείνην
284 474 343 500 ὁδὸν
367 473 468 508 ταύτης
494 473 542 500 καὶ
574 472 801 508 προκατασκευὴν
826 472 940 508 ταύτης.

160 521 366 556 ’Υπελάμΰανον
388 520 412 547 οἱ
437 520 560 546 Ἰουδαῖοι
587 520 628 546 ὅτι
658 521 705 546 καὶ
727 519 758 545 τὸ
776 520 940 554 Εὐαγγέλιον

153 567 244 598 αὐτοῖς
273 567 416 600 δοθήσεται
443 567 533 600 μόνοις
545 566 580 598 ³⁷,
602 565 698 601 ὥσπερ
721 567 769 592 καὶ
792 566 807 591 ὁ
836 567 919 601 νόμος
934 575 941 582 ·

153 613 234 648 ἐξέϐη
259 613 287 639 δὲ
305 614 369 647 παρ’
385 613 496 644 ἐλπίδας
509 613 526 648 ἡ
555 612 713 647 προσδοκία,
727 612 773 638 Διδ
796 612 844 639 καὶ
859 613 942 639 Δαὸὶδ

154 658 238 692 λέγειν
253 658 466 692 Ὑπελάϐομεν,
476 659 492 683 ὀ
503 658 586 690 Θεὸς,
595 658 628 684 τὸ
639 657 725 690 ἔλεός
736 666 788 684 σου
799 658 835 684 ἐν
858 657 943 693 μέσῳ

155 705 208 731 τοῦ
224 703 300 731 λαοῦ
314 712 382 736 σου,
394 703 556 730 εἶτα-Κατὰ
575 703 607 730 τὸ
624 703 718 738 ὄνομά
735 711 805 737 σου,
821 706 836 731 ό
853 704 936 737 Θεὸς,

663 97 930 129 BIBLIOTIIECA.
949 110 984 115 —
1003 97 1085 129 COD.
1100 98 1289 129 CCLXXVII.

148 155 306 190 ὁμοφυὲσιν,
324 154 436 193 εἰκότως
459 154 488 179 ἐν
512 153 586 188 αύτῷ
600 153 757 189 δικαιοσύνη
772 154 839 181 Θεοῦ
869 156 936 181 ἀπο·
951 156 975 185 Α
988 160 1109 182 vocatur.

1726 98 1780 130 2⁵14

1157 156 1184 182 lu
1214 155 1295 182 veteri
1327 155 1408 190 igitur
1437 154 1613 182 Testamento
1637 162 1690 181 non
1717 160 1777 182 erat

991 201 1189 236 vocatiojusta,
1203 209 1258 228 non
1280 203 1353 230 enim
1374 201 1500 228 similiter
1511 209 1608 228 omnes
1625 201 1740 228 vocabat
1754 206 1781 228 et

990 247 1170 280 illuminabat,
1180 247 1225 274 sed
1243 247 1443 275 solosJudatos.
1463 246 1520 274 Non
1537 251 1595 274 erat
1605 246 1781 282 igiturjusta,

991 293 1037 320 sed
1050 293 1216 327 dispensatio
1232 301 1388 328 praeparans
1401 292 1601 327 viamjustititc.
1624 292 1684 319 Non
1720 293 1783 320 dico

991 338 1061 366 hanc
1077 338 1191 373 justam,
1209 339 1280 365 illam
1307 346 1371 365 vero
1393 338 1533 372 injustam,
1559 338 1605 365 sed
1623 338 1695 366 illam
1711 339 1783 366 viam

990 383 1073 418 hujus
1087 390 1114 411 et
1126 385 1362 419 praeparationem.
1380 384 1513 411 Putabant
1527 383 1612 411 Judtei
1636 384 1688 411 sibi
1709 384 1778 411 solis

989 430 1070 457 etiam
1082 429 1256 465 Evangelium
1267 430 1358 457 datum
1374 430 1656 465 iri,qucntadmodum
1676 428 1783 463 legem;

990 476 1036 504 sed
1051 477 1218 511 exspectatio
1234 481 1331 511 praeter
1352 484 1427 511 spem
1438 477 1538 504 evenit.
1551 477 1613 504 Ideo
1625 476 1737 503 etDavid
1745 476 1785 503 di-

993 523 1030 550 cit
1048 533 1055 550 :
1070 522 1249 557 Suscepimus,
1263 523 1383 555 Domine,
1397 523 1592 550 misericordias
1604 523 1630 550 in
1643 523 1728 549 medio
1736 530 1786 556 po-

993 567 1051 602 puli
1063 568 1101 594 tui
1111 576 1120 594 .'
1129 567 1228 595 deinde
1240 576 1247 594 :
1260 567 1408 595 Secundum
1421 576 1516 595 nomen
1525 573 1609 601 tuum,
1621 568 1699 600 Deus,
1712 569 1750 595 sic
1761 573 1786 595 et

994 613 1053 639 laus
1067 619 1128 645 tua,
1141 621 1196 640 non
1211 614 1298 641 solum
1317 614 1342 640 in
1366 614 1455 641 medio
1469 614 1559 648 populi
1579 615 1629 646 tui,
1643 615 1690 641 sed
1705 614 1786 641 etiam

994 660 1021 686 in
1033 659 1098 693 ﬁnes
1113 664 1200 692 terrm,
1219 664 1245 688 et
1271 665 1300 687 ut
1313 661 1440 688 ostendat
1455 661 1527 694 quod
1551 661 1672 688 misereri
1692 660 1787 687 ﬁniunt

990 706 1187 740 terraajustitite
1198 706 1336 737 sit,addit:
1347 705 1539 739 Justitiaplena
1548 710 1585 732 est
1595 706 1703 732 dextera
1714 705 1773 732 tual
1779 726 1785 732 .

156 752 233 778 οὕτω
258 751 308 777 καὶ
330 750 349 784 ’ἡ
386 750 505 782 alr-salt;
517 757 586 781 σου,
619 750 680 785 οὐχὶ
695 750 724 777 ἐν
756 751 831 785 μέσῳ
854 750 901 777 τοῦ
916 751 980 777 λαοῦ
997 760 1044 778 σου
1072 753 1161 787 μόνον,
1177 752 1233 779 ἀλλ’
1260 752 1312 779 ἐπὶ
1331 752 1368 778 τὰ
1391 752 1503 786 ,πέρατα
1517 752 1572 787 τῆς
1585 752 1652 787 γῆς.
1676 753 1730 779 Καὶ
1744 752 1789 779 ἵνα

154 798 228 834 δείξῃ
242 799 283 825 ὄτι
295 798 326 824 τὸ
341 798 450 833 ἐλεῆσαι
478 799 513 825 τὰ
526 799 632 833 πέρατα
653 799 703 834 τῆς
715 800 767 835 γῆς
785 800 958 835 δικαιοσύνης
974 801 1059 834 ἐστὶν,
1081 801 1180 835 ἐπάγει
1197 809 1205 817 ·
1222 801 1421 833 Δικαιοσύνης
1440 801 1558 835 πλήρης
1579 802 1597 834 ἡ
1616 801 1699 833 δεξιά
1718 809 1788 829 σου.

196 846 224 871 '0
233 846 352 879 Κύριος,
363 846 455 880 φησίν,
463 846 486 862 ’⁸
500 846 690 874 ἐϐασίλευσε.
704 847 775 879 Πῶς,
785 848 815 874 '0
832 849 939 882 Κύριος

1028 849 1155 876 Dominus
1188 850 1315 883 regnarit,
1342 849 1633 883 inquit“:Quemodo
1660 848 1789 876 Dominus

154 892 376 924 é6ao‘1.1€voer;
403 890 448 927 ἆρ’
473 892 511 924 ὡς
538 893 694 927 πρόσφατον
717 893 808 920 λαϐὼν
835 895 865 921 τὸ
895 896 944 929 τῆς

156 939 294 972 βασιλείας
309 937 432 973 ἀξὶωμα;
453 939 477 964 εἰ
493 938 543 973 μὲν
558 938 612 974 γὰρ
626 937 703 965 εἶπεν
725 939 756 965 '0
771 940 879 974 Κύριος
888 941 944 972 ,ϐα-

155 985 282 1013 σιλεύει.
293 984 343 1019 τὴν
359 984 443 1010 ἀΐδιον
463 983 546 1010 αὐτοῦ
571 985 727 1019 ήρμήνευεν
751 985 773 1001 ⁹⁹
799 985 924 1017 ἐξουσίαν
936 994 943 1002 ·

155 1029 241 1056 εἰπὼν
254 1029 283 1055 δὲ
301 1029 483 1056 ἐϐασίλευσε
493 1030 541 1064 τὴν
559 1030 603 1056 διὰ
621 1030 720 1065 σαρκὸς
737 1030 820 1057 αὐτοῦ
844 1032 946 1057 οἰκονο-

157 1077 223 1111 μῐαν
240 1077 324 1110 λέγει,
341 1076 375 1103 δι’
396 1074 431 1113 ἧς
448 1078 462 1111 ἡ
484 1076 565 1111 φύσις
586 1076 665 1112 ἡμῶν
693 1077 744 1112 τὴν
768 1077 946 1111 ἐπικράτειαν

154 1122 202 1148 τοῦ
217 1121 351 1153 διαϐόλου,
369 1122 419 1156 τῆς
436 1122 582 1156 ἁμαρτίας,
599 1121 645 1148 τοῦ
661 1122 776 1148 θανάτου
797 1123 946 1149 ἁποσεισα-

158 1169 239 1202 ιιένη,
253 1169 361 1202 ἐπέγνω
379 1168 501 1204 πλάστην
516 1169 560 1194 τὴν
578 1169 615 1200 ὡς
634 1168 742 1204 ἀληθῶς
760 1169 884 1203 βασιλέα,
901 1169 946 1196 τὸν

155 1216 275 1251 χορηγὸν
288 1217 337 1250 τῆς
360 1215 524 1250 ἀφθαρσίας.
539 1215 588 1249 τῆς
607 1216 795 1247 ἀναστάσει-κ.
823 1216 946 1251 Εὑαγγε-

157 1262 262 1293 λὶζεται
277 1262 366 1288 τοίνυν
378 1261 392 1287 ὁ
407 1261 489 1287 Δαῦὶδ
511 1263 566 1292 τοῖς
580 1262 631 1287 ὑπὸ
652 1261 702 1295 τῆς
729 1261 878 1296 ἁμαρτιας.
897 1261 948 1288 ὑπὸ

157 1307 205 1334 τοῦ
219 1307 347 1340 θανάτου,
364 1308 416 1334 ὑπὸ
429 1308 476 1333 τοῦ
486 1307 607 1333 διαῧὸλου
622 1308 705 1333 ’τάλαι
718 1307 948 1343 βασιλευομένοις,

159 1354 242 1390 [1555
256 1353 300 1389 IL]
316 1354 357 1380 ὅτι
371 1355 385 1380 ὁ
395 1353 477 1387 ζυγὸς
493 1353 591 1383 ἐνεῖνος
607 1353 812 1388 συντέτριπται,
829 1353 860 1380 τὸ
879 1355 948 1388 κρά-

157 1409 204 1432 τος
229 1401 350 1430 λέλυται,
373 1400 421 1426 καὶ⁸
439 1399 576 1434 βασιλεύει
604 1399 712 1426 πάντων
738 1400 752 1426 ὁ
768 1400 880 1434 Κύριος.
907 1400 950 1430 Ὠς

158 1448 207 1474 καὶ
221 1447 301 1478 αὐτὸς
314 1446 383 1480 μετᾶ
393 1446 442 1481 τὴν
454 1446 601 1472 ἀνάστασιν
613 1445 675 1481 ἔφη·
690 1445 795 1479 Ἐδόθη
805 1455 855 1480 μοι
867 1445 951 1473 πᾶσα

159 1493 288 1524 ἐξουσία
306 1492 341 1518 ἑν
351 1491 466 1525 οὐρανῷ
477 1491 526 1518 καὶ
535 1491 583 1517 ἐπὶ
601 1491 666 1525 γῆς.
678 1492 745 1526 Πρὶν
755 1492 782 1518 δὲ
793 1492 950 1518 ἐϐασίλευεν

997 896 1114 930 regnavit
1125 896 1136 921 .9
1146 903 1179 922 an
1193 896 1271 930 quasi
1288 903 1385 922 novam
1396 896 1507 928 capiens
1519 896 1679 929 dignitatem
1696 895 1790 930 regni?

996 949 1059 968 nam
1092 942 1114 969 si
1151 942 1297 973 dixisset,
1336 942 1462 969 Dominus
1507 946 1618 976 regnat,
1659 947 1788 969 aetemam

997 988 1102 1014 Domini
1123 992 1283 1021 potestatem
1312 987 1497 1014 ostendisset:
1514 987 1607 1014 dicens
1634 995 1720 1014 vero:
1747 995 1789 1013 re-

997 1034 1099 1068 gnauit,
1114 1034 1346 1068 dispensationem
1364 1041 1411 1068 per
1426 1033 1626 1071 carncmldicit,
1642 1042 1690 1068 per
1705 1041 1786 1068 quam

998 1084 1095 1105 natura
1110 1084 1203 1106 nostra
1213 1079 1279 1113 jugo
1291 1079 1404 1111 diaboli,
1420 1079 1532 1114 peccati,
1544 1079 1642 1111 mortis
1659 1086 1787 1111 excusso,

997 1131 1148 1152 creatorem
1174 1125 1313 1160 cognovit,
1341 1130 1370 1152 ut
1388 1133 1483 1151 verum
1508 1133 1610 1159 regem,
1629 1125 1787 1159 largitorem

1001 1171 1225 1205 incorruptionis,
1243 1170 1465 1198 resurrectionis.
1487 1169 1617 1197 Nuntium
1638 1170 1722 1204 igitur
1744 1169 1790 1196 lte-

999 1222 1056 1244 tum
1076 1215 1154 1243 achrt
1175 1216 1259 1243 David
1279 1216 1334 1249 iis,
1358 1216 1406 1251 qui
1430 1223 1444 1242 a
1469 1221 1593 1250 peccato,
1619 1219 1715 1247 morte,
1728 1215 1788 1242 (lia-

998 1263 1060 1290 bolo
1073 1263 1137 1289 olim
1155 1263 1330 1297 regebantur,
1349 1262 1422 1296 quod
1431 1261 1527 1297 jugnm
1547 1262 1612 1288 illud
1628 1261 1788 1291 contritum,

999 1310 1142 1344 imperium
1156 1309 1276 1336 solutum
1292 1309 1337 1341 sit,
1353 1313 1380 1335 et
1397 1309 1526 1335 omnibus
1551 1308 1681 1334 Dmninus
1700 1307 1788 1334 donli-

1001 1359 1091 1385 nelur,
1107 1358 1136 1379 ut
1152 1353 1209 1387 ipse
1235 1359 1345 1387 quoque
1367 1356 1428 1386 post
1451 1351 1678 1378 resurrectionem
1699 1349 1788 1376 dixit:

1000 1397 1070 1424 Data
1085 1402 1121 1423 est
1139 1397 1203 1422 milii
1218 1396 1302 1422 omnis
1327 1399 1444 1429 potestas
1463 1395 1491 1421 in
1515 1394 1579 1420 caelo
1595 1399 1618 1420 et
1644 1394 1671 1420 in
1690 1397 1789 1426 terra",

1000 1441 1076 1475 prius
1088 1448 1153 1466 vero
1167 1440 1307 1466 dominata
1327 1443 1368 1466 est
1381 1439 1459 1466 nobis
1472 1446 1545 1465 mors
1560 1437 1670 1472 521a.
1686 1441 1713 1464 et
1723 1444 1786 1470 pec-

1003 1491 1104 1514 catum.
1131 1486 1258 1519 Regnavit
1284 1485 1357 1511 enim
1391 1492 1461 1510 mors
1490 1483 1522 1510 ab
1545 1484 1630 1509 Attum
1654 1490 1735 1517 usque
1755 1482 1790 1509 ad

161 1538 240 1572 ἡμῶν
258 1539 272 1564 ὁ
292 1537 404 1568 Θάνατος
420 1536 468 1562 καὶ
482 1537 499 1571 ἡ
514 1536 635 1571 ἁμαρτία
645 1545 652 1551 ⁸
666 1538 847 1564 ἐϐασίλευσε
861 1537 915 1573 γὰρ
931 1539 947 1564 ὁ

1002 1532 1135 1567 Moysen",
1149 1536 1175 1558 et
1190 1535 1298 1558 caetera.
1313 1529 1346 1556 Et
1360 1529 1492 1556 Dominus
1505 1529 1538 1556 de
1549 1529 1659 1555 diabolo
1674 1537 1681 1556 :
1696 1528 1726 1554 Si
1740 1527 1791 1554 Sa-

161 1583 290 1615 θάνατος
300 1582 359 1609 ἀπὸ
381 1581 472 1615 Ἀδὰμ
482 1582 572 1615 μέχρι
585 1581 733 1614 Μωϋσέως
754 1582 801 1607 καὶ
818 1581 890 1616 ἑξῆς,
909 1582 956 1608 καὶ

161 1630 176 1654 ὁ
191 1629 286 1662 Σωτὴρ
301 1629 365 1662 περὶ
379 1627 424 1654 τοῦ
441 1627 580 1653 διαϐόλου·
601 1627 655 1654 Καὶ
668 1628 693 1654 εὶ
706 1629 721 1654 ό
737 1626 873 1660 Σιιτανᾶς
903 1628 956 1654 τὸν

164 1672 303 1700 Σατανᾶν
316 1672 468 1703 ἐκϐάλλει,
491 1672 634 1706 ἐμερίσθη
651 1672 670 1705 ἠ
685 1672 829 1703 ,βασιλεά
851 1672 954 1699 αὐτοῦ.

165 1720 248 1744 ’Ὥστε
272 1718 412 1744 ἐϐασίλευε
429 1718 437 1732 ¹
454 1718 506 1752 πρὸ
520 1718 570 1752 τῆς
595 1717 740 1751 ἐπιδημίας
763 1717 810 1743 τοῦ
838 1718 955 1751 Χριστοῦ

163 1764 214 1791 τοῦ
230 1765 325 1798 γένους
341 1765 421 1799 ἡμῶν
439 1765 452 1790 ὁ
466 1764 598 1796 Σατανᾶς.
623 1764 703 1790 ’Λλλὰ
719 1763 766 1790 καὶ
783 1764 798 1798 ἡ
822 1764 953 1798 ἁμαρτία.

164 1812 249 1845 Λέγει
262 1811 316 1846 γὰρ
333 1811 414 1838 πάλιν
437 1811 452 1836 ὁ
470 1811 480 1826 ¹
498 1809 612 1842 Παῦλοςο
639 1811 752 1844 Ὥσπερ
769 1810 823 1844 γὰρ
853 1811 954 1837 ἐϐασί-

164 1859 279 1884 λευσεν
303 1857 322 1890 ἡ
347 1856 475 1890 ἁμαρτία
491 1855 526 1882 ἐν
539 1855 580 1888 τῷ
594 1855 691 1889 θνητῷ
720 1855 805 1889 ἡμῶν
818 1855 954 1892 [σώματι.

166 1903 244 1929 οῡτω
267 1902 317 1929 καὶ
341 1903 360 1936 ’ἡ
379 1902 465 1937 χάρις
486 1902 668 1934 βασιλεύσει
689 1900 738 1927 διὰ
759 1901 898 1935 Χριστοῦ.
926 1901 956 1928 '0

167 1949 270 1984 Κύριος
308 1948 477 1974 ἐϐασίλευσε)
513 1948 652 1974 πέπαυται
683 1948 733 1981 τῆς
758 1947 897 1982 ἁμαρτίας
924 1947 956 1973 τὸ

1008 1583 1084 1605 lanas
1109 1578 1240 1605 Satanam
1258 1576 1359 1610 ejiciat,
1378 1576 1492 1602 divisum
1516 1579 1554 1601 est
1579 1583 1687 1610 regnum
1708 1574 1791 1609 cjusl’.

1006 1623 1099 1658 Itaque
1113 1624 1235 1657 regnavit
1250 1627 1313 1649 ante
1336 1621 1480 1648 adventum
1501 1620 1599 1647 Christi
1613 1627 1693 1652 super
1708 1626 1793 1654 genus

1007 1669 1156 1695 lnnnuumn
1172 1667 1307 1698 diabolus,
1327 1667 1380 1693 imo
1405 1671 1432 1692 ct
1448 1670 1601 1700 peccatum.
1628 1665 1698 1692 Dicit
1720 1665 1792 1691 enim

1007 1715 1104 1742 iterum
1137 1714 1238 1740 Paulus
1257 1712 1504 1745 :Quemadmodum
1529 1712 1644 1745 regnavit
1659 1715 1792 1744 peccatum

1007 1762 1033 1787 in
1048 1761 1154 1787 mortali
1171 1765 1259 1786 nostra
1279 1768 1396 1793 corpore,
1413 1760 1452 1785 sic
1469 1763 1493 1785 et
1507 1759 1593 1792 gratia
1617 1757 1735 1792 regnabit
1750 1764 1796 1790 per

1007 1807 1142 1835 Christum
1162 1812 1186 1833 ιι.
1203 1807 1328 1833 Dominus
1349 1808 1466 1841 regnarit
1489 1805 1576 1840 (linita
1601 1808 1642 1830 est
1683 1803 1795 1830 victoria

1006 1853 1117 1885 diaboli,
1139 1853 1252 1887 peccati,
1272 1858 1299 1880 et
1326 1852 1442 1886 mortis),
1459 1852 1569 1878 exsul/et
1583 1851 1666 1884 igitur
1686 1854 1794 1876 terrar:

1012 1904 1110 1926 natura
1126 1899 1271 1933 terrigena,
1286 1898 1351 1925 olim
1369 1903 1476 1928 errans,
1494 1902 1566 1922 nunc
1581 1902 1644 1921 vero
1665 1894 1796 1928 gloriosa,

1006 1947 1069 1973 olim
1085 1947 1110 1972 iu
1127 1947 1270 1981 sepulcris,
1286 1954 1359 1973 nunc
1372 1947 1398 1973 in
1415 1947 1530 1973 tbrouis.

166 1996 277 2029 κράτος,
292 1995 340 2022 τοῦ
357 1994 547 2025 θανάτου.τοῦ
562 1994 697 2021 διαϐόλου.
718 1994 835 2022 Οὐκοῦν·
858 1995 1063 2029 ’Δγαλλιὰσθω
1082 1995 1101 2029 ἡ
1130 1994 1181 2029 γῆ,
1209 1995 1226 2030 ὴ
1251 1995 1332 2030 φύσις
1361 1996 1378 2030 ἡ
1407 1994 1535 2030 γηγενὴς,
1556 1996 1573 2030 ἡ
1601 1994 1666 2021 ποτὲ
1691 1992 1798 2020 πλανω-

166 2045 249 2080 μένη,
269 2043 318 2070 νῦν
349 2043 378 2069 δὲ
402 2043 578 2078 δοξαζομένη.
607 2043 623 2078 ή
650 2042 715 2068 ποτὲ
740 2043 769 2068 ὲν
786 2042 892 2076 τάφοις,
909 2042 957 2070 νῦν
973 2042 1023 2079 Ιδὲ]
1039 2043 1067 2069 ἐν
1087 2043 1202 2078 θρόνοις.

203 2091 264 2116 Ὅτι
282 2089 376 2125 φησὶν,
395 2089 553 2124 οἰκονομίας
567 2087 601 2124 ἦν
613 2089 647 2116 τὰ
673 2088 787 2115 πλεῖστα
800 2089 854 2116 τῶν
872 2089 901 2115 ἐν
920 2090 954 2125 τῇ

165 2137 270 2172 παλαιᾷ
281 2158 288 2168 ,
302 2136 360 2163 ἀλλ’
376 2136 427 2162 οὐκ
439 2136 586 2171 ἀρεσκείας
600 2136 668 2162 Θεοῦ
682 2136 729 2162 καὶ
743 2135 956 2171 προηγουμένης

165 2182 303 2215 εὐδοκίας,
332 2182 381 2208 καὶ
394 2181 473 2209 τύποι
488 2179 544 2208 τῶν
561 2181 714 2216 μελλόντων
730 2181 778 2207 καὶ
794 2181 879 2214 σκιαὶ,
899 2181 956 2208 ἀλλ’

165 2229 216 2255 οὐκ
231 2229 301 2255 αὐτὰ
324 2228 358 2254 τὰ
384 2229 543 2263 πράγματα.
567 2228 621 2254 Καὶ
634 2227 708 2254 ἐστιν
727 2227 791 2254 ἰδεῖν
805 2228 849 2254 ἐπ’
865 2227 956 2255 αὐτῶν

166 2275 238 2301 ἄλλα
255 2274 305 2309 μὲν
321 2274 355 2300 τὰ
371 2275 510 2309 σχήματα,
529 2273 596 2300 ἄλλα
611 2273 639 2299 δὲ
655 2273 689 2299 τΞι
704 2274 838 2308 νοήματα.
849 2271 912 2300 Οἷον
924 2273 954 2300 οὑ

167 2322 278 2353 πάντως
291 2321 357 2352 Θεὸς
370 2321 541 2348 ἀναπαύεται
557 2320 676 2355 ὑακίνθῳ
691 2319 755 2355 [850
768 2319 814 2354 IL]
830 2321 878 2346 καὶ
889 2328 955 2354 πορ-

167 2367 246 2402 φύρα
269 2367 317 2393 καὶ
335 2367 430 2402 κὸκμῳ
452 2367 498 2393 καὶ
517 2366 608 2402 βύσσῳ
625 2367 702 2401 (Θεὸς
716 2366 770 2402 γὰρ
793 2365 886 2401 ψυχῶν
905 2366 958 2392 ἀπ-

169 2414 242 2439 αιτεί
256 2412 440 2448 καθαρότητα,
456 2414 486 2440 ού
503 2414 638 2447 σωμάτων
653 2412 721 2447 ἄνθη
738 2413 784 2439 καὶ
797 2412 956 2448 λαμπρότη-

167 2467 218 2491 τας
227 2459 260 2493 ³),
278 2459 337 2485 ἀλλ’
348 2460 377 2485 ὲν
402 2460 463 2490 ταῖς
487 2460 655 2494 σωματικαῖς
670 2459 828 2494 φαιδρῦτησι
851 2459 902 2494 τὴν
921 2460 960 2486 εὶ-

168 2504 236 2530 κόνα
254 2504 308 2531 τῶν
322 2505 428 2539 ἀρετῶν
447 2506 603 2541 διαγράφει.
632 2505 663 2531 Εἰ
687 2504 742 2540 γὰρ
763 2507 823 2536 ταῖς
853 2505 961 2536 στολαῖς

167 2550 289 2581 ἐκείναις
304 2551 342 2582 ὡς
353 2551 462 2586 ἀληθῶς
477 2551 639 2581 ἀνεπαύετο,
649 2551 708 2582 πῶς
719 2550 764 2577 τὸν
773 2551 895 2585 Μωῡσῆν
908 2551 962 2585 πρὸ

168 2597 217 2624 τ’ὶῦ
240 2597 346 2632 Ἀαρὼν
360 2598 411 2624 οὐκ
424 2598 558 2631 ἐνέδυσεν,
568 2598 625 2625 ἀλλ’
640 2599 673 2633 ἢν
688 2598 793 2629 ἐκεῖνος
806 2597 856 2624 οὐκ
871 2596 962 2623 ἐνεδύ-

208 2655 218 2675 1
234 2655 307 2683 Psal.
324 2665 407 2688 XLVII,
425 2656 519 2686 10.11.

556 2662 576 2676 ιη
591 2655 662 2682 Psal.
676 2663 750 2688 xxix,
766 2656 880 2689 t;xev1,
897 2655 909 2682 1

167 2695 182 2716 1
201 2691 283 2719 Rom.
303 2700 329 2725 v,
351 2692 397 2718 21.

440 2697 451 2710 τ
471 2691 543 2718 l’sal.
564 2699 635 2724 ncvn,
652 2692 678 2718 L

1044 2089 1263 2124 Dispcnsationis
1273 2094 1352 2128 erant
1360 2089 1476 2124 plurima
1485 2091 1511 2116 in
1519 2089 1602 2116 veteri
1611 2089 1797 2115 Testamentm

1010 2143 1064 2163 non
1079 2140 1170 2163 autem
1186 2136 1254 2163 satis
1277 2135 1332 2163 Deo
1351 2136 1505 2170 placebant,
1529 2143 1620 2162 rerum
1638 2134 1798 2175 futurarum

1010 2182 1115 2217 ﬁgurat,
1128 2187 1155 2209 et
1171 2182 1284 2214 umbrm,
1302 2182 1348 2209 sed
1367 2189 1419 2208 non
1436 2189 1479 2209 res
1504 2182 1578 2216 ipsae,
1595 2186 1621 2208 et
1647 2185 1689 2207 est
1705 2179 1798 2207 videre

1010 2228 1038 2255 in
1057 2227 1111 2255 illis
1128 2228 1195 2255 alias
1216 2228 1326 2263 quidem
1355 2229 1465 2264 ﬁguras,
1483 2228 1550 2254 alias
1574 2235 1639 2254 vero
1665 2225 1798 2253 notiones.

1011 2274 1100 2301 Veluti
1121 2282 1174 2301 non
1191 2275 1304 2301 omnino
1326 2275 1435 2310 placent
1458 2273 1513 2300 Deo
1535 2273 1711 2308 hyacinthus,
1734 2279 1800 2306 pur-

1011 2328 1088 2355 pura,
1103 2325 1130 2347 et
1143 2328 1253 2354 coccus,
1271 2325 1298 2347 et
1316 2321 1414 2356 byssns
1429 2319 1512 2354 (Deus
1527 2320 1599 2346 enim
1613 2318 1728 2353 requirit
1738 2318 1799 2344 ani—

1011 2373 1117 2394 marum
1131 2367 1287 2401 puritatem,
1302 2375 1356 2394 non
1368 2367 1489 2401 corporis
1497 2366 1589 2393 ﬂorem
1602 2370 1649 2393 aut
1660 2366 1798 2400 nitorem).

1012 2413 1065 2441 Sed
1079 2421 1212 2448 corporea
1229 2413 1362 2447 elegantia
1384 2414 1528 2448 imaginem
1550 2414 1680 2440 virtutum
1703 2411 1799 2446 depin-

1012 2460 1061 2494 git.
1079 2459 1107 2486 Si
1123 2461 1196 2487 enim
1212 2467 1274 2487 vere
1287 2460 1364 2487 stolis
1377 2460 1430 2486 illis
1446 2460 1648 2494 acquiescebal,
1662 2458 1801 2493 quomodo

1013 2506 1105 2533 Mosen
1133 2511 1198 2533 ante
1212 2506 1302 2533 Aaron
1321 2514 1374 2533 non
1403 2505 1502 2538 induit,
1527 2507 1573 2533 sed
1590 2514 1644 2539 qua
1671 2504 1729 2539 ipse
1745 2511 1799 2530 non

1014 2551 1189 2583 vestiebatur,
1209 2551 1282 2577 illam
1298 2551 1486 2578 sacerdotibus
1500 2550 1648 2578 attribuit?
1663 2549 1697 2576 Et
1711 2547 1801 2575 Moses

1014 2598 1126 2632 quidem
1152 2606 1223 2633 aqua
1263 2598 1373 2626 ablutus
1396 2606 1450 2625 nun
1473 2603 1524 2630 est,
1550 2597 1598 2624 sed
1617 2596 1693 2623 lavit.
1712 2594 1799 2626 Quam

960 2660 974 2675 ιι
989 2656 1085 2685 Matth.
1099 2665 1195 2691 xxvm,
1213 2656 1256 2684 18.
1299 2664 1310 2675 ο
1324 2657 1403 2684 Rom.
1419 2665 1445 2690 ν,
1461 2656 1504 2684 M.
1543 2642 1560 2681 Ρη
1573 2655 1668 2682 Matth.
1686 2659 1737 2685 xu,
1753 2651 1798 2678 26.

838 2750 954 2779 γΑῐιιιΕ
976 2749 1178 2778 LECTIONES.

201 2796 225 2814 "
248 2796 352 2833 μόνοις]
366 2798 412 2824 καὶ
424 2797 513 2832 μόνοις
530 2798 562 2824 Λ.
584 2798 607 2814 ’⁸
620 2799 703 2833 φησίν
718 2807 772 2827 om.
790 2802 821 2827 Α,
843 2800 865 2815 δι’
882 2799 1054 2834 ἡρμήνευσεν
1071 2808 1099 2831 ς.
1123 2800 1130 2815 ²
1148 2798 1305 2826 ἐϐασίλευσε
1321 2807 1352 2831 ς.
1373 2798 1383 2813 ²
1396 2796 1481 2824 badd.
1497 2796 1527 2822 A.
1550 2795 1559 2811 ²
1574 2796 1753 2830 Λαμπρδτητα
1767 2798 1801 2822 Α.
