1959 3081
176 140 234 176 ’275

762 143 901 178 ΙΡΗΟΤΠ
916 143 1168 176 PATRIARCH/E
1184 143 1240 174 CP.

1753 140 1807 173 276

181 201 219 228 ob
245 207 319 228 rem.
339 203 370 227 nt
379 199 483 234 discas,
498 207 554 228 non
580 200 638 229 haec
663 200 718 229 Deo
735 202 841 236 potiora
856 209 928 234 esse,
945 206 971 229 et

1034 209 1102 233 πατο,
1114 199 1215 235 ταύτην
1230 198 1293 230 τοὺς
1309 197 1399 233 ἱερέας
1408 196 1530 233 ἠμφὶασε
1540 204 1548 230 ;
1560 195 1608 223 καὶ
1622 195 1742 231 Μωῦσῆς
1756 196 1808 230 μὲν

182 245 303 281 perfecto
316 245 350 273 ad
364 246 406 274 sui
421 251 548 274 ornatum
568 246 696 275 suflicere
714 246 853 280 virtutem,
870 252 897 275 ct
912 247 970 274 haec

176 291 269 320 inisse
291 297 384 329 typum
405 293 523 326 virtutis,
535 300 591 320 non
610 293 697 328 ipsam
713 293 852 321 virtutem.

222 420 251 448 In
266 421 364 455 capite,
380 421 478 456 inquit,
503 420 607 448 ierebat
632 421 753 455 pontifex
775 422 885 455 tiaram,
907 423 972 458 quia

184 472 266 502 caput
288 466 416 494 omnibus
430 467 599 502 designatum
617 468 742 502 oportuit
765 468 853 503 capite
871 468 971 496 habere

185 518 360 549 potestatem,
377 516 404 539 et
416 512 498 544 scire,
521 513 593 547 quod
619 517 726 540 creatus
740 517 822 548 caput
842 515 971 546 aliorum,

185 564 213 587 et
227 559 285 594 ipse
298 559 351 586 sub
363 558 452 593 capite
468 558 504 585 sit
516 559 655 586 communi
674 559 796 586 omnium
817 558 934 588 Domino
946 565 974 588 et

178 604 320 639 'principe.
332 604 464 631 Absoluta
480 603 553 630 enim
570 604 735 637 auctoritas,’
749 612 800 632 nec
811 605 974 640 cujusquam

186 650 310 686 subjecta
326 650 453 685 imperio,
471 650 650 679 intolerabilis
665 655 708 678 est
724 655 751 679 et
762 651 890 679 diﬂicilis.
914 651 975 679 Ideo

186 697 214 725 in
235 697 294 732 lege
310 697 413 732 gratiae,
429 697 476 731 qui
498 697 640 731 pontiﬁces
654 698 766 725 maximi
793 703 868 730 sunt,
884 698 974 725 Evan—

187 743 288 778 gelium
320 744 347 770 in
372 743 459 777 capite
482 744 633 778 rccipiunt,
647 748 675 770 ut
696 744 806 777 ,electus
834 744 973 779 intelligat,

187 789 261 825 quod
277 797 368 817 veram
396 789 534 826 Evangelii
554 790 650 817 tiaram
674 791 801 826 accipiat,
822 795 849 818 et
868 791 975 818 tametsi

188 836 303 864 aliorum
333 841 414 871 caput
434 836 628 868 constituatur,
654 836 758 871 legibus
773 841 862 863 tamen
880 837 975 864 iisdem

188 880 360 914 subjiciatur,
377 884 403 907 et
419 879 480 906 aliis
492 880 634 914 imperanti
651 879 693 907 lex
706 880 830 914 imperet.
843 881 895 908 Sed
908 882 977 908 tiara

188 929 349 960 potestatem
376 925 545 960 designabat,
561 933 643 960 quam
661 927 720 961 ipse
733 926 761 953 in
784 927 913 962 populum
929 927 978 954 ha-

188 971 280 1002 bebat,
293 976 319 999 et
333 979 386 1006 qua
403 972 449 999 ille
468 971 523 999 Deo
542 972 695 1000 tenebatur.
713 974 803 1001 Aurea
821 982 884 1001 vero
901 975 978 1002 brac-

189 1021 244 1050 tea,
269 1017 364 1052 inqua
380 1017 428 1044 Dei
453 1025 552 1045 nomen
571 1023 713 1046 exaratum
738 1024 807 1049 erat.
832 1019 928 1054 52ιὸ
951 1021 977 1047 in

189 1069 298 1098 pectore
312 1069 381 1097 erat,
397 1065 546 1091 custodiam
556 1064 702 1100 designans
714 1066 907 1100 cogitationum
919 1074 979 1094 cor-

190 1109 244 1140 dis,
261 1113 289 1136 et
303 1109 375 1142 quod
399 1114 522 1144 oporteat
536 1111 585 1137 has
599 1115 693 1145 aptare
718 1111 752 1138 ad
769 1111 816 1138 Dei
834 1116 931 1139 nutum
952 1117 980 1140 et

189 1151 302 1183 referre.
322 1154 351 1181 ln
368 1155 489 1183 humeris
509 1160 586 1183 erant
611 1157 747 1191 smaragdi
770 1157 834 1189 duo,
862 1165 979 1192 quorum

190 1200 259 1227 alter
288 1200 351 1228 hinc
371 1208 419 1228 sex
444 1201 541 1235 tribus,
572 1202 684 1230 totidem
712 1203 780 1230 alter
812 1204 978 1231 continebat.

190 1247 276 1274 Erant
303 1252 394 1274 autem
421 1253 500 1283 typus
524 1253 651 1283 aspectus
673 1250 874 1278 sacerdotalis:
899 1251 981 1279 habet

191 1294 266 1321 enim
281 1295 443 1329 smaragdus
456 1299 483 1322 et
494 1295 657 1322 viriditatem
673 1296 820 1331 egregiam,
836 1301 863 1324 et
879 1297 979 1324 claram

194 1340 352 1375 puritatem,
372 1342 458 1368 instar
475 1342 577 1376 speculi
595 1343 715 1370 radians.
744 1342 851 1370 Etenim
874 1348 981 1379 oportet

192 1387 361 1414 sacerdotem
386 1391 412 1414 et
428 1387 472 1422 pia
497 1388 694 1415 exercitatione
717 1388 839 1416 sobrium
863 1396 935 1422 esse,
955 1394 982 1417 et

192 1433 275 1460 vitam
296 1432 411 1460 subditis
435 1440 513 1460 suam
533 1438 662 1468 tanquam
682 1435 824 1469 speculum
850 1436 978 1462 virtutum

192 1479 347 1507 ostendere.
365 1479 429 1506 Erat
447 1487 520 1506 -vero
541 1479 567 1506 in
595 1480 729 1512 humeris,
751 1481 824 1516 quod
842 1482 980 1508 actionum

193 1526 303 1560 signum
319 1530 371 1557 est,
391 1525 561 1560 smaragdus.
580 1525 701 1553 Actionis
714 1527 786 1553 enim
809 1527 928 1562 potentia
947 1528 981 1554 al)

194 1571 316 1599 humeris
328 1571 473 1606 dependet.
487 1571 549 1599 ideo
559 1577 585 1599 et
601 1572 672 1599 Deus
683 1572 716 1599 ad
728 1571 879 1600 Jerusalem
893 1573 983 1608 loqui-

194 1623 239 1645 tur
251 1627 261 1646 ι
274 1617 364 1653 Dirige
378 1624 424 1644 cor
437 1622 510 1644 tuum
528 1618 556 1643 in
566 1617 635 1644 viam
650 1621 760 1650 rectam,
780 1617 872 1652 injqua
891 1617 984 1644 ambu-

196 1665 270 1698 lasti,
296 1664 353 1700 [ilia
367 1673 442 1700 uaga,
455 1665 518 1700 quia
539 1666 636 1692 creavit
655 1665 781 1692 Dominus
798 1673 893 1692 novum
908 1674 985 1701 super

197 1718 323 1740 terram".
343 1711 447 1738 Etenim
478 1719 577 1739 manus
602 1717 630 1738 et
647 1711 775 1739 humeros
793 1711 826 1738 ad
851 1712 985 1739 actionem

197 1758 339 1792 Scriptura
350 1755 549 1788 accommodat,
565 1761 594 1783 ut
610 1755 720 1790 quando
734 1755 768 1782 de
780 1755 880 1782 Davide
899 1755 987 1790 loqui-

198 1810 257 1832 tur:
268 1803 301 1830 Et
314 1804 340 1830 in
356 1802 528 1829 intellectibus
541 1809 666 1828 manuum
677 1809 786 1828 suarum
796 1801 904 1828 deduxit
916 1802 985 1828 eos‘.

198 1851 309 1878 Inerant
330 1857 394 1877 vero
413 1849 484 1884 logio
498 1848 525 1875 in
541 1853 651 1883 pectore
661 1848 804 1875 duodecim
819 1847 901 1874 etiam
918 1847 987 1881 lapi-

198 1898 248 1926 des
262 1897 394 1932 impositi,
411 1896 458 1931 qui
478 1895 613 1923 duodecin
632 1895 720 1922 tribus
740 1894 941 1930 signiﬁcabant.
954 1893 988 1920 Et

200 1942 273 1974 vide,
290 1949 372 1976 supra
383 1941 504 1976 quidem,
520 1945 547 1967 et
560 1940 586 1966 in
607 1940 729 1967 humeris
751 1947 804 1967 una
819 1944 877 1966 erat
891 1943 988 1965 natura

199 1987 322 2022 lapidum
336 1986 507 2022 smaragdos,
526 1985 595 2012 inl‘ra
616 1993 680 2013 vero
695 1989 723 2013 et
746 1985 774 2012 in
799 1990 906 2020 pectore
919 1984 989 2011 duo-

200 2033 299 2061 decim.
327 2032 387 2066 Quo
416 2032 585 2068 signiﬁcatur
607 2040 614 2059 :
638 2035 718 2059 antea
750 2031 859 2066 quidem
885 2031 920 2058 ab
935 2038 989 2058 una

201 2087 299 2107 omnes
316 2079 452 2114 prodiisse
470 2083 567 2106 natura
586 2085 751 2113 :progressu
767 2085 832 2104 vero
846 2077 988 2111 temporis,

201 2123 317 2150 diversis
342 2122 517 2157 opinionibus
542 2122 645 2149 divisos
661 2129 732 2154 esse,
759 2127 786 2148 et
811 2122 863 2148 hoc
880 2121 989 2156 quidem

202 2168 298 2196 tribuit
321 2168 453 2203 opinioni,
479 2168 543 2195 illud
567 2176 631 2195 vero
653 2172 767 2194 natura.
788 2166 860 2194 Infra
873 2174 938 2194 vero
963 2166 990 2194 in

202 2215 309 2242 timhria
325 2215 474 2242 sacerdotis
494 2222 554 2249 qua:
568 2215 668 2242 dicitur
682 2221 741 2247 ora,
769 2221 851 2241 aurea
867 2214 948 2246 mala,
965 2220 991 2242 et

203 2261 314 2296 punica,
329 2267 355 2289 et
375 2263 543 2297 campanulm
562 2262 774 2297 dependebant".
788 2262 820 2289 Et
841 2262 990 2297 quomodo,

206 2307 275 2341 hmo,
291 2309 378 2343 prima
395 2309 500 2336 ratione
511 2308 566 2336 Deo
581 2311 617 2335 ut'
627 2309 756 2342 diximus,
772 2309 927 2344 placerent?
940 2308 992 2336 Sed

206 2355 232 2381 in
253 2355 352 2381 vestitu
368 2362 395 2382 ct
410 2356 502 2382 habitu
521 2355 670 2382 sacerdotis
687 2355 800 2382 virtutes
815 2355 928 2387 clIinxit,
949 2356 992 2382 in-

204 2399 245 2427 fra
268 2399 348 2427 ﬂores
368 2404 394 2427 et
420 2399 537 2432 fructus,
559 2400 689 2427 virtutum
720 2407 813 2435 opera,
839 2399 990 2434 cujusmodi

206 2450 270 2473 Sunt
282 2446 465 2480 elcemosyna,
480 2445 588 2480 justitia
613 2451 639 2473 et
663 2446 828 2479 humanitas,
846 2451 873 2473 ct
891 2447 994 2473 chorus

205 2490 374 2525 reliquarum
389 2490 456 2525 ipsis
470 2490 602 2518 aliinintn.

1021 246 1072 273 οὐκ
1084 245 1200 281 ὲλούσθη
1211 244 1297 277 ὕδατι,
1313 243 1361 270 καὶ
1379 242 1465 270 ἔλουε.
1482 242 1532 269 Διὰ
1548 242 1592 275 ei;
1608 241 1652 268 ἵνα
1666 241 1756 277 μάθῃς
1765 241 1808 267 ὅτι

1020 292 1071 319 οὐκ
1085 289 1119 326 ἦν
1131 290 1217 317 ταῦτα
1231 288 1426 325 προηγούμενα
1448 287 1487 322 τῷ
1508 287 1578 322 Θεῷ,
1596 287 1636 313 ὅτι
1658 286 1697 322 τῷ
1713 286 1809 321 τελείῳ

1021 338 1089 373 πρὸς
1101 337 1204 371 κόσμον
1218 335 1299 370 ἀρκεῖ
1311 335 1328 369 ὴ
1344 333 1438 369 ἀρετὴ,
1452 333 1501 360 καὶ
1516 333 1556 360 ὃτι
1571 332 1658 359 ταῦτα
1670 333 1757 365 τύπος
1774 330 1808 368 ἦν

1020 383 1069 418 τῆς
1083 381 1194 417 ἀρετῆς,
1212 380 1269 407 ἀλλ’
1283 379 1333 406 οὐκ
1345 379 1441 414 ἀρετή.

1058 439 1119 466 ’Ότι
1136 440 1183 465 ἐπὶ
1195 438 1246 473 τῆς
1260 437 1382 472 κεφαλῆς
1392 456 1400 468 ,
1414 436 1508 471 φησὶν,
1521 435 1619 471 ἔφερεν
1633 435 1647 462 ὀ
1662 435 1808 470 ἀρχιερεὺς

1022 496 1129 532 τιάραν,
1143 495 1209 522 διότι
1225 494 1271 521 τὸν
1284 492 1525 529 προχειριζόμενον
1549 491 1676 519 ἁπάντων
1687 492 1810 527 κεφαλὴν

1023 542 1095 569 κατὰ
1109 540 1180 576 τῆςδ
1198 539 1320 574 κεφαλῆς
1333 539 1405 574 ἔχειν
1418 539 1468 574 τὴν
1486 538 1611 571 ἐξουσίαν
1628 537 1692 571 ἔδει,
1707 538 1756 570 καὶ
1774 538 1810 564 εἰ-

1023 588 1098 615 δέναι
1110 588 1151 614 ὅτι
1167 586 1288 622 κεφαλὴν
1298 586 1354 612 τῶν
1368 585 1456 613 ἄλλων
1468 584 1688 620 προὸαλλόμενος
1701 585 1748 611 καὶ
1759 584 1810 610 αὺ-

1025 635 1070 666 τδς
1083 634 1136 661 om
1149 633 1269 668 κεφαλήν
1283 633 1341 659 ἐστι
1357 631 1405 659 τὸν
1424 631 1515 658 κοινὸν
1531 631 1658 658 ἁπάντων
1673 630 1812 664 Δεσπότην

1026 681 1074 708 καὶ
1104 679 1280 715 ὲξουσιαστήν
1292 687 1300 694 ”
1316 677 1503 712 ἀπολελυμένη
1528 677 1584 712 γὰρ
1603 675 1744 703 αὺθέντεια
1763 676 1812 703 καὶ

1025 728 1178 762 αὐτόνομος
1192 725 1330 762 ἀφόρητός
1344 727 1403 752 ἐστι
1414 724 1461 751 καὶ
1474 723 1590 759 χαλεπή.
1609 723 1658 749 Διὰ
1671 722 1751 749 τοῦτο
1764 721 1813 749 καὶ

1026 775 1056 801 ἐν
1069 775 1101 809 τῇ
1114 773 1205 809 χάριτι
1220 773 1245 799 οἰ
1259 771 1466 807 ἀρχιερατεὺειν
1479 769 1634 805 τελούμενοι
1643 768 1674 795 τδ
1687 768 1812 802 Εὐαγγέ-

1028 819 1083 845 λιον
1110 819 1158 844 ἐπὶ
1171 816 1293 853 κεφαλῆς
1307 817 1440 852 δέχονται,
1462 816 1506 843 ἵνα
1525 814 1599 851 μάθῃ
1613 815 1628 841 ὁ
1641 812 1812 850 χειροτονού-

994 886 1013 913 B
1030 874 1110 901 μενος
1122 865 1163 892 ὃτι
1175 865 1224 900 τὴν
1239 863 1368 899 ἀληθινὴν
1382 862 1429 913 tot?
1445 861 1612 913 Efﬁwzlltou
1632 861 1729 913 τιάραν
1743 859 1814 895 λαμ-

1029 912 1116 944 ϐάνει,
1137 911 1184 937 καὶ
1205 911 1246 937 ὃτι
1270 910 1294 936 ει
1322 909 1370 936 καὶ
1393 908 1446 935 τῶν
1461 907 1549 935 ἄλλων
1567 907 1750 942 ἱερουργεῖται
1767 913 1815 931 κε-

1030 956 1113 992 φαλὴ,
1124 955 1180 982 ἀλλ’
1196 953 1241 982 οὖν
1258 955 1305 981 καὶ
1323 953 1404 984 αὐτὸς
1419 953 1471 979 ὑπὸ
1482 952 1595 982 τούτους
1610 950 1684 977 τελεῖ
1695 950 1758 981 τοὺς
1771 948 1816 976 νόο

1032 1011 1109 1038 μους,
1135 1000 1254 1028 καὶτῶν
1268 1000 1355 1027 ἄλλων
1377 999 1485 1035 κρατῶν
1500 997 1539 1033 τῷ
1562 997 1637 1032 νόμῳ
1661 996 1813 1031 κρατεῖται.

1038 1050 1107 1077 Ἀλλ’
1120 1050 1136 1085 ἡ
1152 1050 1201 1084 μὲν
1217 1049 1299 1085 τιάρα
1311 1048 1360 1083 τὴν
1376 1047 1500 1081 ἐξουσίαν
1517 1045 1629 1078 homo,
1645 1045 1678 1080 ἥν
1689 1052 1720 1071 τε
1735 1043 1815 1075 αὐτὸς

1038 1095 1094 1131 εἶχε
1106 1096 1152 1122 τοῦ
1164 1095 1229 1122 λαοῦ
1246 1095 1293 1121 καὶ
1307 1095 1353 1129 ὑφ’
1367 1094 1401 1129 ἣν
1416 1093 1498 1124 αὐτὸς
1515 1091 1662 1126 ἀνεφέρετο
1674 1090 1720 1117 τοῦ
1736 1088 1815 1116 Θεοῦ.

1035 1142 1071 1168 To
1083 1141 1112 1168 δὲ
1127 1142 1241 1168 πέταλον
1254 1141 1284 1167 τὺ
1296 1140 1423 1176 χρυσοῦν,
1436 1140 1463 1165 ὲν
1473 1135 1494 1172 ᾧ
1503 1138 1534 1164 τὸ
1546 1138 1632 1172 ὄνομα
1647 1135 1817 1163 ἐκεκόλαπτο

1031 1186 1078 1212 τοῦ
1102 1185 1180 1217 Θεοῦ,
1196 1186 1320 1212 ἐπέκειτο
1338 1185 1388 1220 μὲν
1403 1183 1442 1219 τῷ
1461 1182 1564 1218 στήθει,
1587 1181 1710 1216 φυλακῆς
1730 1180 1753 1207 δ’
1768 1181 1817 1206 ἐπ-

1030 1234 1087 1268 εῖχε
1107 1232 1193 1258 τύπον
1219 1231 1273 1257 τῶν
1290 1231 1318 1256 ἐν
1347 1230 1446 1265 καρδίᾳ
1466 1228 1635 1263 κινημάτων,
1656 1226 1704 1252 καὶ
1721 1225 1758 1257 ὡς
1777 1225 1819 1251 δεῖ

1033 1280 1119 1306 ταῦτα
1137 1277 1371 1314 καταρῤυθμίζειν
1381 1277 1390 1292 ⁵
1401 1277 1434 1311 τῇ
1449 1275 1518 1310 πρὶς
1529 1275 1559 1301 τὸ
1573 1274 1651 1300 Θεῖον
1664 1272 1754 1300 νεύσει
1768 1271 1816 1299 καὶ

1033 1325 1167 1361 ἀναφορᾷ.
1188 1325 1250 1350 Ἐπὶ
1274 1323 1302 1350 δὲ
1314 1323 1368 1350 τῶν
1396 1323 1479 1357 ὤμων
1498 1319 1654 1356 σμαράγδου
1670 1319 1741 1345 λίθοι
1759 1317 1816 1349 δύο,

1035 1371 1142 1406 ἔχοντες
1155 1370 1204 1401 τὰς
1227 1368 1256 1402 ἒξ
1269 1368 1353 1403 φυλὰς
1367 1367 1490 1394 ἐντεῦθεν
1504 1367 1550 1394 καὶ
1565 1367 1614 1398 τὰς
1633 1365 1662 1398 ἓξ
1675 1363 1799 1390 ἐντεῦθεν
1808 1370 1817 1379 ·

1032 1414 1112 1444 Οὗτοι
1124 1417 1152 1444 δὲ
1168 1416 1303 1452 σύμϐολον
1313 1413 1383 1451 ἦσαν
1394 1415 1444 1450 τῆς
1455 1414 1541 1449 ὅψεως
1552 1414 1602 1448 τῆς
1612 1413 1689 1447 ἁρχιε
1695 1409 1820 1446 ρατικῆς.

1033 1464 1111 1499 Ἔχει
1127 1464 1181 1499 γὰρ
1204 1464 1221 1499 ἡ
1242 1463 1289 1489 τοῦ
1309 1460 1467 1498 σμαράγδου
1480 1460 1570 1495 ψῆφος
1592 1459 1640 1486 καὶ
1662 1457 1821 1493 χλωρότητα

1033 1510 1158 1546 εὐπρεπῆ
1178 1510 1226 1537 καὶ
1243 1509 1416 1544 καθαρότητα
1433 1507 1547 1541 διαυγῆ,
1576 1505 1731 1539 κατόπτρου
1744 1502 1822 1529 δύνα-

996 1571 1019 1602 c
1038 1566 1083 1592 μιν
1099 1556 1286 1591 ὑποφαίνουσα
1296 1564 1303 1571 ο
1318 1554 1428 1589 καὶγὰρ
1442 1554 1482 1581 δεῖ
1495 1553 1539 1579 τὸν
1553 1551 1628 1587 ἱερέα
1641 1550 1689 1577 καὶ
1705 1549 1820 1584 ἀσκήσει

1037 1603 1134 1638 νήφειν
1147 1601 1249 1628 καὶτὸν
1264 1601 1320 1636 βίον
1331 1601 1388 1631 τοῖς
1403 1599 1448 1626 ὑπ’
1464 1598 1545 1625 αὑτὸν
1559 1597 1652 1632 ὥσπερ
1667 1595 1822 1630 κάτοπτρον

1036 1651 1178 1687 παρέχειν.
1194 1650 1257 1676 Ἐπὶ
1277 1649 1330 1676 τῶν
1350 1648 1432 1683 ὤμων
1455 1648 1484 1674 δὲ
1503 1649 1520 1682 ἡ
1544 1644 1712 1681 σμάραγδος,
1728 1641 1823 1677 ἐπειδὴ

1037 1697 1162 1733 πράξεώς
1173 1697 1232 1724 ὲστι
1249 1697 1378 1732 σημεῖον·
1394 1696 1410 1730 ἡ
1422 1695 1476 1730 γὰρ
1490 1691 1628 1730 πρακτικὴ
1643 1690 1757 1725 δύναμις
1766 1688 1823 1715 τῶν

1038 1744 1121 1778 ὤμων
1139 1743 1265 1778 ἤρτηται.
1288 1741 1369 1777 [1556
1383 1740 1429 1776 1L]
1450 1740 1496 1766 Διὺ
1512 1741 1559 1766 καὶ
1574 1738 1587 1764 ὁ
1600 1737 1665 1768 Θεὸς
1690 1735 1758 1771 πρὸς
1773 1734 1824 1769 τὴν

1042 1789 1219 1825 Ἰερουσαλὴμ
1233 1788 1324 1822 λέγει·
1345 1787 1399 1820 Θὲς
1414 1786 1471 1821 τὴν
1488 1785 1613 1820 καρδίαν
1635 1791 1692 1810 σου
1703 1781 1752 1809 ἐπὶ
1765 1780 1824 1808 τῶν

1038 1834 1124 1870 ὤμων
1139 1841 1209 1866 σου,
1227 1834 1352 1868 θύγατερ
1367 1831 1547 1866 ὴτιμωμένη.
1569 1830 1614 1857 ὅτι
1635 1829 1743 1863 Κύριος
1761 1826 1826 1854 κτι-

1038 1881 1078 1913 ζὲι
1093 1888 1130 1908 σε
1146 1881 1190 1913 εις
1206 1880 1366 1913 σωτηρίαν.
1381 1879 1436 1906 Καὶ
1454 1877 1508 1914 γὰρ
1524 1877 1573 1909 τὰς
1594 1877 1687 1911 χεῖρας
1702 1875 1749 1901 καὶ
1763 1873 1826 1904 τοὺς

1038 1927 1132 1963 ὤμους
1147 1927 1186 1958 εἰς
1199 1925 1312 1961 πράξεις
1323 1926 1340 1960 ἡ
1353 1923 1448 1960 γραφὴ
1458 1923 1603 1958 λαμῦάνει,
1613 1922 1649 1953 ὡς
1663 1921 1726 1948 δταν
1738 1919 1807 1955 λέγῃ
1815 1919 1826 1934 ⁸

1040 1975 1106 2012 περὶ
1116 1975 1162 2002 τοῦ
1179 1974 1271 2001 Δαυιδ·
1287 1973 1342 2001 Καὶ
1358 1972 1393 1999 ἐν
1408 1971 1474 2003 ταῖς
1489 1970 1637 1998 συνέσεσι
1651 1966 1710 1994 τῶν
1719 1965 1828 2012 χειρῶῖ

1039 2009 1133 2050 αὐτοῦ
1148 2021 1308 2056 ὡδήγησεν
1318 2019 1440 2052 αὐτούς.
1455 2016 1571 2052 Ἐνῆσαν
1582 2014 1611 2041 δὲ
1622 2013 1661 2050 τῷ
1677 2012 1774 2046 λογεῐῳ
1787 2009 1828 2045 τῷ

1040 2068 1087 2095 ἐπὶ
1101 2067 1148 2095 τοῦ
1165 2068 1280 2103 στήθους
1297 2065 1344 2092 καὶ
1361 2066 1384 2091 οἰ
1404 2063 1508 2090 δώδεκα
1531 2061 1599 2088 λίθοι
1614 2057 1827 2103 ἐνηρμοσμένοι,

1040 2115 1090 2146 τὰς
1103 2101 1214 2141 δώδεκα.
1222 2112 1308 2147 φυλὰς
1330 2109 1537 2144 ὑποδηλοῦντες.
1555 2106 1610 2133 Καὶ
1624 2105 1685 2140 ὅρα,
1701 2104 1756 2130 ἄνω
1779 2101 1829 2136 μὲν

1041 2161 1089 2188 καὶ
1111 2161 1158 2186 ἐπὶ
1170 2159 1224 2186 τῶν
1241 2157 1324 2193 ὤμων
1339 2156 1389 2192 μία
1404 2154 1437 2191 ἦν
1452 2154 1533 2189 φύσις
1555 2152 1610 2179 τῶν
1629 2150 1711 2177 λίθων
1726 2150 1740 2175 ὁ
1757 2147 1830 2182 σμά-

1047 2207 1154 2243 ραγδος,
1170 2205 1245 2233 κάτω
1257 2204 1284 2231 δὲ
1301 2203 1349 2231 καὶ
1365 2203 1413 2229 ἐπὶ
1426 2201 1474 2228 τοῦ
1491 2200 1606 2235 στήθους
1617 2198 1642 2224 οἱ
1655 2195 1769 2227 δώδεκα,
1787 2194 1832 2243 αἰ-

1006 2251 1030 2279 1)
1044 2240 1200 2287 νιττομένου
1219 2251 1267 2277 τοῦ
1290 2250 1371 2284 λόγου
1388 2249 1428 2274 ὅτι
1455 2246 1558 2274 ἄνωθεν
1579 2243 1645 2279 μὲν⁷
1662 2243 1779 2271 ἅπαντες
1798 2240 1832 2266 ὲκ

1048 2286 1130 2336 μιᾶςέ
1143 2297 1313 2333 προήλθομεν
1330 2295 1449 2328 φύσεως,
1467 2291 1607 2327 προϊόντος
1627 2289 1654 2336 δε
1671 2287 1717 2336 τοῦ
1734 2286 1830 2336 {paron

1044 2332 1183 2382 διαφόροις
1207 2332 1331 2379 γνώμαις
1345 2339 1531 2376 ἐμερισῦημεν
1542 2344 1548 2351 ·
1568 2336 1615 2384 καὶ
1628 2334 1658 2361 τὸ
1674 2332 1832 2384 μεν-δίδωσι

1045 2395 1079 2429 τῇ
1097 2377 1219 2427 ’γᾷώμῃζ
1236 2389 1266 2416 τὸ
1282 2388 1352 2425 [851
1369 2386 1423 2421 11.]
1446 2385 1475 2412 δὲ
1500 2385 1533 2420 τῇ
1560 2382 1650 2429 φύσειῖ
1666 2379 1742 2429 ςγπὺ
1753 2377 1833 2429 τι

1046 2424 1198 2478 κράσπεδον
1213 2437 1260 2464 τοῦ
1285 2436 1378 2471 ἱερέως
1392 2455 1399 2467 ,
1425 2433 1455 2459 τὸ
1482 2430 1629 2468 λεγόμενον
1645 2426 1734 2478 λε)μαῖ
1748 2424 1830 2456 ἄνθη,

1052 2472 1112 2522 {Ibat
1131 2486 1177 2512 καὶ
1200 2484 1303 2520 ροῗσκοι
1324 2480 1418 2516 χρυσοῖ
1439 2478 1486 2504 καὶ
1512 2475 1636 2505 κώδωνες
1656 2472 1833 2521 ἀπῃώρτςιτο.

207 2537 264 2564 Καὶ
289 2537 348 2568 πῶς
369 2537 402 2563 ἂν
425 2536 468 2572 εἴη
491 2537 550 2573 Θεῴ
575 2538 660 2565 ταῦτα
684 2539 754 2566 κατὰ
781 2538 888 2573 πρῶτον
913 2538 990 2572 λόγον
1007 2537 1176 2573 ἁρέσκοντα;
1207 2532 1262 2559 ἀλλ’
1297 2532 1325 2556 ὲν
1341 2527 1379 2563 τῷ
1412 2526 1533 2573 σχῆμσξῗι
1549 2531 1596 2573 “iu
1612 2517 1834 2573 Pagéwcfw‘”

209 2584 421 2616 ἐξεικονίζεσθαι
444 2586 494 2616 τὰς
522 2587 632 2622 ἀρετάς.
657 2588 740 2614 Κάτω
757 2587 824 2623 ἄνθη
842 2588 889 2615 καὶ
905 2587 1006 2622 καρποὶ
1019 2586 1053 2612 τὰ
1076 2584 1130 2611 τῶν
1147 2581 1252 2618 ἀρετῶν
1272 2575 1482 2612 κατορθώματα,
1502 2571 1581 2598 ἅτινά
1611 2570 1685 2595 ἔστιν
1714 2565 1835 2602 ὲλεήμο-

210 2634 276 2668 σύνη
293 2635 340 2660 καὶ
353 2635 510 2670 δικαιοσύνη
536 2638 582 2663 καὶ
609 2636 797 2672 φιλανθρωπία
812 2637 859 2663 καὶ
875 2637 929 2662 τῶν
949 2635 1035 2662 ἄλλων
1048 2635 1062 2659 ὁ
1077 2633 1217 2666 σύστοιχος
1231 2629 1344 2659 αὑταῖς⁹
1362 2626 1450 2662 χορός.

248 2720 257 2731 ς
276 2714 374 2740 .Ῐι¹Γ(“Π].
393 2722 466 2741 xxxt.
482 2715 527 2744 2’2.
568 2716 576 2732 ί
591 2714 662 2742 Psal.
679 2713 837 2746 Lxxwi,‘7‘2.

883 2717 897 2730 υ
909 2713 992 2740 Exod.
1011 2718 1107 2741 “vni,
1125 2709 1240 2742 Msa-qq.

848 2768 967 2796 VARl/E
992 2766 1138 2795 LECTIOlV
1144 2765 1196 2792 ES.

247 2829 338 2855 ⁸κατὰ
353 2829 401 2864 τῆς
416 2830 438 2855 A
454 2840 458 2846 -
475 2831 520 2857 καὶ
535 2830 604 2857 κατὰ
620 2838 648 2860 ς’.
691 2829 700 2844 ³
717 2827 803 2856 ταῦτα
818 2828 864 2854 καὶ
880 2826 996 2862 καταρῥ.
1014 2834 1043 2857 ς.
1076 2825 1085 2839 ⁸
1101 2823 1173 2858 λέγει
1189 2831 1218 2854 ς.

208 2865 223 2904 η’
239 2865 332 2897 αὑταῖς
343 2872 398 2892 om.
414 2865 434 2891 A

1264 2823 1273 2838 "
1289 2821 1338 2856 μὲν
1355 2827 1410 2848 om.
1433 2821 1465 2846 Α.
1511 2818 1522 2834 ⁸
1536 2819 1567 2845 ἐκ
1585 2818 1647 2852 μιᾶς
1672 2815 1792 2846 ἅπαντες
1806 2822 1838 2847 ς.
