1959 3081
136 139 185 169 ΞΠ

644 139 906 170 BIBLIOTI-IECA.
928 151 961 155 --
980 138 1061 167 COD.
1080 135 1267 166 CCLXXVII.

1688 134 1738 164 9.78

169 193 230 220 Ὀτι
248 193 326 228 φησὶ,
341 193 378 228 μὴ
395 193 544 227 μετάϐαλλε
555 193 575 209 ¹⁰
593 195 702 229 ῥήματα
715 194 783 220 Θεοῦ
801 193 910 226 ζῶντος.
926 219 928 224 ,

999 191 1059 218 Non
1070 192 1264 226 mutabiﬁverba
1273 190 1320 218 Dei
1330 191 1436 218 viviVJu
1445 191 1551 219 Patrem
1565 195 1592 218 et
1603 191 1699 218 Filium
1717 194 1745 218 et

139 240 183 271 Εἰς
198 239 308 273 Πατέρα
323 239 370 265 καὶ
383 239 447 264 Υἱὸν
457 240 503 265 καὶ
517 239 594 273 ἆγιον
609 240 720 275 Πνεῦμα
733 240 910 276 ἐϐαπτίσθης·

138 283 162 311 τί
179 285 300 318 ἀναιρεῖς
311 284 346 310 τὰ
362 284 482 318 ὀνόματα
498 284 532 311 τὰ
549 285 648 318 ζῶντα,
660 286 708 312 καὶ
721 286 840 320 εἰσάγεις
854 287 913 314 ὀνό-

142 335 211 361 ματα
226 326 374 360 λογισμῶν,
397 327 519 362 γέννημα
532 328 617 362 λέγων
635 331 681 356 καὶ
702 331 848 365 ἀγέννητον
868 331 915 358 καὶ

139 373 277 405 γεννητὸν,
299 373 329 398 ὂν
353 373 397 399 ἀεὶ
416 374 463 400 καὶ
483 373 519 409 μὴ
534 374 563 400 ὂν
580 375 621 401 ἀεί
637 384 644 408 ;
660 375 768 402 Τούτων
791 377 915 412 ἀνέχεται

138 417 200 448 Θεὸς
211 418 265 444 τῶν
281 418 402 453 ματαίων
418 420 562 454 ρημάτων;
580 420 608 447 ἓν
619 421 695 456 ῥῆμα
709 422 750 448 ἵνα
763 423 915 460 μεταϐάλῃ,

140 464 280 499 προφήτης
295 464 360 490 ποτε
378 465 565 491 ἐκινδύνευσεν
586 466 746 494 ἀπολέσθαι,
764 468 820 494 Καὶ
835 468 916 503 βλέπε

141 511 260 545 ῥήματος
273 510 371 545 μικροῦ
384 511 587 547 ἀκριϐολογίαν.
601 512 641 539 Τὰ
657 514 766 548 ῥήματα
781 513 835 540 τῶν
848 523 916 549 προ-

139 555 229 590 φητῶν
247 564 317 587 τινες
331 556 444 582 ἐκάλουν
461 557 512 583 ὑπὸ
539 557 666 592 ἀπειρίας
683 557 785 593 ,λῆμμα
797 561 917 594 Κυρίου.

139 602 218 636 Δὲγει
230 603 244 628 ὁ
258 602 323 631 Θεὸς
336 603 379 629 διὰ
395 603 516 630 Ἡσαΐου·
543 605 611 631 Ἐὰν
622 605 757 640 ἐρωτήσῃ
768 613 805 632 σε
818 607 834 633 ὀ
845 607 920 639 λαὸς

139 647 157 681 ἢ
174 649 190 673 ὁ
214 647 309 681 Ιερεύς
324 649 343 682 ἢ
369 650 385 675 ὀ
404 650 570 683 προφήτης,
588 652 638 678 καὶ
655 651 726 686 εἴπῃ
740 659 790 678 σοι
803 660 809 668 ι
827 653 858 679 Τί
885 654 920 680 τὸ

139 692 239 727 λῆμμα
248 701 259 725 ;
275 693 340 720 εἰπὲ
356 695 458 728 αὐτοῖς
478 695 523 722 ὅτι
546 697 578 722 τὸ
591 697 695 731 λῆμμα
709 699 819 732 Κυρίου
837 701 921 734 ὑμεῖς

139 737 216 765 ἐστέ.
238 738 378 773 Λήψομιιι
397 741 451 774 γὰρ
476 740 551 775 ὑμᾶς
572 741 740 778 [λῆμμαη]
768 745 818 771 καὶ
838 745 922 778 ρἁω

143 782 231 818 ὑμᾶς,
253 784 304 810 ἵνα
324 784 368 819 μὴ
385 785 493 820 λέγητε
511 786 624 822 λῆμμα.
645 788 691 814 ’Ἑν
714 789 791 823 ῥῆμα
817 790 860 816 ἵνα
885 791 921 826 μὴ

145 828 314 864 μεταποιηθῇ
325 849 332 861 ,
348 829 455 856 ἀπειλεῖ
469 831 484 857 ὁ
497 831 562 863 Θεός
572 840 579 846 ·
603 833 652 858 καὶ
672 834 704 860 σὺ
722 833 867 870 ὀλόκληρον
881 836 923 862 δο-

967 237 1097 272 Spiritum
1117 243 1239 266 sanctum
1254 238 1408 273 baptizatus
1422 245 1462 270 es,
1472 238 1536 273 quid
1551 238 1622 264 tollis
1636 238 1745 264 nomina

968 283 1074 316 viva,et
1090 283 1238 310 introdueis
1253 284 1363 310 nomina
1377 285 1569 319 cogitationum
1579 282 1747 314 tuarum,di-

968 337 1032 357 cens
1045 339 1051 356 :
1065 329 1226 364 ingenitum,
1236 330 1366 364 genitura,
1378 337 1483 364 semper
1494 330 1639 360 exsislens,
1651 332 1676 355 et
1691 335 1744 353 non

968 382 1075 408 semper
1085 374 1226 402 existens?
1240 374 1347 402 Deusne
1362 375 1418 402 hare
1431 375 1521 402 inania
1540 374 1619 401 verba
1636 372 1746 400 toleret?

969 422 1058 449 Unum
1076 422 1184 449 verbum
1210 427 1240 449 ut
1263 427 1388 455 mutaret,
1406 423 1539 457 propheta
1562 423 1626 449 olim
1643 422 1675 448 de
1694 421 1748 447 vita

970 467 1136 501 periclitatus
1159 471 1211 494 est.
1237 467 1270 494 Et
1295 467 1355 494 vide
1379 468 1530 502 emphasim
1548 466 1639 501 exigui
1660 465 1748 492 verbi.

970 511 1058 539 Verba
1080 512 1271 546 prophetarum
1292 517 1424 539 vocarunt
1442 513 1551 547 quidam
1564 520 1610 546 per
1623 512 1751 546 ignoran—

972 558 1036 585 tiam
1050 557 1158 584 Domini
1182 566 1255 585 onus.
1277 559 1345 586 Dicit
1362 559 1491 586 Dominus
1506 566 1553 593 per
1571 558 1668 585 Isaiam
1689 566 1696 583 :
1721 555 1751 583 Si

972 603 1053 638 igitur
1068 604 1266 638 interrogaverit
1289 609 1313 631 Ie
1338 604 1450 638 populus
1481 605 1538 637 iste,
1560 605 1598 630 vel
1624 603 1751 638 propheta

973 653 1019 675 aut
1038 649 1159 675 sacerdos
1176 649 1263 676 dicens
1278 658 1284 676 :
1298 650 1372 681 Quod
1387 655 1424 676 est
1443 658 1507 677 onus
1531 650 1637 676 Domini
1660 649 1751 675 7dices

975 692 1009 718 ad
1023 700 1066 719 eos
1082 700 1091 718 :
1102 692 1174 724 Quia
1199 701 1243 719 vos
1254 692 1361 719 Domini
1385 702 1449 720 onus
1462 693 1559 728 522a
1575 694 1647 720 extis.
1663 691 1751 726 Profi-

974 738 1043 765 ciunt
1058 738 1151 772 quippe
1179 746 1233 771 vos,
1256 743 1281 765 et
1307 739 1463 774 relinquam,
1484 748 1516 766 ne
1540 740 1636 766 dicatis
1659 745 1752 765 οηιιδι.

975 782 1064 811 Unum
1091 785 1200 811 verbum
1221 793 1254 812 ne
1280 789 1409 818 mutetur,
1432 786 1550 812 minatur
1580 785 1709 812 Deuszet
1725 789 1754 811 tn

977 834 1059 856 totam
1076 830 1225 856 doctrinam
1243 835 1423 863 contmutaus,
1440 836 1519 858 nutas
1536 835 1561 858 te
1578 838 1677 858 manus
1700 830 1754 857 Do-

144 873 255 908 γμάτων
280 874 421 910 ἀκρίϐειαν
451 876 620 913 διαστρέφων
642 879 762 914 νομίζεις
782 881 923 917 διαφυγεῖν

983 875 1040 902 uini
1059 875 1249 910 elfugiturutu?

140 919 187 951 τὰς
201 919 249 946 τοῦ
265 919 333 946 Θεοῦ
344 921 444 956 ,χεῖρας
455 930 463 954 ;

149 986 196 1013 Ἐκ
210 987 263 1030 ζορ
278 989 325 1030 εἰς
335 988 379 1020 τὸ,
397 998 407 1014 ‹
431 989 581 1030 ᾉρξεῖρίοι
632 991 718 1030 χάρις
737 1002 797 1030 μου
807 1002 814 1010 ”
830 994 850 1029 ἡ
869 995 924 1030 γὰρ

214 1022 342 1057 δύναμίς
357 1032 417 1058 μου
432 1022 467 1051 ὲὺ·
478 1022 619 1060 ἀσθενείᾲ
632 1022 810 1056 ἶεᾶεῖοῧται.
829 1039 838 1055 ι

176 1067 239 1094 ’Ὁτι
256 1067 320 1104 ἦλθε
335 1071 456 1106 (rp-qui")
482 1072 557 1107 παρὰ
581 1072 627 1099 τοῦ
649 1074 756 1109 Πατρὸς
776 1076 791 1101 ὁ
809 1075 926 1111 Χριστὸς

143 1114 210 1148 πρὸς
232 1116 295 1146 τοὺς
313 1116 473 1152 ἀνθρώπους
486 1119 676 1156 πρεσϐευτής·
698 1122 806 1157 ἐσφάγη
829 1124 843 1149 ὁ
862 1131 928 1158 πρε-

143 1159 259 1195 σϐευτής
270 1169 276 1175 ·
293 1161 340 1187 καὶ
360 1162 421 1188 τότε
447 1163 559 1197 γέγονεν
573 1165 590 1199 ἡ
604 1165 712 1201 εἰρήνη.
733 1166 802 1192 Ἀλλ’
815 1167 840 1193 oi
860 1168 928 1202 πρέ-

144 1205 217 1238 σὸεις
243 1207 386 1241 ἐρχόμενοι
403 1209 450 1235 καὶ
470 1209 544 1244 δῶρα
562 1211 674 1245 φέρουσι
691 1212 738 1238 καὶ
761 1212 836 1248 δῶρα
856 1213 927 1249 λαμ-

145 1251 266 1279 ϐάνουσι.
280 1254 359 1279 Ποῖον
371 1252 418 1280 οὖν
433 1252 483 1290 ἧκε
497 1256 588 1290 φέρων
601 1256 696 1292 δῶρον¹
712 1258 759 1284 καὶ
775 1260 850 1285 ποῖον
863 1260 928 1286 ἀντ-

144 1297 238 1331 ἐλαϐες
260 1300 410 1335 παράδοξον
424 1302 454 1327 τὸ
475 1302 572 1338 δῶρον,
594 1303 631 1335 ὡς
651 1305 698 1330 καὶ
722 1306 736 1331 ὁ
757 1305 928 1340 πρεσϐευτὴς

146 1345 308 1380 παράδοξος.
332 1347 368 1373 Τὸ
383 1345 453 1382 αἷμα
469 1348 552 1375 αὑτοῦ
576 1350 668 1385 φέρων
693 1349 758 1386 ἦλθε
784 1351 880 1386 δῶρον,
896 1353 928 1378 τὸ

146 1391 225 1426 σῶμα
239 1392 322 1419 αὐτοῦ
339 1393 430 1428 φέρων
450 1393 514 1430 ἦλθε
540 1395 636 1431 δῶρον.
656 1397 711 1423 Καὶ
727 1397 754 1423 τί
770 1398 835 1433 παρ’
859 1397 928 1433 ἐμοῦ

144 1436 224 1463 ἱλασε
243 1438 346 1473 δῶρον;
364 1440 465 1467 πίστιν.
482 1441 536 1467 Καὶ
560 1441 586 1467 τί
613 1443 670 1468 ἀντ’
694 1443 778 1478 αὐτῆς
797 1452 841 1478 μοι
860 1453 930 1479 παρ-

144 1482 227 1516 ἐσχε;
248 1483 338 1518 χάριν.
359 1484 523 1512 Ἐπίστευσα
551 1486 617 1521 ἐγὼ,
640 1488 787 1523 ἐχαρίσατο
812 1491 928 1524 ἐκεῖνος,

976 997 1103 1033 Ejusdem
1116 999 1143 1025 in
1160 998 1247 1025 illud:
1266 1007 1274 1024 I
1289 997 1396 1033 Sufﬁcit
1415 999 1462 1025 tibi
1481 999 1569 1034 gratia
1585 1008 1653 1032 mea,
1674 999 1756 1026 virtus

1122 1034 1191 1061 enim
1202 1034 1230 1060 in
1244 1034 1397 1068 inﬁrmitate
1410 1034 1573 1068 perﬁcitur}.
1597 1044 1606 1060 ›

1011 1079 1093 1107 Venit
1122 1088 1138 1107 a
1171 1081 1252 1107 Patre
1282 1079 1408 1107 Christus
1431 1080 1466 1107 ad
1495 1080 1619 1108 homines
1652 1080 1758 1116 legatus

978 1125 1124 1161 [mactatus
1140 1125 1243 1161 legatus
1268 1124 1320 1161 est]
1337 1131 1363 1152 et
1391 1129 1455 1153 tunc
1483 1132 1575 1160 pacem
1603 1125 1678 1152 fecit.
1705 1124 1760 1153 Sed

977 1171 1056 1206 legati
1076 1171 1227 1204 venientes,
1244 1176 1270 1198 et
1285 1171 1355 1198 dona
1372 1171 1471 1203 ferunt,
1483 1175 1510 1198 et
1524 1172 1595 1198 dona
1611 1171 1758 1204 accipiunt.

979 1217 1054 1250 Quod
1071 1217 1152 1252 igitur
1167 1218 1267 1244 donum
1284 1217 1356 1248 tulit,
1376 1221 1403 1243 et
1427 1218 1498 1252 quod
1518 1217 1642 1251 accepit?
1654 1216 1759 1244 Novum

978 1265 1091 1297 donum,
1109 1263 1172 1298 quia
1187 1268 1214 1290 et
1235 1271 1321 1291 novus
1337 1264 1453 1297 legatus.
1470 1263 1545 1290 Tulit
1559 1264 1639 1291 nobis
1658 1264 1759 1290 donum

979 1318 1077 1344 corpus
1097 1316 1124 1336 et
1139 1310 1298 1345 sanguinem
1327 1318 1405 1337 suum
1421 1321 1427 1337 :
1442 1315 1468 1338 et
1496 1311 1559 1346 quid
1584 1319 1598 1337 a
1627 1319 1670 1338 me
1686 1318 1764 1337 accc-

979 1357 1036 1390 pit?
1054 1356 1157 1382 Fidem.
1170 1356 1202 1383 Et
1223 1356 1287 1391 quid
1302 1364 1349 1391 pro
1366 1356 1409 1383 illa
1428 1357 1493 1384 mihi
1516 1357 1611 1384 dedit?
1630 1356 1763 1383 Gratiam.

979 1402 1085 1429 Credidi
1106 1409 1175 1436 ego,
1208 1402 1251 1428 ille
1278 1403 1391 1436 gratiam
1418 1402 1501 1434 dedit,
1530 1401 1617 1429 soluta
1640 1407 1680 1428 cst
1700 1401 1762 1436 [ira,

980 1446 1018 1482 et}
1034 1447 1136 1473 odium.
1148 1446 1216 1473 Cum
1240 1447 1315 1473 venit
1335 1446 1439 1480 legatus
1455 1446 1488 1472 ad
1508 1446 1626 1480 aliquam
1643 1450 1760 1480 gentem.

980 1500 1034 1520 non
1050 1493 1176 1527 dignatur
1194 1500 1256 1519 cum
1280 1492 1372 1526 aliquo
1394 1499 1514 1527 paupere
1537 1496 1585 1518 aut
1598 1492 1702 1526 plebeio
1725 1491 1763 1518 lo-

145 1527 260 1587 ὲλῠθτιεή
274 1528 369 1564 ἔχθρα.
386 1530 415 1556 '0
427 1532 598 1568 πρεσϐευτὴς
612 1534 676 1560 ὅταν
690 1534 754 1570 ἔλθῃ
765 1536 833 1570 πρὸς
842 1536 927 1568 ἔθνος,

983 1539 1038 1574 qui,
1057 1539 1104 1565 sed
1125 1539 1216 1566 statim
1236 1538 1270 1565 ad
1286 1545 1375 1573 regem
1388 1537 1502 1565 accedit.
1516 1537 1565 1565 llic
1580 1544 1645 1564 vero
1660 1537 1763 1571 legatus

144 1574 196 1600 οὑκ
207 1574 277 1606 ἀξιοῖ
290 1576 344 1602 τινὶ
359 1577 413 1603 τῶν
429 1578 568 1613 ἀγοραίων
580 1580 597 1616 ἢ
611 1582 733 1616 πενήτων
744 1581 929 1617 διαλεχθῆναι,

145 1620 206 1646 ἀλλ’
224 1621 304 1653 εὐθὺς
322 1622 361 1657 τῷ
377 1623 481 1658 βασιλεῖ
503 1626 655 1661 πρόσεισιν.
670 1623 755 1659 Οὗτος
776 1628 805 1654 δὲ
828 1630 843 1654 ὁ
868 1638 933 1665 πρε-

148 1665 264 1701 σϐευτὴς
278 1666 354 1703 ἦλθε,
371 1671 418 1696 καὶ
433 1671 533 1703 εὐθέως
553 1673 641 1709 πόρνῃ
655 1674 703 1700 καὶ
722 1674 807 1710 λῃστῇ
823 1676 870 1702 καὶ
889 1684 933 1702 τε-

146 1711 219 1746 λώνῃ
240 1713 287 1739 καὶ
308 1715 406 1749 μάγοις
427 1715 574 1752 διειλέχοη.
594 1716 670 1750 Εἶδες
684 1719 852 1754 πρεσϐευτοῦ
873 1720 934 1754 φιλ-

147 1759 326 1795 ανθρωπίαν;
349 1763 380 1789 οὐ
396 1763 449 1799 γὰρ
468 1765 537 1800 πρὸς
559 1765 607 1792 ἕνα
624 1766 670 1793 καὶ
695 1767 823 1801 δεύτερον
840 1766 933 1803 ἦλθεν,

980 1593 1042 1612 eum
1061 1585 1144 1618 venit,
1168 1585 1260 1613 statim
1281 1592 1342 1612 cum
1362 1585 1512 1616 meretrice,
1527 1584 1641 1616 latrone,
1663 1584 1765 1610 telona-

981 1631 1033 1664 rio,
1050 1636 1078 1658 et
1092 1631 1177 1666 magis
1193 1631 1300 1658 loeutus
1310 1630 1447 1658 est.Vides
1459 1630 1538 1663 legati
1552 1629 1742 1664 benignitatem
1755 1628 1767 1655 ?

982 1676 1040 1703 Non
1060 1676 1133 1703 enim
1151 1676 1184 1703 ad
1200 1683 1284 1703 unum
1299 1680 1326 1703 et
1339 1675 1454 1702 alterum
1475 1675 1563 1708 venit,
1576 1675 1623 1702 sed
1643 1675 1676 1708 ad
1691 1682 1765 1701 com-

983 1729 1093 1749 munem
1125 1727 1250 1748 naturam
1270 1742 1278 1754 ,
1299 1727 1326 1748 et
1347 1722 1420 1748 venit
1451 1729 1533 1748 carne
1559 1728 1620 1748 mea
1645 1721 1766 1752 indutus,

984 1776 1018 1795 ne
1034 1776 1099 1803 pura
1116 1768 1256 1795 divinitate
1271 1768 1406 1795 accedens
1418 1767 1531 1795 bestiam
1550 1771 1659 1794 terreat.

146 1806 216 1832 ἀλλὰ
229 1808 297 1842 πρὸς
308 1809 357 1845 τὴν
371 1812 465 1846 κοινὴν
478 1813 559 1846 φύσιν
569 1821 575 1828 ·
593 1814 640 1840 καὶ
650 1812 717 1850 ἦλθε
729 1815 760 1841 τὸ
775 1815 841 1850 ἐμὸν
854 1815 1086 1852 περιϐεϐλημένος
1117 1816 1235 1851 ἱμάτιον,
1264 1816 1308 1843 ἴνα
1337 1815 1374 1851 μὴ
1395 1817 1486 1851 γυμνῇ
1501 1816 1535 1851 τῇ
1550 1815 1656 1850 θεότητι
1678 1822 1769 1850 παρα-

147 1852 293 1887 γενόμενος
307 1855 414 1894 φοϐήσῃ
429 1858 477 1893 τὴν
494 1858 592 1894 θήραν.

154 1925 207 1964 Ἐζι
222 1926 275 1964 τ’οῇ
289 1927 310 1943 ⁸³
324 1928 368 1964 sic
379 1927 412 1954 td
422 1928 518 1961 ῥητὸν
530 1930 582 1956 τοῦ
600 1930 798 1963 Ἀποστόλου,
816 1940 826 1956 σ
843 1931 877 1958 El
889 1940 934 1964 τις

184 1961 220 2001 ἐν
239 1962 475 2001 Χρισῖῷηκαινὴ
492 1965 610 2001 κτίσις·
634 1966 670 1991 τὰ
686 1961 796 1999 ἀρχαῖα
818 1961 934 2001 παρῆλί

186 1997 249 2030 θεν,
265 1997 329 2024 ἰδοὺ
343 1999 448 2032 γέγονε
459 1999 548 2026 καινὰ
564 1999 600 2026 τὰ
614 1997 751 2026 πάντάξ)

187 2041 249 2068 Ὅτι
263 2044 345 2076 φασιν
356 2045 381 2069 οξ
395 2044 548 2079 ὲλληνισταὶ
561 2048 607 2073 καὶ
621 2047 651 2073 τὺ
665 2048 807 2079 ζουδαΐζον,
821 2048 854 2074 Τί
869 2057 936 2083 κομ-

148 2087 234 2118 πάζιι
258 2088 363 2120 Παῦλος
377 2089 482 2123 λέγων·
504 2093 541 2117 Τὰ
562 2092 671 2126 ἀρχαῖα
693 2092 859 2127 παρῆλθεν,
872 2093 936 2120 ἰδοὺ

149 2133 235 2169 [1557
249 2133 294 2169 ιι]
308 2134 412 2170 γέγονε
426 2137 515 2163 καινὰ
538 2137 574 2164 τὰ
596 2137 695 2164 πάντα
707 2148 715 2154 ·
726 2139 754 2165 εἲ
768 2147 813 2172 τις
824 2139 858 2166 ἐν
867 2141 937 2173 Χρι-

148 2178 224 2211 στῷ,
242 2179 306 2215 [852
321 2180 367 2216 il.]
381 2183 469 2217 καινὴ
489 2183 596 2216 κτίσις.
619 2184 690 2218 Ἐγὼ
703 2185 766 2220 γὰρ,
783 2185 860 2220 φησὶ,
874 2194 937 2211 και-

150 2224 199 2250 νὸν
213 2224 289 2251 οὐδὲν
304 2225 404 2260 βλέπω.
423 2228 459 2253 Οὐ
476 2227 530 2262 γὰρ
545 2227 618 2263 ἔχεις
629 2229 797 2264 ὀφθαλμοὺς,
823 2230 866 2257 ἵνα
879 2231 937 2267 ἴδῃς

150 2269 250 2296 ταῦτα.
268 2271 362 2306 Δεῦρο,
378 2273 425 2299 καὶ
439 2274 545 2308 ποιήσω
563 2283 604 2301 σοι
616 2275 782 2309 ὀφθαλμούς.
792 2277 847 2303 Καὶ
857 2277 936 2312 ὁρᾷς,

153 2317 204 2343 καὶ
217 2318 250 2344 σὺ
265 2319 351 2350 ποιεῖς
365 2319 540 2354 ὀφθαλμούς;
553 2321 606 2348 ναί.
623 2323 676 2348 Καὶ
706 2323 878 2358 Δημιουργὸς
897 2321 939 2356 εἷς

153 2361 203 2387 καὶ
219 2362 300 2389 πάνυ.
323 2364 359 2390 Σὺ
382 2365 578 2400 ἁπονενόησαι;
600 2367 671 2400 οὐχί.
695 2366 801 2394 Οὐκοῦν
826 2367 940 2402 ποίησον

153 2408 310 2443 ὀφθαλμοὺς
325 2410 372 2436 τοῦ
385 2410 526 2445 σώματος;
543 2412 603 2444 οὐκ,
623 2413 692 2439 ἀλλὰ
715 2413 745 2439 τὸ
769 2413 872 2448 μεῖζον,
891 2414 941 2448 τῆς

151 2455 281 2487 διανοίας.
291 2457 345 2483 Καὶ
357 2459 443 2490 ποιεῖς
457 2467 501 2493 μοι
512 2458 668 2494 ὀφθαλμούς
679 2468 686 2492 ;
699 2461 826 2494 μάλιστα.
837 2460 875 2486 Οὐ
886 2460 941 2495 γὰρ

153 2501 226 2536 Exin;
243 2503 314 2538 οὐχί.
332 2504 367 2529 Σὺ
383 2504 411 2530 δὲ
427 2504 514 2540 ﬁxam;
531 2505 583 2533 ναί,
601 2506 661 2538 Πῶς
675 2515 681 2539 ;
697 2506 758 2532 εἰπέ
778 2515 833 2541 μοι.
857 2507 941 2532 Ὅταν

153 2549 278 2584 ἀπέλθῃς
294 2550 334 2580 εἰς
347 2550 419 2583 ναὸν,
432 2552 479 2577 καὶ
494 2552 551 2586 ἴδῃς
565 2553 623 2578 ἐκεῖ
637 2552 729 2584 ξόανον
741 2553 855 2586 γυμνὸν,
869 2552 941 2579 λίοον

153 2595 330 2628 ἄψωνονριαὶ
345 2597 425 2631 εἴπῃς
436 2594 512 2629 οὗτος
524 2598 538 2623 ὁ
546 2597 612 2629 Θεὸς
623 2598 706 2630 ἐστιν,
719 2596 775 2632 ἆρα
788 2597 943 2632 ὀφθαλμοὺς

154 2642 246 2675 ἕχεις;
263 2641 300 2676 μὴ
316 2642 369 2677 γὰρ
385 2643 482 2677 ὕφελός
496 2651 522 2669 τι
535 2643 590 2670 τῶν
601 2642 700 2675 ἔξωθεν
716 2642 875 2678 ὀφθαλμῶν,
888 2642 943 2669 τῶν

988 1922 1030 1958 ἔξω
1043 1931 1134 1957 eadem
1161 1929 1271 1956 Itomilia
1297 1930 1324 1956 in
1348 1930 1446 1956 dictant
1471 1927 1589 1961 Apostoli
1608 1934 1618 1953 :
1637 1936 1647 1952 ι
1668 1927 1698 1954 Si
1719 1937 1772 1963 qua

1022 1974 1082 1999 ergo
1096 1967 1123 1992 in
1137 1966 1242 1992 Christo
1257 1973 1324 1991 nova
1338 1971 1461 1990 tremum
1472 1971 1482 1990 .'
1498 1967 1585 1990 vetera
1597 1963 1770 1997 transierunt,

1022 2009 1080 2027 ecce
1100 2002 1172 2035 facta
1186 2005 1246 2026 sunt
1263 2000 1350 2025 omnia
1365 2007 1431 2026 nova
1449 2003 1487 2025 ι.»

1025 2045 1110 2074 Judaei
1126 2051 1152 2073 et
1164 2051 1256 2080 gentes
1281 2045 1375 2071 dicunt
1399 2053 1406 2071 :
1425 2044 1505 2078 Quid;
1525 2044 1657 2080 gloriatur
1672 2044 1774 2070 Paulus

991 2092 1084 2120 dicens
1103 2101 1110 2118 :
1133 2090 1224 2117 Vetera
1239 2089 1410 2120 transierunt,
1438 2096 1495 2115 ecce
1516 2089 1589 2122 facta
1613 2091 1674 2114 sunt
1686 2088 1774 2114 omm'a

991 2145 1067 2165 nova.
1086 2136 1174 2170 Siqua
1184 2137 1212 2162 in
1231 2134 1336 2162 Christo
1365 2142 1432 2161 nova
1457 2139 1590 2160 creatura.
1617 2127 1672 2168 Ego
1698 2140 1772 2164 vero,

992 2182 1090 2217 inquit,
1105 2181 1172 2208 nihil
1188 2188 1287 2208 novum
1305 2180 1393 2207 video.
1409 2178 1467 2206 Non
1490 2179 1562 2206 enim
1583 2178 1666 2205 babes
1680 2178 1775 2205 oculos

992 2233 1022 2255 ut
1034 2228 1127 2255 videas
1144 2228 1210 2254 haec.
1233 2226 1337 2253 Accede
1350 2225 1414 2257 huc,
1436 2229 1463 2252 et
1485 2224 1580 2251 faciant
1599 2224 1645 2251 tibi
1669 2224 1773 2252 oculos.

991 2274 1025 2301 Et
1038 2273 1125 2305 vides,
1144 2277 1171 2299 et
1193 2277 1222 2299 tu
1241 2271 1307 2298 facis
1329 2270 1424 2297 oculos
1443 2270 1455 2296 ?
1482 2271 1530 2295 ita.
1559 2269 1590 2296 Et
1609 2273 1716 2296 creator
1728 2269 1776 2295 es?

992 2319 1114 2347 omnino.
1137 2317 1214 2344 Tune
1235 2317 1347 2344 demens
1361 2316 1414 2343 es?
1435 2322 1618 2350 nequaquam.
1637 2314 1719 2349 Igitur
1736 2314 1777 2340 fa-

992 2365 1048 2393 cies
1072 2363 1166 2390 oculos
1189 2362 1331 2397 corporis?
1355 2369 1536 2396 nequaquam,
1562 2360 1608 2387 sed
1622 2359 1713 2393 majus
1726 2359 1776 2385 ali-

993 2410 1170 2447 quid,oculos
1183 2411 1292 2436 mentis.
1310 2408 1343 2435 Et
1359 2408 1426 2435 facis
1442 2408 1507 2434 mihi
1523 2406 1639 2435 oculos?
1653 2405 1702 2433 lla.
1717 2405 1776 2432 Non

994 2459 1066 2486 enilu
1092 2455 1396 2489 habeo?Ncquaquam.
1427 2453 1466 2480 Tu
1492 2461 1555 2480 vero
1593 2452 1699 2479 babes?
1727 2451 1775 2478 Ita.

995 2504 1161 2539 Quomodo?
1179 2503 1223 2529 dic
1250 2501 1327 2528 mihi.
1342 2500 1411 2527 Cum
1437 2500 1547 2527 veneris
1576 2500 1602 2525 in
1636 2498 1777 2532 templum,

995 2550 1150 2583 nudamque
1179 2548 1215 2575 ibi
1246 2551 1362 2574 statuam
1381 2545 1496 2578 videris,
1520 2544 1635 2579 lapidem
1660 2547 1777 2573 mutum,

999 2603 1027 2625 et
1043 2597 1156 2628 dixeris,
1170 2595 1215 2622 Ille
1231 2593 1301 2621 Deus
1331 2599 1382 2624 est,
1402 2600 1435 2618 an
1453 2591 1564 2618 'oculos
1599 2590 1681 2617 habes
1696 2588 1707 2615 ?
1720 2587 1778 2614 Non

996 2643 1068 2670 enim
1085 2642 1187 2669 utilitas
1203 2640 1294 2674 aliqua
1321 2639 1463 2670 oculorum
1488 2642 1675 2666 externorum.
1691 2634 1714 2661 si
1734 2633 1780 2658 in-

194 2725 207 2732 ·
229 2720 307 2748 Deut.
320 2729 357 2754 IV,
373 2722 400 2749 ‘2.
420 2728 433 2742 ι
451 2720 519 2755 lmo,
533 2721 633 2749 ,ιρι-ειη.
653 2729 729 2754 xxttl,
748 2721 792 2753 55,
819 2720 863 2748 5i.
890 2724 903 2744 γ
920 2720 928 2747 l

983 2727 1023 2747 or.
1042 2727 1091 2752 xu,
1107 2719 1134 2746 9.
1154 2723 1164 2736 Ζ
1180 2718 1202 2745 ll
1222 2717 1285 2746 Cor.
1315 2716 1399 2748 v,l'1.

794 2777 910 2805 VARle
929 2776 1133 2805 LECTIONES.

218 2837 240 2851 ¹⁰
257 2837 390 2873 μετάϐαλε
405 2846 436 2868 ς.
490 2837 509 2852 ¹¹
527 2836 622 2872 λῆμμα
635 2843 689 2863 οιιι.
707 2837 737 2863 Δ.

793 2836 812 2851 ¹²
828 2834 894 2870 φηςὶ
908 2835 988 2870 vulgo
1015 2838 1075 2867 post
1097 2833 1199 2868 πατρὸς
1215 2837 1328 2867 ponunt.

1368 2832 1448 2867 "{éz
1462 2828 1508 2856 τοῦ
1525 2828 1606 2855 αὐτοῦ
1623 2828 1661 2861 ei;
1678 2835 1708 2858 ς.
