1959 3081
190 136 245 169 279

784 145 899 178 ΡΗΟἸἸ
902 145 916 175 Ι
933 144 1188 176 PATRIARCHE
1207 145 1262 175 (ΣΡ.

1764 138 1819 171 280

192 198 261 226 terni
278 198 405 234 caligant.
420 199 502 229 Vides
513 209 583 237 opus
601 210 674 236 esse,
689 209 720 232 ut
735 204 834 233 faciam
850 204 899 233 tibi
912 212 982 233 ocu-

1034 204 1140 232 ἔνδοθεν
1156 203 1384 240 πεπηρωμένων;
1405 201 1472 238 ὁρᾷς
1492 201 1534 228 ὅτι
1559 199 1655 236 χρείαν
1679 199 1753 236 Εχεις
1774 199 1819 227 Eva.

191 245 245 277 los,
259 250 290 273 ut
303 245 396 274 videas
411 247 528 282 lapidem
546 256 608 276 esse
623 249 750 284 lapidem,
763 255 789 278 et
802 251 906 286 lignum
919 258 981 279 esse

193 290 310 326 lignum,
326 293 462 322 Oculosne
475 294 559 322 habes
583 296 694 330 quando
722 296 798 325 vides
825 297 940 333 lignum,
954 303 982 326 et

193 339 314 366 adoras?
331 339 414 373 Atqui
443 347 493 375 ego
516 341 538 367 si
565 341 702 376 accipiens
726 343 897 375 comburam,
914 352 979 372 num

192 384 278 413 habes
293 385 390 420 522!)
405 386 509 419 oculos,
526 387 552 414 id
573 387 667 420 delun,
687 387 762 423 quod
788 394 913 417 exustum
928 394 979 422 est,

191 432 313 459 vocans?
336 431 450 465 Quando
478 432 590 461 aﬂ'e‘clus
616 439 643 461 et
674 434 731 469 (21)
759 435 980 469 perturbationes

192 477 260 505 deos
273 485 333 505 esse
347 478 428 512 dicis,
445 479 574 507 oculosue
591 480 673 508 habes
685 481 696 507 ?
710 481 810 508 Ebrius
829 487 871 509 est
886 482 978 515 homo,

192 527 220 549 et
234 523 440 558 circumagitur,
461 529 488 552 et
508 525 646 558 irridetur,
663 530 690 553 et
703 534 736 553 ex
753 527 865 554 homine
879 527 909 554 ﬁt
931 527 979 554 be-

193 569 256 596 stia.
281 568 322 595 Tu
346 577 410 597 vero
435 570 528 598 dicis:
555 570 679 599 Ebrietas
702 572 771 599 deus
787 572 910 600 Bacchus
925 577 977 601 est.

194 613 308 642 Furtum
327 615 394 642 deus
409 615 570 644 Mercurius.
597 616 713 644 Videsne
727 617 849 653 indigere
865 624 891 646 te
910 627 978 646 oeu-

193 660 316 688 lis?Lex
343 660 456 689 aII-tctus
473 662 561 697 punit,
580 668 607 690 et
623 663 671 691 hos
688 668 713 691 te
730 664 796 692 deos
816 664 905 693 facere
926 674 979 694 non

196 705 293 734 vides?
310 706 338 734 Si
353 713 443 734 autem
459 708 510 740 vis,
527 709 645 742 attende,
665 711 803 745 quomodo
827 711 897 739 facta
925 713 981 740 sint

195 751 288 779 omnia
302 759 380 779 nova.
399 753 501 780 Dicitur
527 754 554 780 in
577 754 719 789 Scriptura
745 757 846 783 creatio
865 765 917 784 non
933 765 980 784 so-

193 798 250 825 lum
266 806 281 826 e
295 799 382 826 nihilo
406 799 433 826 in
461 800 563 835 aliquid
583 802 736 834 productio,
767 803 814 830 sed
835 803 916 830 etiam
947 810 979 829 ex

193 844 287 879 aliquo
300 845 327 872 in
343 845 441 873 melius
456 846 621 874 immutatio.
642 848 750 875 Creavit
770 847 840 876 Deus
867 849 978 883 emtum,

193 890 247 918 hoc
261 895 313 923 est,
329 898 345 918 e
360 891 444 918 nihilo
455 893 527 919 fecit.
546 893 625 920 Creal.
639 898 666 921 et
679 894 790 929 quando
805 895 908 922 malum
928 896 980 923 ho-

193 937 294 963 minem
309 937 412 965 bonum
433 938 531 965 reddit.
556 938 605 966 llic
628 947 693 967 vero
708 941 811 968 creatio
830 947 872 969 est
887 949 979 970 rerum

192 982 308 1009 mutatio
324 982 350 1009 in
365 982 474 1010 melius.
486 983 519 1010 Et
532 985 593 1011 audi
610 984 740 1012 Davidem
752 985 899 1013 dicentem.
910 987 979 1014 Cum

192 1028 264 1055 enim
279 1033 339 1056 erat
356 1028 423 1064 ipse,
440 1035 467 1056 et
478 1037 527 1057 eor
541 1030 601 1064 ejus
615 1036 750 1064 creatum,
768 1033 896 1060 sordibus
916 1041 980 1061 vero

193 1074 318 1101 adulterii
330 1079 356 1101 et
371 1076 452 1102 credis
473 1075 640 1104 maculatum
658 1083 710 1112 est,
728 1083 755 1105 et
770 1079 804 1106 ad
825 1080 981 1114 corruptio-

193 1127 255 1147 nem
275 1119 423 1154 ferebatur,
448 1128 579 1156 provocat
608 1125 691 1151 Deum
707 1125 801 1153 dicens
815 1135 822 1153 :
837 1125 890 1153 Cor
905 1135 982 1153 mun—

193 1169 256 1194 dum
272 1176 332 1194 crea
361 1168 388 1195 iu
405 1177 456 1202 me,
474 1169 542 1197 Deus
556 1177 580 1197 ιδ.
604 1170 663 1199 Non
680 1173 753 1207 quod
774 1173 850 1207 prius
864 1181 911 1201 cor
927 1182 980 1201 non

192 1213 330 1246 habuerit,
345 1222 395 1242 nec
411 1215 445 1242 de
459 1216 550 1244 cordis
564 1217 718 1245 substantia
739 1219 871 1254 loquitur,
886 1220 934 1247 sed
948 1220 982 1248 de

191 1259 299 1287 meliori
315 1260 375 1294 ejus
388 1260 556 1291 conditione.
573 1262 644 1291 Ecce
658 1264 741 1299 igitur
753 1266 855 1292 creatio
870 1266 981 1298 dicitur,

192 1313 247 1333 non
264 1307 352 1334 solum
366 1315 462 1336 eorum
483 1316 544 1344 qua:
562 1317 577 1337 e
595 1310 682 1338 nihilo
696 1311 830 1346 producta
844 1317 919 1345 sunt,
934 1313 982 1340 sed

192 1352 273 1379 etiam
306 1359 443 1389 corruptae
470 1360 576 1382 natura:
605 1356 631 1382 in
662 1357 761 1384 melius
793 1359 919 1385 mutatio.
937 1359 984 1387 Sit:

192 1403 301 1426 creatur
322 1401 425 1427 munda
451 1402 508 1435 ipsa
539 1402 686 1436 adultera;
708 1403 748 1430 sic
763 1404 922 1432 misericors
935 1406 982 1440 qui

193 1451 272 1473 antea
287 1451 398 1481 raptor;
411 1447 451 1474 sic
466 1451 587 1474 mutatur
602 1447 629 1474 in
643 1455 721 1476 ovem
737 1448 829 1484 lupus,
841 1450 867 1476 in
878 1450 985 1477 colunt-

193 1492 255 1519 bam
272 1493 362 1520 vultur
375 1501 381 1519 :
392 1493 490 1529 duplex
505 1495 687 1523 creatio.ldeo
698 1500 725 1522 et
737 1495 986 1524 lavacrumcreatio

1033 250 1138 286 ποιήσω
1147 258 1188 277 σοι
1201 248 1444 285 ὀφθαλμοὺς,ὥστε
1455 248 1502 275 τὸν
1513 247 1587 274 λίϐον
1611 255 1643 274 σε
1657 246 1721 274 ίδεϊν
1733 245 1817 279 λίθον,

1032 297 1080 324 καὶ
1091 297 1122 324 τὸ
1134 296 1212 329 ξύλον
1222 296 1309 329 ξύλον.
1318 296 1490 332 Ὀφθαλμοὺς
1505 294 1660 330 ἐχεις,ὂταν
1671 293 1730 329 ῐδῃς
1741 291 1820 326 ξύλον

1032 343 1080 370 καὶ
1091 344 1286 379 προσκυνήσῃς
1296 351 1303 376 ;
1317 344 1381 370 ὅταν
1395 341 1487 368 λαϐὼν
1498 342 1520 357 ⁵⁵
1534 341 1600 368 αὐτὸ
1611 340 1666 375 ἐγὼ
1677 340 1700 356 ¹⁵
1712 339 1818 372 καύσω,

1032 388 1087 425 ἆρα
1108 386 1180 424 ἔχεις
1195 389 1353 424 ὀφθαλμοὺς
1368 387 1398 414 τὸ
1414 388 1560 422 καιόμενον
1576 386 1637 413 Θεὸν
1655 386 1796 421 ὀνομάζων
1810 393 1818 419 ;

1031 436 1096 462 ὅταν
1110 435 1145 462 τὰ
1159 435 1233 470 πάθη
1247 435 1384 469 θεοποιῇς,
1409 433 1566 468 ὀφθαλμοὺς
1585 432 1674 468 ἐχειςς
1692 431 1786 468 μεθύει
1805 431 1820 457 ὁ

1031 481 1174 517 ἄνθρωπος
1187 482 1234 509 καὶ
1249 481 1428 517 περιφέρεται
1447 480 1494 507 καὶ
1510 479 1694 515 καταγελᾶται
1707 479 1755 506 καὶ
1773 478 1821 512 γί-

1031 535 1107 554 νεται
1122 527 1182 553 ἀντὶ
1197 525 1342 562 ἀνθρώπου
1360 526 1455 560 ἄλογος
1467 535 1474 542 ·
1494 526 1527 552 σὺ
1545 525 1573 552 δὲ
1598 525 1688 560 λέγεις
1706 526 1723 560 ἡ
1750 524 1820 560 μέθη

1032 573 1093 605 θεὸς
1109 574 1124 601 ὁ
1144 572 1281 604 Διόνυσος,
1295 573 1312 608 ἡ
1328 571 1416 608 κλοπὴ
1431 572 1492 604 οεὸς
1505 572 1520 598 ὁ
1542 572 1657 608 Ἑρμῆς.
1679 571 1762 608 Ὁρᾷς
1779 572 1821 598 ὄτι

1031 619 1110 655 χρεία
1127 628 1168 646 σοι
1183 618 1350 654 ὀφθαλμῶν;
1367 618 1381 644 ὁ
1398 618 1479 654 νόμος
1492 619 1526 646 τὰ
1545 619 1619 654 πάθη
1637 618 1757 651 κολάζει,
1773 619 1821 645 καὶ

1032 667 1064 694 σὺ
1078 665 1165 694 ταῦτα
1179 666 1312 692 θεοποιῶν
1327 666 1378 692 οὐκ
1391 665 1519 702 αἰσθάνῃ.
1535 666 1565 692 Et
1589 665 1679 701 βούλει
1694 665 1734 698 δὲ,
1754 664 1819 700 πρό-

1031 723 1105 748 σχες,
1118 714 1192 745 ὅπως
1206 714 1302 747 γέγονε
1317 712 1407 739 πάντα
1421 712 1512 739 καινά.
1529 712 1627 744 κτίσις
1642 713 1671 738 ὲν
1681 713 1714 747 τῇ
1724 711 1819 748 Γραφῇ

1030 761 1168 796 manus
1185 761 1215 787 οὺ
1235 761 1316 796 μόνον
1335 761 1397 795 ἡὲκ
1412 759 1460 786 τοῦ
1484 760 1520 795 μὴ
1540 759 1617 791 ὄντος
1641 760 1682 791 είς
1699 759 1730 785 τὸ
1748 756 1821 785 εἶναι

1031 807 1227 843 παραγωγὴπ,
1237 806 1306 833 ἀλλὰ
1318 807 1366 834 καὶ
1379 807 1397 842 ή
1409 807 1441 833 ὲκ
1453 806 1500 833 τοῦ
1516 806 1592 837 ὄντος
1608 806 1655 832 ἐπὶ
1669 805 1699 831 τὸ
1714 805 1820 840 βέλτιον

1034 853 1180 889 μεταϐολή.
1197 853 1325 880 Ἔκτισεν
1340 853 1355 878 ὁ
1372 853 1437 882 Θεὸς
1449 852 1496 879 τὸν
1515 852 1640 887 οὐρανὸν,
1655 851 1728 878 τοῦτ’
1745 850 1819 877 ἐστιν

1031 902 1064 927 ἐκ
1079 900 1127 927 τοῦ
1147 899 1185 935 μὴ
1202 899 1280 932 ὄντος
1302 898 1485 934 ἐργάσασθαι.
1507 898 1604 930 Κτίζει
1628 898 1675 924 καὶ
1697 897 1761 924 ὅταν
1772 896 1820 923 τὸν

1031 946 1149 981 πονηρὸν
1163 945 1308 981 ἄνθρωπον
1327 945 1410 971 καλὸν
1432 945 1623 980 ἀπεργάσηται
1633 952 1640 958 ·
1654 942 1771 970 ἐνταῦθα
1789 941 1820 968 τὸ

1031 992 1133 1024 κτίζειν
1147 991 1318 1026 πραγμάτων
1340 991 1413 1017 ἐστὶν
1428 991 1474 1017 ἐπὶ
1490 991 1520 1016 τὸ
1547 990 1653 1025 βέλτιον
1671 987 1820 1024 μεταϐολή.

1032 1039 1087 1064 Καὶ
1107 1038 1223 1064 ἄκουσον
1240 1037 1287 1064 τοῦ
1315 1036 1396 1063 Δαϐὶδ
1410 1036 1547 1070 λέγοντος.
1568 1034 1678 1070 Ἐπειδὴ
1703 1034 1758 1068 γὰρ
1783 1031 1818 1068 ἦν

1032 1085 1112 1116 αὐτὸς
1128 1085 1175 1111 καὶ
1196 1084 1213 1119 ἡ
1228 1083 1327 1119 καρδία
1340 1082 1422 1109 αὐτοῦ
1438 1081 1587 1116 ἐκτισμένη
1599 1101 1606 1112 ,
1625 1079 1771 1116 ὲρῤυπώθη
1792 1079 1820 1105 δὲ

1031 1133 1064 1167 τῇ
1078 1131 1186 1166 μοιχείᾳ
1199 1130 1247 1157 xa‘t
1265 1130 1304 1164 τῷ
1321 1129 1393 1163 φόνῳ
1417 1129 1465 1155 καὶ
1490 1128 1560 1163 πρὸς
1583 1126 1687 1161 φθορὰν
1702 1125 1820 1160 κατεφέ-

1034 1185 1104 1211 ρετο,
1122 1174 1277 1210 παρακαλεῖ
1287 1174 1333 1200 τὸν
1343 1173 1410 1200 Θεὸν
1424 1173 1471 1200 καὶ
1486 1173 1571 1207 λέγει·
1589 1172 1720 1206 Καρδίαν
1730 1172 1821 1198 καθα-

1031 1223 1089 1256 ρὰν·
1102 1221 1210 1248 κτίσον
1223 1220 1259 1247 ἐν
1273 1219 1339 1254 ἐμοὶ
1355 1221 1370 1246 ό
1385 1221 1467 1252 Θεός.
1484 1220 1540 1254 Οὐχ
1561 1219 1603 1246 ὃτι
1621 1217 1754 1253 πρότερον
1772 1216 1819 1243 οὖν

1034 1266 1090 1304 εἶχε
1107 1268 1233 1303 καρδίαν,
1247 1267 1308 1293 οὐδὲ
1328 1267 1393 1301 περὶ
1408 1265 1458 1300 τῆς
1474 1265 1569 1296 οὐσίας
1583 1264 1633 1299 τῆς
1647 1262 1760 1299 καρδίας
1776 1261 1822 1288 λέ-

1034 1324 1089 1350 γει,
1103 1314 1172 1342 ἀλλὰ
1197 1314 1261 1348 περὶ
1278 1313 1329 1347 τῆς
1346 1312 1502 1347 κοσμούσης
1518 1310 1603 1346 αὐτὴν
1619 1309 1735 1345 ἀρίστης
1747 1307 1823 1334 πολι-

1033 1361 1121 1392 τείας.
1141 1359 1208 1386 Ἰδοὺ
1225 1358 1318 1385 τοίνυν
1332 1358 1422 1389 κτίσις
1437 1357 1549 1392 λέγεται
1564 1355 1594 1382 οὐ
1611 1355 1692 1390 μόνον
1703 1355 1720 1390 ἡ
1731 1354 1763 1380 ἐκ
1775 1352 1822 1380 τοῦ

1037 1406 1074 1441 μὴ
1089 1406 1166 1437 ϐντος
1179 1406 1220 1436 εἰς
1233 1405 1263 1431 τὸ
1276 1403 1346 1430 εἶναι
1359 1402 1523 1439 παραγωγὴ,
1542 1401 1610 1428 ἀλλὰ
1624 1401 1672 1428 καὶ
1689 1399 1766 1436 ήτῆς
1776 1398 1824 1425 οὐ-

1037 1453 1098 1484 σίας
1115 1451 1314 1487 διαφθαρείσης
1334 1451 1375 1482 είς
1398 1449 1428 1476 τὸ
1453 1449 1559 1484 βέλτιον
1575 1446 1724 1482 μεταϐολή.
1746 1444 1826 1472 οὕτω

1036 1498 1160 1530 κτίζεται
1173 1497 1288 1532 σώφρων
1305 1497 1322 1531 ἡ
1335 1495 1434 1531 πόρνη,
1445 1494 1532 1525 οὕτως
1546 1492 1673 1528 ἐλεήμων
1686 1492 1700 1518 ὁ
1717 1489 1824 1526 ἅρπαξ·

193 1539 303 1572 dicitur,
315 1539 463 1572 lavacrum,
473 1541 595 1575 inquam,
608 1542 822 1576 regenerationis
835 1551 842 1568 :
858 1542 983 1571 Exuentee

1039 1544 1110 1571 οὕτω
1125 1543 1322 1579 μεταϐάλλεται
1337 1541 1377 1573 εἰς
1388 1540 1523 1575 πρόϐατον
1537 1540 1552 1566 ὁ
1562 1539 1644 1570 λύκος
1659 1537 1706 1564 καὶ
1721 1538 1735 1563 ὀ
1747 1535 1826 1571 ῑέραξ

193 1584 278 1617 enim,
295 1585 503 1620 inquit,veterem
520 1586 661 1620 hominem,
677 1592 701 1614 et
729 1589 865 1616 induentes
894 1597 989 1617 novum

193 1637 252 1656 eum
259 1630 303 1664 qui
312 1634 451 1657 renovatur
465 1632 606 1658 secundum
614 1633 755 1668 imaginem
763 1634 830 1668 ejus,
837 1635 880 1669 qui
891 1635 988 1662 creavit

195 1674 270 1701 illum
282 1675 308 1702 h.
329 1675 410 1703 Vides
434 1676 515 1711 igitur
537 1685 635 1704 novam
652 1686 713 1706 esse
733 1684 898 1707 creaturam.
918 1681 988 1714 Quid

194 1722 268 1748 enim
285 1722 350 1748 mihi
365 1722 489 1757 prodest,
507 1724 529 1750 si
546 1724 592 1750 liat
610 1724 710 1751 emluln
735 1733 847 1757 novum,
866 1732 893 1753 et
915 1731 988 1754 terra

196 1774 277 1800 nova,
311 1775 361 1802 ego
384 1775 447 1795 vero
471 1769 498 1795 in
529 1770 648 1804 peccatis
678 1771 747 1799 meis
770 1772 989 1800 iuveterascam?

196 1812 302 1840 Ccelum
319 1813 417 1841 domus
428 1818 479 1847 est,
497 1822 545 1854 ego
566 1823 631 1843 vero
657 1815 750 1844 habito
769 1817 797 1844 in
812 1825 844 1846 ea
859 1824 988 1854 mgrotus.

199 1857 352 1894 Siquando
368 1860 490 1887 medicus
514 1852 541 1887 in
557 1860 668 1889 domum
696 1863 790 1898 aegroti
815 1852 931 1898 veniret,
962 1870 990 1893 et

198 1905 272 1932 nulla
287 1905 375 1932 morbi
392 1906 497 1934 ratione
527 1906 630 1942 habita,
653 1908 787 1937 i-nalbaret
810 1912 940 1945 parietes,
962 1917 989 1939 et

198 1958 267 1978 auro
302 1952 442 1986 laquearia
474 1952 654 1987 incrustaret,
688 1963 779 1983 nonne
807 1957 914 1984 diceres
939 1958 988 1985 illi:

198 1997 274 2024 Bone
298 1998 349 2030 vir,
368 2006 434 2025 cura
462 2004 605 2034 aegrotum,
628 2001 694 2036 quid
723 2002 834 2029 domum
851 2005 991 2031 exornas?

198 2043 304 2079 Adjuva
336 2045 554 2074 decumbentem.
588 2047 714 2075 Christus
752 2049 826 2076 venit
857 2050 886 2077 in
917 2051 990 2078 hunc

199 2091 345 2123 mundum,
365 2092 392 2119 in
427 2100 482 2127 quo
513 2093 720 2122 decumbenlem
748 2100 874 2123 naturam
899 2105 988 2125 meam

199 2137 315 2171 invenit,
333 2143 362 2165 et
377 2143 566 2174 aegrotantem,
579 2145 607 2167 et
621 2141 655 2168 ad
669 2149 729 2169 eam
742 2143 894 2170 sanandam
908 2152 990 2172 omne

199 2185 274 2212 subit
285 2190 433 2218 certamen,
460 2191 486 2213 et
501 2191 615 2214 renovat
642 2187 834 2224 instauratque
851 2196 987 2218 naturam.

1038 1591 1079 1621 είς
1095 1589 1272 1625 περιστεράν.
1300 1587 1352 1613 Δύο
1367 1587 1485 1617 κτίσειςθ
1504 1584 1550 1612 διὰ
1564 1584 1644 1612 τοῦτο
1660 1583 1709 1611 καὶ
1722 1583 1752 1609 τὸ
1762 1582 1826 1609 λου-

1037 1636 1102 1672 τρὸν
1118 1636 1222 1670 κτίσμα
1238 1635 1364 1668 λέγεται,
1374 1633 1405 1659 τὸ
1416 1632 1530 1668 λουτρὸν
1543 1632 1615 1666 λέγω
1630 1631 1679 1666 τῆς
1696 1630 1828 1663 παλιγγε-

1038 1682 1143 1713 νεσίας·
1160 1679 1404 1714 Ἀποδυσὰμενοι,
1415 1679 1471 1714 γάρ
1483 1686 1560 1713 φησι,
1568 1677 1621 1704 τὸν
1635 1675 1766 1703 παλαιὸν
1778 1673 1830 1702 ἅν-

1039 1732 1168 1763 θρωπον,
1186 1725 1421 1761 ἑνδυσὰμενοιη
1445 1725 1507 1751 δὲ¹⁹
1522 1724 1576 1751 τὸν
1589 1723 1672 1754 νέον,
1690 1722 1744 1749 τὸν
1756 1721 1830 1748 ἀνα-

1039 1775 1228 1812 γεννώμενον
1248 1774 1313 1801 κατ’
1336 1774 1440 1801 εἰκόνα
1461 1772 1514 1800 τοῦ
1537 1771 1705 1803 Κτίσαντος
1724 1768 1828 1796 αὐτόν.

1045 1822 1127 1857 Ὁρᾷς
1141 1818 1187 1847 οὖν
1197 1821 1212 1847 ὃ
1224 1828 1251 1846 τι
1267 1819 1326 1845 ἐστὶ
1342 1818 1422 1854 καινὴ
1438 1818 1537 1848 κτίσις.
1550 1817 1582 1843 Τί
1594 1817 1648 1852 γάρ
1665 1824 1710 1851 μοι
1721 1814 1828 1849 ὄφελος,

1039 1869 1087 1896 ἐὰν
1102 1868 1215 1903 γένηται
1242 1866 1356 1902 οὐρανὸς
1373 1865 1467 1896 καινὸς
1488 1864 1537 1891 καὶ
1552 1864 1588 1898 γῆ
1611 1863 1692 1897 καινὴ
1705 1881 1712 1894 ,
1730 1860 1786 1894 ἐγὼ
1801 1860 1830 1887 δὲ

1039 1916 1097 1946 ταῖς
1111 1913 1259 1949 ἁμαρτίαις
1275 1911 1490 1946 πεπαλαίωμαι,
1503 1910 1517 1936 ὸ
1529 1908 1643 1944 οὐρανὸς
1654 1906 1728 1938 οἶκός
1742 1907 1828 1938 ἐστιν,

1040 1960 1096 1995 ἐγὼ
1112 1960 1141 1987 δὲ
1154 1959 1330 1994 διαιτώμενος
1341 1957 1363 1973 ¹⁰
1377 1958 1405 1984 ὲν
1420 1957 1494 1992 αὑτῴ
1515 1956 1567 1983 και
1585 1954 1682 1982 νοσῶν.
1704 1953 1769 1980 Ἐὰν
1788 1953 1830 1979 ία-

1039 2008 1103 2043 τρὸς
1120 2008 1160 2039 είς
1174 2007 1223 2041 τὴν
1245 2006 1333 2032 οίκίαν
1348 2004 1396 2031 τοῦ
1414 2001 1620 2040 ἀῤῥωστοῦντος
1635 1999 1762 2032 εἰσέλθοι,
1781 1998 1831 2025 καὶ

1039 2055 1086 2081 τοῦ
1103 2054 1152 2088 μὲν
1167 2052 1298 2087 οὐδεμίαν
1328 2051 1456 2086 πρόνοιαν
1470 2048 1558 2081 λάϐοι,
1575 2045 1747 2097 λευκαίνῃιδὲ
1766 2044 1832 2097 τοὺς

1039 2101 1146 2136 τοίχους
1171 2100 1218 2126 καὶ
1239 2097 1419 2133 χρυσογραφῇ
1442 2096 1486 2122 τὸν
1501 2095 1611 2130 ὖροφον,
1629 2093 1680 2119 οὐκ
1698 2091 1739 2136 νᾶν
1753 2091 1832 2136 εἶπες

1039 2133 1114 2181 αὐτῷ
1128 2154 1136 2161 ο
1154 2146 1319 2177 Ἄνθρωπε,
1343 2140 1521 2173 ἁνάστησον
1540 2138 1595 2165 τὸν
1614 2135 1782 2181 νοσοῦντα·
1803 2133 1833 2160 τι

1040 2193 1098 2226 τὴν
1112 2191 1211 2218 οὶκίαν
1224 2186 1440 2219 καλλωπίζεις;
1459 2185 1621 2218 βοήθησον
1639 2181 1680 2215 τῷ
1693 2180 1832 2215 κειμένῳ.

199 2229 272 2262 Quid
296 2231 380 2265 igitur
407 2231 543 2258 medicum
570 2235 598 2258 tu
626 2234 814 2267 reprehendis.
844 2235 908 2270 quia
933 2245 983 2264 non

1042 2220 1098 2265 κξιι
1114 2237 1127 2263 ὁ
1140 2236 1256 2271 Χριστὸς
1266 2234 1329 2270 [835
1342 2233 1390 2269 11.]
1400 2232 1525 2267 εἰσῆλθεν
1541 2232 1580 2262 εἰς
1594 2229 1638 2256 τὸν
1656 2227 1759 2262 κόσμον
1770 2226 1833 2271 τοῡέ

199 2276 298 2312 523a
313 2277 359 2304 illa
375 2277 448 2310 facit,
463 2278 602 2306 Christum
627 2288 692 2307 vero
708 2282 895 2315 reprehendis,
915 2286 983 2318 quod

1041 2295 1097 2318 ’τον¹
1113 2285 1142 2311 ἒν
1155 2281 1176 2318 ᾧ
1188 2282 1391 2317 κατακειμένην
1407 2276 1470 2315 εὗρε
1486 2279 1535 2314 τὴν
1563 2277 1644 2312 φύσιν
1661 2283 1710 2310 μου
1727 2272 1787 2309 [καὶ
1795 2270 1832 2307 ¹¹]

199 2323 258 2350 haec
275 2323 377 2351 iaciat?
392 2324 437 2352 Sic
453 2326 620 2354 transierunt
638 2328 763 2362 antiqua,
784 2329 824 2356 sic
836 2329 907 2357 facta
923 2336 983 2358 sunl

1041 2331 1185 2359 νοσοῦσαν
1207 2330 1255 2356 καὶ
1270 2328 1338 2363 πρὸς
1369 2326 1418 2362 τὴν
1442 2324 1591 2360 θεραπείαν
1612 2321 1699 2356 αὐτῆς
1722 2319 1834 2372 ἅπαντα

200 2378 269 2397 nova
283 2371 386 2404 omnia,
403 2371 442 2398 sic
459 2379 528 2398 nova
541 2376 678 2406 creatura,
694 2378 722 2400 et
735 2373 789 2401 alia
807 2375 891 2402 multa
906 2376 983 2402 simi-

1038 2377 1147 2412 δέχεται
1162 2375 1208 2401 τὸν
1225 2373 1328 2408 ἁγῶνα,
1344 2373 1391 2399 καὶ
1407 2369 1578 2400 ἁνακαινίζει
1594 2367 1642 2393 καὶ
1654 2365 1765 2401 ἁνορϐοῐ
1780 2363 1834 2417 την

199 2418 236 2446 lia
251 2420 313 2454 quis
329 2423 481 2446 coacervet.
863 2415 866 2419 ’
1039 2411 1130 2459 φύειν,
1141 2422 1173 2448 Τί
1182 2419 1228 2448 οὖν
1238 2421 1283 2446 τδν
1297 2419 1387 2454 ἰατρὸν
1398 2417 1494 2467 μέμφῃ
1504 2416 1545 2467 ὃτι
1565 2413 1603 2449 μὴ
1609 2411 1790 2467 ’,ταῦταμποιεῑ
1797 2411 1834 2467 '1,

199 2469 246 2495 τὸν
265 2465 382 2503 Χριστὸν
403 2464 431 2490 δὲ
452 2464 534 2491 πάλιν
558 2465 610 2492 ὑπὸ
626 2466 722 2502 μῶμον
754 2469 841 2501 ποιεῖς
861 2469 901 2496 ὅτι
926 2469 1011 2497 ταῦτα
1043 2456 1132 2503 eratsi;
1161 2468 1232 2496 οὕτω
1256 2465 1377 2501 παρῆλθε
1401 2463 1437 2490 τὰ
1458 2462 1572 2497 ἀρχαῖα,
1591 2458 1663 2486 οὕτω
1679 2457 1776 2492 γέγονε
1799 2456 1836 2484 τὰ

201 2515 291 2542 πάντα
305 2515 397 2547 καινὰ,
414 2514 486 2541 οὕτω
500 2514 580 2550 καινὴ
605 2515 703 2547 κτίσις.
725 2515 780 2542 Καὶ
796 2516 882 2551 μυρία
896 2516 929 2543 ἄν
942 2525 983 2548 τις
997 2517 1109 2543 τοιαῦτα
1124 2513 1287 2549 ὲπισυνάψῃ.

237 2569 250 2583 ι
264 2563 335 2590 Psal.
353 2563 431 2594 ι.,12.
472 2563 487 2582 ιι
501 2563 607 2591 Coloss.
619 2571 660 2596 ill,
676 2563 758 2597 9,10.

834 2596 951 2625 νΑΙὶΙΑΞ
977 2596 1180 2624 LECTIONES.

240 2647 262 2662 η
279 2647 383 2690 λαεὼνι
397 2648 444 2674 καὶ
455 2646 545 2673 λαθὼν
561 2648 594 2674 Α-
633 2648 656 2663 ’δ
671 2647 727 2680 ἐγὼ
743 2646 808 2673 αὐτὸ
822 2655 852 2690 s1-
875 2646 1019 2690 ”:eéxesas
1030 2646 1076 2672 καὶ
1088 2645 1120 2688 ρῡ
1133 2645 1165 2670 Α·
1202 2643 1227 2690 2’
1239 2634 1839 2690 c.93_¥rzﬁr.1.f9:£=::£ﬁeaut-4‘33;

204 2667 600 2718 σάμεῦἆῖἔῦὲυῖςῐᾴἆιῗὲοῆῗ.
614 2684 644 2708 Λ.
671 2667 864 2709 'v'v‘ss'éiiiﬂi.
905 2667 972 2707 έῗέέ
979 2667 1182 2714 {ﬁliusve
1197 2679 1228 2704 A.
1260 2667 1341 2703 ἰ’χάὶ
1354 2667 1416 2703 ante
1428 2674 1560 2702 νοσοῦσαν
1579 2681 1634 2700 om.
1650 2673 1682 2699 Α.
1711 2671 1733 2687 ³⁸
1750 2667 1838 2704 ποιεῖ]

202 2718 288 2745 ἐποίει
302 2719 334 2745 Α.
966 2747 1080 2775 NOTAE.

292 2802 348 2836 (21)
363 2801 471 2836 Virgil.,
483 2800 592 2828 Eneid.
611 2799 714 2836 libiplx,
729 2797 872 2836 νει-ΞΛΜἶ
1032 2830 1048 2836 γ’

643 2827 711 2860 Dine
733 2833 804 2859 hunc
826 2833 950 2859 ardorem
968 2829 1102 2858 mentibus
1114 2827 1226 2858 addunt.

594 2869 717 2897 Euriale?
733 2870 772 2895 Au
788 2876 837 2895 sua
850 2868 947 2902 cuique
961 2866 1028 2894 deus
1043 2866 1072 2893 lit
1087 2864 1144 2891 dira
1157 2863 1273 2898 cupido?
