1959 3081
132 104 182 137 281

641 110 909 143 BIBLIO’I‘HECA.
925 126 959 132 -
978 114 1061 145 COD.
1075 115 1266 147 CCLXXVII.

1713 117 1770 152 282

135 163 217 193 H560
229 163 275 200 R.]
297 165 348 192 Ἐκ
359 165 413 207 τοᾷ
426 167 501 207 μετᾲ
517 166 570 207 τὰς
584 167 744 207 Καλάνδιις
755 169 792 203 τῇ
804 170 828 185 ’³
841 170 926 204 ἑξῆς·

985 171 1020 199 Ea;
1048 172 1158 200 humilia
1189 178 1248 200 vos!
1272 173 1415 201 Calendas.
1436 180 1499 207 εις..
1520 179 1544 202 et
1560 181 1652 203 contra
1677 177 1775 206 ebrios.

359 201 408 228 καὶ
424 202 500 228 κατὰ
510 203 694 236 μεθυόντων.
732 201 736 202 ν
777 201 790 203 ”
865 201 870 232 ξ

174 247 205 274 '0
216 246 308 273 τοίνυν
326 247 444 281 Χριστὸς
459 248 493 274 τὰ
507 248 608 284 ἄπειρα
629 249 719 286 πλήθη
736 251 864 282 ἑστιάσας
879 251 925 277 ἐπὶ

135 292 184 327 τῆς
194 292 311 327 ἐρήμου.
326 292 376 319 οὐκ
389 293 436 319 ἐπὶ
452 293 555 329 σκηνὴν
571 294 618 320 καὶ
634 294 718 321 ὕπνον
731 295 831 328 αὐτοὺς
844 296 926 331 ἐπεμ-

135 338 195 373 ψεν,
210 338 268 365 ἀλλ’
285 338 332 365 ἐπὶ
348 339 431 365 θείων
446 339 578 375 ἀκρόασιν
592 341 706 367 ἐκάλεσε
720 341 829 375 λογίων.
845 341 924 368 Οὕτω

136 384 183 410 καὶ
194 385 275 420 ἡμεῖς
288 384 421 420 ποιῶμεν,
434 385 481 411 καὶ
494 386 620 413 τοσοῦτον
629 386 651 402 ’⁵
662 386 798 422 ὲθίσωμεν
811 387 925 418 ἑαυτοὺς

135 431 253 463 ἐσθίειν,
271 431 332 458 ὅσον
355 432 422 466 πρδς
438 433 468 458 τὸ
485 432 534 468 ζῇν
551 433 640 467 μόνον,
662 434 710 468 οὐχ
724 434 785 460 ὅσον
802 434 926 460 6:131:5-

136 478 198 505 σθαι
217 479 263 505 καὶ
282 478 457 513 βαρύνεσθαι.
477 479 514 505 Οὐ
536 479 589 514 γὰρ
613 479 658 506 διὰ
680 479 759 506 τοῦτο
775 479 926 514 ἐγενόμεθα

136 525 183 550 καὶ
198 523 301 558 ζῶμεν,
319 523 362 550 ἵνα
374 525 507 559 φάγωμεν
519 526 565 551 καὶ
580 525 696 559 πίωμεν,
713 524 781 552 ἀλλὰ
793 525 836 551 διὰ
848 525 927 552 τοῦτο

135 559 282 604 ἐσθίομεν,’
294 569 337 596 ἵνα
356 570 458 604 ζῶμεν,
475 570 511 596 Οὐ
526 570 556 596 τὸ
567 570 616 605 ζῇν
629 571 674 597 διὰ
689 571 719 597 τὸ
733 572 842 605 φαγεῖν,
858 572 927 598 ἀλλά

136 615 179 641 διὰ
195 615 225 641 τὸ
240 615 289 651 ζῇν
302 615 332 642 τδ
348 618 446 651 φαγεῖν
456 616 568 650 γέγονεν
582 617 611 649 ἐξ
621 617 719 652 ἀρχῆς.
741 616 836 652 Ἡμεῖς
848 617 877 644 δὲ
888 618 927 649 ὡς

135 663 181 690 διὰ
193 663 272 690 τοῦτο
283 663 406 694 ἐλθόντες
420 664 460 694 εἰς
474 663 519 689 τὸν
535 663 646 698 κόσμον,
663 663 750 695 οὕτως
763 664 870 690 ἅπαντα
887 664 927 696 εἰς

136 709 219 736 τοῦτο
230 709 478 744 καταναλίσκομεν.

143 766 194 794 Ἐκ
211 766 264 793 τοῦ
280 767 325 798 εις
339 765 370 792 τὸ
383 764 479 800 ῥητὸν
487 765 540 792 τοῦ
561 765 743 792 Ἆποστόλου
756 775 763 791 ι
774 765 843 799 Περὶ
855 765 889 792 δὲ
902 766 925 781 ’⁵

170 801 230 828 τῶν
255 801 478 835 κεκοιμημένων
509 802 546 827 οὺ
573 801 650 828 θέλω
680 800 758 835 ὑμᾶς
786 801 926 834 ἀγνοεῖν,

1010 249 1137 278 Chrisms
1151 259 1275 286 magnam
1301 251 1505 280 multitudinem
1523 253 1549 280 iu
1573 253 1682 281 deserto
1705 262 1774 282 con-

975 296 1047 322 vivio
1061 297 1199 331 excipiens
1210 302 1235 330 ε,
1251 305 1304 325 ιιοη
1319 298 1380 325 illos
1399 299 1432 326 ad
1445 299 1592 327 tentorium
1606 305 1634 326 ct
1647 308 1775 329 somnum

976 343 1061 375 misit,
1074 343 1120 370 sed
1138 343 1170 370 ad
1189 343 1281 370 divina
1309 345 1389 371 verba
1403 345 1537 372 audienda
1551 347 1669 374 vocavit.
1687 346 1732 374 Sic
1747 352 1777 375 et

977 395 1027 415 nos
1053 387 1198 421 faciamus,
1219 394 1246 416 et
1277 394 1382 416 tantum
1399 398 1450 417 nos
1465 391 1552 418 edere
1565 400 1774 426 assuescamus,

976 440 1108 470 quantum
1122 435 1154 462 ad
1170 435 1253 463 vitam
1275 437 1403 464 tuendam
1429 438 1539 471 sullicit,
1559 446 1614 465 non
1636 444 1771 473 quantum

976 487 1074 509 noceat
1087 487 1114 509 ιιι
1133 487 1239 517 gravet.
1266 482 1325 510 Non
1345 483 1418 510 enim
1435 484 1540 512 idcirco
1560 486 1620 512 nati
1636 493 1733 513 sumus
1748 492 1776 514 et

976 530 1104 561 vivimus,
1122 534 1151 556 ut
1165 529 1279 557 edamus
1297 535 1324 557 et
1341 531 1477 563 bibamus,
1503 532 1550 558 sed
1572 532 1636 559 ideo
1649 532 1771 564 edimus.

977 580 1009 603 ut
1023 576 1155 603 vivamus.
1169 575 1228 602 Non
1246 576 1299 603 vita
1315 581 1425 610 propter
1439 577 1541 607 cibum,
1557 578 1604 605 sed
1617 578 1695 605 cibus
1709 585 1775 613 pro—

978 627 1037 657 pter
1066 622 1148 648 vitam
1174 622 1210 650 ab
1235 622 1314 649 initio
1350 622 1439 650 factus
1458 629 1511 652 est.
1527 623 1583 651 Nos
1614 632 1679 651 vero
1693 625 1775 657 quasi

978 668 1039 695 ideo
1054 668 1080 694 in
1098 668 1230 695 mundum
1245 669 1420 701 venerimus,
1432 669 1473 696 sic
1488 670 1580 696 omnia
1598 669 1626 696 in
1642 677 1702 696 eam
1718 677 1775 696 rem

979 715 1183 742 consumimus.

978 759 1012 787 In
1027 760 1128 786 dictum
1151 760 1271 795 Αροιιοίί
1295 767 1304 786 :
1325 770 1334 786 ι
1356 759 1490 787 Nolumus
1523 769 1568 787 vos
1594 762 1719 795 ignorare
1744 761 1778 788 de

1013 796 1212 828 dormientibus,
1232 801 1260 822 ut
1273 804 1325 823 non
1341 795 1562 829 conslristemiui,
1588 798 1657 824 sicut
1685 803 1710 824 ct
1727 805 1776 824 ca:-

171 836 315 877 ιὶδελξοὶ,
331 829 437 871 ῖνᾶμὴ
454 835 595 870 λυπῆσθε
617 836 657 869 ὠς
676 829 725 863 miti
745 829 772 863 ὸι
791 829 925 870 domat”,

1017 829 1098 862 teri“,
1115 840 1124 856 ι
1138 837 1188 857 elc.

171 872 222 898 καὶ
236 871 320 905 ἑξῆς.

172 918 206 945 Τί
222 919 254 954 δή
269 927 346 950 ποτε,
357 918 422 945 ὅταν
434 917 484 952 μὲν
496 918 560 953 περὶ
572 917 618 944 τοῦ
632 917 750 952 Χριστοῦ
766 917 925 952 διαλέγηται

137 965 260 997 Παῦλος,
280 965 411 992 θάνατον
427 965 505 992 καλεῖ
521 965 567 990 τὸν
590 964 696 990 ἐκείνου
717 963 846 995 θάνατον,
863 964 927 990 ὅταν

136 1012 166 1037 δὲ
180 1012 242 1046 περὶ
256 1011 305 1045 τῆς
321 1011 459 1046 ἡμετέρας
470 1010 610 1045 τελευτῆς,
625 1010 768 1044 κοίμησιν
779 1009 865 1044 αὐτὴν
880 1010 927 1036 καὶ

136 1057 168 1084 οὐ
194 1056 325 1083 θάνατον
341 1055 488 1090 ρνομεῖζει;
515 1055 562 1082 καὶ
579 1056 632 1090 γὰρ
652 1056 680 1081 ἐν
700 1055 739 1090 τῷ
764 1054 837 1090 αὐτῷ
856 1055 927 1090 λόγῳ

136 1103 229 1138 τρίτον
247 1102 378 1138 μνησθεὶς
396 1102 446 1137 τῆς
465 1102 594 1136 τελευτῆς
610 1101 664 1128 τῶν
681 1100 833 1136 ἀνθρώπων
851 1101 928 1127 οὐδα-

138 1149 191 1184 μοῦ
204 1148 335 1176 θάνατον
350 1148 435 1181 λέγει,
450 1147 518 1174 ἀλλὰ
531 1149 674 1182 κοίμησιν
691 1147 740 1182 τὴν
754 1147 928 1182 ἀναχώρησιν

136 1194 276 1229 ὀνομάζει.
298 1195 336 1221 υὺ
360 1194 414 1229 γὰρ
439 1194 587 1229 παρέργως
612 1192 699 1229 ταύτῃ
723 1193 856 1228 κέχρηται
873 1191 928 1218 τῶν

137 1242 238 1274 λέξεων
250 1243 283 1277 τῇ
296 1243 319 1258 ²⁶
327 1243 528 1277 παρατηρήσει,
545 1241 613 1268 ἀλλὰ
626 1241 708 1276 σοφόν
723 1250 749 1268 τι
758 1241 779 1256 ’⁷
794 1241 841 1267 καὶ
857 1241 929 1276 μέγα

137 1287 348 1320 κατασκευάζει.
373 1288 435 1314 Ἐπὶ
453 1287 502 1323 μὲν
523 1285 570 1314 οὖν
585 1287 632 1313 τοῦ
653 1286 772 1322 Χριστοῦ
796 1286 930 1314 θάνατον

137 1335 226 1366 καλεῖ,
243 1335 287 1362 ῖνα
309 1335 340 1361 τὸ
359 1334 447 1366 πάθος
463 1333 633 1368 πιστώσηται
645 1353 654 1364 ,
669 1334 716 1360 ἐπὶ
731 1333 760 1360 δὲ
774 1333 853 1368 ἡμῶν
868 1333 931 1359 κοί-

134 1388 243 1416 μησιν,
260 1381 304 1408 ἵνα
323 1381 373 1417 τὴν
394 1380 491 1416 ὀδύνην
508 1380 753 1416 παραμυθήσηται.
772 1379 858 1406 Ἔνθα
882 1379 931 1414 μὲν

137 1427 194 1461 γὰρ
214 1425 410 1462 προεχώρησεν
434 1427 449 1462 ἡ
474 1426 639 1458 ἀνάστασις,
659 1425 768 1461 θαρρὦ
785 1425 864 1452 καλεί
881 1425 931 1452 θά-

136 1482 217 1500 νατον
228 1482 234 1488 ·
251 1473 316 1500 ἔνθα
332 1474 361 1500 δὲ
376 1474 405 1500 ὲν
418 1473 525 1500 ἐλπίσιν
537 1472 576 1499 ἔτι
593 1473 681 1507 μένει,
697 1473 827 1507 κοιμησιν
843 1472 930 1506 καλεῖ,

1013 917 1104 951 Quare
1117 918 1236 951 Paulus,
1252 926 1315 946 cum
1327 919 1361 947 de
1376 919 1488 948 Christo
1501 919 1634 955 loquitur.
1649 927 1767 950 mortem

979 965 1066 1001 ipsius
1082 972 1162 993 vocat
1182 970 1326 999 moriente,
1340 974 1403 993 cum
1433 975 1498 994 vero
1516 968 1550 994 de
1577 972 1671 996 nostra
1689 973 1778 996 mort..-

978 1011 1059 1038 verba
1079 1011 1153 1043 facit,
1168 1011 1450 1043 dormitionemillam.
1464 1018 1491 1039 et
1516 1021 1571 1040 non
1595 1019 1706 1041 mortem
1726 1022 1775 1050 ap-

979 1059 1061 1094 pellat
1075 1057 1083 1076 ί
1099 1057 1111 1083 ?
1130 1057 1198 1084 Nam
1221 1058 1248 1084 in
1266 1058 1359 1084 eadem
1387 1059 1514 1086 oratione
1541 1064 1583 1086 ter
1607 1060 1776 1088 mentionem

979 1105 1076 1132 mortis
1104 1104 1244 1130 hominum
1272 1104 1376 1131 faciens
1407 1113 1546 1139 nunquam
1572 1112 1682 1132 mortem
1698 1106 1776 1140 dicit,

979 1151 1026 1178 scd
1060 1149 1246 1175 domuitionem
1281 1149 1424 1176 decessum
1455 1149 1589 1177 nominat.
1619 1150 1678 1177 Non
1706 1152 1780 1179 enim

980 1202 1083 1224 temere
1097 1197 1140 1224 his
1156 1204 1222 1224 usus
1238 1196 1327 1224 verbis
1346 1196 1506 1231 Apostolus,
1535 1197 1583 1224 sed
1611 1205 1739 1232 maguum
1753 1205 1780 1226 et

981 1245 1090 1279 sapiens
1104 1244 1234 1279 quiddam
1254 1249 1399 1278 prmparat.
1425 1243 1455 1270 In
1479 1243 1590 1271 Christo
1607 1244 1692 1280 igitur
1705 1252 1780 1272 mor-

982 1295 1034 1317 tem
1048 1295 1140 1322 vocat,
1159 1295 1188 1318 ut
1202 1290 1295 1325 passio
1315 1290 1456 1322 credatur,
1482 1290 1510 1317 in
1530 1290 1610 1318 nobis
1633 1299 1699 1318 vero
1718 1292 1780 1317 dor-

981 1336 1128 1368 mitionem,
1153 1341 1182 1362 ut
1207 1335 1328 1363 dolorem
1354 1335 1526 1363 consoletur.
1548 1334 1598 1363 Ubi
1616 1336 1689 1363 eiiim
1706 1344 1776 1370 pra:~

981 1381 1066 1409 cessit
1094 1381 1269 1414 resurrectio,
1296 1380 1439 1408 conlidens
1465 1386 1544 1408 vocat
1570 1387 1687 1408 mortem
1702 1391 1710 1409 ι
1727 1382 1775 1409 ubi

981 1436 1047 1455 vero
1064 1428 1091 1454 in
1104 1435 1152 1462 spe
1176 1427 1266 1454 adhuc
1284 1432 1388 1459 manet,
1405 1427 1598 1454 dormitionem
1613 1428 1731 1463 appellat
1752 1430 1775 1456 ει

983 1480 1010 1502 et
1022 1475 1073 1501 hac
1088 1473 1270 1508 appellatione
1290 1481 1341 1500 nos
1362 1474 1511 1500 consolans
1526 1473 1552 1500 in
1568 1474 1667 1501 bonam
1691 1473 1776 1510 [vitae]

140 1519 190 1546 καὶ
203 1519 250 1546 διὰ
262 1519 366 1554 ταύτης
379 1518 629 1555 παραμυθούμενος
644 1519 717 1553 ἡμᾶς
734 1518 783 1552 τῆς
801 1526 930 1553 προσηγο-

988 1529 1064 1556 spem
1080 1521 1170 1555 erigit.
1190 1519 1332 1547 Dormieus
1345 1520 1420 1547 enim
1436 1519 1549 1547 omnino
1563 1525 1698 1555 resurget.
1715 1527 1777 1548 cum

137 1566 218 1601 ρίας,
234 1566 279 1592 καί
293 1566 416 1601 χρηστὰς
433 1565 543 1597 ἐλπίδας
562 1565 710 1592 ὑποτείνων
727 1565 804 1600 ἡμῖν.
828 1565 857 1591 '0
877 1565 933 1600 γὰρ

136 1612 311 1647 κοιμώμενος
329 1613 512 1647 ἀναστήσεται
533 1612 643 1643 πάντως
658 1631 666 1643 .
681 1612 742 1638 ἐπεὶ
757 1611 804 1638 καὶ
821 1610 935 1643 Θάνατος

137 1659 217 1686 οὐδὲν
231 1658 324 1694 ἕτερόν
338 1659 413 1685 ἐστιν
427 1658 444 1693 ἢ
459 1657 657 1693 μακροχρόνιος
672 1657 766 1688 ὕπνος.

140 1715 198 1743 Τοῦ
208 1714 302 1742 αὐτοῦ
311 1714 527 1749 Χρυσοστόμου
541 1714 576 1740 ὲκ
584 1714 636 1741 τοῦ
646 1714 713 1748 περὶ
723 1714 889 1747 Μετανοίας
900 1714 933 1741 ’⁸.

174 1761 271 1788 Μάννα
294 1761 387 1796 ἤσθιον
408 1761 433 1787 οἱ
460 1760 592 1791 Ἰουδαῖοι,
612 1760 662 1786 καὶ
685 1760 720 1787 τὰ
745 1761 774 1786 ὲν
802 1759 936 1795 Αἰγύπτῳ

138 1808 272 1843 κρόμμυα
302 1807 471 1842 ἐπεζήτουν·
500 1806 587 1838 οὕτως
618 1807 731 1842 αἰσχρὺν
758 1808 774 1841 ἡ
805 1806 935 1842 συνήθεια

138 1855 259 1890 πρᾶγμα
272 1855 318 1880 καὶ
333 1855 473 1880 κάκιστον.
491 1853 551 1880 Κᾶν
566 1854 606 1884 εἰς
627 1853 693 1880 δέκα
709 1854 817 1889 ἡμέρας
836 1861 936 1888 κατορ-

140 1901 244 1937 θώσῃς,
257 1901 308 1927 κᾶν
319 1901 359 1932 εἰς
368 1900 465 1933 εἴκοσι,
481 1900 533 1927 κᾶν
543 1900 583 1931 είς
594 1899 755 1935 τριάκοντα,
765 1900 816 1926 οὐκ
824 1900 934 1934 ἀγαπῶ,

138 1947 170 1973 οὐ
184 1946 264 1982 χάριν
278 1946 342 1980 ἔχω,
357 1946 387 1972 οὐ
403 1944 628 1981 περιπτύσσομαί
647 1952 677 1970 σε
690 1952 697 1976 ;
713 1944 801 1970 Μόνον
818 1943 854 1980 μὴ
868 1945 935 1971 ἀπο-

139 1993 252 2027 κάμῃς.
270 1992 327 2018 ἁλλ¹
343 1992 474 2026 αἰσχύνοι)
495 1991 542 2017 καὶ
563 1991 764 2025 καταγίνωσκε.
782 1990 865 2016 Πάλιν
882 1990 936 2016 διε-

139 2039 241 2074 λέχθην
253 2040 276 2055 ’ν
292 2039 358 2075 περὶ
378 2039 500 2074 ἀγάπης·
522 2039 658 2074 ἤκουσας,
671 2038 806 2073 ἀπῆλθες,
825 2038 871 2064 καὶ
884 2037 936 2072 ἧρ-

139 2094 233 2116 πασας
244 2093 252 2100 ·
266 2085 316 2111 οὒκ
338 2085 467 2118 ἐπεδείξω
487 2084 531 2111 διὰ
547 2084 602 2110 τῶν
617 2084 707 2119 ἔργων
722 2084 768 2110 τὸν
785 2083 873 2117 λόγον.
888 2083 934 2117 Μὴ

139 2131 291 2165 αίσχυνθῇς
302 2130 383 2156 πάλιν
395 2129 524 2156 εἰσελθεῖν
537 2129 601 2165 [854
612 2128 658 2164 ﬂ.)
668 2129 707 2160 εἰς
717 2129 767 2163 τὴν
775 2128 932 2164 ἐκκλησίαν.

988 1575 1060 1595 mors
1081 1567 1148 1594 nihil
1163 1567 1200 1595 sit
1214 1566 1302 1600 aliud,
1322 1573 1405 1602 quam
1421 1566 1570 1594 diuturnus
1594 1574 1723 1594 somnus.

1086 1715 1127 1744 Ex
1137 1716 1247 1743 [lautitia
1263 1707 1446 1751 Chrysostonti
1460 1714 1494 1742 de
1506 1713 1680 1741 Pwnitemia.

1019 1763 1204 1791 Comederunt
1217 1762 1302 1789 Judaei
1325 1769 1425 1789 manna
1435 1762 1460 1793 ιι,
1474 1765 1502 1788 et
1530 1769 1610 1796 cepas
1638 1759 1783 1795 Egyptias

985 1809 1142 1846 quaerebant
1165 1817 1172 1834 :
1196 1808 1264 1836 adeo
1288 1808 1378 1843 turpis
1395 1815 1441 1834 res
1455 1812 1497 1835 cst
1512 1806 1692 1837 consuetudo,
1713 1806 1782 1841 quin

986 1856 1116 1891 pessima.
1144 1855 1220 1882 Licet
1245 1861 1292 1889 per
1314 1854 1408 1881 decem
1428 1854 1488 1881 dies
1503 1853 1634 1887 pmclare
1648 1858 1674 1880 te
1689 1859 1778 1888 geras.

985 1902 1048 1929 licet
1061 1909 1109 1936 per
1130 1900 1239 1935 viginti,
1269 1907 1317 1934 per
1336 1900 1459 1934 triginta,
1474 1907 1528 1926 non
1550 1899 1707 1934 acquiesco,
1725 1907 1780 1926 non

985 1948 1099 1983 gratiam
1117 1947 1213 1978 habeo,
1233 1953 1285 1973 non
1302 1950 1327 1973 te
1344 1946 1514 1980 complector
1532 1954 1539 1971 :
1557 1946 1637 1971 modo
1653 1952 1688 1972 nc
1700 1945 1779 1972 dela-

986 1994 1089 2028 tigeris,
1116 1993 1163 2020 sed
1193 1992 1363 2020 suﬁ'undaris
1389 1992 1514 2027 pudore,
1544 1997 1624 2026 teque
1651 1998 1777 2018 accuses.

985 2041 1086 2067 lterum
1105 2040 1138 2066 de
1152 2039 1284 2066 charitate
1300 2037 1499 2069 disseruimus;
1529 2036 1640 2068 audisti,
1668 2035 1778 2066 abiisti,

985 2085 1110 2120 rapuisti,
1124 2092 1177 2111 non
1191 2083 1320 2118 operibus
1336 2081 1432 2116 523i;
1446 2089 1600 2109 sermonem
1615 2080 1759 2109 ostendisti
1771 2089 1783 2108 ι

986 2139 1020 2158 ne
1033 2131 1131 2158 iterum
1157 2129 1262 2164 ingredi
1290 2128 1438 2155 Ecclesiam
1466 2127 1624 2157 erubescas.
1649 2126 1782 2153 erubesco

139 2175 276 2210 Δίσχύνου
297 2175 473 2210 ἁμαρτάνων,
500 2174 537 2210 μὴ
560 2175 690 2210 αἱσχύνου
709 2174 858 2210 μετανοῶν.
882 2174 930 2200 Δύο

986 2185 1110 2212 peccare,
1141 2183 1195 2203 non
1224 2174 1356 2202 erubesce
1374 2174 1516 2208 poenitere.
1543 2172 1602 2199 Duo
1633 2173 1690 2200 haec
1704 2175 1780 2204 Slllll,

138 2221 229 2248 ταῦτά
252 2222 337 2253 ἐστιν,
352 2221 475 2256 ἁμαρτία
491 2222 537 2247 καὶ
555 2221 702 2256 μετάνοια,
724 2219 836 2256 τραῦμα
853 2219 903 2254 μὲν
916 2221 933 2255 ἡ

140 2267 276 2303 ἁμαρτία,
292 2268 437 2302 φάρμακον
449 2267 472 2293 δ’
488 2267 504 2302 ἠ
521 2268 661 2302 μετάνοια.
683 2267 727 2293 Ἐν
742 2266 781 2301 τῷ
794 2265 934 2301 τραύματι

141 2313 282 2348 σηπεδὼν,
293 2313 322 2339 ὲν
334 2312 373 2347 τῷ
385 2313 524 2348 φαρμάκῳ
535 2313 586 2346 τῆς
595 2312 740 2348 σηπεδόνος
752 2311 933 2347 καθαρισμός.

147 2359 192 2386 Ἐν
205 2360 239 2394 τῇ
254 2358 377 2394 ἁμαρτίᾳ
388 2359 499 2391 ὄνειδος,
511 2360 609 2393 γέλως·
623 2360 652 2385 ὲν
666 2360 699 2394 τῇ
713 2358 842 2394 μετανοίᾳ
855 2357 934 2384 ἐπαι-

139 2414 196 2437 νος.
214 2406 358 2441 παρρησία
374 2405 407 2438 ³⁸,
424 2406 574 2441 ἐλευθερία.
604 2405 673 2432 Ἀλλ’
691 2406 866 2441 ἀντιστρέφει
883 2405 934 2440 τὴν

139 2452 220 2485 τάξιν
239 2453 254 2478 ὁ
276 2452 407 2484 Σατανᾶς,
431 2452 479 2479 καὶ
493 2452 585 2479 δίδωσι
600 2453 657 2484 τοῖς
674 2452 844 2488 πειθομένοις
860 2452 935 2487 αὐτῷ

139 2500 172 2525 ὲν
184 2498 236 2533 μὲν
248 2499 281 2533 τῇ
295 2498 419 2533 ἁμαρτία
431 2497 480 2532 τὴν
495 2497 662 2534 παρρησίαν,
674 2497 703 2523 ὲν
716 2498 744 2524 δὲ
757 2499 790 2533 τῇ
805 2497 935 2533 μετανοίᾳ

138 2545 191 2580 τὴν
207 2543 351 2580 αἰσχύνην.
366 2544 401 2570 Σὺ
417 2543 444 2570 δὲ
462 2543 499 2578 μὴ
513 2543 627 2577 πεισθῇς
642 2543 726 2578 αὐτῷ,
743 2543 801 2570 ἀλλ’
814 2543 934 2578 ἑκατέρᾳ

142 2591 246 2627 πράξει
262 2591 293 2617 τὸ
309 2591 408 2617 οἰκεῖον
426 2590 612 2624 ὰπονέμεσθαι
630 2589 791 2618 σπούδασον.

177 2655 189 2669 ε
208 2648 293 2676 Math.
305 2649 416 2677 xiv.15.
479 2647 492 2668 ἀ
507 2648 517 2675 l
533 2647 628 2674 Thess.
642 2657 678 2681 ιν,
700 2649 741 2676 13.

139 2693 178 2718 ιν,
191 2685 283 2712 13-15.
325 2685 337 2704 ἰ
355 2683 440 2712 Exod.
457 2692 511 2718 In,
523 2685 540 2712 '5
552 2691 628 2718 seqq.

798 2654 810 2667 ε
826 2648 906 2675 ιίοιη.
923 2655 961 2679 \‘l,
978 2647 1005 2674 5.

988 2227 1128 2258 peccatum
1148 2226 1174 2248 et
1186 2221 1344 2256 paenitentia
1357 2228 1364 2245 :
1379 2219 1479 2246 vulnus
1495 2218 1606 2252 quidem
1625 2222 1778 2252 peccatum,

989 2269 1136 2298 remedium
1155 2267 1336 2302 pmuiteutia:
1352 2266 1378 2292 in
1397 2265 1510 2292 vulnere
1529 2265 1658 2299 putredo;
1686 2265 1712 2290 in
1728 2271 1784 2297 pm-

988 2318 1101 2344 nitentia
1114 2314 1266 2350 putredinis
1282 2312 1426 2340 mundatio
1442 2322 1449 2338 ε
1468 2311 1495 2338 in
1516 2315 1628 2345 peccato
1649 2309 1780 2344 probrum

987 2368 1014 2391 et
1032 2362 1144 2394 derisio,
1159 2361 1185 2387 iu
1200 2358 1360 2394 poenitentia
1384 2358 1457 2388 laus,
1483 2362 1516 2384 et
1530 2357 1642 2384 libertas
1658 2356 1781 2388 dicendi,

988 2417 1020 2437 ac
1033 2417 1048 2436 e
1065 2408 1195 2435 servitute
1222 2404 1356 2433 liberatio.
1379 2403 1432 2430 Sed
1453 2403 1571 2430 Satanas
1584 2402 1709 2429 ordinem
1725 2403 1780 2429 im-

988 2459 1085 2485 mutat.
1100 2454 1201 2488 datque
1217 2453 1249 2479 iis
1261 2451 1306 2486 qui
1322 2450 1359 2477 illi
1373 2450 1516 2482 ohediunt,
1531 2449 1557 2476 iu
1571 2455 1681 2484 peccato
1697 2448 1783 2476 liceri-

989 2500 1065 2531 tiam,
1083 2499 1110 2525 in
1130 2497 1291 2533 poenitentia
1309 2495 1451 2530 pudorem.
1472 2494 1513 2521 Tu
1540 2501 1607 2521 vero
1635 2502 1668 2520 ne
1684 2494 1782 2521 credas

989 2545 1040 2578 illi,
1055 2545 1102 2572 sed
1119 2544 1228 2578 utrique
1242 2542 1344 2570 actioni
1365 2549 1447 2568 suum
1460 2541 1584 2568 tribuere
1599 2540 1690 2568 stude.

1076 2645 1184 2672 'lCor.
1199 2652 1236 2677 xi,
1250 2644 1303 2676 50;
1327 2651 1370 2677 xv,
1385 2642 1473 2676 6,18,
1491 2641 1536 2674 20,
1549 2641 1593 2669 5|.
1647 2640 1782 2667 SlThess-

804 2729 844 2756 VA
850 2727 919 2755 ΒΙΑΣ
936 2723 1138 2754 LECTIONES.

195 2779 219 2794 "
231 2779 265 2814 τῇ
279 2779 301 2805 Α
319 2779 388 2807 ςκαὶ
403 2787 435 2811 ς.
460 2813 463 2814 ν
487 2777 510 2814 ³-⁸
524 2776 636 2814 τοσοῦτρ
648 2787 679 2810 ς.
699 2778 740 2814 Α¹⁸
757 2776 786 2802 δὲ
806 2783 862 2814 om.
893 2775 925 2814 ΑΖ

137 2830 176 2852 -_-—
191 2804 526 2852 paagvoilsqudve’fvdmon
540 2813 573 2840 ὲκ
582 2812 630 2840 τοῦ
645 2804 710 2848 περὶ
727 2811 873 2848 μετανοίας
887 2809 934 2838 τοῦ
960 2804 1235 2844 αὺτοΰχρυσοστόμου
1247 2806 1280 2833 Δ.
1314 2805 1337 2822 ¹⁹
1352 2804 1503 2840 διειλέχθην
1523 2812 1553 2835 ς.

140 2849 249 2882 ἔπαινος
264 2849 298 2878 Α.

982 2774 1005 2790 ’⁸
1019 2773 1053 2807 τῇ
1083 2771 1144 2799 add.
1183 2771 1215 2798 A.
1251 2771 1274 2786 “
1288 2779 1314 2797 τι
1343 2769 1486 2803 Scaliger:
1514 2768 1574 2795 libri
1587 2775 1627 2793 τε.
1688 2765 1711 2781 ’³
1729 2765 1782 2791 Τοῦ

982 2807 1235 2837 ὺτοῦνουσοστόμου
1247 2806 1280 2833 Δ.
1314 2805 1337 2822 ¹⁹
1352 2804 1503 2837 διειλέχθην
1523 2812 1553 2835 ς.
1599 2801 1621 2819 ³⁰
1642 2800 1782 2837 παρρησία

1591 2836 1594 2838 .
1644 2821 1734 2837 ¹“’ἸἹ⁴Ὶ
