1959 3081
136 120 190 152 285

630 125 890 157 BIBLIO’FHECA.
903 138 940 145 —
956 127 1038 157 COD.
1063 128 1251 159 CCLXXVII.

1700 127 1753 159 286

143 177 197 221 Ἐκ¹
206 177 346 221 τοῦιδζεὶς
365 177 418 205 τὸν
429 178 619 221 ἄσωτρνιικαὶ
633 181 678 220 εἰς
688 180 861 221 peruia-mar,
873 179 918 221 vagi

973 181 1016 208 Ea:
1029 183 1149 221 oratione
1162 184 1191 221 in
1206 183 1354 221 prodigum,
1367 183 1598 221 inpwniwntiant,
1615 183 1640 209 in
1652 182 1752 217 lignum

171 213 216 244 είς
238 213 272 238 τὸ
285 213 381 244 ξύλον

172 247 221 273 καὶ
235 249 279 280 εὶς
298 247 351 274 τὸν
367 247 499 282 λῃστήν.

173 292 234 319 Ὅτι
247 293 277 319 τὸ
290 293 384 328 τάγμα
396 294 449 320 τῶν
463 295 575 322 δικαίων
591 296 621 322 οὐ
639 295 763 330 βούλεται
786 296 827 328 είς
841 296 923 323 ἑαυτὸ

139 338 259 372 ἁρπάσαι
274 339 324 374 τὴν
339 339 463 371 ἐξουσίαν
478 340 532 366 τῶν
551 341 718 376 κτισμάτων,
733 341 791 368 ἀλλ’
807 340 860 368 ὑπὸ
871 341 921 376 τὴν

137 383 184 410 τοῦ
196 383 299 419 πατρὸς
309 385 439 419 πρόνοιαν
450 385 521 412 Θέλει
532 386 639 412 κεῖσθαι
649 386 683 413 τὰ
693 387 742 422 τῆς
754 386 920 420 οἰκονομίας.

138 430 184 456 Διὸ
199 430 246 457 καὶ
264 431 281 465 ἡ
297 431 438 466 παραῦολὴ
459 431 504 458 τὸν
525 432 656 468 νεώτερον
671 432 790 466 εἰσάγει,
805 432 922 459 λαὸὁντα

137 474 187 510 τὴν
207 475 347 511 Πατρικὴν
370 476 474 508 οὐσίαν,
497 477 537 508 είς
559 477 650 513 χώραν
670 477 845 513 ἀποδημῆσαι
869 485 922 510 μα-

138 521 218 556 κράν.
236 521 272 548 Τδ
286 521 315 548 δὲ
330 522 417 557 μῆκος
435 523 464 549 οὐ
481 523 598 554 σταδίοις
613 522 766 556 διετείνετο,
781 522 848 550 ἀλλὰ
863 522 923 557 τρό-

137 576 201 600 ποις
216 568 395 600 ὲξετοπίζετο·
413 570 460 595 καὶ
474 569 528 605 γὰρ
543 570 558 595 6
577 569 742 605 ἁμαρτάνων
758 569 867 604 μακρὰν
882 568 922 603 γί-

138 622 214 640 νεται
228 613 296 640 Θεοῦ
318 614 348 640 οὺ
368 614 443 650 τόπῳ
462 615 531 641 ἀλλὰ
543 615 647 650 τρόπῳ.
661 614 758 642 Λαϐὼν
771 614 800 640 δὲ
811 614 861 650 τὴν
875 614 921 640 οὐ-

139 658 201 684 σίαν
221 658 270 693 τὴν
284 659 421 694 πατρικὴν
438 659 578 685 ἀπώλεσεν
600 659 702 693 αὐτὴν,
724 659 835 690 ἀσώτως
855 658 918 691 ζῶν.

140 701 256 729 Ἔλαϐεν
273 702 348 737 ἥλιον
365 704 405 734 είς
421 703 580 735 ἀπόλαυσιν,
593 703 682 730 καὶτὸ
695 703 781 738 δῶρον
804 703 841 735 ὡς
861 703 920 730 θεὸν

137 747 351 784 προσεκύνησεν.
379 748 480 775 Ἐλαΰε
501 749 592 783 πηγὰς
611 750 650 780 είς
669 749 792 784 τρυφὴν,
819 748 866 776 καὶ
890 748 921 775 τὸ

136 793 223 829 δῶρον
241 793 425 829 ἐϐεοποίησεν.
450 795 579 830 Ἦγνόησε
590 794 636 822 τὸν
652 794 836 830 χαρισάμενον
849 814 857 827 ,
872 795 920 822 καὶ

135 840 300 893 τξέάρισμα
311 841 517 893 ὑπερεδοξασεν.
532 840 614 877 [1564
624 841 670 878 IL]
686 842 721 868 Ἦ
735 842 804 877 αὐτὴ
819 842 918 875 κτίσις,
935 865 956 893 Β

134 885 193 913 ἀλλ’
209 886 239 912 οὐ
261 887 342 912 πᾶσιν
364 886 464 922 ὁμοίως
485 886 621 923 ὁρωμένη.
639 887 764 923 Πατρικὴ
787 888 803 923 ἡ
821 887 916 913 οὐσία·

134 931 194 959 ἀλλ’
208 933 223 959 6
245 932 294 968 μὲν
315 932 406 964 καλῶς
426 933 506 969 αὐτῇ,
533 934 547 960 ὸ
569 933 598 960 δὲ
623 932 716 964 κακῶς
732 934 916 968 ἀπεχρήσατο.

135 978 236 1014 Τάγμα
255 979 334 1005 τοῦτο
348 980 472 1011 κάκεῖνο,
489 980 513 1006 εἰ
533 980 580 1006 καὶ
595 979 733 1015 διάφορον.
756 979 786 1006 '0
802 979 918 1014 εὐσεὸὴς

133 1024 165 1051 τὺ
183 1024 281 1055 κάλλος
294 1024 344 1059 ὁρᾷ
361 1024 407 1051 τοῦ
418 1023 544 1061 οὐρανοῦ,
559 1025 606 1051 καὶ
620 1025 674 1051 ἀπὸ
688 1024 735 1051 τοῦ
746 1024 861 1056 κάλλους
873 1025 918 1051 τὸν

132 1070 298 1105 δημιουργὸν
323 1072 444 1105 ἁνυμνεῐ·
479 1072 610 1105 Ὀψομαι
642 1071 707 1106 γὰρ,
736 1071 823 1106 φησὶ,
847 1070 919 1104 τοὺς

133 1115 291 1150 οὐρανοὺς,
307 1115 378 1150 ἔργα
395 1115 454 1142 τῶν
475 1115 632 1143 δακτύλων
647 1122 714 1142 σου.
732 1113 806 1141 Εἷδεν
825 1115 839 1141 6
853 1116 918 1141 ἀσε-

133 1164 194 1198 ϐὴς,
211 1163 258 1190 καὶ
273 1162 339 1198 πρὸς
358 1162 406 1197 μὲν
420 1162 464 1189 τὸν
480 1162 599 1196 Κτίστην
615 1161 664 1197 τὴν
677 1161 795 1188 διάνοιαν
812 1161 842 1188 οὐ
862 1161 917 1187 διε-

133 1210 256 1241 ϐίϐασεν,
272 1209 453 1244 ἐναπομείνας
467 1209 495 1235 δὲ
507 1208 546 1244 τῷ
560 1208 654 1234 κάλλει
668 1207 715 1234 τοῦ
730 1207 844 1242 οὐρανοῦ
858 1207 918 1234 Θεὸν

133 1255 289 1290 Erga-rcian
302 1255 333 1281 τὸ
344 1254 548 1290 δημιούργημα.
570 1254 599 1281 Ὀ
614 1253 728 1288 εὐσεϐὴς
749 1253 797 1288 οὐχ
812 1252 918 1288 ὑϐρίζει

133 1302 184 1336 τὴν
202 1302 289 1328 κτίσιν
299 1322 306 1333 ,
322 1301 388 1328 ἀλλὰ
406 1301 444 1336 τῷ
460 1301 583 1336 Δεσπότῃ
603 1300 652 1335 τὴν
668 1299 853 1335 προσκύνησιν
868 1307 919 1325 τα-

135 1347 270 1383 μιεύεται.
289 1347 363 1382 Τιμᾷ
376 1347 426 1380 τὴν
438 1346 527 1372 κτίσιν
539 1366 546 1377 ,
562 1345 618 1371 ἀλλ’
634 1345 672 1376 ὡς
690 1344 850 1379 ὁμόδουλον,
867 1344 918 1370 οὐκ

132 1393 258 1428 ἀφαιρῶν
278 1393 306 1419 δὲ
326 1392 357 1418 τὸ
379 1391 460 1422 σέϐας
481 1390 528 1418 τοῦ
547 1391 689 1422 κτίσαντος
708 1391 854 1425 περιάπτει
877 1389 917 1424 τῷ

133 1439 274 1474 κτίσματι,
295 1439 417 1465 Ἐπαινεϊ
433 1437 463 1464 τὺ
487 1437 673 1472 φιλοτέχνημα
686 1457 693 1470 ,
711 1436 768 1463 ἀλλ’
784 1436 844 1470 οὐχὶ
867 1436 917 1469 τὴν

133 1485 181 1513 τοῦ
192 1485 312 1520 τεχνίτου
325 1483 404 1516 δόξαν
419 1483 458 1514 είς
473 1483 560 1508 ἐκεῖνο
575 1481 756 1516 περιίστησιν.
774 1480 803 1506 '0
817 1480 845 1506 δὲ
857 1479 918 1506 δυσ-

134 1531 217 1566 σεὸὴς
230 1531 323 1562 κακῶς
335 1529 357 1545 ⁸⁵
370 1530 419 1565 μὲν
433 1526 497 1562 είδε,
509 1527 603 1560 κακῶς
616 1527 643 1554 δὲ
658 1527 857 1563 προσεκύνησε,
871 1526 917 1552 καὶ
929 1536 952 1567 C

133 1579 226 1605 πᾶσαν
239 1577 288 1612 τὴν
300 1576 376 1608 τάξιν
392 1575 549 1610 ἀνέτρεψεν.

135 1636 202 1662 Ὀτι
216 1633 364 1668 δράκοντα
382 1631 531 1668 πολλάκις
539 1631 558 1664 ἡ
572 1629 677 1668 Γραφῇ
690 1629 778 1668 καλεῖ
791 1629 844 1656 τὸν
856 1627 919 1655 διά-

327 1669 428 1700 ϐολον,
445 1666 492 1700 καὶ
507 1666 576 1701 ὅφιν
586 1665 724 1692 σκολιόν.

168 1716 216 1743 Διὸ
230 1715 278 1742 καὶ
290 1715 304 1743 ὁ
320 1715 415 1748 Σωτήρ
431 1721 512 1748 φησιν
523 1721 530 1728 ·
547 1711 620 1740 Ἰδοὺ
628 1711 742 1738 δέδωκα
752 1710 823 1745 ὑμῖν
834 1710 921 1742 ἐξου-

132 1762 206 1789 σίαν
221 1760 325 1788 πατεῖν
339 1759 440 1786 ἐπάνω
455 1759 553 1793 ὄφεων
565 1757 614 1784 καὶ
629 1757 794 1791 σκορπίων.
808 1756 864 1783 Καὶ
877 1756 921 1783 ἵνα

134 1809 172 1844 μὴ
183 1807 218 1834 τὰ
233 1807 352 1842 ’ἑρποντα
367 1805 516 1841 ὑπολάϐῃς,
534 1804 659 1839 ἐπήγαγε
670 1810 677 1817 ·
690 1801 745 1829 Καὶ
756 1802 805 1828 ἐπὶ
818 1800 922 1829 πᾶσαν

132 1855 191 1888 τὴν
207 1853 336 1887 δύναμιν
352 1852 406 1878 τοῦ
424 1850 543 1885 ἐχθροῦ.
562 1849 675 1885 Δράκων
697 1848 744 1875 καὶ
759 1847 821 1882 ὄφις
836 1848 850 1874 6
864 1847 922 1874 διὰ-

132 1900 211 1931 6ολος
227 1899 277 1934 οὐχ
292 1899 330 1930 ὡς
346 1898 408 1934 ρίζα
427 1897 537 1930 κακίας,
552 1896 590 1927 ὥς
612 1903 694 1930 φασιν
715 1895 741 1921 oi.
755 1894 921 1929 Μανιχαωι,

131 1946 191 1974 ἀλλ’
206 1946 243 1977 ὡς
259 1946 404 1980 κατάρχων
418 1943 472 1970 τῶν
487 1942 633 1978 δαιμονίων
645 1941 668 1957 ’⁵⁵
681 1941 728 1968 καὶ
740 1941 860 1976 ἀρχηγὸς
875 1939 922 1966 αὖ·

131 1994 190 2025 τοῖς
204 1992 252 2028 τῆς
270 1991 434 2022 ἐκπτώσεως
450 1988 569 2025 γεγονώς
579 1989 612 2016 ⁸⁷.

137 2051 191 2078 Ἐκ
209 2048 264 2076 τοῦ
291 2045 501 2082 παραινετικοῦ
518 2045 617 2107 ἱὶόγου
626 2043 649 2060 ⁸⁸
673 2042 727 2069 τοῦ
747 2041 814 2076 περὶ
834 2049 923 2076 μετα-

479 2089 515 2107 νο
529 2088 577 2107 ac.

479 2088 577 2112 νοιας.

167 2130 234 2167 [856
252 2128 274 2156 ιι
288 2128 298 2165 ]
310 2127 364 2155 Τοῦ
379 2129 501 2158 εἰπόντος
513 2135 520 2142 ·
538 2125 658 2153 Καθελῶ
673 2133 729 2158 μου
740 2123 793 2156 τὰς
808 2122 922 2155 ἀποθή-

402 214 539 250 τινωστὸν
547 214 570 230 ⁸⁵
584 215 680 242 καλοῦ
705 215 756 242 καί
774 215 921 250 πονηροῦ,

1077 219 1195 245 scientia:
1210 218 1271 244 boni
1293 223 1317 245 et
1339 218 1415 251 ntali,
1431 223 1455 245 et
1468 219 1494 245 in
1509 218 1647 245 latronem.

1007 295 1110 330 Agmen
1123 295 1260 329 iustorum
1278 302 1333 322 non
1357 295 1415 323 vult
1430 295 1457 322 in
1472 303 1502 323 se
1523 303 1618 330 rapere
1633 299 1754 330 potesta-

972 345 1026 368 tem
1042 346 1240 373 creaturarum,
1253 341 1298 368 sed
1308 348 1369 375 quae
1383 345 1447 368 sunt
1460 341 1685 375 dispensationis,
1702 340 1755 367 Pa-

972 387 1022 414 tris
1037 387 1217 421 providentia:
1227 387 1350 421 subjecta
1366 394 1437 414 esse.
1453 386 1516 414 Ideo
1528 386 1610 413 etiam
1626 386 1754 420 parabola

970 433 1107 468 iuniorem
1137 433 1294 465 introducit,
1318 437 1428 467 accepta
1446 438 1558 468 paterna
1583 432 1752 464 haereditate,

971 478 1191 513 proﬁciscentem
1203 478 1230 504 in
1247 477 1384 512 regionem
1399 478 1573 512 longinquam
1582 481 1613 504 ω.
1628 477 1682 504 Sed
1693 477 1754 504 lon-

971 524 1065 559 gitudo
1084 523 1179 551 stadiis
1196 531 1249 550 tton
1268 523 1476 554 detertninatur,
1493 524 1539 550 sed
1559 523 1683 550 moribus
1699 523 1753 549 cir-

971 570 1176 597 cumscribitur.
1191 568 1294 596 Etenim
1309 575 1434 603 peccator
1445 576 1501 596 non
1517 573 1572 596 tam
1587 569 1648 596 loco
1663 575 1754 596 remo-

971 620 1016 644 tus
1029 619 1090 647 .est,
1104 621 1185 649 quam
1209 613 1344 640 m0ribus.
1362 614 1480 647 Accepta
1505 612 1596 648 itaque
1616 613 1688 640 bona
1705 620 1754 647 pa-

972 667 1047 689 terna
1073 660 1187 695 perdidit
1206 660 1317 695 prodige
1337 659 1462 686 vivendo.
1478 659 1589 694 Accepit
1617 661 1702 687 solent
1719 659 1754 686 ad

971 706 1193 742 perfruit'touetn,
1210 711 1238 733 et
1250 707 1352 733 donum
1376 710 1404 732 ut
1421 705 1502 732 deum
1523 705 1657 732 adoravit.
1670 705 1754 733 Acce-

970 752 1010 786 pit
1026 751 1114 778 fontes
1128 751 1160 778 ad
1171 750 1294 782 delicias,
1313 755 1342 777 et
1359 749 1461 777 donum
1485 750 1565 777 deum
1582 750 1655 777 feeit.
1676 750 1755 785 Igno-

970 798 1041 825 ravit
1067 797 1226 829 donantetu,
1244 802 1271 824 et
1294 796 1396 823 donum
1420 803 1502 831 supra
1527 796 1638 823 modum
1658 796 1753 823 coluit.

972 843 1072 870 Eadem
1098 850 1233 875 creatura,
1256 842 1303 870 sed
1328 850 1380 869 non
1404 842 1532 869 omnibus
1552 842 1647 869 eodem
1672 842 1756 870 modo
1799 868 1805 871 .

970 889 1128 924 conspicua.
1149 889 1265 916 Paterna
1292 887 1446 915 substantia
1474 888 1520 915 ille
1543 889 1653 922 quidem
1679 891 1755 914 recte

969 943 1035 962 usus
1048 940 1099 967 est,
1128 935 1172 961 ltic
1192 942 1258 961 vero
1273 934 1385 961 abusus.
1404 932 1477 960 Ordo
1489 938 1579 961 autem
1602 933 1649 960 hic
1663 938 1691 960 et
1704 933 1752 966 ibi,

969 982 1077 1010 tametsi
1090 981 1225 1008 diversus.
1250 979 1315 1008 Pius
1336 980 1566 1015 pulchritudinem
1588 980 1661 1007 videt
1679 980 1755 1012 εαξη,

968 1033 996 1056 et
1013 1029 1074 1055 inde
1092 1028 1249 1055 Creatorem
1266 1028 1359 1055 laudat
1373 1036 1380 1054 :
1400 1027 1495 1054 Videbo
1505 1027 1575 1054 enim
1590 1027 1666 1054 cwlos
1675 1035 1757 1061 opera

968 1068 1278 1109 digitarunttuorum'm“.
1295 1073 1367 1101 Vidit
1383 1074 1491 1106 impius,
1507 1072 1578 1099 elad
1594 1072 1752 1099 Creatorem

969 1128 1079 1148 sensum
1095 1128 1149 1146 tton
1175 1118 1329 1146 convertit:
1349 1118 1394 1145 sed
1419 1116 1500 1152 524
1514 1116 1528 1142 b
1549 1117 1700 1151 persistens
1726 1116 1753 1142 itt

968 1165 1170 1201 pulchritudine
1195 1164 1258 1191 εωιὶ
1275 1184 1283 1196 ,
1301 1169 1453 1190 creaturam
1474 1170 1535 1190 esse
1555 1163 1634 1189 dettnt
1659 1162 1755 1197 imagi-

969 1217 1050 1240 natus
1073 1216 1124 1239 est.
1145 1211 1209 1238 Pius
1229 1218 1285 1238 non
1299 1210 1426 1244 injuriam
1452 1209 1518 1236 facit
1544 1213 1686 1239 creaturaa,
1706 1207 1754 1234 sed

969 1258 1084 1285 Domino
1109 1257 1296 1284 adorationem
1316 1255 1421 1285 tribuit.
1440 1254 1562 1282 Honorat
1585 1259 1754 1285 creaturam,

969 1304 1015 1332 sed
1024 1309 1050 1330 ut
1062 1310 1234 1334 conservam,
1247 1310 1300 1329 non
1313 1301 1440 1328 auferens
1454 1304 1545 1327 autem
1557 1299 1659 1326 cultum
1671 1297 1759 1325 Crea-

969 1350 1032 1383 tori,
1048 1353 1299 1389 prtestatcreatura:
1319 1356 1326 1373 :
1343 1346 1436 1373 laudat
1453 1345 1609 1377 artiﬁcium,
1624 1344 1671 1371 sed
1687 1343 1755 1370 arti-

969 1395 1027 1423 ﬁcis
1047 1388 1161 1430 gloriam
1188 1393 1226 1420 illi
1250 1400 1304 1419 non
1329 1391 1473 1424 attribuit;
1489 1390 1589 1424 impius
1609 1396 1673 1415 vero
1686 1388 1754 1415 bene

968 1441 1078 1476 quidem
1090 1440 1169 1472 vidit,
1181 1438 1229 1466 sed
1244 1438 1314 1465 male
1326 1437 1461 1468 adoravit,
1473 1441 1500 1463 et
1510 1442 1619 1463 omnem
1629 1433 1754 1462 ordinem

969 1487 1088 1515 invertit.

970 1630 1045 1666 Swpe
1059 1628 1199 1664 Scriptura
1212 1627 1347 1655 diabolum
1361 1631 1433 1653 vocat
1459 1625 1599 1652 draconem
1608 1627 1632 1650 et
1647 1630 1753 1658 serpen—

1246 1671 1296 1690 tem
1310 1667 1466 1688 tortuosum.

1006 1711 1071 1739 Ideo
1087 1715 1114 1737 et
1126 1709 1250 1737 Salvator
1261 1709 1328 1736 dicit
1341 1731 1344 1735 .
1364 1706 1431 1734 Ecce
1443 1706 1503 1734 dedi
1516 1706 1586 1733 vobis
1599 1708 1755 1740 potestatem

971 1755 1124 1784 ambulandi
1149 1763 1227 1790 super
1245 1760 1386 1782 seruantes.
1407 1757 1431 1779 et
1456 1752 1604 1786 scorpiones
1624 1756 1648 1777 ιλ.
1667 1750 1699 1777 Et
1722 1758 1755 1777 tte

971 1802 1232 1837 reptiliaintelligas,
1241 1800 1375 1835 subjecit:
1387 1798 1421 1825 Et
1434 1806 1510 1832 super
1523 1805 1623 1824 omnem
1632 1796 1756 1823 virtutem

970 1848 1073 1875 inimici
1089 1851 1112 1874 ο.
1126 1847 1255 1874 Diabolus
1279 1846 1362 1872 draco
1378 1849 1405 1872 et
1425 1851 1538 1878 serpens
1555 1847 1606 1875 est,
1622 1850 1677 1869 non
1693 1846 1753 1868 tan-

971 1903 1054 1930 quam
1069 1894 1133 1922 mali
1150 1893 1239 1924 radix,
1251 1897 1283 1919 ut
1295 1891 1438 1919 Manichtei
1459 1891 1564 1923 dicuttt,
1582 1890 1629 1917 sed
1642 1895 1670 1916 ut
1681 1889 1757 1924 prin—

971 1948 1035 1975 ceps
1061 1941 1226 1971 daemonum,
1250 1942 1278 1965 et
1293 1943 1389 1965 auctor
1403 1937 1457 1964 illis
1476 1935 1564 1963 factus
1584 1934 1756 1962 defectionis.

1122 2040 1165 2068 Ex
1181 2039 1365 2067 adhortatione
1375 2037 1409 2064 ad
1424 2035 1615 2071 paenitentiam.

1009 2120 1047 2148 De
1059 2119 1105 2147 illo
1117 2118 1164 2154 qui
1178 2117 1248 2145 dixit
1271 2126 1278 2144 :
1293 2116 1433 2143 Deslrnam
1458 2115 1552 2141 horrea
1570 2121 1636 2145 mea,
1660 2117 1684 2139 et
1702 2120 1759 2138 mrt-

132 2159 199 2210 καὲ,
215 2176 264 2203 καὶ
277 2159 414 2210 μείζονας
426 2173 624 2207 οίκοόομήσω,
637 2172 731 2197 τούτου
744 2171 793 2205 τὴν
808 2169 840 2196 ἐκ
854 2168 918 2195 Θεοῦ

972 2167 1033 2202 jora
1051 2166 1148 2201 faciam
1161 2169 1186 2197 ι),
1212 2162 1376 2191 setttentiam
1392 2169 1406 2188 a
1422 2160 1476 2187 Deo
1489 2160 1584 2192 latam,
1603 2159 1629 2185 itt
1656 2165 1758 2184 memo-

132 2204 480 2257 éneusxﬂaioavrdnétpatatv
502 2204 541 2249 εἰς
560 2204 669 2252 μνήμην
679 2237 686 2249 ,
702 2215 840 2250 ἄνθρωποι
851 2234 858 2246 ,
873 2214 918 2240 λα-

973 2215 1054 2245 riam,
1071 2211 1207 2243 homines,
1223 2213 1384 2237 revocantes
1398 2207 1458 2242 iipsi
1475 2206 1563 2238 vobis,
1582 2205 1684 2240 aperite
1696 2204 1759 2231 the-

132 2269 227 2300 δόντες
238 2268 362 2300 ἀνοίξατε
373 2267 436 2297 τοὺς
448 2265 600 2301 θησαυροὺς
615 2263 703 2298 ὑμῶν,
719 2263 763 2289 καὶ
773 2261 832 2288 δότε
846 2260 920 2295 ἐλεη-

135 2316 267 2351 μοσύνην.
284 2314 419 2347 Ποιήσατε
433 2311 538 2341 ἑαυτοῖς
552 2309 688 2344 θησαυρὸν
704 2308 879 2334 ἀνέκλειπτον
890 2307 919 2333 ἐν

132 2362 173 2397 τῷ
186 2359 312 2395 οὐρανῷ,
337 2358 429 2389 καθὼς
454 2356 619 2392 προστάσσει
642 2356 657 2381 6
685 2352 801 2389 Κύριος·
825 2353 849 2378 οὶ
874 2352 919 2379 τὸν

133 2406 291 2442 ἐμπαίκτην
312 2403 427 2430 πλοῦτον
448 2403 480 2428 ὲκ
494 2402 573 2428 τόκου
591 2401 636 2427 καὶ
655 2399 684 2431 ὲξ
705 2398 810 2429 ἀδικίας
828 2397 921 2423 συλλέ-

134 2452 241 2485 ξαντες·
258 2449 408 2483 Ποιήσατε
425 2447 540 2480 ἑαυτοῖς
555 2447 662 2481 φίλους
672 2446 705 2472 ὲκ
719 2444 771 2471 τοῦ
785 2442 922 2478 μαμωνᾶ,

133 2498 228 2528 καθὼς
242 2497 257 2522 6
274 2495 411 2530 Δεσπότης
425 2493 652 2529 παρακελεύεται·
672 2493 736 2518 Ἵνα
756 2491 829 2517 ὅταν
844 2489 924 2516 ἐκλί-

133 2552 221 2578 πητε,
234 2542 376 2575 δέξονται
388 2540 464 2576 ὑμᾶς
478 2543 520 2574 εἰς
532 2542 585 2572 τὰς
599 2540 737 2571 αἰωνίους
752 2537 879 2571 σκηνάς.

966 2266 1062 2286 sauros
1083 2262 1198 2288 vestros,
1226 2260 1253 2282 et
1273 2255 1335 2282 date
1359 2255 1567 2289 eleemosynas;
1585 2252 1665 2280 facile
1682 2251 1760 2280 vobis

967 2305 1110 2332 thesauros
1128 2304 1315 2330 indelicientes
1335 2303 1360 2329 in
1374 2302 1454 2332 cutio,
1480 2304 1509 2327 ut
1524 2299 1653 2327 Dominus
1669 2298 1756 2333 jubet,

966 2351 1012 2385 qui
1023 2349 1114 2376 futiles
1123 2349 1229 2376 divitias
1240 2357 1255 2376 e
1264 2348 1368 2376 foenore
1379 2353 1405 2374 et
1414 2346 1546 2382 iujustitiu
1557 2344 1693 2380 colligitis,
1703 2344 1760 2370 Fu-

975 2397 1024 2424 cite
1039 2395 1110 2422 vobis
1125 2397 1222 2422 anticus
1238 2395 1269 2422 de
1288 2402 1449 2426 mammona,
1465 2398 1494 2420 ut
1514 2393 1648 2420 Dominus
1671 2392 1759 2426 impe-

975 2449 1027 2476 rat,
1044 2448 1073 2470 ut
1085 2451 1144 2469 cum
1159 2450 1201 2469 vos
1220 2441 1418 2476 dercliquerint,
1439 2440 1565 2474 recipiant
1580 2447 1625 2466 vos
1641 2439 1668 2466 in
1684 2442 1760 2465 tum“

977 2500 1012 2519 na
1026 2490 1197 2518 tabernacula
1209 2494 1223 2515 (1

169 2650 189 2663 ω
204 2644 270 2672 Luc.
287 2653 332 2677 xv,
350 2644 472 2678 12,seqq.
510 2641 547 2660 ιιι*
557 2640 733 2673 Psal.vtn,t.
772 2644 786 2658 ιι
802 2638 907 2669 Luc.x,
919 2636 963 2663 l9.
1001 2639 1014 2653 °
1032 2635 1098 2663 ibid.
1138 2633 1285 2668 PLuc._xn,
1300 2632 1343 2660 18.
1381 2637 1394 2657 τι
1409 2630 1476 2659 Luc.
1497 2637 1552 2663 xv1,
1567 2630 1593 2657 9.

774 2715 890 2744 VARIIE
909 2714 1114 2743 LECTIONES.

189 2795 216 2811 "
229 2795 264 2822 ὲκ
274 2794 332 2822 τοῦ.
370 2794 394 2810 ⁵⁵
408 2793 439 2819 τὸ
451 2799 506 2819 om.
523 2791 555 2818 A.
593 2790 617 2806 "‘
630 2789 722 2821 κακῶς
738 2788 777 2824 δὲ]
791 2789 821 2815 οὐ
835 2788 927 2820 κακῶς
939 2787 967 2814 δὲ
977 2795 1020 2823 pr.
1030 2787 1063 2821 Α,
1077 2787 1107 2814 οὺ
1126 2786 1216 2819 καλῶς
1228 2785 1256 2813 δὲ
1267 2785 1302 2822 δὲγ
1319 2792 1382 2813 corr
1429 2783 1597 2819 ⁸⁸,διαμόνων
1613 2789 1643 2812 ς.
1681 2779 1703 2796 ⁸⁷
1718 2788 1764 2814 γε-

136 2831 226 2865 γονώς
237 2838 293 2859 om.
309 2829 340 2856 Β.
391 2829 413 2845 ⁵⁸
423 2827 471 2855 τοῦ
492 2832 553 2863 post
576 2825 655 2860 λόγου
674 2832 728 2852 om.
747 2825 778 2851 A.
