1959 3081
194 128 247 161 287

762 127 893 158 ΡΗΟΤΙΙ
914 126 1167 158 ΡΑἹἮΙΑΒΟΗᾹΞ
1190 126 1247 168 ΕΙ)ζ

1776 126 1832 158 288’

158 204 159 207 η
198 185 241 213 Ea:
268 185 388 212 oratione
412 184 715 221 interminatumﬁﬁ),
736 188 760 212 et
789 183 933 218 Lazarum,
959 187 983 210 et

1079 184 1129 209 Ἐκ
1147 181 1200 208 τοῦ
1216 182 1261 214 εὶς
1275 189 1328 208 τον
1343 181 1489 221 σςειίῖνμόν.Δ
1502 179 1555 221 [fat
1569 181 1613 213 είς
1624 180 1647 196 δ’
1668 180 1721 207 τὸν
1737 182 1829 212 Adﬁr-

527 220 644 247 divitem.

232 263 291 291 Non
307 271 385 291 cesso
398 263 499 296 dicere,
511 264 562 291 etsi
573 272 626 290 non
643 264 749 291 audiar.
775 263 897 291 Medicus
910 271 982 296 sutn,

196 310 396 338 medicamenta
416 317 534 344 appono.
550 314 699 345 przeceplor
709 318 781 342 sum,
795 317 909 337 monere
924 310 984 345 jus-

196 365 245 385 sus
260 364 332 384 sum.
359 355 391 382 Et
408 363 488 382 netno
499 363 528 383 se
549 356 698 383 emendat?
715 356 782 388 Quid
802 356 852 382 hoc
869 355 906 382 rei
923 355 985 382 est?

197 401 246 429 sed
260 408 310 435 ego
325 400 502 428 nihilominus
520 401 673 427 mercedem
688 401 804 435 accipio,
823 405 849 428 et
869 401 919 427 hoc
942 401 985 427 iu-

197 447 364 474 credibilitcr
388 447 455 473 dixi.
482 446 552 473 Fieri
572 447 645 473 enim
677 454 732 473 non
759 452 847 481 potest
867 447 894 473 in
910 451 985 474 tanta

197 495 340 522 hominum
359 493 534 520 multitudine
547 497 576 519 ut
591 500 673 520 nemo
688 501 716 520 se
729 494 866 520 emendet.

232 539 332 572 Audio,
355 539 454 573 inquit,
479 539 506 565 in
523 538 592 569 dies,
614 543 642 565 et
665 546 719 565 non
737 537 820 565 facio.
840 537 921 570 Audi,
935 538 986 565 etsi

198 593 253 614 non
269 585 364 613 facias.
380 586 418 613 Ex
439 584 582 611 auditione
605 584 680 612 enitn
702 584 804 612 factum
818 585 917 617 oritur,
935 585 986 612 etsi

198 640 253 660 non
269 631 364 663 facias,
378 630 499 666 pudeftes
512 631 548 658 ob
570 635 713 665 peccatum
733 650 741 662 ,
758 631 807 657 etsi
821 638 876 657 non
891 630 986 664 facias,

198 683 288 706 mutas
315 677 497 709 sententiam,
520 677 571 705 etsi
596 685 651 704 non
684 677 790 710 facias,
820 677 989 705 condemnas

198 729 226 751 te
242 725 342 759 ipsum,
354 726 425 759 quod
440 732 493 751 non
509 723 605 751 facias.
617 724 756 751 Accusare
769 723 842 750 enim
859 731 898 755 se,
914 724 988 758 prin-

198 769 300 804 cipium
319 772 362 795 est
380 768 588 795 emendationis.
607 767 721 800 Quando
747 767 830 800 dicis,
855 767 903 795 llei
922 768 989 794 mihi

198 814 302 846 audivi,
325 819 353 841 et
379 821 433 841 non
451 814 531 846 lacio,
555 813 634 846 illud,
658 813 707 840 llei
728 813 807 846 milii,
826 814 933 841 initium
947 818 990 841 est

199 860 362 887 mutationis
380 860 406 886 in
428 859 536 886 melius.

199 905 298 941 525a
323 906 354 932 In
371 905 439 932 illud
456 906 557 932 dictum
570 913 579 931 .'
597 914 606 930 ι
622 905 700 932 Mitte
724 905 858 932 Lazarum
873 910 894 938 τ,
911 915 920 932 ι
941 911 991 932 etc.

234 951 268 978 Et
283 951 327 978 ubi
347 959 420 978 nunc
445 957 508 978 sunt
524 951 844 986 pineertta:tui,tapetes,
857 957 884 978 et
898 953 994 979 adula-

200 998 288 1026 tores?
314 997 360 1024 ubi
384 1005 458 1024 nunc
481 998 647 1032 arrogantia,
677 1002 705 1025 et
722 998 873 1033 phantasim
889 999 900 1024 Ἰ
918 998 993 1026 Folia

200 1044 320 1077 fuerunt,
349 1044 486 1078 etlltiems
515 1044 639 1076 abstulit,
665 1045 814 1079 omniaque
841 1045 993 1078 perierunt.

201 1089 345 1116 Somnium
358 1094 428 1122 erat,
441 1093 468 1116 et
485 1092 562 1117 ortus
575 1094 618 1117 cst
632 1090 702 1122 dies,
717 1095 745 1117 et
759 1093 899 1118 somnium
912 1091 995 1118 dissi-

200 1140 306 1170 patum.
582 1139 595 1149 ‘

237 1182 301 1210 Ideo
315 1191 380 1210 vero
389 1191 442 1210 non
454 1183 520 1216 Noe,
534 1184 576 1211 vel
587 1183 681 1216 Jacob,
696 1185 736 1211 vel
747 1184 833 1218 Isaac,
848 1185 894 1213 sed
907 1175 994 1213 Χιω-

201 1229 264 1255 lnam
283 1228 358 1256 dives
380 1229 464 1256 videt.
484 1228 594 1262 Quare?
615 1230 679 1264 quia
695 1230 833 1257 Abraham
859 1231 995 1266 benignus

203 1274 230 1301 in
249 1275 407 1309 peregrinos
423 1275 524 1307 fuerat,
541 1281 567 1302 et
582 1275 656 1303 illius
676 1276 887 1304 inbumanitatis
907 1277 995 1312 major

202 1323 245 1346 est
260 1320 400 1347 accusatio
431 1321 513 1355 hujus
530 1320 714 1356 hospitalitas.

203 1408 247 1436 Εω
267 1408 377 1436 Itomilia
400 1417 407 1424 '
423 1411 483 1438 Non
507 1410 573 1437 adeo
600 1411 761 1439 vehementer
777 1411 911 1447 deﬂendo:
939 1423 996 1442 esse

531 1451 662 1474 ηιονιαοε.

240 1490 324 1523 Mors,
340 1499 525 1519 aerumnarum
541 1493 653 1520 solutio.
680 1493 738 1522 Nisi
756 1502 831 1522 mors
845 1501 929 1528 esset,
945 1504 996 1524 nos

204 1537 279 1572 ipsos
305 1538 452 1565 ederemus
469 1547 476 1565 :
496 1539 549 1566 nisi
579 1540 749 1574 puniremur,
782 1549 954 1576 nequaquam
980 1535 1031 1568 ac

204 1583 285 1610 malis
310 1591 493 1611 cessaremus.
523 1583 605 1612 Vides
640 1585 749 1613 Domini
781 1586 997 1621 benignitatem?

203 1636 313 1664 poenam
326 1638 358 1657 ex
374 1631 597 1665 praevaricatione
616 1632 641 1658 in
653 1633 750 1660 salutis
766 1641 861 1660 ansam
881 1641 999 1661 conver-

205 1676 247 1702 tit.
267 1675 295 1702 Si
324 1675 407 1710 igitur
430 1676 523 1710 justus
540 1681 582 1711 est
609 1678 656 1712 qni
679 1683 806 1706 mortuus
829 1684 881 1713 est,
898 1681 997 1714 gaude,

205 1722 270 1756 quia
289 1729 351 1748 cum
379 1722 478 1749 liducia
493 1723 526 1749 ad
542 1723 689 1750 Dominum
711 1724 851 1759 profectus
873 1730 926 1754 est.
949 1726 998 1754 Sin

206 1771 345 1802 peccator,
367 1775 401 1794 ne
414 1767 508 1795 doleas
522 1776 529 1795 :
545 1769 668 1796 lucratus
682 1775 736 1802 est,
752 1771 826 1805 quod
842 1772 1000 1799 accumula-

208 1813 282 1840 tiuuc
299 1819 472 1848 peccatorum
489 1815 612 1850 privatus
625 1817 670 1843 sit.

244 1905 273 1933 In
290 1907 403 1941 epistola
419 1907 451 1934 ad
473 1907 616 1943 Cyriaeum
642 1910 812 1946 episcopum,
835 1919 915 1946 quam
934 1912 1002 1939 scri—

208 1953 342 1988 psit‘post
363 1954 513 1981 secundum
530 1955 667 1986 exsilium,
678 1957 773 1992 pungit
787 1957 941 1991 Arsacium,
951 1967 1002 1985 vo-

208 2007 274 2027 cans
292 1999 365 2026 illum
386 1999 512 2032 delirum.
530 2005 557 2028 et
569 2001 737 2029 adulterum.
758 2001 928 2038 Laudatque
942 2012 1001 2037 eos,

208 2046 256 2081 qui
273 2046 346 2073 illius
362 2046 571 2074 familiaritatem
591 2053 765 2081 aversantur,
780 2053 810 2076 ut
828 2050 876 2084 qui
892 2056 1003 2086 propter

209 2092 306 2124 Deum,
322 2098 348 2120 ct
372 2093 536 2128 impietatem
559 2094 587 2120 itt
613 2095 854 2130 archiepiscopum
871 2104 950 2123 suum
970 2097 1004 2125 ab

209 2139 256 2166 iHo
280 2139 428 2166 declinent.
449 2139 582 2171 Quamvis
603 2142 629 2167 in
657 2141 718 2167 aliis
742 2141 869 2168 videatur
885 2143 1002 2176 hortari,

209 2195 244 2214 ne
256 2187 290 2213 ab
323 2186 443 2214 Ecclesia
471 2187 609 2214 recedant.
631 2187 658 2214 Id
677 2192 769 2214 autem
787 2193 891 2223 postea,
909 2195 938 2216 ut
954 2197 1003 2224 ap-

209 2239 297 2269 paret,
326 2234 422 2266 volnit,
439 2241 501 2260 cum
531 2234 560 2265 ii.
576 2234 622 2268 qui
657 2233 730 2261 hunc
746 2234 848 2270 injuste
861 2235 998 2270 ejecerant

212 2280 284 2308 facto
306 2289 359 2308 non
385 2281 582 2315 acquieverint,
611 2280 659 2308 sed
686 2281 773 2308 moliti
794 2282 876 2310 etiam
899 2283 1003 2311 fuerint

215 2328 359 2362 impetum,
379 2328 504 2361 insidias,
523 2331 550 2354 et
564 2327 691 2355 exsilium
709 2327 754 2362 iis,
767 2329 814 2364 qui
828 2330 879 2365 ipsi
899 2331 1002 2358 addicti

210 2379 311 2402 εεερηι.

253 2467 264 2481 τ
277 2461 343 2489 Luc.
363 2469 419 2494 xw,
436 2459 483 2487 24.

1237 225 1295 250 ρον
1313 217 1362 242 καὶ
1380 216 1432 243 τὸν
1449 217 1613 243 πλούσιον.

1070 263 1107 289 Οὐ
1124 262 1247 297 παύομαι
1270 263 1357 296 λέγων
1378 261 1434 296 ἐγὼ
1445 282 1452 293 ,
1469 261 1521 288 κᾶν
1540 261 1636 297 μηδεὶς
1656 262 1671 288 6
1683 262 1707 278 ³ο
1723 262 1830 288 ἀκούων

1035 307 1064 347 ᾗ.
1089 309 1192 345 ’ἰατρός
1205 309 1273 343 εἰμι,
1288 308 1323 334 τὰ
1343 308 1477 342 φάρμακα
1492 307 1636 341 ἐπιτίθημι
1646 315 1653 321 ·
1672 307 1831 338 διδάσκαλός

1035 355 1104 389 εἰμι,
1122 354 1264 388 παραινεῖν
1278 351 1452 387 ἐκελεὺσοην.
1465 351 1568 378 Οὐδένα
1592 351 1770 387 δι.ορί)οὖμαι;
1784 353 1830 377 καὶ

1036 398 1170 431 1510310;
1188 397 1245 424 ἀλλ’
1259 396 1314 431 ἐγὼ
1336 397 1380 423 τὸν
1396 396 1492 432 μισθὸν
1512 396 1577 432 ἔχω,
1599 397 1654 424 Καὶ
1669 397 1749 423 τοῦτο
1767 389 1830 424 καθ’

1036 444 1190 479 ὑπερϐολὴν
1208 441 1295 470 εἷπον·
1313 443 1454 478 ἀμήχανον
1467 443 1488 459 ⁵¹
1503 443 1558 477 γὰρ
1580 444 1609 470 ὲν
1624 443 1744 479 τοσούτῳ
1761 443 1832 479 πλή-

1038 491 1080 518 θει
1098 491 1135 527 μὴ
1152 489 1331 526 διοροωθῆναί
1348 498 1420 516 τινα.

1079 537 1193 570 Ἀκούω,
1206 537 1283 572 φησὶ,
1296 536 1358 562 καθ’
1372 536 1492 571 ἡμέραν,
1511 536 1558 562 καὶ
1572 536 1602 563 οὗ
1619 537 1698 564 ποιῶ.
1717 537 1833 570 ιἌκουε,

1037 585 1089 612 κᾶν
1107 584 1144 619 μὴ
1162 584 1259 618 ποιῇς·
1276 583 1309 608 ἐκ
1328 583 1383 617 γὰρ
1406 582 1454 608 τοῦ
1470 581 1582 609 ἀκούειν
1596 583 1643 609 καὶ
1655 582 1686 608 τὸ
1700 591 1830 617 πραττειν

1038 629 1219 665 περιγίνεται.
1235 628 1296 654 Κᾶν
1311 627 1348 663 μὴ
1363 629 1442 663 ποιῇς
1453 629 1487 660 δί,
1503 628 1619 663 αίσχιὶνη
1636 629 1683 654 ἐπὶ
1693 631 1725 664 τῇ
1741 630 1829 664 ἁμαρ-

1039 677 1102 712 τίᾳ·
1121 675 1172 702 κᾶν
1191 675 1227 710 μὴ
1250 676 1347 710 ποιῇς,
1377 674 1531 710 μεταϐάλλῃ
1543 675 1567 691 ⁵³
1593 677 1643 711 τὴν
1669 676 1783 710 γνώμην
1796 676 1830 692 ἠ’

1040 722 1092 749 κᾶν
1105 721 1143 756 μὴ
1156 722 1246 756 ποιῇς,
1260 720 1453 752 καταδικάζεις
1471 721 1568 747 ἑαυτὸν
1581 721 1621 748 ὅτι
1637 722 1668 747 οὐ
1681 723 1777 753 ποιεῖς.
1795 722 1832 749 Τὸ

1039 767 1068 794 δὲ
1085 768 1248 802 κατηγορεῖν
1257 766 1354 793 ἑαυτοῦ
1367 766 1437 802 ἁρχὴ
1463 766 1641 801 διορθώσεως.
1653 767 1738 794 ’Ὁταν
1751 769 1833 805 εἴπῃς

1040 814 1128 848 υῖμοι⁸
1160 814 1276 849 ἥκουσα,
1297 814 1345 839 καὶ
1368 814 1398 839 οὐ
1423 813 1501 844 ποιεῖ),
1523 813 1554 840 τὸ
1582 814 1661 849 Οἵμοι
1693 815 1835 850 προοίμιόν

1005 857 1030 887 Β
1044 861 1104 886 ἐστι
1120 861 1169 895 τῆς
1187 860 1234 886 ἐπὶ
1247 859 1278 885 τὸ
1296 859 1398 894 βέλτιον
1414 860 1576 894 μεταϐολῆς.

1185 906 1311 941 Πέμψον
1327 907 1349 922 ⁵⁵
1365 906 1500 940 Λάζαρον
1514 907 1560 933 καὶ
1580 906 1644 940 ἑξῆς
1659 907 1692 934 "-

1077 953 1134 979 Καὶ
1156 951 1209 979 ποῦ
1225 952 1272 978 νῦν
1295 953 1320 978 οἱ
1330 952 1443 987 οἰνοχόοι
1460 961 1520 983 σου,
1543 952 1568 978 οἱ
1586 953 1718 984 τάπητες,
1735 953 1759 978 οἱ
1781 962 1837 979 1m-

1045 999 1160 1035 ράσιτοι,
1180 999 1205 1026 οι
1226 999 1357 1032 κόλακες-ς
1374 998 1425 1025 ποῦ
1441 1000 1455 1024 6
1471 999 1566 1033 τύφος;
1585 999 1662 1034 ποῦή
1678 1000 1813 1033 φαντασία
1827 1008 1834 1032 ζ

1042 1047 1132 1073 Φύλλα
1148 1045 1193 1082 ἦν,
1215 1047 1260 1073 καὶ
1275 1045 1379 1081 χειμὼν
1397 1046 1543 1078 κατέλαΰε,
1557 1047 1606 1073 καὶ
1624 1047 1712 1073 πάντα
1730 1047 1836 1074 ἀπώλε-

1043 1102 1082 1120 τοι
1097 1094 1164 1128 ὄναρ
1182 1091 1226 1129 ἦν,
1242 1095 1289 1120 καὶ
1305 1093 1398 1129 ἡμέρα
1411 1093 1518 1128 γέγονε,
1545 1095 1593 1120 καὶ
1608 1094 1638 1120 τὺ
1660 1094 1726 1129 ιναρ
1746 1094 1835 1122 διαλέ-

1043 1140 1132 1166 λυται.

1080 1186 1128 1212 Διὰ
1148 1186 1174 1212 τί
1200 1186 1223 1202 ⁸⁷
1240 1186 1268 1212 δὲ
1297 1186 1328 1212 οὐ
1357 1186 1403 1212 τὸν
1430 1186 1493 1212 Νῶε
1517 1187 1532 1222 ἢ
1562 1187 1608 1214 τὸν
1629 1187 1728 1213 Ἰακὼϐ
1752 1187 1769 1222 ἦ
1791 1186 1840 1214 τὶν

1050 1232 1152 1263 Ἰσαὰκ,
1168 1231 1235 1258 ἀλλὰ
1249 1231 1430 1267 τὸνἈϐραὰμ
1443 1232 1457 1258 6
1474 1232 1601 1263 πλούσιος
1616 1233 1668 1268 ὁρᾷ
1679 1241 1686 1266 ;
1698 1232 1780 1268 [15ίῖ5
1789 1233 1837 1268 R.]

1043 1277 1094 1303 Διὰ
1110 1277 1154 1308 τίς
1178 1276 1288 1311 Ἐπειδὴ
1310 1277 1448 1310 φιλόξενος
1471 1275 1505 1312 ἦν
1531 1278 1545 1303 6
1564 1278 1702 1313 Ἀϐραὰμ,
1720 1278 1768 1304 καὶ
1788 1277 1838 1312 τῆς

1046 1322 1247 1358 ἀπανθρωπίας
1264 1323 1360 1349 τούτου
1391 1323 1494 1358 μείζων
1518 1323 1623 1358 γίνεται
1646 1325 1798 1359 κατηγορία
1821 1325 1840 1359 ἡ

1045 1370 1150 1395 ἐκείνου
1166 1368 1314 1403 φιλοξενία.

1086 1414 1137 1441 Ἕκ
1159 1414 1213 1442 τοῦ
1247 1415 1270 1430 ⁵⁸
1283 1414 1332 1449 Μὴ
1351 1415 1443 1454 οὕτω-
1455 1415 1595 1449 σφοδρῶς
1621 1415 1743 1450 θρηνεῖν
1770 1415 1841 1450 τοὺς

1318 1452 1532 1484 τελευτῶντας.

1083 1497 1205 1528 Θάνατος
1219 1497 1362 1532 μεριμνῶν
1379 1496 1465 1528 λύσις.
1481 1497 1513 1523 Εἰ
1532 1496 1570 1532 μὴ
1584 1496 1699 1529 θάνατος
1711 1494 1756 1533 ἦν,
1775 1497 1842 1524 ἑαυα

1049 1543 1111 1573 τοὺς
1129 1543 1162 1569 ἂν
1188 1542 1384 1577 κατησθίομεν·
1410 1543 1435 1568 εί
1453 1543 1489 1577 μὴ
1513 1543 1624 1569 κόλασιν
1648 1542 1840 1577 ὲξεδεχὸμεθα,

1049 1589 1174 1625 οὐδαμῶς
1189 1589 1242 1615 τῶν
1259 1589 1352 1615 κακῶν
1376 1589 1536 1623 ἑπαυὸμεϐα
1551 1590 1587 1615 ⁵⁸.
1605 1587 1683 1620 Εἶδες
1701 1589 1841 1615 Δεσπότου

1051 1635 1277 1670 φιλανθρωπίαν;
1294 1634 1324 1660 τὸ
1349 1635 1381 1660 ἐκ
1403 1633 1587 1669 παραϐάσεως
1602 1633 1738 1667 ἐπιτίμιον
1753 1634 1843 1667 ἀφορ-

1051 1682 1104 1716 μὴν
1121 1681 1257 1716 σωτηρίας
1274 1680 1475 1715 ἀπειργάσατο.
1492 1679 1522 1705 Εἰ
1535 1681 1584 1715 μὲν
1598 1678 1756 1711 οὖνδίκαιός
1767 1681 1844 1705 ἐστιν

1049 1725 1229 1756 ὁάποθανὼν,
1250 1727 1340 1760 χαῖρε,
1361 1725 1428 1751 διότι
1453 1725 1562 1760 θαρῤῶν
1580 1725 1648 1760 πρὸς
1663 1725 1708 1751 τὸν
1731 1725 1838 1751 Δεσπό-

1049 1781 1100 1807 την
1111 1772 1267 1807 πορεύεταν
1284 1773 1309 1798 εί
1331 1771 1359 1797 δὲ
1375 1771 1548 1806 ἁμαρτωλὸς,
1579 1771 1616 1806 μὴ
1640 1771 1726 1797 λυποῦ
1740 1779 1747 1786 ·
1764 1771 1844 1806 ἐκέρ-

1050 1818 1131 1852 δησεν
1145 1815 1186 1850 οἷς
1203 1819 1226 1834 ⁸ο
1239 1818 1288 1853 τὴν
1303 1817 1461 1853 προσθήκην
1476 1817 1532 1844 τῶν
1547 1817 1754 1853 ἁμαρτημάτων
1770 1817 1844 1853 ἀφῄ-

1052 1873 1144 1901 ρηται.

1090 1911 1151 1937 ’Ὁτι
1168 1910 1189 1925 ⁸⁸
1213 1910 1242 1936 ἐν
1258 1911 1290 1944 τῇ
1312 1910 1381 1946 πρὸς
1396 1910 1442 1936 τὸν
1461 1909 1610 1936 ἐπίσκοπον
1626 1909 1765 1944 Κυριακὺν
1781 1909 1845 1936 ἐπι-

1053 1956 1146 1991 στολῇ,
1162 1956 1196 1991 ἣν
1210 1955 1264 1981 ἀπὸ
1276 1954 1327 1990 τῆς
1340 1955 1469 1989 δευτέρας
1485 1954 1639 1989 ἐξέπεμψεν
1652 1954 1770 1990 ὲξορίας,
1786 1962 1846 1980 κα-

1053 2001 1188 2027 θάπτεται
1213 2000 1262 2035 μὲν
1282 1999 1328 2026 τοῦ
1350 2000 1508 2034 ’Δρσακίου,
1524 2000 1606 2034 λῆρον
1626 1999 1708 2026 αὑτὸν
1720 2000 1767 2026 καὶ
1781 2007 1845 2034 μοι·

1053 2048 1100 2082 χδν
1119 2047 1228 2079 καλῶν,
1252 2048 1360 2073 ἐπαινεῖ
1383 2046 1411 2073 δέ
1434 2046 1498 2077 τοὺς
1519 2045 1774 2081 ἀποστρεφομένους
1795 2045 1847 2080 τὴν

1054 2094 1137 2121 αὐτοῦ
1163 2094 1323 2125 κοινωνίαν,
1338 2093 1376 2124 ὡς
1400 2093 1445 2118 διὰ
1467 2092 1533 2118 Θεὸν
1555 2092 1604 2118 καὶ
1627 2092 1657 2118 τὸ
1672 2093 1711 2122 εἰς
1731 2091 1776 2118 τὸν
1795 2093 1848 2127 ἀρ-

1055 2141 1148 2176 χιερέα
1161 2139 1252 2166 αὐτῶν
1264 2139 1384 2174 ἀδίκημα
1396 2137 1446 2173 τὴν
1461 2138 1636 2173 ἀποστροφὴν
1652 2137 1743 2164 αὐτῶν
1755 2146 1847 2164 ποιου-

1058 2187 1166 2221 μένους.
1188 2186 1251 2222 [8'37
1269 2185 1316 2222 H.]
1333 2186 1429 2212 Καίτοι
1445 2193 1477 2219 γε
1492 2186 1520 2211 ἐν
1535 2185 1626 2215 ἄλλοις
1641 2185 1767 2218 φαίνεται
1792 2193 1848 2210 πα-

1054 2233 1153 2268 ραινῶν
1167 2234 1203 2268 μὴ
1212 2232 1376 2267 ἀφίστασθαι
1390 2231 1443 2258 ἀπὸ
1454 2231 1503 2265 τῆς
1520 2230 1698 2265 Ἑκκλησίας.
1715 2230 1761 2261 Εἰς
1768 2229 1849 2256 τοῦτο

1052 2279 1081 2305 δὲ
1093 2278 1207 2314 ὕστερον
1221 2279 1269 2315 (ὡς
1291 2278 1376 2312 ἔοικε)
1394 2278 1521 2313 μετέστη,
1540 2278 1634 2312 ἐπειδὴ
1650 2278 1696 2303 καὶ
1711 2278 1735 2303 οἱ
1750 2277 1850 2303 τοῦτον

1054 2325 1155 2357 ἀδίκως
1169 2325 1331 2355 ἐκϐαλόντες
1345 2325 1368 2340 ‘“
1391 2325 1441 2359 οὺχ
1462 2322 1503 2356 οἷς
1519 2323 1641 2358 ἔπραξαν
1665 2324 1699 2356 ⁵³,
1717 2323 1784 2349 ἀλλὰ
1800 2323 1850 2350 καὶ

1053 2372 1226 2406 καταδρομὰς
1240 2372 1287 2398 καὶ
1312 2370 1458 2402 ἐπιϐουλὰς
1475 2370 1545 2396 κατὰ
1554 2370 1609 2396 τῶν
1628 2369 1703 2404 αὐτῷ
1721 2370 1744 2385 Μ’
1761 2378 1849 2404 προς-

1055 2419 1241 2453 ανακειμὲνων
1252 2417 1299 2445 καὶ¹
1315 2416 1466 2454 ὑπερορίας
1482 2416 1697 2452 ὲπαλαμήσαντο
1708 2417 1742 2443 ⁸⁸.

841 2538 960 2566 νᾹῐίΙίΕ
979 2538 1185 2568 LECTIONES.

267 2601 291 2617 ’³
306 2600 347 2632 εἰς
372 2603 435 2627 ante
448 2599 494 2626 τὸν
518 2599 564 2626 πλ.
579 2598 659 2627 omisi
675 2606 737 2625 cum
753 2597 784 2624 Β.

214 2673 238 2689 ⁸⁸
255 2673 295 2702 εἰς
307 2671 337 2698 τὸ
349 2670 412 2698 add.
423 2668 461 2697 VA.
511 2670 534 2686 δ’
550 2668 728 2704 ἐπαυσάμεθα
750 2677 780 2700 ς.

833 2598 856 2614 ³ο
869 2598 883 2616 Α
903 2598 953 2616 ιλΛιΙ
985 2598 999 2616 Δ
1052 2599 1072 2614 ll
1089 2599 1229 2616 lum-immuni
1258 2599 1273 2616 Α
1293 2608 1299 2614 .
1315 2598 1414 2616 ἂὲιὶυη-

267 2601 291 2617 "
306 2600 347 2632 εἰς
372 2603 435 2627 ante
448 2599 494 2626 τὸν
518 2599 564 2626 πλ.
579 2598 659 2627 omisi
675 2606 737 2625 cum
753 2597 784 2624 Β.
833 2598 856 2614 ³ο
869 2598 883 2624 6
902 2597 965 2624 add.
981 2597 1013 2624 A.
1052 2599 1072 2614 ⁵⁸
1087 2599 1229 2634 ἀμήχανον
1255 2599 1274 2626 Α
1293 2608 1299 2626 :
1314 2598 1444 2626 ἀδύνατον
1458 2609 1488 2632 ς.

214 2642 265 2664 ter.
283 2636 346 2662 κᾶν.
383 2635 406 2650 ⁵³
423 2634 585 2671 μεταϐάλλει
598 2644 629 2667 ς.
666 2634 690 2650 ⁵⁸
702 2633 815 2668 γνώμην
829 2640 884 2659 om.
902 2632 932 2659 Β.
970 2633 993 2648 ⁸⁵
1008 2633 1052 2665 Εἰς
1065 2635 1095 2660 τὸ
1109 2635 1217 2669 πέμψον
1231 2643 1261 2666 ς.
1291 2635 1314 2650 ⁵⁸
1331 2636 1377 2661 καὶ
1388 2635 1423 2661 τὰ
1435 2635 1499 2670 ἑξῆς
1512 2644 1544 2668 ς.

214 2673 238 2689 ⁸⁸
255 2673 295 2702 εἰς
307 2671 337 2698 τὸ
349 2670 412 2698 add.
428 2671 461 2697 A.
511 2670 534 2686 δ’
550 2668 728 2702 ἐπαυσάμεθα
750 2677 780 2700 ς.
832 2669 855 2684 ευ
870 2667 960 2702 nepa.
992 2669 1034 2702 ἐφ’
1053 2667 1094 2700 οἷς
1107 2679 1136 2701 ς.
1186 2670 1207 2685 ⁶¹
1222 2670 1274 2696 ὅτι.
1324 2671 1346 2685 ⁶¹
1363 2670 1539 2702 ἐκϐάλλοντες

920 2687 960 2702 ειν·
992 2687 1025 2702 υτ
1053 2687 1136 2701 υ-δδ-

1567 2599 1589 2616 θ’
1604 2598 1691 2629 ποιεῖς
1711 2606 1741 2629 ς.
1770 2596 1853 2630 idque

1598 2634 1620 2650 ⁵⁷
1636 2633 1662 2660 τί
1674 2634 1695 2659 Α
1710 2641 1716 2659 :
1731 2632 1811 2658 τοῦτο
1821 2642 1852 2664 ς.

1653 2668 1674 2684 ⁸³
1689 2667 1801 2700 ἔστεξαν
1818 2669 1851 2694 Δ.

1186 2670 1207 2685 ⁶¹
1222 2670 1274 2696 ὅτι.
1324 2671 1346 2685 ⁶¹
1363 2670 1539 2702 ἐκϐάλλοντες
1555 2679 1586 2703 ς.

216 2708 239 2724 ⁸⁵
252 2707 326 2742 αὐτῷ
342 2714 412 2734 corr.
430 2707 463 2734 A.
479 2705 570 2732 αὐτῶν
585 2713 626 2740 pr.
642 2702 733 2736 αὖτοῐς
746 2713 777 2735 ς.
816 2704 839 2719 ⁸⁵
854 2702 1068 2739 ἐπαλαμήσαντο
1080 2714 1136 2732 (ml.
1154 2705 1183 2733 Β.

978 2759 1092 2788 NOTAE.

255 2811 310 2847 (22)
331 2811 466 2847 latcgram
489 2810 559 2838 hanc
578 2810 611 2837 de
640 2812 794 2837 tcrrmmoln
823 2807 981 2835 concionem
1011 2808 1148 2842 evolgavit
1179 2808 1207 2835 Ρ.
1224 2807 1324 2836 Fronto
1339 2807 1453 2836 Ducaaus
1469 2807 1563 2835 societ.
1582 2807 1657 2840 Jcsu,
1688 2807 1851 2844 Burdigalae,

217 2855 290 2877 anno
310 2847 387 2875 “504.
