1959 3081
118 233 167 266 289

467 287 553 314 ZOII’.

123 332 318 368 Θεοφράστοῦ
329 332 397 368 Περὶ
410 331 470 360 τῶν
477 333 726 367 μεταϐαλλόντων
740 334 793 366 τὰς
807 334 911 369 χρόας.

151 410 323 445 ’Λνεγνώσθη
338 414 370 437 εκ
380 410 434 436 τῶν
452 410 625 445 Θεοφράστου
643 409 707 436 περὶ
729 409 783 435 τῶν
795 409 818 424 ⁸⁸
832 417 914 443 μετα-

120 458 272 484 ϐαλλόντων
290 457 339 488 τὰς
357 457 453 492 χρόας.

153 504 216 529 Ὅτι
226 503 276 534 τὰς
291 503 375 538 χρόας
394 501 624 537 μεταϐαλλόμενοι
636 502 683 528 καὶ
703 501 911 537 ἐξομοιούμενοι

121 551 212 584 φυτοῖς
227 549 274 576 καὶ
294 549 387 579 τόποις
400 549 447 574 καὶ
461 540 556 580 λῖθοις,
569 546 608 579 οἷς
619 547 653 574 ἂν
665 547 849 583 πλησιάσωσι,
867 556 914 574 πο-

119 595 220 627 λύπους
237 595 296 621 ἐστὶ
314 595 360 621 καὶ
375 594 531 629 χαμαιλέων
547 594 595 620 καὶ
616 593 646 619 τὸ
666 593 761 629 θηρίον
782 595 796 620 ὁ
816 593 913 629 τάραν-

121 642 173 673 δος,
185 641 200 666 ὃ
212 643 241 667 ὲν
254 640 371 672 Σκύθαις
392 640 473 674 φασὶν
491 639 506 674 ἢ
523 639 682 674 Σαρμάταις
697 639 832 673 γίνεσθαι.
855 637 912 665 Με-

121 688 249 714 ταϐάλλει
266 687 288 712 δ’
308 687 322 713 ὁ
350 686 507 721 χαμαιλέων
535 687 576 716 εἰς
601 686 689 712 πάντα
706 685 740 711 τὰ
766 685 911 721 χρώματα,

123 735 191 770 πλὴν
208 735 257 769 τὴν
283 735 322 764 εἰς
340 734 369 759 τὸ
384 732 480 759 λευκὸν
503 731 549 758 καὶ
572 732 603 758 τὺ
625 731 738 767 ἐρυθρὸν
759 732 789 758 οὐ
805 731 913 766 δέχεται

125 782 285 818 μεταϐολήνν
303 781 349 807 καὶ
364 782 394 807 οὺ
411 780 477 816 πρὸς
495 780 530 806 τὰ
545 780 735 815 παρακείμενα
747 779 827 814 μόνον
841 778 913 814 χρώ-

125 838 196 864 ματα
219 827 395 863 μεταϐάλλει,
412 826 479 852 ἀλλὰ
504 827 552 853 καὶ
567 826 647 857 αὐτὸς
663 825 725 852 καθ’
743 826 849 856 ἑαυτὸν,
865 825 913 851 ἐάν

122 885 163 907 τις
179 876 259 910 μόνον
278 874 380 909 ἅψηται
406 872 488 899 αὑτοῦ
499 893 507 906 ,
521 873 552 899 τὸ
567 872 666 908 χρῶμα
687 872 861 908 μεταϐάλλει.
883 872 912 898 'U

120 922 150 948 δὲ
169 921 300 956 ταράνδος
332 921 363 947 τὸ
386 920 435 954 μὲν
460 918 577 954 μέγεθός
599 919 656 944 ἐστι
680 918 751 944 κατὰ
781 918 860 953 βοῦν,
881 917 912 944 τὸ

612 232 875 264 BIBLIOTHECA.
897 245 930 250 —
946 232 1029 262 COD.
1049 231 1256 263 CCLXXVIII.

1692 229 1749 262 290

1261 285 1448 314 CCLXXVlll.

967 332 1138 367 Theophrasti
1163 331 1352 368 Fragmentum
1371 332 1402 358 de
1416 330 1586 364 animalibus,
1600 338 1659 366 qua?
1676 331 1748 358 cola-

1267 375 1322 394 rem
1335 372 1449 394 mutant.

999 414 1064 449 Legi
1088 422 1121 441 ex
1147 413 1329 448 Theophrasti
1349 413 1420 441 libro
1452 413 1486 441 de
1502 412 1668 440 animalibus
1690 419 1752 447 quae

963 461 1082 488 colorem
1105 465 1210 488 mutant
1226 460 1293 495 (ὶὸ).

1000 506 1104 539 Quibus
1111 514 1174 533 vero
1185 510 1309 533 mutatur
1317 506 1403 537 color.
1412 509 1437 533 et
1449 506 1560 541 plantis.
1568 505 1646 537 locis,
1657 504 1753 539 lapidi-

963 552 1026 584 bus,
1054 552 1155 587 quibus
1174 559 1202 578 se
1215 551 1364 586 applicant,
1376 551 1474 579 similis
1494 552 1625 583 redditur,
1637 551 1754 586 polypus

964 598 1259 630 sunt,etchatmnleon,
1269 603 1295 624 et
1311 597 1366 624 fera
1383 597 1519 630 tarander,
1533 605 1594 632 qua:
1605 598 1675 631 apud
1686 595 1753 632 Scy-

963 645 1026 672 thas
1038 645 1079 671 vel
1108 644 1248 671 Sarmatas
1262 644 1338 670 nasci
1351 643 1448 671 fertur.
1463 643 1581 671 Mutatur
1596 643 1753 678 igittirclua-

964 691 1075 719 maeleon
1088 691 1114 718 in
1130 699 1225 718 omnes
1237 691 1352 723 colores,
1364 696 1544 725 praeterquam
1565 690 1591 717 in
1607 691 1711 721 album,
1727 694 1754 716 et

963 738 1122 769 rubrum,et
1131 745 1184 765 non
1194 737 1283 765 solum
1291 737 1325 765 ad
1336 737 1474 771 subjectos
1491 737 1605 767 colores,
1614 737 1660 763 sed
1671 736 1754 763 etiam

963 783 1022 818 ipse
1034 783 1060 810 in
1075 791 1114 816 se,
1127 784 1149 811 si
1162 783 1318 818 quissolutn
1330 784 1419 817 ipsum
1431 783 1558 818 tetigerit,
1568 777 1664 817 5256
1679 782 1754 810 colo-

965 837 1021 856 rem
1037 829 1284 856 mulat.’l‘arander
1296 828 1405 863 quidem
1416 828 1602 863 magnitudine
1612 828 1688 855 bavis
1701 832 1755 860 cst,

964 875 1063 903 similis
1074 875 1158 909 ﬁgura
1167 881 1258 905 cervo,
1269 875 1320 901 nisi
1332 875 1404 908 quod
1419 874 1508 906 latior,
1517 879 1646 908 tanquam
1661 881 1676 901 e
1686 873 1755 900 duo-

963 928 1024 947 rum
1038 927 1181 947 Cervorum
1201 920 1295 952 ﬁguris
1308 920 1490 954 compositus;
1506 919 1586 946 biﬁda
1606 923 1647 946 est
1660 919 1685 946 ei
1703 927 1755 946 un-

123 969 270 1004 πρόσωπον
283 967 311 993 δὲ
323 967 414 1002 ὅμοιος
429 966 531 1000 ἐλάφῳ,
542 965 610 1000 πλὴν
625 965 803 1000 πλατύτερος,
816 965 916 991 ὡσανεὶ

975 967 1041 1001 gula,
1055 970 1081 993 et
1099 973 1195 993 cornu.
1214 965 1302 992 Habet
1318 973 1381 993 vero
1396 966 1447 993 hoc
1463 973 1554 992 ramos
1567 969 1597 992 ut
1611 972 1754 992 cervorum

124 1015 157 1041 ὲκ
171 1013 219 1041 δύο
232 1013 412 1047 συγκείμενος
427 1011 561 1046 ἐλαφεῖων
580 1011 747 1046 προσώπων.
765 1011 879 1046 Δίχηλον
895 1011 916 1026 ⁸⁷

123 1059 152 1086 δέ
163 1060 221 1086 ἐστι
237 1060 284 1085 καὶ
295 1058 475 1094 κερασφόρον.
492 1059 569 1093 Ἔχει
585 1057 612 1084 δὲ
628 1057 658 1083 τὺ
683 1057 767 1092 κέρας
790 1056 917 1091 ἀποφυά-

123 1106 172 1137 δας
190 1105 285 1140 ὥσπερ
299 1105 329 1131 τὸ
343 1105 455 1138 ἐλάφου,
471 1104 520 1131 καὶ
534 1104 668 1139 τριχωτόν
684 1103 707 1119 ⁸⁸
720 1105 779 1130 ἐστι
793 1103 828 1129 δι’
845 1103 917 1129 ὅλου·

126 1152 192 1187 περὶ
221 1151 275 1186 γὰρ
304 1150 334 1177 τὸ
354 1151 451 1177 ὀστοῦν
481 1150 616 1186 δέρματός
641 1151 698 1176 ἐστι
725 1150 868 1185 περίτασις
883 1150 916 1182 ⁸³,

125 1198 187 1224 ὅθεν
204 1198 221 1231 ἡ
234 1198 358 1231 ἔκφυσις.
377 1197 414 1223 Τὸ
439 1197 468 1223 δὲ
486 1197 574 1232 δέρμα
589 1196 628 1231 τῷ
651 1197 733 1230 πάχει
745 1196 918 1223 δακτυλιαῐόν

127 1243 214 1274 ἐστιν,
240 1243 351 1277 ἰσχυρὸν
370 1242 399 1268 δὲ
427 1242 541 1276 σφόδρα·
567 1242 607 1268 διὸ
635 1242 682 1268 καὶ
709 1243 771 1272 τοὺς
790 1242 920 1277 θώρακας

128 1288 306 1322 ὲξαυάζοντες
322 1289 389 1315 αὐτὸ
405 1288 544 1315 ποιοῦνται
567 1288 600 1314 ⁷⁰.
620 1288 737 1315 Σπάνιον
755 1288 783 1315 δὲ
803 1289 833 1315 τὸ
850 1289 920 1320 ζῶον

129 1336 176 1362 καὶ
183 1335 306 1369 ὀλιγάκις
317 1335 489 1369 φαινόμενον.
499 1334 653 1370 Θαυμαστὴ
666 1333 688 1361 δ’
698 1335 713 1369 ὴ
726 1334 861 1369 μεταϐολὴ
871 1335 919 1361 καὶ

129 1379 215 1414 ἐγγὺς
230 1379 370 1410 ἀπιστίας.
387 1380 448 1411 Τοῖς
466 1379 516 1414 μὲν
528 1379 582 1414 γὰρ
598 1379 687 1410 ἄλλοις
703 1380 731 1405 ἐν
745 1378 785 1414 τῷ
804 1379 920 1414 δέρματι

128 1427 235 1461 γίνεται
262 1426 279 1461 ἡ
303 1426 450 1461 μεταϐολὴ,
470 1426 667 1461 ἀλλοιουμένης
686 1426 735 1460 τῆς
748 1427 822 1457 ἐντὸς
840 1426 920 1460 ὑγρό-

127 1481 220 1506 τητος,
238 1473 293 1498 εἴτε
313 1472 486 1508 αἰματώδους
502 1472 518 1507 ἢ
534 1472 581 1498 καί
597 1481 669 1504 τινος
690 1472 773 1506 ἄλλης
794 1471 922 1506 τοιαύτης

128 1518 225 1554 οὓσῃς,
253 1518 324 1545 ὥστε
351 1519 472 1554 φανερὰν
501 1516 571 1544 εἶναι
599 1519 648 1552 τὴν
664 1517 877 1552 συμπάθειαψή
893 1518 921 1544 δὲ

129 1564 232 1600 τριχῶν
248 1563 396 1599 μεταϐολὴ,
414 1564 505 1599 ξηρῶν
525 1572 554 1590 τε
578 1563 666 1590 οὐσῶν
692 1563 713 1578 ⁷¹
736 1565 783 1590 καὶ
798 1564 923 1598 ἀπηρτη-

130 1611 222 1646 μένων
244 1611 291 1637 καὶ
318 1610 416 1646 ἀθρόον
443 1610 473 1636 οὑ
494 1609 654 1644 πεφυκυιῶν
669 1609 851 1641 ἀλλοιοῦσθαι,
868 1618 921 1636 πα-

131 1656 244 1692 ράδοξος
263 1655 371 1691 ἀληθῶς
386 1656 433 1682 καὶ
450 1655 593 1687 ἀπίθανος,
615 1655 733 1690 μάλιστα
754 1654 822 1689 πρὸς
838 1654 924 1681 πολλὰ

969 1020 1083 1045 cornua,
1097 1016 1123 1039 et
1137 1011 1250 1039 omnino
1267 1011 1383 1046 pilosum
1400 1015 1453 1038 est.
1467 1010 1537 1038 Ossa
1555 1011 1622 1046 tegit
1643 1015 1754 1038 extensa

970 1058 1052 1091 cutis,
1071 1057 1142 1084 unde
1157 1057 1203 1092 pili
1216 1057 1362 1084 exsistunt.
1372 1056 1454 1084 Pellis
1469 1057 1583 1091 digitum
1601 1055 1685 1084 densa
1701 1061 1754 1087 est.

969 1103 1117 1131 admodum
1129 1103 1208 1137 dura,
1223 1103 1284 1130 ideo
1295 1107 1322 1130 et
1344 1111 1404 1130 eam
1423 1107 1557 1138 aptantes,
1569 1110 1619 1137 pro
1644 1103 1756 1130 thorace

969 1150 1081 1178 militari
1098 1154 1224 1177 utuntur.
1239 1149 1312 1177 Raro
1337 1149 1389 1177 hoc
1418 1149 1521 1177 animal
1540 1149 1647 1176 videtur
1663 1158 1670 1176 :
1687 1150 1756 1176 mira

970 1196 1030 1231 ejus
1042 1201 1084 1224 est
1095 1196 1222 1228 mutatio,
1248 1201 1274 1223 et
1292 1203 1360 1231 pene
1376 1196 1555 1224 incredibilis.
1569 1196 1628 1224 Alia
1646 1196 1756 1232 quidem

969 1241 1096 1269 animalia
1111 1242 1137 1269 in
1152 1242 1222 1276 pelle
1237 1246 1390 1273 mutantur,
1404 1246 1507 1269 mutato
1520 1242 1628 1270 interno
1644 1243 1759 1270 humore

971 1288 1012 1315 vel
1025 1289 1187 1324 sanguineo,
1203 1288 1243 1315 vel
1261 1288 1326 1321 alio,
1341 1294 1369 1315 ut
1384 1288 1527 1316 manifesta
1543 1289 1580 1316 sit
1592 1289 1757 1324 sympathia,

971 1334 1024 1361 hoc
1039 1339 1091 1366 est,
1107 1339 1212 1361 natura:
1235 1342 1396 1362 consensus.
1413 1333 1536 1362 Pilorum
1553 1343 1618 1362 vero
1631 1336 1759 1367 mutatio,

971 1388 1033 1407 eum
1049 1381 1117 1406 aridi
1133 1381 1188 1407 sint
1208 1387 1240 1407 ac
1258 1381 1419 1414 pendentes,
1435 1385 1461 1407 et
1488 1380 1645 1416 frequenter
1661 1381 1759 1408 mutari

973 1432 1026 1452 nou
1045 1425 1161 1456 soleant,
1179 1425 1292 1451 omnino
1308 1425 1466 1452 admiranda
1478 1429 1506 1452 et
1525 1426 1692 1453 incredibilis
1707 1431 1759 1457 est.

973 1470 1091 1497 maxime
1102 1478 1163 1498 cum
1184 1471 1259 1497 varie
1273 1470 1318 1497 illa
1335 1471 1389 1498 liat.
1401 1470 1574 1499 Cltamaaleon
1586 1477 1675 1499 autem
1691 1472 1761 1499 vide-

973 1519 1017 1542 tur
1026 1515 1144 1542 anhelitu
1155 1515 1261 1542 colores
1275 1521 1396 1548 mutare;
1409 1521 1451 1543 est
1464 1517 1537 1543 enim
1555 1521 1652 1543 natura
1663 1516 1761 1544 ﬂatuo—

973 1570 1030 1590 sus.
1050 1563 1249 1596 Argumentum
1267 1570 1330 1589 vero
1348 1562 1535 1598 respirationis
1553 1564 1690 1598 pulmonis
1705 1571 1764 1590 ma-

975 1607 1090 1643 gnitudo
1105 1612 1145 1634 est
1165 1617 1172 1634 :
1190 1615 1258 1642 pene
1276 1608 1349 1635 enim
1365 1617 1412 1643 per
1439 1613 1525 1636 totum
1550 1617 1650 1644 corpus
1664 1608 1764 1637 dition-

978 1655 1063 1682 dilur.
1081 1653 1168 1681 Simul
1180 1662 1243 1681 vero
1264 1658 1292 1681 et
1303 1654 1424 1681 elevatur
1436 1654 1580 1682 manifeste
1592 1660 1620 1682 et
1644 1654 1762 1683 inflatur.

131 1703 339 1738 ποικιλλομένη.
364 1703 393 1728 '0
410 1703 437 1728 δὲ
450 1702 608 1737 χαμαιλέων
619 1702 641 1718 ⁷³
658 1702 731 1728 δοκεῖ
751 1701 789 1736 τῷ
817 1701 951 1737 πνεύματι
983 1702 1069 1727 ποιεῖν
1104 1701 1153 1732 τὰς
1176 1700 1327 1736 μεταϐολάς
1343 1708 1350 1715 ·
1373 1701 1558 1736 πνευματικὸν
1591 1702 1645 1736 γὰρ
1674 1701 1762 1736 φύσει·

130 1749 250 1784 Σημεῖον
275 1748 304 1774 δὲ
319 1747 348 1774 τὺ
363 1749 411 1775 τοῦ
430 1749 582 1783 πνεύμονος
613 1747 737 1783 μέγεθος·
754 1748 846 1782 σχεδὸν
860 1748 915 1783 γὰρ
929 1748 963 1775 δι’
985 1748 1047 1774 ὅλου
1062 1746 1109 1773 τοῦ
1135 1746 1262 1782 σώματος
1287 1747 1408 1773 τέταται.
1426 1747 1502 1782 "Atta.
1521 1748 1569 1774 καὶ
1590 1748 1765 1783 ἑξαιρόμενος

146 1795 229 1825 αὐτὸς
246 1795 293 1820 καὶ
315 1794 475 1830 φυσώμενος
489 1794 511 1809 ⁷³
526 1793 606 1828 δῆλός
623 1795 707 1821 ἐστιν.

132 1850 240 1888 [£566.]
261 1851 311 1877 Ἐκ
328 1850 383 1878 τοῦ
399 1851 467 1885 περὶ
477 1851 677 1884 παραλύσεως
689 1851 711 1867 ⁷⁸
723 1852 924 1886 Θεοφράστου.

170 1897 234 1923 ’Ὁτι
250 1897 302 1922 ὑπὸ
316 1896 505 1931 καταψύξεως,
525 1897 618 1931 φησιν,
634 1896 672 1928 ὡς
689 1897 771 1932 κοινῷ
786 1897 858 1932 λόγῳ
873 1897 926 1932 φά-

133 1952 192 1975 ναι,
208 1943 257 1977 τὴν
273 1942 427 1977 παράλυσιν
446 1942 571 1976 γίνεσθαι
589 1943 636 1969 καὶ
651 1943 753 1978 ταύτην
765 1944 789 1969 οἱ
808 1945 856 1978 μὲν
875 1943 926 1970 ὑπὸ

133 1989 294 2022 πνεύματος
316 1988 514 2024 (πνευματικὸν
526 1988 581 2023 γὰρ
596 1989 626 2014 τὸ
642 1988 750 2023 πάθος),
765 1989 789 2015 οἱ
804 1989 831 2015 δὲ
843 1989 928 2016 ἐκλεί-

132 2036 183 2071 ψει
204 2035 252 2062 καὶ
272 2036 398 2071 στερήσει
415 2035 461 2061 τοῦ
476 2038 642 2070 πνεύματος·
655 2037 734 2062 τοῦτο
745 2036 799 2071 γὰρ
814 2034 884 2062 εἶναι
898 2035 929 2062 τὸ

132 2081 186 2116 τὴν
210 2081 367 2116 θερμότητα
396 2082 442 2107 καὶ
470 2081 519 2114 τὴν
540 2082 647 2116 κίνησιν
675 2081 742 2113 ὅλως
772 2081 865 2108 ποιοῦν
892 2083 927 2109 ⁷⁵.

144 2126 306 2160 ’Δκινησὶας
337 2126 366 2153 δὲ
396 2126 540 2161 γινομένης
568 2126 718 2161 κατάψυξις
751 2127 856 2160 γίνεται
881 2126 927 2153 τοῦ

134 2172 264 2206 αἵματος,
287 2172 304 2207 ἢ
323 2172 417 2204 ἁπλῶς
435 2173 522 2198 εἰπεῖν
542 2173 592 2207 τῆς
608 2173 768 2208 ὑγρότητος.
786 2173 834 2200 Διὰ
849 2173 929 2200 τοῦτο

136 2218 194 2253 γὰρ
218 2218 265 2244 καὶ
283 2219 300 2253 ἡ
316 2218 403 2253 νάρκη
420 2219 525 2252 γὶνεται
548 2219 577 2245 ὲν
589 2219 612 2234 ⁷⁸
623 2220 679 2250 τοῖς
695 2219 774 2245 ποσὶν
794 2219 810 2254 ἢ
836 2220 884 2246 καὶ
900 2220 929 2245 ὲν

135 2266 193 2294 τοῖ;
205 2263 262 2290 ἄνω
277 2264 399 2299 μέρεσιν,
419 2265 482 2291 ὅταν
505 2264 709 2291 ἀποπιεσθῶσιν
723 2266 778 2292 ἀπὸ
796 2266 930 2300 καθέδρας

135 2312 154 2346 ἢ
166 2311 249 2338 ἄλλου
260 2312 332 2342 τινος
341 2311 363 2326 ⁷⁷
374 2310 437 2346 [858
451 2311 497 2347 ιι]
508 2311 620 2346 τρόπου.
631 2312 698 2338 Τότε
711 2312 765 2346 γὰρ
780 2312 931 2347 διαλαμϐά-

136 2365 180 2383 νει
193 2358 226 2392 τῇ
236 2357 326 2383 πιέσει
335 2356 365 2383 τὸ
375 2356 493 2392 πνεῦμα,
505 2357 552 2383 καὶ
565 2357 595 2383 οὐ
608 2358 759 2392 δυναμένην
771 2358 819 2392 τὴν
828 2358 931 2385 οἰκείαν

137 2401 248 2436 κίνησιν
273 2401 409 2427 κινεῖσθαι
429 2401 520 2435 ἵστησι
539 2401 585 2427 καὶ
608 2401 745 2436 ἀποψύχει
761 2401 791 2427 τὸ
811 2398 891 2436 αἷμα.

294 2446 345 2473 Ἐκ
362 2447 416 2473 τοῦ
440 2447 463 2463 ⁷⁸
477 2447 542 2480 περὶ
568 2447 782 2481 λειποψυχίας.

177 2494 241 2520 Ὅτι
254 2494 271 2529 ή
284 2493 448 2529 λειποψυχία
465 2494 595 2528 στέρησις
609 2493 625 2529 ἢ
643 2493 792 2527 χατάψυξις
803 2492 851 2519 τοῦ
867 2492 929 2528 θερ-
945 2510 967 2537 D

138 2538 194 2573 μοῦ
207 2540 271 2574 περὶ
282 2540 329 2566 τὸν
344 2539 560 2566 ἀναπνευστικὺν
573 2539 665 2566 τόπον.
678 2539 763 2564 Τοῦτο
771 2539 799 2564 δὲ
811 2538 929 2573 συμϐαί-

136 2594 179 2612 νει
192 2585 209 2620 ἢ
223 2585 277 2612 ὑπὸ
291 2585 338 2612 τοῦ
350 2585 455 2621 ψυχροῦ
466 2585 487 2602 ⁷⁸
502 2585 519 2621 ἦ
533 2585 581 2612 καὶ
592 2585 638 2611 ὑπ’
653 2585 735 2611 αὐτοῦ
749 2584 796 2611 τοῦ
814 2584 927 2619 θερμοῦ·

136 2631 169 2658 τὸ
194 2631 249 2666 γὰρ
265 2631 346 2658 πλέον
363 2631 418 2666 πῦρ
433 2632 541 2666 ἀναιρεῖ
559 2631 589 2658 τὸ
604 2631 724 2658 ἔλαττον.
748 2631 892 2666 Μαρτυρεί
901 2631 929 2657 δὲ

1097 1851 1139 1878 E1:
1155 1851 1272 1886 ejusdem
1282 1852 1314 1878 de
1331 1851 1489 1878 resolutione
1501 1859 1639 1878 neruorum

1013 1896 1084 1925 Dicit
1114 1897 1310 1924 resolutionem
1340 1904 1488 1924 nervorum
1517 1905 1532 1923 e
1561 1895 1718 1931 frigidiute,
1736 1901 1766 1925 ut

978 1951 1074 1970 omnes
1104 1944 1235 1976 sentiunt,
1253 1943 1321 1970 oriri
1355 1951 1362 1969 :
1379 1948 1406 1970 et
1435 1944 1480 1970 alii
1499 1944 1607 1978 quidem
1621 1952 1636 1970 a
1653 1944 1764 1978 spiritu,

980 1990 1034 2025 (est
1046 1991 1119 2017 enim
1135 1991 1247 2017 morbus
1256 1990 1469 2025 pulmonarius),
1487 1990 1532 2016 alii
1547 1990 1652 2017 defectu
1670 1996 1696 2018 et
1711 1991 1766 2025 pri—

980 2036 1089 2063 vatione
1109 2037 1230 2071 spiritus.
1253 2036 1333 2064 llutlc
1357 2037 1430 2063 enim
1453 2044 1525 2067 esse,
1544 2038 1590 2071 qui
1603 2037 1722 2064 calorem
1738 2041 1766 2064 et

980 2087 1083 2109 motum
1098 2083 1211 2109 omnino
1227 2082 1317 2110 faciat.
1333 2082 1400 2109 Cum
1422 2088 1512 2109 autent
1528 2088 1617 2109 motus
1634 2091 1685 2109 non
1713 2087 1765 2115 est.

980 2128 1113 2163 frigiditas
1123 2134 1165 2155 est
1191 2128 1343 2162 sanguinis,
1355 2129 1404 2160 vel,
1422 2132 1449 2155 ut
1465 2128 1558 2162 paucis
1575 2129 1766 2163 perstringam,

981 2173 1116 2201 humoris.
1152 2173 1214 2201 Ideo
1245 2174 1271 2200 in
1302 2174 1416 2208 pedibus
1445 2174 1532 2200 oritur
1547 2173 1670 2207 torpedo,
1683 2174 1722 2200 vel
1738 2174 1764 2201 in

979 2219 1104 2253 partibus
1135 2218 1334 2253 superioribus,
1351 2218 1462 2253 quando
1473 2226 1488 2245 a
1502 2218 1566 2245 sede
1582 2218 1688 2253 expulsi
1709 2218 1767 2246 fue-

981 2264 1045 2295 riut,
1069 2264 1109 2291 vel
1134 2264 1189 2291 alio
1214 2265 1316 2292 modo:
1333 2268 1397 2291 tunc
1412 2264 1483 2290 enim
1502 2264 1607 2291 diducit
1628 2271 1768 2298 compres-

981 2310 1059 2336 sione
1078 2310 1215 2343 spiritum,
1229 2315 1256 2336 et
1271 2316 1346 2337 motu
1367 2311 1476 2344 proprio
1497 2310 1630 2344 privatur,
1644 2311 1716 2338 sistit
1741 2315 1768 2338 et

968 2355 1125 2391 ‘rel‘rigerat
1139 2357 1311 2391 sanguinem.

1166 2446 1293 2481 Ejusdem
1308 2446 1340 2473 de
1353 2447 1436 2473 animi
1449 2447 1574 2481 deliquio.

1016 2492 1106 2519 Animi
1124 2492 1273 2527 deliquium
1292 2493 1407 2527 privatio
1422 2499 1461 2520 est
1478 2494 1589 2524 caloris,
1608 2494 1647 2520 vel
1665 2494 1770 2528 frigidi-

983 2538 1046 2566 tatis
1057 2540 1126 2566 circa
1138 2540 1307 2574 pulmonem,
1324 2539 1348 2565 id
1365 2539 1446 2566 etiam
1464 2539 1640 2574 contingitab
1657 2540 1714 2574 ipso
1723 2548 1769 2566 ca-

983 2585 1051 2612 lore.
1078 2585 1163 2620 Major
1182 2586 1254 2613 enim
1283 2586 1352 2621 ignis
1378 2586 1446 2613 tollit
1463 2587 1607 2619 minorem,
1632 2587 1657 2613 id
1689 2595 1770 2621 expe-

985 2631 1082 2657 rientia
1101 2635 1227 2658 testatur.
1256 2631 1322 2659 Nam
1339 2632 1373 2659 ab
1397 2638 1464 2660 aestu
1496 2633 1659 2667 prml‘oeantc
1674 2639 1701 2660 et
1715 2634 1768 2660 alio

780 2675 895 2704 VARle
910 2676 1115 2704 LECTIONES.

197 2725 221 2741 “
235 2725 299 2760 περὶ
310 2725 365 2752 τῶν
380 2725 443 2752 add.
460 2724 493 2752 Α.
531 2724 553 2740 ⁸⁷
571 2724 699 2760 διχηλοῦν
715 2726 746 2751 Α.

139 2761 237 2787 ἰῶνται
267 2770 295 2793 ς.

137 2796 160 2811 ⁷³
178 2796 354 2831 φυσσώμενος
380 2805 411 2828 ς.

138 2831 162 2846 τι
179 2832 215 2846 ιηι
233 2840 275 2846 ιι...
310 2831 328 2846 n
395 2831 411 2846 11

178 2832 215 2864 ὲνξ
232 2840 288 2858 Olli.
310 2831 339 2860 Β.

138 2866 225 2893 αὐτοῦ
239 2875 269 2899 ς.
308 2866 359 2902 ⁷⁹ἢ
373 2865 427 2893 ὑπὸ
438 2866 486 2892 τοῦ
497 2865 602 2901 ψυχροῦ
615 2865 676 2892 add.
692 2867 724 2892 A.

786 2725 808 2740 ⁶¹
823 2724 990 2760 τριχὼτατον
1009 2725 1041 2752 Α.

345 2762 367 2776 ’¹¹
386 2761 474 2787 οὐσῶν
497 2775 533 2780 -—
546 2761 703 2794 πεφυκυιῶν
726 2760 745 2786 Β
767 2769 774 2786 :
787 2760 872 2787 ὄντων
886 2775 921 2780 -
935 2761 1098 2794 πεφυκότων
1111 2770 1141 2793 ς.

474 2795 496 2810 ⁷⁵
526 2796 586 2840 περὶ
619 2795 986 2840 ξαραλύσεωςβεοῳράσςεου
1003 2797 1026 2822 Α
1043 2806 1048 2822 :
1064 2796 1163 2840 αὑτοῦ⁵
1182 2795 1246 2840 περὶ
1267 2795 1459 2840 παραλύσεως
1484 2807 1513 2830 ς.

395 2831 419 2868 ⁷⁷Δ
430 2830 567 2868 ἄλλω-τινὶ
588 2830 683 2868 τρόπῳ
695 2830 886 2868 Schneidcrus.
902 2831 948 2865 qui
964 2839 1027 2858 mox
1053 2831 1083 2858 τὸ
1098 2830 1246 2866 πνεῦμαζὸ
1263 2833 1294 2859 οὐ
1317 2830 1474 2868 δυνάμενον.

1080 2725 1102 2741 θ’
1120 2725 1263 2762 περίτασις
1278 2727 1320 2753 A:
1340 2727 1464 2758 ἐπίτασις
1484 2737 1514 2760 ς.
1567 2727 1589 2762 "f’
1620 2726 1768 2760 ποιοῦνται,

1189 2762 1212 2777 ’¹¹
1228 2762 1396 2798 χαμαιλέων]
1417 2763 1553 2793 πολύπους
1571 2761 1590 2798 Β
1602 2766 1628 2788 et
1642 2769 1713 2798 corr.
1735 2764 1767 2790 Α.

1380 2797 1459 2829 ὗσεως
1484 2807 1513 2830 ς.
1569 2797 1591 2812 ⁷⁸
1624 2797 1708 2823 ποιῶν
1736 2807 1767 2830 ς.

1526 2831 1548 2848 ⁷⁸
1562 2832 1593 2858 ἐκ
1607 2831 1654 2859 τοῦ
1664 2835 1705 2859 Α·
1721 2834 1768 2860 τοῦ

916 2912 1029 2940 ΝΟΤιΕ.

178 2959 235 2995 (‘25)
250 2959 323 2989 Inter
334 2968 416 2996 opera
427 2959 610 2994 Theophrasti
620 2966 707 2994 nuper
728 2959 828 2988 editum
847 2959 975 2988 Francof.
991 2960 1062 2996 apud
1087 2960 1240 2989 chhclos.
