1959 3081
139 192 194 225 ἓ93

623 193 886 224 BIBLIOTIIECA.
903 182 937 211 -έ-
954 194 1035 225 COD.
1052 195 1257 227 CCLXXVIII.

1708 197 1762 229 294

142 248 358 285 περιπατοῦντες
383 248 529 283 ίλιγγιῶσι,
548 249 596 276 καὶ
617 249 659 276 ὅτι
674 249 785 284 μᾶλλον1
802 248 849 275 ἐὰν
865 248 888 264 ³⁷
902 249 931 275 ἐν

983 250 1134 291 patiuntur,
1145 255 1173 278 et
1188 251 1275 285 magis
1290 251 1312 278 si
1328 251 1355 278 in
1372 258 1455 286 parvo
1471 252 1556 291 circo.
1578 252 1611 279 Et
1623 253 1712 280 adhuc
1738 254 1762 281 si

141 296 263 322 ἐλάττονι
285 295 389 329 κύκλῳ,
409 296 455 321 καὶ
471 295 510 321 ἔτι
527 295 574 322 ὲὰν
589 295 685 321 θᾶττον
708 295 800 325 θέωσι,
815 295 862 321 καὶ
876 295 927 325 ὅτι.

142 342 163 366 εἰ
196 341 265 375 μετὰ
287 341 403 373 πολλῶν,
430 341 530 376 μᾶλλον
558 341 574 376 ἢ
594 341 680 376 μόνοι,
705 343 752 368 καὶ
776 342 820 368 διὰ
835 342 861 367 τί
885 342 928 368 ἐπ’

141 387 274 422 ἀριστερὰ
295 387 318 403 ⁸⁸
335 387 442 418 θέοντες
457 388 555 422 μᾶλλον
569 387 585 422 ἢ
613 387 659 413 ἐπὶ
675 388 750 420 δεξιά
769 389 802 414 ⁹⁹.
818 389 929 415 Πάντων

142 433 195 466 γὰρ
210 433 313 458 τούτων
330 433 375 458 καὶ
391 432 445 459 τῶν
468 433 568 468 ὁμοίων
582 432 744 468 προείρηται
763 434 779 468 ἡ
795 433 879 460 αἰτία.
898 433 929 459 Εἰ

142 478 195 512 γὰρ
217 479 231 504 ὁ
249 479 353 511 ἴλιγγος
375 478 490 512 γίνεται,
510 479 556 506 ἐάν
573 488 613 510 τις
632 480 660 505 ἐν
683 479 721 513 τῷ
735 479 810 515 αὖτῷ
825 479 930 515 στρέφῃ

141 525 190 556 τὴν
210 523 342 559 κεφαλὴν,
359 524 436 558 δῆλον
455 525 492 556 ὠς
511 525 538 550 εἴ
562 534 603 556 τις
629 526 712 558 ἐγγὺς
744 525 838 551 τούτου
854 525 931 560 στρέ-

141 578 228 604 φοιτο,
254 571 368 604 τάχιστα
395 571 442 596 καὶ
472 570 590 605 μάλιστα
613 570 667 596 τῶν
691 570 779 596 ἄλλων
794 569 926 605 ἰλιγγιῴη.

150 615 310 649 Ἐγγυτάτω
334 615 363 641 δὲ
385 617 399 642 ὁ
418 617 448 642 ἐν
476 616 596 642 ἐλάττονι
621 615 713 650 κύκλῳ
732 615 855 650 στρέφων
880 615 930 650 τὴν

141 661 273 696 κεφαλὴν.
288 661 335 687 καὶ
352 662 412 687 ὅσον
429 661 462 688 ἂν
477 662 583 694 θᾶττον,
600 661 709 696 μᾶλλον.
726 661 825 696 Διόπερ
843 661 890 687 καὶ
905 661 930 686 οἱ

141 706 249 737 θέοντες
262 706 316 732 τῶν
339 706 564 741 περιπατούντων
585 706 685 741 μᾶλλον
710 705 856 739 ἱλιγγιῶσι,
884 705 930 731 καὶ

142 753 167 778 oi
183 753 287 786 ταχέως
309 752 365 777 τῶν
386 751 521 787 βραδέως”
544 752 634 778 θέουσι
661 751 716 786 γὰρ
740 750 930 785 ἐγκεκλικότες

141 798 210 833 πρὸς
239 797 269 823 τὺ
291 797 403 832 κέντρον
435 796 547 832 [μᾶλλον
568 797 576 812 ί
596 795 769 832 ἰλιγγιῶσιν].
793 798 824 822 Οἱ
843 796 864 822 δ’
886 795 930 822 ἐπ’

141 843 276 878 ἀριστερᾶ
290 843 397 874 θέοντες
415 843 470 869 τῶν
484 843 531 868 ἐπὶ
543 842 619 874 δεξιὰ
638 843 648 858 ²
664 842 776 877 μᾶλλον,
792 842 858 869 διότι
870 842 931 875 ὀξυ-

140 890 224 924 τέραν
248 889 349 921 γωνίαν
384 887 489 914 ποιοῦσι
512 888 579 923 πρὸς
603 887 648 914 τὸν
678 887 786 915 κύκλον·
804 888 931 924 ἐμϐριθέ-

979 290 1104 322 celeriter
1117 301 1241 328 currant.
1254 301 1282 324 et
1292 297 1377 330 quod,
1387 298 1409 324 si
1426 306 1487 324 cum
1500 290 1572 329 aliis,
1582 299 1669 334 magis
1680 307 1762 333 quant

980 341 1040 367 soli.
1059 341 1093 367 Et
1109 349 1195 375 quare
1211 342 1238 368 in
1255 341 1394 369 sinistram
1407 346 1560 375 currentes,
1580 344 1670 377 potius
1681 351 1763 377 quam

980 385 1007 411 iu
1023 385 1160 412 dextram.
1174 385 1301 413 Omnium
1315 387 1385 413 enim
1395 387 1491 414 horum
1503 393 1528 414 et
1541 388 1671 415 similium
1681 396 1766 416 causa

980 431 1051 458 dicta
1067 437 1118 459 est.
1133 432 1161 458 Si
1174 433 1246 459 enim
1264 433 1369 468 vertigo
1387 433 1424 464 fit,
1452 434 1475 460 si
1489 435 1552 469 quis
1563 435 1659 461 eodem
1675 440 1765 462 verte-

980 477 1015 502 rit
1040 482 1131 511 caput,
1151 478 1324 505 manifestum
1343 484 1384 506 est
1397 479 1469 513 quod
1483 479 1506 506 si
1521 481 1584 514 quis
1596 480 1673 515 juxta
1693 481 1766 508 hunc

980 522 1106 550 similiter
1119 528 1250 556 vertatur,
1263 525 1408 551 celerrime
1428 529 1454 551 et
1479 526 1598 552 maxime
1617 531 1680 552 ante
1694 527 1764 554 alios

980 569 1139 603 vertiginem
1154 570 1285 604 patiatur.
1311 570 1438 598 Proxime
1463 579 1526 598 vero
1548 572 1593 606 qui
1611 572 1638 599 in
1659 573 1766 600 minore

980 616 1083 642 circulo
1092 620 1173 650 caput
1191 616 1280 648 \ertit,
1296 621 1322 643 et
1335 625 1388 651 quo
1405 617 1531 650 celerius,
1549 625 1582 645 eo
1592 618 1690 653 magis.
1705 618 1767 646 Ideo

980 664 1006 686 ct
1027 665 1168 700 currentes
1193 662 1280 695 magis
1297 669 1378 695 qualn
1407 662 1578 690 ambulantes
1604 664 1766 698 vertiginem

980 707 1132 740 patiuntur,
1146 711 1173 734 et
1190 707 1236 742 qui
1251 708 1366 734 celerius
1382 708 1467 742 magis
1496 716 1578 743 quam
1603 710 1649 744 qui
1665 710 1768 736 tardius

982 751 1108 782 (currunt
1121 753 1192 779 enim
1208 752 1370 780 inclinantes
1384 754 1416 780 ad
1427 758 1575 788 centrum).
1589 754 1641 787 Qui
1660 762 1723 781 vero
1738 755 1766 781 in

981 796 1119 823 sinistram
1136 802 1259 830 currunt,
1278 798 1369 832 potius
1395 806 1478 832 qualn
1493 799 1511 825 ii
1527 799 1572 832 qui
1590 799 1616 825 in
1633 800 1766 832 dextram,

981 843 1053 877 quod
1086 843 1236 870 acutiorem
1269 844 1399 878 angulum
1427 843 1530 871 faciant
1557 845 1589 871 ad
1622 845 1766 872 circulum.

981 887 1113 915 Graviora
1127 889 1200 915 enini
1224 896 1285 915 cum
1311 889 1365 916 sint
1378 889 1483 922 dextra,
1500 891 1586 924 magis
1605 890 1636 917 ad
1653 891 1768 918 interio-

142 943 228 969 στερσ.
242 935 295 969 γὰρ
310 933 374 960 ὂντα
393 934 428 961 τὰ
439 934 515 967 δεξιὰ
531 934 726 970 προσϐιάζεται
744 934 844 970 μᾶλλον
856 935 931 966 ἐντὸς

983 941 1038 961 rem
1052 938 1156 967 partem
1171 934 1195 961 vi
1211 935 1335 966 tendunt,
1349 939 1458 969 propter
1475 935 1688 962 imbecillitatem
1705 943 1768 970 par-

140 980 185 1006 διὰ
200 980 248 1014 τὴν
261 979 404 1006 ἀσθένειαν
419 979 473 1006 τῶν
489 981 652 1015 ἀριστερῶν.
668 981 723 1006 Καὶ
738 981 762 1006 εἰ
780 980 850 1015 μετὰ
866 981 931 1007 πολ-

140 1024 196 1052 λῶν
214 1025 317 1057 θέουσι,
346 1024 446 1060 μᾶλλον
466 1025 482 1060 ἢ
516 1025 602 1060 μόνοι⁷
619 1025 688 1052 διότι
703 1025 771 1061 πρὸς
788 1027 822 1060 τῇ
839 1025 931 1060 κύκλῳ

140 1072 280 1107 περιφορᾷ
302 1071 350 1097 καὶ
400 1071 461 1105 ὄψις
479 1071 688 1106 προσϐάλλουσα
703 1072 760 1103 τοῖς
782 1071 883 1103 θέουσι,
894 1071 932 1105 μὴ

139 1117 258 1151 συνεχὴς
283 1116 362 1148 οὖσα,
382 1117 454 1142 ποιεῖ
474 1116 536 1142 τινὰ
556 1116 663 1150 κίνησιν
686 1116 714 1142 ὲν
728 1115 767 1150 τῷ
786 1116 932 1150 ἐγκεφάλῳ

140 1163 189 1189 καὶ
210 1163 343 1197 ταραχήν·
359 1162 400 1188 διδ
416 1163 427 1178 ³
445 1162 580 1196 ἰλιγγιῶσι
602 1162 713 1197 μᾶλλον,
728 1161 772 1188 διὰ
790 1161 822 1188 τδ
834 1161 932 1196 διπλῆν

140 1209 187 1235 τὸν
209 1208 361 1242 ἐγκέφαλον
375 1208 538 1242 ὑφίστασθαι
563 1207 680 1243 κίνησιν,
695 1208 746 1244 τήν
766 1216 797 1234 τε
811 1207 866 1235 ἀπὸ
883 1207 931 1243 τῆς

142 1254 356 1290 περιδινήσεως,
373 1254 421 1280 καὶ
434 1254 468 1289 ἥν
487 1253 576 1289 ἠῦψις
595 1254 718 1280 παθοῦσα
734 1254 772 1289 τῷ
787 1253 932 1288 ἐγκεφάλῳ

142 1299 336 1334 παρέπεμψεν.
358 1300 420 1325 Ὅτι
442 1299 471 1325 δὲ
498 1299 544 1325 διὰ
570 1299 620 1335 τὴν
645 1300 694 1334 τῆς
722 1300 809 1335 ὅψεως
825 1300 932 1334 κίνησιν

137 1346 282 1380 »ἰλιγγιὼσι
310 1345 452 1377 πολλάκις,
466 1345 582 1380 φανερὸν
599 1346 631 1372 ὲκ
644 1346 759 1372 πολλῶν.
774 1346 807 1372 Οἵ
827 1354 857 1372 τε
878 1346 933 1380 γὰρ

142 1392 272 1422 πλέοντες
291 1391 387 1418 θᾶττον
406 1391 453 1418 καὶ
477 1391 576 1425 μᾶλλον
606 1391 617 1406 ⁵
635 1391 797 1425 ἰλιγγιῶσιν,
823 1391 932 1417 ἐπειδὰν

141 1439 200 1469 τοῖς
212 1437 334 1472 κύμασιν
353 1436 535 1471 ὲμῦλὲψωσιν,
555 1436 601 1462 καὶ
621 1437 645 1462 oi
661 1437 710 1467 τὰς
730 1436 832 1471 αἰώρας
846 1437 893 1462 καὶ
908 1438 932 1463 oi

140 1484 207 1514 τοὺς
229 1483 240 1498 ⁵
263 1483 377 1518 τροχοὺς
401 1482 567 1518 θεωροῦντες
582 1482 651 1517 ταχὺ
665 1482 834 1509 σκοτοῡνται.
859 1482 933 1516 ’ἰλιγ-

140 1529 225 1564 γιῶσι
240 1529 268 1555 δὲ
283 1529 330 1555 καὶ
345 1529 369 1554 οῑ
389 1528 457 1563 πρὸς
470 1528 504 1553 τὰ
518 1527 608 1562 ὑψηλὰ
628 1528 674 1554 καὶ
687 1527 794 1562 μεγάλα
807 1527 853 1554 καὶ
865 1527 934 1555 ἀπό-

141 1583 215 1610 τομα
234 1574 446 1604 ἀποϐλέποντες,
466 1572 510 1600 διὰ
534 1573 564 1599 τὸ
582 1572 741 1607 συμῧαίνειν
758 1573 866 1608 μακρὰν
880 1581 934 1599 τει-

141 1621 260 1655 νομένην
285 1619 406 1646 σείεσθαι
431 1619 477 1645 καὶ
496 1617 689 1653 κραδαίνεσθαι
707 1618 756 1653 τὴν
777 1617 848 1652 ὄψιν
863 1626 933 1644 σειο-

146 1666 218 1702 μένη
245 1666 274 1692 δὲ
296 1666 344 1692 καὶ
368 1664 569 1700 κραδαινομένη
602 1664 730 1700 ταράττει
752 1665 801 1691 καὶ
817 1665 887 1691 κινεῖ
899 1664 932 1690 τὰ

140 1712 230 1744 ἐντός.
247 1712 311 1743 Τοῖς
327 1712 348 1737 δ’
364 1712 419 1738 ἄνω
447 1710 593 1745 βλέπουσιν
619 1710 649 1736 οὐ
676 1710 819 1745 ωμὸαίνει
831 1710 860 1736 τὸ
878 1709 933 1736 πά-

140 1759 202 1791 θος,
226 1756 272 1784 διὰ
291 1757 321 1783 τὸ
343 1757 380 1792 μὴ
398 1756 554 1783 ἀποτείνειν
573 1756 682 1791 μακρὰν
705 1755 762 1782 ἀλλ’
779 1756 932 1791 ἀποτέμνε-

144 1806 208 1831 σθαι
224 1804 235 1819 ⁸
248 1804 288 1840 τῷ
310 1803 390 1838 φωτί.
414 1803 537 1830 Γίνονται
558 1802 658 1837 ῐλιγγοι
675 1802 722 1829 καὶ
736 1802 801 1828 ὅταν
815 1802 934 1837 βλέπωσι

142 1850 267 1884 συνεχῶς
280 1850 328 1876 καὶ
346 1848 546 1880 ὲνατενίζωσιν.
563 1849 596 1875 Ὃ
610 1848 657 1874 καὶ
670 1847 851 1883 διαπορεῖται,
861 1847 888 1873 τί
901 1847 932 1883 δή

141 1905 210 1924 ποτε
223 1897 233 1911 ⁷
250 1896 341 1930 κύκλῳ
355 1895 516 1930 κινουμένης
535 1894 584 1929 τῆς
599 1894 687 1928 ὅψεως
712 1894 759 1920 καὶ
777 1893 935 1929 ἠρεμούσης

142 1942 175 1968 τὸ
184 1940 252 1968 αὐτὸ
267 1940 353 1972 πάθος
368 1939 524 1974 συμὸαίνει.
535 1939 572 1966 Τδ
581 1939 603 1965 δ’
613 1939 698 1966 αἴτιον
711 1939 760 1973 τῆς
775 1938 824 1973 μὲν
840 1938 933 1974 κύκλῳ

143 1987 233 2022 φορᾶς
250 1984 376 2022 [8601M
394 1986 519 2020 εἴρηται·
538 1985 584 2011 διὰ.
602 1984 627 2011 τί
647 1984 675 2010 δὲ
699 1985 729 2010 ὲν
743 1985 776 2019 τῇ
794 1984 934 2011 ἐπιστάσει

143 2033 194 2060 καὶ
207 2033 248 2068 τῷ
262 2031 403 2067 ἀτενισμῷ
415 2032 445 2058 τὸ
459 2031 525 2058 αὐτὸ
532 2029 677 2066 συμϐαίνει
691 2030 774 2061 πάθος
784 2030 806 2063 ⁵;
823 2030 888 2056 διότι
901 2030 935 2057 τὰ

143 2080 175 2105 ιν
199 2080 234 2114 τῇ
259 2078 366 2113 κινήσει
392 2077 533 2112 σωζόμενα
547 2077 563 2111 ἡ
576 2076 669 2107 στάσις
685 2075 811 2110 διίστησι.
830 2075 935 2111 Στάσης

143 2122 194 2151 οὖν
204 2124 255 2158 τῆς
266 2123 365 2158 ὂψεως,
382 2122 477 2149 καὶτὰ
490 2122 558 2148 ἄλλα
576 2121 676 2156 συνεχῆ
694 2120 730 2147 τὰ
749 2121 778 2147 ὲν
802 2119 840 2156 τῷ
854 2122 933 2155 ὲγκε-

143 2169 223 2204 φάλῳ
239 2168 357 2195 ἰσταται.
381 2166 526 2202 ’ἱστάμενα
546 2166 585 2199 δὲ,
604 2162 809 2192 συνδιίσταται*
823 2166 870 2192 καὶ
885 2174 936 2200 χω-

145 2214 253 2250 ρίζεται
274 2214 310 2240 τὰ
325 2213 421 2248 βαρέα,
445 2212 494 2238 καὶ
515 2211 712 2246 καταϐαρύνει,
734 2211 781 2237 καὶ
803 2212 874 2238 ποιεῖ
888 2211 934 2237 τὸν

981 980 1048 1006 tintn
1063 980 1248 1012 sinistrarum,
1269 985 1297 1007 et
1314 980 1337 1007 si
1354 988 1417 1007 cum
1435 981 1530 1008 multis
1543 986 1667 1014 currunt,
1682 981 1767 1015 magis

981 1034 1062 1061 quam
1081 1027 1126 1061 qui
1151 1027 1202 1053 soli
1222 1035 1228 1053 :
1249 1032 1393 1061 propterea
1419 1027 1492 1061 quod
1515 1027 1548 1054 ad
1571 1026 1768 1054 circumferen-

981 1073 1046 1098 tiam
1077 1072 1175 1099 circuli
1201 1077 1329 1106 aspectus
1353 1073 1485 1100 accedens
1512 1073 1687 1101 currentibus
1713 1081 1768 1100 non

981 1117 1139 1148 cutitinuus,
1156 1115 1221 1144 facit
1237 1117 1355 1152 aliquem
1372 1122 1476 1144 motum
1493 1122 1520 1144 et
1533 1118 1716 1145 turbationem
1739 1125 1768 1145 tu

981 1162 1104 1188 cerebro.
1124 1161 1184 1190 Ideo
1199 1163 1361 1198 vertiginem
1377 1164 1464 1198 magis
1480 1163 1630 1198 patiuntur,
1649 1171 1682 1190 eo
1695 1164 1769 1198 quod

982 1207 1129 1242 dupliciter
1152 1213 1293 1236 moveatur
1317 1209 1474 1242 cerebrum,
1497 1210 1596 1243 partim
1621 1209 1770 1245 agitatione

982 1252 1008 1279 in
1022 1260 1130 1288 gyrum,
1146 1253 1243 1288 partim
1256 1260 1368 1288 aspectu
1384 1254 1411 1281 in
1424 1255 1565 1282 cerebrum
1576 1255 1675 1283 delato.
1692 1254 1769 1288 Quod

982 1302 1073 1325 autem
1110 1303 1222 1334 propter
1261 1300 1406 1327 oculorum
1448 1305 1552 1327 motum
1594 1308 1665 1335 saepe
1707 1308 1770 1327 ver-

983 1344 1095 1378 tiginem
1123 1345 1201 1371 multi
1234 1345 1382 1379 patiantur,
1409 1353 1442 1372 ex
1465 1346 1557 1373 multis
1583 1350 1667 1381 patet.
1685 1345 1771 1373 Navi-

983 1394 1076 1425 gantes
1088 1390 1159 1416 enim
1171 1390 1288 1418 celerius
1304 1396 1330 1417 et
1343 1391 1430 1425 magis
1442 1391 1603 1426 vertiginem
1616 1392 1769 1426 patiuntur,

983 1443 1046 1462 cum
1059 1434 1159 1462 ﬂuctus
1173 1435 1323 1469 intuentur,
1344 1441 1371 1463 et
1384 1437 1548 1471 agitationes
1562 1443 1588 1464 et
1603 1438 1714 1465 trocltos
1729 1438 1770 1465 vi-

983 1480 1088 1512 dentes,
1105 1481 1196 1507 statim
1214 1481 1339 1508 tenebras
1351 1483 1503 1515 patiuntur.
1517 1481 1684 1517 Vertiginem
1699 1490 1770 1518 quo-

984 1534 1036 1560 que
1050 1526 1190 1560 patiuntur
1214 1526 1242 1559 ii,
1268 1527 1315 1561 qui
1340 1527 1476 1562 profunda
1497 1528 1642 1555 admodum
1655 1533 1683 1556 et
1697 1536 1770 1564 pra:-

985 1576 1063 1606 rnpta
1092 1573 1239 1607 aspiciunt,
1264 1574 1340 1608 quod
1369 1575 1510 1609 contingat
1537 1575 1634 1602 oculos
1661 1575 1770 1610 longius

985 1622 1112 1645 extensos
1128 1619 1230 1645 moveri
1246 1623 1276 1645 et
1289 1619 1384 1653 agitari
1399 1628 1406 1645 :
1423 1620 1494 1646 oeuli
1508 1627 1571 1646 vero
1585 1620 1652 1647 moti
1666 1625 1693 1647 et
1709 1619 1768 1655 agi-

985 1664 1033 1690 tati
1051 1664 1197 1691 turbantet
1214 1669 1325 1691 movent
1345 1664 1486 1696 interiora;
1502 1665 1549 1699 qui
1561 1672 1625 1691 vero
1652 1672 1770 1699 superna

985 1710 1132 1744 aspiciunt,
1149 1710 1201 1738 hoc
1215 1719 1268 1737 non
1287 1710 1430 1745 contingit,
1448 1710 1512 1745 quia
1531 1718 1585 1737 non
1603 1710 1681 1746 longe
1695 1712 1770 1746 aspi—

984 1756 1070 1786 ciunt.
1087 1756 1133 1783 sed
1162 1756 1264 1783 lumine
1289 1757 1484 1791 impediuntur.
1502 1756 1585 1783 Fiunt
1611 1757 1770 1792 vertigines,

984 1802 1093 1837 quando
1107 1802 1237 1829 continuo
1250 1810 1305 1829 rem
1318 1810 1399 1829 unam
1414 1802 1512 1837 527a
1541 1802 1687 1837 aspiciunt.
1703 1802 1771 1830 lllud

987 1850 1077 1874 autem
1100 1847 1214 1874 dubium
1245 1852 1297 1879 est,
1312 1855 1362 1874 cur
1382 1848 1521 1874 interdum
1540 1848 1620 1874 oculo
1636 1848 1663 1874 in
1677 1849 1771 1875 orbem

985 1893 1099 1928 agitato,
1117 1897 1144 1920 et
1157 1893 1315 1927 quiescente
1329 1893 1399 1920 idem
1415 1901 1466 1920 usu
1486 1893 1691 1921 veniat?Causa
1705 1901 1772 1921 vero

985 1941 1076 1963 motus
1108 1936 1182 1964 illius
1201 1936 1231 1962 in
1247 1937 1361 1968 circulo,
1379 1938 1451 1964 dicta
1467 1942 1519 1965 est.
1534 1937 1590 1964 Cur
1605 1945 1670 1964 vero
1687 1938 1714 1965 in
1728 1942 1772 1965 at—

985 1982 1108 2010 tentione
1136 1987 1163 2009 et
1179 1983 1205 2009 in
1219 1983 1352 2010 continuo
1366 1988 1479 2017 aspectu
1505 1984 1555 2010 iste
1572 1984 1649 2010 dolor
1664 1984 1774 2011 contin-

985 2028 1051 2064 gat?
1067 2027 1141 2062 quod
1157 2035 1218 2062 qua:
1230 2029 1256 2054 in
1270 2032 1342 2056 motu
1355 2028 1429 2055 salva
1446 2033 1534 2059 erant,
1550 2028 1630 2055 statio
1647 2036 1678 2056 ac
1693 2032 1772 2064 quies

985 2074 1079 2109 agitat.
1099 2074 1241 2101 Stantibus
1263 2074 1347 2108 igitur
1357 2074 1455 2106 oculis,
1475 2078 1502 2101 et
1530 2074 1583 2101 alia
1600 2075 1773 2102 continenter

986 2119 1013 2146 in
1025 2119 1138 2146 cerebro
1154 2124 1237 2146 stant.
1252 2118 1358 2146 Stantia
1376 2127 1440 2146 vero
1463 2119 1631 2151 dividuntur,
1652 2125 1680 2146 et
1693 2127 1772 2154 sepa-

986 2170 1080 2192 rantur
1098 2166 1200 2200 gravia,
1219 2169 1248 2192 et.
1262 2169 1412 2199 gravantur
1425 2169 1451 2191 et
1466 2163 1572 2192 faciunt
1597 2165 1771 2200 vertiginem.

986 2210 1018 2237 Et
1033 2219 1131 2238 cursus
1149 2211 1175 2237 iu
1190 2218 1284 2246 gyrum
1303 2215 1412 2245 separat
1424 2210 1516 2245 gravia
1535 2218 1550 2237 a
1564 2210 1679 2238 levibus.
1696 2210 1772 2240 Facit

144 2261 263 2295 ἴλιγγον.
291 2260 346 2286 Καὶ
362 2260 379 2296 ή
394 2258 486 2293 κύκλῳ
506 2258 577 2293 φορὰ
601 2257 629 2284 δὲ
655 2257 772 2293 διίστησι
787 2257 822 2283 τὰ
847 2256 932 2292 βαρέα

987 2265 1051 2285 vero
1064 2258 1206 2285 oculorum
1221 2258 1351 2285 demissio
1366 2258 1447 2284 etiam
1459 2257 1615 2293 vertigines.
1632 2257 1700 2285 Nam
1722 2259 1771 2286 de-

144 2308 194 2334 καὶ
212 2307 248 2333 τὰ
261 2306 361 2339 κοῦφα.
376 2306 452 2332 Ποιεῖ
466 2304 496 2331 δὲ
513 2305 559 2331 καὶ
573 2304 603 2330 τὸ
618 2303 730 2330 κύπτειν
741 2303 871 2337 ἰλίγγους
888 2304 935 2330 καὶ

143 2354 201 2390 γὰρ
213 2354 243 2380 ἐν
253 2353 292 2386 τῷ
311 2352 425 2379 κύπτειν
439 2350 586 2386 χωρίζεται
606 2350 641 2376 τὰ
657 2350 743 2385 βαρέα
759 2350 807 2376 καὶ
821 2349 856 2376 τὰ
871 2350 935 2376 ἐλα-

145 2400 215 2434 φρὰ,
231 2398 266 2425 τὰ
282 2399 331 2433 μὲν
348 2398 415 2429 ἄνω,
442 2397 476 2424 τὰ
498 2397 526 2423 δὲ
544 2396 629 2423 κάτον
654 2396 694 2422 δεῖ
716 2396 745 2422 δὲ
770 2396 828 2430 ἅμα
851 2393 932 2428 εἶναι,

145 2444 230 2481 [1572
246 2443 292 2480 8.]
307 2443 433 2478 καθάπερ
451 2442 559 2477 ἐλέχθη.
584 2442 660 2468 Ποιεί
685 2441 714 2467 δὲ
735 2441 766 2467 τὺ
782 2441 867 2472 πάθος
887 2441 933 2467 καὶ

145 2489 290 2524 πλησμονὴ
308 2489 356 2515 καὶ
377 2488 476 2519 ἔνδεια,
494 2489 510 2523 ἡ
531 2487 579 2522 μὲν
595 2487 683 2514 ἔνδεια
701 2486 836 2521 σύντηξιν,
863 2487 879 2522 ὴ
904 2487 933 2513 δὲ

144 2535 292 2570 πλησμονὴ
308 2535 472 2570 περίττωσιν
492 2533 617 2563 ποιοῦσα,
635 2533 706 2559 ὥστε
723 2533 837 2568 πλήρεις
859 2533 933 2566 γίνε-

144 2583 210 2611 σθαι
225 2583 246 2598 ¹⁰
264 2583 326 2614 τοὺς
339 2583 451 2618 πόρους.
474 2580 599 2607 Ἀνιοῦσα
612 2579 665 2616 γὰρ
682 2579 748 2615 παρ’
765 2579 834 2605 αὐτὰ
851 2579 871 2594 ¹¹
888 2579 935 2605 καὶ

144 2629 319 2660 καταϐαίνει,
347 2628 395 2655 καὶ
406 2627 522 2661 διίστησι
537 2626 586 2657 τὰς
600 2626 750 2660 περιόδους·
768 2625 837 2659 ὅπερ
856 2625 931 2650 ἐστὶν

144 2676 261 2710 ἴλιγγος.
279 2675 342 2701 Ὅτι
357 2673 445 2701 κο.ὶαὶ
471 2672 551 2708 μέθαι
573 2671 620 2698 καὶ
646 2672 674 2698 αἱ
697 2672 867 2707 φαρμακεῖαι
893 2671 940 2696 καὶ

144 2723 180 2750 τὰ
195 2721 379 2757 παραπλήσια
404 2717 526 2746 ποιοῦσιν
549 2717 677 2752 ίλίγγουςο
703 2719 720 2752 ὴ
747 2717 801 2752 γὰρ
823 2715 940 2751 ὑγρότης

986 2303 1117 2331 missione
1147 2303 1290 2330 Oculorum
1316 2308 1481 2336 separantur
1505 2304 1597 2337 gravia
1619 2311 1634 2330 a
1656 2304 1771 2331 levibus.

985 2348 1049 2375 Hzec
1073 2347 1183 2383 quidem
1200 2355 1319 2379 sursum,
1343 2348 1390 2374 illa
1406 2355 1471 2374 vero
1491 2348 1617 2374 deorsum
1635 2347 1770 2376 feruntur.

985 2393 1100 2429 Oportet
1115 2400 1180 2420 vero
1196 2392 1278 2420 simul
1295 2400 1367 2426 esse,
1378 2397 1408 2420 ut
1424 2393 1525 2420 dictum
1537 2398 1589 2420 est.
1610 2393 1773 2429 Vertiginetn

984 2449 1091 2477 quoque
1097 2440 1173 2468 all‘ert
1180 2440 1344 2467 abundantia
1352 2445 1378 2467 et
1387 2440 1696 2476 indigentiaJndigentia
1707 2449 1775 2468 con-

984 2487 1178 2522 8umptionem,
1187 2486 1354 2513 abundantia
1367 2486 1581 2521 superﬂuitatcm
1592 2486 1666 2517 facit.
1679 2490 1708 2513 ut
1723 2487 1772 2520 ple-

986 2533 1012 2559 ni
1027 2533 1080 2559 sint
1091 2530 1160 2566 pori.
1174 2530 1237 2557 Haec
1257 2531 1329 2557 enim
1348 2530 1392 2557 ubi
1405 2531 1539 2563 ascendit,
1554 2531 1773 2563 moxdescendit,

989 2584 1016 2606 et
1042 2578 1137 2605 dividit
1169 2577 1399 2605 circuituszltinc
1428 2579 1542 2613 vertigo.
1569 2578 1720 2605 Ebrietates
1748 2582 1777 2604 et

991 2623 1162 2654 veneﬁcium,
1176 2627 1203 2650 et
1215 2623 1269 2650 alia
1280 2623 1390 2654 similia,
1405 2623 1553 2658 vertigines
1578 2623 1692 2650 faciunt.
1719 2621 1776 2648 llu-

992 2677 1052 2695 mor
1079 2669 1151 2695 enim
1191 2668 1302 2695 aliunde
1332 2667 1467 2700 incidens,
1495 2667 1664 2695 turbationes
1689 2671 1774 2694 creat.

993 2714 1101 2740 Stantcs
1126 2713 1212 2748 magis
1242 2721 1325 2748 quam
1357 2714 1484 2741 sedentes
1495 2714 1652 2748 vertiginem
1668 2712 1777 2747 patiun-

792 2784 907 2812 VAﬂi/E
927 2782 1128 2811 LECTlONES.

182 2848 205 2864 ’⁷
214 2848 261 2873 ἐὰν
273 2855 329 2874 om.
348 2846 377 2873 Β.
395 2846 417 2862 ⁵³
433 2845 579 2881 ἀριστερᾷε
592 2842 702 2881 θ’μδεξιᾷ
712 2850 746 2881 ς.

149 2883 246 2910 θᾶττον
256 2883 285 2910 Β.
313 2882 354 2909 ‘oi
368 2877 599 2911 ante-.bb;aaid'.A.
620 2877 868 2912 ⁸ὑιιτοτέμνεσθοιιιὶ.

789 2842 798 2857 ¹
811 2841 920 2877 μᾶλλονῙ
929 2842 969 2868 διὸ
983 2841 1082 2877 μᾶλλον
1089 2841 1118 2868 Β.
1148 2842 1158 2856 ¹
1174 2841 1220 2877 ἐπὶ
1234 2842 1269 2877 τά
1281 2839 1356 2872 δεξιὰ
1414 2875 1418 2877 _
1432 2840 1443 2855 ³
1456 2840 1522 2866 διότι
1536 2848 1565 2877 ς.
1597 2839 1608 2855 ⁸
1622 2838 1721 2873 μᾶλλον
1730 2839 1776 2877 καὶ

906 2878 915 2893 ⁷
934 2885 997 2903 ποτε
1012 2879 1048 2903 A:
1059 2885 1109 2903 που
1124 2886 1153 2909 ς.

1191 2876 1202 2891 ⁸
1217 2876 1301 2907 πάθος
1317 2875 1460 2907 συμϐαίνει
1473 2884 1503 2907 ς.
1542 2876 1552 2890 ⁹
1570 2876 1726 2901 συνίσταται
1745 2876 1776 2900 Α.

147 2909 298 2953 named.
312 2909 614 2953 apud'Tlieopbrastum
622 2918 663 2942 est
676 2909 738 2941 :m'c
749 2912 872 2947 γενέσθαι
884 2920 914 2945 ς.
954 2912 974 2927 ”
990 2913 1036 2939 καὶ
1045 2911 1182 2948 ροειαὺτὰ
1193 2911 1289 2938 οιιι.Α.
1305 2951 1309 2952 7
1338 2910 1493 2951 ξ’ἀλλοτρία
1507 2909 1776 2946 ap.'l‘beopbrastutn
