  <div class='ocr_page' id='page_1' title='image "/cluster/home/n/w/nwhite01/storage/ocr_20150623/104/njp.32101077772885/153.png"; bbox 0 0 1959 3081; ppageno 0'>
   <div class='ocr_carea' id='block_1_1' title="bbox 201 207 255 240">
    <p class='ocr_par' dir='ltr' id='par_1_1' title="bbox 201 207 255 240">
     <span class='ocr_line' id='line_1_1' title="bbox 201 207 255 240; baseline 0.019 -1"><span class='ocrx_word' id='word_1_1' title='bbox 201 207 255 240; x_wconf 73' lang='grc'><strong>295</strong></span> 
     </span>
    </p>
   </div>
   <div class='ocr_carea' id='block_1_2' title="bbox 784 206 1278 239">
    <p class='ocr_par' dir='ltr' id='par_1_2' title="bbox 784 206 1278 239">
     <span class='ocr_line' id='line_1_2' title="bbox 784 206 1278 239; baseline 0.002 -2"><span class='ocrx_word' id='word_1_2' title='bbox 784 206 917 237; x_wconf 82' lang='grc' dir='ltr'><strong>ΡΠΟΤΙΙ</strong></span> <span class='ocrx_word' id='word_1_3' title='bbox 932 206 1206 239; x_wconf 61' lang='grc' dir='ltr'><strong>νΡΛΤΒῙΛΒΟΗᾸζ</strong></span> <span class='ocrx_word' id='word_1_4' title='bbox 1224 207 1278 238; x_wconf 88' lang='lat' dir='ltr'><strong>CP.</strong></span> 
     </span>
    </p>
   </div>
   <div class='ocr_carea' id='block_1_3' title="bbox 1783 209 1838 242">
    <p class='ocr_par' dir='ltr' id='par_1_3' title="bbox 1783 209 1838 242">
     <span class='ocr_line' id='line_1_3' title="bbox 1783 209 1838 242; baseline 0 -1"><span class='ocrx_word' id='word_1_5' title='bbox 1783 209 1838 242; x_wconf 75' lang='lat'><strong>296</strong></span> 
     </span>
    </p>
   </div>
   <div class='ocr_carea' id='block_1_4' title="bbox 200 260 993 302">
    <p class='ocr_par' dir='ltr' id='par_1_4' title="bbox 200 260 993 296">
     <span class='ocr_line' id='line_1_4' title="bbox 200 260 993 296; baseline -0.001 -7"><span class='ocrx_word' id='word_1_6' title='bbox 200 266 257 290; x_wconf 82' lang='lat' dir='ltr'><strong>tur.</strong></span> <span class='ocrx_word' id='word_1_7' title='bbox 274 260 343 288; x_wconf 83' lang='lat' dir='ltr'><strong>Nam</strong></span> <span class='ocrx_word' id='word_1_8' title='bbox 356 261 556 296; x_wconf 86' lang='lat' dir='ltr'><strong>quiescentium</strong></span> <span class='ocrx_word' id='word_1_9' title='bbox 566 261 668 289; x_wconf 84' lang='lat' dir='ltr'><strong>humor</strong></span> <span class='ocrx_word' id='word_1_10' title='bbox 682 260 709 288; x_wconf 91' lang='lat' dir='ltr'><strong>in</strong></span> <span class='ocrx_word' id='word_1_11' title='bbox 724 260 814 295; x_wconf 79' lang='lat' dir='ltr'><strong>capite</strong></span> <span class='ocrx_word' id='word_1_12' title='bbox 826 261 916 296; x_wconf 81' lang='lat' dir='ltr'><strong>magis</strong></span> <span class='ocrx_word' id='word_1_13' title='bbox 927 268 993 289; x_wconf 93' lang='lat' dir='ltr'><strong>con-</strong></span> 
     </span>
    </p>
   </div>
   <div class='ocr_carea' id='block_1_5' title="bbox 1047 260 1836 302">
    <p class='ocr_par' dir='ltr' id='par_1_5' title="bbox 1047 261 1836 302">
     <span class='ocr_line' id='line_1_5' title="bbox 1047 261 1836 302; baseline 0.008 -14"><span class='ocrx_word' id='word_1_14' title='bbox 1047 262 1062 297; x_wconf 81' lang='grc' dir='ltr'><strong>ή</strong></span> <span class='ocrx_word' id='word_1_15' title='bbox 1088 261 1282 297; x_wconf 55' lang='grc' dir='ltr'>ἀλλοτρίωςυμ</span> <span class='ocrx_word' id='word_1_16' title='bbox 1307 261 1485 296; x_wconf 81' lang='grc' dir='ltr'>ἐμπίπτουσα</span> <span class='ocrx_word' id='word_1_17' title='bbox 1512 264 1585 290; x_wconf 75' lang='grc' dir='ltr'>ποιεί</span> <span class='ocrx_word' id='word_1_18' title='bbox 1611 263 1660 299; x_wconf 82' lang='grc' dir='ltr'><strong>τὴν</strong></span> <span class='ocrx_word' id='word_1_19' title='bbox 1704 267 1836 302; x_wconf 85' lang='grc' dir='ltr'>ταραχήν-</span> 
     </span>
    </p>
   </div>
   <div class='ocr_carea' id='block_1_6' title="bbox 201 307 993 340">
    <p class='ocr_par' dir='ltr' id='par_1_6' title="bbox 201 307 993 340">
     <span class='ocr_line' id='line_1_6' title="bbox 201 307 993 340; baseline 0.001 -5"><span class='ocrx_word' id='word_1_20' title='bbox 201 307 285 335; x_wconf 88' lang='lat' dir='ltr'><strong>sistit.</strong></span> <span class='ocrx_word' id='word_1_21' title='bbox 302 307 418 340; x_wconf 81' lang='lat' dir='ltr'><strong>Quando</strong></span> <span class='ocrx_word' id='word_1_22' title='bbox 439 316 504 336; x_wconf 86' lang='lat' dir='ltr'><strong>vero</strong></span> <span class='ocrx_word' id='word_1_23' title='bbox 519 308 601 336; x_wconf 88' lang='lat' dir='ltr'><strong>iidem</strong></span> <span class='ocrx_word' id='word_1_24' title='bbox 625 311 780 340; x_wconf 75' lang='lat' dir='ltr'><strong>moventur,</strong></span> <span class='ocrx_word' id='word_1_25' title='bbox 797 307 895 335; x_wconf 83' lang='lat' dir='ltr'><strong>humor</strong></span> <span class='ocrx_word' id='word_1_26' title='bbox 912 308 993 336; x_wconf 90' lang='lat' dir='ltr'><strong>dissi-</strong></span> 
     </span>
    </p>
   </div>
   <div class='ocr_carea' id='block_1_7' title="bbox 201 354 992 390">
    <p class='ocr_par' dir='ltr' id='par_1_7' title="bbox 201 354 992 390">
     <span class='ocr_line' id='line_1_7' title="bbox 201 354 992 390; baseline 0.001 -9"><span class='ocrx_word' id='word_1_27' title='bbox 201 359 294 389; x_wconf 84' lang='lat' dir='ltr'><strong>patur,</strong></span> <span class='ocrx_word' id='word_1_28' title='bbox 311 354 375 381; x_wconf 83' lang='lat' dir='ltr'><strong>etin</strong></span> <span class='ocrx_word' id='word_1_29' title='bbox 393 362 475 382; x_wconf 89' lang='lat' dir='ltr'><strong>unam</strong></span> <span class='ocrx_word' id='word_1_30' title='bbox 487 359 591 390; x_wconf 87' lang='lat' dir='ltr'><strong>partem</strong></span> <span class='ocrx_word' id='word_1_31' title='bbox 608 354 731 381; x_wconf 88' lang='lat' dir='ltr'><strong>incidens</strong></span> <span class='ocrx_word' id='word_1_32' title='bbox 745 355 906 390; x_wconf 81' lang='lat' dir='ltr'><strong>vertiginem</strong></span> <span class='ocrx_word' id='word_1_33' title='bbox 917 354 992 382; x_wconf 89' lang='lat' dir='ltr'><strong>facit.</strong></span> 
     </span>
    </p>
   </div>
   <div class='ocr_carea' id='block_1_8' title="bbox 416 492 776 527">
    <p class='ocr_par' dir='ltr' id='par_1_8' title="bbox 416 492 776 527">
     <span class='ocr_line' id='line_1_8' title="bbox 416 492 776 527; baseline 0.006 -9"><span class='ocrx_word' id='word_1_34' title='bbox 416 492 542 527; x_wconf 76' lang='lat' dir='ltr'><strong>Ejusdem</strong></span> <span class='ocrx_word' id='word_1_35' title='bbox 559 492 591 520; x_wconf 83' lang='lat' dir='ltr'><strong>de</strong></span> <span class='ocrx_word' id='word_1_36' title='bbox 609 493 776 520; x_wconf 76' lang='lat' dir='ltr'><strong>lassitudine.</strong></span> 
     </span>
    </p>
   </div>
   <div class='ocr_carea' id='block_1_9' title="bbox 237 539 994 572">
    <p class='ocr_par' dir='ltr' id='par_1_9' title="bbox 237 539 994 572">
     <span class='ocr_line' id='line_1_9' title="bbox 237 539 994 572; baseline 0.003 -7"><span class='ocrx_word' id='word_1_37' title='bbox 237 539 480 570; x_wconf 85' lang='lat' dir='ltr'><strong>Descendentium,</strong></span> <span class='ocrx_word' id='word_1_38' title='bbox 498 539 559 566; x_wconf 86' lang='lat' dir='ltr'><strong>loco</strong></span> <span class='ocrx_word' id='word_1_39' title='bbox 592 539 714 572; x_wconf 85' lang='lat' dir='ltr'><strong>declivi,</strong></span> <span class='ocrx_word' id='word_1_40' title='bbox 749 539 852 567; x_wconf 79' lang='lat' dir='ltr'><strong>femora</strong></span> <span class='ocrx_word' id='word_1_41' title='bbox 877 541 994 567; x_wconf 82' lang='lat' dir='ltr'><strong>maxime</strong></span> 
     </span>
    </p>
   </div>
   <div class='ocr_carea' id='block_1_10' title="bbox 201 585 994 621">
    <p class='ocr_par' dir='ltr' id='par_1_10' title="bbox 201 585 994 621">
     <span class='ocr_line' id='line_1_10' title="bbox 201 585 994 621; baseline 0.001 -8"><span class='ocrx_word' id='word_1_42' title='bbox 201 585 348 617; x_wconf 84' lang='lat' dir='ltr'><strong>lassantur,</strong></span> <span class='ocrx_word' id='word_1_43' title='bbox 376 585 582 612; x_wconf 85' lang='lat' dir='ltr'><strong>ascendentium</strong></span> <span class='ocrx_word' id='word_1_44' title='bbox 598 591 693 612; x_wconf 88' lang='lat' dir='ltr'><strong>contra</strong></span> <span class='ocrx_word' id='word_1_45' title='bbox 715 586 787 613; x_wconf 73' lang='lat' dir='ltr'><strong>tibia:</strong></span> <span class='ocrx_word' id='word_1_46' title='bbox 805 595 811 612; x_wconf 96' lang='lat'>:</span> <span class='ocrx_word' id='word_1_47' title='bbox 830 587 894 621; x_wconf 83' lang='lat' dir='ltr'><strong>quia</strong></span> <span class='ocrx_word' id='word_1_48' title='bbox 908 587 934 613; x_wconf 91' lang='lat' dir='ltr'><strong>in</strong></span> <span class='ocrx_word' id='word_1_49' title='bbox 950 594 994 614; x_wconf 86' lang='lat' dir='ltr'><strong>as—</strong></span> 
     </span>
    </p>
   </div>
   <div class='ocr_carea' id='block_1_11' title="bbox 201 632 994 666">
    <p class='ocr_par' dir='ltr' id='par_1_11' title="bbox 201 632 994 666">
     <span class='ocr_line' id='line_1_11' title="bbox 201 632 994 666; baseline 0.001 -7"><span class='ocrx_word' id='word_1_50' title='bbox 201 639 284 659; x_wconf 87' lang='lat' dir='ltr'><strong>censu</strong></span> <span class='ocrx_word' id='word_1_51' title='bbox 299 632 377 658; x_wconf 89' lang='lat' dir='ltr'><strong>labor</strong></span> <span class='ocrx_word' id='word_1_52' title='bbox 390 636 433 658; x_wconf 89' lang='lat' dir='ltr'><strong>est</strong></span> <span class='ocrx_word' id='word_1_53' title='bbox 445 632 571 659; x_wconf 89' lang='lat' dir='ltr'><strong>elevandi</strong></span> <span class='ocrx_word' id='word_1_54' title='bbox 593 632 719 666; x_wconf 85' lang='lat' dir='ltr'><strong>corporis</strong></span> <span class='ocrx_word' id='word_1_55' title='bbox 743 640 823 660; x_wconf 82' lang='lat' dir='ltr'><strong>onus.</strong></span> <span class='ocrx_word' id='word_1_56' title='bbox 845 633 895 659; x_wconf 81' lang='lat' dir='ltr'><strong>Cui</strong></span> <span class='ocrx_word' id='word_1_57' title='bbox 913 633 994 665; x_wconf 67' lang='lat' dir='ltr'><strong>igitur</strong></span> 
     </span>
    </p>
   </div>
   <div class='ocr_carea' id='block_1_12' title="bbox 201 676 994 712">
    <p class='ocr_par' dir='ltr' id='par_1_12' title="bbox 201 676 994 712">
     <span class='ocr_line' id='line_1_12' title="bbox 201 676 994 712; baseline 0.001 -8"><span class='ocrx_word' id='word_1_58' title='bbox 201 684 271 704; x_wconf 87' lang='lat' dir='ltr'><strong>onus</strong></span> <span class='ocrx_word' id='word_1_59' title='bbox 287 676 431 708; x_wconf 82' lang='lat' dir='ltr'><strong>incumbit,</strong></span> <span class='ocrx_word' id='word_1_60' title='bbox 452 682 478 704; x_wconf 89' lang='lat' dir='ltr'><strong>et</strong></span> <span class='ocrx_word' id='word_1_61' title='bbox 489 685 503 704; x_wconf 87' lang='lat' dir='ltr'><strong>a</strong></span> <span class='ocrx_word' id='word_1_62' title='bbox 525 685 579 712; x_wconf 90' lang='lat' dir='ltr'><strong>quo</strong></span> <span class='ocrx_word' id='word_1_63' title='bbox 594 678 710 710; x_wconf 88' lang='lat' dir='ltr'><strong>tollitur,</strong></span> <span class='ocrx_word' id='word_1_64' title='bbox 723 678 782 712; x_wconf 77' lang='lat' dir='ltr'><strong>ejus</strong></span> <span class='ocrx_word' id='word_1_65' title='bbox 802 678 937 705; x_wconf 80' lang='lat' dir='ltr'><strong>maximus</strong></span> <span class='ocrx_word' id='word_1_66' title='bbox 952 683 994 705; x_wconf 87' lang='lat' dir='ltr'><strong>est</strong></span> 
     </span>
    </p>
   </div>
   <div class='ocr_carea' id='block_1_13' title="bbox 201 723 993 759">
    <p class='ocr_par' dir='ltr' id='par_1_13' title="bbox 201 723 993 759">
     <span class='ocr_line' id='line_1_13' title="bbox 201 723 993 759; baseline 0.001 -9"><span class='ocrx_word' id='word_1_67' title='bbox 201 723 288 750; x_wconf 86' lang='lat' dir='ltr'><strong>labor.</strong></span> <span class='ocrx_word' id='word_1_68' title='bbox 312 723 346 750; x_wconf 86' lang='lat' dir='ltr'><strong>At</strong></span> <span class='ocrx_word' id='word_1_69' title='bbox 362 723 389 750; x_wconf 92' lang='lat' dir='ltr'><strong>in</strong></span> <span class='ocrx_word' id='word_1_70' title='bbox 415 723 610 751; x_wconf 72' lang='lat' dir='ltr'><strong>descendendo</strong></span> <span class='ocrx_word' id='word_1_71' title='bbox 638 724 716 750; x_wconf 87' lang='lat' dir='ltr'><strong>labor</strong></span> <span class='ocrx_word' id='word_1_72' title='bbox 737 724 785 756; x_wconf 84' lang='lat' dir='ltr'><strong>lit,</strong></span> <span class='ocrx_word' id='word_1_73' title='bbox 807 725 872 759; x_wconf 89' lang='lat' dir='ltr'><strong>quia</strong></span> <span class='ocrx_word' id='word_1_74' title='bbox 894 732 993 759; x_wconf 86' lang='lat' dir='ltr'><strong>corpus</strong></span> 
     </span>
    </p>
   </div>
   <div class='ocr_carea' id='block_1_14' title="bbox 201 769 991 806">
    <p class='ocr_par' dir='ltr' id='par_1_14' title="bbox 201 769 991 806">
     <span class='ocr_line' id='line_1_14' title="bbox 201 769 991 806; baseline 0.003 -11"><span class='ocrx_word' id='word_1_75' title='bbox 201 769 314 801; x_wconf 81' lang='lat' dir='ltr'><strong>decidit,</strong></span> <span class='ocrx_word' id='word_1_76' title='bbox 331 773 358 796; x_wconf 86' lang='lat' dir='ltr'><strong>et</strong></span> <span class='ocrx_word' id='word_1_77' title='bbox 370 774 465 796; x_wconf 86' lang='lat' dir='ltr'><strong>contra</strong></span> <span class='ocrx_word' id='word_1_78' title='bbox 481 775 605 797; x_wconf 89' lang='lat' dir='ltr'><strong>naturam</strong></span> <span class='ocrx_word' id='word_1_79' title='bbox 623 774 758 805; x_wconf 82' lang='lat' dir='ltr'><strong>portatur.</strong></span> <span class='ocrx_word' id='word_1_80' title='bbox 777 770 951 806; x_wconf 82' lang='lat' dir='ltr'><strong>Quapropter</strong></span> <span class='ocrx_word' id='word_1_81' title='bbox 965 771 991 797; x_wconf 88' lang='lat' dir='ltr'><strong>itt</strong></span> 
     </span>
    </p>
   </div>
   <div class='ocr_carea' id='block_1_15' title="bbox 201 815 993 851">
    <p class='ocr_par' dir='ltr' id='par_1_15' title="bbox 201 815 993 851">
     <span class='ocr_line' id='line_1_15' title="bbox 201 815 993 851; baseline 0.004 -10"><span class='ocrx_word' id='word_1_82' title='bbox 201 815 274 850; x_wconf 87' lang='lat' dir='ltr'><strong>quod</strong></span> <span class='ocrx_word' id='word_1_83' title='bbox 298 815 384 850; x_wconf 78' lang='lat' dir='ltr'><strong>magis</strong></span> <span class='ocrx_word' id='word_1_84' title='bbox 401 815 496 843; x_wconf 85' lang='lat' dir='ltr'><strong>incidit</strong></span> <span class='ocrx_word' id='word_1_85' title='bbox 516 817 635 851; x_wconf 85' lang='lat' dir='ltr'><strong>pondus,</strong></span> <span class='ocrx_word' id='word_1_86' title='bbox 653 816 718 844; x_wconf 89' lang='lat' dir='ltr'><strong>huic</strong></span> <span class='ocrx_word' id='word_1_87' title='bbox 732 817 868 844; x_wconf 75' lang='lat' dir='ltr'><strong>maximus</strong></span> <span class='ocrx_word' id='word_1_88' title='bbox 884 824 993 851; x_wconf 89' lang='lat' dir='ltr'><strong>quoque</strong></span> 
     </span>
    </p>
   </div>
   <div class='ocr_carea' id='block_1_16' title="bbox 201 861 993 898">
    <p class='ocr_par' dir='ltr' id='par_1_16' title="bbox 201 861 993 898">
     <span class='ocr_line' id='line_1_16' title="bbox 201 861 993 898; baseline 0.001 -10"><span class='ocrx_word' id='word_1_89' title='bbox 201 866 244 888; x_wconf 86' lang='lat' dir='ltr'><strong>est</strong></span> <span class='ocrx_word' id='word_1_90' title='bbox 262 861 347 888; x_wconf 88' lang='lat' dir='ltr'><strong>labor.</strong></span> <span class='ocrx_word' id='word_1_91' title='bbox 363 861 462 888; x_wconf 84' lang='lat' dir='ltr'><strong>Verum</strong></span> <span class='ocrx_word' id='word_1_92' title='bbox 478 867 507 888; x_wconf 93' lang='lat' dir='ltr'><strong>ut</strong></span> <span class='ocrx_word' id='word_1_93' title='bbox 522 862 596 889; x_wconf 63' lang='lat' dir='ltr'><strong>tibias</strong></span> <span class='ocrx_word' id='word_1_94' title='bbox 613 862 806 890; x_wconf 85' lang='lat' dir='ltr'><strong>descendendo</strong></span> <span class='ocrx_word' id='word_1_95' title='bbox 818 863 904 898; x_wconf 79' lang='lat' dir='ltr'><strong>magis</strong></span> <span class='ocrx_word' id='word_1_96' title='bbox 918 862 993 889; x_wconf 87' lang='lat' dir='ltr'><strong>labo-</strong></span> 
     </span>
    </p>
   </div>
   <div class='ocr_carea' id='block_1_17' title="bbox 200 908 993 943">
    <p class='ocr_par' dir='ltr' id='par_1_17' title="bbox 200 908 993 943">
     <span class='ocr_line' id='line_1_17' title="bbox 200 908 993 943; baseline 0.003 -10"><span class='ocrx_word' id='word_1_97' title='bbox 200 913 276 935; x_wconf 84' lang='lat' dir='ltr'><strong>rant.</strong></span> <span class='ocrx_word' id='word_1_98' title='bbox 290 908 329 934; x_wconf 76' lang='lat' dir='ltr'><strong>sic</strong></span> <span class='ocrx_word' id='word_1_99' title='bbox 343 908 445 934; x_wconf 65' lang='lat' dir='ltr'><strong>l‘etuora</strong></span> <span class='ocrx_word' id='word_1_100' title='bbox 456 908 481 934; x_wconf 95' lang='lat' dir='ltr'><strong>in</strong></span> <span class='ocrx_word' id='word_1_101' title='bbox 496 908 681 936; x_wconf 85' lang='lat' dir='ltr'><strong>ascendendo.</strong></span> <span class='ocrx_word' id='word_1_102' title='bbox 693 909 770 940; x_wconf 69' lang='lat' dir='ltr'><strong>Quod</strong></span> <span class='ocrx_word' id='word_1_103' title='bbox 784 913 874 936; x_wconf 86' lang='lat' dir='ltr'><strong>autem</strong></span> <span class='ocrx_word' id='word_1_104' title='bbox 899 909 993 943; x_wconf 78' lang='lat' dir='ltr'><strong>gravia</strong></span> 
     </span>
    </p>
   </div>
   <div class='ocr_carea' id='block_1_18' title="bbox 201 953 992 989">
    <p class='ocr_par' dir='ltr' id='par_1_18' title="bbox 201 953 992 989">
     <span class='ocr_line' id='line_1_18' title="bbox 201 953 992 989; baseline 0 -8"><span class='ocrx_word' id='word_1_105' title='bbox 201 954 329 981; x_wconf 83' lang='lat' dir='ltr'><strong>deorsum</strong></span> <span class='ocrx_word' id='word_1_106' title='bbox 348 953 480 984; x_wconf 87' lang='lat' dir='ltr'><strong>ferantur.</strong></span> <span class='ocrx_word' id='word_1_107' title='bbox 493 953 633 982; x_wconf 88' lang='lat' dir='ltr'><strong>dillicilitts</strong></span> <span class='ocrx_word' id='word_1_108' title='bbox 661 959 703 982; x_wconf 87' lang='lat' dir='ltr'><strong>est</strong></span> <span class='ocrx_word' id='word_1_109' title='bbox 725 955 883 987; x_wconf 83' lang='lat' dir='ltr'><strong>ascendere,</strong></span> <span class='ocrx_word' id='word_1_110' title='bbox 909 962 992 989; x_wconf 90' lang='lat' dir='ltr'><strong>quam</strong></span> 
     </span>
    </p>
   </div>
   <div class='ocr_carea' id='block_1_19' title="bbox 1049 308 1838 346">
    <p class='ocr_par' dir='ltr' id='par_1_19' title="bbox 1049 308 1838 346">
     <span class='ocr_line' id='line_1_19' title="bbox 1049 308 1838 346; baseline 0.008 -13"><span class='ocrx_word' id='word_1_111' title='bbox 1049 308 1111 334; x_wconf 82' lang='grc' dir='ltr'><strong>’Ότι</strong></span> <span class='ocrx_word' id='word_1_112' title='bbox 1135 308 1307 342; x_wconf 83' lang='grc' dir='ltr'><strong>ἀνιστάμενοι</strong></span> <span class='ocrx_word' id='word_1_113' title='bbox 1333 309 1433 343; x_wconf 83' lang='grc' dir='ltr'>μᾶλλον</span> <span class='ocrx_word' id='word_1_114' title='bbox 1458 309 1657 344; x_wconf 26' lang='grc' dir='ltr'>ἢΙεχαοίςοντες</span> <span class='ocrx_word' id='word_1_115' title='bbox 1693 311 1838 346; x_wconf 82' lang='grc' dir='ltr'>ίλιγγιῶσι,</span> 
     </span>
    </p>
   </div>
   <div class='ocr_carea' id='block_1_20' title="bbox 1047 353 1837 395">
    <p class='ocr_par' dir='ltr' id='par_1_20' title="bbox 1047 353 1837 395">
     <span class='ocr_line' id='line_1_20' title="bbox 1047 353 1837 395; baseline 0.005 -15"><span class='ocrx_word' id='word_1_116' title='bbox 1047 353 1115 380; x_wconf 85' lang='grc' dir='ltr'><strong>διότι</strong></span> <span class='ocrx_word' id='word_1_117' title='bbox 1136 353 1312 388; x_wconf 76' lang='grc' dir='ltr'><strong>ἠρεμούντων</strong></span> <span class='ocrx_word' id='word_1_118' title='bbox 1343 353 1392 388; x_wconf 82' lang='grc' dir='ltr'>μὲν</span> <span class='ocrx_word' id='word_1_119' title='bbox 1423 354 1580 395; x_wconf 71' lang='grc' dir='ltr'>ςτυνίσταται</span> <span class='ocrx_word' id='word_1_120' title='bbox 1609 356 1639 382; x_wconf 82' lang='grc' dir='ltr'><strong>τὸ</strong></span> <span class='ocrx_word' id='word_1_121' title='bbox 1655 357 1738 392; x_wconf 74' lang='grc' dir='ltr'>ὑγρὸν</span> <span class='ocrx_word' id='word_1_122' title='bbox 1755 359 1784 383; x_wconf 77' lang='grc' dir='ltr'>ἐν</span> <span class='ocrx_word' id='word_1_123' title='bbox 1803 359 1837 394; x_wconf 76' lang='grc' dir='ltr'>τῇ</span> 
     </span>
    </p>
   </div>
   <div class='ocr_carea' id='block_1_21' title="bbox 1046 399 1838 435">
    <p class='ocr_par' dir='ltr' id='par_1_21' title="bbox 1046 399 1838 435">
     <span class='ocr_line' id='line_1_21' title="bbox 1046 399 1838 435; baseline 0.008 -11"><span class='ocrx_word' id='word_1_124' title='bbox 1046 399 1151 434; x_wconf 83' lang='grc' dir='ltr'>κεφαλῇ</span> <span class='ocrx_word' id='word_1_125' title='bbox 1176 399 1268 430; x_wconf 84' lang='grc' dir='ltr'>πλέον,</span> <span class='ocrx_word' id='word_1_126' title='bbox 1287 399 1351 425; x_wconf 81' lang='grc' dir='ltr'>ὅταν</span> <span class='ocrx_word' id='word_1_127' title='bbox 1373 399 1401 425; x_wconf 81' lang='grc' dir='ltr'><strong>δὲ</strong></span> <span class='ocrx_word' id='word_1_128' title='bbox 1417 399 1555 433; x_wconf 80' lang='grc' dir='ltr'><strong>κινῶνται,</strong></span> <span class='ocrx_word' id='word_1_129' title='bbox 1573 401 1718 435; x_wconf 81' lang='grc' dir='ltr'><strong>διίσταται,</strong></span> <span class='ocrx_word' id='word_1_130' title='bbox 1734 404 1781 430; x_wconf 77' lang='grc' dir='ltr'><strong>καὶ</strong></span> <span class='ocrx_word' id='word_1_131' title='bbox 1797 405 1838 435; x_wconf 87' lang='grc' dir='ltr'><strong>είς</strong></span> 
     </span>
    </p>
   </div>
   <div class='ocr_carea' id='block_1_22' title="bbox 1045 444 1623 481">
    <p class='ocr_par' dir='ltr' id='par_1_22' title="bbox 1045 444 1623 481">
     <span class='ocr_line' id='line_1_22' title="bbox 1045 444 1623 481; baseline 0.009 -11"><span class='ocrx_word' id='word_1_132' title='bbox 1045 444 1074 471; x_wconf 78' lang='grc' dir='ltr'>ἓν</span> <span class='ocrx_word' id='word_1_133' title='bbox 1096 445 1190 481; x_wconf 84' lang='grc' dir='ltr'>μόριον</span> <span class='ocrx_word' id='word_1_134' title='bbox 1212 446 1349 478; x_wconf 72' lang='grc' dir='ltr'>ἐμπῖπτον</span> <span class='ocrx_word' id='word_1_135' title='bbox 1362 447 1436 472; x_wconf 86' lang='grc' dir='ltr'>ποιεῐ</span> <span class='ocrx_word' id='word_1_136' title='bbox 1447 446 1493 472; x_wconf 80' lang='grc' dir='ltr'>τὸν</span> <span class='ocrx_word' id='word_1_137' title='bbox 1508 447 1623 481; x_wconf 80' lang='grc' dir='ltr'>ἴλιγγον,</span> 
     </span>
    </p>
   </div>
   <div class='ocr_carea' id='block_1_23' title="bbox 1180 491 1701 527">
    <p class='ocr_par' dir='ltr' id='par_1_23' title="bbox 1180 491 1701 527">
     <span class='ocr_line' id='line_1_23' title="bbox 1180 491 1701 527; baseline 0.008 -9"><span class='ocrx_word' id='word_1_138' title='bbox 1180 491 1236 518; x_wconf 83' lang='grc' dir='ltr'><strong>Τοῦ</strong></span> <span class='ocrx_word' id='word_1_139' title='bbox 1247 492 1340 518; x_wconf 80' lang='grc' dir='ltr'>αὐτοῦ</span> <span class='ocrx_word' id='word_1_140' title='bbox 1356 493 1377 507; x_wconf 74' lang='grc'><strong>⁸³</strong></span> <span class='ocrx_word' id='word_1_141' title='bbox 1392 493 1427 519; x_wconf 81' lang='grc' dir='ltr'>ἐκ</span> <span class='ocrx_word' id='word_1_142' title='bbox 1442 492 1495 519; x_wconf 85' lang='grc' dir='ltr'>τοῦ</span> <span class='ocrx_word' id='word_1_143' title='bbox 1512 494 1580 527; x_wconf 76' lang='grc' dir='ltr'>περὶ</span> <span class='ocrx_word' id='word_1_144' title='bbox 1592 495 1701 522; x_wconf 80' lang='grc' dir='ltr'><strong>κόπων.</strong></span> 
     </span>
    </p>
   </div>
   <div class='ocr_carea' id='block_1_24' title="bbox 1080 536 1838 577">
    <p class='ocr_par' dir='ltr' id='par_1_24' title="bbox 1080 536 1838 577">
     <span class='ocr_line' id='line_1_24' title="bbox 1080 536 1838 577; baseline 0.007 -15"><span class='ocrx_word' id='word_1_145' title='bbox 1080 537 1142 563; x_wconf 79' lang='grc' dir='ltr'>Ὀτι</span> <span class='ocrx_word' id='word_1_146' title='bbox 1153 536 1366 569; x_wconf 79' lang='grc' dir='ltr'>καταϐαίνοντες</span> <span class='ocrx_word' id='word_1_147' title='bbox 1383 537 1433 572; x_wconf 82' lang='grc' dir='ltr'><strong>μὲν</strong></span> <span class='ocrx_word' id='word_1_148' title='bbox 1446 539 1529 565; x_wconf 86' lang='grc' dir='ltr'>τόπον</span> <span class='ocrx_word' id='word_1_149' title='bbox 1556 540 1677 575; x_wconf 81' lang='grc' dir='ltr'>κατάντη</span> <span class='ocrx_word' id='word_1_150' title='bbox 1707 541 1771 572; x_wconf 77' lang='grc' dir='ltr'>τοὺς</span> <span class='ocrx_word' id='word_1_151' title='bbox 1785 549 1838 577; x_wconf 88' lang='grc' dir='ltr'>μη-</span> 
     </span>
    </p>
   </div>
   <div class='ocr_carea' id='block_1_25' title="bbox 1045 583 1836 622">
    <p class='ocr_par' dir='ltr' id='par_1_25' title="bbox 1045 583 1836 622">
     <span class='ocr_line' id='line_1_25' title="bbox 1045 583 1836 622; baseline 0.006 -13"><span class='ocrx_word' id='word_1_152' title='bbox 1045 583 1109 617; x_wconf 81' lang='grc' dir='ltr'>ροὺς</span> <span class='ocrx_word' id='word_1_153' title='bbox 1125 583 1244 617; x_wconf 80' lang='grc' dir='ltr'>μάλιστα</span> <span class='ocrx_word' id='word_1_154' title='bbox 1259 583 1398 616; x_wconf 79' lang='grc' dir='ltr'>πονοῦσιν,</span> <span class='ocrx_word' id='word_1_155' title='bbox 1409 584 1602 616; x_wconf 81' lang='grc' dir='ltr'>ἀναϐαίνοντες</span> <span class='ocrx_word' id='word_1_156' title='bbox 1616 586 1704 618; x_wconf 77' lang='grc' dir='ltr'>δὲτὰς</span> <span class='ocrx_word' id='word_1_157' title='bbox 1718 587 1836 622; x_wconf 80' lang='grc' dir='ltr'><strong>κνήμας,</strong></span> 
     </span>
    </p>
   </div>
   <div class='ocr_carea' id='block_1_26' title="bbox 1042 627 1835 668">
    <p class='ocr_par' dir='ltr' id='par_1_26' title="bbox 1042 627 1835 668">
     <span class='ocr_line' id='line_1_26' title="bbox 1042 627 1835 668; baseline 0.005 -14"><span class='ocrx_word' id='word_1_158' title='bbox 1042 627 1110 655; x_wconf 80' lang='grc' dir='ltr'><strong>διότι</strong></span> <span class='ocrx_word' id='word_1_159' title='bbox 1124 628 1194 654; x_wconf 83' lang='grc' dir='ltr'>κατὰ</span> <span class='ocrx_word' id='word_1_160' title='bbox 1212 629 1261 663; x_wconf 81' lang='grc' dir='ltr'>μὲν</span> <span class='ocrx_word' id='word_1_161' title='bbox 1270 628 1319 664; x_wconf 90' lang='grc' dir='ltr'><strong>τὴν</strong></span> <span class='ocrx_word' id='word_1_162' title='bbox 1332 629 1464 656; x_wconf 68' lang='grc' dir='ltr'>ἀνάϐασιν</span> <span class='ocrx_word' id='word_1_163' title='bbox 1477 631 1490 655; x_wconf 83' lang='grc' dir='ltr'>ὀ</span> <span class='ocrx_word' id='word_1_164' title='bbox 1506 630 1587 662; x_wconf 78' lang='grc' dir='ltr'>πόνος</span> <span class='ocrx_word' id='word_1_165' title='bbox 1598 631 1644 657; x_wconf 74' lang='grc' dir='ltr'>τοῦ</span> <span class='ocrx_word' id='word_1_166' title='bbox 1662 632 1750 666; x_wconf 70' lang='grc' dir='ltr'>αἴρειν</span> <span class='ocrx_word' id='word_1_167' title='bbox 1765 641 1835 668; x_wconf 81' lang='grc' dir='ltr'>φορ-</span> 
     </span>
    </p>
   </div>
   <div class='ocr_carea' id='block_1_27' title="bbox 1043 672 1836 712">
    <p class='ocr_par' dir='ltr' id='par_1_27' title="bbox 1043 672 1836 712">
     <span class='ocr_line' id='line_1_27' title="bbox 1043 672 1836 712; baseline 0.006 -13"><span class='ocrx_word' id='word_1_168' title='bbox 1043 673 1101 699; x_wconf 88' lang='grc' dir='ltr'>τίον</span> <span class='ocrx_word' id='word_1_169' title='bbox 1115 674 1145 699; x_wconf 74' lang='grc' dir='ltr'>τὸ</span> <span class='ocrx_word' id='word_1_170' title='bbox 1161 673 1240 708; x_wconf 85' lang='grc' dir='ltr'>σῶμα</span> <span class='ocrx_word' id='word_1_171' title='bbox 1260 674 1382 707; x_wconf 79' lang='grc' dir='ltr'>γίνεται-</span> <span class='ocrx_word' id='word_1_172' title='bbox 1399 672 1420 709; x_wconf 87' lang='grc' dir='ltr'><strong>ᾧ</strong></span> <span class='ocrx_word' id='word_1_173' title='bbox 1434 675 1481 701; x_wconf 79' lang='grc' dir='ltr'>οὖν</span> <span class='ocrx_word' id='word_1_174' title='bbox 1495 676 1633 703; x_wconf 69' lang='grc' dir='ltr'>ἐπίκειται</span> <span class='ocrx_word' id='word_1_175' title='bbox 1651 676 1681 702; x_wconf 78' lang='grc' dir='ltr'><strong>τὸ</strong></span> <span class='ocrx_word' id='word_1_176' title='bbox 1693 676 1774 712; x_wconf 83' lang='grc' dir='ltr'>βάρος</span> <span class='ocrx_word' id='word_1_177' title='bbox 1789 679 1836 704; x_wconf 82' lang='grc' dir='ltr'><strong>καὶ</strong></span> 
     </span>
    </p>
   </div>
   <div class='ocr_carea' id='block_1_28' title="bbox 1043 715 1838 758">
    <p class='ocr_par' dir='ltr' id='par_1_28' title="bbox 1043 715 1838 758">
     <span class='ocr_line' id='line_1_28' title="bbox 1043 715 1838 758; baseline 0.006 -13"><span class='ocrx_word' id='word_1_178' title='bbox 1043 715 1065 754; x_wconf 88' lang='grc' dir='ltr'>ᾧ</span> <span class='ocrx_word' id='word_1_179' title='bbox 1080 719 1199 755; x_wconf 79' lang='grc' dir='ltr'>αἴρεται,</span> <span class='ocrx_word' id='word_1_180' title='bbox 1213 720 1301 755; x_wconf 86' lang='grc' dir='ltr'>τούτῳ</span> <span class='ocrx_word' id='word_1_181' title='bbox 1320 720 1436 756; x_wconf 84' lang='grc' dir='ltr'>μάλιστα</span> <span class='ocrx_word' id='word_1_182' title='bbox 1448 722 1462 747; x_wconf 85' lang='grc' dir='ltr'><em>ὁ</em></span> <span class='ocrx_word' id='word_1_183' title='bbox 1473 721 1562 753; x_wconf 83' lang='grc' dir='ltr'>πόνος.</span> <span class='ocrx_word' id='word_1_184' title='bbox 1590 722 1633 748; x_wconf 88' lang='grc' dir='ltr'>Ἐν</span> <span class='ocrx_word' id='word_1_185' title='bbox 1648 723 1676 749; x_wconf 80' lang='grc' dir='ltr'>δὲ</span> <span class='ocrx_word' id='word_1_186' title='bbox 1691 731 1731 758; x_wconf 85' lang='grc' dir='ltr'>τῳ</span> <span class='ocrx_word' id='word_1_187' title='bbox 1752 733 1838 751; x_wconf 86' lang='grc' dir='ltr'>κατα-</span> 
     </span>
    </p>
   </div>
   <div class='ocr_carea' id='block_1_29' title="bbox 1043 767 1837 807">
    <p class='ocr_par' dir='ltr' id='par_1_29' title="bbox 1043 767 1837 807">
     <span class='ocr_line' id='line_1_29' title="bbox 1043 767 1837 807; baseline 0.006 -14"><span class='ocrx_word' id='word_1_188' title='bbox 1043 767 1147 794; x_wconf 77' lang='grc' dir='ltr'>ϐαίνειν</span> <span class='ocrx_word' id='word_1_189' title='bbox 1165 769 1179 794; x_wconf 82' lang='grc' dir='ltr'><strong>ό</strong></span> <span class='ocrx_word' id='word_1_190' title='bbox 1192 767 1273 800; x_wconf 86' lang='grc' dir='ltr'>πόνος</span> <span class='ocrx_word' id='word_1_191' title='bbox 1301 769 1330 795; x_wconf 82' lang='grc' dir='ltr'>ὲν</span> <span class='ocrx_word' id='word_1_192' title='bbox 1354 768 1393 804; x_wconf 77' lang='grc' dir='ltr'><strong>τῷ</strong></span> <span class='ocrx_word' id='word_1_193' title='bbox 1410 769 1558 804; x_wconf 77' lang='grc' dir='ltr'>ἐμπίπτειν</span> <span class='ocrx_word' id='word_1_194' title='bbox 1585 770 1690 804; x_wconf 86' lang='grc' dir='ltr'>γίνεται</span> <span class='ocrx_word' id='word_1_195' title='bbox 1709 771 1739 797; x_wconf 85' lang='grc' dir='ltr'><strong>τὸ</strong></span> <span class='ocrx_word' id='word_1_196' title='bbox 1757 772 1837 807; x_wconf 79' lang='grc' dir='ltr'>σῶμα</span> 
     </span>
    </p>
   </div>
   <div class='ocr_carea' id='block_1_30' title="bbox 1043 809 1838 854">
    <p class='ocr_par' dir='ltr' id='par_1_30' title="bbox 1043 809 1838 854">
     <span class='ocr_line' id='line_1_30' title="bbox 1043 809 1838 854; baseline 0.006 -14"><span class='ocrx_word' id='word_1_197' title='bbox 1043 815 1090 841; x_wconf 77' lang='grc' dir='ltr'>καὶ</span> <span class='ocrx_word' id='word_1_198' title='bbox 1107 815 1245 850; x_wconf 82' lang='grc' dir='ltr'>παρωοείν</span> <span class='ocrx_word' id='word_1_199' title='bbox 1259 815 1334 850; x_wconf 76' lang='grc' dir='ltr'>παρὰ</span> <span class='ocrx_word' id='word_1_200' title='bbox 1352 816 1443 850; x_wconf 68' lang='grc' dir='ltr'>φύσινι</span> <span class='ocrx_word' id='word_1_201' title='bbox 1458 815 1527 842; x_wconf 82' lang='grc' dir='ltr'>ὥστε</span> <span class='ocrx_word' id='word_1_202' title='bbox 1550 814 1596 842; x_wconf 74' lang='grc' dir='ltr'><strong>οὖν</strong></span> <span class='ocrx_word' id='word_1_203' title='bbox 1611 814 1633 851; x_wconf 82' lang='grc' dir='ltr'>ᾧ</span> <span class='ocrx_word' id='word_1_204' title='bbox 1648 818 1763 852; x_wconf 83' lang='grc' dir='ltr'>μάλιστα</span> <span class='ocrx_word' id='word_1_205' title='bbox 1789 809 1838 854; x_wconf 85' lang='grc' dir='ltr'><strong>ἐμ-</strong></span> 
     </span>
    </p>
   </div>
   <div class='ocr_carea' id='block_1_31' title="bbox 1044 860 1837 897">
    <p class='ocr_par' dir='ltr' id='par_1_31' title="bbox 1044 860 1837 897">
     <span class='ocr_line' id='line_1_31' title="bbox 1044 860 1837 897; baseline 0.005 -11"><span class='ocrx_word' id='word_1_206' title='bbox 1044 860 1140 886; x_wconf 83' lang='grc' dir='ltr'>πίπτει</span> <span class='ocrx_word' id='word_1_207' title='bbox 1170 861 1218 886; x_wconf 71' lang='grc' dir='ltr'><strong>καὶ</strong></span> <span class='ocrx_word' id='word_1_208' title='bbox 1245 860 1366 893; x_wconf 82' lang='grc' dir='ltr'>σαλεύει,</span> <span class='ocrx_word' id='word_1_209' title='bbox 1386 861 1474 897; x_wconf 86' lang='grc' dir='ltr'>τούτῳ</span> <span class='ocrx_word' id='word_1_210' title='bbox 1499 862 1618 897; x_wconf 77' lang='grc' dir='ltr'>μάλιστα</span> <span class='ocrx_word' id='word_1_211' title='bbox 1634 863 1739 890; x_wconf 77' lang='grc' dir='ltr'>καὶτὸν</span> <span class='ocrx_word' id='word_1_212' title='bbox 1756 864 1837 890; x_wconf 80' lang='grc' dir='ltr'>πόνον</span> 
     </span>
    </p>
   </div>
   <div class='ocr_carea' id='block_1_32' title="bbox 1043 904 1837 944">
    <p class='ocr_par' dir='ltr' id='par_1_32' title="bbox 1043 904 1837 944">
     <span class='ocr_line' id='line_1_32' title="bbox 1043 904 1837 944; baseline 0.005 -12"><span class='ocrx_word' id='word_1_213' title='bbox 1043 906 1162 941; x_wconf 74' lang='grc' dir='ltr'>ἐμποιεῖ.</span> <span class='ocrx_word' id='word_1_214' title='bbox 1185 906 1229 938; x_wconf 83' lang='grc' dir='ltr'>Ὠς</span> <span class='ocrx_word' id='word_1_215' title='bbox 1242 904 1288 933; x_wconf 83' lang='grc' dir='ltr'><strong>οὖν</strong></span> <span class='ocrx_word' id='word_1_216' title='bbox 1308 907 1324 942; x_wconf 85' lang='grc' dir='ltr'>ὴ</span> <span class='ocrx_word' id='word_1_217' title='bbox 1340 908 1433 943; x_wconf 88' lang='grc' dir='ltr'>κνήμη</span> <span class='ocrx_word' id='word_1_218' title='bbox 1447 908 1548 942; x_wconf 79' lang='grc' dir='ltr'>μᾶλλον</span> <span class='ocrx_word' id='word_1_219' title='bbox 1563 910 1593 935; x_wconf 80' lang='grc' dir='ltr'>ἐν</span> <span class='ocrx_word' id='word_1_220' title='bbox 1608 909 1646 944; x_wconf 83' lang='grc' dir='ltr'>τῷ</span> <span class='ocrx_word' id='word_1_221' title='bbox 1660 909 1801 936; x_wconf 79' lang='grc' dir='ltr'>ἀναϐαίνει</span> <span class='ocrx_word' id='word_1_222' title='bbox 1816 910 1837 926; x_wconf 66' lang='grc' dir='ltr'><strong>ν’</strong></span> 
     </span>
    </p>
   </div>
   <div class='ocr_carea' id='block_1_33' title="bbox 1044 953 1837 989">
    <p class='ocr_par' dir='ltr' id='par_1_33' title="bbox 1044 953 1837 989">
     <span class='ocr_line' id='line_1_33' title="bbox 1044 953 1837 989; baseline 0.006 -10"><span class='ocrx_word' id='word_1_223' title='bbox 1044 953 1208 986; x_wconf 79' lang='grc' dir='ltr'>κακοπαθεῖ,</span> <span class='ocrx_word' id='word_1_224' title='bbox 1223 953 1310 985; x_wconf 77' lang='grc' dir='ltr'>οὕτως</span> <span class='ocrx_word' id='word_1_225' title='bbox 1329 955 1343 980; x_wconf 89' lang='grc' dir='ltr'>ὁ</span> <span class='ocrx_word' id='word_1_226' title='bbox 1361 955 1447 989; x_wconf 81' lang='grc' dir='ltr'>μηρὸς</span> <span class='ocrx_word' id='word_1_227' title='bbox 1463 955 1492 981; x_wconf 81' lang='grc' dir='ltr'><strong>ἐν</strong></span> <span class='ocrx_word' id='word_1_228' title='bbox 1511 955 1550 989; x_wconf 83' lang='grc' dir='ltr'>τῷ</span> <span class='ocrx_word' id='word_1_229' title='bbox 1566 956 1751 984; x_wconf 73' lang='grc' dir='ltr'>καταϐαίνειν,</span> <span class='ocrx_word' id='word_1_230' title='bbox 1765 956 1837 984; x_wconf 80' lang='grc' dir='ltr'>Διότι</span> 
     </span>
    </p>
   </div>
   <div class='ocr_carea' id='block_1_34' title="bbox 201 998 993 1036">
    <p class='ocr_par' dir='ltr' id='par_1_34' title="bbox 201 998 993 1035">
     <span class='ocr_line' id='line_1_34' title="bbox 201 998 993 1035; baseline 0.001 -10"><span class='ocrx_word' id='word_1_231' title='bbox 201 998 380 1026; x_wconf 84' lang='lat' dir='ltr'><strong>descendere.</strong></span> <span class='ocrx_word' id='word_1_232' title='bbox 403 998 545 1026; x_wconf 85' lang='lat' dir='ltr'><strong>Molestius</strong></span> <span class='ocrx_word' id='word_1_233' title='bbox 560 1005 603 1026; x_wconf 88' lang='lat' dir='ltr'><strong>est</strong></span> <span class='ocrx_word' id='word_1_234' title='bbox 615 999 729 1027; x_wconf 87' lang='lat' dir='ltr'><strong>brachio</strong></span> <span class='ocrx_word' id='word_1_235' title='bbox 746 1008 793 1034; x_wconf 90' lang='lat' dir='ltr'><strong>per</strong></span> <span class='ocrx_word' id='word_1_236' title='bbox 811 1007 927 1026; x_wconf 86' lang='lat' dir='ltr'><strong>vacuum</strong></span> <span class='ocrx_word' id='word_1_237' title='bbox 953 1000 993 1035; x_wconf 88' lang='lat' dir='ltr'><strong>ja-</strong></span> 
     </span>
    </p>
   </div>
   <div class='ocr_carea' id='block_1_35' title="bbox 1047 998 1836 1036">
    <p class='ocr_par' dir='ltr' id='par_1_35' title="bbox 1047 998 1836 1036">
     <span class='ocr_line' id='line_1_35' title="bbox 1047 998 1836 1036; baseline 0.005 -11"><span class='ocrx_word' id='word_1_238' title='bbox 1047 998 1072 1025; x_wconf 74' lang='grc' dir='ltr'>δὲ</span> <span class='ocrx_word' id='word_1_239' title='bbox 1085 999 1119 1025; x_wconf 88' lang='grc' dir='ltr'>τὰ</span> <span class='ocrx_word' id='word_1_240' title='bbox 1135 999 1205 1036; x_wconf 83' lang='grc' dir='ltr'><strong>βάρη</strong></span> <span class='ocrx_word' id='word_1_241' title='bbox 1218 1000 1293 1026; x_wconf 83' lang='grc' dir='ltr'>κάτω</span> <span class='ocrx_word' id='word_1_242' title='bbox 1307 1000 1432 1035; x_wconf 80' lang='grc' dir='ltr'>φέρεται,</span> <span class='ocrx_word' id='word_1_243' title='bbox 1461 1000 1651 1035; x_wconf 83' lang='grc' dir='ltr'>χαλεπώτερον</span> <span class='ocrx_word' id='word_1_244' title='bbox 1665 1002 1697 1028; x_wconf 78' lang='grc' dir='ltr'>τὸ</span> <span class='ocrx_word' id='word_1_245' title='bbox 1720 1002 1836 1029; x_wconf 74' lang='grc' dir='ltr'>ἀναϐαί-</span> 
     </span>
    </p>
   </div>
   <div class='ocr_carea' id='block_1_36' title="bbox 201 1044 992 1081">
    <p class='ocr_par' dir='ltr' id='par_1_36' title="bbox 201 1044 992 1081">
     <span class='ocr_line' id='line_1_36' title="bbox 201 1044 992 1081; baseline 0 -9"><span class='ocrx_word' id='word_1_246' title='bbox 201 1053 263 1072; x_wconf 87' lang='lat' dir='ltr'><strong>cere</strong></span> <span class='ocrx_word' id='word_1_247' title='bbox 292 1044 423 1080; x_wconf 84' lang='lat' dir='ltr'><strong>lapidem,</strong></span> <span class='ocrx_word' id='word_1_248' title='bbox 445 1045 487 1072; x_wconf 88' lang='lat' dir='ltr'><strong>vel</strong></span> <span class='ocrx_word' id='word_1_249' title='bbox 511 1045 586 1072; x_wconf 86' lang='lat' dir='ltr'><strong>aliud</strong></span> <span class='ocrx_word' id='word_1_250' title='bbox 608 1046 673 1080; x_wconf 91' lang='lat' dir='ltr'><strong>quid</strong></span> <span class='ocrx_word' id='word_1_251' title='bbox 701 1054 794 1080; x_wconf 78' lang='lat' dir='ltr'><strong>grave,</strong></span> <span class='ocrx_word' id='word_1_252' title='bbox 814 1046 878 1081; x_wconf 83' lang='lat' dir='ltr'><strong>quia</strong></span> <span class='ocrx_word' id='word_1_253' title='bbox 906 1047 992 1081; x_wconf 77' lang='lat' dir='ltr'><strong>magis</strong></span> 
     </span>
    </p>
   </div>
   <div class='ocr_carea' id='block_1_37' title="bbox 200 1090 992 1127">
    <p class='ocr_par' dir='ltr' id='par_1_37' title="bbox 200 1090 992 1127">
     <span class='ocr_line' id='line_1_37' title="bbox 200 1090 992 1127; baseline 0.001 -9"><span class='ocrx_word' id='word_1_254' title='bbox 200 1090 339 1123; x_wconf 82' lang='lat' dir='ltr'><strong>convellit.</strong></span> <span class='ocrx_word' id='word_1_255' title='bbox 352 1090 410 1117; x_wconf 86' lang='lat' dir='ltr'><strong>Non</strong></span> <span class='ocrx_word' id='word_1_256' title='bbox 426 1091 498 1118; x_wconf 89' lang='lat' dir='ltr'><strong>ettitu</strong></span> <span class='ocrx_word' id='word_1_257' title='bbox 515 1092 650 1119; x_wconf 85' lang='lat' dir='ltr'><strong>incumbit</strong></span> <span class='ocrx_word' id='word_1_258' title='bbox 661 1092 992 1127; x_wconf 73' lang='lat' dir='ltr'><strong>alicui,quetnadmodtnn</strong></span> 
     </span>
    </p>
   </div>
   <div class='ocr_carea' id='block_1_38' title="bbox 202 1137 773 1172">
    <p class='ocr_par' dir='ltr' id='par_1_38' title="bbox 202 1137 773 1172">
     <span class='ocr_line' id='line_1_38' title="bbox 202 1137 773 1172; baseline 0.002 -8"><span class='ocrx_word' id='word_1_259' title='bbox 202 1138 248 1172; x_wconf 90' lang='lat' dir='ltr'><strong>qtti</strong></span> <span class='ocrx_word' id='word_1_260' title='bbox 263 1137 339 1172; x_wconf 74' lang='lat' dir='ltr'><strong>iacit,</strong></span> <span class='ocrx_word' id='word_1_261' title='bbox 355 1137 467 1172; x_wconf 87' lang='lat' dir='ltr'><strong>ponderi</strong></span> <span class='ocrx_word' id='word_1_262' title='bbox 483 1138 557 1172; x_wconf 89' lang='lat' dir='ltr'><strong>quod</strong></span> <span class='ocrx_word' id='word_1_263' title='bbox 583 1138 609 1165; x_wconf 93' lang='lat' dir='ltr'><strong>iu</strong></span> <span class='ocrx_word' id='word_1_264' title='bbox 624 1146 704 1165; x_wconf 91' lang='lat' dir='ltr'><strong>manu</strong></span> <span class='ocrx_word' id='word_1_265' title='bbox 721 1143 773 1166; x_wconf 90' lang='lat' dir='ltr'><strong>est.</strong></span> 
     </span>
    </p>
   </div>
   <div class='ocr_carea' id='block_1_39' title="bbox 237 1228 991 1265">
    <p class='ocr_par' dir='ltr' id='par_1_39' title="bbox 237 1228 991 1265">
     <span class='ocr_line' id='line_1_39' title="bbox 237 1228 991 1265; baseline 0.001 -9"><span class='ocrx_word' id='word_1_266' title='bbox 237 1229 368 1264; x_wconf 65' lang='lat' dir='ltr'><strong>Equales</strong></span> <span class='ocrx_word' id='word_1_267' title='bbox 383 1229 434 1256; x_wconf 65' lang='lat' dir='ltr'><strong>viae</strong></span> <span class='ocrx_word' id='word_1_268' title='bbox 453 1229 540 1264; x_wconf 77' lang='lat' dir='ltr'><strong>magis</strong></span> <span class='ocrx_word' id='word_1_269' title='bbox 553 1228 714 1264; x_wconf 76' lang='lat' dir='ltr'><strong>defatigant,</strong></span> <span class='ocrx_word' id='word_1_270' title='bbox 727 1237 807 1264; x_wconf 86' lang='lat' dir='ltr'><strong>quam</strong></span> <span class='ocrx_word' id='word_1_271' title='bbox 833 1229 991 1265; x_wconf 67' lang='lat' dir='ltr'><strong>inaequales,</strong></span> 
     </span>
    </p>
   </div>
   <div class='ocr_carea' id='block_1_40' title="bbox 202 1275 993 1310">
    <p class='ocr_par' dir='ltr' id='par_1_40' title="bbox 202 1275 993 1310">
     <span class='ocr_line' id='line_1_40' title="bbox 202 1275 993 1310; baseline 0 -8"><span class='ocrx_word' id='word_1_272' title='bbox 202 1276 274 1310; x_wconf 86' lang='lat' dir='ltr'><strong>quod</strong></span> <span class='ocrx_word' id='word_1_273' title='bbox 295 1276 395 1303; x_wconf 90' lang='lat' dir='ltr'><strong>ttimius</strong></span> <span class='ocrx_word' id='word_1_274' title='bbox 417 1280 507 1303; x_wconf 86' lang='lat' dir='ltr'><strong>motus</strong></span> <span class='ocrx_word' id='word_1_275' title='bbox 536 1275 618 1303; x_wconf 79' lang='lat' dir='ltr'><strong>faciat</strong></span> <span class='ocrx_word' id='word_1_276' title='bbox 647 1276 859 1308; x_wconf 83' lang='lat' dir='ltr'><strong>lassitudinem;</strong></span> <span class='ocrx_word' id='word_1_277' title='bbox 891 1276 993 1303; x_wconf 76' lang='lat' dir='ltr'><strong>nimius</strong></span> 
     </span>
    </p>
   </div>
   <div class='ocr_carea' id='block_1_41' title="bbox 202 1323 993 1360">
    <p class='ocr_par' dir='ltr' id='par_1_41' title="bbox 202 1323 993 1360">
     <span class='ocr_line' id='line_1_41' title="bbox 202 1323 993 1360; baseline 0.003 -9"><span class='ocrx_word' id='word_1_278' title='bbox 202 1328 304 1356; x_wconf 79' lang='lat' dir='ltr'><strong>autem,</strong></span> <span class='ocrx_word' id='word_1_279' title='bbox 332 1323 433 1358; x_wconf 80' lang='lat' dir='ltr'><strong>527b</strong></span> <span class='ocrx_word' id='word_1_280' title='bbox 459 1324 605 1351; x_wconf 82' lang='lat' dir='ltr'><strong>continuus</strong></span> <span class='ocrx_word' id='word_1_281' title='bbox 624 1343 632 1354; x_wconf 80' lang='lat'><strong>.</strong></span> <span class='ocrx_word' id='word_1_282' title='bbox 659 1328 687 1351; x_wconf 85' lang='lat' dir='ltr'><strong>et</strong></span> <span class='ocrx_word' id='word_1_283' title='bbox 715 1332 787 1352; x_wconf 88' lang='lat' dir='ltr'><strong>uutts</strong></span> <span class='ocrx_word' id='word_1_284' title='bbox 812 1333 818 1351; x_wconf 90' lang='lat'><strong>:</strong></span> <span class='ocrx_word' id='word_1_285' title='bbox 845 1325 993 1360; x_wconf 66' lang='lat' dir='ltr'><strong>inmquales</strong></span> 
     </span>
    </p>
   </div>
   <div class='ocr_carea' id='block_1_42' title="bbox 203 1370 995 1406">
    <p class='ocr_par' dir='ltr' id='par_1_42' title="bbox 203 1370 995 1406">
     <span class='ocr_line' id='line_1_42' title="bbox 203 1370 995 1406; baseline 0.004 -11"><span class='ocrx_word' id='word_1_286' title='bbox 203 1378 267 1396; x_wconf 85' lang='lat' dir='ltr'><strong>vero</strong></span> <span class='ocrx_word' id='word_1_287' title='bbox 280 1374 390 1404; x_wconf 62' lang='lat' dir='ltr'><strong>propter</strong></span> <span class='ocrx_word' id='word_1_288' title='bbox 403 1370 570 1396; x_wconf 86' lang='lat' dir='ltr'><strong>mutationes</strong></span> <span class='ocrx_word' id='word_1_289' title='bbox 583 1370 702 1404; x_wconf 84' lang='lat' dir='ltr'><strong>quietem</strong></span> <span class='ocrx_word' id='word_1_290' title='bbox 714 1370 831 1397; x_wconf 80' lang='lat' dir='ltr'><strong>aﬂ&#39;erunt</strong></span> <span class='ocrx_word' id='word_1_291' title='bbox 847 1379 853 1397; x_wconf 93' lang='lat'>:</span> <span class='ocrx_word' id='word_1_292' title='bbox 867 1372 892 1397; x_wconf 94' lang='lat' dir='ltr'><strong>in</strong></span> <span class='ocrx_word' id='word_1_293' title='bbox 902 1379 995 1406; x_wconf 72' lang='lat' dir='ltr'><strong>mqua-</strong></span> 
     </span>
    </p>
   </div>
   <div class='ocr_carea' id='block_1_43' title="bbox 203 1415 994 1450">
    <p class='ocr_par' dir='ltr' id='par_1_43' title="bbox 203 1415 994 1450">
     <span class='ocr_line' id='line_1_43' title="bbox 203 1415 994 1450; baseline -0.001 -8"><span class='ocrx_word' id='word_1_294' title='bbox 203 1416 275 1442; x_wconf 83' lang='lat' dir='ltr'><strong>libns</strong></span> <span class='ocrx_word' id='word_1_295' title='bbox 286 1423 361 1447; x_wconf 85' lang='lat' dir='ltr'><strong>vero,</strong></span> <span class='ocrx_word' id='word_1_296' title='bbox 385 1415 540 1443; x_wconf 84' lang='lat' dir='ltr'><strong>similitudo</strong></span> <span class='ocrx_word' id='word_1_297' title='bbox 554 1416 647 1450; x_wconf 72' lang='lat' dir='ltr'><strong>ligttra:</strong></span> <span class='ocrx_word' id='word_1_298' title='bbox 662 1415 726 1442; x_wconf 80' lang='lat' dir='ltr'><strong>facit</strong></span> <span class='ocrx_word' id='word_1_299' title='bbox 750 1417 910 1443; x_wconf 89' lang='lat' dir='ltr'><strong>continuum</strong></span> <span class='ocrx_word' id='word_1_300' title='bbox 934 1424 994 1442; x_wconf 71' lang='lat' dir='ltr'><strong>mo-</strong></span> 
     </span>
    </p>
   </div>
   <div class='ocr_carea' id='block_1_44' title="bbox 202 1460 993 1496">
    <p class='ocr_par' dir='ltr' id='par_1_44' title="bbox 202 1460 993 1496">
     <span class='ocr_line' id='line_1_44' title="bbox 202 1460 993 1496; baseline 0.001 -9"><span class='ocrx_word' id='word_1_301' title='bbox 202 1466 272 1488; x_wconf 90' lang='lat' dir='ltr'><strong>tum.</strong></span> <span class='ocrx_word' id='word_1_302' title='bbox 287 1461 390 1488; x_wconf 86' lang='lat' dir='ltr'><strong>Defessi</strong></span> <span class='ocrx_word' id='word_1_303' title='bbox 409 1468 502 1488; x_wconf 87' lang='lat' dir='ltr'><strong>semen</strong></span> <span class='ocrx_word' id='word_1_304' title='bbox 523 1461 625 1496; x_wconf 75' lang='lat' dir='ltr'><strong>a=grius</strong></span> <span class='ocrx_word' id='word_1_305' title='bbox 640 1460 792 1492; x_wconf 81' lang='lat' dir='ltr'><strong>continent,</strong></span> <span class='ocrx_word' id='word_1_306' title='bbox 820 1460 882 1494; x_wconf 84' lang='lat' dir='ltr'><strong>quia</strong></span> <span class='ocrx_word' id='word_1_307' title='bbox 903 1461 993 1488; x_wconf 79' lang='lat' dir='ltr'><strong>calida</strong></span> 
     </span>
    </p>
   </div>
   <div class='ocr_carea' id='block_1_45' title="bbox 202 1507 991 1542">
    <p class='ocr_par' dir='ltr' id='par_1_45' title="bbox 202 1507 991 1542">
     <span class='ocr_line' id='line_1_45' title="bbox 202 1507 991 1542; baseline -0.001 -7"><span class='ocrx_word' id='word_1_308' title='bbox 202 1513 230 1535; x_wconf 84' lang='lat' dir='ltr'><strong>et</strong></span> <span class='ocrx_word' id='word_1_309' title='bbox 247 1507 358 1534; x_wconf 89' lang='lat' dir='ltr'><strong>humida</strong></span> <span class='ocrx_word' id='word_1_310' title='bbox 382 1511 447 1534; x_wconf 87' lang='lat' dir='ltr'><strong>sunt</strong></span> <span class='ocrx_word' id='word_1_311' title='bbox 470 1515 587 1542; x_wconf 89' lang='lat' dir='ltr'><strong>corpora</strong></span> <span class='ocrx_word' id='word_1_312' title='bbox 615 1512 726 1542; x_wconf 85' lang='lat' dir='ltr'><strong>propter</strong></span> <span class='ocrx_word' id='word_1_313' title='bbox 740 1508 991 1541; x_wconf 80' lang='lat' dir='ltr'><strong>eonsumptionem.</strong></span> 
     </span>
    </p>
   </div>
   <div class='ocr_carea' id='block_1_46' title="bbox 202 1552 993 1588">
    <p class='ocr_par' dir='ltr' id='par_1_46' title="bbox 202 1552 993 1588">
     <span class='ocr_line' id='line_1_46' title="bbox 202 1552 993 1588; baseline -0.005 -6"><span class='ocrx_word' id='word_1_314' title='bbox 202 1554 269 1582; x_wconf 87' lang='lat' dir='ltr'><strong>Tale</strong></span> <span class='ocrx_word' id='word_1_315' title='bbox 281 1562 344 1581; x_wconf 83' lang='lat' dir='ltr'><strong>vero</strong></span> <span class='ocrx_word' id='word_1_316' title='bbox 352 1553 416 1588; x_wconf 89' lang='lat' dir='ltr'><strong>quid</strong></span> <span class='ocrx_word' id='word_1_317' title='bbox 431 1558 473 1581; x_wconf 89' lang='lat' dir='ltr'><strong>est</strong></span> <span class='ocrx_word' id='word_1_318' title='bbox 488 1553 627 1581; x_wconf 88' lang='lat' dir='ltr'><strong>setninalis</strong></span> <span class='ocrx_word' id='word_1_319' title='bbox 642 1553 692 1580; x_wconf 89' lang='lat' dir='ltr'><strong>vis.</strong></span> <span class='ocrx_word' id='word_1_320' title='bbox 714 1552 765 1586; x_wconf 89' lang='lat' dir='ltr'><strong>Qtti</strong></span> <span class='ocrx_word' id='word_1_321' title='bbox 790 1553 878 1587; x_wconf 89' lang='lat' dir='ltr'><strong>supini</strong></span> <span class='ocrx_word' id='word_1_322' title='bbox 892 1553 993 1587; x_wconf 75' lang='lat' dir='ltr'><strong>jaceat,</strong></span> 
     </span>
    </p>
   </div>
   <div class='ocr_carea' id='block_1_47' title="bbox 203 1598 994 1633">
    <p class='ocr_par' dir='ltr' id='par_1_47' title="bbox 203 1598 994 1633">
     <span class='ocr_line' id='line_1_47' title="bbox 203 1598 994 1633; baseline -0.005 -5"><span class='ocrx_word' id='word_1_323' title='bbox 203 1601 350 1628; x_wconf 87' lang='lat' dir='ltr'><strong>solutionis</strong></span> <span class='ocrx_word' id='word_1_324' title='bbox 365 1600 464 1627; x_wconf 87' lang='lat' dir='ltr'><strong>virium</strong></span> <span class='ocrx_word' id='word_1_325' title='bbox 489 1599 590 1627; x_wconf 88' lang='lat' dir='ltr'><strong>habent</strong></span> <span class='ocrx_word' id='word_1_326' title='bbox 607 1607 729 1630; x_wconf 79' lang='lat' dir='ltr'><strong>causam,</strong></span> <span class='ocrx_word' id='word_1_327' title='bbox 758 1598 792 1625; x_wconf 92' lang='lat' dir='ltr'><strong>iis</strong></span> <span class='ocrx_word' id='word_1_328' title='bbox 830 1604 994 1633; x_wconf 84' lang='lat' dir='ltr'><strong>cooperatur</strong></span> 
     </span>
    </p>
   </div>
   <div class='ocr_carea' id='block_1_48' title="bbox 203 1644 993 1675">
    <p class='ocr_par' dir='ltr' id='par_1_48' title="bbox 203 1644 993 1675">
     <span class='ocr_line' id='line_1_48' title="bbox 203 1644 993 1675; baseline -0.006 0"><span class='ocrx_word' id='word_1_329' title='bbox 203 1647 274 1675; x_wconf 86' lang='lat' dir='ltr'><strong>situs</strong></span> <span class='ocrx_word' id='word_1_330' title='bbox 297 1647 343 1673; x_wconf 87' lang='lat' dir='ltr'><strong>ille</strong></span> <span class='ocrx_word' id='word_1_331' title='bbox 357 1646 390 1673; x_wconf 76' lang='lat' dir='ltr'><strong>ad</strong></span> <span class='ocrx_word' id='word_1_332' title='bbox 416 1651 579 1673; x_wconf 87' lang='lat' dir='ltr'><strong>nocturnam</strong></span> <span class='ocrx_word' id='word_1_333' title='bbox 597 1645 710 1672; x_wconf 85' lang='lat' dir='ltr'><strong>seminis</strong></span> <span class='ocrx_word' id='word_1_334' title='bbox 724 1644 909 1671; x_wconf 77' lang='lat' dir='ltr'><strong>emissionem.</strong></span> <span class='ocrx_word' id='word_1_335' title='bbox 926 1644 993 1671; x_wconf 88' lang='lat' dir='ltr'><strong>Cor-</strong></span> 
     </span>
    </p>
   </div>
   <div class='ocr_carea' id='block_1_49' title="bbox 204 1690 995 1728">
    <p class='ocr_par' dir='ltr' id='par_1_49' title="bbox 204 1690 995 1728">
     <span class='ocr_line' id='line_1_49' title="bbox 204 1690 995 1728; baseline -0.005 -8"><span class='ocrx_word' id='word_1_336' title='bbox 204 1701 271 1728; x_wconf 85' lang='lat' dir='ltr'><strong>pora</strong></span> <span class='ocrx_word' id='word_1_337' title='bbox 283 1693 397 1720; x_wconf 85' lang='lat' dir='ltr'><strong>ltutuida</strong></span> <span class='ocrx_word' id='word_1_338' title='bbox 411 1692 497 1727; x_wconf 72' lang='lat' dir='ltr'><strong>magis</strong></span> <span class='ocrx_word' id='word_1_339' title='bbox 513 1692 649 1719; x_wconf 86' lang='lat' dir='ltr'><strong>laboriosa</strong></span> <span class='ocrx_word' id='word_1_340' title='bbox 670 1695 734 1718; x_wconf 86' lang='lat' dir='ltr'><strong>sunt</strong></span> <span class='ocrx_word' id='word_1_341' title='bbox 747 1691 917 1725; x_wconf 83' lang='lat' dir='ltr'><strong>quatndura,</strong></span> <span class='ocrx_word' id='word_1_342' title='bbox 931 1690 995 1725; x_wconf 85' lang='lat' dir='ltr'><strong>quia</strong></span> 
     </span>
    </p>
   </div>
   <div class='ocr_carea' id='block_1_50' title="bbox 205 1736 990 1770">
    <p class='ocr_par' dir='ltr' id='par_1_50' title="bbox 205 1736 990 1770">
     <span class='ocr_line' id='line_1_50' title="bbox 205 1736 990 1770; baseline -0.006 -3"><span class='ocrx_word' id='word_1_343' title='bbox 205 1740 396 1770; x_wconf 82' lang='lat' dir='ltr'><strong>imbecilliora,</strong></span> <span class='ocrx_word' id='word_1_344' title='bbox 417 1743 444 1765; x_wconf 87' lang='lat' dir='ltr'><strong>et</strong></span> <span class='ocrx_word' id='word_1_345' title='bbox 460 1739 482 1765; x_wconf 87' lang='lat' dir='ltr'><strong>si</strong></span> <span class='ocrx_word' id='word_1_346' title='bbox 504 1738 557 1765; x_wconf 87' lang='lat' dir='ltr'><strong>alio</strong></span> <span class='ocrx_word' id='word_1_347' title='bbox 571 1739 652 1764; x_wconf 82' lang='lat' dir='ltr'><strong>modo</strong></span> <span class='ocrx_word' id='word_1_348' title='bbox 669 1737 736 1764; x_wconf 90' lang='lat' dir='ltr'><strong>dura</strong></span> <span class='ocrx_word' id='word_1_349' title='bbox 754 1737 819 1769; x_wconf 85' lang='lat' dir='ltr'><strong>sint,</strong></span> <span class='ocrx_word' id='word_1_350' title='bbox 834 1736 990 1763; x_wconf 85' lang='lat' dir='ltr'><strong>audaciora.</strong></span> 
     </span>
    </p>
   </div>
   <div class='ocr_carea' id='block_1_51' title="bbox 1045 1045 1838 1084">
    <p class='ocr_par' dir='ltr' id='par_1_51' title="bbox 1045 1045 1838 1084">
     <span class='ocr_line' id='line_1_51' title="bbox 1045 1045 1838 1084; baseline 0.005 -13"><span class='ocrx_word' id='word_1_351' title='bbox 1045 1053 1100 1071; x_wconf 82' lang='lat' dir='ltr'><strong>vsw</strong></span> <span class='ocrx_word' id='word_1_352' title='bbox 1117 1045 1163 1072; x_wconf 83' lang='grc' dir='ltr'>τοῦ</span> <span class='ocrx_word' id='word_1_353' title='bbox 1176 1046 1352 1073; x_wconf 82' lang='grc' dir='ltr'>καταϐαίνειν</span> <span class='ocrx_word' id='word_1_354' title='bbox 1374 1047 1407 1074; x_wconf 79' lang='grc'><strong>⁸⁵.</strong></span> <span class='ocrx_word' id='word_1_355' title='bbox 1425 1047 1486 1073; x_wconf 87' lang='grc' dir='ltr'>’Ὁτι</span> <span class='ocrx_word' id='word_1_356' title='bbox 1502 1048 1707 1083; x_wconf 80' lang='grc' dir='ltr'>κοπιαρώτερον</span> <span class='ocrx_word' id='word_1_357' title='bbox 1721 1048 1760 1083; x_wconf 82' lang='grc' dir='ltr'>τῷ</span> <span class='ocrx_word' id='word_1_358' title='bbox 1772 1048 1838 1084; x_wconf 87' lang='grc' dir='ltr'>βρα-</span> 
     </span>
    </p>
   </div>
   <div class='ocr_carea' id='block_1_52' title="bbox 1046 1091 1836 1129">
    <p class='ocr_par' dir='ltr' id='par_1_52' title="bbox 1046 1091 1836 1129">
     <span class='ocr_line' id='line_1_52' title="bbox 1046 1091 1836 1129; baseline 0.005 -13"><span class='ocrx_word' id='word_1_359' title='bbox 1046 1091 1114 1126; x_wconf 88' lang='grc' dir='ltr'>χίονι</span> <span class='ocrx_word' id='word_1_360' title='bbox 1141 1091 1184 1117; x_wconf 78' lang='grc' dir='ltr'><strong>διὰ</strong></span> <span class='ocrx_word' id='word_1_361' title='bbox 1217 1092 1298 1126; x_wconf 81' lang='grc' dir='ltr'>κενῆς</span> <span class='ocrx_word' id='word_1_362' title='bbox 1326 1093 1431 1127; x_wconf 72' lang='grc' dir='ltr'>ῥίπτειν</span> <span class='ocrx_word' id='word_1_363' title='bbox 1453 1093 1469 1127; x_wconf 85' lang='grc' dir='ltr'><strong>ἢ</strong></span> <span class='ocrx_word' id='word_1_364' title='bbox 1487 1093 1562 1119; x_wconf 83' lang='grc' dir='ltr'>λίοον</span> <span class='ocrx_word' id='word_1_365' title='bbox 1584 1093 1600 1128; x_wconf 87' lang='grc' dir='ltr'>ἢ</span> <span class='ocrx_word' id='word_1_366' title='bbox 1619 1094 1683 1120; x_wconf 79' lang='grc' dir='ltr'>ἄλλο</span> <span class='ocrx_word' id='word_1_367' title='bbox 1697 1102 1724 1120; x_wconf 85' lang='grc' dir='ltr'><strong>τι</strong></span> <span class='ocrx_word' id='word_1_368' title='bbox 1743 1093 1836 1129; x_wconf 78' lang='grc' dir='ltr'>βάρος,</span> 
     </span>
    </p>
   </div>
   <div class='ocr_carea' id='block_1_53' title="bbox 1045 1137 1837 1174">
    <p class='ocr_par' dir='ltr' id='par_1_53' title="bbox 1045 1137 1837 1174">
     <span class='ocr_line' id='line_1_53' title="bbox 1045 1137 1837 1174; baseline 0.004 -11"><span class='ocrx_word' id='word_1_369' title='bbox 1045 1137 1113 1163; x_wconf 86' lang='grc' dir='ltr'>διότι</span> <span class='ocrx_word' id='word_1_370' title='bbox 1125 1138 1416 1173; x_wconf 79' lang='grc' dir='ltr'>σπασματωδέστερον.</span> <span class='ocrx_word' id='word_1_371' title='bbox 1432 1139 1469 1165; x_wconf 73' lang='grc' dir='ltr'><strong>Οὐ</strong></span> <span class='ocrx_word' id='word_1_372' title='bbox 1484 1139 1537 1174; x_wconf 83' lang='grc' dir='ltr'>γὰρ</span> <span class='ocrx_word' id='word_1_373' title='bbox 1555 1139 1739 1174; x_wconf 80' lang='grc' dir='ltr'>ἀπερείδεται,</span> <span class='ocrx_word' id='word_1_374' title='bbox 1750 1139 1837 1168; x_wconf 61' lang='grc' dir='ltr'>καθά.</span> 
     </span>
    </p>
   </div>
   <div class='ocr_carea' id='block_1_54' title="bbox 1046 1183 1685 1220">
    <p class='ocr_par' dir='ltr' id='par_1_54' title="bbox 1046 1183 1685 1220">
     <span class='ocr_line' id='line_1_54' title="bbox 1046 1183 1685 1220; baseline 0.006 -12"><span class='ocrx_word' id='word_1_375' title='bbox 1046 1190 1099 1217; x_wconf 84' lang='grc' dir='ltr'><strong>περ</strong></span> <span class='ocrx_word' id='word_1_376' title='bbox 1117 1184 1131 1210; x_wconf 87' lang='grc' dir='ltr'>ὁ</span> <span class='ocrx_word' id='word_1_377' title='bbox 1142 1183 1255 1218; x_wconf 79' lang='grc' dir='ltr'>βάλλων,</span> <span class='ocrx_word' id='word_1_378' title='bbox 1270 1184 1340 1219; x_wconf 83' lang='grc' dir='ltr'>πρὸς</span> <span class='ocrx_word' id='word_1_379' title='bbox 1354 1185 1399 1211; x_wconf 81' lang='grc' dir='ltr'>τὸν</span> <span class='ocrx_word' id='word_1_380' title='bbox 1412 1185 1441 1211; x_wconf 85' lang='grc' dir='ltr'>ὲν</span> <span class='ocrx_word' id='word_1_381' title='bbox 1458 1186 1493 1220; x_wconf 85' lang='grc' dir='ltr'>τῇ</span> <span class='ocrx_word' id='word_1_382' title='bbox 1508 1186 1579 1220; x_wconf 77' lang='grc' dir='ltr'>χειρὶ</span> <span class='ocrx_word' id='word_1_383' title='bbox 1592 1185 1685 1219; x_wconf 72' lang='grc' dir='ltr'>ἦγχον.</span> 
     </span>
    </p>
   </div>
   <div class='ocr_carea' id='block_1_55' title="bbox 1083 1225 1836 1265">
    <p class='ocr_par' dir='ltr' id='par_1_55' title="bbox 1083 1225 1836 1265">
     <span class='ocr_line' id='line_1_55' title="bbox 1083 1225 1836 1265; baseline 0.003 -10"><span class='ocrx_word' id='word_1_384' title='bbox 1083 1225 1144 1256; x_wconf 85' lang='grc' dir='ltr'>Ὀτι</span> <span class='ocrx_word' id='word_1_385' title='bbox 1157 1230 1181 1255; x_wconf 80' lang='lat' dir='ltr'><strong>oi</strong></span> <span class='ocrx_word' id='word_1_386' title='bbox 1202 1229 1300 1264; x_wconf 77' lang='grc' dir='ltr'>όμαλοὶ</span> <span class='ocrx_word' id='word_1_387' title='bbox 1311 1230 1332 1245; x_wconf 79' lang='grc' dir='ltr'>ί⁶</span> <span class='ocrx_word' id='word_1_388' title='bbox 1342 1230 1488 1265; x_wconf 81' lang='grc' dir='ltr'>περίπατοι</span> <span class='ocrx_word' id='word_1_389' title='bbox 1502 1230 1555 1256; x_wconf 85' lang='grc' dir='ltr'><strong>τῶν</strong></span> <span class='ocrx_word' id='word_1_390' title='bbox 1571 1231 1722 1265; x_wconf 80' lang='grc' dir='ltr'>ἀνωμάλων</span> <span class='ocrx_word' id='word_1_391' title='bbox 1740 1240 1836 1258; x_wconf 87' lang='grc' dir='ltr'>κοπια-</span> 
     </span>
    </p>
   </div>
   <div class='ocr_carea' id='block_1_56' title="bbox 1047 1273 1837 1312">
    <p class='ocr_par' dir='ltr' id='par_1_56' title="bbox 1047 1273 1837 1312">
     <span class='ocr_line' id='line_1_56' title="bbox 1047 1273 1837 1312; baseline 0.001 -11"><span class='ocrx_word' id='word_1_392' title='bbox 1047 1273 1171 1310; x_wconf 82' lang='grc' dir='ltr'>ρώτεροι,</span> <span class='ocrx_word' id='word_1_393' title='bbox 1189 1275 1257 1302; x_wconf 83' lang='grc' dir='ltr'>διότι</span> <span class='ocrx_word' id='word_1_394' title='bbox 1275 1276 1291 1311; x_wconf 86' lang='grc' dir='ltr'><strong>ἡ</strong></span> <span class='ocrx_word' id='word_1_395' title='bbox 1308 1275 1394 1311; x_wconf 86' lang='grc' dir='ltr'>πολλὴ</span> <span class='ocrx_word' id='word_1_396' title='bbox 1410 1276 1517 1311; x_wconf 87' lang='grc' dir='ltr'>κίνησις</span> <span class='ocrx_word' id='word_1_397' title='bbox 1532 1278 1605 1303; x_wconf 77' lang='grc' dir='ltr'>ποιεί</span> <span class='ocrx_word' id='word_1_398' title='bbox 1632 1277 1734 1304; x_wconf 75' lang='grc' dir='ltr'>κόπονο</span> <span class='ocrx_word' id='word_1_399' title='bbox 1750 1277 1837 1312; x_wconf 77' lang='grc' dir='ltr'>πολλὴ</span> 
     </span>
    </p>
   </div>
   <div class='ocr_carea' id='block_1_57' title="bbox 1045 1320 1837 1357">
    <p class='ocr_par' dir='ltr' id='par_1_57' title="bbox 1045 1320 1837 1357">
     <span class='ocr_line' id='line_1_57' title="bbox 1045 1320 1837 1357; baseline 0.003 -11"><span class='ocrx_word' id='word_1_400' title='bbox 1045 1320 1098 1356; x_wconf 79' lang='grc' dir='ltr'><strong>δ“ἠ</strong></span> <span class='ocrx_word' id='word_1_401' title='bbox 1115 1321 1229 1356; x_wconf 78' lang='grc' dir='ltr'>συνεχὴς</span> <span class='ocrx_word' id='word_1_402' title='bbox 1245 1322 1292 1348; x_wconf 80' lang='grc' dir='ltr'>καὶ</span> <span class='ocrx_word' id='word_1_403' title='bbox 1310 1321 1369 1356; x_wconf 78' lang='grc' dir='ltr'>μία.</span> <span class='ocrx_word' id='word_1_404' title='bbox 1395 1322 1428 1347; x_wconf 77' lang='lat' dir='ltr'><strong>Ai.</strong></span> <span class='ocrx_word' id='word_1_405' title='bbox 1451 1321 1473 1336; x_wconf 85' lang='lat'><strong>&quot;</strong></span> <span class='ocrx_word' id='word_1_406' title='bbox 1485 1321 1507 1348; x_wconf 85' lang='grc' dir='ltr'>δ’</span> <span class='ocrx_word' id='word_1_407' title='bbox 1525 1321 1664 1357; x_wconf 82' lang='grc' dir='ltr'>ἀνώμαλοι</span> <span class='ocrx_word' id='word_1_408' title='bbox 1690 1322 1761 1349; x_wconf 74' lang='grc' dir='ltr'>κατὰ</span> <span class='ocrx_word' id='word_1_409' title='bbox 1786 1321 1837 1353; x_wconf 76' lang='grc' dir='ltr'>τὰς</span> 
     </span>
    </p>
   </div>
   <div class='ocr_carea' id='block_1_58' title="bbox 1047 1367 1837 1403">
    <p class='ocr_par' dir='ltr' id='par_1_58' title="bbox 1047 1367 1837 1403">
     <span class='ocr_line' id='line_1_58' title="bbox 1047 1367 1837 1403; baseline 0.001 -10"><span class='ocrx_word' id='word_1_410' title='bbox 1047 1367 1201 1402; x_wconf 75' lang='grc' dir='ltr'>μεταϐολὰς</span> <span class='ocrx_word' id='word_1_411' title='bbox 1215 1367 1338 1394; x_wconf 75' lang='grc' dir='ltr'>ποιοῦσιν</span> <span class='ocrx_word' id='word_1_412' title='bbox 1352 1367 1506 1394; x_wconf 76' lang='grc' dir='ltr'>ἀνάπαυσιν</span> <span class='ocrx_word' id='word_1_413' title='bbox 1517 1376 1524 1383; x_wconf 90' lang='grc'>·</span> <span class='ocrx_word' id='word_1_414' title='bbox 1536 1368 1564 1394; x_wconf 81' lang='grc' dir='ltr'>ὲν</span> <span class='ocrx_word' id='word_1_415' title='bbox 1578 1367 1605 1394; x_wconf 76' lang='grc' dir='ltr'><strong>δὲ</strong></span> <span class='ocrx_word' id='word_1_416' title='bbox 1618 1368 1674 1399; x_wconf 89' lang='grc' dir='ltr'>τοῖς</span> <span class='ocrx_word' id='word_1_417' title='bbox 1687 1368 1798 1403; x_wconf 82' lang='grc' dir='ltr'>ὁμαλοῖς</span> <span class='ocrx_word' id='word_1_418' title='bbox 1815 1367 1837 1384; x_wconf 84' lang='grc'><strong>¹³</strong></span> 
     </span>
    </p>
   </div>
   <div class='ocr_carea' id='block_1_59' title="bbox 1047 1413 1837 1449">
    <p class='ocr_par' dir='ltr' id='par_1_59' title="bbox 1047 1413 1837 1449">
     <span class='ocr_line' id='line_1_59' title="bbox 1047 1413 1837 1449; baseline 0.001 -10"><span class='ocrx_word' id='word_1_419' title='bbox 1047 1413 1206 1448; x_wconf 84' lang='grc' dir='ltr'>ἡὸμοιὸτης</span> <span class='ocrx_word' id='word_1_420' title='bbox 1226 1413 1272 1439; x_wconf 81' lang='grc' dir='ltr'>τοῦ</span> <span class='ocrx_word' id='word_1_421' title='bbox 1291 1413 1430 1449; x_wconf 84' lang='grc' dir='ltr'>σχήματος</span> <span class='ocrx_word' id='word_1_422' title='bbox 1456 1413 1643 1448; x_wconf 78' lang='grc' dir='ltr'>ἀπεργάζεται</span> <span class='ocrx_word' id='word_1_423' title='bbox 1672 1414 1770 1449; x_wconf 87' lang='grc' dir='ltr'>συνεχῆ</span> <span class='ocrx_word' id='word_1_424' title='bbox 1787 1413 1837 1449; x_wconf 60' lang='grc' dir='ltr'>τὴν</span> 
     </span>
    </p>
   </div>
   <div class='ocr_carea' id='block_1_60' title="bbox 1047 1458 1838 1494">
    <p class='ocr_par' dir='ltr' id='par_1_60' title="bbox 1047 1458 1838 1494">
     <span class='ocr_line' id='line_1_60' title="bbox 1047 1458 1838 1494; baseline 0.001 -9"><span class='ocrx_word' id='word_1_425' title='bbox 1047 1460 1164 1494; x_wconf 86' lang='grc' dir='ltr'>κίνησιν.</span> <span class='ocrx_word' id='word_1_426' title='bbox 1185 1460 1247 1485; x_wconf 82' lang='grc' dir='ltr'>Ὅτι</span> <span class='ocrx_word' id='word_1_427' title='bbox 1262 1458 1461 1494; x_wconf 70' lang='grc' dir='ltr'>ὲξονειρωτικοὶ</span> <span class='ocrx_word' id='word_1_428' title='bbox 1478 1460 1502 1486; x_wconf 81' lang='grc' dir='ltr'>οἱ</span> <span class='ocrx_word' id='word_1_429' title='bbox 1519 1459 1680 1492; x_wconf 80' lang='grc' dir='ltr'>κοπιῶντες,</span> <span class='ocrx_word' id='word_1_430' title='bbox 1692 1460 1759 1486; x_wconf 84' lang='grc' dir='ltr'>διότι</span> <span class='ocrx_word' id='word_1_431' title='bbox 1775 1460 1838 1494; x_wconf 85' lang='grc' dir='ltr'>θερ-</span> 
     </span>
    </p>
   </div>
   <div class='ocr_carea' id='block_1_61' title="bbox 1049 1502 1837 1540">
    <p class='ocr_par' dir='ltr' id='par_1_61' title="bbox 1049 1502 1837 1540">
     <span class='ocr_line' id='line_1_61' title="bbox 1049 1502 1837 1540; baseline -0.003 -9"><span class='ocrx_word' id='word_1_432' title='bbox 1049 1505 1086 1540; x_wconf 83' lang='grc' dir='ltr'>μὰ</span> <span class='ocrx_word' id='word_1_433' title='bbox 1105 1505 1151 1530; x_wconf 67' lang='grc' dir='ltr'><strong>καὶ¹</strong></span> <span class='ocrx_word' id='word_1_434' title='bbox 1166 1504 1292 1538; x_wconf 76' lang='grc' dir='ltr'>κάθυγρα</span> <span class='ocrx_word' id='word_1_435' title='bbox 1307 1503 1341 1529; x_wconf 74' lang='grc' dir='ltr'>τὰ</span> <span class='ocrx_word' id='word_1_436' title='bbox 1362 1502 1476 1538; x_wconf 84' lang='grc' dir='ltr'>σώματα</span> <span class='ocrx_word' id='word_1_437' title='bbox 1493 1504 1596 1537; x_wconf 86' lang='grc' dir='ltr'>γίνεται</span> <span class='ocrx_word' id='word_1_438' title='bbox 1612 1503 1655 1529; x_wconf 82' lang='grc' dir='ltr'>διὰ</span> <span class='ocrx_word' id='word_1_439' title='bbox 1674 1503 1723 1538; x_wconf 81' lang='grc' dir='ltr'>τὴν</span> <span class='ocrx_word' id='word_1_440' title='bbox 1739 1503 1837 1538; x_wconf 83' lang='grc' dir='ltr'>σύντη-</span> 
     </span>
    </p>
   </div>
   <div class='ocr_carea' id='block_1_62' title="bbox 1047 1548 1836 1584">
    <p class='ocr_par' dir='ltr' id='par_1_62' title="bbox 1047 1548 1836 1584">
     <span class='ocr_line' id='line_1_62' title="bbox 1047 1548 1836 1584; baseline -0.003 -8"><span class='ocrx_word' id='word_1_441' title='bbox 1047 1551 1098 1583; x_wconf 82' lang='grc' dir='ltr'>ξιν.</span> <span class='ocrx_word' id='word_1_442' title='bbox 1119 1551 1149 1576; x_wconf 87' lang='grc' dir='ltr'><strong>Ἦ</strong></span> <span class='ocrx_word' id='word_1_443' title='bbox 1164 1550 1192 1576; x_wconf 81' lang='grc' dir='ltr'><strong>δὲ</strong></span> <span class='ocrx_word' id='word_1_444' title='bbox 1205 1549 1317 1584; x_wconf 80' lang='grc' dir='ltr'>τοιαύτη</span> <span class='ocrx_word' id='word_1_445' title='bbox 1342 1549 1462 1579; x_wconf 78' lang='grc' dir='ltr'>διάθεσις</span> <span class='ocrx_word' id='word_1_446' title='bbox 1492 1549 1678 1584; x_wconf 82' lang='grc' dir='ltr'>σπερματική.</span> <span class='ocrx_word' id='word_1_447' title='bbox 1710 1549 1771 1576; x_wconf 82' lang='grc' dir='ltr'>Ὅτι</span> <span class='ocrx_word' id='word_1_448' title='bbox 1787 1548 1836 1575; x_wconf 74' lang='grc' dir='ltr'><strong>καὶ</strong></span> 
     </span>
    </p>
   </div>
   <div class='ocr_carea' id='block_1_63' title="bbox 1048 1594 1837 1630">
    <p class='ocr_par' dir='ltr' id='par_1_63' title="bbox 1048 1594 1837 1630">
     <span class='ocr_line' id='line_1_63' title="bbox 1048 1594 1837 1630; baseline -0.003 -8"><span class='ocrx_word' id='word_1_449' title='bbox 1048 1595 1139 1622; x_wconf 76' lang='grc' dir='ltr'>ὕπτιοι</span> <span class='ocrx_word' id='word_1_450' title='bbox 1152 1596 1330 1622; x_wconf 79' lang='grc' dir='ltr'>κατάκεινται</span> <span class='ocrx_word' id='word_1_451' title='bbox 1344 1595 1387 1621; x_wconf 81' lang='grc' dir='ltr'>διὰ</span> <span class='ocrx_word' id='word_1_452' title='bbox 1401 1594 1449 1630; x_wconf 87' lang='grc' dir='ltr'><strong>τὴν</strong></span> <span class='ocrx_word' id='word_1_453' title='bbox 1464 1594 1583 1622; x_wconf 77' lang='grc' dir='ltr'>ἔκλυσιν.</span> <span class='ocrx_word' id='word_1_454' title='bbox 1609 1595 1737 1630; x_wconf 83' lang='grc' dir='ltr'>Συνεργεῐ</span> <span class='ocrx_word' id='word_1_455' title='bbox 1758 1594 1786 1620; x_wconf 75' lang='grc' dir='ltr'>δὲ</span> <span class='ocrx_word' id='word_1_456' title='bbox 1804 1594 1837 1621; x_wconf 82' lang='grc' dir='ltr'><strong>τὸ</strong></span> 
     </span>
    </p>
   </div>
   <div class='ocr_carea' id='block_1_64' title="bbox 1049 1638 1835 1677">
    <p class='ocr_par' dir='ltr' id='par_1_64' title="bbox 1049 1638 1835 1677">
     <span class='ocr_line' id='line_1_64' title="bbox 1049 1638 1835 1677; baseline -0.003 -9"><span class='ocrx_word' id='word_1_457' title='bbox 1049 1642 1141 1677; x_wconf 79' lang='grc' dir='ltr'>σχῆμα</span> <span class='ocrx_word' id='word_1_458' title='bbox 1157 1641 1237 1667; x_wconf 73' lang='grc' dir='ltr'>τοῦτο</span> <span class='ocrx_word' id='word_1_459' title='bbox 1249 1641 1295 1667; x_wconf 78' lang='grc' dir='ltr'>καὶ</span> <span class='ocrx_word' id='word_1_460' title='bbox 1309 1641 1377 1676; x_wconf 78' lang='grc' dir='ltr'>πρὸς</span> <span class='ocrx_word' id='word_1_461' title='bbox 1391 1641 1454 1671; x_wconf 84' lang='grc' dir='ltr'>τοὺς</span> <span class='ocrx_word' id='word_1_462' title='bbox 1466 1639 1688 1676; x_wconf 78' lang='grc' dir='ltr'>ὲξονειρωγμούς.</span> <span class='ocrx_word' id='word_1_463' title='bbox 1709 1640 1767 1676; x_wconf 75' lang='grc'><strong>[861</strong></span> <span class='ocrx_word' id='word_1_464' title='bbox 1787 1638 1835 1675; x_wconf 74' lang='lat' dir='ltr'><strong>IL]</strong></span> 
     </span>
    </p>
   </div>
   <div class='ocr_carea' id='block_1_65' title="bbox 1050 1685 1835 1722">
    <p class='ocr_par' dir='ltr' id='par_1_65' title="bbox 1050 1685 1835 1722">
     <span class='ocr_line' id='line_1_65' title="bbox 1050 1685 1835 1722; baseline -0.003 -8"><span class='ocrx_word' id='word_1_465' title='bbox 1050 1689 1112 1715; x_wconf 86' lang='grc' dir='ltr'>Ὀτι</span> <span class='ocrx_word' id='word_1_466' title='bbox 1141 1688 1175 1714; x_wconf 71' lang='grc' dir='ltr'><strong>τὰ</strong></span> <span class='ocrx_word' id='word_1_467' title='bbox 1197 1687 1269 1722; x_wconf 75' lang='grc' dir='ltr'>ὑγρὰ</span> <span class='ocrx_word' id='word_1_468' title='bbox 1284 1685 1399 1722; x_wconf 84' lang='grc' dir='ltr'>σώματα</span> <span class='ocrx_word' id='word_1_469' title='bbox 1419 1686 1612 1722; x_wconf 83' lang='grc' dir='ltr'>κοπιαρώτερα</span> <span class='ocrx_word' id='word_1_470' title='bbox 1625 1686 1680 1713; x_wconf 84' lang='grc' dir='ltr'><strong>τῶν</strong></span> <span class='ocrx_word' id='word_1_471' title='bbox 1696 1686 1835 1721; x_wconf 82' lang='grc' dir='ltr'>σκληρῶν,</span> 
     </span>
    </p>
   </div>
   <div class='ocr_carea' id='block_1_66' title="bbox 1046 1731 1836 1768">
    <p class='ocr_par' dir='ltr' id='par_1_66' title="bbox 1046 1731 1836 1768">
     <span class='ocr_line' id='line_1_66' title="bbox 1046 1731 1836 1768; baseline -0.001 -8"><span class='ocrx_word' id='word_1_472' title='bbox 1046 1734 1114 1760; x_wconf 81' lang='grc' dir='ltr'>διότι</span> <span class='ocrx_word' id='word_1_473' title='bbox 1127 1733 1319 1767; x_wconf 78' lang='grc' dir='ltr'>ἀσθενέστερα,</span> <span class='ocrx_word' id='word_1_474' title='bbox 1337 1734 1361 1759; x_wconf 82' lang='grc' dir='ltr'>εἰ</span> <span class='ocrx_word' id='word_1_475' title='bbox 1392 1734 1438 1760; x_wconf 80' lang='grc' dir='ltr'>καὶ</span> <span class='ocrx_word' id='word_1_476' title='bbox 1461 1733 1540 1760; x_wconf 75' lang='grc' dir='ltr'>ἄλλον</span> <span class='ocrx_word' id='word_1_477' title='bbox 1563 1733 1663 1768; x_wconf 84' lang='grc' dir='ltr'>τρόπον</span> <span class='ocrx_word' id='word_1_478' title='bbox 1677 1732 1712 1760; x_wconf 70' lang='grc' dir='ltr'>τὰ</span> <span class='ocrx_word' id='word_1_479' title='bbox 1728 1731 1836 1767; x_wconf 78' lang='grc' dir='ltr'>σκληρὰ</span> 
     </span>
    </p>
   </div>
   <div class='ocr_carea' id='block_1_67' title="bbox 1047 1778 1311 1814">
    <p class='ocr_par' dir='ltr' id='par_1_67' title="bbox 1047 1778 1311 1814">
     <span class='ocr_line' id='line_1_67' title="bbox 1047 1778 1311 1814; baseline -0.008 -8"><span class='ocrx_word' id='word_1_480' title='bbox 1047 1778 1228 1814; x_wconf 76' lang='grc' dir='ltr'>εὐοραυστότε</span> <span class='ocrx_word' id='word_1_481' title='bbox 1234 1787 1266 1813; x_wconf 86' lang='grc' dir='ltr'><strong>ρα</strong></span> <span class='ocrx_word' id='word_1_482' title='bbox 1281 1778 1311 1804; x_wconf 67' lang='grc' dir='ltr'><strong>ιθ.</strong></span> 
     </span>
    </p>
   </div>
   <div class='ocr_carea' id='block_1_68' title="bbox 206 1824 993 1863">
    <p class='ocr_par' dir='ltr' id='par_1_68' title="bbox 206 1826 993 1863">
     <span class='ocr_line' id='line_1_68' title="bbox 206 1826 993 1863; baseline -0.003 -9"><span class='ocrx_word' id='word_1_483' title='bbox 206 1827 334 1863; x_wconf 73' lang='lat' dir='ltr'><strong>Ejusdem</strong></span> <span class='ocrx_word' id='word_1_484' title='bbox 348 1827 380 1854; x_wconf 81' lang='lat' dir='ltr'><strong>de</strong></span> <span class='ocrx_word' id='word_1_485' title='bbox 401 1826 599 1859; x_wconf 74' lang='lat' dir='ltr'><strong>animantibus,</strong></span> <span class='ocrx_word' id='word_1_486' title='bbox 616 1834 674 1861; x_wconf 77' lang='lat' dir='ltr'><strong>qua:</strong></span> <span class='ocrx_word' id='word_1_487' title='bbox 698 1835 756 1853; x_wconf 76' lang='lat' dir='ltr'><strong>cum</strong></span> <span class='ocrx_word' id='word_1_488' title='bbox 770 1826 846 1861; x_wconf 85' lang='lat' dir='ltr'><strong>copia</strong></span> <span class='ocrx_word' id='word_1_489' title='bbox 861 1827 993 1853; x_wconf 75' lang='lat' dir='ltr'><strong>visuntur.</strong></span> 
     </span>
    </p>
   </div>
   <div class='ocr_carea' id='block_1_69' title="bbox 1047 1824 1837 1863">
    <p class='ocr_par' dir='ltr' id='par_1_69' title="bbox 1049 1824 1837 1863">
     <span class='ocr_line' id='line_1_69' title="bbox 1049 1824 1837 1863; baseline 0.001 -11"><span class='ocrx_word' id='word_1_490' title='bbox 1049 1825 1104 1852; x_wconf 85' lang='grc' dir='ltr'><strong>Τοῦ</strong></span> <span class='ocrx_word' id='word_1_491' title='bbox 1121 1825 1214 1852; x_wconf 77' lang='grc' dir='ltr'>αὑτοῦ</span> <span class='ocrx_word' id='word_1_492' title='bbox 1228 1826 1250 1841; x_wconf 74' lang='grc' dir='ltr'><strong>’θ</strong></span> <span class='ocrx_word' id='word_1_493' title='bbox 1264 1825 1298 1852; x_wconf 77' lang='grc' dir='ltr'>ἐκ</span> <span class='ocrx_word' id='word_1_494' title='bbox 1309 1825 1360 1852; x_wconf 84' lang='grc' dir='ltr'>τοῦ</span> <span class='ocrx_word' id='word_1_495' title='bbox 1373 1825 1439 1863; x_wconf 60' lang='grc' dir='ltr'>περὶ</span> <span class='ocrx_word' id='word_1_496' title='bbox 1451 1824 1509 1852; x_wconf 78' lang='grc' dir='ltr'><strong>τῶν</strong></span> <span class='ocrx_word' id='word_1_497' title='bbox 1521 1825 1634 1859; x_wconf 83' lang='grc' dir='ltr'>ἁθρόως</span> <span class='ocrx_word' id='word_1_498' title='bbox 1647 1825 1837 1860; x_wconf 65' lang='grc' dir='ltr'>φαινομένων</span> 
     </span>
    </p>
   </div>
   <div class='ocr_carea' id='block_1_70' title="bbox 239 1902 994 1940">
    <p class='ocr_par' dir='ltr' id='par_1_70' title="bbox 239 1902 994 1940">
     <span class='ocr_line' id='line_1_70' title="bbox 239 1902 994 1940; baseline 0.003 -11"><span class='ocrx_word' id='word_1_499' title='bbox 239 1903 425 1930; x_wconf 82' lang='lat' dir='ltr'><strong>Animantium</strong></span> <span class='ocrx_word' id='word_1_500' title='bbox 435 1902 507 1939; x_wconf 65' lang='grc'><strong>(25⁸)</strong></span> <span class='ocrx_word' id='word_1_501' title='bbox 519 1911 580 1939; x_wconf 70' lang='lat' dir='ltr'><strong>quae</strong></span> <span class='ocrx_word' id='word_1_502' title='bbox 587 1911 648 1931; x_wconf 85' lang='lat' dir='ltr'><strong>cum</strong></span> <span class='ocrx_word' id='word_1_503' title='bbox 658 1904 733 1940; x_wconf 78' lang='lat' dir='ltr'><strong>copia</strong></span> <span class='ocrx_word' id='word_1_504' title='bbox 742 1904 876 1936; x_wconf 85' lang='lat' dir='ltr'><strong>visuntur,</strong></span> <span class='ocrx_word' id='word_1_505' title='bbox 886 1911 938 1931; x_wconf 92' lang='lat' dir='ltr'><strong>non</strong></span> <span class='ocrx_word' id='word_1_506' title='bbox 947 1913 994 1931; x_wconf 89' lang='lat' dir='ltr'><strong>ea-</strong></span> 
     </span>
    </p>
   </div>
   <div class='ocr_carea' id='block_1_71' title="bbox 204 1950 996 1984">
    <p class='ocr_par' dir='ltr' id='par_1_71' title="bbox 204 1950 996 1984">
     <span class='ocr_line' id='line_1_71' title="bbox 204 1950 996 1984; baseline 0.001 -7"><span class='ocrx_word' id='word_1_507' title='bbox 204 1950 266 1977; x_wconf 89' lang='lat' dir='ltr'><strong>dctn</strong></span> <span class='ocrx_word' id='word_1_508' title='bbox 283 1954 324 1976; x_wconf 80' lang='lat' dir='ltr'><strong>est</strong></span> <span class='ocrx_word' id='word_1_509' title='bbox 339 1950 462 1976; x_wconf 89' lang='lat' dir='ltr'><strong>omnium</strong></span> <span class='ocrx_word' id='word_1_510' title='bbox 476 1958 559 1977; x_wconf 85' lang='lat' dir='ltr'><strong>causa</strong></span> <span class='ocrx_word' id='word_1_511' title='bbox 571 1958 577 1975; x_wconf 93' lang='lat'>:</span> <span class='ocrx_word' id='word_1_512' title='bbox 591 1950 636 1977; x_wconf 82' lang='lat' dir='ltr'><strong>seti</strong></span> <span class='ocrx_word' id='word_1_513' title='bbox 652 1951 703 1977; x_wconf 90' lang='lat' dir='ltr'><strong>alia</strong></span> <span class='ocrx_word' id='word_1_514' title='bbox 719 1951 815 1978; x_wconf 87' lang='lat' dir='ltr'><strong>horum</strong></span> <span class='ocrx_word' id='word_1_515' title='bbox 831 1956 996 1984; x_wconf 69' lang='lat' dir='ltr'><strong>generantur</strong></span> 
     </span>
    </p>
   </div>
   <div class='ocr_carea' id='block_1_72' title="bbox 205 1997 994 2030">
    <p class='ocr_par' dir='ltr' id='par_1_72' title="bbox 205 1997 994 2030">
     <span class='ocr_line' id='line_1_72' title="bbox 205 1997 994 2030; baseline 0.001 -6"><span class='ocrx_word' id='word_1_516' title='bbox 205 1997 308 2029; x_wconf 83' lang='lat' dir='ltr'><strong>subito,</strong></span> <span class='ocrx_word' id='word_1_517' title='bbox 326 2001 355 2023; x_wconf 88' lang='lat' dir='ltr'><strong>ut.</strong></span> <span class='ocrx_word' id='word_1_518' title='bbox 369 2005 482 2028; x_wconf 61' lang='lat' dir='ltr'><strong>musam,</strong></span> <span class='ocrx_word' id='word_1_519' title='bbox 498 2005 558 2030; x_wconf 79' lang='lat' dir='ltr'><strong>qua:</strong></span> <span class='ocrx_word' id='word_1_520' title='bbox 570 1998 595 2023; x_wconf 94' lang='lat' dir='ltr'><strong>in</strong></span> <span class='ocrx_word' id='word_1_521' title='bbox 612 1997 780 2025; x_wconf 82' lang='lat' dir='ltr'><strong>exercitibus</strong></span> <span class='ocrx_word' id='word_1_522' title='bbox 804 2003 830 2025; x_wconf 91' lang='lat' dir='ltr'><strong>et</strong></span> <span class='ocrx_word' id='word_1_523' title='bbox 853 1998 994 2025; x_wconf 90' lang='lat' dir='ltr'><strong>hominum</strong></span> 
     </span>
    </p>
   </div>
   <div class='ocr_carea' id='block_1_73' title="bbox 205 2043 993 2078">
    <p class='ocr_par' dir='ltr' id='par_1_73' title="bbox 205 2043 993 2078">
     <span class='ocr_line' id='line_1_73' title="bbox 205 2043 993 2078; baseline 0 -8"><span class='ocrx_word' id='word_1_524' title='bbox 205 2043 372 2078; x_wconf 81' lang='lat' dir='ltr'><strong>frequentia,</strong></span> <span class='ocrx_word' id='word_1_525' title='bbox 387 2050 414 2070; x_wconf 90' lang='lat' dir='ltr'><strong>et</strong></span> <span class='ocrx_word' id='word_1_526' title='bbox 437 2043 512 2070; x_wconf 89' lang='lat' dir='ltr'><strong>hisce</strong></span> <span class='ocrx_word' id='word_1_527' title='bbox 532 2043 626 2076; x_wconf 83' lang='lat' dir='ltr'><strong>ﬁnitis,</strong></span> <span class='ocrx_word' id='word_1_528' title='bbox 652 2043 745 2077; x_wconf 85' lang='lat' dir='ltr'><strong>plures</strong></span> <span class='ocrx_word' id='word_1_529' title='bbox 760 2049 891 2078; x_wconf 79' lang='lat' dir='ltr'><strong>przeterea</strong></span> <span class='ocrx_word' id='word_1_530' title='bbox 916 2043 993 2071; x_wconf 86' lang='lat' dir='ltr'><strong>ﬁunt.</strong></span> 
     </span>
    </p>
   </div>
   <div class='ocr_carea' id='block_1_74' title="bbox 205 2088 993 2124">
    <p class='ocr_par' dir='ltr' id='par_1_74' title="bbox 205 2088 993 2124">
     <span class='ocr_line' id='line_1_74' title="bbox 205 2088 993 2124; baseline 0 -9"><span class='ocrx_word' id='word_1_531' title='bbox 205 2088 298 2116; x_wconf 77' lang='lat' dir='ltr'><strong>FimUs</strong></span> <span class='ocrx_word' id='word_1_532' title='bbox 328 2088 401 2116; x_wconf 87' lang='lat' dir='ltr'><strong>enim</strong></span> <span class='ocrx_word' id='word_1_533' title='bbox 433 2093 461 2115; x_wconf 86' lang='lat' dir='ltr'><strong>et</strong></span> <span class='ocrx_word' id='word_1_534' title='bbox 481 2089 597 2116; x_wconf 87' lang='lat' dir='ltr'><strong>aliarttm</strong></span> <span class='ocrx_word' id='word_1_535' title='bbox 624 2096 714 2116; x_wconf 85' lang='lat' dir='ltr'><strong>rerum</strong></span> <span class='ocrx_word' id='word_1_536' title='bbox 742 2090 869 2124; x_wconf 83' lang='lat' dir='ltr'><strong>putredo,</strong></span> <span class='ocrx_word' id='word_1_537' title='bbox 895 2089 993 2116; x_wconf 87' lang='lat' dir='ltr'><strong>harum</strong></span> 
     </span>
    </p>
   </div>
   <div class='ocr_carea' id='block_1_75' title="bbox 205 2134 994 2169">
    <p class='ocr_par' dir='ltr' id='par_1_75' title="bbox 205 2134 994 2169">
     <span class='ocr_line' id='line_1_75' title="bbox 205 2134 994 2169; baseline -0.001 -7"><span class='ocrx_word' id='word_1_538' title='bbox 205 2140 284 2162; x_wconf 87' lang='lat' dir='ltr'><strong>orttts</strong></span> <span class='ocrx_word' id='word_1_539' title='bbox 305 2142 400 2162; x_wconf 87' lang='lat' dir='ltr'><strong>causa.</strong></span> <span class='ocrx_word' id='word_1_540' title='bbox 415 2134 476 2162; x_wconf 84' lang='lat' dir='ltr'><strong>Alia</strong></span> <span class='ocrx_word' id='word_1_541' title='bbox 486 2142 549 2162; x_wconf 81' lang='lat' dir='ltr'><strong>vero</strong></span> <span class='ocrx_word' id='word_1_542' title='bbox 562 2135 638 2169; x_wconf 89' lang='lat' dir='ltr'><strong>prius</strong></span> <span class='ocrx_word' id='word_1_543' title='bbox 653 2135 762 2169; x_wconf 85' lang='lat' dir='ltr'><strong>quidem</strong></span> <span class='ocrx_word' id='word_1_544' title='bbox 780 2135 927 2166; x_wconf 80' lang='lat' dir='ltr'><strong>exsistunt.</strong></span> <span class='ocrx_word' id='word_1_545' title='bbox 947 2135 994 2161; x_wconf 89' lang='lat' dir='ltr'><strong>sed</strong></span> 
     </span>
    </p>
   </div>
   <div class='ocr_carea' id='block_1_76' title="bbox 205 2181 992 2216">
    <p class='ocr_par' dir='ltr' id='par_1_76' title="bbox 205 2181 992 2216">
     <span class='ocr_line' id='line_1_76' title="bbox 205 2181 992 2216; baseline -0.001 -7"><span class='ocrx_word' id='word_1_546' title='bbox 205 2187 338 2216; x_wconf 81' lang='lat' dir='ltr'><strong>apparent</strong></span> <span class='ocrx_word' id='word_1_547' title='bbox 355 2181 540 2216; x_wconf 78' lang='lat' dir='ltr'><strong>postplttvias,</strong></span> <span class='ocrx_word' id='word_1_548' title='bbox 559 2187 589 2208; x_wconf 90' lang='lat' dir='ltr'><strong>ut</strong></span> <span class='ocrx_word' id='word_1_549' title='bbox 601 2181 734 2211; x_wconf 67' lang='lat' dir='ltr'><strong>cochleae,</strong></span> <span class='ocrx_word' id='word_1_550' title='bbox 749 2185 777 2207; x_wconf 86' lang='lat' dir='ltr'><strong>et</strong></span> <span class='ocrx_word' id='word_1_551' title='bbox 794 2188 885 2214; x_wconf 78' lang='lat' dir='ltr'><strong>parva:</strong></span> <span class='ocrx_word' id='word_1_552' title='bbox 908 2189 992 2208; x_wconf 65' lang='lat' dir='ltr'><strong>ranae.</strong></span> 
     </span>
    </p>
   </div>
   <div class='ocr_carea' id='block_1_77' title="bbox 205 2225 993 2261">
    <p class='ocr_par' dir='ltr' id='par_1_77' title="bbox 205 2225 993 2261">
     <span class='ocr_line' id='line_1_77' title="bbox 205 2225 993 2261; baseline -0.003 -8"><span class='ocrx_word' id='word_1_553' title='bbox 205 2227 264 2254; x_wconf 81' lang='lat' dir='ltr'><strong>Non</strong></span> <span class='ocrx_word' id='word_1_554' title='bbox 279 2227 351 2253; x_wconf 90' lang='lat' dir='ltr'><strong>cuitu</strong></span> <span class='ocrx_word' id='word_1_555' title='bbox 370 2227 460 2261; x_wconf 88' lang='lat' dir='ltr'><strong>pluvia</strong></span> <span class='ocrx_word' id='word_1_556' title='bbox 473 2226 614 2256; x_wconf 87' lang='lat' dir='ltr'><strong>decidunt.</strong></span> <span class='ocrx_word' id='word_1_557' title='bbox 634 2230 663 2252; x_wconf 89' lang='grc' dir='ltr'><strong>ιιι</strong></span> <span class='ocrx_word' id='word_1_558' title='bbox 676 2225 801 2252; x_wconf 87' lang='lat' dir='ltr'><strong>ttounttlli</strong></span> <span class='ocrx_word' id='word_1_559' title='bbox 820 2230 929 2260; x_wconf 83' lang='lat' dir='ltr'><strong>putant,</strong></span> <span class='ocrx_word' id='word_1_560' title='bbox 946 2226 993 2252; x_wconf 86' lang='lat' dir='ltr'><strong>sed</strong></span> 
     </span>
    </p>
   </div>
   <div class='ocr_carea' id='block_1_78' title="bbox 206 2271 992 2307">
    <p class='ocr_par' dir='ltr' id='par_1_78' title="bbox 206 2271 992 2307">
     <span class='ocr_line' id='line_1_78' title="bbox 206 2271 992 2307; baseline -0.004 -7"><span class='ocrx_word' id='word_1_561' title='bbox 206 2279 271 2301; x_wconf 89' lang='lat' dir='ltr'><strong>tunc</strong></span> <span class='ocrx_word' id='word_1_562' title='bbox 294 2273 437 2307; x_wconf 80' lang='lat' dir='ltr'><strong>prodeunt,</strong></span> <span class='ocrx_word' id='word_1_563' title='bbox 469 2280 531 2300; x_wconf 91' lang='lat' dir='ltr'><strong>cutn</strong></span> <span class='ocrx_word' id='word_1_564' title='bbox 556 2277 635 2299; x_wconf 88' lang='lat' dir='ltr'><strong>antea</strong></span> <span class='ocrx_word' id='word_1_565' title='bbox 665 2272 691 2298; x_wconf 89' lang='lat' dir='ltr'><strong>in</strong></span> <span class='ocrx_word' id='word_1_566' title='bbox 707 2276 778 2298; x_wconf 87' lang='lat' dir='ltr'><strong>terra</strong></span> <span class='ocrx_word' id='word_1_567' title='bbox 792 2271 903 2304; x_wconf 75' lang='lat' dir='ltr'><strong>fuerint,</strong></span> <span class='ocrx_word' id='word_1_568' title='bbox 921 2273 992 2306; x_wconf 86' lang='lat' dir='ltr'><strong>quod</strong></span> 
     </span>
    </p>
   </div>
   <div class='ocr_carea' id='block_1_79' title="bbox 206 2318 994 2355">
    <p class='ocr_par' dir='ltr' id='par_1_79' title="bbox 206 2318 994 2355">
     <span class='ocr_line' id='line_1_79' title="bbox 206 2318 994 2355; baseline -0.001 -8"><span class='ocrx_word' id='word_1_569' title='bbox 206 2328 276 2355; x_wconf 85' lang='lat' dir='ltr'><strong>aqua</strong></span> <span class='ocrx_word' id='word_1_570' title='bbox 289 2321 316 2347; x_wconf 91' lang='lat' dir='ltr'><strong>iu</strong></span> <span class='ocrx_word' id='word_1_571' title='bbox 334 2328 429 2347; x_wconf 89' lang='lat' dir='ltr'><strong>eorum</strong></span> <span class='ocrx_word' id='word_1_572' title='bbox 452 2319 586 2347; x_wconf 87' lang='lat' dir='ltr'><strong>foramina</strong></span> <span class='ocrx_word' id='word_1_573' title='bbox 603 2318 707 2346; x_wconf 86' lang='lat' dir='ltr'><strong>inﬂuat.</strong></span> <span class='ocrx_word' id='word_1_574' title='bbox 726 2318 772 2346; x_wconf 86' lang='lat' dir='ltr'><strong>Est</strong></span> <span class='ocrx_word' id='word_1_575' title='bbox 789 2323 815 2346; x_wconf 87' lang='lat' dir='ltr'><strong>et</strong></span> <span class='ocrx_word' id='word_1_576' title='bbox 825 2320 897 2346; x_wconf 87' lang='lat' dir='ltr'><strong>alitul</strong></span> <span class='ocrx_word' id='word_1_577' title='bbox 915 2327 994 2346; x_wconf 90' lang='lat' dir='ltr'><strong>rana-</strong></span> 
     </span>
    </p>
   </div>
   <div class='ocr_carea' id='block_1_80' title="bbox 206 2365 993 2401">
    <p class='ocr_par' dir='ltr' id='par_1_80' title="bbox 206 2365 993 2401">
     <span class='ocr_line' id='line_1_80' title="bbox 206 2365 993 2401; baseline -0.003 -7"><span class='ocrx_word' id='word_1_578' title='bbox 206 2374 266 2394; x_wconf 89' lang='lat' dir='ltr'><strong>runt</strong></span> <span class='ocrx_word' id='word_1_579' title='bbox 283 2375 370 2401; x_wconf 75' lang='lat' dir='ltr'><strong>genus</strong></span> <span class='ocrx_word' id='word_1_580' title='bbox 386 2370 483 2401; x_wconf 66' lang='lat' dir='ltr'><strong>praeter</strong></span> <span class='ocrx_word' id='word_1_581' title='bbox 493 2373 540 2392; x_wconf 87' lang='lat' dir='ltr'><strong>cas</strong></span> <span class='ocrx_word' id='word_1_582' title='bbox 556 2373 615 2399; x_wconf 76' lang='lat' dir='ltr'><strong>quze</strong></span> <span class='ocrx_word' id='word_1_583' title='bbox 634 2365 660 2391; x_wconf 91' lang='lat' dir='ltr'><strong>in</strong></span> <span class='ocrx_word' id='word_1_584' title='bbox 675 2365 789 2392; x_wconf 87' lang='lat' dir='ltr'><strong>lacubus</strong></span> <span class='ocrx_word' id='word_1_585' title='bbox 805 2369 831 2392; x_wconf 84' lang='lat' dir='ltr'><strong>et</strong></span> <span class='ocrx_word' id='word_1_586' title='bbox 848 2365 993 2400; x_wconf 86' lang='lat' dir='ltr'><strong>paludibus</strong></span> 
     </span>
    </p>
   </div>
   <div class='ocr_carea' id='block_1_81' title="bbox 206 2411 993 2448">
    <p class='ocr_par' dir='ltr' id='par_1_81' title="bbox 206 2411 993 2448">
     <span class='ocr_line' id='line_1_81' title="bbox 206 2411 993 2448; baseline -0.003 -8"><span class='ocrx_word' id='word_1_587' title='bbox 206 2418 281 2441; x_wconf 82' lang='lat' dir='ltr'><strong>sunt.</strong></span> <span class='ocrx_word' id='word_1_588' title='bbox 297 2412 498 2439; x_wconf 83' lang='lat' dir='ltr'><strong>Multitudinetn</strong></span> <span class='ocrx_word' id='word_1_589' title='bbox 516 2417 606 2439; x_wconf 90' lang='lat' dir='ltr'><strong>autetu</strong></span> <span class='ocrx_word' id='word_1_590' title='bbox 630 2412 728 2438; x_wconf 87' lang='lat' dir='ltr'><strong>harum</strong></span> <span class='ocrx_word' id='word_1_591' title='bbox 743 2416 769 2438; x_wconf 85' lang='lat' dir='ltr'><strong>et</strong></span> <span class='ocrx_word' id='word_1_592' title='bbox 791 2411 904 2438; x_wconf 85' lang='lat' dir='ltr'><strong>aliarum</strong></span> <span class='ocrx_word' id='word_1_593' title='bbox 922 2411 993 2448; x_wconf 85' lang='lat' dir='ltr'><strong>[ani-</strong></span> 
     </span>
    </p>
   </div>
   <div class='ocr_carea' id='block_1_82' title="bbox 207 2457 994 2493">
    <p class='ocr_par' dir='ltr' id='par_1_82' title="bbox 207 2457 994 2493">
     <span class='ocr_line' id='line_1_82' title="bbox 207 2457 994 2493; baseline 0.003 -9"><span class='ocrx_word' id='word_1_594' title='bbox 207 2457 352 2493; x_wconf 84' lang='lat' dir='ltr'><strong>mantium]</strong></span> <span class='ocrx_word' id='word_1_595' title='bbox 369 2458 455 2493; x_wconf 77' lang='lat' dir='ltr'><strong>gignit</strong></span> <span class='ocrx_word' id='word_1_596' title='bbox 475 2458 596 2492; x_wconf 88' lang='lat' dir='ltr'><strong>ipsarum</strong></span> <span class='ocrx_word' id='word_1_597' title='bbox 620 2458 797 2493; x_wconf 85' lang='lat' dir='ltr'><strong>prosperitas.</strong></span> <span class='ocrx_word' id='word_1_598' title='bbox 814 2458 909 2485; x_wconf 87' lang='lat' dir='ltr'><strong>Potius</strong></span> <span class='ocrx_word' id='word_1_599' title='bbox 932 2463 994 2493; x_wconf 85' lang='lat' dir='ltr'><strong>post</strong></span> 
     </span>
    </p>
   </div>
   <div class='ocr_carea' id='block_1_83' title="bbox 1391 1861 1477 1891">
    <p class='ocr_par' dir='ltr' id='par_1_83' title="bbox 1391 1861 1477 1891">
     <span class='ocr_line' id='line_1_83' title="bbox 1391 1861 1477 1891; baseline 0.012 -5"><span class='ocrx_word' id='word_1_600' title='bbox 1391 1861 1477 1891; x_wconf 70' lang='grc' dir='ltr'><strong>ζώων.</strong></span> 
     </span>
    </p>
   </div>
   <div class='ocr_carea' id='block_1_84' title="bbox 1082 1905 1835 1942">
    <p class='ocr_par' dir='ltr' id='par_1_84' title="bbox 1082 1905 1835 1942">
     <span class='ocr_line' id='line_1_84' title="bbox 1082 1905 1835 1942; baseline 0.001 -10"><span class='ocrx_word' id='word_1_601' title='bbox 1082 1907 1143 1932; x_wconf 88' lang='grc' dir='ltr'><strong>Ὅτι</strong></span> <span class='ocrx_word' id='word_1_602' title='bbox 1156 1906 1211 1933; x_wconf 83' lang='grc' dir='ltr'><strong>τῶν</strong></span> <span class='ocrx_word' id='word_1_603' title='bbox 1226 1906 1323 1941; x_wconf 82' lang='grc' dir='ltr'>ἀθρόον</span> <span class='ocrx_word' id='word_1_604' title='bbox 1334 1905 1356 1922; x_wconf 69' lang='grc'><strong>’³</strong></span> <span class='ocrx_word' id='word_1_605' title='bbox 1374 1907 1545 1941; x_wconf 73' lang='grc' dir='ltr'>φαινομένων</span> <span class='ocrx_word' id='word_1_606' title='bbox 1566 1905 1644 1937; x_wconf 79' lang='grc' dir='ltr'>ζώων</span> <span class='ocrx_word' id='word_1_607' title='bbox 1665 1907 1713 1941; x_wconf 85' lang='grc' dir='ltr'>οὐχ</span> <span class='ocrx_word' id='word_1_608' title='bbox 1733 1907 1750 1942; x_wconf 88' lang='grc' dir='ltr'><strong>ἡ</strong></span> <span class='ocrx_word' id='word_1_609' title='bbox 1764 1907 1835 1942; x_wconf 74' lang='grc' dir='ltr'>αὐτὴ</span> 
     </span>
    </p>
   </div>
   <div class='ocr_carea' id='block_1_85' title="bbox 1046 1951 1835 1987">
    <p class='ocr_par' dir='ltr' id='par_1_85' title="bbox 1046 1951 1835 1987">
     <span class='ocr_line' id='line_1_85' title="bbox 1046 1951 1835 1987; baseline 0.001 -9"><span class='ocrx_word' id='word_1_610' title='bbox 1046 1952 1155 1978; x_wconf 75' lang='grc' dir='ltr'>πάντων</span> <span class='ocrx_word' id='word_1_611' title='bbox 1167 1952 1253 1983; x_wconf 85' lang='grc' dir='ltr'>αἰτία,</span> <span class='ocrx_word' id='word_1_612' title='bbox 1267 1952 1336 1979; x_wconf 75' lang='grc' dir='ltr'>ἀλλὰ</span> <span class='ocrx_word' id='word_1_613' title='bbox 1351 1951 1404 1978; x_wconf 86' lang='grc' dir='ltr'><strong>τῶν</strong></span> <span class='ocrx_word' id='word_1_614' title='bbox 1421 1951 1470 1986; x_wconf 77' lang='grc' dir='ltr'>μὲν</span> <span class='ocrx_word' id='word_1_615' title='bbox 1487 1952 1535 1978; x_wconf 73' lang='grc' dir='ltr'>καὶ</span> <span class='ocrx_word' id='word_1_616' title='bbox 1547 1953 1563 1987; x_wconf 78' lang='grc' dir='ltr'>ἡ</span> <span class='ocrx_word' id='word_1_617' title='bbox 1575 1952 1680 1986; x_wconf 83' lang='grc' dir='ltr'>γένεσις</span> <span class='ocrx_word' id='word_1_618' title='bbox 1692 1952 1771 1983; x_wconf 66' lang='grc' dir='ltr'>εὐθὺς</span> <span class='ocrx_word' id='word_1_619' title='bbox 1781 1961 1835 1986; x_wconf 79' lang='grc' dir='ltr'><strong>φα-</strong></span> 
     </span>
    </p>
   </div>
   <div class='ocr_carea' id='block_1_86' title="bbox 1045 1997 1835 2034">
    <p class='ocr_par' dir='ltr' id='par_1_86' title="bbox 1045 1997 1835 2034">
     <span class='ocr_line' id='line_1_86' title="bbox 1045 1997 1835 2034; baseline 0.001 -10"><span class='ocrx_word' id='word_1_620' title='bbox 1045 1998 1122 2033; x_wconf 68' lang='grc' dir='ltr'>νερὰ,</span> <span class='ocrx_word' id='word_1_621' title='bbox 1146 1997 1241 2033; x_wconf 86' lang='grc' dir='ltr'>ὥσπερ</span> <span class='ocrx_word' id='word_1_622' title='bbox 1267 1998 1321 2024; x_wconf 83' lang='grc' dir='ltr'><strong>τῶν</strong></span> <span class='ocrx_word' id='word_1_623' title='bbox 1336 1997 1422 2033; x_wconf 83' lang='grc' dir='ltr'>μυιῶν</span> <span class='ocrx_word' id='word_1_624' title='bbox 1434 1998 1468 2030; x_wconf 79' lang='grc'><strong>¹¹,</strong></span> <span class='ocrx_word' id='word_1_625' title='bbox 1483 1998 1511 2024; x_wconf 82' lang='grc' dir='ltr'>αἳ</span> <span class='ocrx_word' id='word_1_626' title='bbox 1523 1999 1552 2024; x_wconf 81' lang='grc' dir='ltr'><strong>ὲν</strong></span> <span class='ocrx_word' id='word_1_627' title='bbox 1564 2000 1620 2030; x_wconf 81' lang='grc' dir='ltr'>τοῖς</span> <span class='ocrx_word' id='word_1_628' title='bbox 1642 1999 1835 2034; x_wconf 73' lang='grc' dir='ltr'>στρατοπέδοις</span> 
     </span>
    </p>
   </div>
   <div class='ocr_carea' id='block_1_87' title="bbox 1045 2043 1833 2080">
    <p class='ocr_par' dir='ltr' id='par_1_87' title="bbox 1045 2043 1833 2080">
     <span class='ocr_line' id='line_1_87' title="bbox 1045 2043 1833 2080; baseline 0.003 -10"><span class='ocrx_word' id='word_1_629' title='bbox 1045 2044 1093 2070; x_wconf 74' lang='grc' dir='ltr'>καὶ</span> <span class='ocrx_word' id='word_1_630' title='bbox 1104 2044 1132 2070; x_wconf 77' lang='grc' dir='ltr'><strong>ὲν</strong></span> <span class='ocrx_word' id='word_1_631' title='bbox 1145 2045 1206 2076; x_wconf 84' lang='grc' dir='ltr'>ταῖς</span> <span class='ocrx_word' id='word_1_632' title='bbox 1220 2044 1390 2080; x_wconf 80' lang='grc' dir='ltr'>πανηγύρεσι</span> <span class='ocrx_word' id='word_1_633' title='bbox 1405 2043 1452 2070; x_wconf 74' lang='grc' dir='ltr'>καὶ</span> <span class='ocrx_word' id='word_1_634' title='bbox 1470 2045 1540 2078; x_wconf 76' lang='grc' dir='ltr'>μετὰ</span> <span class='ocrx_word' id='word_1_635' title='bbox 1553 2044 1584 2070; x_wconf 81' lang='grc' dir='ltr'><strong>τὸ</strong></span> <span class='ocrx_word' id='word_1_636' title='bbox 1605 2045 1750 2079; x_wconf 82' lang='grc' dir='ltr'>παρελθεῖν</span> <span class='ocrx_word' id='word_1_637' title='bbox 1763 2045 1833 2072; x_wconf 83' lang='grc' dir='ltr'>αὐτὰ</span> 
     </span>
    </p>
   </div>
   <div class='ocr_carea' id='block_1_88' title="bbox 1045 2091 1835 2127">
    <p class='ocr_par' dir='ltr' id='par_1_88' title="bbox 1045 2091 1835 2127">
     <span class='ocr_line' id='line_1_88' title="bbox 1045 2091 1835 2127; baseline 0.001 -10"><span class='ocrx_word' id='word_1_638' title='bbox 1045 2091 1085 2117; x_wconf 74' lang='grc' dir='ltr'>ἔτι</span> <span class='ocrx_word' id='word_1_639' title='bbox 1102 2091 1201 2125; x_wconf 75' lang='grc' dir='ltr'>μᾶλλον</span> <span class='ocrx_word' id='word_1_640' title='bbox 1219 2091 1356 2125; x_wconf 89' lang='grc' dir='ltr'>γίνονται·</span> <span class='ocrx_word' id='word_1_641' title='bbox 1374 2091 1545 2125; x_wconf 41' lang='grc' dir='ltr'>τούτωνιγὰρ</span> <span class='ocrx_word' id='word_1_642' title='bbox 1559 2091 1576 2126; x_wconf 71' lang='grc' dir='ltr'>ἦ</span> <span class='ocrx_word' id='word_1_643' title='bbox 1592 2099 1622 2117; x_wconf 81' lang='grc' dir='ltr'><strong>τε</strong></span> <span class='ocrx_word' id='word_1_644' title='bbox 1642 2092 1743 2127; x_wconf 88' lang='grc' dir='ltr'>κόπρος</span> <span class='ocrx_word' id='word_1_645' title='bbox 1760 2092 1835 2119; x_wconf 82' lang='grc' dir='ltr'>αἰτία</span> 
     </span>
    </p>
   </div>
   <div class='ocr_carea' id='block_1_89' title="bbox 1045 2137 1834 2172">
    <p class='ocr_par' dir='ltr' id='par_1_89' title="bbox 1045 2137 1834 2172">
     <span class='ocr_line' id='line_1_89' title="bbox 1045 2137 1834 2172; baseline 0 -9"><span class='ocrx_word' id='word_1_646' title='bbox 1045 2138 1091 2164; x_wconf 74' lang='grc' dir='ltr'>καὶ</span> <span class='ocrx_word' id='word_1_647' title='bbox 1112 2139 1127 2171; x_wconf 90' lang='grc' dir='ltr'>ἡ</span> <span class='ocrx_word' id='word_1_648' title='bbox 1147 2137 1201 2163; x_wconf 84' lang='grc' dir='ltr'>τῶν</span> <span class='ocrx_word' id='word_1_649' title='bbox 1218 2137 1305 2163; x_wconf 74' lang='grc' dir='ltr'>ἄλλων</span> <span class='ocrx_word' id='word_1_650' title='bbox 1322 2137 1412 2172; x_wconf 73' lang='grc' dir='ltr'>σῆψις.</span> <span class='ocrx_word' id='word_1_651' title='bbox 1434 2137 1518 2164; x_wconf 75' lang='grc' dir='ltr'>’Λλλα</span> <span class='ocrx_word' id='word_1_652' title='bbox 1533 2137 1561 2163; x_wconf 71' lang='grc' dir='ltr'>δὲ</span> <span class='ocrx_word' id='word_1_653' title='bbox 1585 2139 1755 2172; x_wconf 78' lang='grc' dir='ltr'>προῦπάρχει</span> <span class='ocrx_word' id='word_1_654' title='bbox 1773 2138 1834 2172; x_wconf 72' lang='grc' dir='ltr'>μὲν,</span> 
     </span>
    </p>
   </div>
   <div class='ocr_carea' id='block_1_90' title="bbox 1045 2182 1835 2218">
    <p class='ocr_par' dir='ltr' id='par_1_90' title="bbox 1045 2182 1835 2218">
     <span class='ocr_line' id='line_1_90' title="bbox 1045 2182 1835 2218; baseline 0.003 -11"><span class='ocrx_word' id='word_1_655' title='bbox 1045 2182 1202 2216; x_wconf 80' lang='grc' dir='ltr'>ὲκφαίνεται</span> <span class='ocrx_word' id='word_1_656' title='bbox 1215 2183 1238 2197; x_wconf 80' lang='grc'><strong>’³</strong></span> <span class='ocrx_word' id='word_1_657' title='bbox 1251 2182 1279 2208; x_wconf 79' lang='grc' dir='ltr'><strong>δὲ</strong></span> <span class='ocrx_word' id='word_1_658' title='bbox 1293 2182 1337 2208; x_wconf 82' lang='grc' dir='ltr'>διὰ</span> <span class='ocrx_word' id='word_1_659' title='bbox 1350 2183 1412 2214; x_wconf 70' lang='grc' dir='ltr'>τοὺς</span> <span class='ocrx_word' id='word_1_660' title='bbox 1429 2183 1534 2215; x_wconf 77' lang='grc' dir='ltr'>ὑετοὺς,</span> <span class='ocrx_word' id='word_1_661' title='bbox 1546 2182 1640 2218; x_wconf 80' lang='grc' dir='ltr'>ὥσπερ</span> <span class='ocrx_word' id='word_1_662' title='bbox 1651 2182 1714 2209; x_wconf 77' lang='grc' dir='ltr'>οἵτε</span> <span class='ocrx_word' id='word_1_663' title='bbox 1727 2183 1835 2218; x_wconf 84' lang='grc' dir='ltr'>κοχλίαι</span> 
     </span>
    </p>
   </div>
   <div class='ocr_carea' id='block_1_91' title="bbox 1044 2228 1835 2263">
    <p class='ocr_par' dir='ltr' id='par_1_91' title="bbox 1044 2228 1835 2263">
     <span class='ocr_line' id='line_1_91' title="bbox 1044 2228 1835 2263; baseline 0 -9"><span class='ocrx_word' id='word_1_664' title='bbox 1044 2229 1091 2254; x_wconf 75' lang='grc' dir='ltr'><strong>καὶ</strong></span> <span class='ocrx_word' id='word_1_665' title='bbox 1118 2229 1143 2254; x_wconf 80' lang='lat' dir='ltr'><strong>oi</strong></span> <span class='ocrx_word' id='word_1_666' title='bbox 1168 2228 1262 2263; x_wconf 60' lang='grc' dir='ltr'>μικροὶ</span> <span class='ocrx_word' id='word_1_667' title='bbox 1288 2228 1434 2263; x_wconf 73' lang='grc' dir='ltr'>βάτραχοι·</span> <span class='ocrx_word' id='word_1_668' title='bbox 1463 2229 1493 2255; x_wconf 82' lang='grc' dir='ltr'>οὺ</span> <span class='ocrx_word' id='word_1_669' title='bbox 1510 2228 1564 2263; x_wconf 82' lang='grc' dir='ltr'>γὰρ</span> <span class='ocrx_word' id='word_1_670' title='bbox 1591 2228 1693 2261; x_wconf 80' lang='grc' dir='ltr'>ὕονται,</span> <span class='ocrx_word' id='word_1_671' title='bbox 1710 2228 1748 2260; x_wconf 83' lang='grc' dir='ltr'>ὧς</span> <span class='ocrx_word' id='word_1_672' title='bbox 1760 2237 1835 2260; x_wconf 87' lang='grc' dir='ltr'>τινες</span> 
     </span>
    </p>
   </div>
   <div class='ocr_carea' id='block_1_92' title="bbox 1043 2274 1835 2310">
    <p class='ocr_par' dir='ltr' id='par_1_92' title="bbox 1043 2274 1835 2310">
     <span class='ocr_line' id='line_1_92' title="bbox 1043 2274 1835 2310; baseline 0 -10"><span class='ocrx_word' id='word_1_673' title='bbox 1043 2274 1183 2310; x_wconf 76' lang='grc' dir='ltr'>ᾠήθησαν,</span> <span class='ocrx_word' id='word_1_674' title='bbox 1197 2275 1264 2301; x_wconf 76' lang='grc' dir='ltr'>ἀλλὰ</span> <span class='ocrx_word' id='word_1_675' title='bbox 1279 2275 1475 2310; x_wconf 49' lang='grc' dir='ltr'>προραίνονται</span> <span class='ocrx_word' id='word_1_676' title='bbox 1495 2275 1584 2309; x_wconf 82' lang='grc' dir='ltr'>μόνον,</span> <span class='ocrx_word' id='word_1_677' title='bbox 1602 2274 1672 2301; x_wconf 74' lang='grc' dir='ltr'>κατὰ</span> <span class='ocrx_word' id='word_1_678' title='bbox 1692 2275 1745 2309; x_wconf 79' lang='grc' dir='ltr'>γῆς</span> <span class='ocrx_word' id='word_1_679' title='bbox 1768 2274 1835 2300; x_wconf 77' lang='grc' dir='ltr'>ὄντα</span> 
     </span>
    </p>
   </div>
   <div class='ocr_carea' id='block_1_93' title="bbox 1044 2319 1835 2356">
    <p class='ocr_par' dir='ltr' id='par_1_93' title="bbox 1044 2319 1835 2356">
     <span class='ocr_line' id='line_1_93' title="bbox 1044 2319 1835 2356; baseline 0.001 -11"><span class='ocrx_word' id='word_1_680' title='bbox 1044 2320 1187 2355; x_wconf 80' lang='grc' dir='ltr'>πρότερον,</span> <span class='ocrx_word' id='word_1_681' title='bbox 1204 2320 1248 2346; x_wconf 77' lang='grc' dir='ltr'>διὰ</span> <span class='ocrx_word' id='word_1_682' title='bbox 1260 2320 1289 2346; x_wconf 72' lang='grc' dir='ltr'>τὸ</span> <span class='ocrx_word' id='word_1_683' title='bbox 1307 2322 1410 2356; x_wconf 81' lang='grc' dir='ltr'>εἰσρεῖν</span> <span class='ocrx_word' id='word_1_684' title='bbox 1420 2321 1450 2347; x_wconf 76' lang='grc' dir='ltr'>τὸ</span> <span class='ocrx_word' id='word_1_685' title='bbox 1469 2320 1540 2355; x_wconf 80' lang='grc' dir='ltr'>ὓδωρ</span> <span class='ocrx_word' id='word_1_686' title='bbox 1566 2321 1605 2351; x_wconf 84' lang='grc' dir='ltr'><strong>είς</strong></span> <span class='ocrx_word' id='word_1_687' title='bbox 1633 2319 1682 2351; x_wconf 78' lang='grc' dir='ltr'>τὰς</span> <span class='ocrx_word' id='word_1_688' title='bbox 1709 2319 1835 2353; x_wconf 85' lang='grc' dir='ltr'>θαλάμας</span> 
     </span>
    </p>
   </div>
   <div class='ocr_carea' id='block_1_94' title="bbox 1043 2366 1835 2402">
    <p class='ocr_par' dir='ltr' id='par_1_94' title="bbox 1043 2366 1835 2402">
     <span class='ocr_line' id='line_1_94' title="bbox 1043 2366 1835 2402; baseline 0 -10"><span class='ocrx_word' id='word_1_689' title='bbox 1043 2366 1142 2393; x_wconf 74' lang='grc' dir='ltr'>αὐτῶν.</span> <span class='ocrx_word' id='word_1_690' title='bbox 1163 2366 1243 2392; x_wconf 78' lang='grc' dir='ltr'>Ἀλλο</span> <span class='ocrx_word' id='word_1_691' title='bbox 1258 2367 1287 2393; x_wconf 85' lang='grc' dir='ltr'><strong>δὲ</strong></span> <span class='ocrx_word' id='word_1_692' title='bbox 1303 2367 1380 2400; x_wconf 77' lang='grc' dir='ltr'>γένος</span> <span class='ocrx_word' id='word_1_693' title='bbox 1397 2368 1455 2394; x_wconf 73' lang='grc' dir='ltr'>ἐστὶ</span> <span class='ocrx_word' id='word_1_694' title='bbox 1480 2367 1560 2393; x_wconf 81' lang='grc' dir='ltr'>τοῦτο</span> <span class='ocrx_word' id='word_1_695' title='bbox 1588 2367 1734 2402; x_wconf 81' lang='grc' dir='ltr'>βατράχων</span> <span class='ocrx_word' id='word_1_696' title='bbox 1757 2368 1835 2401; x_wconf 78' lang='grc' dir='ltr'>παρὰ</span> 
     </span>
    </p>
   </div>
   <div class='ocr_carea' id='block_1_95' title="bbox 1043 2412 1834 2448">
    <p class='ocr_par' dir='ltr' id='par_1_95' title="bbox 1043 2412 1834 2448">
     <span class='ocr_line' id='line_1_95' title="bbox 1043 2412 1834 2448; baseline 0 -10"><span class='ocrx_word' id='word_1_697' title='bbox 1043 2412 1073 2438; x_wconf 85' lang='grc' dir='ltr'>τὺ</span> <span class='ocrx_word' id='word_1_698' title='bbox 1089 2413 1118 2438; x_wconf 82' lang='grc' dir='ltr'><strong>ἐν</strong></span> <span class='ocrx_word' id='word_1_699' title='bbox 1133 2414 1192 2444; x_wconf 88' lang='grc' dir='ltr'>ταῖς</span> <span class='ocrx_word' id='word_1_700' title='bbox 1211 2413 1320 2448; x_wconf 84' lang='grc' dir='ltr'>λίμναις</span> <span class='ocrx_word' id='word_1_701' title='bbox 1338 2414 1384 2440; x_wconf 74' lang='grc' dir='ltr'><strong>καὶ</strong></span> <span class='ocrx_word' id='word_1_702' title='bbox 1407 2415 1463 2445; x_wconf 83' lang='grc' dir='ltr'>τοῖς</span> <span class='ocrx_word' id='word_1_703' title='bbox 1488 2414 1613 2448; x_wconf 79' lang='grc' dir='ltr'>τέλμασι.</span> <span class='ocrx_word' id='word_1_704' title='bbox 1638 2413 1674 2439; x_wconf 63' lang='lat' dir='ltr'><strong>Th</strong></span> <span class='ocrx_word' id='word_1_705' title='bbox 1687 2413 1716 2439; x_wconf 81' lang='grc' dir='ltr'>δὲ</span> <span class='ocrx_word' id='word_1_706' title='bbox 1731 2412 1834 2446; x_wconf 79' lang='grc' dir='ltr'>πλῆθος</span> 
     </span>
    </p>
   </div>
   <div class='ocr_carea' id='block_1_96' title="bbox 1044 2459 1836 2495">
    <p class='ocr_par' dir='ltr' id='par_1_96' title="bbox 1044 2459 1836 2495">
     <span class='ocr_line' id='line_1_96' title="bbox 1044 2459 1836 2495; baseline -0.001 -9"><span class='ocrx_word' id='word_1_707' title='bbox 1044 2460 1091 2486; x_wconf 75' lang='grc' dir='ltr'><strong>καὶ</strong></span> <span class='ocrx_word' id='word_1_708' title='bbox 1108 2459 1188 2486; x_wconf 83' lang='grc' dir='ltr'>τοῦτο</span> <span class='ocrx_word' id='word_1_709' title='bbox 1207 2460 1254 2486; x_wconf 77' lang='grc' dir='ltr'>καὶ</span> <span class='ocrx_word' id='word_1_710' title='bbox 1275 2460 1330 2486; x_wconf 86' lang='grc' dir='ltr'><strong>τῶν</strong></span> <span class='ocrx_word' id='word_1_711' title='bbox 1345 2460 1442 2492; x_wconf 78' lang='grc' dir='ltr'>ἄλλων,</span> <span class='ocrx_word' id='word_1_712' title='bbox 1469 2460 1534 2487; x_wconf 84' lang='grc' dir='ltr'>ὅταν</span> <span class='ocrx_word' id='word_1_713' title='bbox 1549 2460 1745 2495; x_wconf 81' lang='grc' dir='ltr'>εὑοηνήσωσιν.</span> <span class='ocrx_word' id='word_1_714' title='bbox 1771 2459 1836 2486; x_wconf 85' lang='grc' dir='ltr'>Ὅτι</span> 
     </span>
    </p>
   </div>
   <div class='ocr_carea' id='block_1_97' title="bbox 206 2504 993 2540">
    <p class='ocr_par' dir='ltr' id='par_1_97' title="bbox 206 2504 993 2538">
     <span class='ocr_line' id='line_1_97' title="bbox 206 2504 993 2538; baseline 0 -8"><span class='ocrx_word' id='word_1_715' title='bbox 206 2504 287 2530; x_wconf 88' lang='lat' dir='ltr'><strong>linettt</strong></span> <span class='ocrx_word' id='word_1_716' title='bbox 304 2509 488 2530; x_wconf 84' lang='lat' dir='ltr'><strong>eonventuum</strong></span> <span class='ocrx_word' id='word_1_717' title='bbox 503 2507 531 2530; x_wconf 83' lang='lat' dir='ltr'><strong>et</strong></span> <span class='ocrx_word' id='word_1_718' title='bbox 550 2504 719 2530; x_wconf 73' lang='lat' dir='ltr'><strong>exercituum</strong></span> <span class='ocrx_word' id='word_1_719' title='bbox 737 2512 816 2538; x_wconf 80' lang='lat' dir='ltr'><strong>quatit</strong></span> <span class='ocrx_word' id='word_1_720' title='bbox 829 2504 892 2531; x_wconf 89' lang='lat' dir='ltr'><strong>dum</strong></span> <span class='ocrx_word' id='word_1_721' title='bbox 904 2504 993 2531; x_wconf 87' lang='lat' dir='ltr'><strong>adlutc</strong></span> 
     </span>
    </p>
   </div>
   <div class='ocr_carea' id='block_1_98' title="bbox 1047 2504 1836 2540">
    <p class='ocr_par' dir='ltr' id='par_1_98' title="bbox 1049 2504 1836 2540">
     <span class='ocr_line' id='line_1_98' title="bbox 1049 2504 1836 2540; baseline 0 -10"><span class='ocrx_word' id='word_1_722' title='bbox 1049 2505 1148 2540; x_wconf 78' lang='grc' dir='ltr'>μᾶλλον</span> <span class='ocrx_word' id='word_1_723' title='bbox 1160 2505 1183 2520; x_wconf 67' lang='grc'><strong>¹⁵</strong></span> <span class='ocrx_word' id='word_1_724' title='bbox 1211 2507 1280 2540; x_wconf 74' lang='grc' dir='ltr'>μετὰ</span> <span class='ocrx_word' id='word_1_725' title='bbox 1293 2506 1341 2537; x_wconf 76' lang='grc' dir='ltr'>τὰς</span> <span class='ocrx_word' id='word_1_726' title='bbox 1366 2506 1501 2537; x_wconf 82' lang='grc' dir='ltr'>διαλύσεις</span> <span class='ocrx_word' id='word_1_727' title='bbox 1517 2506 1564 2532; x_wconf 78' lang='grc' dir='ltr'><strong>καὶ</strong></span> <span class='ocrx_word' id='word_1_728' title='bbox 1585 2506 1637 2532; x_wconf 84' lang='grc' dir='ltr'><strong>τῶν</strong></span> <span class='ocrx_word' id='word_1_729' title='bbox 1650 2504 1836 2540; x_wconf 84' lang='grc' dir='ltr'>πανηγύρεων</span> 
     </span>
    </p>
   </div>
   <div class='ocr_carea' id='block_1_99' title="bbox 205 2548 992 2585">
    <p class='ocr_par' dir='ltr' id='par_1_99' title="bbox 205 2548 992 2585">
     <span class='ocr_line' id='line_1_99' title="bbox 205 2548 992 2585; baseline 0.001 -9"><span class='ocrx_word' id='word_1_730' title='bbox 205 2550 315 2581; x_wconf 85' lang='lat' dir='ltr'><strong>durant,</strong></span> <span class='ocrx_word' id='word_1_731' title='bbox 334 2556 435 2576; x_wconf 70' lang='lat' dir='ltr'><strong>muscae</strong></span> <span class='ocrx_word' id='word_1_732' title='bbox 451 2549 588 2576; x_wconf 88' lang='lat' dir='ltr'><strong>oriuntur.</strong></span> <span class='ocrx_word' id='word_1_733' title='bbox 604 2548 744 2584; x_wconf 79' lang='lat' dir='ltr'><strong>Contingit</strong></span> <span class='ocrx_word' id='word_1_734' title='bbox 765 2551 848 2582; x_wconf 84' lang='lat' dir='ltr'><strong>enim,</strong></span> <span class='ocrx_word' id='word_1_735' title='bbox 878 2550 911 2577; x_wconf 87' lang='lat' dir='ltr'><strong>iis</strong></span> <span class='ocrx_word' id='word_1_736' title='bbox 924 2558 992 2585; x_wconf 61' lang='lat' dir='ltr'><strong>prie-</strong></span> 
     </span>
    </p>
   </div>
   <div class='ocr_carea' id='block_1_100' title="bbox 205 2595 992 2630">
    <p class='ocr_par' dir='ltr' id='par_1_100' title="bbox 205 2595 992 2630">
     <span class='ocr_line' id='line_1_100' title="bbox 205 2595 992 2630; baseline 0 -8"><span class='ocrx_word' id='word_1_737' title='bbox 205 2595 349 2628; x_wconf 87' lang='lat' dir='ltr'><strong>seutibus,</strong></span> <span class='ocrx_word' id='word_1_738' title='bbox 391 2599 500 2629; x_wconf 88' lang='lat' dir='ltr'><strong>propter</strong></span> <span class='ocrx_word' id='word_1_739' title='bbox 527 2595 699 2630; x_wconf 81' lang='lat' dir='ltr'><strong>quotidianus</strong></span> <span class='ocrx_word' id='word_1_740' title='bbox 728 2603 792 2622; x_wconf 85' lang='lat' dir='ltr'><strong>usus</strong></span> <span class='ocrx_word' id='word_1_741' title='bbox 826 2600 853 2623; x_wconf 92' lang='lat' dir='ltr'><strong>ct</strong></span> <span class='ocrx_word' id='word_1_742' title='bbox 893 2601 992 2628; x_wconf 76' lang='lat' dir='ltr'><strong>motus,</strong></span> 
     </span>
    </p>
   </div>
   <div class='ocr_carea' id='block_1_101' title="bbox 1047 2551 1836 2588">
    <p class='ocr_par' dir='ltr' id='par_1_101' title="bbox 1047 2551 1836 2588">
     <span class='ocr_line' id='line_1_101' title="bbox 1047 2551 1836 2588; baseline -0.003 -10"><span class='ocrx_word' id='word_1_743' title='bbox 1047 2553 1094 2578; x_wconf 65' lang='grc' dir='ltr'><strong>καὶ</strong></span> <span class='ocrx_word' id='word_1_744' title='bbox 1108 2552 1162 2579; x_wconf 85' lang='grc' dir='ltr'><strong>τῶν</strong></span> <span class='ocrx_word' id='word_1_745' title='bbox 1176 2553 1399 2588; x_wconf 77' lang='grc' dir='ltr'>στρατοπέδων,ἢ</span> <span class='ocrx_word' id='word_1_746' title='bbox 1413 2553 1453 2579; x_wconf 77' lang='grc' dir='ltr'>ἔτι</span> <span class='ocrx_word' id='word_1_747' title='bbox 1462 2553 1676 2588; x_wconf 67' lang='grc' dir='ltr'>συνισταμένων.</span> <span class='ocrx_word' id='word_1_748' title='bbox 1686 2553 1712 2578; x_wconf 80' lang='grc' dir='ltr'>αἱ</span> <span class='ocrx_word' id='word_1_749' title='bbox 1723 2553 1800 2586; x_wconf 86' lang='grc' dir='ltr'>μυῖαι</span> <span class='ocrx_word' id='word_1_750' title='bbox 1811 2551 1836 2566; x_wconf 80' lang='grc'><strong>’⁸</strong></span> 
     </span>
    </p>
   </div>
   <div class='ocr_carea' id='block_1_102' title="bbox 1047 2596 1836 2634">
    <p class='ocr_par' dir='ltr' id='par_1_102' title="bbox 1047 2596 1836 2634">
     <span class='ocr_line' id='line_1_102' title="bbox 1047 2596 1836 2634; baseline -0.003 -10"><span class='ocrx_word' id='word_1_751' title='bbox 1047 2599 1177 2632; x_wconf 84' lang='grc' dir='ltr'>γίνονται.</span> <span class='ocrx_word' id='word_1_752' title='bbox 1195 2598 1341 2633; x_wconf 78' lang='grc' dir='ltr'>Συμϐαἰνει</span> <span class='ocrx_word' id='word_1_753' title='bbox 1357 2599 1410 2634; x_wconf 75' lang='grc' dir='ltr'>γὰρ</span> <span class='ocrx_word' id='word_1_754' title='bbox 1425 2599 1567 2633; x_wconf 77' lang='grc' dir='ltr'>παρόντων</span> <span class='ocrx_word' id='word_1_755' title='bbox 1582 2599 1631 2633; x_wconf 81' lang='grc' dir='ltr'><strong>μὲν</strong></span> <span class='ocrx_word' id='word_1_756' title='bbox 1649 2598 1691 2624; x_wconf 79' lang='grc' dir='ltr'>διὰ</span> <span class='ocrx_word' id='word_1_757' title='bbox 1707 2597 1756 2628; x_wconf 79' lang='grc' dir='ltr'>τὰς</span> <span class='ocrx_word' id='word_1_758' title='bbox 1769 2596 1836 2623; x_wconf 84' lang='grc' dir='ltr'>καθ-</span> 
     </span>
    </p>
   </div>
   <div class='ocr_carea' id='block_1_103' title="bbox 852 2675 1190 2706">
    <p class='ocr_par' dir='ltr' id='par_1_103' title="bbox 852 2675 1190 2706">
     <span class='ocr_line' id='line_1_103' title="bbox 852 2675 1190 2706; baseline 0.006 -3"><span class='ocrx_word' id='word_1_759' title='bbox 852 2675 967 2703; x_wconf 57' lang='grc' dir='ltr'><strong>ΥΑΒΙΑΕ</strong></span> <span class='ocrx_word' id='word_1_760' title='bbox 987 2677 1190 2706; x_wconf 71' lang='lat' dir='ltr'><strong>LEUTIONES.</strong></span> 
     </span>
    </p>
   </div>
   <div class='ocr_carea' id='block_1_104' title="bbox 243 2731 785 2760">
    <p class='ocr_par' dir='ltr' id='par_1_104' title="bbox 243 2731 785 2760">
     <span class='ocr_line' id='line_1_104' title="bbox 243 2731 785 2760; baseline -0.004 -1"><span class='ocrx_word' id='word_1_761' title='bbox 243 2734 265 2749; x_wconf 80' lang='grc'><strong>³³</strong></span> <span class='ocrx_word' id='word_1_762' title='bbox 279 2733 325 2759; x_wconf 79' lang='grc' dir='ltr'>τοῦ</span> <span class='ocrx_word' id='word_1_763' title='bbox 344 2733 426 2760; x_wconf 77' lang='grc' dir='ltr'>αὑτοῦ</span> <span class='ocrx_word' id='word_1_764' title='bbox 441 2741 496 2760; x_wconf 86' lang='lat' dir='ltr'><strong>om.</strong></span> <span class='ocrx_word' id='word_1_765' title='bbox 511 2733 544 2760; x_wconf 83' lang='lat' dir='ltr'><strong>A.</strong></span> <span class='ocrx_word' id='word_1_766' title='bbox 583 2734 604 2749; x_wconf 86' lang='grc'><strong>¹”’</strong></span> <span class='ocrx_word' id='word_1_767' title='bbox 619 2731 785 2759; x_wconf 73' lang='grc' dir='ltr'>ἀναῦαίνειν.</span> 
     </span>
    </p>
   </div>
   <div class='ocr_carea' id='block_1_105' title="bbox 207 2768 721 2804">
    <p class='ocr_par' dir='ltr' id='par_1_105' title="bbox 207 2768 721 2804">
     <span class='ocr_line' id='line_1_105' title="bbox 207 2768 721 2804; baseline -0.002 -9"><span class='ocrx_word' id='word_1_768' title='bbox 207 2769 228 2786; x_wconf 90' lang='grc'><strong>¹⁷</strong></span> <span class='ocrx_word' id='word_1_769' title='bbox 243 2768 280 2804; x_wconf 69' lang='grc' dir='ltr'><strong>αἱ]</strong></span> <span class='ocrx_word' id='word_1_770' title='bbox 297 2770 388 2795; x_wconf 84' lang='lat' dir='ltr'><strong>tualitn</strong></span> <span class='ocrx_word' id='word_1_771' title='bbox 416 2770 450 2795; x_wconf 83' lang='lat'><strong>0!.</strong></span> <span class='ocrx_word' id='word_1_772' title='bbox 512 2769 533 2785; x_wconf 81' lang='grc'><strong>³⁸</strong></span> <span class='ocrx_word' id='word_1_773' title='bbox 548 2769 675 2803; x_wconf 81' lang='grc' dir='ltr'>ὁμαλέσιν</span> <span class='ocrx_word' id='word_1_774' title='bbox 689 2768 721 2794; x_wconf 75' lang='grc' dir='ltr'><strong>Α.</strong></span> 
     </span>
    </p>
   </div>
   <div class='ocr_carea' id='block_1_106' title="bbox 206 2803 762 2838">
    <p class='ocr_par' dir='ltr' id='par_1_106' title="bbox 206 2803 762 2838">
     <span class='ocr_line' id='line_1_106' title="bbox 206 2803 762 2838; baseline 0 -8"><span class='ocrx_word' id='word_1_775' title='bbox 206 2805 229 2820; x_wconf 82' lang='grc'><strong>¹⁰</strong></span> <span class='ocrx_word' id='word_1_776' title='bbox 244 2805 296 2830; x_wconf 85' lang='grc' dir='ltr'><strong>Τοῦ</strong></span> <span class='ocrx_word' id='word_1_777' title='bbox 314 2803 394 2830; x_wconf 80' lang='grc' dir='ltr'>αὐτοῦ</span> <span class='ocrx_word' id='word_1_778' title='bbox 426 2805 523 2830; x_wconf 79' lang='grc' dir='ltr'>οηι.Α.</span> <span class='ocrx_word' id='word_1_779' title='bbox 574 2804 596 2818; x_wconf 76' lang='grc' dir='ltr'>ἰ</span> <span class='ocrx_word' id='word_1_780' title='bbox 613 2803 716 2838; x_wconf 68' lang='grc' dir='ltr'>ἀθρόως</span> <span class='ocrx_word' id='word_1_781' title='bbox 732 2803 762 2830; x_wconf 84' lang='grc' dir='ltr'><strong>Β.</strong></span> 
     </span>
    </p>
   </div>
   <div class='ocr_carea' id='block_1_107' title="bbox 208 2838 604 2874">
    <p class='ocr_par' dir='ltr' id='par_1_107' title="bbox 208 2838 604 2874">
     <span class='ocr_line' id='line_1_107' title="bbox 208 2838 604 2874; baseline 0 -8"><span class='ocrx_word' id='word_1_782' title='bbox 208 2840 296 2872; x_wconf 83' lang='grc' dir='ltr'>αἰτίας</span> <span class='ocrx_word' id='word_1_783' title='bbox 308 2847 364 2867; x_wconf 89' lang='lat' dir='ltr'><strong>om.</strong></span> <span class='ocrx_word' id='word_1_784' title='bbox 382 2838 414 2866; x_wconf 83' lang='grc' dir='ltr'><strong>Β.</strong></span> <span class='ocrx_word' id='word_1_785' title='bbox 453 2839 475 2856; x_wconf 78' lang='grc'><strong>⁸⁸</strong></span> <span class='ocrx_word' id='word_1_786' title='bbox 494 2839 559 2874; x_wconf 83' lang='grc' dir='ltr'>μῦαι</span> <span class='ocrx_word' id='word_1_787' title='bbox 571 2839 604 2866; x_wconf 82' lang='grc' dir='ltr'><strong>Α.</strong></span> 
     </span>
    </p>
   </div>
   <div class='ocr_carea' id='block_1_108' title="bbox 836 2732 1568 2767">
    <p class='ocr_par' dir='ltr' id='par_1_108' title="bbox 836 2732 1568 2767">
     <span class='ocr_line' id='line_1_108' title="bbox 836 2732 1568 2767; baseline 0.005 -9"><span class='ocrx_word' id='word_1_788' title='bbox 836 2732 858 2748; x_wconf 86' lang='grc'><strong>¹¹¹</strong></span> <span class='ocrx_word' id='word_1_789' title='bbox 877 2733 1051 2760; x_wconf 72' lang='grc' dir='ltr'>καταϐαίνειν</span> <span class='ocrx_word' id='word_1_790' title='bbox 1063 2735 1083 2760; x_wconf 84' lang='grc' dir='ltr'><strong>Β</strong></span> <span class='ocrx_word' id='word_1_791' title='bbox 1099 2744 1106 2762; x_wconf 90' lang='lat'>:</span> <span class='ocrx_word' id='word_1_792' title='bbox 1125 2735 1301 2762; x_wconf 69' lang='grc' dir='ltr'>καταϐαίνειν</span> <span class='ocrx_word' id='word_1_793' title='bbox 1321 2751 1355 2756; x_wconf 91' lang='lat'><strong>—-</strong></span> <span class='ocrx_word' id='word_1_794' title='bbox 1369 2735 1524 2763; x_wconf 74' lang='grc' dir='ltr'>ἀναϐαίνειν</span> <span class='ocrx_word' id='word_1_795' title='bbox 1538 2744 1568 2767; x_wconf 75' lang='grc' dir='ltr'><strong>ς.</strong></span> 
     </span>
    </p>
   </div>
   <div class='ocr_carea' id='block_1_109' title="bbox 786 2767 993 2806">
    <p class='ocr_par' dir='ltr' id='par_1_109' title="bbox 786 2767 993 2802">
     <span class='ocr_line' id='line_1_109' title="bbox 786 2767 993 2802; baseline 0.01 -9"><span class='ocrx_word' id='word_1_796' title='bbox 786 2768 806 2784; x_wconf 70' lang='grc' dir='ltr'>η</span> <span class='ocrx_word' id='word_1_797' title='bbox 823 2767 993 2802; x_wconf 73' lang='grc' dir='ltr'>εὐοραυστὸτ‹</span> 
     </span>
    </p>
   </div>
   <div class='ocr_carea' id='block_1_110' title="bbox 1047 2767 1837 2806">
    <p class='ocr_par' dir='ltr' id='par_1_110' title="bbox 1053 2767 1837 2806">
     <span class='ocr_line' id='line_1_110' title="bbox 1053 2767 1837 2806; baseline -0.005 -10"><span class='ocrx_word' id='word_1_798' title='bbox 1053 2770 1083 2800; x_wconf 84' lang='grc' dir='ltr'>Β,</span> <span class='ocrx_word' id='word_1_799' title='bbox 1111 2771 1311 2806; x_wconf 74' lang='grc' dir='ltr'>εὐϐρασέστιρα</span> <span class='ocrx_word' id='word_1_800' title='bbox 1354 2772 1494 2805; x_wconf 79' lang='grc' dir='ltr'><strong>ς.Α‹ιυὶιΙ</strong></span> <span class='ocrx_word' id='word_1_801' title='bbox 1521 2771 1628 2802; x_wconf 79' lang='lat' dir='ltr'><strong>habeat,</strong></span> <span class='ocrx_word' id='word_1_802' title='bbox 1660 2767 1837 2806; x_wconf 28' lang='lat' dir='ltr'><strong>littltvl‘lqll—t‘l.</strong></span> 
     </span>
    </p>
   </div>
   <div class='ocr_carea' id='block_1_111' title="bbox 810 2802 1836 2841">
    <p class='ocr_par' dir='ltr' id='par_1_111' title="bbox 810 2802 1836 2841">
     <span class='ocr_line' id='line_1_111' title="bbox 810 2802 1836 2841; baseline 0 -12"><span class='ocrx_word' id='word_1_803' title='bbox 810 2803 832 2818; x_wconf 83' lang='grc'><strong>²¹</strong></span> <span class='ocrx_word' id='word_1_804' title='bbox 852 2803 927 2838; x_wconf 73' lang='grc' dir='ltr'>μυῶν</span> <span class='ocrx_word' id='word_1_805' title='bbox 942 2806 974 2831; x_wconf 73' lang='grc' dir='ltr'><strong>Λ.</strong></span> <span class='ocrx_word' id='word_1_806' title='bbox 1008 2802 1034 2821; x_wconf 56' lang='grc'><strong>’³³</strong></span> <span class='ocrx_word' id='word_1_807' title='bbox 1043 2807 1105 2839; x_wconf 77' lang='grc' dir='ltr'>ἐκφ.</span> <span class='ocrx_word' id='word_1_808' title='bbox 1121 2802 1187 2832; x_wconf 74' lang='grc' dir='ltr'><strong>δὲἈ</strong></span> <span class='ocrx_word' id='word_1_809' title='bbox 1204 2815 1210 2838; x_wconf 84' lang='grc'>;</span> <span class='ocrx_word' id='word_1_810' title='bbox 1228 2802 1394 2841; x_wconf 47' lang='grc' dir='ltr'><strong>καῖὲκφξς.</strong></span> <span class='ocrx_word' id='word_1_811' title='bbox 1432 2802 1454 2823; x_wconf 57' lang='grc' dir='ltr'><strong>ελ</strong></span> <span class='ocrx_word' id='word_1_812' title='bbox 1469 2807 1510 2832; x_wconf 80' lang='grc' dir='ltr'>ὅτι</span> <span class='ocrx_word' id='word_1_813' title='bbox 1523 2806 1622 2840; x_wconf 72' lang='grc' dir='ltr'>μᾶλλον</span> <span class='ocrx_word' id='word_1_814' title='bbox 1633 2819 1646 2824; x_wconf 82' lang='lat'>—</span> <span class='ocrx_word' id='word_1_815' title='bbox 1662 2820 1667 2824; x_wconf 91' lang='lat'><strong><em>-</em></strong></span> <span class='ocrx_word' id='word_1_816' title='bbox 1683 2803 1735 2831; x_wconf 71' lang='lat'><strong>5‘28</strong></span> <span class='ocrx_word' id='word_1_817' title='bbox 1746 2803 1760 2830; x_wconf 76' lang='grc' dir='ltr'>ὰ</span> <span class='ocrx_word' id='word_1_818' title='bbox 1787 2802 1836 2830; x_wconf 76' lang='lat'><strong>37-</strong></span> 
     </span>
    </p>
   </div>
   <div class='ocr_carea' id='block_1_112' title="bbox 1623 2732 1836 2768">
    <p class='ocr_par' dir='ltr' id='par_1_112' title="bbox 1623 2732 1836 2768">
     <span class='ocr_line' id='line_1_112' title="bbox 1623 2732 1836 2768; baseline -0.014 -8"><span class='ocrx_word' id='word_1_819' title='bbox 1623 2735 1645 2750; x_wconf 73' lang='lat'>”</span> <span class='ocrx_word' id='word_1_820' title='bbox 1675 2734 1711 2768; x_wconf 83' lang='grc' dir='ltr'>ὀμ</span> <span class='ocrx_word' id='word_1_821' title='bbox 1731 2732 1786 2764; x_wconf 86' lang='grc' dir='ltr'>λεῖς</span> <span class='ocrx_word' id='word_1_822' title='bbox 1801 2732 1836 2758; x_wconf 78' lang='grc' dir='ltr'><strong>Β.</strong></span> 
     </span>
    </p>
   </div>
   <div class='ocr_carea' id='block_1_113' title="bbox 962 2894 1078 2922">
    <p class='ocr_par' dir='ltr' id='par_1_113' title="bbox 962 2894 1078 2922">
     <span class='ocr_line' id='line_1_113' title="bbox 962 2894 1078 2922; baseline -0.017 0"><span class='ocrx_word' id='word_1_823' title='bbox 962 2894 1066 2922; x_wconf 54' lang='grc' dir='ltr'><strong>ΝΟΤΛΕ</strong></span> <span class='ocrx_word' id='word_1_824' title='bbox 1073 2916 1078 2921; x_wconf 96' lang='grc'>.</span> 
     </span>
    </p>
   </div>
   <div class='ocr_carea' id='block_1_114' title="bbox 245 2954 1292 2991">
    <p class='ocr_par' dir='ltr' id='par_1_114' title="bbox 245 2954 1292 2991">
     <span class='ocr_line' id='line_1_114' title="bbox 245 2954 1292 2991; baseline 0 -8"><span class='ocrx_word' id='word_1_825' title='bbox 245 2955 316 2983; x_wconf 65' lang='grc' dir='ltr'><strong>(25η</strong></span> <span class='ocrx_word' id='word_1_826' title='bbox 334 2955 399 2984; x_wconf 76' lang='lat' dir='ltr'><strong>Vide</strong></span> <span class='ocrx_word' id='word_1_827' title='bbox 412 2955 527 2984; x_wconf 90' lang='lat' dir='ltr'><strong>Luciani</strong></span> <span class='ocrx_word' id='word_1_828' title='bbox 546 2957 579 2984; x_wconf 87' lang='lat' dir='ltr'><strong>de</strong></span> <span class='ocrx_word' id='word_1_829' title='bbox 593 2964 687 2985; x_wconf 83' lang='lat' dir='ltr'><strong>musca</strong></span> <span class='ocrx_word' id='word_1_830' title='bbox 705 2956 834 2990; x_wconf 80' lang='lat' dir='ltr'><strong>libellum,</strong></span> <span class='ocrx_word' id='word_1_831' title='bbox 854 2962 879 2984; x_wconf 83' lang='lat' dir='ltr'><strong>ct</strong></span> <span class='ocrx_word' id='word_1_832' title='bbox 892 2956 1031 2984; x_wconf 76' lang='lat' dir='ltr'><strong>Gtt-aldutn</strong></span> <span class='ocrx_word' id='word_1_833' title='bbox 1048 2955 1079 2982; x_wconf 84' lang='lat' dir='ltr'><strong>dc</strong></span> <span class='ocrx_word' id='word_1_834' title='bbox 1095 2954 1148 2983; x_wconf 82' lang='lat' dir='ltr'><strong>Diis</strong></span> <span class='ocrx_word' id='word_1_835' title='bbox 1161 2957 1292 2991; x_wconf 74' lang='lat' dir='ltr'><strong>gentium.</strong></span> 
     </span>
    </p>
   </div>
  </div>
