1959 3081
173 169 225 201 297

664 170 926 201 BIBLlUl‘HECA.
947 184 981 188 —
1007 170 1090 201 COD.
1106 170 1311 202 CCLXXVIII.

1754 174 1807 206 298

175 223 310 260 ημερινὰς
327 223 423 258 χρείας
440 223 487 249 καὶ
499 231 621 258 κινήσεις
631 222 716 260 [1573
735 223 781 260 ιι]
803 224 962 260 φθείρεσθαι

1017 225 1151 260 corrumpi
1174 226 1365 260 generationes
1378 233 1485 260 eorum,
1501 232 1577 256 motu
1589 236 1696 264 semper
1711 235 1739 258 et
1749 239 1806 258 nm.

175 270 225 301 τὰς
244 269 366 304 γενέσεις
377 268 478 301 αὐτῶν,
506 270 640 303 κινήσεως
668 269 714 296 ἀεὶ
742 270 790 297 καὶ
815 270 967 305 μεταϐολῆς

176 315 334 351 γινομένης,
353 314 393 345 ὡς
406 315 429 330 ¹⁶
443 316 473 341 ὲν
486 316 543 347 τοῖς
557 315 658 347 ἄλλοις,
673 317 720 343 καὶ
731 317 772 349 ξὲν
794 317 888 348 αὐτοῖς
910 317 966 347 τοῖς

177 361 354 396 καθάρμασιν
365 359 574 396 ὲκὸαλλομένοις
589 361 681 388 αὐτῶν
690 369 698 377 ·
711 362 776 388 ὅταν
790 361 819 389 δὲ
834 361 967 388 διαλυθῶ-

177 415 231 439 σιν,
249 406 366 442 ἡσυχίας
380 406 528 442 γινομένης
539 406 609 442 ταχὺ
625 407 792 435 συντελεῖται
814 407 859 434 διὰ
873 407 905 434 τὸ
929 408 966 444 μὴ

176 451 224 478 ὑπ’
236 451 344 484 οὐδενὸς
358 451 522 486 κωλύεσθαι,
547 454 645 488 μέχρις
656 452 678 468 ι’
695 450 725 480 οὗ
741 452 775 480 ἂν
800 452 920 489 ξηρανθῇ
937 454 968 481 τὸ

176 499 206 524 ὲν
221 499 278 530 τοῖς
293 498 471 534 καθάρμασιν
498 497 593 534 ὑγρόν.
615 498 648 525 'H
666 499 717 535 μὲν
741 499 788 526 οὖν
811 499 866 526 τῶν
881 499 967 535 μυιῶν

176 544 282 578 γένεσις
297 544 408 578 ταχεῖαν
416 543 439 559 ’⁵
448 543 497 570 καὶ
509 543 619 578 πολλὴν,
631 543 798 580 ὡςιεῐρηται,
805 544 855 580 τὴν
862 546 967 579 γένεσιν

176 589 322 625 λαμὸάνει·
349 589 375 616 οι
401 588 430 616 δὲ
443 588 582 616 ἀττέλεὸοι
595 589 643 616 καὶ
660 590 689 616 αἱ
702 589 815 626 ἀκρίδες
829 590 967 626 πανταχοῦ

178 636 228 672 μέν
240 637 320 668 εἰσιν,
333 636 371 668 ὼς
386 637 484 669 εἰπεῖν,
500 635 631 671 πλήθεται
640 635 669 663 δὲ
680 636 767 664 ταῦτα
779 635 818 672 τῷ
827 645 857 663 τε
869 637 967 668 τόπους

176 683 294 714 οἰκείους
313 682 463 718 λαμϐάνειν
486 683 534 709 καὶ
550 682 589 718 τῷ
608 682 645 718 μὴ
656 682 862 719 διαφθείρεσθαι
876 684 966 711 αὐτῶν

177 727 212 755 τὰ
226 727 278 761 ὡὰ,
289 727 304 754 ὅ
324 726 469 762 συμϐαίνει
487 727 533 754 διὰ
546 726 595 763 τήν
621 727 721 764 ἀργίαν
736 728 785 760 τῆς
807 726 898 764 χώρας
908 736 917 744 ·
936 728 966 755 ὲν

177 773 233 809 γὰρ
259 774 293 809 τῇ
321 773 518 809 γεωργουμένη
543 772 719 800 ἀπόλλυνται.
737 773 782 800 Διὸ
806 775 854 800 καὶ
872 773 904 800 ὲκ
915 773 966 809 τῆς

177 819 284 854 ἐρήμου
297 819 344 844 καὶ
358 818 498 854 ἀργούσης
517 818 718 854 καταφέρονται
729 818 796 855 πρὸς
810 819 860 855 τὴν
877 818 967 846 οἰκου-

179 864 264 898 μένην
279 862 328 890 καὶ⁸
338 861 500 899 ἐργάσιμον.
520 862 721 899 Ἐγχρονίζουσι
735 864 763 892 δὲ
781 865 798 900 ἢ
812 863 857 892 διὰ
873 865 903 892 τὸ
916 874 965 892 πε-

1018 268 1122 296 tatione
1139 269 1221 301 facta.
1237 277 1292 304 quo
1307 270 1389 297 modo
1414 275 1442 298 et
1459 271 1488 299 in
1506 271 1568 300 aliis
1597 273 1707 306 occidit,
1722 274 1762 300 sic
1782 279 1807 301 et

1018 312 1045 339 in
1062 311 1106 340 bis
1120 320 1183 340 cum
1210 313 1340 341 sordibus
1358 313 1463 349 ejectis.
1488 314 1604 348 Quando
1627 323 1694 344 vero
1718 317 1808 346 soluta

1018 357 1121 386 fuerim
1146 364 1248 391 castra,
1273 364 1301 387 et
1323 365 1485 392 conventus,
1504 361 1596 396 quiete
1618 362 1699 395 facta,
1716 364 1808 391 statim

1018 407 1194 436 generantur,
1216 403 1281 438 quia
1310 411 1392 430 nemo
1416 405 1552 439 prohibet,
1576 405 1665 434 donec
1689 406 1715 433 in
1744 407 1809 441 ipsi-
1831 429 1833 435 ,

1017 448 1199 483 sterquiliniis
1216 449 1314 476 humor
1341 451 1460 482 exaruit,
1483 458 1594 483 musae.
1620 456 1652 479 ut
1675 452 1807 485 diximus,

1017 494 1152 528 celeriter,
1170 500 1195 522 et
1210 502 1273 523 cum
1289 496 1369 531 copia
1385 496 1550 531 gignuntur:
1580 497 1658 525 bruci
1686 505 1752 525 vero
1780 505 1808 526 et

1017 539 1131 568 locusta:
1144 540 1247 576 ubique
1262 545 1338 574 sunt,
1353 546 1383 569 ut
1403 542 1445 569 sic
1458 542 1559 571 dicam.
1577 543 1725 571 Abundant
1740 552 1805 572 vero

1017 586 1082 621 quia
1103 587 1212 622 propria
1230 587 1288 616 loca
1316 592 1464 624 occupant,
1492 593 1521 617 et
1551 597 1645 617 eorum
1671 598 1721 618 ova
1752 598 1807 618 non

1016 638 1240 669 corrumpuntur.
1260 634 1368 663 Accidit
1383 635 1436 663 hoc
1450 636 1514 671 quia
1533 643 1588 664 non
1604 637 1704 664 colitur
1720 638 1806 673 regio.

1018 677 1047 706 Si
1060 679 1133 706 enim
1146 686 1211 715 ager
1221 680 1338 712 colatur,
1354 682 1574 717 exstinguuntur,
1584 682 1647 710 inde
1659 690 1693 710 ex
1701 683 1807 711 deserta

1015 728 1044 753 et
1055 724 1158 753 inculta
1171 726 1284 761 regione
1298 727 1423 755 l‘e‘runtur
1438 726 1473 755 ad
1488 727 1646 763 frequenter
1657 728 1807 757 babitatam

1016 775 1044 799 et
1057 772 1167 807 cultam.
1182 770 1281 808 528a
1303 772 1408 801 Durant
1423 780 1489 802 vero
1507 773 1565 808 diu,
1583 774 1625 802 vel
1653 775 1716 810 quia
1730 775 1806 804 locus

1016 815 1079 845 altis
1093 817 1232 845 montibus
1249 818 1377 854 cingitur,
1404 823 1432 846 ct
1448 819 1497 847 hos
1510 827 1640 854 superare
1673 827 1728 848 non
1759 828 1807 848 va-

1016 863 1084 896 lent,
1098 863 1141 891 vel
1152 868 1264 899 propter
1278 865 1500 893 commoditatem
1509 866 1628 901 regionis
1641 875 1648 894 :
1665 867 1726 895 talis
1752 873 1805 898 est.

179 908 320 944 ριέχεσθαι
334 909 365 935 τὺ
389 909 491 944 χωρίον
508 908 601 944 ὖρεσιν
627 908 738 946 ὑψηλοῖς
754 910 802 937 καὶ
829 910 966 946 ὑπερᾶραι

1017 908 1118 942 mollis,
1139 910 1297 946 tranquilla,
1313 915 1340 938 et
1358 911 1481 944 humida,
1498 917 1526 939 et
1540 912 1658 940 roscida.
1689 912 1807 941 Molesta;

177 954 266 982 ταῦτα
284 954 321 990 μὴ
336 955 477 987 δύνασθαι,
492 954 509 990 ἢ
522 955 567 981 διὰ
578 955 608 982 τὸ
625 954 777 991 ἐπιτήδειον
797 954 846 992 τῆς
858 955 964 992 χώρας·

177 1000 290 1035 τοιαύτη
305 1000 333 1027 δὲ
348 1000 365 1036 ἦ
382 1008 411 1026 τε
427 1000 536 1035 μαλακὴ
551 1001 597 1027 καὶ
613 1000 704 1028 νοτίδα
724 1001 823 1037 ἔχουσα
843 1003 890 1029 καὶ
903 1002 966 1038 δρο-

178 1047 297 1078 σοϐόλος.
315 1046 439 1073 Χαλεπαὶ
456 1046 505 1082 μὲν
519 1045 567 1073 οὖν
594 1047 642 1074 καὶ
657 1047 686 1074 αί
707 1048 828 1083 ἀκρίδες,
843 1048 968 1084 χαλεπώ-

177 1101 252 1128 τεροι
268 1092 297 1119 δὲ
316 1093 341 1119 οὶ
367 1091 519 1125 ὰττέλεόοι,
540 1092 701 1119 καὶτούτων
719 1092 837 1128 μάλιστα
852 1092 898 1126 οὓς
915 1102 966 1121 κα-

177 1138 254 1165 lovis:
271 1138 403 1174 βρούκους
419 1138 452 1165 ’⁵.
478 1137 510 1165 Ἣ
524 1138 552 1165 δὲ
564 1137 671 1173 γένεσις
684 1139 774 1166 αὐτῶν
786 1139 815 1172 ἐξ
831 1137 965 1175 ἀλλήλων.

177 1184 256 1216 Τινὲς
267 1185 296 1210 δὲ
314 1184 417 1210 οἴονται
431 1184 483 1211 οὐκ
494 1183 605 1220 ἀκριϐεῖ
616 1183 732 1220 σημείῳ,
748 1185 786 1221 τῷ
802 1186 927 1221 χρώματι
942 1185 965 1202 ³ο

177 1229 359 1265 παραπλήσιά
372 1237 449 1261 τινας
471 1229 562 1256 αὐτῶν
575 1229 648 1265 ἔχειν
661 1231 717 1261 τοῖς
732 1231 761 1257 ὲν
775 1232 808 1266 τῇ
824 1230 910 1266 χώρᾳ,
924 1232 965 1258 ὅτι

178 1278 226 1302 καὶ
240 1275 403 1311 αὐτόματοςι
418 1275 497 1312 δῆλον
509 1276 564 1312 γὰρ
591 1277 632 1303 ὃτι
659 1277 689 1303 τὸ
707 1277 828 1304 τοιοῦτον
839 1277 894 1305 ἀπὸ
916 1278 966 1314 τῆς

177 1322 291 1357 τροφῆς,
303 1322 362 1349 ἀλλ’
375 1322 426 1349 οὐκ
439 1322 494 1349 ἀπὸ
507 1321 558 1357 τῆς
585 1323 719 1357 γενέσεως
742 1322 966 1358 προσλαμῦἀνου-

178 1377 232 1394 σιν.
257 1368 290 1394 Ἦ
303 1369 331 1395 δὲ
344 1367 433 1403 φθορὰ
446 1367 548 1395 τούτων
562 1369 579 1404 ή
594 1368 643 1404 μέν
653 1369 726 1396 ἐστιν
736 1366 791 1396 οἷον
810 1370 912 1405 φυσική
923 1378 966 1401 τις

177 1413 226 1440 καὶ
239 1412 375 1448 λοιμώδης
387 1413 451 1449 (ὑπὸ
475 1412 544 1440 κύνα
556 1414 611 1449 γὰρ
636 1412 748 1449 οἰστρᾷ,
765 1414 813 1440 καὶ
829 1414 965 1448 ἐγγίνεται

176 1466 204 1485 τι
218 1459 369 1493 σκωλήκιον
385 1460 413 1485 ἐν
432 1460 465 1495 τῇ
489 1459 605 1495 κεφαλῇ,
620 1461 667 1485 καὶ
682 1459 845 1495 φθείρεται),
864 1461 880 1494 ἡ
895 1458 924 1486 δὲ
937 1460 966 1486 ἐν

177 1506 211 1540 ’τῇ
229 1505 406 1540 μετακινήσει
423 1504 471 1532 καὶ
499 1506 532 1541 τῇ
548 1505 663 1540 πτήσει·
677 1505 742 1531 ὅταν
766 1505 820 1541 γὰρ
834 1505 965 1540 ἀρθῶσιν,

177 1550 234 1577 ὑπὸ
247 1550 299 1577 τῶν
312 1550 420 1586 ἀνέμων
437 1551 637 1586 καταφέρονται
648 1551 689 1581 εἰς
702 1550 751 1586 τὴν
767 1550 904 1577 θάλασσαν
918 1551 965 1578 καὶ

178 1598 348 1635 φθείρονται.
369 1598 433 1634 [862
444 1598 493 1634 IL]
506 1598 664 1634 Φθείρονται
676 1598 705 1625 δὲ
720 1598 768 1625 καὶ
784 1597 827 1625 διὰ
844 1598 965 1634 χειμῶνα

177 1645 228 1671 καὶ
240 1644 325 1679 ψύχος
342 1645 389 1671 καὶ
405 1644 476 1671 αὑτὰ
494 1644 542 1671 κα)⁵
558 1645 591 1671 τὰ
614 1644 657 1671 ὠὰ
681 1645 783 1672 αὐτῶν.
809 1644 966 1680 Φθείρονται

177 1691 208 1717 δὲ
219 1691 267 1717 καὶ¹
282 1692 315 1716 ἐκ
333 1691 455 1725 μηχανῆς
471 1689 637 1726 ἀνθρώπων⁸
657 1690 778 1726 τάφρους
789 1691 845 1726 γὰρ
855 1690 966 1717 ποιοῦν-

177 1744 226 1768 τες
237 1736 442 1763 συνελαύνουσιν
460 1736 530 1764 αὐτὰ
542 1737 582 1768 είς
603 1736 689 1769 αὑτὰς
712 1736 745 1769 ³⁸,
761 1736 809 1763 καὶ
825 1745 966 1772 καταχων-

178 1781 274 1812 νύντες
283 1780 494 1816 διαφθείρουσιν.
511 1781 573 1808 Ὅτι
585 1780 651 1816 ,τῶν
664 1781 753 1816 ὄφεων
775 1781 822 1808 δύο
836 1781 896 1808 τινὰ
917 1781 967 1817 τῆς

179 1827 314 1862 γενέσεως
327 1827 402 1854 αίτιά
416 1828 489 1854 ἔστιν
500 1834 508 1844 ·
526 1828 543 1864 ἢ
559 1827 613 1863 γὰρ
628 1827 681 1864 ἀὴρ
695 1827 841 1864 επμὸρος,
856 1828 967 1864 ῆνπόλε-

181 1882 228 1910 μοι
256 1875 305 1901 καὶ
332 1874 425 1910 χύσεις
440 1874 576 1909 αἱμάτων,
598 1874 613 1901 ὃ
632 1874 726 1910 σχεδὸν
753 1876 801 1902 καὶ
815 1875 967 1911 τῶνζᾶλλων

180 1920 284 1956 θηρίων
296 1920 346 1956 τῆς
360 1920 494 1955 γενέσεως
508 1922 604 1949 αἴτιον.
626 1918 715 1953 Ἐξοῦ
741 1930 808 1949 ποτε
831 1924 878 1949 καὶ
902 1922 968 1959 περὶ

180 1965 329 1993 Θετταλίαν
356 1966 458 2001 πλῆθος
476 1966 565 2001 ὃφεων
588 1967 727 2002 ἱστοροῦσι
752 1967 888 2001 γενέσθαι.
906 1968 967 1995 Ὅτι

180 2012 230 2038 καὶ
244 2012 268 2038 oi
284 2011 352 2047 μύες
365 2013 394 2039 ὲν
407 2013 467 2044 ταῖς
479 2011 609 2047 ἀρούραις
621 2012 718 2047 ἁθρόον
728 2013 857 2046 γίνονται,
874 2015 922 2040 καὶ
938 2015 967 2041 ὲν

179 2059 236 2088 τοῖς
251 2057 367 2092 αὐχμοῖς
379 2058 479 2092 μᾶλλον
494 2058 512 2094 ἣ
531 2059 560 2084 ὲν
574 2059 634 2090 ταῖς
648 2058 822 2095 ὲπομΰρίαις·
839 2059 967 2096 πολέμιον

179 2103 236 2138 γὰρ
251 2103 341 2135 αὐτοῖς
357 2103 392 2130 τὰ
408 2104 502 2130 ὕδατα.
518 2103 670 2138 Πολύγονον
680 2104 709 2131 δὲ
720 2104 750 2131 τὸ
771 2104 850 2138 ζῶον.
873 2106 969 2132 ’Λπόλ-

179 2149 259 2176 λυται
275 2150 303 2176 δὲ
314 2151 348 2185 τῇ
367 2150 417 2185 μὲν
431 2149 548 2185 ἐμφανεῖ
564 2150 612 2177 καὶ
625 2149 725 2182 ἔξωθεν
738 2150 825 2187 φθορᾷ
843 2151 886 2178 διὰ
900 2151 968 2187 πλῆ-

179 2196 227 2227 θος
242 2196 345 2223 ὑδάτων
357 2205 364 2211 ·
377 2195 456 2222 τοῦτο
472 2196 527 2231 γὰρ
538 2196 586 2222 καὶ
601 2195 653 2229 ἔξω
664 2197 788 2232 χειμάζει
802 2198 849 2224 καὶ
863 2198 903 2230 εὶς
919 2198 967 2230 τὰς

1016 962 1099 990 porro
1111 960 1177 983 sunt
1191 957 1317 989 locustae,
1330 960 1359 984 at
1371 956 1546 985 molestiores
1559 959 1652 986 bruei:
1667 964 1695 986 et
1708 960 1806 987 horum

1017 1003 1146 1035 maxime,
1166 1009 1236 1038 quos
1257 1008 1357 1030 vocant
1377 1001 1518 1036 baructos,
1535 1003 1582 1031 sed
1605 1012 1701 1032 eorum
1728 1009 1806 1031 orttts

1017 1057 1050 1076 ex
1065 1057 1124 1077 sese
1136 1049 1252 1077 invicem
1273 1054 1397 1077 mutuus.
1412 1049 1504 1084 Aliqui
1525 1057 1591 1077 vero
1617 1054 1723 1083 putant,
1750 1059 1806 1078 non

1016 1095 1135 1123 evidenti
1150 1096 1239 1131 signo,
1260 1095 1351 1124 colore
1370 1095 1473 1123 similes
1495 1096 1602 1131 aliquos
1623 1104 1719 1124 eorum
1745 1105 1806 1125 esse

1017 1142 1214 1177 regionalibus,
1241 1145 1337 1177 sponte
1361 1149 1410 1170 sua
1428 1141 1502 1170 nasci
1519 1151 1527 1168 τ
1544 1140 1717 1170 manifestum
1731 1143 1806 1171 enim

1017 1189 1089 1223 quod
1104 1189 1158 1215 tale
1171 1188 1236 1224 quid
1246 1196 1261 1215 a
1270 1188 1451 1221 nutrimento,
1472 1187 1519 1215 sed
1535 1196 1590 1216 non
1605 1195 1621 1215 a
1632 1188 1807 1224 generatione

1016 1232 1161 1266 accipiant.
1178 1233 1324 1268 Corruptio
1337 1241 1404 1261 vero
1420 1232 1520 1260 borum
1540 1232 1595 1260 alia
1622 1233 1731 1268 quidem
1756 1241 1806 1261 na-

1015 1278 1113 1307 turalis
1136 1282 1179 1306 est
1199 1283 1226 1306 et
1258 1278 1409 1313 pestilens:
1425 1278 1478 1305 sub
1495 1276 1618 1305 canicula
1631 1276 1704 1305 enim
1720 1282 1806 1305 uestro

1017 1325 1145 1361 agitatur,
1157 1327 1185 1353 et
1196 1325 1285 1352 oritur
1300 1324 1338 1352 illi
1356 1324 1524 1352 vermiculus
1536 1324 1563 1351 in
1577 1323 1676 1359 capite,
1699 1327 1728 1351 et
1742 1331 1806 1352 cor-

1017 1371 1154 1406 rumpitur
1167 1378 1174 1397 :
1189 1370 1242 1398 alia
1254 1378 1363 1398 veroex
1377 1374 1453 1398 motu
1468 1374 1495 1397 et
1509 1370 1615 1398 volatu.
1627 1368 1696 1397 Nam
1705 1369 1805 1398 sublati

1016 1416 1117 1454 [bruci]
1131 1425 1146 1444 a
1161 1417 1249 1444 ventis
1264 1417 1292 1444 in
1311 1424 1387 1444 mare
1401 1416 1529 1444 feruntur
1542 1421 1570 1443 et
1581 1421 1804 1451 corrumpuntur.

1015 1463 1234 1498 Corrumpuntur
1245 1470 1310 1490 vero
1319 1463 1406 1490 .etiam
1422 1466 1535 1498 propter
1547 1462 1663 1489 hiemem
1674 1466 1701 1490 et
1708 1461 1806 1497 frigus,

1016 1506 1066 1542 ipsi
1083 1512 1110 1535 et
1139 1514 1190 1535 ova
1205 1514 1300 1535 eorum
1317 1515 1324 1534 :
1342 1508 1555 1542 exstinguuntur
1572 1514 1637 1535 vero
1666 1512 1694 1535 et
1714 1506 1806 1535 homi-

1017 1561 1081 1580 num
1095 1554 1305 1581 machinatione.
1324 1552 1425 1581 Fossas
1441 1553 1514 1581 enim
1532 1552 1700 1586 eﬂ'odientes,
1713 1552 1763 1581 hos
1777 1553 1806 1581 in

1016 1606 1063 1626 eas
1078 1598 1219 1634 dejiciunt,
1236 1603 1265 1626 et
1281 1601 1353 1626 terra
1380 1599 1528 1626 obruentes
1544 1598 1720 1626 interﬁciunt.
1742 1597 1806 1626 Ser-

1015 1649 1109 1680 pentes
1121 1644 1227 1672 duabus
1240 1644 1273 1672 de
1284 1644 1375 1672 causis
1392 1645 1517 1672 oriuntur
1529 1652 1537 1671 :
1548 1644 1590 1672 vel
1602 1652 1618 1671 e
1629 1645 1698 1672 coelo
1714 1644 1806 1679 pluvio

1015 1690 1058 1717 vel
1073 1690 1099 1717 in
1117 1690 1197 1722 bello,
1215 1695 1243 1717 et
1270 1689 1378 1719 fusione
1403 1690 1555 1725 sanguinis,
1579 1690 1650 1717 unde
1662 1697 1729 1725 pene
1751 1691 1806 1718 alia

1015 1743 1126 1771 quoque
1140 1741 1273 1764 venenata
1294 1736 1423 1764 animalia
1443 1736 1588 1771 prodeunt.
1610 1735 1689 1764 Unde
1715 1744 1806 1771 quon-

1015 1782 1078 1810 dam
1093 1786 1121 1810 et
1143 1782 1170 1809 in
1203 1780 1345 1809 Thessalia
1366 1788 1493 1817 magnam
1520 1782 1597 1809 alunt
1626 1785 1717 1809 natam
1743 1790 1806 1811 esse

1016 1827 1122 1862 copiam
1137 1831 1305 1862 serpentum.
1320 1827 1410 1855 Mures
1421 1827 1448 1854 in
1460 1826 1533 1854 arvis
1544 1827 1655 1862 plurimi
1680 1827 1758 1859 liunt,
1779 1831 1807 1855 et

1017 1873 1103 1909 magis
1123 1871 1151 1900 ili
1175 1873 1257 1900 siccis
1289 1879 1372 1908 quam
1398 1872 1425 1900 in
1443 1872 1583 1900 humidis:
1600 1871 1717 1899 inimicae
1732 1872 1807 1899 enim

1016 1920 1073 1948 illis
1086 1923 1151 1949 sunt
1171 1928 1258 1955 aquze.
1278 1919 1437 1948 Fecundum
1456 1924 1547 1947 autem
1567 1918 1670 1947 animal
1683 1923 1735 1947 est.
1750 1919 1802 1946 Mr

1018 1966 1134 1995 nifestus
1151 1966 1192 1994 eis
1207 1974 1241 1994 ex
1257 1973 1329 2001 aqua
1356 1965 1496 1993 interitus.
1521 1964 1578 1993 lllis
1600 1965 1675 1992 enim
1697 1970 1724 1992 et
1742 1964 1809 1992 foris

1018 2014 1142 2046 molesta,
1168 2018 1197 2041 et
1222 2012 1249 2041 in
1268 2021 1366 2040 eorum
1392 2019 1523 2040 cavernas
1554 2010 1653 2039 inﬂuit.
1675 2009 1810 2038 Occidunt

1016 2061 1099 2089 etiam
1134 2059 1196 2089 illos
1223 2060 1346 2088 mustela:
1376 2065 1507 2094 agrestes.
1529 2057 1704 2086 Occiduntur‘
1724 2056 1808 2084 etiam

1016 2107 1125 2135 occulto
1151 2110 1177 2133 et
1204 2105 1346 2140 frequente
1379 2104 1541 2140 pestilentiae
1569 2102 1653 2130 malo.
1682 2100 1810 2129 Nascitur

1017 2152 1091 2181 enim
1107 2152 1135 2180 in
1158 2150 1246 2188 capite
1265 2152 1387 2187 ipsorum
1402 2150 1503 2179 vermis
1520 2157 1601 2184 quem
1622 2147 1701 2184 periti
1715 2148 1810 2175 obser-

1019 2204 1124 2232 vantes,
1144 2207 1174 2227 re
1196 2199 1306 2234 cognita
1318 2196 1482 2233 praesagiunt
1509 2204 1542 2223 ac
1566 2194 1747 2231 praenuntiant
1768 2194 1810 2221 in-

181 2243 308 2278 μυωπίας
333 2243 492 2278 παρεισρεῖ.
518 2242 663 2278 Φθείρουσι
689 2243 713 2269 δ’
738 2243 836 2275 αὐτοὺς
861 2244 910 2270 καὶ
936 2244 964 2271 al.

1018 2247 1126 2274 teritum
1151 2245 1320 2273 earumdem.
1352 2242 1484 2270 Dicuntur
1508 2249 1600 2269 mures
1631 2240 1686 2282 (ει)
1707 2238 1809 2267 ferrum

179 2289 276 2323 ἄγριαι
303 2288 396 2322 γαλαῖ.
428 2287 507 2315 Ἔστι
532 2287 554 2303 ³¹
580 2288 610 2315 δέ
622 2297 665 2320 τις
683 2287 773 2315 αὐτῶν
802 2288 850 2316 καὶ
864 2288 969 2325 ἀφανὴς

179 2335 229 2361 καὶ
241 2334 328 2370 ἀθρόα
346 2334 434 2369 φθορὰ
450 2334 577 2369 καθάπερ
598 2343 640 2366 τις
668 2334 900 2369 ὲπισυμὸαίνουσα
914 2334 969 2362 λοι-

181 2381 276 2418 μώδης
287 2389 294 2396 ·
310 2380 434 2407 τίκτεται
450 2380 504 2416 γὰρ
529 2380 577 2407 καὶ
591 2380 694 2411 τούτοις
704 2380 727 2396 ³⁸
749 2382 778 2406 ὲν
800 2380 834 2416 τῇ
864 2381 968 2418 κεφαλῇ

180 2427 302 2461 σκώληξ,
318 2427 367 2454 καὶ
384 2426 554 2462 φθείρονται.
572 2427 604 2452 "0
620 2426 666 2452 καὶ
680 2425 704 2452 οἱ
719 2426 845 2461 ἔμπειροι
861 2427 971 2454 ἐπισκο-

181 2474 308 2505 ποῦντες,
326 2473 394 2499 ἐπὰν
414 2472 500 2504 ἴδωσι,
515 2472 564 2507 τήν
579 2471 681 2507 φθορὰν
703 2472 792 2498 αὐτῶν
822 2473 965 2504 προνοοῦσι

1021 2296 1049 2319 et
1062 2299 1159 2318 aurum
1196 2289 1348 2317 arrodere:
1369 2288 1431 2316 ideo
1452 2286 1582 2315 aurifabri
1610 2285 1663 2313 illis
1685 2285 1810 2314 dissectis

1022 2345 1119 2364 aurum
1141 2336 1204 2364 inde
1219 2336 1326 2363 tollunt.
1339 2335 1367 2362 ln
1382 2332 1498 2369 Egypto
1512 2331 1633 2367 bipedes.
1655 2336 1682 2358 et
1697 2338 1810 2366 magnos

1023 2383 1100 2410 nasci
1115 2382 1258 2418 perhibent
1281 2388 1384 2408 mures.
1412 2378 1518 2406 [labent
1529 2377 1601 2405 enim
1616 2381 1644 2404 et
1659 2377 1810 2404 anteriores

1022 2430 1114 2463 pedes,
1130 2427 1163 2456 iis
1177 2436 1243 2455 vero
1260 2435 1314 2456 non
1331 2424 1474 2458 incedunt,
1488 2423 1535 2452 sed
1552 2429 1665 2451 utuntur
1689 2430 1738 2458 pro
1753 2431 1810 2450 tua-

1019 2475 1100 2502 uibus
1114 2484 1122 2501 :
1140 2474 1250 2509 quando
1263 2481 1327 2500 vero
1341 2471 1447 2508 fugiunt
1457 2471 1565 2498 saltant.

180 2521 231 2547 καὶ
249 2519 492 2555 προαγγέλλουσιν.
511 2519 571 2544 ’Ὁτι
599 2519 624 2544 ot
647 2518 714 2553 μύες
737 2518 903 2554 ἱστοροῦνται
923 2521 970 2546 καὶ
1003 2520 1111 2555 σίδηρον
1148 2519 1301 2547 κατεσθίειν
1316 2521 1364 2545 καὶ
1389 2517 1518 2552 χρυσίον·
1534 2516 1573 2542 διὸ
1587 2515 1634 2542 καὶ
1646 2513 1809 2549 ἀνατέμνον-

179 2577 226 2599 τες
237 2568 335 2599 αὐτοὺς
346 2567 371 2593 οί
384 2567 413 2592 ἐν
427 2567 483 2598 τοῖς
495 2565 629 2601 χρυσείοις
645 2566 667 2581 ³⁸
678 2565 723 2592 τὸν
736 2565 836 2601 χρυᾶὸν
865 2568 1027 2602 ἀνιμῶνται.
1042 2568 1104 2595 ’Ὁτι
1134 2568 1163 2594 ὲν
1197 2567 1328 2602 Αἰγύπτῳ
1351 2565 1461 2598 δίποδὰς
1491 2572 1558 2599 φασι
1579 2563 1650 2599 μύας
1684 2562 1806 2596 γίνεσθαι

840 2622 958 2652 VAmzﬁ
978 2623 1183 2653 LECTIONES.

218 2669 241 2685 “
256 2668 305 2704 ὡς]
322 2669 420 2707 ὼς-καὶ
503 2668 525 2684 ’⁷
541 2668 622 2707 μέχρι
637 2667 668 2695 C.
706 2669 729 2707 ξ’
744 2671 867 2707 ταχεῖαν]
886 2673 937 2699 hac
961 2680 1028 2700 voce
1050 2673 1142 2700 linitur
1158 2673 1191 2700 Δ.

1239 2673 1261 2688 ¹⁹
1274 2672 1406 2707 βροὺκους
1431 2668 1603 2707 Sylburgius,
1631 2666 1808 2707 Borcltartus,

182 2701 484 2750 interiturawshi.‘
506 2711 532 2734 νυ
543 2701 688 2750 me?“
706 2701 915 2750 βαρεάῂτουξς-
963 2708 986 2750 τέ’
1003 2709 1128 2750 χρώμαξι
1155 2701 1462 2750 παρξῐτέἧίτιξιὶ..¹“⁵ῐὶηί
1488 2701 1585 2750 uti“?
1601 2701 1806 2750 περεπὲήῗέξ·

182 2741 203 2755 ³·
217 2738 314 2775 antu]
329 2739 389 2777 libri
406 2739 648 2777 aucobchmslnt
668 2747 729 2765 cum
743 2738 900 2777 'Sylburgio
918 2738 1037 2771 scribere
1059 2738 1170 2775 ταύτας.

180 2783 238 2802 των
249 2783 280 2807 ς,
304 2773 313 2775 ἡ
332 2775 355 2789 ⁵*
370 2775 498 2809 χρυσείας
510 2773 531 2800 C
547 2782 554 2799 :
570 2774 690 2808 χρλςίοις
705 2781 734 2804 ς.

1219 2744 1240 2759 ³³
1256 2736 1391 2778 ἕάτι]’ἓτι
1417 2742 1449 2769 C.
1488 2736 1520 2756 ’⁵³
1536 2736 1640 2768 τούτοις
1664 2736 1685 2763 C
1715 2744 1722 2762 ι
1746 2736 1808 2760 τού-

933 2827 1047 2858 NOTAE.

219 2879 275 2914 (25)
293 2878 359 2907 Vide
379 2877 412 2910 ρ.
425 2877 501 2904 Curt.
527 2875 657 2912 dctTyro
680 2879 726 2906 lib.
745 2887 778 2906 tv.

344 2927 479 2956 Parnm.
500 2926 556 2955 Gn.
568 2925 644 2956 CIV.

1635 2923 1670 2955 10
