1973 3077
171 133 225 165 299

735 137 867 168 PHOTII
884 138 1137 169 PATBIARCHIE
1170 139 1223 169 CI’.

1735 140 1790 174 300

171 189 218 215 καὶ
231 188 376 223 μεγάλους.
388 186 621 224 Ἐχουσιδὲοῦτοι
635 190 756 223 καὶτοὺς
771 192 955 227 ἐμπροσθίους
989 193 1082 226 πόδας,
1112 193 1169 228 ἀλλ’
1194 193 1224 220 ού
1249 192 1402 228 βαδίζουσιν
1426 193 1475 219 ἐπ’·
1496 192 1598 227 αὐτοῖς,
1618 193 1738 229 χρῶνται
1761 195 1791 222 δὲ

170 235 261 266 αὐτοῖς
273 233 317 261 οἵα
334 235 438 270 χερσίν.
456 236 540 262 Ὅταν
555 236 583 263 δὲ
599 236 730 271 φεύγωσι,
750 238 882 272 πηδῶσιν.

209 282 244 309 De
257 282 447 315 animantibus,
464 291 522 317 qum
534 284 635 311 invidia
654 284 776 312 laborare
786 285 920 312 dicuntur.

208 359 303 386 Stellio
330 359 378 394 (‘25
390 360 398 393 )
409 379 416 390 ,
432 364 462 387 ut
475 360 562 392 aiunt,
576 360 699 388 invidens
716 361 813 397 528b
834 362 955 389 hominis

171 403 290 435 utilitati,
313 403 429 439 deglutit
448 409 555 432 exutam
582 405 691 440 pellem.
722 406 770 434 Est
790 407 862 434 enim
877 408 955 434 auxi-

170 448 235 474 lium
248 449 356 475 habenti
372 449 536 476 comitialem
553 450 690 478 morbum.
703 451 806 479 Cervus
823 452 878 487 (26)
890 452 955 479 dex-

171 498 242 520 trum
257 501 342 521 cornu
356 494 469 527 defodit,
488 500 582 523 contra
599 496 710 524 bufonis
729 505 833 525 venena
847 498 956 533 aliaque

170 540 254 567 multa
267 541 389 575 perutile.
406 540 479 575 Equa
499 542 610 569 devorat
623 543 802 578 hippomanes
815 552 847 571 ex
862 544 954 578 pullis,

170 585 203 612 ad
216 586 336 620 qua:dam
349 586 423 614 utile.
437 586 526 614 Pboca
534 588 590 623 jam
601 588 729 622 capienda
741 590 841 617 evomit
854 598 954 625 coagu-

169 630 225 657 lum
237 633 309 666 quod
322 632 403 659 etiam
417 633 546 660 comitiali
556 635 652 662 morbo
671 635 736 662 utile
743 639 795 662 est.
808 635 956 663 Terrestris

170 676 282 704 echinus
306 678 402 712 pellem
428 679 507 706 urina
531 680 653 715 inquinat
666 685 693 708 et
705 682 863 716 corrumpit.
880 682 954 717 Lynx

170 721 271 750 defodit
287 724 404 757 urinam,
424 733 484 760 quae
498 725 532 753 ad
556 726 644 762 sigilla
656 732 684 755 et
699 728 766 755 alias
775 735 820 755 res
834 727 954 762 prodest.

171 766 305 795 Cancrum
331 769 459 797 animalia
483 771 534 798 hoc
560 779 608 806 per
633 771 762 800 invidiam
777 780 831 800 non
856 771 954 804 facere,

171 814 218 841 sed
243 813 396 843 bominese
419 816 528 851 propria
543 825 593 845 sua
618 818 746 852 opinione
772 819 825 846 hoc
851 819 956 846 crimen

170 859 225 888 illis
239 860 385 894 aliinxisse,
412 866 498 896 patet.
515 863 594 891 Unde
617 863 690 891 enim
709 863 796 892 brutis
810 864 957 891 animanti-

169 905 221 934 bus
246 911 320 934 tanta
347 907 472 942 scientia,
498 916 580 943 quam
602 909 728 938 homines
755 911 839 938 multo
864 911 956 938 labore

970 290 994 319 Α
1010 284 1065 312 Τοῦ
1076 283 1169 311 αὑτοῦ
1190 283 1225 310 ἐκ
1250 283 1305 311 τοῦ
1327 282 1393 316 περὶ
1405 282 1464 319 τῶν
1480 283 1503 299 ³⁵
1517 282 1687 318 λεγομένων
1715 281 1793 313 ζώων

1321 318 1454 352 φθονεῖν.

1043 366 1105 392 Ὅτι
1118 366 1132 392 ό
1145 364 1296 399 γαλεώτης,
1317 365 1393 398 φασὶ,
1403 363 1508 398 φθονῶν
1521 365 1570 399 τῆς
1589 363 1722 398 ὠφελείας
1735 364 1793 394 τοῖς

1008 411 1162 447 ἀνθρώποις
1172 410 1316 438 καταπίνει
1327 410 1357 436 τὺ
1371 410 1469 445 δέρμα,
1483 410 1548 437 ὅταν
1568 409 1711 444 ἐκδύηται·
1735 409 1793 435 ἔστι

1008 457 1062 492 γὰρ
1079 456 1205 491 βοήθημα
1229 455 1381 490 ἐπιλήπτῳ.
1412 455 1469 481 Καὶ
1486 456 1500 481 ὁ
1526 454 1624 488 ἔλαφος
1654 453 1685 480 τδ
1707 453 1793 485 δεξιὸν

1008 503 1168 538 κατορύττει
1184 501 1278 536 κέρας,
1297 501 1365 536 πρός
1380 509 1410 526 τε
1421 499 1455 527 τὰ
1469 501 1518 533 τῆς
1537 500 1641 535 φρύνης
1661 498 1794 535 φάρμακα

1009 549 1055 576 καὶ
1068 549 1136 584 πρὸς
1151 547 1219 575 ἄλλα
1230 547 1315 574 πολλὰ
1331 547 1477 582 χρήσιμον.
1493 546 1548 572 Καὶ
1562 546 1578 581 ἡ
1599 545 1683 576 ἵππος
1709 545 1795 571 ἀπεσ-

1009 594 1061 621 Θίει
1074 594 1128 621 τῶν
1147 593 1244 621 πώλων
1258 594 1288 620 τὸ
1299 593 1451 628 ἱππομανὲς
1463 599 1470 607 ⁸
1501 592 1548 618 καὶ
1572 591 1627 626 γὰρ
1649 591 1696 618 καὶ
1715 590 1795 617 τοῦτο

1009 639 1092 676 [1576
1120 638 1176 675 [η.
1192 639 1261 674 πρὺς
1279 638 1338 664 ἔνια
1363 637 1507 674 χρήσιμον.
1535 636 1590 663 Καὶ
1604 637 1621 670 ή
1641 635 1720 671 φώκη
1732 635 1795 661 ὅταν

1010 685 1095 720 μέλλῃ
1124 684 1295 715 ἁλίσκεσθαι,
1311 683 1404 718 ἐξεμεῖ
1419 682 1468 718 τὴν
1485 681 1595 713 πιτύαν,
1611 680 1796 716 χρησιμεύου-

1010 740 1059 759 σαν
1070 731 1116 758 καὶ
1134 730 1235 765 ταύτην
1248 731 1307 762 τοῖς
1320 729 1489 764 ὲπιλήπτοις.
1505 729 1560 755 Καὶ
1570 729 1584 755 ό
1600 728 1727 763 χερσαῖος
1738 727 1795 762 ἐχῖ-

1009 786 1053 809 νος
1067 777 1173 812 ὲνουρεῖ
1186 776 1225 811 τῷ
1238 775 1353 810 δέρματι
1373 774 1420 801 καὶ
1436 773 1599 809 διαφθείρει.
1624 773 1680 800 Καὶ
1696 773 1712 808 ἡ
1726 771 1795 806 λὺγξ

1009 823 1198 858 κατακρύπτει
1213 822 1242 848 τὸ
1256 820 1345 856 οὖρον,
1361 821 1401 847 ὅτι
1421 819 1490 856 πρὸς
1508 819 1558 851 τὰς
1582 818 1730 854 σφραγῖδας
1745 818 1794 844 καὶ

1010 869 1077 904 πρὸς
1098 868 1181 899 ἄλλας
1201 867 1295 903 χρείας
1311 865 1474 901 ἐπιτήδειον.
1496 864 1566 891 Ἀλλ’
1588 864 1630 891 ὃτι
1648 864 1697 899 μὲν
1708 863 1738 889 ού
1751 862 1795 889 διὰ

1009 914 1106 948 φθόνον
1121 913 1207 940 ταῦτα
1225 913 1297 939 ποιεῖ
1309 912 1342 939 τὰ
1355 911 1424 944 ζῶα,
1441 910 1498 938 ἀλλ’
1515 911 1539 937 οἱ
1553 910 1689 945 ἄνθρωποι
1703 909 1735 935 ὲκ
1745 909 1795 943 τῆς

170 952 215 978 vix
228 952 358 980 discunt?
375 952 466 981 Phoca
481 955 591 988 quidem
605 955 704 983 timore
728 955 820 984 forsan
836 957 956 990 turbata,

1011 959 1080 991 ἰδίας
1097 958 1258 994 ὑπολήψεως
1269 957 1371 992 ταύτην
1382 957 1473 988 αὺτοῖς
1486 956 1624 992 περιῆψαν
1634 955 1684 990 τὴν
1694 953 1794 987 αίτίαν,

169 997 315 1032 coagulum
332 997 442 1031 emittit,
467 1003 494 1026 et
511 999 600 1026 stellio
612 999 707 1034 pellem
730 999 844 1035 deglutit
863 1008 878 1027 a
907 1008 956 1028 na-

170 1050 242 1075 tura,
265 1045 494 1078 quemadmodum
509 1053 593 1074 canes
609 1050 636 1073 et
649 1054 723 1078 sues,
740 1051 766 1074 et
781 1054 850 1082 pene
864 1047 955 1074 omnia

170 1088 367 1123 quadrupedia.
399 1090 553 1117 Gomedunt
582 1090 655 1117 enim
675 1098 689 1117 a
704 1095 782 1125 partu
798 1095 891 1126 partus
913 1091 956 1118 in-

171 1135 291 1168 volucra,
308 1143 355 1163 seu
380 1137 564 1164 membranas.
577 1136 697 1164 Echinus
716 1137 822 1169 timore.
836 1137 878 1165 vel
902 1137 957 1164 alio

170 1180 290 1215 quodam
311 1181 428 1209 naturali
453 1181 551 1209 all‘ectu
567 1183 674 1210 urinam
690 1182 785 1215 mittit,
799 1183 846 1210 sed
858 1190 910 1210 non
928 1187 958 1210 ut

171 1231 330 1262 corrumpat
356 1226 464 1262 pellem.
479 1227 561 1255 Multa
577 1228 629 1255 alia
646 1229 714 1256 ﬁunt
728 1236 743 1255 a
773 1228 871 1260 brutis.
885 1235 955 1264 quo-

173 1279 233 1298 rum
248 1273 383 1299 rationem
408 1273 521 1301 reddere
551 1281 605 1301 non
623 1282 768 1309 possumus
785 1283 792 1302 :
810 1278 840 1302 ut
861 1282 957 1309 quam-

172 1317 266 1345 obrem
280 1318 380 1353 gallina
409 1326 471 1346 cum
497 1320 642 1355 pepererit,
667 1320 759 1355 paleas
783 1320 955 1355 circumjicit.

171 1362 261 1396 Quare
276 1371 357 1392 canes
375 1365 482 1392 elevato
499 1373 579 1393 crure
594 1365 703 1393 urinam
719 1366 850 1393 mittant?
866 1366 957 1400 Quare

171 1415 264 1443 capra.
283 1417 344 1437 cum
365 1411 507 1446 eryngium
536 1412 653 1440 comedit
670 1417 733 1445 stet,
750 1417 777 1440 et
792 1412 859 1440 alias
885 1418 956 1440 stare

171 1455 274 1482 faciat?
292 1456 425 1492 Quodque
444 1457 477 1484 de
504 1458 581 1493 lynce
595 1463 621 1485 et
647 1466 729 1486 cervo
746 1463 886 1486 narratum
904 1464 956 1491 est,

170 1501 264 1528 eodem
282 1503 363 1530 modo
377 1503 578 1538 dijudicandum
598 1504 664 1539 (27).

1009 1004 1089 1031 παντὶ
1104 1004 1194 1038 δῆλον.
1215 1002 1301 1030 Πόθεν
1312 1002 1366 1037 γὰρ
1377 1003 1434 1033 τοῖς
1447 1001 1557 1035 ἀλόγοις
1576 1001 1593 1035 ἡ
1609 999 1729 1034 τοσαύτη
1752 1006 1797 1025 σο-

1009 1049 1068 1085 φία,
1082 1050 1115 1085 ἣν
1127 1049 1174 1076 καὶ
1189 1050 1213 1075 οἱ
1223 1049 1329 1084 λογικοὶ
1352 1047 1422 1082 μετὰ
1437 1047 1536 1082 συχνῆς
1561 1046 1675 1081 μελέτης
1694 1044 1797 1080 μανθά-

1008 1104 1099 1122 νουσιν
1111 1103 1119 1127 ;
1143 1094 1214 1121 Ἀλλ’
1229 1095 1245 1130 ἡ
1259 1095 1307 1130 μὲν
1321 1093 1400 1129 φώκη
1411 1093 1456 1120 διὰ
1470 1094 1515 1119 τὸν
1527 1092 1608 1127 φόϐον
1620 1092 1685 1123 ἴσως
1700 1099 1797 1126 ταρατ-

1008 1141 1110 1176 τομένη
1127 1141 1188 1175 ἐμεῖ
1204 1140 1253 1174 τὴν
1269 1140 1379 1171 πιτύαν,
1393 1140 1441 1166 καὶ
1455 1140 1469 1165 ὁ
1494 1137 1636 1173 γαλεώτης
1651 1136 1796 1163 καταπίνει

1009 1188 1040 1215 τὺ
1066 1188 1154 1223 δέρμα
1174 1187 1290 1222 φυσικόν
1316 1196 1343 1214 τι
1359 1186 1443 1214 ποιῶν
1457 1185 1554 1219 πάθος,
1581 1184 1709 1220 καθάπερ
1733 1183 1758 1210 oi.
1773 1183 1796 1199 ⁸⁸

1008 1235 1091 1266 κύνες
1108 1234 1155 1261 καὶ
1168 1235 1196 1261 αι
1214 1233 1259 1265 ὕες
1274 1233 1322 1260 καὶ
1339 1233 1431 1268 σχεδὸν
1444 1233 1466 1249 ³⁷
1477 1232 1512 1259 τὰ
1522 1231 1675 1267 τετράποδα
1689 1230 1777 1257 πάντα
1787 1236 1794 1244 ·

1008 1279 1146 1309 κατεσθίει
1160 1279 1215 1315 γὰρ
1228 1279 1262 1306 τὰ
1273 1279 1352 1314 χόρια
1372 1277 1442 1314 μετὰ
1454 1278 1518 1310 τοὺς
1529 1277 1635 1308 τόκους.
1647 1277 1726 1303 Καὶὸ
1738 1276 1795 1310 ὲχῖ-

1009 1333 1052 1356 νος
1067 1324 1095 1350 δὲ
1109 1323 1152 1351 διὰ
1165 1323 1246 1357 φόϐον
1258 1323 1275 1358 ἢ
1295 1323 1328 1350 δι’
1342 1323 1407 1350 ἄλλο
1420 1332 1447 1350 τι
1464 1322 1549 1354 πάθος
1564 1322 1629 1358 [865
1648 1321 1697 1357 Η.]
1718 1329 1797 1356 φυσι-

1009 1369 1057 1396 κδν
1071 1369 1185 1405 ὲνουρεῖ,
1197 1369 1254 1396 ἀλλ’
1268 1369 1317 1403 οὐχ
1331 1368 1376 1395 ἵνα
1392 1367 1490 1404 φθείρῃ
1508 1367 1540 1394 τὸ
1552 1367 1652 1402 δέρμα.
1665 1366 1753 1393 Πολλὰ
1768 1365 1796 1392 δὲ

1009 1415 1056 1442 καὶ
1066 1414 1133 1443 ἄλλα
1145 1414 1295 1450 πράττεται
1307 1415 1363 1446 τοῖς
1371 1414 1488 1448 ἀλόγοις,
1502 1410 1539 1440 ὧν
1549 1413 1599 1439 οὑκ
1610 1413 1708 1448 ἔχομεν
1717 1411 1796 1446 λόγον

1010 1460 1167 1492 ἀποδοῦναι,
1178 1459 1233 1487 οἷον
1245 1460 1289 1487 διὰ
1300 1460 1327 1487 τί
1340 1461 1356 1495 ή
1370 1459 1444 1495 ὅρνις
1456 1460 1520 1486 ὅταν
1530 1459 1608 1495 τέκῃ,
1621 1458 1796 1494 περιῤῥίπτει

1011 1506 1046 1533 τὰ
1068 1506 1182 1542 accipiar);
1209 1506 1253 1532 διὰ
1271 1505 1298 1532 τί
1315 1506 1340 1532 ot
1367 1505 1447 1536 κύνες
1477 1504 1637 1538 ἐπαίροντες
1652 1503 1687 1530 τὰ
1714 1503 1796 1538 σκέλη

171 1548 366 1583 προσουροῦσι;
377 1548 422 1575 διὰ
434 1549 461 1575 τί
476 1549 492 1583 ἡ
505 1549 549 1582 άὶξ
567 1549 631 1576 ὅταν
640 1549 710 1586 λάϐῃ
725 1550 756 1576 τὸ
768 1549 901 1585 ἠρύγγιον
916 1550 956 1581 είς
974 1549 1006 1576 τὺ
1018 1550 1116 1585 στόμα,
1134 1551 1208 1585 μένει
1220 1550 1268 1577 καὶ¹
1298 1550 1348 1581 τὰς
1368 1549 1452 1582 ἄλλας
1472 1548 1599 1576 ἵστασθαι
1621 1549 1714 1581 natet;
1748 1546 1797 1574 καὶ

170 1594 200 1619 τὺ
213 1594 263 1629 τῆς
277 1594 376 1629 λυγκὸς
387 1594 410 1610 ³⁸
422 1591 469 1621 οὗν
483 1595 531 1622 καὶ
540 1594 571 1621 τὺ
589 1596 639 1631 τῆς
657 1595 758 1630 ἐλάφου
774 1597 789 1622 ὁ
803 1596 883 1627 αὺτὺς
905 1595 1055 1629 κατάλογος
1073 1595 1203 1630 περιέξει.

462 1642 502 1669 De
517 1642 669 1670 sudoribus.

206 1688 296 1716 Sudor
310 1688 399 1716 salsus
417 1692 477 1720 est,
503 1689 568 1723 quia
594 1688 714 1715 alienum
742 1687 897 1715 excernitur
925 1687 959 1714 ab

171 1734 325 1762 adhaerente
336 1742 430 1767 carne.
446 1735 579 1762 exhausta
593 1739 620 1762 et
635 1735 744 1763 levitate
761 1739 787 1762 et
803 1734 957 1763 dulcedine.

171 1778 235 1806 Tale
255 1779 329 1806 enim
346 1782 551 1806 excrementum
566 1779 704 1807 exsistens
728 1779 801 1807 circa
829 1779 958 1811 vesicam,

169 1825 268 1851 urina:
288 1824 315 1851 in
333 1832 416 1852 carne
444 1832 509 1852 vero
536 1825 620 1852 sudor
652 1828 776 1852 vocatur.
797 1824 960 1851 Excernitur

169 1877 234 1897 vero
251 1870 335 1898 sudor
357 1877 406 1904 per
426 1874 540 1903 motum,
557 1870 599 1897 vel
614 1870 746 1904 laborem,
761 1870 804 1898 vel
818 1878 867 1906 per
885 1868 960 1898 calo—

168 1916 207 1943 ris
223 1920 251 1943 et
265 1915 377 1950 spiritus
390 1915 527 1943 virtutem.
552 1914 651 1947 Sudor,
669 1923 730 1943 cum
744 1916 780 1944 sit
794 1916 893 1947 salsus.
914 1923 960 1943 ac-

170 1962 234 1997 cipit
250 1961 440 1993 acrimoniam,
463 1961 505 1988 vel
533 1961 720 1994 acerbitatem,
734 1961 777 1989 vel
799 1962 902 1989 malum
917 1961 959 1988 vel

169 2008 272 2034 henum
301 2009 425 2040 odorem,
442 2012 551 2042 propter
565 2007 665 2035 multas
680 2011 708 2035 et
722 2007 812 2035 varias
826 2007 958 2035 rationes.

168 2053 287 2082 Iuvenes
308 2054 442 2082 dillicilius
468 2054 569 2081 sudant
595 2061 677 2089 quam
702 2053 765 2086 viri.
790 2058 818 2080 et
841 2054 960 2081 maxime

170 2099 257 2134 pueri,
268 2106 424 2134 quanquam
438 2103 538 2126 natura
550 2098 631 2126 calidi
647 2099 702 2125 sint
713 2103 739 2125 et
751 2097 866 2131 humidi,
890 2097 960 2125 unde

171 2145 258 2171 oritur
273 2145 368 2176 sudor,
382 2143 446 2178 quia
472 2143 636 2171 densissima
654 2147 695 2170 est
711 2150 858 2178 puerorum
875 2142 957 2176 cutis,

170 2194 198 2216 et
212 2194 343 2224 tanquam
357 2188 497 2216 conclusa.
517 2187 618 2216 Ad'haec
647 2195 711 2215 vero
727 2188 801 2215 calor
826 2195 959 2222 superans

171 2234 317 2269 concoquit
339 2234 403 2261 dum
432 2240 570 2262 crescunt.
589 2233 694 2268 Siquid
711 2241 775 2260 vero
800 2234 836 2260 sit
865 2241 959 2260 excre-

171 2280 267 2313 menti,
290 2280 342 2307 hoc
366 2280 485 2315 egeritur
496 2288 543 2315 per
555 2281 657 2308 alvum.
671 2280 708 2309 Ut
724 2281 871 2315 plurimum
884 2281 957 2308 enim

1203 1640 1259 1668 Τοῦ
1273 1639 1366 1667 αὐτοῦ
1378 1639 1446 1674 περὶ
1461 1639 1601 1673 ἱδρώτων.

1046 1686 1107 1712 Ὀτι
1127 1685 1248 1722 ἁλμυρὸς
1261 1686 1366 1720 γίνεται
1377 1687 1391 1713 ὁ
1415 1685 1506 1721 ἱδρὼς,
1519 1687 1585 1713 διότι
1600 1686 1630 1712 τὸ
1657 1685 1796 1722 ἀλλότριον

1009 1732 1176 1768 ἐκκρίνεται,
1194 1734 1227 1768 τῇ
1239 1731 1390 1768 προσφύσει
1407 1732 1457 1767 τῆς
1467 1733 1568 1769 σαρκὸς
1589 1732 1795 1768 ὲξανηλωμένου

1009 1778 1056 1806 τοῦ
1083 1778 1253 1814 γλυκυτάτου
1272 1778 1319 1805 καὶ
1337 1779 1517 1813 κουφοτάτου.
1545 1779 1582 1806 Τὸ
1603 1778 1658 1814 γὰρ
1674 1778 1796 1806 τοιοῦτον

1009 1825 1171 1861 περίττωμα
1193 1825 1222 1852 ὲν
1246 1823 1295 1860 μὲν
1317 1825 1350 1859 τῇ
1369 1824 1440 1851 κατὰ
1464 1824 1515 1860 τὴν
1531 1824 1625 1852 κύστιν
1647 1824 1796 1852 ὑποστάσει

1009 1870 1098 1907 οὖρον,
1117 1873 1146 1898 ὲν
1164 1871 1193 1898 δὲ
1205 1872 1239 1907 τῇ
1259 1871 1343 1906 caput
1357 1871 1438 1907 ἱδρὼς
1461 1871 1595 1898 καλεῖται.
1625 1870 1795 1906 Ἐκκρίνεται

1008 1918 1038 1945 δὲ
1050 1919 1064 1944 ό
1079 1917 1157 1952 ίδρὼς
1169 1917 1212 1943 διὰ
1225 1917 1333 1952 κίνησιν
1347 1916 1364 1952 ἢ
1378 1916 1457 1944 πόνον
1473 1917 1490 1952 ἢ
1506 1917 1550 1943 διὰ
1568 1917 1618 1952 τὴν
1633 1916 1679 1943 τοῦ
1692 1915 1795 1952 θερμοῦ

1009 1964 1114 1991 καὶτοῦ
1128 1963 1283 1999 πνεύματος
1300 1963 1426 1998 δύναμιν.
1455 1963 1516 1990 ’Ὁτι
1538 1963 1552 1990 ό
1568 1962 1648 1998 ἱδρὼς
1675 1962 1796 1998 ἁλμυρὸς

1009 2007 1047 2035 ὣν
1057 2008 1263 2044 προσλαμὸάνει
1278 2008 1396 2045 ὀξύτητα
1414 2009 1431 2045 ἢ
1447 2009 1600 2044 πικρότητα
1626 2009 1644 2044 ἢ
1661 2008 1795 2036 δυσωδίαν

1009 2054 1025 2090 ἢ
1040 2055 1153 2081 εὐωδίαν
1168 2054 1213 2081 διὰ
1226 2055 1325 2087 πολλὰς
1336 2054 1383 2082 καὶ
1398 2055 1543 2090 διαφόρους
1553 2055 1652 2086 αίτίας.
1666 2055 1726 2082 Ὀτι
1735 2055 1760 2081 oi
1772 2055 1794 2072 "

1009 2100 1105 2131 παῖδες
1114 2099 1169 2126 τῶν
1186 2100 1289 2135 ἀνδρῶν
1304 2099 1404 2135 μᾶλλον
1422 2099 1598 2135 δυσίδρωτες,
1616 2099 1664 2127 καὶ
1677 2100 1795 2135 μάλιστα

1007 2145 1042 2172 τὰ
1055 2145 1166 2178 παιδία,
1190 2146 1277 2172 καίτοι
1303 2145 1351 2181 τὴν
1368 2145 1448 2180 φύσιν
1464 2145 1527 2172 ὄντα
1542 2145 1632 2181 θερμὰ
1648 2145 1696 2172 καὶ
1713 2146 1793 2180 ὑγρὰ,

1009 2191 1040 2223 ἐξ
1061 2188 1099 2218 ὧν
1130 2192 1148 2228 τί)
1175 2191 1229 2219 τῶν
1256 2191 1375 2226 ἱδρώτων
1402 2192 1529 2225 γένεσις,
1557 2191 1624 2218 διότι
1659 2191 1795 2218 πυκνότα-

1009 2246 1049 2264 τοι
1079 2237 1134 2264 τῶν
1162 2237 1266 2264 παίδων
1297 2238 1323 2264 οι
1354 2245 1459 2272 χρωτες
1483 2237 1532 2264 καὶ
1569 2238 1665 2272 ὥσπερ
1694 2245 1794 2271 συγκε-

1009 2280 1175 2315 κλεισμένοι.
1188 2281 1249 2307 Ἐτι
1262 2280 1291 2307 δὲ
1306 2282 1323 2317 ἠ
1341 2282 1476 2317 θερμότης
1501 2281 1687 2318 ἐπικρατοῦσα
1702 2282 1793 2308 πέττει

172 2332 317 2359 puerorum
335 2325 412 2353 alvus
428 2325 517 2354 facilis
533 2331 574 2354 est
589 2336 596 2353 :
613 2333 692 2354 senes
718 2334 783 2353 vero
803 2334 872 2354 rarae
897 2327 956 2361 qui-

1011 2326 1055 2353 διὰ
1069 2326 1117 2362 τὴν
1129 2326 1253 2361 αὔξησιν.
1275 2327 1338 2353 Ἐὰν
1354 2327 1383 2354 δέ
1394 2335 1420 2354 τι
1434 2327 1482 2354 καὶ
1494 2327 1606 2363 γένηται
1620 2328 1792 2363 περίττωμα,

172 2372 232 2397 deni
253 2371 336 2405 cutis,
351 2372 398 2399 sed
412 2372 498 2400 siccae.
512 2371 625 2407 Oportet
638 2379 705 2400 vero
715 2372 808 2400 sudori
825 2377 954 2407 tanquam

1009 2371 1087 2398 τοῦτο
1099 2373 1255 2408 ἐκκρίνεται
1268 2373 1339 2400 κατὰ
1354 2373 1459 2400 κοιλίαν
1470 2381 1477 2388 ·
1497 2372 1594 2409 εὔρους
1612 2374 1666 2410 γὰρ
1682 2373 1719 2405 ὡς
1734 2372 1793 2400 ὲπί-

803 2480 920 2509 ἾΑΗῙΛΕ
945 2482 1146 2511 LECTIONES.

210 2546 233 2583 δὴ
248 2546 301 2572 τῶν
317 2562 351 2567 -
363 2546 481 2583 φθονεῖν]
500 2548 597 2583 horum
624 2547 685 2575 loco
709 2548 807 2576 lacuna
828 2554 870 2576 est
885 2549 912 2576 in
934 2549 965 2577 C.

175 2582 267 2616 σχεδὸν
279 2583 326 2608 καὶ
344 2591 373 2613 ς.

1015 2549 1037 2588 ³.·
1050 2549 1140 2588 οηδαίἶ
1157 2549 1349 2588 δοιιηείιίοιηε.
1361 2586 1373 2588 A
1388 2552 1409 2568 ³⁷
1425 2551 1472 2578 καὶ
1490 2552 1583 2588 σχεδὸν
1605 2552 1765 2588 Sylburgius
1782 2562 1789 2581 :

422 2582 444 2598 ³⁸
461 2582 561 2616 λυγκὸς
579 2582 741 2619 Sylburgius
756 2593 763 2611 :
779 2585 878 2619 λυγγὸς
891 2592 921 2616 ς.
969 2584 992 2601 ⁸⁸
1007 2586 1031 2611 οἱ
1045 2582 1107 2612 add.
1121 2585 1153 2612 Β.
1191 2586 1212 2601 ’⁸⁸
1229 2587 1331 2613 παίδων
1359 2586 1389 2614 Β.
1427 2587 1449 2603 δι
1469 2582 1614 2623 μοίῖὀχροες
1626 2582 1660 2614 Β.

923 2674 1039 2708 NOTAE,

208 2745 263 2779 (‘25)
284 2744 350 2772 Vide
369 2744 570 2779 jureconsultos
592 2744 625 2772 de
648 2744 782 2777 stellione,
809 2749 839 2771 ut
863 2743 954 2771 Aleia—

173 2785 263 2849 ωῗέθ)
278 2814 342 2842 Vide
358 2814 514 2842 Proverbia.
530 2815 567 2842 De
585 2822 654 2849 equa
674 2814 736 2841 vide
753 2814 892 2842 Plutarch.

1046 2745 1257 2784 (27)_Plutareh.
1284 2747 1332 2776 lib.
1344 2756 1380 2775 vn
1397 2748 1517 2783 Sympos.
1533 2757 1579 2784 qu.
1603 2748 1631 2782 ‘2,
1649 2752 1676 2776 et
1690 2747 1736 2776 lib.
1755 2748 1792 2776 οι

1009 2783 1086 2809 tarda
1101 2782 1149 2809 Dei
1164 2783 1286 2810 vindicta.
