1959 3081
178 184 228 216 3G!

674 185 937 215 BIBLIOTHECA.
953 197 985 203 -
1004 184 1087 214 COD.
1107 185 1308 216 CCLXXVIII-

1753 181 1808 214 302

179 250 231 268 παν
243 241 322 276 ἡτῶν
334 241 447 268 παιδίων
453 242 486 268 ⁵ο.
494 242 526 268 Οἱ
536 241 564 268 δὲ
573 241 698 276 γέροντες
711 240 860 276 μανόχροες
871 240 893 257 ⁸³
905 240 965 275 μὲν,

1022 242 1160 269 materiam
1188 241 1301 269 subesse
1317 241 1465 271 humidam.
1491 239 1640 274 prteserlim
1661 246 1723 266 cum
1743 246 1807 274 pe:-

178 287 247 314 ἁλλά
271 287 350 323 ξηροί
362 295 369 302 ”
385 287 425 314 δεῖ
440 287 470 314 δὲ
485 287 524 322 τῷ
539 287 631 323 ἱδρῶτι
647 287 771 323 καθάπερ
791 286 858 323 ὕλην
875 286 965 321 ὑπάρ-

180 342 238 369 χειν
253 333 284 360 τὸ
295 333 500 369 ὑγρόν.’Δλλως
521 341 552 359 τε
563 333 649 360 δὲκαὶ
663 333 729 360 αὐτὸ
748 333 779 359 τὸ
795 332 910 359 εὔπνουν
921 332 968 359 καὶ

181 380 265 414 μανὸν
282 379 378 415 ἱκανὴν
404 380 454 414 τὴν
481 378 604 414 ἔκκρισιν
622 381 703 412 ποιεῖ,
718 379 766 406 καὶ
789 379 828 414 τῷ
849 378 969 413 συνεχῶς

179 425 303 460 γίνεσθαι
328 426 375 452 καὶ
391 425 429 460 τῷ
450 424 488 460 μὴ
502 425 525 441 δ’
542 424 627 451 πολλὰ
647 424 810 460 ἐνυπάρχειν
834 425 868 451 τὰ
886 424 967 458 ὑγρά.

179 472 229 498 Διά
244 471 324 498 τοῦτο
339 473 386 498 καὶ
399 468 436 498 ὦν
451 473 480 498 ai
495 471 594 498 κοιλίαι
609 471 692 506 ὑγραὶ
709 471 757 498 καὶ
779 471 820 502 εἰς
844 469 939 497 κύστιν
952 471 968 504 ἡ

180 518 297 554 ὲπιῤῥοὴ
308 517 354 544 τοῦ
366 517 582 554 περιττώματος,
591 517 640 544 οὐκ
651 517 794 552 εὒϊδρωτες
803 517 922 550 γίνονται
933 516 968 547 ⁸³.

181 565 249 591 διότι
266 565 321 591 πᾶν
346 565 377 591 τὸ
397 565 481 600 ὑγρὸν
497 560 617 591 ’ἐνταῦθα
645 563 785 600 ὥρμησεν.
805 563 903 590 ’Ὁτιοῑ
932 563 969 598 μὴ

182 610 320 644 πέψαντες
334 610 367 636 τὰ
384 610 457 636 σιτία
474 609 521 636 καὶ
533 610 559 636 oi
569 609 797 644 ἀγρυπνήσαντες
812 608 968 644 εὑῖδρωτες,

181 655 250 681 διότι
276 656 292 689 ἡ
318 655 400 690 πέψις
426 655 580 691 διαμερίςει
610 655 633 670 ⁸⁸
658 655 707 690 τὴν
723 654 860 690 ὑγρότητα
882 654 931 682 καὶ
955 655 970 681 ό

183 701 266 733 ὕπνος
285 702 388 728 πέττει.
407 702 468 728 Ὅτι
481 702 505 728 oi
523 701 726 736 γυμναζόμενοι
741 701 788 728 καὶ
809 699 839 728 εὖ
862 701 969 736 ἔχοντες

182 748 327 782 εὑῖδρωτες
340 747 442 783 μᾶλλον
455 748 511 776 τῶν
526 749 718 783 ἀγυμνάστων.
737 749 798 775 Ὀτι
812 748 860 775 καὶ
874 749 899 774 οἱ
920 757 969 774 πε-

183 794 327 829 πεμμένην
341 794 387 821 καὶ
398 795 423 821 οἱ
435 795 556 822 ἄπεπτον
568 794 676 830 ἔχοντες
684 794 733 829 τὴν
740 794 845 830 τροφὴν
857 794 969 830 εὺϊδρω-

181 848 227 871 τες
237 848 244 855 ·
261 840 350 867 καίτοι
367 840 437 874 δόξει
450 840 550 867 ἄτοπον
564 838 634 867 εῖναι
649 849 656 857 ν
669 840 719 867 οὐκ
741 840 800 867 ἔστι
819 840 858 866 δέ.
874 841 906 866 Οἱ
920 839 969 875 μὲν

182 884 236 919 γὰρ
247 884 467 920 γεγυμνασμένοι
483 884 523 920 τῷ
538 885 611 920 μανὰ
633 884 669 911 τὰ
691 884 807 920 σώματα.
833 885 908 920 ἐχειν
922 885 969 911 καὶ

182 931 373 966 ἀνεῳγμένους
387 931 410 946 ⁵⁵
422 931 486 962 τοὺς
501 930 612 966 πόρους,
627 930 675 957 καὶ
690 930 730 965 τῷ
756 930 885 966 συνήθεις
899 927 969 957 εἶναι

1019 287 1092 321 quod
1105 287 1209 314 halitus
1221 287 1300 314 facile
1314 286 1421 317 transit,
1433 285 1560 320 quodque
1574 289 1616 312 est
1632 288 1733 316 ratum,
1747 284 1808 310 suf-

1021 332 1155 360 ﬁcientem
1170 333 1268 368 529a
1284 334 1465 360 excretiouem
1479 331 1581 360 faciat:
1593 335 1620 358 et
1630 332 1694 365 quia
1707 330 1736 357 fit
1744 337 1810 357 con—

1020 377 1147 409 tinenter,
1163 383 1190 405 et
1205 378 1309 406 multus
1322 378 1421 405 humor
1432 385 1486 405 non
1509 377 1589 404 iuest.
1613 376 1674 403 Ideo
1691 382 1808 410 quorum

1020 428 1127 451 ventres
1139 424 1243 451 humidi
1259 428 1334 455 sunt.
1351 428 1378 451 et
1391 428 1595 452 excrementum
1624 422 1701 449 ﬂuxit
1724 422 1751 448 in
1765 428 1810 447 ve—

1020 470 1115 502 sicam,
1128 478 1181 497 non
1197 470 1312 497 multum
1329 470 1440 503 sudant,
1456 477 1489 498 eo
1504 469 1577 506 quod
1593 477 1701 497 omnem
1713 468 1810 495 hutno-

1020 523 1076 542 rem
1100 515 1164 542 illuc
1193 516 1313 544 mittunt.
1334 515 1386 549 Qui
1406 516 1481 544 cibos
1506 523 1561 543 non
1585 518 1759 549 concoquunt
1782 516 1811 541 et

1020 569 1076 588 non
1096 561 1247 594 dormiunt,
1261 563 1375 590 mullum
1393 562 1502 596 sudant,
1519 569 1552 590 eo
1568 561 1642 597 quod
1667 559 1809 589 concoctio

1020 607 1166 634 distribuat
1192 607 1346 640 humorem,
1359 613 1387 636 et
1399 616 1512 636 somnus
1526 611 1688 642 concoquat.
1707 606 1758 639 Qui
1780 612 1811 633 se

1020 657 1158 683 exercent.
1175 657 1203 679 et
1216 653 1285 680 bene
1301 653 1401 683 valent.
1417 653 1504 688 magis
1533 652 1633 680 sudant
1656 659 1738 687 quam
1762 650 1808 686 qui

1021 705 1075 725 non
1096 697 1231 726 laborant.
1255 698 1308 732 Qui
1333 704 1443 726 coctum
1460 705 1487 726 et
1507 699 1554 734 qui
1569 699 1684 726 crudum
1709 697 1811 724 habent

1021 744 1122 775 cibum,
1137 745 1252 772 multum
1269 745 1380 777 sudant,
1395 745 1467 779 quod
1487 751 1644 780 quanquam
1659 743 1810 771 absurdum

1021 790 1154 822 videatur,
1172 799 1227 818 non
1253 795 1342 819 tamen
1368 796 1422 819 est.
1449 791 1501 825 Qui
1529 792 1603 819 enim
1630 798 1660 819 se
1682 795 1811 818 exercent

1020 836 1092 871 quod
1109 837 1199 864 soluta
1217 837 1334 865 habeant
1348 845 1473 873 corpora,
1493 842 1520 865 et
1534 845 1617 873 poros
1634 837 1810 868 exercitatos,

1020 886 1047 909 et
1074 882 1146 917 quod
1168 883 1223 910 sint
1244 883 1390 911 sudoribus
1415 885 1528 918 assueti.
1550 884 1666 911 multum
1697 883 1808 911 sudant.

1021 927 1143 954 Aliorum
1156 935 1221 956 vero
1232 929 1292 963 pori
1307 929 1391 957 clausi
1405 934 1479 962 sunt,
1490 930 1553 965 quia
1564 938 1618 957 non
1631 938 1661 957 se
1670 932 1807 957 exercent.

182 979 251 1013 πρὸς
269 978 332 1010 τοὺς
363 978 488 1013 ἱδρῶτας,
510 979 656 1014 εὐῖδρωτες
667 987 673 994 ·
697 978 752 1004 τῶν
769 978 797 1004 δὲ
814 977 968 1013 μεμύκασιν

1022 972 1072 1006 Qui
1090 981 1153 1000 vero
1167 975 1259 1002 cibum
1279 976 1393 1002 crudum
1409 975 1494 1003 edunt
1521 977 1555 1003 oh
1570 976 1717 1003 humerum
1735 976 1809 1003 mul-

181 1025 206 1050 o!
224 1024 302 1060 πόροι
315 1024 400 1051 διὰτὸ
414 1024 451 1060 μὴ
475 1024 601 1060 χρῆσθαι.
625 1026 657 1051 Οί
674 1025 702 1051 δὲ
731 1024 768 1060 μὴ
788 1024 970 1058 πεπεμμένην

182 1070 289 1105 ἔχοντες
300 1070 348 1106 τὴν
359 1070 461 1106 τροφὴν
471 1071 510 1106 τῷ
525 1071 621 1106 πλήθει
633 1071 683 1106 τῆς
696 1071 845 1106 ὑγρότητος
856 1070 968 1105 εὺῖδρω-

182 1125 226 1148 τες
237 1127 244 1133 ·
260 1117 285 1143 οἱ
304 1117 334 1144 δὲ
349 1118 527 1153 πεπεμμένην
543 1117 582 1152 τῷ
593 1118 642 1152 τὴν
666 1117 804 1152 ὑγρότητα
827 1117 968 1152 διακεκρί-

183 1161 246 1188 σθαι
256 1163 289 1197 τῇ
308 1161 389 1196 πέψει
403 1162 450 1189 τοῦ
463 1162 543 1190 ἄλλου
559 1162 641 1197 χυλοῦ
663 1162 758 1198 ῥᾳδίαν
773 1162 865 1197 ἔχουσι
884 1164 908 1178 ⁵⁵
920 1163 969 1199 τὴν

181 1207 340 1242 ἐξόρμησιν.
359 1207 439 1244 [1577
457 1207 503 1245 3.]
516 1209 578 1234 Ὀτι
599 1208 629 1234 οὐ
655 1208 810 1239 πονοῦντες,
832 1208 890 1235 ἀλλ’
904 1209 969 1236 ὅταν

182 1254 334 1286 παύωνται,
352 1253 451 1287 μᾶλλον
467 1253 594 1288 ἱδροῦσιν,
610 1253 672 1280 οὐδὲ
694 1253 889 1286 συντείνοντες,
903 1254 966 1281 οὐδὲ

182 1297 345 1332 κατέχοντες
361 1297 392 1323 τὸ
406 1297 526 1332 πνεῦμα,
551 1296 609 1323 ἀλλ’
624 1297 688 1323 ὅταν
708 1296 804 1331 ἀγῶσι,
827 1297 894 1324 διότι
919 1306 969 1324 πο-

182 1342 300 1368 νούντων
316 1341 366 1377 μὲν
382 1341 446 1378 [864
459 1341 505 1378 Η.)
523 1342 575 1368 ὑπὸ
590 1341 638 1369 τοῦ
659 1344 814 1377 πνεύματος
826 1343 854 1369 αἱ
870 1343 969 1378 φλέϐες

181 1387 379 1422 ὲμφυσώμεναι
393 1389 529 1423 συμμύειν
551 1389 658 1416 ποιοῦσι
682 1391 747 1421 τοὺς
766 1390 878 1424 πόρους,
897 1390 968 1417 ὥστε

180 1434 214 1461 δι’
224 1434 379 1469 εὐρυτέρων
392 1434 491 1469 μᾶλλον
502 1434 643 1470 ἐξέρχεται
654 1435 684 1462 τὸ
694 1435 787 1469 ὑγρόν.
799 1436 853 1462 Καὶ
864 1436 880 1470 ἡ
903 1436 970 1462 κάθ-

182 1479 239 1512 εξις
251 1479 280 1506 δὲ
288 1480 335 1507 τοῦ
348 1480 503 1515 πνεύματος
517 1481 618 1517 πληροῖ
631 1481 682 1512 τὰς
700 1481 811 1516 φλέϐας,
829 1481 899 1508 ὥστε
915 1491 970 1508 κω-

181 1525 256 1552 λύειν
269 1526 291 1541 ⁸⁷
306 1525 414 1553 διιέναι.
428 1527 490 1553 Ὀτι
503 1527 573 1562 μετὰ
586 1527 649 1559 τοὺς
660 1527 758 1560 πόνους
771 1528 818 1554 καὶ
830 1528 893 1560 τοὺς
907 1528 970 1564 δρό-

183 1580 252 1606 μους
267 1572 293 1598 οί
305 1572 334 1598 ἐν
346 1573 411 1608 σκιᾷ
424 1572 525 1608 μᾶλλον
549 1572 729 1608 καθεζόμενοι
751 1573 870 1608 ἱδροῦσιν
897 1573 969 1608 ἤπερ

181 1618 207 1644 οἱ
219 1618 247 1643 ἐν
259 1617 298 1653 τῷ
313 1617 391 1653 ἡλίῳ,
406 1618 473 1645 διότι
485 1619 499 1645 ὁ
512 1618 588 1653 ἥλιος
603 1618 778 1654 ἀναξηραίνει
801 1619 850 1645 καὶ
869 1620 970 1646 πυκνοί

180 1664 246 1695 τοὺς
258 1663 367 1699 πόρους.
386 1664 447 1690 Ὀτι
463 1665 526 1696 τοὺς
541 1665 624 1696 πόδας
639 1665 663 1692 οι
682 1664 721 1700 τῷ
733 1664 810 1691 ὕδατι
823 1665 970 1700 ὲμόάλλον-

181 1717 228 1741 τες
250 1709 299 1744 οὐχ
324 1709 444 1745 ίδροῦσι,
461 1710 529 1736 διότι
548 1711 578 1737 τὸ
593 1710 665 1746 ὕδωρ
688 1711 788 1738 κωλύει
813 1711 863 1747 τὴν
880 1711 968 1747 τῆξιν.

187 1755 218 1782 '0
235 1756 263 1782 δὲ
279 1755 358 1791 ἱδρὼς
373 1756 450 1790 τῆξίς
460 1758 520 1783 ἐστι
533 1757 588 1783 τῶν
604 1757 697 1790 κακῶς
721 1758 970 1793 προσῳκοδομημέ-

181 1811 236 1828 νων
248 1803 308 1835 ταῖς
324 1803 430 1839 σαρξὶν,
441 1804 506 1831 ὅταν
518 1804 678 1840 ὲκκρίνηται
687 1805 732 1832 διὰ
743 1806 773 1831 τὺ
784 1805 893 1840 θερμόν.
908 1805 970 1832 Ὀτι

181 1848 213 1875 τὺ
239 1849 401 1884 γυμνάσιον,
430 1851 478 1877 ἐὰν
500 1851 603 1885 γίνοιτο
632 1851 769 1886 συνεχῶς,
793 1851 970 1888 ἀναξηραίνει

182 1894 309 1931 καθάπερ
322 1897 336 1923 ὁ
352 1896 426 1932 ἥλιος
440 1904 447 1911 ⁸
464 1896 504 1923 διὸ
515 1894 597 1934 ἦττον
626 1897 753 1934 ἱδροῦσιν.
771 1898 830 1925 Ὅτι
850 1898 881 1925 τὸ
904 1897 970 1933 μέτ-

181 1950 257 1968 ωπον
268 1942 376 1978 πρῶτον
387 1944 435 1970 καὶ
446 1943 560 1978 μάλιστα
572 1944 673 1980 ἱδροῦσι
683 1945 727 1971 διὰ
737 1945 768 1971 τὸ
776 1945 828 1972 ὑπὸ
837 1945 883 1972 τὸν
891 1944 971 1979 ἐγκέ-

182 1988 267 2022 φαλον
278 1987 348 2016 εἶναι
368 1990 452 2024 ὑγρὸν
468 1990 544 2017 ὅντα.
567 1992 621 2018 Καὶ
637 1992 653 2026 ἡ
671 1992 776 2027 κεφαλὴ
801 1991 830 2018 δὲ
853 1991 971 2027 μάλιστα

183 2035 252 2070 ἱδροῖ
265 2035 352 2063 διὰτὸ
375 2037 459 2072 μανὸν
487 2038 610 2073 (σημεῖον
624 2038 654 2064 δὲ
682 2039 710 2065 αι
735 2038 850 2074 τρίχες),
875 2039 923 2065 καὶ
948 2039 971 2055 ⁸³

181 2081 249 2108 διότι
271 2082 318 2108 τοῦ
338 2083 494 2118 πνεύματος
509 2084 526 2119 ή
547 2084 656 2118 κάθεξις
680 2084 842 2111 διατείνεται
857 2093 915 2117 πως
931 2085 971 2116 εἰς

180 2129 232 2163 τὴν
257 2129 390 2164 κεφαλήν.
423 2129 485 2157 Ὀτι
511 2131 536 2157 οἱ
564 2131 736 2165 ἀγωνιῶντες
758 2132 780 2148 ⁵⁸
798 2132 862 2164 τοὺς
886 2133 971 2164 πόδας

182 2175 297 2209 ἱδροῦσι,
314 2176 343 2202 τὸ
358 2176 386 2203 δὲ
405 2178 551 2212 πρόσωπον
565 2177 608 2211 οὓ,
633 2178 700 2205 διότι
715 2179 732 2214 ἠ
758 2179 863 2213 ἀγωνία
873 2179 904 2206 οὺ
921 2188 971 2214 με-

181 2222 313 2254 τάστασις
328 2221 507 2258 θερμότητος,
525 2223 583 2251 ἀλλ’
608 2224 733 2260 αὔξησις,
752 2224 877 2261 καθάπερ
894 2225 907 2252 ό
922 2224 970 2252 θυ-

158 2279 167 2283 ·
183 2267 243 2300 μός.
257 2268 304 2294 Διὸ
318 2267 349 2294 τὸ
364 2268 387 2284 ⁸⁰
408 2268 457 2303 μὲν
471 2269 617 2305 πρόσωπον
631 2271 773 2306 ὲξέρυθροι
790 2271 910 2306 γίνονται
923 2272 971 2298 καὶ

180 2314 231 2348 οὐχ
245 2312 348 2348 ἱδροῦσι
364 2314 386 2330 ⁸¹
400 2314 444 2341 διὰ
456 2315 486 2342 τὸ
501 2316 601 2351 μᾶλλον
614 2317 844 2353 ἐκθερμαίνεσθαι
858 2318 968 2354 (ξηραί-

180 2368 222 2385 νει
239 2361 294 2395 γὰρ
310 2361 327 2396 ἡ
350 2361 487 2397 θερμότης
498 2363 724 2399 ἐπιπολάζουσα),
752 2364 783 2390 τὸ
803 2364 826 2390 δ’
851 2365 881 2391 ὲν
911 2365 968 2395 τοῖς

181 2406 246 2432 ποσὶ
261 2408 388 2442 συντήκει
406 2408 450 2435 διὰ
464 2409 495 2436 τὺ
507 2409 617 2436 ἔλαττον
632 2411 655 2426 δ’
670 2408 740 2437 εἶναι
751 2410 821 2437 ὥστε
839 2410 966 2446 ξηρᾶναι,

181 2450 268 2477 πλείω
280 2452 309 2478 δὲ
323 2453 372 2487 τῆς
387 2454 508 2488 ἐμφύτου
532 2457 581 2482 καὶ
597 2455 838 2491 προϋπαρχούσης.
853 2455 916 2482 Ὀτι
937 2455 967 2482 ὲν

1019 1019 1173 1054 titudinem,
1184 1020 1283 1048 sudant
1296 1021 1440 1055 plurimum
1454 1030 1462 1049 :
1475 1022 1522 1057 qui
1531 1029 1596 1049 vero
1606 1026 1684 1049 cocto
1693 1029 1810 1050 vescun-

1019 1073 1077 1098 rur,
1105 1073 1153 1101 per
1176 1067 1383 1095 concoctionem
1407 1069 1519 1096 alterius
1542 1069 1628 1101 succi,
1655 1068 1735 1096 facile
1759 1076 1808 1096 su-

1019 1113 1094 1140 dant.

1054 1158 1114 1186 Non
1131 1159 1298 1193 laborantes,
1318 1160 1366 1188 sed
1388 1168 1450 1187 cum
1471 1160 1527 1195 jam
1541 1160 1698 1195 quiescunt,
1722 1161 1810 1195 magis

1019 1205 1129 1238 sudant,
1170 1213 1260 1241 neque
1295 1206 1482 1239 iutendentes,
1517 1214 1605 1242 neque
1637 1207 1809 1234 continentes

1019 1251 1156 1284 spiritum.
1182 1252 1229 1279 sed
1255 1253 1366 1287 quando
1380 1253 1533 1286 remittunt,
1563 1257 1706 1288 propterea
1735 1256 1809 1288 quod

1020 1295 1199 1324 laborantium
1215 1304 1230 1324 a
1246 1297 1345 1332 spiritu
1359 1305 1434 1325 venae
1445 1297 1556 1330 inflatze,
1578 1297 1706 1325 claudere
1728 1304 1811 1332 poros

1019 1339 1130 1367 faciant.
1162 1341 1252 1374 Quare
1288 1350 1334 1377 per
1362 1343 1472 1370 latiores
1494 1350 1580 1376 'poros
1608 1343 1695 1379 magis
1721 1343 1812 1378 prodit

1019 1386 1141 1414 humor:
1168 1388 1284 1422 spiritus
1300 1393 1390 1416 autem
1409 1390 1526 1417 retentio
1556 1391 1677 1424 complet
1705 1398 1808 1418 venas:

1021 1437 1050 1459 ut
1065 1433 1241 1467 prohibeatur
1255 1434 1338 1462 exire.
1357 1435 1422 1461 Post
1441 1435 1547 1463 labores
1563 1440 1590 1463 et
1604 1443 1702 1463 cursus
1718 1437 1765 1470 qui
1782 1437 1810 1464 in

1020 1478 1116 1505 umbra
1128 1479 1224 1506 sedent
1239 1480 1326 1515 magis
1341 1481 1441 1508 Sudaut
1457 1489 1538 1516 quam
1550 1481 1596 1516 qui
1611 1481 1639 1508 iu
1650 1481 1707 1509 sole
1721 1486 1784 1509 sunt
1801 1490 1809 1509 :

1020 1524 1092 1558 quod
1106 1525 1146 1551 sui
1162 1525 1282 1553 exsiccet
1300 1530 1328 1553 et
1344 1525 1492 1554 coridenset
1515 1533 1631 1554 meatus.
1650 1527 1702 1560 Qui
1727 1528 1810 1562 pedes

1020 1571 1047 1597 in
1063 1579 1163 1605 aquam
1176 1571 1336 1604 immittunt,
1347 1580 1400 1600 non
1414 1573 1524 1604 sudant,
1534 1573 1597 1608 quia
1605 1581 1675 1609 aqua
1685 1575 1812 1608 prohibet

1021 1618 1253 1653 liquefactionem.
1274 1618 1362 1646 Sudor
1378 1627 1445 1646 vero
1473 1619 1631 1654 liquefactio
1657 1625 1699 1648 est
1716 1629 1810 1648 eorum

1021 1672 1082 1699 qua:
1105 1665 1176 1692 male
1205 1666 1280 1693 carni
1305 1666 1457 1699 adhaerent,
1481 1666 1592 1701 quando
1614 1674 1662 1702 per
1690 1667 1811 1694 calorem

1021 1711 1189 1738 excernitur.
1221 1711 1290 1744 Quia
1322 1712 1484 1740 exercitatio
1520 1713 1653 1740 continua
1691 1714 1812 1741 exsiccnt

1021 1757 1248 1791 quemadmodum
1276 1758 1327 1791 sol,
1369 1759 1430 1786 ideo
1453 1759 1544 1787 minus
1573 1759 1682 1788 sudant.
1711 1760 1812 1788 Fronte

1022 1803 1140 1837 primum
1158 1807 1186 1830 ct
1211 1805 1329 1832 maxime
1344 1806 1468 1836 sudatur,
1484 1806 1550 1841 quia
1577 1807 1673 1834 subest
1699 1807 1813 1835 cerebro

1021 1849 1094 1883 quod
1119 1849 1262 1877 humidum
1281 1855 1324 1878 est
1344 1859 1351 1877 :
1365 1856 1447 1886 caput
1460 1859 1571 1888 quoque
1585 1853 1704 1881 maxim
1721 1854 1811 1888 sudat,

1021 1895 1085 1930 quia
1097 1903 1194 1924 rarum
1226 1897 1307 1933 idque
1336 1899 1454 1927 maxime
1469 1899 1560 1928 crines
1572 1900 1705 1933 iudicant,
1722 1902 1812 1936 quod-

1021 1951 1074 1978 que
1089 1943 1199 1979 spiritus
1212 1945 1329 1972 retentio
1345 1946 1371 1972 in
1388 1951 1470 1981 caput
1491 1947 1636 1975 redundat.
1652 1947 1704 1981 Qui
1719 1949 1812 1976 animo

1021 1991 1095 2018 anxii
1110 1996 1184 2024 sunt,
1200 1992 1296 2028 529b
1317 1993 1430 2027 pedibus
1454 1994 1564 2028 sudant,
1580 1995 1606 2021 iu
1621 1994 1692 2022 facie
1707 2002 1811 2030 nequa-

1021 2046 1102 2073 quam
1119 2047 1125 2065 :
1142 2039 1206 2074 quia
1230 2047 1332 2067 mmror
1351 2048 1405 2067 non
1422 2046 1464 2068 cst
1478 2041 1624 2069 diminutio
1639 2042 1748 2076 caloris,
1764 2042 1812 2070 sed

1022 2084 1239 2118 incrementum,
1271 2087 1501 2120 quemadmodum
1515 2087 1566 2119 ira,
1594 2088 1655 2115 ideo
1682 2088 1709 2115 in
1741 2088 1811 2116 facie

1021 2129 1180 2162 rubescunt,
1197 2130 1261 2165 quia
1278 2131 1365 2166 magis
1377 2131 1545 2159 incalescunt
1560 2135 1645 2166 (stcca
1665 2133 1736 2160 enim
1765 2141 1812 2161 su-

1021 2177 1193 2212 pereminens
1219 2178 1316 2213 calor).
1332 2179 1366 2206 At
1383 2179 1427 2206 ile
1461 2179 1487 2206 in
1516 2179 1630 2214 pedibus
1659 2180 1810 2216 liquefacit.

1021 2223 1084 2257 quia
1113 2224 1203 2251 minor
1223 2229 1265 2252 est
1279 2232 1360 2259 quam
1389 2229 1419 2252 ut
1440 2225 1525 2260 possit
1541 2226 1680 2253 exsiccare
1697 2235 1704 2254 :
1722 2228 1810 2262 maior

1021 2277 1097 2302 vero,
1134 2278 1217 2304 quam
1249 2271 1297 2306 qui
1324 2276 1396 2299 ante
1423 2271 1486 2305 fuit,
1515 2276 1542 2300 et
1577 2272 1677 2300 insitus
1694 2279 1746 2302 est.
1781 2274 1810 2301 Ιιι

982 2332 1009 2362 D
1022 2317 1126 2345 somnis
1139 2318 1226 2352 magis
1244 2325 1325 2353 quam
1341 2319 1367 2346 in
1384 2319 1473 2354 vigilia
1503 2319 1617 2347 sudores
1645 2321 1809 2352 excitantur.

1022 2366 1164 2397 propterea
1179 2363 1251 2398 quod
1267 2363 1397 2392 humores
1407 2370 1434 2391 et
1445 2365 1548 2392 calores
1561 2366 1596 2392 oh
1609 2367 1810 2394 contrariorum

1021 2409 1198 2443 pugnantiam
1216 2408 1336 2444 majores
1362 2411 1426 2443 sint,
1451 2419 1484 2437 ex
1502 2411 1636 2438 ambobus
1663 2417 1753 2439 autem
1781 2413 1812 2439 tit

1020 2457 1114 2484 sudor.
1153 2461 1160 2468 '

180 2501 238 2531 τοῖς
247 2500 342 2532 ὕπνοις
352 2501 451 2536 μᾶλλον
463 2502 487 2528 οἱ
500 2502 635 2538 ἱδρῶτεςῆ
649 2504 721 2530 κατὰ
730 2503 778 2538 τὴν
791 2503 966 2539 ἐγρήγορσιν,
982 2503 1054 2532 διότι
1069 2505 1116 2532 καὶ
1136 2505 1171 2531 τὰ
1209 2505 1281 2540 ὑγρὰ
1311 2505 1359 2531 καὶ
1384 2503 1418 2532 τὰ
1446 2505 1536 2540 θερμὰ
1565 2506 1665 2541 μᾶλλον
1694 2506 1739 2534 διὰ
1760 2506 1809 2543 τὴν

181 2549 406 2584 ἀντιπερίστασιν
416 2558 422 2566 ·
439 2549 470 2581 ἐξ
487 2550 586 2585 ἀμφοῖν
596 2550 625 2576 δὲ
639 2550 742 2577 τούτων
757 2551 771 2576 ό
787 2551 878 2585 ἱδρώς.

273 2595 328 2622 Τοῦ
344 2595 438 2622 αὑτοῦ
456 2595 491 2622 ἐκ
512 2596 564 2623 τοῦ
578 2597 602 2613 ⁸³
618 2597 684 2630 περὶ
700 2597 830 2631 μελίτων
844 2598 878 2624 ³⁸.

219 2640 282 2667 Ὅτι
302 2640 386 2666 αἰτοῦ
400 2641 506 2676 μέλιτος
517 2641 638 2676 γενεῦ-εν
650 2642 775 2668 τοιτταί”
795 2643 812 2677 ἢ
836 2642 890 2668 ἀπὸ
911 2642 967 2669 τῶν

1235 2594 1360 2630 Ejusdem
1373 2596 1404 2622 de
1419 2595 1476 2630 (28)
1492 2596 1601 2630 Apibus.

1057 2642 1107 2670 Mel
1127 2642 1214 2670 tribus
1231 2641 1318 2669 modis
1334 2642 1466 2675 nascitur,
1486 2643 1528 2670 vel
1543 2652 1558 2671 e
1575 2643 1699 2675 ﬂoribus,
1722 2648 1750 2670 et
1774 2651 1809 2672 ex

833 2687 951 2714 VARle
970 2686 1177 2716 LECTIONES.

222 2736 244 2752 ⁸²
261 2735 300 2770 τῷ
315 2735 363 2771 μὴ]
379 2735 408 2762 τὸ
423 2736 459 2769 μὴ
473 2735 503 2762 Β.
542 2735 565 2750 ⁵³
580 2735 697 2771 γίνονται
714 2734 776 2771 add.
791 2733 820 2760 Β.

182 2780 245 2802 νους
260 2768 291 2802 ςξ
315 2768 468 2806 ἠδίέχειΒ.
506 2771 528 2786 ⁵⁷
543 2769 641 2796 κωλύει
659 2770 688 2797 Β.
727 2769 808 2806 δέκα)
821 2776 875 2806 om.
894 2768 926 2806 B.

183 2809 233 2842 οὐχ
249 2805 350 2842 ἱδροῦσι
363 2807 424 2834 add.
443 2806 473 2833 Β.

869 2733 892 2749 ⁸⁸
901 2733 1053 2768 διαμερίςει
1069 2732 1089 2759 Β
1104 2743 1110 2760 :
1127 2733 1231 2768 μερίζει
1246 2742 1275 2765 ς.
1317 2733 1340 2749 ⁸⁸
1355 2734 1544 2768 ἀνεῳγμένους
1559 2732 1579 2759 Β
1594 2743 1600 2760 :
1614 2733 1808 2768 γεγυμνασμέ-

973 2769 994 2784 ⁸⁹
1008 2769 1181 2804 ἀγωνιῶντες
1200 2770 1239 2795 Βε
1257 2769 1437 2803 ἀγωνιοῦντες
1452 2778 1481 2800 ς.
1506 2770 1540 2804 7”
1556 2769 1622 2804 διότι
1651 2769 1682 2794 ιι.
1719 2770 1741 2785 ⁸¹
1758 2770 1807 2795 καὶ

521 2807 543 2822 ¹²
556 2805 673 2832 ἐλάττων
685 2821 719 2827 -
731 2804 830 2830 πλείων
850 2803 1013 2838 Stephanus.

1066 2804 1089 2820 ⁵³
1104 2805 1136 2830 ἐκ
1148 2804 1194 2830 τοῦ
1209 2812 1263 2832 om.
1280 2804 1310 2832 Β.
1342 2805 1365 2820 ⁸⁵
1377 2805 1491 2840 μελίτων
1503 2803 1522 2830 Β
1536 2813 1542 2830 z
1561 2803 1692 2838 μελιττων
1704 2812 1725 2836 ς

935 2850 1050 2878 NOTAE.

219 2900 275 2934 (28)
285 2900 313 2927 lu
327 2900 422 2928 Gra'co
433 2900 494 2927 fort.
507 2900 649 2935 legendum
660 2900 722 2935 περὶ
734 2899 848 2935 μέλιτος,
873 2898 911 2925 De
927 2898 1011 2925 melle.
