1959 3081
180 168 235 215 305

724 181 985 212 BIBLIOTHECA.
1005 196 1038 202 —
1057 183 1140 214 COD.
1160 183 1333 215 CCLXXIX.

1748 187 1800 220 306

176 238 235 264 ἐστι
261 236 310 272 μὲν
331 234 495 270 ἓοφοκλέους
507 255 514 268 ,
537 232 632 262 τοῦτον
655 233 686 262 δὲ
702 235 867 271 παρῳδήσας
882 236 897 262 6
910 235 958 261 tiu.-

1010 240 1051 263 est
1062 235 1218 271 Sophoclis,
1233 237 1306 272 quod
1321 235 1477 265 Philonides
1493 245 1538 272 per
1552 237 1692 272 parodiam
1707 241 1799 274 expri-

175 281 291 316 λωνίδης
306 280 359 316 ἔφη
371 288 379 296 ⁸

213 339 339 373 Ὄρκους
361 337 395 364 δὲ
404 336 518 373 μοιχῶν
533 337 577 370 εις
591 336 703 371 τέφραν
714 336 772 371 ὲτὼ
795 336 906 372 γράφω.

177 384 248 411 01δέ
265 384 314 415 τὰς
326 384 458 418 γυναῖκας
469 382 642 413 σκώπτοντες
653 389 746 416 φασινο

214 431 343 464 Ὀρκους
357 429 416 465 ἐγὼ
429 428 579 465 γυναικῶν
593 430 638 462 εις
651 426 753 455 οἷκτον
762 427 784 444 ⁸⁸
797 427 907 462 γράφω.

213 477 275 503 Ὀτι
294 477 349 503 τῶν
366 476 452 503 είκοσι
479 476 622 512 τεσσάρων
642 475 783 510 στοιχείων
801 475 832 502 τδ
846 474 893 509 ιμῦ
913 474 961 501 καὶ

176 523 208 550 τὺ
218 524 256 550 νῦ
272 524 319 550 καὶ
330 522 361 550 ab
379 523 399 550 ῦ
413 522 594 558 ἐκτεταμένον
622 522 714 558 ἐχουσι
725 521 755 548 τὸ
775 521 899 557 δίχρονον
912 520 961 548 καὶ

177 569 374 604 περισπῶνται,
389 568 436 595 καὶ
450 568 485 595 τὰ
494 568 561 596 ἀλλα
573 568 601 595 δὲ
611 568 645 595 τὰ
660 568 700 600 είς
714 567 727 594 ῖ
739 568 761 584 ⁶⁹
775 566 962 602 μονοσύλλαδα

176 617 224 644 καὶ
239 616 384 651 δίφθογγον
405 615 463 650 ἔχει
488 615 538 652 τὴν
556 615 690 651 συλλαϐὴν
710 615 758 642 καὶ
780 614 959 650 περισπᾶται,

175 663 257 690 οἱονεὶ
283 661 342 697 φεῖ,
354 661 404 697 χεῖ
413 662 446 695 το,
461 661 521 696 ψεῖ.
531 661 575 693 ¹Τδ
588 661 616 688 δὲ
636 661 659 687 ὦ
673 661 753 696 δῆλον
766 661 807 687 ὅτι
822 660 960 695 περισπᾶ-

174 717 230 735 ται.
245 702 306 734 τῶν
319 707 346 734 δέ
361 707 528 734 δισυλλάϐων
551 707 602 734 ὅσα
624 706 675 742 μὲν
693 706 750 742 ἔχει
766 706 816 741 τὴν
826 705 961 742 γπαραλή-

174 761 276 787 γουσαν
292 752 412 788 μακρὰν,
426 752 507 787 φύσει
520 749 760 787 περισπᾶται,οἷον
767 750 860 785 βῆτα,
874 750 960 784 θῆτα,

174 797 240 834 ἦτα,
255 799 305 825 ὅσα
314 798 342 824 δὲ
357 799 405 833 μὴ,
418 797 610 832 παροξύνεται,
624 796 717 832 ἄλφα,
731 797 847 829 κάππα,
859 796 960 825 δέλτα.

174 844 236 872 Ὀτι
250 844 335 880 ὄνομα
348 844 517 880 θεραπαίνης
535 843 685 880 Πηλούσιον
707 841 753 880 ἦν,
777 843 811 870 δι’
827 841 861 880 ἧς
876 843 891 870 6
902 844 960 870 Μο-

173 890 291 937 λοσσδςῗ
309 890 417 926 Πύρρος
454 891 546 918 ἀνεῖλε
583 890 728 937 φαρμάκῳγ
755 890 805 926 τὴν
830 889 958 937 μητέρα.
975 908 996 937 Β

174 937 238 973 [866
246 936 292 972 Ῑί.”1
301 937 362 964 Ὀτι
376 937 540 972 ἀνθρακεὺς
549 937 564 964 6
570 937 599 964 ἐν
607 938 640 973 τῇ
651 936 780 972 συνηθείᾳ
794 935 960 972 καλούμενος

173 993 210 1010 κα
213 983 373 1019 ρὸωνάριος.
382 983 443 1011 Ὅτι
451 983 581 1019 ὀνηλάτου
590 983 638 1018 μὲν
644 983 702 1015 υίὸς
708 983 845 1014 Διονύσιος
849 979 884 1018 ἦν
890 982 904 1009 ὁ
910 982 960 1017 τῆς

172 1029 298 1062 Σικελίας
312 1029 397 1066 ἄρξας
410 1028 457 1065 ἔτη
474 1029 680 1065 τεσσαράκοντα
701 1029 773 1056 δυοῖν
797 1028 957 1060 ἀποδέοντα,

179 1075 346 1110 Ἀγαθοκλῆς
355 1075 383 1101 δὲ
402 1076 556 1111 κεραμέως,
573 1075 621 1102 καὶ
640 1074 722 1107 αὐτὸς
748 1074 844 1110 συχνὸν
863 1074 959 1110 χρόνον

172 1121 299 1153 Σικελίας
323 1121 418 1157 ἄρξας.
436 1121 492 1156 Τῆς
513 1121 536 1148 δ’
559 1121 712 1157 Ἀταρνέως
732 1121 821 1156 (πόλις
846 1120 869 1147 δ’
888 1119 959 1156 αὕτη

171 1166 306 1203 Θρᾳκίας)
323 1167 453 1202 ἐκτομίας
472 1166 510 1193 ὣν
533 1167 581 1194 καὶ
596 1166 690 1199 δοῦλος
712 1164 795 1202 ἦρξεν
814 1165 957 1202 Ἑρμείας.

171 1213 268 1248 Πῶρος
282 1213 304 1239 δ’
321 1214 335 1240 ὁ
358 1213 483 1249 βασιλεὺς
501 1212 589 1240 Ἰνδῶν
614 1212 736 1248 κουρέως
746 1210 781 1248 ἦν
797 1212 865 1244 υίός.
886 1211 960 1247 Βρά-

170 1259 262 1291 sum;
282 1258 311 1286 δέ
336 1267 378 1290 τις
410 1258 548 1294 Ἰλλυριῶν
570 1259 775 1294 ἐστρατήγησεν
802 1259 958 1294 ἀνθρακεὺς

171 1306 302 1340 γεγονὼς,
331 1305 379 1332 καὶ
400 1305 567 1341 Ὀρθαγόρας
590 1305 727 1337 Σικύωνος
746 1306 930 1342 ἐτυράννησεν
944 1306 959 1332 ό

173 1353 314 1387 μάγειρος.
341 1351 403 1378 ’Ότι
425 1351 456 1378 τὸ
475 1353 561 1387 μόγις
582 1351 787 1387 ἀναλογὼτερον
803 1351 848 1378 διὰ
861 1352 909 1379 τοῦ
928 1361 956 1387 τ,

170 1398 248 1434 φησὶ,
279 1398 426 1434 γράφεται,
443 1399 490 1425 ἐπὶ
517 1398 572 1425 τῶν
602 1398 672 1434 μετὰ
699 1398 781 1425 πόνου
806 1399 958 1433 γινομένων

169 1444 335 1480 ταττόμενον
347 1453 353 1459 ·
371 1445 396 1471 oi
409 1443 438 1470 δὲ
451 1445 544 1476 Ἴωνες
561 1444 608 1471 καὶ
621 1444 727 1476 Δίολεϊς
738 1443 902 1479 παραλόγως
915 1444 958 1471 διὰ

169 1489 217 1517 τοῦ
234 1491 264 1520 .1.
288 1491 378 1525 μόλις
396 1490 531 1524 λέγοντες,
544 1490 692 1526 ἐκφέρουσι
720 1490 766 1517 καὶ
793 1490 955 1526 γράφουσιν.

170 1536 232 1563 Ὅτι
245 1534 307 1564 τὸῶ
321 1536 434 1569 τὰν-,δύο
448 1537 470 1552 '”
482 1537 552 1572 μέρη
567 1537 650 1572 φησὶν
664 1533 744 1567 εἶναι,
759 1535 790 1562 τὺ
804 1533 886 1571 μὲνῶ
895 1535 957 1562 καθ’

1010 290 1088 310 mens
1099 282 1181 310 dixit:

1045 337 1202 366 Juramenta
1217 339 1374 367 "tacitorum
1387 339 1469 367 cineri
1482 339 1605 368 inurilw.

1010 383 1061 417 Qui
1081 384 1208 412 mulieres
1225 385 1349 418 irrident,
1363 385 1403 413 sic
1416 385 1509 413 dicunt
1524 394 1530 412 :

1044 428 1201 456 Juramenta
1235 430 1374 458 mulierum
1407 430 1549 465 eiulatibus
1591 431 1715 458 inscribo.

1045 474 1118 503 Inter
1129 475 1226 512 viginti
1240 482 1357 511 quatuor
1369 477 1473 505 litteras
1492 476 1527 512 μῦ
1537 497 1544 510 ,
1559 476 1601 510 νῦ,
1618 481 1644 504 et
1663 477 1678 503 ὗ
1693 478 1800 504 duohus

1011 522 1179 557 temporibus
1190 523 1352 557 aequivalent
1365 527 1392 550 et
1406 522 1660 551 circumﬂectuntur
1675 533 1682 550 ε
1699 527 1726 550 et
1739 524 1799 550 alia:

1010 565 1214 601 monosyllaba},
1230 567 1265 601 let
1279 567 1447 603 diphthongo
1463 567 1565 603 syllaba
1580 567 1758 595 terminantur
1773 572 1800 594 et

1011 611 1272 645 circumﬂectuntur,
1298 612 1373 641 verbi
1391 613 1477 649 gratia
1511 614 1576 647 φεῖ,
1606 614 1659 648 χεῖ,
1691 613 1745 648 ψεῐ.
1776 614 1799 640 ὦ

1010 662 1102 692 aperte
1110 656 1331 686 circumﬂectitur
1345 667 1352 685 :
1365 659 1436 687 inter
1443 659 1591 695 disyllabas
1601 667 1666 687 vero
1674 660 1797 694 qumdam

1011 703 1112 731 habent
1133 705 1249 740 primam
1265 705 1384 740 longam,
1402 713 1463 741 quas
1481 710 1577 734 natura
1602 713 1652 734 sua
1679 706 1799 734 circum-

1010 747 1140 781 ﬂectitur,
1155 753 1185 776 ut
1201 749 1282 784 βῆτα,
1307 749 1386 785 δῆτα.
1404 748 1478 786 ἦτα;
1496 758 1558 786 quae
1572 757 1637 778 vero
1666 757 1721 777 non
1745 751 1799 778 cir-

1011 794 1233 826 cumﬂectuntur,
1247 795 1274 822 in
1286 796 1586 831 penultimaacuuntur.
1596 801 1626 824 ut
1636 797 1718 831 ἄλφα,
1727 796 1799 824 κάπ-

1012 850 1061 874 πα,
1076 842 1166 869 δέλτα.
1182 842 1295 870 Ancilla
1307 850 1408 870 nomen
1420 841 1558 870 Pelusium
1581 847 1650 876 erat,
1660 850 1796 878 perquam

1011 888 1132 924 Pyrrhus
1169 887 1307 916 Molossus
1348 896 1455 917 veneno
1488 894 1603 917 matrem
1649 889 1796 921 interfecit.

1017 934 1183 971 Ἀνθρακεύς
1208 938 1324 962 vocatur
1346 935 1394 970 qui
1420 935 1501 971 vulgo
1524 936 1703 963 carbonarius
1728 937 1796 970 (33).

1010 981 1155 1018 Dionysius
1166 981 1238 1010 illius
1250 981 1302 1010 fuit
1317 981 1455 1017 agasouis,
1470 982 1517 1017 qui
1528 982 1629 1010 Siciliae
1641 982 1720 1010 anuis
1731 983 1797 1010 duo-

1009 1027 1224 1063 dequadraginta
1238 1027 1356 1064 praefuit.
1376 1027 1541 1061 Agathocles
1559 1028 1614 1063 (Si)
1634 1028 1709 1063 iiguli
1724 1028 1796 1056 [ilius

1009 1074 1112 1101 multos
1129 1073 1212 1101 etiam
1228 1081 1316 1102 annos
1332 1073 1434 1101 Siciliae
1449 1072 1567 1108 praefuit.
1585 1073 1718 1102 Hei-meas
1746 1082 1795 1101 ca-

1008 1123 1113 1147 stratus
1124 1123 1152 1147 et
1168 1126 1265 1147 servus
1279 1126 1342 1146 cum
1359 1123 1442 1152 esset,
1462 1119 1569 1147 Aternae
1590 1119 1661 1154 (quae
1672 1119 1796 1147 Thraciae

1009 1165 1104 1193 civitas
1123 1165 1177 1201 est)
1192 1173 1238 1193 rex
1251 1163 1313 1192 fuit.
1329 1165 1417 1193 Porus
1430 1165 1559 1193 Indorum
1578 1172 1626 1192 rex
1647 1165 1719 1193 illius
1733 1171 1796 1193 ton~

1009 1211 1089 1239 soris.
1107 1210 1234 1238 Bradillis
1248 1210 1428 1239 carbonarius
1445 1218 1507 1238 cum
1523 1211 1630 1244 fuisset,
1659 1211 1794 1247 Illyricum

1009 1256 1087 1284 duxit
1098 1257 1262 1284 exercitum.
1279 1255 1446 1292 Orthagoras
1467 1263 1572 1292 coquus
1586 1256 1722 1292 Sicyonize
1745 1257 1796 1284 do-

1008 1303 1129 1330 minatus
1143 1306 1195 1330 est.
1212 1301 1333 1330 Verbum
1359 1303 1449 1338 μόγις,
1471 1304 1526 1335 vix,
1543 1303 1685 1338 aptissime
1710 1311 1758 1338 per
1776 1311 1795 1338 γ

1009 1346 1092 1375 scribi
1108 1347 1157 1379 ait.
1172 1347 1291 1381 positum
1308 1354 1357 1381 pro
1382 1347 1417 1375 iis
1430 1354 1492 1382 qua:
1505 1347 1574 1374 ﬁunt
1601 1355 1662 1375 cum
1690 1347 1793 1376 labore.

1008 1393 1088 1422 lones
1103 1397 1131 1421 et
1141 1393 1235 1422 [Eoles
1248 1393 1343 1430 53οὺ
1359 1394 1450 1430 inepte
1462 1402 1509 1429 per
1532 1393 1548 1421 λ
1564 1395 1688 1422 scribunt
1707 1395 1794 1430 μόλις,

1008 1444 1035 1467 et
1045 1441 1234 1476 pronuntiant.
1253 1440 1282 1467 Ὠ
1294 1441 1343 1467 τὰν
1357 1441 1417 1476 (pro
1438 1436 1461 1468 ὦ
1479 1441 1553 1474 ἐτὰν,
1566 1441 1630 1469 licus
1650 1441 1714 1469 bone
1728 1442 1793 1475 vir),

1008 1486 1126 1514 divisum
1141 1494 1203 1515 esse
1217 1486 1293 1520 dicit,
1305 1483 1328 1514 ὦ
1339 1487 1450 1522 quidem
1465 1488 1565 1518 solum,
1581 1487 1632 1514 τὰν
1651 1488 1752 1522 rcjcclo
1769 1490 1794 1517 ἐ.

1010 1532 1145 1568 integrum
1161 1537 1202 1560 est
1216 1533 1288 1561 enim
1311 1533 1386 1566 ὲτὰν,
1412 1537 1440 1560 et
1462 1534 1607 1561 coalitione
1635 1541 1697 1562 cum
1717 1531 1740 1562 ὧ
1766 1536 1796 1562 iit

169 1583 246 1615 αὗτδ,
260 1583 290 1610 τδ
317 1582 346 1610 δέ
360 1583 383 1599 "
405 1583 462 1609 τὰν
484 1582 556 1609 κατὰ
581 1581 719 1618 ἀποϐολὴν
744 1581 834 1609 τοῦε·
851 1581 881 1608 τὺ
903 1582 957 1617 γὰρ

1010 1576 1031 1606 ὦ
1045 1579 1103 1606 τάν.
1126 1579 1210 1614 Ἐτης
1224 1580 1295 1606 enim
1312 1579 1417 1607 amicus
1442 1587 1525 1607 verus
1541 1584 1582 1607 est
1596 1589 1603 1607 :
1633 1588 1695 1608 nam
1720 1582 1796 1608 ἐτεόν

169 1628 275 1664 πλῆρες
289 1628 312 1644 ⁷⁸
324 1628 396 1655 ὲτάν
410 1629 479 1661 ἐστι,
501 1628 547 1655 καὶ
563 1628 754 1664 συναλιφέντος
768 1627 815 1654 τοῦ
833 1627 855 1654 ὦ
875 1627 956 1662 γέγο-

169 1684 216 1701 νεν
226 1672 249 1702 ὧ
261 1674 327 1702 τόν.
346 1674 430 1702 Ἐτάν
445 1675 500 1710 γὰρ
514 1674 538 1690 ⁷⁵
553 1675 567 1701 ὁ
594 1674 698 1710 ἀληθὴς
714 1674 790 1709 φίλος
803 1683 811 1690 ·
825 1674 872 1702 καὶ
902 1674 957 1709 γὰρ

167 1719 255 1747 ἐτεὸν
264 1720 295 1746 τὸ
308 1720 419 1755 ἀληθές.
438 1720 500 1746 ’Ότι
514 1719 628 1753 Νεκρός
644 1719 752 1754 Λέγεται
774 1719 846 1746 κατὰ
858 1719 957 1754 στέρη-

171 1773 214 1791 σιν
225 1764 277 1799 τῆς
291 1765 386 1800 κηρὸς,
401 1764 535 1799 νήκηρόρ
549 1774 591 1797 τις
609 1765 647 1793 ὣν
664 1766 709 1793 καὶ
731 1765 846 1802 νέκηρος
855 1766 889 1799 ⁷⁸,
908 1766 958 1792 καὶ

171 1811 247 1838 κατὰ
262 1812 403 1847 συγκοπὴν
414 1812 531 1846 νεκρός.
547 1812 584 1839 Τὸ
596 1812 651 1848 γὰρ
671 1821 710 1847 νη
735 1813 894 1848 στερητικὸν
910 1813 958 1840 καὶ

168 1865 204 1883 νε
217 1857 283 1891 φασί
296 1864 304 1872 ⁸
317 1857 356 1883 διὸ
376 1858 422 1884 καὶ
435 1857 541 1892 νεϐρὸς
555 1858 578 1875 ⁷⁸
587 1858 602 1885 6
619 1859 702 1894 μήπω
714 1858 737 1875 ⁷⁷
748 1859 897 1894 δυνάμενος
911 1866 957 1885 νο-

171 1902 226 1936 μῆς
239 1902 285 1928 καὶ
296 1901 380 1938 βορᾶς
395 1904 550 1938 μετασχεῖν,
563 1902 640 1940 [1581
654 1903 702 1940 3.]
713 1903 830 1938 γάλακτι
841 1904 870 1931 δὲ
884 1904 957 1940 μόνῳ

168 1948 347 1982 τρεφόμενος.
381 1949 436 1975 Καὶ
454 1949 574 1983 νέκταρ,
594 1947 625 1976 οὗ
643 1949 679 1985 μή
706 1950 765 1976 ἐστι
773 1949 887 1977 δυνατὸν
901 1951 958 1982 τοῖς

170 1992 276 2027 θνητοῖς
293 1993 325 2027 ⁷⁸,
344 1994 472 2020 τουτέστι
489 1995 547 2026 τοῖς
561 1994 773 2029 κτεινομένοις,
791 1996 935 2030 μετασχεῖν
948 2003 956 2010 ·

168 2038 227 2066 ἐστι
240 2039 294 2074 γὰρ
307 2039 382 2074 κτὰρ
405 2041 558 2076 ῥηματικὸν
572 2039 668 2075 ὄνομα,
695 2040 749 2067 ἀπὸ
761 2040 808 2068 τοῦ
835 2042 958 2076 ῥήματος

168 2085 347 2121 παρηγμένον
359 2085 406 2112 τοῦ
427 2085 486 2112 κτῶ
496 2085 543 2113 τοῦ
557 2085 702 2121 δηλοῦντος
721 2085 752 2113 τὺ
765 2087 882 2114 κτείνω.
896 2087 958 2114 Ὀτι

167 2132 199 2158 τὺ
215 2129 239 2158 ὦ
258 2133 284 2158 oi
302 2131 403 2168 ἄρθρον
419 2132 548 2168 κλητικδν
578 2132 760 2168 ὑπειληφότες
782 2133 957 2160 πλανῶνταιο

1008 1632 1103 1653 verum
1120 1625 1264 1659 signiﬁcat.
1282 1625 1387 1660 Νεκρὸς
1400 1625 1501 1653 dicitur
1516 1626 1549 1653 de
1562 1626 1674 1661 privatis
1687 1627 1793 1660 anima,

1008 1671 1086 1707 quasi
1103 1671 1234 1707 νηκηρδς,
1249 1674 1277 1698 et
1290 1679 1338 1706 per
1359 1679 1497 1707 syncopen
1521 1672 1628 1708 νεκρὸς.
1650 1672 1736 1700 Aiunt
1756 1682 1785 1700 νε

1007 1721 1035 1745 et
1047 1726 1080 1753 νη
1094 1717 1242 1752 privativas
1252 1717 1409 1752 particulas.
1420 1718 1484 1746 ideo
1496 1722 1523 1745 et
1533 1718 1628 1754 νεϐρὸς
1644 1718 1794 1754 (hinnulus)

1008 1763 1055 1799 qui
1070 1763 1161 1791 cibum
1184 1763 1396 1799 alimentumque
1415 1765 1540 1800 accipere
1553 1765 1676 1793 nondum
1694 1770 1794 1800 potest.

1008 1809 1055 1837 sed
1071 1810 1130 1837 solo
1141 1809 1212 1837 lacte
1223 1809 1354 1837 nutritur.
1366 1810 1477 1846 Νέκταρ
1487 1811 1559 1845 quod
1576 1811 1704 1839 mortales
1716 1812 1797 1839 edere

1008 1863 1063 1883 non
1081 1859 1208 1891 possunt,
1233 1856 1400 1891 κτεινόμενοι
1438 1857 1511 1884 enim
1541 1857 1588 1892 qui
1615 1856 1698 1885 occisi
1721 1862 1795 1885 sunt.

1009 1901 1056 1929 Est
1069 1907 1161 1929 autem
1178 1901 1249 1938 κτὰρ
1264 1902 1374 1929 verbale
1386 1909 1400 1929 a
1419 1902 1504 1930 verbo
1516 1902 1585 1938 κτῷ,
1602 1902 1674 1938 quod
1691 1902 1798 1937 signiti-

1008 1953 1053 1975 cat
1075 1948 1184 1981 κτείνω,
1200 1948 1307 1976 occido.
1330 1948 1382 1981 Qui
1397 1946 1420 1975 ὦ
1443 1948 1590 1976 articulum
1613 1949 1730 1976 vocandi
1748 1957 1797 1984 pu.

1008 1998 1078 2026 tant,
1095 1992 1235 2021 falluntur.
1260 1993 1374 2020 Articuli
1399 1993 1473 2021 enim
1496 1993 1621 2021 vocativo
1646 2001 1701 2021 non
1728 2001 1797 2026 opus

1009 2040 1119 2068 habent.
1155 2039 1263 2068 Etenim
1303 2039 1412 2067 articuli
1442 2039 1597 2068 absentium
1634 2039 1796 2067 relationem

1008 2085 1154 2121 quamdam
1181 2085 1346 2121 signiﬁcant.
1370 2082 1407 2111 Ὦ
1432 2092 1498 2113 vero
1519 2085 1552 2112 ad
1579 2085 1718 2120 energiam
1747 2084 1798 2111 dc-

1008 2132 1238 2160 monstrationum
1260 2132 1351 2160 solum
1368 2131 1493 2159 vocativo
1511 2131 1681 2166 adiungitur.
1698 2130 1798 2158 Errare

166 2178 201 2204 τὰ
214 2178 270 2213 γὰρ
283 2178 372 2214 ἄρθρα
383 2178 414 2204 οὺ
432 2178 565 2214 χρῄζουσι
579 2179 729 2214 κλητικῆς·
745 2179 793 2206 καὶ
812 2179 867 2214 γὰρ
883 2179 954 2206 αὐτὰ

1010 2182 1102 2205 autem
1119 2185 1167 2206 eos
1184 2178 1232 2211 ait,
1250 2178 1297 2213 qui
1312 2181 1411 2213 putant
1432 2177 1499 2204 illud
1513 2177 1668 2205 vocativum
1683 2185 1755 2210 esse,
1771 2182 1798 2205 et

168 2225 219 2259 μέν
234 2224 288 2251 τῶν
301 2224 338 2260 μὴ
350 2225 491 2260 παρόντων
511 2224 561 2260 τὴν
575 2225 714 2260 ἀναφορὰν
739 2225 826 2261 δηλοῖ,
845 2225 876 2252 τὸ
890 2225 919 2252 δέ
929 2223 953 2253 ὦ

1011 2229 1129 2258 tempus,
1147 2228 1174 2251 et
1196 2228 1337 2257 accentus,
1356 2229 1383 2252 et
1402 2223 1516 2258 spiritus
1536 2223 1667 2251 indicant.
1689 2223 1797 2251 Etenim

166 2266 228 2293 κατ’
239 2267 408 2303 ὲνέργειαν⁷⁹
420 2268 500 2303 μόνον
510 2269 561 2303 τῆς
571 2269 680 2303 δείξεως
692 2270 725 2306 τῇ
737 2270 852 2306 κλητικῇ
868 2278 952 2306 προσ-

1010 2270 1150 2304 levigatur,
1167 2277 1228 2297 cum
1249 2277 1345 2298 omnes
1361 2269 1479 2302 articuli,
1496 2271 1543 2305 qui
1572 2270 1699 2305 spiritum
1730 2271 1798 2298 reci-

165 2313 259 2348 ῆλθεν.
291 2313 356 2341 Ὀτι
385 2314 412 2341 δὲ
438 2315 642 2350 ἁμαρτάνουσιν
674 2316 699 2343 οἱ
716 2315 873 2352 νομίζοντες
893 2316 958 2343 αὐτὸ

1010 2315 1097 2350 piunt,
1114 2315 1281 2350 aspiratione
1297 2320 1438 2347 notentur,
1463 2320 1490 2344 et
1514 2316 1551 2343 illi
1571 2322 1722 2350 acuuntur,
1745 2317 1798 2346 hoc

166 2359 310 2394 κλητικὴν,
329 2360 376 2386 καὶ
394 2360 408 2386 6
422 2359 446 2376 '°
471 2360 566 2395 χρόνος
577 2361 624 2388 καὶ
638 2362 652 2388 ό
675 2361 752 2393 τόνος
776 2361 851 2397 δηλοῖ
864 2362 912 2388 καὶ
926 2361 958 2388 τὸ

1010 2360 1244 2394 circumﬂectitur,
1262 2361 1298 2388 illi
1324 2362 1523 2397 corripiuntur,
1539 2362 1591 2390 hoc
1615 2369 1713 2391 natura
1739 2364 1798 2391 lon-

166 2404 288 2439 πνεῦμα.
311 2406 366 2432 Καὶ
377 2406 430 2441 γὰρ
440 2405 576 2440 ψιλοῢται,
588 2407 642 2433 τῶν
657 2407 746 2434 ἄλλων
762 2407 883 2442 ἄρθρων,
905 2407 956 2433 ὅσα

1010 2415 1073 2443 gum
1087 2413 1138 2435 est.
1157 2403 1234 2440 Quod
1250 2405 1273 2435 ὧ
1293 2415 1348 2435 ηοιι
1363 2408 1398 2435 sit.
1413 2409 1556 2436 vocativus
1569 2417 1584 2436 ιι
1601 2413 1678 2437 recto
1693 2419 1717 2442 ο,
1735 2410 1799 2437 hinc

166 2450 277 2486 πνεῦμα
287 2451 405 2487 δέχεται,
419 2452 611 2487 δασυνομένων
621 2460 629 2467 ·
644 2454 691 2480 καὶ
703 2453 738 2480 τὰ
755 2453 804 2488 μὲν
821 2452 957 2486 ὀξύνεται,

1010 2453 1089 2481 etiam
1100 2453 1276 2480 manifestum
1285 2459 1336 2481 est.
1350 2453 1495 2482 Vocativus
1505 2461 1580 2484 recto
1593 2463 1644 2483 suo
1655 2457 1799 2492 mquivalet

769 2523 885 2551 VARIAE
911 2523 1115 2552 LECTIONES.

199 2580 222 2596 ⁸⁸
238 2580 366 2617 γυναικὸς
380 2581 420 2617 είς
433 2578 504 2607 οἶνον
517 2581 638 2617 Scaliger
651 2589 683 2609 ex
699 2581 839 2610 Athenaeo.
879 2583 901 2598 ⁸³
915 2583 963 2609 ἴθι
976 2590 1039 2610 mox
1050 2583 1075 2609 εἰ
1091 2583 1153 2610 add.
1174 2583 1205 2610 C.
1243 2583 1266 2599 ⁷ο
1284 2583 1326 2615 χεῖ
1338 2581 1382 2617 ψεῖ
1395 2582 1415 2609 C
1430 2592 1436 2610 :
1450 2583 1493 2617 ψει
1511 2584 1554 2617 χεῖ
1568 2590 1598 2614 ς’.
1636 2583 1657 2598 ⁷¹
1670 2582 1716 2609 δύο
1736 2584 1798 2610 add.

163 2615 186 2659 ς
200 2620 230 2664 et
245 2624 296 2664 Ius.
307 2616 419 2664 Mcugsii
434 2623 460 2650 p.
476 2617 531 2664 (μιν.
543 2615 674 2659 Gron'ov.)
785 2618 808 2633 ⁷¹
823 2618 919 2664 τξιηδὲ.Χ
944 2619 968 2664 ’ξ
984 2617 1063 2664 πλη]
1081 2619 1223 2664 lacung’in
1231 2619 1280 2664 (λη
1300 2619 1323 2634 ⁷⁵
1339 2616 1361 2644 ὧ
1375 2615 1603 2664 τάνκῐξξὰνὲγιξιρ]
1619 2618 1713 2664 lacuna
1726 2619 1751 2644 in
1762 2622 1799 2664 ‘t..

162 2647 405 2689 ditav'_513;_y&9
419 2647 595 2689 ιιιείθξοιιιείῑ
644 2647 692 2678 τάν
706 2654 761 2687 γὰρ
773 2660 803 2684 ς.
840 2654 863 2668 ⁷⁸
876 2654 923 2680 καὶ
935 2647 1063 2689 νέκηρός]
1075 2655 1121 2680 καὶ
1131 2655 1245 2688 νεϐήρος
1261 2654 1281 2681 C
1296 2662 1303 2682 :
1317 2661 1373 2680 οιιι.
1390 2662 1419 2686 ς.
1458 2654 1482 2669 ⁷⁸
1492 2647 1602 2689 νεϐρὸξῖ
1618 2654 1680 2689 libri
1692 2654 1800 2688 νεκρὸς,

163 2685 457 2724 correxit'Scliotttis._
469 2721 475 2724 _
488 2686 619 2724 πημήπω]
632 2697 652 2722 μ
665 2689 696 2715 L'.
713 2685 718 2686 ⁷
745 2685 772 2703 ’⁷⁵
785 2689 892 2724 θνητοῖς
906 2704 942 2709 -
955 2685 1150 2723 κτεινομένοις.
1175 2685 1242 2717 ιίιιυ⁷
1258 2685 1440 2723 κτεινομένοις
1453 2702 1486 2709 -—
1501 2685 1619 2724 θνητοῖς.
1672 2688 1694 2704 τ’
1708 2685 1800 2716 malini

164 2721 324 2756 ἐνάργειαν.
359 2720 382 2736 ⁸⁸
399 2722 412 2748 ὁ
424 2721 487 2749 add.
503 2721 535 2748 C.

925 2766 1043 2795 ΝΟΤᾹΕ.

200 2830 257 2865 (55)
274 2829 311 2857 Ex
339 2829 436 2858 humili
460 2829 507 2865 qui
529 2829 700 2862 emerserint,
732 2829 792 2857 vide
817 2828 953 2858 Valerium

200 2830 257 2865 (55)
274 2829 311 2857 Ex
339 2829 436 2858 humili
460 2829 507 2865 qui
529 2829 700 2862 emerserint,
732 2829 792 2857 vide
817 2828 953 2858 Valerium
1045 2829 1100 2864 (5i)
1121 2829 1260 2857 Ausonius
1277 2838 1283 2856 :
1301 2828 1440 2858 Fictilibus
1456 2831 1528 2865 fama
1546 2835 1585 2858 est
1600 2839 1715 2858 tit-nasse
1732 2831 1797 2866 Aga-

163 2866 236 2895 ΜΠ.
256 2866 303 2893 lib.
316 2873 357 2893 ιιι.
1009 2865 1110 2893 tlwclea
1127 2873 1221 2895 regem.
1403 2885 1406 2889 .

190 2875 236 2894 ax.
256 2873 303 2893 ΙΙυ.
316 2873 357 2893 Ill.
1009 2873 1110 2893 "lactea
1127 2873 1221 2894 rcaent.
1403 2885 1406 2889 -

1009 2865 1110 2893 tlwclea
1127 2873 1221 2900 regem.
