1973 3077
166 165 218 197 307

770 167 884 198 ΡΗΟΤΙ
888 168 901 198 Ι
921 169 1175 200 ΡΛΤΒΙΛΒΟΗᾸΕ
1192 169 1247 200 CP.

1738 164 1789 198 308

166 226 299 256 tempore,
312 220 353 248 vel
363 225 470 256 tempus
479 221 570 249 minus
580 221 704 257 suscipit,
717 227 747 249 ut
764 223 953 258 Ἀγαμέμνων,

1008 223 1036 250 ta
1055 223 1083 250 δὲ
1099 226 1280 259 περισπᾶται·
1307 223 1356 251 καὶ
1367 223 1402 250 τὰ
1433 222 1482 258 μὲν
1509 221 1684 259 βραχῦνεται.
1704 221 1735 248 τὸ
1759 222 1788 248 δὲ

165 273 192 295 et
203 265 224 295 ὧ
246 267 428 303 Ἀγάμεμνον.
444 267 493 295 llic
506 276 569 295 vero
583 269 762 296 contrarium.
773 268 832 296 Non
847 274 889 296 cst
905 270 953 304 igi‘

167 320 210 341 tur
218 313 360 344 articulus.
368 313 413 341 sed
421 313 578 341 adverbium
589 323 595 341 :
605 314 778 349 conjungitur
788 318 878 341 tamen
891 323 952 342 cum

166 360 300 392 vocativo,
317 368 379 387 cum
391 360 603 387 sitadverbium.
621 360 854 393 Quemadmodum
864 365 891 388 et
901 361 954 388 alia

167 406 296 433 adverbia
312 414 374 434 cum
390 407 511 441 genitivo
523 406 688 442 junguntur,
706 410 737 434 ut
757 407 828 442 apud
842 406 953 435 Pactam

167 452 194 478 in
203 451 326 487 Odysseo
338 455 377 478 ω’.
391 451 421 479 ΕΙ
438 459 500 479 cum
511 453 668 480 accusativo
680 452 713 487 νὴ
723 456 751 480 et
767 452 805 488 μὰ
816 452 952 487 jungitur.

166 498 274 526 Etenim
296 499 423 534 jurantes
445 499 602 527 accusativo
623 498 752 534 jungunt.
776 498 887 532 Κνὲφας
908 498 953 524 alii

166 549 264 579 putant
278 552 340 573 esse
351 553 366 572 a
381 545 509 580 κενέφας,
520 551 563 573 est
577 545 649 573 enim
663 545 740 571 κενὸν
753 544 838 579 φάους
851 545 955 572 lumine

166 599 284 618 vacuum
302 600 309 618 :
323 591 370 618 alii
387 599 450 618 vero
466 599 515 626 per
529 591 718 626 pleonasmum
734 599 762 618 κ.
784 591 866 625 νέφος
881 590 953 618 enim

167 643 240 668 esse,
258 640 285 664 et
298 637 384 671 νέφας
396 637 548 672 perfectum
564 645 612 672 per
627 645 656 664 νε
670 637 846 672 privativum,
864 637 953 672 priva-

168 687 225 708 tum
242 681 299 709 luce
313 683 481 718 significans.
495 682 729 716 Quemadmodum
743 689 770 711 et
785 683 888 715 κτύπος
907 691 955 718 per

169 727 356 762 pleonastnum
385 736 413 760 κ,
437 727 522 758 τύπος
556 732 599 755 est
621 729 692 755 enim
715 727 828 760 κτύπος,
855 736 953 755 nomen

168 773 280 800 verhale
294 780 309 799 a
330 773 414 800 verbo
435 772 540 800 τύπτω.
572 777 600 800 et
619 773 730 800 καίνυτο
749 773 843 800 αῐνυτο
865 773 894 800 ὃν
907 781 955 808 per

170 817 358 852 pleonasmum
372 818 452 845 habet
462 827 489 846 κ.
502 823 529 845 et
545 818 653 852 ναῦρος,
666 816 758 854 αὗρος,
770 818 842 846 enim
857 823 898 846 est
908 819 954 854 qni

171 868 263 890 mente
279 864 345 890 levis
363 869 415 890 est.
435 863 539 891 Musam
563 864 610 891 alii
635 864 758 892 derivant
781 872 797 892 a
822 865 955 900 μαιοῦσάν

169 917 230 936 τινα
245 909 322 945 (δι’),
341 908 438 944 531a
463 909 487 936 id
504 914 555 942 est,
576 910 796 944 investigatricem
808 909 954 938 :doctrina

170 955 243 981 enim
263 962 402 982 musarum
423 955 491 982 nihil
509 963 524 982 a
549 956 685 990 mysteriis
698 955 844 991 discrepat.
862 956 914 984 Alii
938 964 953 984 α

171 1002 278 1035 pudica:
298 1000 433 1028 derivant.
447 1001 575 1034 Quaerere
596 1001 668 1029 enim
685 1001 770 1029 Dores
789 1003 885 1031 dicunt
900 1002 953 1038 μῶ.

170 1047 203 1074 Ει
225 1048 304 1074 tertia
320 1055 434 1082 persona
451 1048 538 1082 μῶται
555 1053 643 1076 exstat
658 1049 728 1083 apud
744 1047 937 1084 Epicharmum
948 1071 956 1083 ,

171 1093 277 1126 μῶνται
297 1093 369 1126 apud
395 1092 616 1127 Euphronionem
642 1099 669 1121 et
693 1093 820 1129 μώμεναι
845 1095 956 1129 partici-

169 1139 245 1174 pium
271 1139 340 1174 apud
366 1139 540 1173 Sophoclem.
558 1139 656 1174 Aptius
680 1140 764 1174 igitur
787 1144 830 1167 est
849 1139 956 1167 Musam

170 1185 211 1212 sic
233 1185 297 1217 dici,
317 1190 445 1219 tanquam
465 1185 641 1213 inventricem
657 1186 780 1213 omnium
796 1185 956 1220 disciplina-

169 1238 232 1258 rum
256 1231 450 1258 existimatam.
472 1231 608 1258 Μαίεαθαι
631 1231 765 1260 Homerus
779 1239 890 1267 quoque
906 1238 957 1266 pro

169 1283 287 1311 qurere
299 1276 378 1309 dixit,
396 1281 423 1303 et
437 1277 519 1312 μαῖαν
536 1276 608 1303 illam
625 1277 755 1310 dicimus,
774 1285 836 1312 quae
856 1284 958 1305 consu-

122 1344 127 1354 ,
170 1322 203 1350 lit
219 1324 352 1350 medicum
363 1323 397 1350 de
410 1323 579 1350 abscondito.
591 1323 703 1359 Μάκαρ,
718 1324 816 1358 inquit,
829 1325 887 1351 sola
903 1332 956 1352 vox

171 1369 225 1396 hac
247 1369 438 1396 terminatione
456 1369 605 1400 invenitur.
625 1374 653 1397 et
676 1370 702 1397 in
718 1369 828 1398 feminis
852 1370 955 1405 δάμαρ.

171 1416 274 1451 Μάκαρ
289 1423 337 1451 per
357 1423 498 1450 apocopen
513 1423 528 1443 a
546 1417 692 1451 μακάριος,
713 1417 794 1444 sicuti
816 1417 885 1452 ὐμὲν
908 1425 958 1452 pro

172 1462 285 1497 ὺμέναιε
303 1470 351 1497 per
372 1469 520 1497 apocopen.
537 1463 669 1498 Μακκοᾷν
683 1463 824 1498 antiquum
849 1467 901 1495 est,
921 1463 959 1499 μὴ

171 1507 291 1538 ἀκούειν,
305 1508 347 1535 vel
371 1508 408 1543 μὴ
424 1509 507 1541 κοεῖν,
528 1509 601 1542 quod
617 1508 688 1535 νόειν
708 1508 845 1542 significat
860 1508 960 1535 intelli-

171 1561 240 1588 gere.
266 1553 450 1581 Callimachus
473 1553 500 1580 in
527 1552 636 1580 Hecuba
659 1553 757 1588 ὲκόησε
789 1560 839 1588 pro
863 1553 958 1589 ἐνόησε

171 1599 251 1627 dixit.
274 1599 418 1634 Μακάριος
441 1599 487 1626 alii
511 1599 637 1626 derivant
661 1607 695 1627 ex
718 1600 863 1635 μηκήριος,
885 1601 959 1628 verbi

172 1646 260 1680 gratia
275 1653 309 1673 ex
334 1645 481 1681 μακήριον,
505 1645 577 1680 quod
598 1645 653 1672 fato
679 1653 732 1673 non
755 1645 888 1680 subjacet,
906 1646 958 1673 im-
973 1645 994 1674 C

172 1691 310 1723 mortalis,
327 1691 370 1718 vel
387 1699 420 1718 ex
443 1692 558 1727 ἀκήριος
578 1691 737 1726 pleonasmo
755 1693 803 1719 τοῦ
824 1692 921 1720 litterae
939 1701 959 1728 μ

174 1737 319 1773 μακάριος.
346 1737 477 1773 ’Δλευρον
501 1738 594 1765 addito
618 1746 639 1773 μ
663 1738 801 1766 invenitur
825 1739 959 1774 μάλευρον

173 1784 257 1818 fama,
272 1789 299 1811 et
314 1783 363 1819 μία
376 1792 429 1810 una
444 1791 477 1811 ex
497 1784 525 1810 τα
542 1783 641 1811 factum
661 1784 752 1812 addito
769 1793 799 1820 μ.
817 1784 854 1812 De
867 1785 959 1813 Philo-

173 1829 244 1855 mela
271 1829 329 1856 hrcc
355 1827 570 1855 narrat:Zeten
597 1828 682 1856 ﬁlium
705 1828 800 1858 Boreae
821 1831 960 1864 accepisse

173 1873 352 1902 Philomelam
369 1875 444 1911 (55),
472 1875 556 1902 filiam
584 1875 702 1903 Dulichii
727 1874 881 1908 Pandarei,
904 1877 959 1904 illis

172 1919 258 1947 tilium
286 1923 380 1946 natum
409 1928 471 1948 esse
504 1920 616 1948 nomine
646 1920 782 1957 Actylum.
810 1921 959 1949 Philomela

172 1971 264 1993 autem
289 1966 427 2001 suspicata
455 1967 544 1994 virum
569 1967 722 2002 Nympham
737 1968 884 2003 quamdam
907 1967 960 1995 lla-

172 2013 349 2049 xnadryadem
372 2013 510 2047 adamare,
535 2014 657 2050 zelotypa
674 2022 736 2042 cum
753 2014 826 2042 ﬁlius
845 2015 960 2050 Actylus

173 2060 212 2087 illi
230 2060 369 2087 videretur
390 2060 518 2088 conscius
542 2067 575 2088 ac
590 2060 699 2095 adjutor
713 2060 806 2087 furtivi
829 2061 961 2089 concubi-

172 2111 230 2138 tus,
245 2115 260 2134 a
278 2106 424 2134 venatione
439 2107 597 2135 redeuutem
618 2107 692 2134 illum
706 2107 853 2135 interfecit.
869 2107 961 2136 Venus

172 2158 262 2181 autem
281 2158 383 2181 tantam
401 2154 529 2181 miserata
552 2154 748 2188 calamitatem,
774 2155 800 2182 in
823 2155 960 2182 volucrem

171 2200 315 2227 lusciniam
338 2205 452 2227 matrem
476 2201 600 2227 mutavit.
626 2201 768 2228 Ptenitens
791 2206 881 2228 autem
901 2209 962 2236 qua:

170 2250 251 2272 antea
268 2244 381 2277 femina,
399 2253 472 2273 nunc
483 2253 548 2272 vero
567 2246 636 2277 avis.
649 2246 723 2280 luget
738 2246 833 2279 filium,
851 2255 904 2273 non
920 2254 962 2273 rc-

170 2298 247 2326 perto
256 2292 318 2318 mali
329 2293 391 2319 line.
399 2292 498 2324 Τέττα,
507 2292 578 2326 quod
591 2292 660 2326 apud
670 2293 816 2320 Homerum
827 2298 868 2320 est
880 2293 958 2327 (ὅδ’),

169 2337 242 2371 quod
260 2337 330 2364 dixit
345 2337 489 2364 Diomedes
515 2338 547 2364 ad
572 2336 743 2368 Sthenelum.
761 2337 905 2372 scriptura:
920 2339 959 2364 vi-

1006 270 1109 305 μακρόν
1124 270 1182 297 ἐστι
1200 270 1291 304 φύσει.
1309 270 1371 296 "Ott
1387 269 1414 296 δὲ
1430 269 1480 295 οὐκ
1500 269 1558 295 ἔστι
1585 269 1634 303 τῆς
1649 269 1666 294 ὀ
1681 267 1789 300 ευθεὶας

1004 313 1035 340 τὸ
1058 312 1082 341 ὦ
1095 314 1233 349 κλητικὺν,
1264 312 1411 340 κάντεῦθεν
1427 314 1485 338 ἐστι
1499 311 1671 345 καταφανές·
1691 313 1707 346 ἡ
1728 311 1790 346 κληο

1003 359 1068 394 τικὴ
1080 360 1114 393 τῇ
1127 358 1181 395 ἰδίᾳ
1194 358 1287 393 εὐθείᾳ
1303 359 1436 393 ἰσοχρονεῖ
1449 358 1466 393 ἢ
1479 358 1524 384 τὸν
1540 357 1643 384 ὲλάττω
1660 357 1789 392 ἀναδέχε-

1004 414 1048 432 ται
1063 404 1169 440 χρόνον,
1194 402 1250 430 οἷον
1276 402 1460 437 Ἀγαμέμνων
1486 403 1534 428 καὶ
1549 399 1572 429 ὦ
1589 402 1788 436 Ἀγάμεμνον·

1005 450 1122 478 ἐνταῦθα
1137 450 1165 476 δὲ
1181 449 1348 476 τούναντίον.
1366 449 1423 475 Οὐκ
1450 448 1523 475 ἐστιν
1550 448 1596 475 οὖν
1610 448 1712 484 ἄρθρον
1731 448 1789 474 ἀλλ’

1004 496 1157 531 ἐπίρρημα.
1175 495 1354 522 Συντάττεται
1374 495 1396 521 δ’
1414 495 1490 529 ὅμως
1511 495 1544 528 τῇ
1560 494 1687 529 κλητικῇ,
1711 494 1790 528 ὲπίρ-

1005 545 1081 579 ῥημα
1095 542 1135 575 ὃν,
1148 542 1242 577 ὥσπερ
1259 542 1306 568 καὶ
1319 541 1388 568 ἄλλα
1402 540 1457 568 τῶν
1480 540 1678 576 ἐπιρρημάτων
1693 541 1788 576 γενικῇ

1005 590 1201 621 συντάττεται,
1223 588 1261 621 ὡς
1285 589 1360 622 παρὰ
1383 588 1422 623 τῷ
1448 588 1546 622 ποιητῇ
1569 588 1598 613 ὲν
1625 588 1658 622 τῇ
1693 587 1713 612 Ω
1740 587 1790 621 τῆς

1011 635 1201 668 Ὀδυσσείας,
1221 635 1267 661 καὶ
1288 635 1425 668 αἰτιατικῇ
1440 634 1470 660 τὺ
1494 633 1532 667 νὴ
1560 633 1651 659 καὶτὸ
1671 632 1712 666 μά
1725 640 1732 647 ·
1745 632 1791 658 καὶ

1004 683 1059 716 γὰρ
1082 681 1213 717 ὀμνύντες
1237 681 1259 696 ⁸³
1287 681 1425 715 αἰτιατικῇ
1456 679 1619 706 συνάπτουσι
1648 678 1684 704 τὰ
1713 679 1791 713 ἑπιρ-

1006 729 1116 764 ρήματα
1141 726 1238 754 ταῦτα.
1257 726 1319 753 Ὀτι
1338 726 1369 753 τὸ
1384 726 1497 760 κνέφας
1517 726 1542 751 οι
1562 724 1611 758 μέν
1626 732 1708 758 φασιν
1737 723 1792 750 ἀπὸ

1004 774 1052 801 τοῦ
1066 773 1196 807 κενὲφας
1209 772 1335 806 γενέσθαι
1356 771 1456 806 (κενὸν
1473 770 1527 805 γάρ
1547 771 1606 796 ἐστι
1629 768 1748 804 φάους),
1766 770 1791 794 οἰ

1005 820 1034 847 δὲ
1060 818 1131 846 κατὰ
1150 818 1319 853 πλεονασμὸν
1344 817 1391 844 τοῦ
1414 825 1450 844 κ·
1469 817 1561 851 νέφος
1586 816 1640 850 γὰρ
1656 813 1726 841 εἶναι
1742 814 1790 841 καὶ

1006 867 1100 902 γέρας
1126 866 1158 892 τὸ
1186 865 1340 897 αὐτοτελὲς,
1363 864 1408 891 διὰ
1433 863 1481 890 τοῦ
1507 871 1542 889 νε
1569 860 1730 897 στερητικοῦ
1761 860 1792 887 τὺ

1007 912 1210 947 ἐστερημένον
1219 911 1273 938 τοῦ
1288 911 1386 946 φωτὸς
1401 910 1597 944 ὑποσημαϊνον.
1614 909 1719 943 ’Ὠσπερ
1745 906 1793 934 καὶ

1006 961 1037 988 τὸ
1064 960 1179 992 κτύπος
1196 959 1291 992 γέγονε
1308 956 1380 984 κατὰ
1395 954 1564 990 πλεονασμὸν
1582 953 1629 980 τοῦ
1647 962 1665 980 κ
1676 961 1684 969 ·
1700 952 1794 985 τύπος

1008 1007 1062 1042 γάρ
1092 1007 1165 1032 ἐστιν
1181 1006 1196 1031 ὸ
1221 1004 1347 1036 κτύπος,
1371 1001 1523 1038 ῥηματικὸν
1548 1000 1610 1036 [867
1636 999 1682 1036 IL]
1707 999 1794 1034 ὄνομα

1008 1053 1085 1088 παρὰ
1096 1052 1126 1078 τὸ
1145 1052 1256 1078 τύπτω.
1270 1049 1326 1077 Καὶ
1337 1049 1368 1076 τδ
1391 1048 1525 1080 καίνυτο,
1553 1047 1659 1074 αἴνυτο
1675 1045 1716 1078 ὃν,
1741 1054 1793 1071 πε-

1010 1100 1101 1134 ρισσὸν
1118 1098 1175 1133 ἔχει
1203 1097 1234 1124 τὸ
1251 1105 1280 1123 κ.
1301 1095 1356 1122 Καὶ
1377 1094 1409 1121 τὸ
1426 1094 1538 1127 καῦρος
1558 1093 1598 1109 ⁸¹ο
1622 1089 1715 1126 αὗρος
1739 1091 1794 1125 γάρ

1009 1146 1094 1176 ἐστιν,
1107 1141 1163 1170 οἷον
1179 1143 1193 1169 ὁ
1208 1141 1279 1168 κατὰ
1293 1141 1355 1167 νοῦν
1366 1139 1493 1174 ἐλαφρός.
1511 1138 1572 1164 ’Ότι
1584 1137 1633 1172 τὴν
1649 1136 1760 1163 Μοῦσαν
1771 1135 1795 1151 ⁸³

1008 1190 1032 1217 oi
1063 1189 1111 1224 μὲν
1143 1186 1354 1223 ἐτυμολογοῦσιν
1387 1184 1441 1211 ἀπὸ
1473 1183 1520 1210 τοῦ
1551 1182 1694 1216 μυοῦσάν
1727 1189 1795 1207 τινα

1009 1234 1095 1263 εἶναι·
1121 1235 1138 1270 ἡ
1160 1234 1214 1269 γὰρ
1233 1232 1349 1268 μουσικὴ
1375 1230 1515 1261 παίδευσις
1537 1229 1613 1256 οὐδὲν
1638 1226 1795 1263 μυστηρίων

1009 1282 1141 1317 διαφέρει.
1158 1282 1189 1307 Ol
1204 1279 1232 1306 δὲ
1249 1280 1324 1314 παρὰ
1338 1278 1368 1304 τὸ
1378 1276 1494 1312 patiam
1504 1275 1541 1292 κδ·
1556 1275 1586 1301 τὺ
1599 1274 1655 1309 γὰρ
1671 1273 1762 1308 ζητεῖν
1770 1272 1794 1288 ⁸⁵

1008 1329 1109 1363 Δωρεῐς
1126 1326 1235 1361 λέγουσι
1256 1324 1313 1360 μῶ,
1334 1324 1381 1351 καὶ
1395 1322 1489 1358 μῶται
1502 1322 1532 1348 τὸ
1544 1322 1635 1356 τρίτον
1649 1320 1796 1356 πρόσωπον

1008 1375 1073 1411 παρ’
1093 1373 1265 1408 Ἐπιχάρμῳ,
1276 1371 1324 1398 καὶ
1336 1370 1449 1405 μῶν-ται
1462 1370 1526 1404 παρ’
1540 1368 1693 1402 Εὑφορίωνι
1703 1367 1737 1398 ⁸⁸,
1747 1365 1795 1392 καὶ

1006 1420 1170 1456 μὼμιςινιιιι⁸⁷
1198 1420 1215 1454 ὴ
1239 1417 1340 1453 μετοχὴ
1354 1417 1429 1452 παρὰ
1446 1415 1587 1450 Σοφοκλεῖ.
1608 1412 1797 1447 Εὐλογώτερον

1009 1466 1056 1494 οῦν
1076 1466 1126 1501 τὴν
1141 1464 1253 1493 Μοῦσαν
1267 1463 1390 1490 ἐντεῦθεν
1412 1461 1550 1497 εἰρῆσθαι,
1573 1459 1672 1491 παντὸς
1686 1457 1796 1492 νομιξο⁴

1012 1513 1096 1548 μένην
1110 1511 1217 1546 εὑρέτιν
1230 1509 1401 1545 μαθήματος.
1411 1507 1557 1534 Μαίεσθαι
1572 1505 1600 1531 δὲ
1615 1505 1661 1531 καὶ
1675 1504 1798 1539 Ὅμηρος

1011 1558 1063 1586 οἶδε
1072 1558 1101 1584 τὸ
1109 1555 1269 1590 ζητεῖν-,καὶ
1281 1554 1376 1588 μαῖάν
1391 1561 1481 1587 φαμεν
1494 1551 1542 1587 τὴν
1557 1549 1691 1585 ζητοῦσαν
1705 1548 1797 1585 ῑατρδν

1010 1605 1041 1632 τὸ
1055 1602 1318 1639 κρυπτόμενον.Ὂτι
1330 1601 1346 1636 ὴ
1358 1599 1469 1634 μάκαρ,
1486 1599 1562 1633 φησὶ,
1577 1595 1727 1632 μονήρης⁸⁸
1739 1595 1797 1622 ἐστὶ

1010 1649 1093 1681 λέξις,
1106 1648 1152 1674 καὶ
1169 1648 1198 1673 ὲν
1216 1647 1272 1676 τοῖς
1293 1644 1419 1680 θηλυκοῖς
1435 1643 1466 1669 τὸ
1482 1642 1589 1677 δάμαρ.
1609 1641 1645 1667 Τὸ
1659 1641 1687 1667 δὲ
1697 1641 1798 1675 μάκαρ

1009 1696 1042 1722 ὲκ
1063 1695 1110 1721 τοῦ
1140 1692 1284 1728 μακάριος
1319 1690 1528 1720 ὰποκέκοπται,
1560 1687 1656 1723 ὥσπερ
1691 1687 1738 1713 καὶ
1766 1686 1797 1712 ea

1008 1742 1132 1777 ὑμέναιε
1148 1741 1258 1774 γέγονεν
1278 1737 1417 1764 ἀποκοπὲν
1433 1735 1518 1770 ὐμέν.
1540 1735 1601 1762 Ὅτι
1616 1733 1646 1760 τὸ
1657 1732 1797 1768 μακκοᾷν

1009 1786 1149 1823 ἀρχαϊκῶς
1163 1786 1220 1812 ἐστι
1230 1784 1262 1811 τὸ
1272 1783 1314 1818 μὴ
1335 1782 1467 1814 ἀκούειν,
1483 1781 1499 1817 ἢ
1512 1781 1543 1807 τὸ
1555 1780 1595 1815 μὴ
1608 1780 1699 1812 κύειν,
1727 1779 1796 1814 ὅπερ

1009 1834 1040 1860 τδ
1052 1832 1134 1859 νοεῖν
1145 1831 1249 1866 ἐδήλου.
1265 1829 1440 1863 Καλλίμαχος
1455 1827 1478 1854 δ’
1491 1827 1628 1861 ὲνΈκάόῃ
1636 1826 1671 1858 ³⁸,
1684 1825 1795 1859 ἐκύησε

1011 1879 1096 1914 φησι)
1115 1878 1176 1905 ἀντὶ
1197 1876 1244 1903 τοῦ
1261 1876 1403 1910 ἐνόησεν.
1426 1874 1489 1900 ’⁷Οτι
1513 1873 1543 1900 τδ
1562 1871 1708 1907 μακάριος
1725 1871 1798 1903 τινὲς

1011 1925 1220 1962 ἐτυμολογοῦσιν
1229 1925 1261 1951 ἐκ
1269 1924 1316 1950 τοῦ
1322 1923 1481 1958 μηκήριος,
1490 1918 1547 1948 οἷον
1554 1921 1586 1947 ὲκ
1595 1919 1642 1946 τοῦ
1653 1919 1691 1954 μὴ
1701 1918 1766 1953 κηρὶ
1774 1918 1798 1933 ¹⁰

1011 1972 1172 1999 ὑποκεῖσθαι
1197 1971 1243 1997 τὸν
1263 1970 1413 1997 ἀθάνατον·
1430 1968 1446 2003 ἢ
1473 1969 1506 1994 ἐκ
1521 1967 1567 1994 τοῦ
1580 1965 1703 2000 ἀκήριος
1728 1964 1799 1992 κατὰ

1011 2017 1180 2052 πλεονασμὸν
1193 2016 1240 2043 τοῦ
1252 2025 1275 2051 μ
1293 2015 1447 2050 μακάριος.
1464 2015 1526 2041 Ὀτι
1537 2013 1568 2040 τὸ
1585 2013 1716 2046 ἄλευρον
1728 2010 1800 2037 κατὰ.

1011 2063 1181 2098 πλεονασμὸν
1197 2061 1244 2089 τοῦ
1257 2071 1279 2096 μ
1303 2061 1376 2088 ἐστιν
1400 2061 1491 2096 εὑρεῖν
1509 2060 1673 2094 μάλευρον.
1698 2058 1752 2084 Καὶ
1769 2057 1800 2084 τὸ

1009 2110 1064 2146 μία
1079 2110 1118 2141 δὲ,
1134 2111 1166 2136 ὲκ
1179 2108 1226 2135 τοῦ
1244 2108 1274 2134 la
1289 2107 1401 2142 γεγονὸς
1411 2128 1418 2140 ,
1431 2106 1504 2133 κατὰ
1517 2105 1688 2140 πλεονασμὸν
1699 2104 1756 2139 ἔχει
1769 2104 1799 2130 τὺ

1009 2165 1043 2191 μ,
1069 2156 1132 2182 Ὀτι
1148 2154 1212 2191 περὶ
1227 2153 1276 2188 τῆς
1293 2153 1403 2188 ἀηδόνος
1424 2152 1614 2186 μυθολογεῖται
1626 2151 1664 2183 ὡς
1680 2151 1769 2186 Ζήτης
1786 2150 1800 2176 ὁ

1013 2202 1112 2238 Βορέου
1135 2201 1199 2232 παῖς
1208 2200 1230 2217 ⁹¹
1250 2199 1347 2226 ἔλαϐεν
1367 2198 1478 2233 ’Δηδόνα
1492 2197 1540 2224 τοῦ
1552 2196 1713 2232 Δουλιχιὲως
1727 2196 1800 2222 Παν-

1012 2248 1101 2284 δάρεω
1112 2247 1161 2282 τὴν
1176 2246 1326 2281 θυγατέρα,
1347 2244 1511 2276 ’ἋκτυλοςἸ
1534 2244 1563 2270 δὲ
1578 2244 1670 2273 αὐτοῖς
1683 2243 1738 2274 υἱὸς
1755 2242 1800 2276 γι-

1013 2303 1099 2322 νεται.
1115 2295 1149 2320 'lI
1162 2291 1209 2320 οῦν
1227 2292 1330 2327 ’Δηδὼν
1343 2292 1518 2326 ὑπονοήσασα
1533 2291 1578 2317 τὸν
1592 2290 1677 2324 ἄνδρα
1691 2288 1802 2324 νύμφης

1013 2340 1184 2376 ἁμαδρυάδος
1202 2340 1267 2375 ὲρᾷν
1283 2347 1356 2370 τινος
1372 2359 1379 2371 ,
1396 2337 1619 2373 ζηλοτυπήσασα,
1636 2335 1727 2372 [1584
1744 2334 1800 2371 ll.]

169 2387 238 2409 tmm
270 2387 321 2410 est.
356 2383 426 2416 Quid
452 2383 526 2410 enim
563 2383 696 2417 signiticet
719 2383 806 2410 τέττα
835 2385 956 2419 ignotum

1013 2388 1075 2414 ἐπεὶ
1091 2388 1160 2422 αὐτῇ
1186 2387 1273 2413 ὲδὸκει
1286 2388 1300 2412 ὁ
1316 2387 1373 2417 υἱὸς
1390 2385 1523 2417 Ἀκτυλος
1548 2384 1600 2420 τὴν
1621 2383 1726 2418 κλοπὴν
1750 2382 1801 2417 τῆς

170 2428 304 2456 hactenus
320 2429 370 2456 fuit
386 2438 392 2455 ε
407 2429 454 2456 sed
470 2429 517 2456 alii
540 2429 650 2464 quidem
662 2436 755 2456 vocem
772 2431 884 2457 honoris
899 2438 956 2458 esse

1016 2432 1115 2468 μίξεως
1131 2431 1281 2458 συνειδέναι
1305 2439 1336 2456 τε
1360 2431 1406 2457 καὶ
1423 2430 1599 2466 συνεργῆσαι,
1623 2429 1728 2456 ἀνεῖλεν
1747 2428 1800 2454 ἀπὸ

175 2475 256 2502 amici
281 2476 313 2502 ad
334 2476 452 2503 amicum
479 2475 575 2503 dicunt
592 2485 598 2502 :
613 2476 737 2503 nonnulli
757 2484 833 2508 vero,
855 2477 956 2511 garrule

1015 2477 1102 2513 θήρας
1124 2477 1270 2513 ἐρχόμενον
1295 2480 1342 2504 τὸν
1366 2477 1460 2504 παῖδα.
1477 2477 1604 2512 ’ᾩκτειρε
1628 2475 1650 2502 δ’
1675 2474 1760 2507 αὐτὴν
1783 2473 1799 2508 ή

811 2545 929 2572 νΑιὶιιΕ
946 2545 1145 2572 LECTIONES.

208 2591 230 2606 λι
243 2589 404 2626 ὀμνυντεςᾩ
417 2590 587 2626 τγὺμνύοντες
602 2600 630 2622 ς.
667 2591 828 2626 ⁸’κοῦροςο
847 2600 853 2617 :
872 2591 970 2626 ναῦρος
987 2601 1018 2623 ς.
1055 2592 1078 2608 ³³
1091 2592 1192 2625 μυοῦσν
1256 2591 1423 2619 mscltelius:
1440 2592 1501 2619 lihri
1518 2591 1660 2626 μαιοῦσαν.
1699 2591 1722 2606 ³⁸
1734 2591 1793 2625 μαάγ

173 2625 229 2662 cat]
242 2633 350 2661 μααςαν
362 2625 392 2652 (Σ.
430 2625 452 2640 ’⁸⁸
468 2625 571 2662 ζητεῖν]
587 2626 641 2652 ium
657 2626 740 2660 ζητῶ.
757 2629 792 2652 cl'.
809 2627 886 2661 Etym
903 2625 937 2653 Μ.
955 2635 981 2661 ι).
999 2627 1060 2659 589,
1072 2627 1116 2658 Μ,
1133 2628 1184 2654 nisi
1195 2635 1255 2654 mox
1273 2636 1334 2654 cum
1351 2629 1468 2655 Kuslcro
1484 2628 1528 2661 (ad
1546 2628 1621 2654 Suid.
1639 2636 1664 2657 ν,
1682 2626 1799 2662 μῶσθαι)

173 2661 280 2698 μῶσθαι
293 2661 371 2698 malis
379 2667 467 2698 ﬂuam
483 2661 535 2698 μῷ.
563 2661 595 2698 ⁷¹ξ⁶
612 2661 898 2698 Εὗὲορίωνιμὸίιιιιιςεῐ·
913 2671 918 2688 :
933 2662 993 2688 liln‘i
1007 2662 1198 2697 εὑθυφορίωνι.
1236 2663 1259 2678 ⁸⁷
1274 2662 1398 2698 μωμένου
1412 2663 1512 2698 Reisig.
1529 2662 1714 2698 connncnljn
1728 2661 1798 2688 (Ed.

171 2696 270 2728 Colon.
286 2695 452 2733 parCXVlll.’
485 2696 508 2711 δ’*
524 2697 640 2733 μονῆρες
656 2695 693 2723 CI
725 2697 747 2712 “9
768 2695 868 2733 Ἰ-Σκά).ῃ
884 2698 1005 2731 Scaliger
1020 2706 1026 2723 Ζ
1043 2695 1216 2733 ΙίὶήήἺὲκάϐῃ.
1255 2699 1278 2714 ὐ
1294 2695 1331 2733 μὴ
1347 2699 1412 2732 κηρὶ
1426 2695 1500 2732 mg;
1515 2698 1648 2733 μηκὴριον
1664 2697 1694 2728 (Ζ,
1713 2697 1801 2732 pali,-

173 2739 230 2766 ριον
248 2741 279 2765 ς.
318 2732 340 2748 ’ί
359 2731 434 2767 παῖς]
448 2732 545 2758 lacuna
561 2731 587 2758 in
602 2731 634 2758 ς.
673 2733 695 2748 ⁸¹
715 2732 857 2768 ’Λκτυλος]
876 2733 972 2762 Ἰτύλος
990 2733 1122 2767 Scaliger,
1143 2731 1270 2768 Ἀήτυλος
1294 2731 1435 2761 Eustathio
1454 2731 1564 2761 auctore
1583 2733 1729 2761 Meursius.

919 2788 1041 2817 NOTAE.

210 2839 277 2870 (Μ’)
295 2839 378 2868 Aliler
398 2837 474 2865 Plato
495 2838 520 2863 iu
537 2836 655 2871 Crutylo.
1051 2837 1122 2871 (55⁸)
1139 2837 1218 2864 Iliad.
1237 2839 1265 2866 Δ,

209 2873 265 2907 (55)
287 2873 352 2901 Vide
361 2873 439 2901 Ovid.
457 2874 482 2900 in
499 2872 678 2906 Meta‘morph.
690 2877 716 2899 et
730 2880 787 2906 sup
797 2880 809 2898 a
823 2871 958 2899 l'hulium.
