1973 3077
179 147 233 178 309

722 147 985 178 BlBLIOTHECA.
1000 161 1035 166 -
1052 149 1135 180 COD.
1151 150 1325 181 CCLXXIX.

1751 154 1805 187 310

187 210 332 246 Ἀφροδίτη
349 211 395 238 τοῦ
409 210 523 243 πάθους,
540 211 588 238 καὶ
602 212 642 243 είς
659 212 757 247 δρνεον
776 213 908 248 μετέϐαλε
920 213 967 248 τὴν

1020 204 1082 231 heus
1097 208 1136 236 tu,
1148 206 1190 233 vel
1216 215 1231 233 ο
1246 207 1309 234 bone
1329 207 1378 240 vir,
1393 207 1546 243 signiﬁcare
1563 208 1640 236 aiunt
1655 218 1662 236 :
1680 210 1726 237 alii
1742 219 1806 238 rur-

180 258 480 293 ἀηδόνα.Μεταγνοῦσα
492 258 521 284 δὲ
537 259 553 293 ἡ
565 258 650 285 πάλαι
666 259 715 294 μὲν
726 259 805 294 γυνὴ,
823 259 871 286 νῦν
889 259 912 285 δ’
923 259 970 294 δρ-

181 312 223 335 νις
238 302 336 339 Θρηνεῖ
347 303 394 330 τὸν
407 305 500 336 παῖδα,
518 303 595 331 λύσιν
608 304 656 339 οὐχ
670 304 835 339 εὖρίσκουσα
850 304 897 331 τοῦ
911 304 970 330 τολ-

184 349 349 382 μήματος⁹³.
366 349 426 376 Ὀτι
445 349 476 376 τὺ
497 349 594 382 τέττα,
616 350 631 376 ὃ
654 350 720 385 παρ’
743 350 855 385 Ὁμήρῳ
880 351 969 377 κεῖται

182 394 329 429 είρημένον
353 395 392 426 ὡς
413 395 468 422 ἀπὸ
492 394 540 422 τοῦ
564 395 713 431 Διομήδους
735 396 804 430 πρὸς
829 396 968 430 Σθένελον,

181 441 324 474 γραφικῆς
337 442 395 467 ἐστι
411 441 524 476 πλάνης.
542 441 575 468 Τί
592 450 657 468 ποτε
673 442 727 476 γὰρ
741 442 816 476 δηλοί
829 442 860 468 τὸ
871 442 967 475 τέττα,

184 485 267 521 μέχρι
280 485 328 513 νῦν
341 485 420 513 οὔπω
439 487 660 522 συνομολογεϊται
670 496 676 502 ·
693 487 751 514 ἀλλ’
769 489 794 514 ot
807 488 857 523 μὲν
873 497 969 516 σεπτι-

181 530 234 566 κὴν
253 532 318 557 αὐτὸ
333 532 426 566 φωνὴν
448 530 518 558 εἶναι
535 532 614 566 φίλου
628 533 696 568 πρὸς
711 533 819 569 ἑταῖρόν
836 542 928 568 φασιν,
944 535 969 561 οἱ

181 576 221 608 δὲ,
237 576 366 604 minutis
379 574 403 604 ὦ
417 574 517 610 οὗτος,
532 577 608 604 ἄλλοι
623 578 651 604 δὲ
665 578 758 610 πάλιν,
780 578 819 605 σὲ
836 578 923 613 λέγω.
937 580 969 606 Ui

181 622 292 653 πλείους
305 622 334 649 δὲ
348 622 404 650 τῶν
419 623 621 658 γραμματικῶν
638 624 772 660 νεωτέρου
789 625 872 659 φασὶν
900 623 969 652 εἶναι

181 667 378 703 προσφώνησιν
393 669 433 700 είς
451 668 636 704 πρεσϐύτερον
646 678 652 684 ·
667 672 756 696 καίτοι
767 678 799 704 γε
813 670 968 705 οὐδ’ἐχουσι

181 714 267 747 δεῖξαι
282 715 418 750 Διομήδην
426 714 557 741 Σθενέλου
568 715 710 750 νεώτερον.
724 715 762 742 Οὐ
775 715 828 752 μὴν
841 715 898 742 ἀλλ’
908 716 969 743 οὐδὲ

181 760 307 793 φαίνεται
321 760 446 795 Ὄμηρος
459 760 577 796 ἀλλαχοῦ
588 761 762 796 χρησάμενος
776 763 808 797 τῇ
824 763 910 797 φωνῇ,
935 761 968 788 ἶν’

180 808 213 832 ἐκ
228 806 279 840 τῆς
295 806 423 842 ἀλλαχόθι
441 808 562 843 φανερᾶς
586 808 705 840 διανοίας
728 808 775 835 καὶ
796 809 827 836 τὸ
851 808 969 836 ἐνταῦθα

179 853 230 887 τῆς
242 852 342 886 λέξεως
356 853 558 890 ἁνακαθσρθείη
575 854 736 889 ἀμφίϐολον,
751 855 846 890 ὥσπερ
864 856 910 882 ἐπὶ
922 855 968 882 τοῦ

180 898 275 924 ἔλαιον
287 898 399 933 ἐποίησε
409 907 416 914 ·
443 899 491 925 καὶ
505 900 559 935 γὰρ
572 899 657 926 είπὼν
672 901 731 929 ἐκεῖ
748 900 891 936 πρότερον.
909 902 964 928 πό.

178 943 267 970 δεσιν
278 943 288 979 [
299 943 352 971 868
365 943 398 971 H.
413 944 424 980 ]
447 945 542 972 ἐλλον
560 942 623 972 εἷλε
637 946 778 973 ποικίλον
787 945 810 962 οδ
826 945 915 978 κύων,
935 945 967 972 τὸ

178 988 277 1024 ἄδηλον
291 989 341 1024 τῆς
356 989 456 1022 λέξεως
474 990 641 1024 διεσάφησεν
659 990 826 1024 ὑποκατιὼν,
840 991 966 1027 νεϐρὺνπ

177 1034 224 1060 τὸν
239 1034 315 1061 ἐλλον
329 1035 477 1070 ὀνομάσας.
499 1035 636 1068 Ὡσαύτως
650 1037 681 1063 τὸ
695 1036 751 1064 λάε
765 1038 797 1064 ὲκ
807 1038 855 1072 τῆς
870 1039 967 1072 ἐτυμο-

177 1080 270 1114 λογίας
286 1081 360 1116 σαφῆ
373 1082 524 1116 παρίστησι
537 1082 586 1117 τὴν
601 1082 692 1118 φωνὴν
702 1102 710 1115 ,
723 1084 784 1110 ἐπεὶ
795 1083 878 1116 ἀλαός
891 1084 967 1110 ἐστιν

177 1126 193 1150 ὁ
208 1125 253 1158 μὴ
266 1125 393 1157 ,βλέπων
415 1126 450 1153 τὸ
468 1125 532 1161 φῶς
543 1135 551 1143 ·
571 1127 588 1162 ἢ
610 1127 652 1154 ὅτι
676 1127 707 1154 τδ
722 1127 840 1155 initur”
853 1128 883 1154 τὸ
897 1129 966 1155 ἀπο-

177 1170 330 1202 λαυστικῶς
342 1170 414 1206 ἔχειν
430 1172 514 1204 ἐστὶν,
533 1172 604 1207 ὅπερ
625 1172 762 1200 δείκνυσιν
779 1173 968 1208 ἐμφατικωτέ-

179 1224 230 1250 ραν
238 1216 261 1232 ’⁷
274 1215 405 1243 διάθεσιν.
421 1216 477 1243 Καὶ
498 1216 565 1243 ἀλλα
578 1217 609 1243 δέ
625 1218 684 1243 sm
710 1217 849 1250 ξενίζοντα
862 1218 892 1244 ὲν
910 1218 967 1248 τοῖς

183 1263 314 1298 Ὁμήρου,
337 1262 397 1298 μεθ’
410 1263 534 1299 ’Όμηρον
549 1263 579 1290 δὲ
600 1264 657 1295 τοῖς
679 1264 824 1299 νεωτέροις
839 1263 913 1299 σαφῆ
932 1265 966 1299 τῇ

177 1309 276 1344 χρήσει
286 1309 417 1343 γεγονότα
431 1309 479 1336 καὶ
490 1309 540 1345 τὴν
555 1309 632 1336 λύσιν
646 1311 696 1346 τῆς
711 1310 827 1345 ἀπορίας
842 1310 967 1344 ἐπιδεξα-

178 1364 260 1390 μενα.
274 1356 311 1382 Τὸ
326 1356 354 1383 δὲ
370 1356 459 1383 τέττα
471 1357 548 1384 οὐδὲν
565 1356 688 1383 τοιοῦτον
702 1357 753 1392 τῆς
766 1357 905 1391 ἀγνωσίας
919 1358 967 1384 καὶ

175 1401 224 1428 τοῦ
234 1402 257 1418 ’⁸
276 1402 313 1438 μὴ
335 1402 541 1438 διημαρτῆσθαι
567 1402 695 1435 ἐξείλετο.
721 1403 758 1429 Οὺ
776 1403 866 1429 τοίνυν
880 1402 968 1430 τέττα

175 1447 217 1473 δεῖ
231 1448 360 1482 γράφειν,
386 1448 456 1474 ἀλλὰ
481 1448 572 1476 τέτλα
581 1449 616 1479 ⁹⁹.
631 1448 682 1483 τῆς
696 1448 743 1474 ἐπὶ
757 1448 853 1480 τέλους
869 1448 968 1476 συλλα-

175 1492 228 1527 ϐῆς
246 1493 433 1528 ἀποκοπείσης
448 1493 495 1520 τοῦ
509 1494 629 1521 τέτλαθι
646 1494 667 1522 ⁸.
687 1494 741 1520 Καὶ
755 1494 809 1529 γὰρ
829 1494 902 1521 ἐστιν
921 1494 967 1521 εὑ-

176 1540 236 1574 ρεῖν
255 1539 286 1565 τὸ
299 1539 390 1566 τέτλα
411 1539 558 1575 λεγόμενον
583 1540 660 1576 παρὰ
682 1540 831 1575 διαφόροις,
856 1540 894 1572 ὡς
919 1541 967 1567 καί¹

177 1585 298 1621 Ἄρατός
315 1594 398 1621 φησιν
412 1587 447 1613 ὲν
461 1587 591 1621 χαρίτων
610 1586 710 1622 πρώτῃ
733 1588 834 1615 τέτλα.
857 1588 902 1614 Διδ
920 1589 967 1614 καὶ

174 1631 222 1657 τὸν
236 1631 302 1667 παρ’
312 1632 424 1668 Ὁμήρῳ
447 1633 539 1668 στίχον
551 1633 623 1665 τινὲς
635 1633 665 1659 οὐ
682 1633 780 1666 τέττα,
794 1633 862 1660 ἀλλὰ
877 1634 968 1660 τέτλα

174 1678 352 1714 προήνεγκαν
376 1679 628 1713 ἀναγινώσκοντες,
652 1680 700 1707 καὶ
727 1681 967 1716 ὲπισημηνάμενοι

174 1725 214 1756 ὡς
226 1725 243 1760 ἡ
254 1725 347 1759 ἀπάτη
361 1725 474 1759 γέγονεν
486 1727 519 1752 ὲκ
533 1726 580 1752 τοῦ
589 1726 666 1758 τινὰς
681 1726 711 1753 τὸ
723 1726 851 1762 δεύτερον
866 1735 882 1753 τ
907 1727 968 1753 ἀντὶ

173 1769 224 1796 τοῦ
250 1772 271 1798 ,ι
303 1771 407 1802 λαϐεῖν,
435 1771 487 1807 τῆς
512 1772 685 1808 βραχυτέρας
713 1774 847 1809 γραμμῆς
875 1773 923 1799 τοῦ
947 1775 968 1800 λ

175 1816 330 1851 φαντασίαν
347 1817 439 1848 αὐτοῖς
455 1818 504 1853 τῆς
518 1817 601 1853 ὀρθῆς
624 1818 739 1854 κεραίας
765 1820 813 1846 τοῦ
827 1827 844 1846 τ
877 1828 968 1855 παρα-

176 1863 325 1898 σχομένης,
340 1863 389 1899 τῆς
404 1864 432 1890 δὲ
454 1864 578 1899 μείζονος
592 1865 641 1899 τῆς
665 1865 846 1901 ἐπικειμένης
867 1867 969 1901 ἐγκαρ-

175 1910 337 1943 σίας.;¹’οτι.
349 1910 448 1945 φησί’,
469 1910 515 1937 τοῦ
534 1911 666 1946 βασιλέως
683 1911 816 1946 Κορίνθου
830 1913 846 1947 ή
863 1913 966 1948 μήτηρ,

175 1956 244 1990 γυνὴ
260 1955 289 1982 δὲ
307 1956 464 1991 Ἀμφίονος,
483 1957 659 1993 κολοϐωτέρῳ
674 1958 813 1990 σκάζουσα
826 1958 865 1993 τῷ
881 1959 967 1994 ἑτέρῳ

174 2001 248 2034 ποδὶ,
267 2001 361 2028 Λάϐδα
378 2003 512 2030 ἐκαλεῖτο.
529 2004 590 2030 Ὅτι
608 2003 811 2039 ἀναλογώτερον
828 2005 845 2040 ἡ
869 2005 966 2038 χροιά,

174 2047 248 2074 κατὰ
270 2048 357 2080 πάθος
377 2048 406 2075 δὲ
430 2048 603 2076 ὲλλειπτικδν
617 2050 634 2085 ἡ
648 2050 740 2085 χρόα’
760 2051 807 2077 καὶ
823 2050 840 2085 ὴ
866 2050 965 2086 βοτάνη

175 2095 248 2122 ποιὰ
263 2095 364 2129 μᾶλλον
386 2096 403 2131 ῆ
429 2098 489 2123 πόα
517 2096 663 2132 λεγομένη.
682 2098 744 2124 Ὀτι
767 2098 798 2124 τὸ
813 2097 887 2124 ἄττα
900 2099 968 2132 φησὶ

174 2140 321 2175 ψιλοῦσθαι
332 2149 339 2156 ·
357 2142 383 2168 οἱ
398 2142 427 2168 δὲ
443 2143 517 2169 ἄλλοι
533 2143 729 2179 ἀκριϐέστερον
750 2145 790 2176 είς
804 2143 839 2170 τὰ
864 2152 967 2179 σημαι-

174 2187 276 2222 νόμενα
291 2188 471 2222 διαιροῦντες.
483 2190 647 2225 οἰκειότερον
665 2191 711 2216 καὶ
729 2191 860 2225 περὶτῶν
881 2199 966 2218 πνευ-

1020 258 1093 283 sum,
1112 257 1137 278 te
1153 252 1255 287 appello
1269 260 1279 279 :
1294 253 1387 288 plures
1409 262 1474 281 vero
1491 255 1662 290 grammatici
1683 257 1804 291 junioris

1019 304 1080 325 esse
1092 305 1186 325 vocem
1208 299 1241 326 ad
1256 300 1392 327 seniorem
1410 300 1515 333 dicunt,
1530 309 1687 336 quanquam
1713 309 1806 331 osten-

1020 345 1084 372 dere
1117 350 1273 379 nequeant,
1310 346 1466 374 Diomedem
1502 347 1631 375 Sthenelo
1665 349 1803 384 juniorem

1020 389 1116 418 fuisse.
1136 390 1229 426 Neque
1255 391 1336 419 etiam
1360 400 1476 427 usquam
1502 393 1567 420 alibi
1593 392 1728 421 Homerus
1754 395 1805 422 hac

1021 444 1087 463 voce
1103 443 1181 468 usus,
1198 441 1227 463 ut
1244 443 1279 463 ex
1301 444 1383 464 sensu
1405 437 1515 465 aliunde
1542 443 1619 470 nolo,
1634 438 1731 474 53117
1746 447 1806 466 aln-

1020 481 1140 516 biguitas
1164 481 1239 508 verbi
1264 481 1321 509 tolli
1346 482 1546 517 posset:quod
1570 483 1597 510 in
1620 482 1707 515 ἐλλον,
1732 484 1804 518 quod

1020 527 1159 554 hinnulum
1166 528 1311 563 signiﬁcat,
1322 528 1386 556 fecit
1396 528 1464 564 (56).
1474 529 1513 556 lbi
1525 530 1596 556 enim
1613 530 1689 563 dicit,
1697 530 1806 556 πόδεσιν

1020 573 1096 600 ἔλλον
1112 571 1167 601 εἷλε
1183 574 1305 601 ποικίλον
1321 575 1406 608 κύων,
1423 576 1498 603 canis
1511 576 1620 611 pedibus
1643 577 1806 612 uariegatum

1019 620 1158 646 hinnulum
1177 621 1387 655 comprehendit,
1403 622 1597 650 obscuritatem
1611 622 1689 650 verbi
1704 623 1806 658 detegit

1020 667 1092 702 quod
1120 667 1302 700 subnectitur,
1328 673 1469 695 mortuum
1491 668 1648 697 hinnulum.
1674 668 1806 696 Similiter

1020 719 1047 740 et
1058 713 1107 740 λὰε
1119 721 1151 740 ex
1165 713 1328 749 etymologia
1346 718 1466 748 apertam
1482 722 1576 742 vocem
1591 715 1722 748 ostendit,
1742 722 1805 742 cum

1019 759 1100 791 ἄλαος
1115 759 1160 791 sit,
1174 767 1225 786 non
1236 760 1325 786 videns
1340 759 1435 787 lucem.
1450 759 1499 788 Vel
1514 761 1577 795 quia
1588 760 1663 787 λάειν
1678 761 1749 788 idem
1762 765 1807 788 est

1020 812 1052 832 ac
1068 805 1134 839 frui,
1146 805 1219 840 quod
1232 805 1464 833 vehementiorem
1481 806 1601 834 ostendit
1623 802 1804 834 aﬂ'ectionem.

1022 850 1052 877 Et
1066 850 1116 877 alia
1139 850 1223 878 multa
1244 854 1308 878 sunt
1320 851 1390 886 apud
1408 851 1558 878 Homerum
1574 852 1728 886 peregrina,
1744 859 1808 887 quae

1021 896 1130 924 Homeri
1148 897 1267 932 posteris
1283 904 1332 924 usu
1346 897 1417 924 facta
1435 902 1499 925 sunt
1512 898 1669 933 perspicua,
1683 903 1710 925 et
1721 898 1806 926 dubia

1020 943 1113 971 omnia
1139 943 1264 971 submota
1288 947 1362 970 sunt.
1383 942 1444 971 Non
1469 944 1564 971 eadem
1581 948 1672 971 tamen
1691 944 1762 972 ratio
1778 945 1805 971 in

1019 990 1112 1016 τέττα.
1140 987 1236 1022 Neque
1259 988 1330 1015 enim
1360 988 1442 1015 τέττα
1480 988 1655 1016 scribendum
1680 993 1731 1022 cst,
1757 989 1808 1017 sed

1019 1035 1126 1068 τέτελα,
1144 1035 1238 1063 ultima
1262 1035 1366 1070 syllaba
1388 1035 1488 1068 ablata,
1512 1035 1674 1062 ατετέλατι.
1699 1035 1805 1063 Etenim

1020 1082 1144 1110 invenire
1165 1087 1207 1110 est
1228 1082 1335 1115 τέτελα,
1358 1083 1461 1109 multos
1484 1082 1598 1115 dixisse,
1624 1086 1655 1109 ut
1679 1081 1805 1113 Aratum,

1021 1128 1068 1156 ubi
1083 1128 1131 1160 ait,
1142 1127 1171 1154 ὲν
1185 1127 1307 1163 χαρίτων
1322 1126 1417 1163 πρώτῃ
1441 1127 1547 1155 τέτελα.
1565 1126 1628 1156 Ideo
1640 1132 1668 1155 et
1683 1128 1806 1155 nonnulli

1020 1183 1131 1203 versum
1160 1174 1271 1202 Homeri
1294 1182 1349 1202 non
1372 1181 1419 1209 per
1443 1174 1536 1205 τέττα,
1565 1174 1612 1202 sed
1639 1181 1688 1209 per
1711 1173 1808 1201 τέτελα

1021 1221 1215 1256 protulerunt,
1246 1220 1366 1254 legentes
1397 1223 1425 1247 et
1452 1219 1658 1255 signiﬁcantes,
1686 1227 1805 1248 errorem

1021 1267 1165 1298 accidisse,
1179 1266 1252 1302 quod
1267 1265 1352 1301 aliqui
1368 1265 1520 1292 secundum
1534 1274 1550 1291 τ
1563 1273 1612 1300 pro
1626 1265 1642 1291 λ
1657 1265 1805 1299 accipiant,

1021 1313 1104 1340 dante
1126 1312 1179 1340 illis
1202 1311 1328 1339 breviore
1344 1311 1373 1338 in
1387 1311 1459 1338 linea
1486 1311 1501 1337 λ
1522 1311 1747 1345 imaginationem
1763 1311 1807 1338 lit.

1021 1364 1087 1386 tera:
1100 1367 1126 1391 τ,
1144 1359 1223 1393 cujus
1242 1358 1289 1386 uni
1307 1357 1377 1392 apici
1391 1361 1466 1384 recto
1481 1357 1550 1384 alter
1567 1357 1701 1384 incumbit
1718 1361 1808 1384 trans-

1020 1413 1127 1432 versus.
1152 1404 1237 1431 Mater
1258 1404 1330 1439 regis
1343 1403 1468 1430 Corinthi
1489 1411 1558 1430 uxor
1572 1402 1745 1438 Amphionis,
1769 1403 1809 1430 al-

1023 1457 1081 1479 tero
1103 1451 1168 1478 laeso
1184 1449 1252 1484 pede
1267 1448 1435 1482 claudicans,
1454 1448 1545 1476 Labda
1565 1453 1662 1476 vocata
1685 1453 1736 1476 est.
1755 1447 1809 1475 Re-

1021 1498 1093 1525 ctius
1110 1496 1189 1531 χροιὰ
1200 1495 1304 1522 dicitur
1320 1504 1326 1521 :
1343 1494 1390 1522 sed
1406 1501 1453 1528 per
1469 1494 1577 1528 ellipsin
1592 1493 1657 1529 χρά,
1673 1498 1701 1520 et
1711 1493 1806 1524 herba,

982 1560 1004 1589 ο
1022 1543 1113 1578 potius
1128 1542 1192 1569 ποία
1208 1549 1289 1577 quam
1302 1541 1355 1567 ποὰ
1373 1540 1446 1567 dicta
1460 1544 1511 1567 est.
1530 1540 1615 1566 Ἀττα
1634 1539 1673 1566 ait
1685 1539 1738 1566 levi
1752 1540 1808 1575 spi-

1021 1590 1074 1617 ritu
1099 1587 1204 1620 scribi;
1229 1587 1276 1614 alii
1302 1586 1453 1614 secundum
1476 1586 1628 1621 signiﬁcata
1648 1585 1810 1614 accuratius

1019 1634 1241 1668 distinguentes,
1272 1631 1415 1667 spiritibus
1444 1631 1527 1658 etiam
1561 1632 1670 1658 variare
1700 1631 1807 1658 volunt.

1025 1680 1144 1707 Ἐλαύνω
1172 1680 1247 1714 fruor
1269 1678 1421 1713 irregulare
1449 1680 1595 1705 est:ante
1624 1676 1706 1704 ﬁnem
1733 1677 1807 1704 enim

1019 1727 1132 1754 verbum
1160 1728 1357 1753 consonantem
1388 1723 1513 1755 habens,
1544 1726 1572 1750 et
1603 1723 1631 1750 in
1657 1722 1808 1758 penultima

1019 1772 1124 1799 habens
1138 1770 1269 1806 syllabam
1290 1769 1316 1796 in
1331 1778 1365 1795 αυ
1383 1769 1569 1801 terminatam,
1589 1775 1730 1803 nunquam
1745 1776 1808 1804 gra-

1019 1823 1108 1845 vatur.
1125 1817 1247 1844 Duorum
1265 1816 1337 1843 enim
1355 1815 1473 1842 alterum
1488 1820 1540 1846 est,
1551 1814 1595 1842 vel
1610 1822 1710 1850 purum
1722 1813 1809 1849 Bary-

1020 1869 1126 1895 tonum,
1147 1862 1191 1890 vel
1208 1865 1406 1889 consonantem
1434 1860 1549 1891 habens,
1571 1859 1808 1891 circumﬂectitur.

1020 1914 1050 1937 ut
1065 1909 1144 1944 φαύω
1160 1909 1232 1936 unde
1246 1907 1365 1942 ἔφαυσε’
1382 1907 1496 1935 alterius
1507 1906 1663 1942 exemplum
1680 1905 1809 1941 ἀμαυρῶ,

1019 1961 1046 1983 et
1073 1955 1183 1983 similia.
1206 1953 1305 1981 Χαύνω
1332 1961 1386 1981 non
1412 1953 1481 1981 bene
1510 1956 1651 1988 gravatur.
1677 1952 1811 1980 Formant

1019 2006 1110 2029 autem
1126 2001 1250 2029 nonnulli
1267 2000 1371 2027 ἐλαύνω
1385 2000 1420 2027 ab
1433 1998 1495 2025 ἐλῶ.
1520 1998 1650 2026 Nonnulli
1665 2005 1731 2025 vero
1751 2001 1810 2024 uta

1019 2048 1059 2075 ϐὧ
1075 2048 1105 2075 tit
1129 2047 1224 2083 βαίνω,
1249 2046 1289 2073 sic
1313 2045 1391 2072 aiunt
1410 2044 1491 2072 etiam
1515 2045 1549 2071 ab
1573 2043 1636 2075 ἐλῶ,
1658 2043 1757 2070 ὲλαίνω
1771 2043 1811 2070 fa-

1019 2100 1105 2128 ctum,
1124 2099 1152 2122 et
1174 2092 1404 2122 transmutatione
1427 2091 1592 2126 diphthongi
1613 2090 1728 2117 ὲλάυνω.
1756 2088 1810 2116 Sed

1020 2142 1108 2169 solum
1123 2146 1165 2168 est
1178 2139 1293 2171 ἐλαύνω,
1309 2142 1336 2166 et
1352 2138 1413 2165 ideo
1429 2146 1478 2164 nec
1499 2137 1651 2172 regularem
1675 2135 1811 2171 coniuga-

1020 2187 1123 2213 tionem
1139 2185 1230 2216 habet,
1247 2182 1441 2211 heteroclitum
1458 2188 1577 2216 namque
1592 2185 1635 2208 est
1646 2180 1810 2216 perfectum.

177 2233 272 2267 μάτων
292 2233 432 2261 διείλοντο.
448 2234 509 2261 Ὅτι
532 2236 562 2261 τὸ
582 2236 700 2262 ἐλαύνω
724 2237 880 2271 παράλογόν
897 2237 965 2269 ἐστι,

1023 2234 1056 2260 ab
1079 2231 1167 2264 ἐλάζω
1185 2232 1258 2258 enim
1283 2229 1403 2263 ὲλήλακα
1432 2228 1575 2254 formatur.
1593 2226 1761 2261 Conjunctio
1781 2227 1811 2252 τὲ

174 2277 260 2312 φησί·
289 2279 343 2314 πρὸ
365 2279 459 2311 τέλους
480 2281 535 2315 γὰρ
559 2281 634 2315 ῥῆμα
658 2281 802 2316 σύμφωνον
826 2282 888 2317 ἕχον
919 2283 966 2309 καὶ

174 2324 388 2359 παραλήγουσαν
408 2326 458 2361 τήν
482 2335 521 2353 av
539 2327 600 2353 οὐδέ
621 2336 687 2354 ποτε
711 2328 870 2363 βαρύνεται.
887 2330 966 2355 Δυοῖν

174 2370 232 2406 γὰρ
250 2370 374 2406 θάτερον,
389 2372 405 2407 ἢ
422 2373 575 2409 καθαρεῦον
592 2373 740 2409 βαρύτονόν
758 2375 841 2407 ἐστιν,
862 2375 878 2410 ἢ
895 2376 965 2410 σύμ-

176 2424 267 2450 φωνον
282 2417 343 2451 ἕχον
356 2419 535 2452 περισπᾶται.
550 2419 603 2445 Τοῦ
625 2419 673 2454 μὲν
686 2420 774 2453 ψαύω
786 2420 806 2452 ³,
824 2421 920 2454 gaudeo,
937 2420 967 2453 ἐξ

176 2459 208 2488 οὗ
223 2462 272 2487 καὶ
286 2462 316 2488 τὸ
332 2463 465 2496 ἑραυσε·
480 2463 528 2490 τοῦ
547 2464 675 2500 δευτέρου
687 2465 716 2491 δὲ
727 2465 850 2499 ἀμαυρῶ
865 2467 913 2492 καὶ
931 2466 966 2493 τὰ

176 2508 271 2542 ὅμοια.
287 2508 324 2535 Τὸ
339 2509 368 2535 δὲ
382 2509 484 2544 χαὺνω
506 2510 670 2546 παραλόγως
696 2510 852 2545 βαρύνεται.
869 2512 968 2546 Τεχνο-

177 2553 291 2588 λογοῦσι
305 2554 334 2581 δὲ
349 2556 380 2582 τὸ
391 2556 509 2584 ἐλαύνω
523 2557 547 2583 οἰ
565 2557 615 2591 μὲν
629 2557 684 2584 ἀπὸ
698 2558 745 2584 τοῦ
760 2557 821 2584 ἐλῶ
844 2557 949 2585 ἐλαύνω
958 2565 965 2571 ·

1025 2278 1124 2313 532a
1146 2277 1203 2304 sola
1221 2279 1263 2303 est
1287 2274 1425 2304 enclitica,
1453 2273 1522 2300 forte
1538 2273 1602 2308 quia
1627 2279 1694 2299 voce
1715 2271 1810 2299 eadem

1023 2333 1085 2352 cum
1099 2323 1240 2358 expletivis
1255 2325 1380 2348 utuntur.
1396 2319 1496 2347 Aioles
1513 2327 1588 2353 vero,
1614 2319 1638 2347 si
1653 2318 1764 2354 quidem
1781 2323 1812 2345 ut

1025 2371 1208 2406 copulativam
1228 2369 1438 2404 assumpserint,
1453 2367 1580 2396 similiter
1595 2370 1627 2393 ut
1638 2372 1688 2393 nos
1700 2365 1731 2391 τὲ
1745 2364 1810 2392 eil'e—

1022 2422 1096 2445 runt.
1122 2416 1150 2444 Si
1166 2424 1231 2444 vero
1253 2416 1397 2450 expletive,
1417 2416 1444 2442 in
1469 2423 1484 2440 ο
1500 2417 1610 2441 vertunt
1625 2412 1768 2448 syllabam,
1784 2415 1812 2438 et

1021 2465 1051 2492 τὸ
1068 2465 1163 2492 dicunt
1176 2471 1225 2499 pro
1251 2463 1291 2490 τὲ.
1307 2462 1528 2497 Γλωσσοκομεῖον
1552 2460 1620 2496 (56‘)
1637 2459 1745 2495 proprie
1770 2462 1812 2485 est

1022 2519 1079 2544 vas,
1106 2511 1179 2546 quod
1199 2510 1307 2546 linguas
1331 2510 1462 2536 tibiarum
1491 2507 1613 2543 recipit:
1631 2506 1712 2534 hodie
1742 2512 1808 2532 vero

1021 2558 1165 2585 abutentes
1177 2557 1209 2584 ad
1225 2556 1396 2591 receptacula
1408 2555 1527 2582 aliarum
1542 2561 1633 2581 rerum
1650 2559 1809 2580 accommo—

818 2614 937 2643 VARl/E
956 2614 1162 2643 LECTIONES.

216 2672 240 2709 ξ’
253 2672 429 2708 τολμήματος
441 2673 461 2701 C
474 2682 481 2701 :
495 2675 558 2709 τελή
563 2683 648 2709 ματος
667 2683 696 2706 ς.

178 2708 203 2724 ³⁸
219 2708 295 2734 λαείν
316 2717 346 2740 ς.

179 2742 251 2778 ligor
263 2752 270 2770 :
285 2743 348 2771 libri
361 2742 457 2771 τέτελα
466 2742 505 2765 ‘—-
517 2742 650 2772 τετέλαθιζ

746 2674 770 2691 9⁸
783 2674 905 2693 πῆινῖλλυ
946 2674 966 2693 [ἶ
991 2684 998 2690 α

386 2674 461 2704 τοςῧ
474 2682 481 2701 :
495 2675 648 2709 τελήματος
667 2683 696 2706 ς.
746 2674 770 2691 ³⁸
783 2674 905 2700 ποικίλον
946 2674 966 2701 C
991 2684 998 2701 :
1026 2674 1158 2700 ποικίλων
1185 2682 1215 2705 ς’.
1266 2674 1289 2689 ⁸⁵
1306 2674 1371 2706 νεϐρ

384 2709 406 2745 _"
423 2710 680 2745 ἐμφατικωτέραπιυ
697 2718 704 2736 :
720 2709 989 2745 spentxu’nspws.
1009 2709 1031 2725 ³³
1045 2710 1093 2745 καί
1101 2709 1148 2745 τοῦ
1159 2708 1179 2736 C
1195 2718 1201 2735 :
1218 2708 1327 2745 coquat
1344 2716 1374 2739 ς.

690 2746 699 2760 ¹
718 2743 795 2780 φησὶ]
811 2753 846 2772 an
874 2743 1021 2780 Κυψέλουῖ
1057 2745 1068 2760 ³
1081 2743 1161 2779 ψαύω
1177 2744 1240 2772 add.
1256 2744 1286 2772 C.

1266 2673 1289 2689 ⁸⁵
1306 2671 1402 2706 νεϐρὸν
1435 2671 1570 2699 Meursius
1589 2680 1596 2699 :
1613 2670 1673 2706 libri
1696 2666 1809 2706 Avi???“-

1026 2673 1158 2700 ποικίλων
1185 2682 1215 2705 ς’.
1266 2673 1289 2689 ⁸⁵
1306 2673 1402 2706 νεϐρὸν
1435 2673 1570 2699 Meursius
1589 2680 1596 2699 :
1613 2673 1673 2698 libri
1703 2673 1809 2701 νεκρᾱν.

1026 2709 1031 2725 ³
1045 2709 1148 2735 καὶτοῦ
1159 2708 1179 2735 C
1195 2718 1201 2735 :
1218 2708 1264 2735 τοῦ
1280 2710 1327 2735 καὶ
1344 2716 1374 2735 ς.
1419 2707 1441 2723 ³³
1456 2709 1548 2735 τέτλα.
1588 2707 1595 2723 ¹
1612 2703 1721 2733 τέτλαθι
1742 2704 1809 2729 Sca—

940 2811 1056 2840 NOT/E.

217 2869 275 2903 (56)
288 2869 370 2897 Κύων
383 2869 429 2905 ἔχε
444 2868 564 2896 ποικίλον
580 2867 665 2895 ἔλλον.
682 2868 778 2903 Odyss.
791 2867 822 2895 T.

1062 2867 1134 2902 (36")
1153 2867 1220 2895 Vide
1233 2867 1415 2902 Phrynichum
1434 2873 1496 2901 pag.
1511 2865 1552 2892 l7.
