1959 3081
122 161 173 194 313

619 160 882 192 BlBLlOTHECA.
903 173 937 179 -
949 161 1030 192 COD.
1049 162 1224 194 CCLXXIX.

1701 157 1755 191 3M

122 219 254 251 πολλάκις
266 217 364 254 ἠΐθεοι.
374 217 489 252 Ῥύψαι⁹
503 217 532 244 δέ
547 218 685 253 σημαίνει.
699 218 877 252 Βρενθύεται
891 217 913 233 ¹⁰
931 217 961 244 δέ
981 217 1045 253 [870
1062 217 1109 254 IL]
1145 219 1176 245 τὸ
1206 217 1444 250 ἀλαζονεύεταιθί.
1460 215 1559 250 Γέγονε
1584 215 1613 243 δὲ
1635 216 1689 242 ἀπὸ
1705 218 1753 244 τοῦ

123 266 259 302 βρένθιον,
276 265 290 292 ό
307 265 365 291 ἐστι
389 264 488 300 μύρον·
513 266 538 292 ot
552 265 607 300 γὰρ
622 263 846 300 ἀλαζονευόμενοι
865 263 913 290 καὶ
933 263 1124 300 βρενθυόμενοι
1142 264 1221 299 μύρῳ
1235 264 1385 299 χρῆσθαι¹¹
1400 262 1552 290 εἰώθεισαν.

160 315 223 341 Ὀτι
248 313 342 349 μύρων
361 313 430 348 εῐδη,
453 312 531 348 φησὶ,
557 311 751 348 βακκάριος¹¹,
779 311 912 347 ναρκίτα-

997 311 1206 347 Unguentorum
1229 313 1335 346 species
1359 315 1424 339 sunt
1446 309 1588 341 Bacarius,
1613 308 1752 336 Narclsta-

123 359 211 391 veg“,
225 358 341 393 στάκτη,
363 357 537 391 πλαγγόνιον,
559 358 628 393 ὅπερ
647 353 710 393 εὗρε
727 356 798 391 γυνὴ
819 356 913 383 Ἦλεία

123 403 279 439 καλουμένη
297 403 470 437 Πλάγγωνίδ,
499 402 680 437 μεταλείονη,
699 402 768 436 ὅπερ
779 399 842 436 εὗρε
858 401 914 428 Μέ-

123 450 203 482 mlo;
216 450 239 465 "
265 449 457 484 Συρακούσιος.
483 448 564 485 [1588
576 447 624 484 3.]
637 448 699 475 Ὀτι
724 447 800 484 παρὰ
822 447 912 482 Εὐφο-

126 497 203 532 ρίωνι
223 496 263 532 τῷ
285 496 366 531 φύσει
392 495 442 530 μιν
464 495 602 528 Χαλκιδεῖ,
629 494 702 522 θέσει
717 494 745 520 δὲ
766 494 912 529 Ἀθηναίῳ,

124 542 294 578 κακοζήλους
307 542 382 568 ἐστιν
397 542 486 576 εὑρεῖν
502 541 600 574 λέξεις.
615 541 670 567 Καὶ
686 540 740 575 γὰρ
754 540 800 566 τὸν
808 539 914 567 Ἰάσονα

124 588 260 623 ναυαγὸν
273 586 361 620 εἶπεν,
376 587 446 622 ὅπερ
461 587 493 613 οὐ
509 587 715 622 νεναυαγηκότα
730 585 842 622 μᾶλλον,
869 587 914 613 τὸν

124 634 153 661 δὲ
168 633 235 661 ναῦν
253 634 355 668 ἄγοντα
369 633 460 669 δηλοί-
475 633 522 660 καὶ
543 633 590 660 τὸν
613 632 647 659 τὰ
660 634 751 668 χρυσᾶ
768 633 844 668 μῆλα
858 632 914 659 τῶν

130 679 298 714 Ἐσπερίδων
313 679 487 714 φρουροῦντα
495 678 517 695 ¹⁸
532 679 594 713 ὅφιν
607 679 761 713 κηπουρὸν
776 678 912 714 ὠνόμασε.

125 724 306 760 Παρεζὶμωσε
319 725 349 751 δὲ
363 724 410 751 τὸν
424 725 534 760 πρῶτον
557 725 696 751 Διονύσιον
718 724 764 751 τὸν
788 724 914 756 Σικελίας

123 769 266 805 τύραννον,
280 769 309 801 ὃς
326 769 379 796 ὑπὸ
391 769 442 804 τῆς
457 769 583 801 ἐξουσίας
596 770 644 797 καὶ
659 769 714 796 τῶν
727 768 852 796 κολάκων
866 769 915 796 καὶ

124 815 176 850 τῆς
197 815 306 851 τρυφῆς
329 815 555 851 διαφθειρόμενος
577 815 740 851 ἐπεχείρησε
757 815 805 842 καὶ
829 822 915 850 τραγ-

125 861 208 896 ῳδίας
230 861 360 897 γράφειν,
384 862 414 888 ὲν
428 858 472 892 αἷς
486 860 535 889 καὶ
546 860 660 888 τοιαῦτα
681 861 849 896 συνεφόρησε
869 862 916 896 ῥή-

128 915 213 942 ματα,
227 907 260 933 τὸ
278 907 327 942 μὲν
343 907 487 934 ἀκόντιον
508 906 601 934 καλῶν
619 907 801 940 βαλάντιον,
817 907 864 934 τὸν
885 907 915 935 δι

125 952 222 980 κάδον
244 952 415 987 ἐλκύδριον,
437 953 613 986 σκέπαρνον
635 952 665 979 δὲ
689 953 720 979 τὺ
743 952 837 987 ἔριον,
862 953 912 988 τὴν

124 998 154 1025 δὲ
166 998 297 1033 χλαῖναν
309 999 439 1033 ἐριώλην
455 996 510 1025 οἷον
526 999 636 1042 όλεθρον
653 992 738 1026 ὸῦσαν
751 998 806 1025 τῶν
821 999 912 1034 ἐρίων,

125 1045 174 1070 καὶ
194 1043 280 1071 πολλὰ
302 1043 416 1071 τοιαῦτα
441 1044 641 1079 καταγέλαστα.
656 1044 747 1072 ’Ὀτιὸ
760 1044 810 1079 τῆς
837 1044 914 1076 θυῖας

125 1089 238 1125 τρισεὺς
251 1089 356 1122 δοῖδυξ
372 1089 422 1125 μὲν
438 1090 516 1126 παρὰ
528 1091 585 1122 τοῖς
592 1091 726 1122 Ἀττικοῖς
740 1090 913 1125 ὀνομάζεται,

126 1135 324 1170 ἁλετρίϐανος
336 1135 366 1162 δὲ
379 1135 456 1171 παρὰ
470 1137 503 1171 τῇ
520 1135 660 1172 συνηθείᾳ,
678 1135 726 1163 καὶ
739 1135 816 1162 οὐδὲν
833 1132 916 1171 ἦττον

126 1182 204 1216 παρὰ
221 1181 391 1216 Ἀθηναίοις·
408 1181 544 1213 Διονύσιος
558 1181 587 1208 δὲ
613 1182 628 1208 6
652 1181 852 1217 προειρημένος
866 1180 915 1207 τύ-

129 1235 226 1261 ραννος
238 1226 371 1261 θυέστην
397 1227 444 1254 τὸν
463 1226 590 1254 δοίδυκα
602 1227 707 1254 ἐκάλει.
724 1227 844 1258 Εἰκότως
861 1227 916 1263 ἄρα

126 1273 179 1308 τῆς
193 1273 248 1300 τῶν
262 1273 391 1300 τοιούτων
412 1274 572 1309 ἀκροάσεως
593 1273 644 1305 τὰς
663 1273 797 1309 λατομίας
814 1274 916 1309 μᾶλλον

127 1320 222 1356 ᾑρεῖτο
234 1319 384 1352 Φιλόξενος.
401 1319 463 1346 Ὅτι
484 1320 510 1346 οι
534 1320 654 1355 κωμικοὶ
675 1319 739 1350 τοὺς
757 1319 866 1350 οἰκέτας
886 1318 917 1346 τὸ

130 1366 180 1400 μὲν
204 1365 286 1392 πλέον
310 1366 365 1392 ἀπὸ
391 1365 438 1393 τοῦ
472 1365 568 1400 γένους
589 1365 722 1398 ἐκάλουν,
750 1363 807 1392 οἷον
831 1365 917 1401 Σύρον

128 1412 262 1447 Καρίωνα
284 1412 372 1439 Μίδαν
396 1411 482 1439 Γέταν
506 1412 555 1439 καὶ
587 1412 654 1439 τὰ¹⁹
676 1412 773 1447 ὅμοια,
802 1411 918 1439 ἐκάλουν

127 1456 156 1483 δὲ
177 1457 226 1484 καὶ
249 1457 282 1484 τὰ
304 1457 334 1490 ἐξ
352 1457 496 1490 ἐπιθέτων,
523 1457 561 1488 ὥς
575 1457 630 1484 ἀπὸ
643 1457 690 1484 τοῦ
707 1457 852 1493 χρώματος
868 1457 918 1492 μὲν

128 1503 253 1539 Πυρρίαν
266 1504 313 1530 καὶ
328 1503 462 1536 Ξανθίαν,
487 1503 541 1530 ἀπὸ
564 1502 613 1530 τοῦ
634 1503 736 1538 τρόπου
760 1503 789 1530 δὲ
807 1503 918 1538 Παρμέ-

127 1557 201 1575 νωνα
217 1549 264 1576 καὶ
276 1549 374 1576 Πιστὺν
388 1550 436 1576 καὶ
449 1550 592 1585 Δρόμωνα.
611 1550 742 1577 Ἐκάλουν
756 1550 785 1576 δὲ
799 1549 846 1576 καὶ
863 1549 919 1576 ἀπὸ

127 1595 178 1630 τῆς
197 1595 304 1630 ἡμέρας
326 1595 356 1622 ἐν
416 1596 556 1632 ὠνήσαντο
577 1596 623 1623 τὸν
636 1596 756 1631 οἰκέτην,
780 1595 810 1628 ἐξ
824 1592 854 1622 οὗ
871 1596 919 1624 καὶ

127 1641 192 1673 τοὺς
205 1641 363 1677 Νουμηνίας
385 1642 537 1677 ὠνόμαζον.
559 1643 620 1669 Ὀτι
647 1644 723 1678 τρεῖς
749 1643 919 1679 ἱστοροῦνται

127 1686 285 1722 φθειριάσει
308 1687 444 1715 τεθνάναι·
473 1688 532 1715 ἐστι
547 1688 575 1715 δὲ
594 1689 625 1715 τδ
651 1689 758 1724 νόσημα
790 1689 839 1724 μὲν
864 1689 920 1716 τῶν

128 1732 261 1766 σπανίων,
275 1733 380 1768 γίνεται
393 1733 423 1760 δέ
437 1733 502 1761 ὅταν
523 1735 564 1766 είς
579 1733 694 1770 φθεῖρας
708 1734 828 1770 ἁναλυθῇ
846 1734 921 1762 ἅπαν

127 1778 159 1805 τὸ
174 1778 265 1812 σῶμα.
292 1779 372 1806 Ἀλλὰ
395 1779 450 1806 τῶν
465 1781 498 1806 ἐκ
519 1780 569 1814 τῆς
584 1780 663 1807 νόσου
688 1780 791 1815 ταύτης
805 1781 920 1807 τεθνεώ-

127 1832 182 1850 των
196 1824 251 1851 τῶν
266 1825 316 1860 μέν
333 1825 429 1862 ἡρώων
443 1826 579 1858 Ἀκαστός
593 1827 668 1853 ἐστιν
679 1826 694 1853 6
710 1827 808 1854 Πελίου
823 1849 831 1862 ,
856 1827 919 1854 δεύ-

128 1877 206 1906 τερος
220 1871 235 1896 6
250 1871 336 1906 Σύρος
347 1871 370 1887 ²⁰
386 1871 551 1908 Φερεκύδης,
571 1873 586 1899 ό
603 1872 652 1907 τὴν
663 1873 840 1908 γενεαλογίαν
855 1882 920 1908 συγ-

127 1916 254 1952 γράψας,
269 1917 301 1944 ὃν
317 1918 367 1944 καὶ
385 1918 494 1953 λέγουσι
520 1919 638 1953 γενικῶς
649 1919 671 1934 ’ί
699 1918 749 1955 τὴν
777 1920 920 1955 συμφορὰν

129 1961 274 1995 ἐνεγκεῑνο
288 1963 380 1999 τρίτος
403 1965 418 1991 6
440 1964 583 2000 Ῥωμαίων
608 1964 739 1996 πολλάκις
765 1964 921 1998 ὑπατεύσας

129 2007 245 2040 Σύλλας,
263 2008 313 2043 ἤδη
325 2009 428 2045 σφόδρα
441 2010 556 2046 γηραιὸς
575 2009 622 2042 ὢν,
638 2009 668 2041 ὃς
679 2010 703 2026 ’⁸
715 2010 762 2036 καὶ
784 2009 922 2046 Ἐπαφρό-

129 2055 201 2087 διτος
214 2056 260 2083 διὰ
274 2057 323 2093 τὴν
333 2057 418 2093 τύχην
430 2058 631 2094 ἐπωνομάζετο.
641 2058 704 2085 Ὅτι
718 2057 923 2093 ἀναλογώτερον

129 2103 192 2129 ἀντὶ
216 2102 267 2137 μὲν
284 2103 334 2138 τῆς
347 2104 392 2136 είς
416 2103 572 2139 προθέσεως
599 2104 630 2130 τὸ
642 2103 675 2138 ἐς
689 2103 789 2138 λέγειν,
805 2103 867 2131 ἀντὶ
891 2104 921 2130 δὲ

129 2147 182 2183 τῆς
195 2148 232 2181 ἐξ
247 2148 277 2175 τὺ
291 2149 336 2176 ὲκ·
345 2150 422 2177 πᾶσα
435 2150 490 2185 γὰρ
499 2150 628 2186 πρόθεσις
650 2150 922 2186 βραχυκαταληκτεϊν

131 2193 223 2222 θέλει.ῖ
234 2194 303 2222 Ἀλλ’
320 2195 413 2231 ἔτερος
426 2196 507 2223 πάλιν
516 2196 595 2230 λόγος
607 2195 657 2232 τὴν
670 2196 705 2223 ἐκ
717 2196 805 2228 ξενίας
819 2196 922 2223 διώκει·

130 2239 246 2275 οὐδεμία
261 2241 316 2277 γὰρ
333 2242 409 2277 παρὰ
429 2242 563 2274 ’Δττικοῖς
584 2242 657 2274 λέξις
670 2243 710 2274 είς
723 2251 742 2269 κ
760 2242 922 2278 καταλήγει.

963 364 1027 385 nus.
1045 358 1148 389 Stacte,
1166 356 1348 391 Plangonion,
1369 355 1442 391 quod
1455 354 1560 382 invenit
1575 354 1674 381 mulier
1688 353 1752 381 Elea

963 404 1084 436 nomine,
1105 404 1238 439 Plangon,
1265 403 1421 435 Metaleum,
1436 402 1511 437 quod
1536 401 1651 428 Metalus
1669 401 1752 436 Syra-

964 451 1056 478 cusius
1070 451 1180 485 reperit.
1201 450 1277 485 Apud
1293 449 1497 484 Euphorionem
1518 448 1624 483 origine
1646 447 1752 474 (Ihalei-

964 497 1088 528 densent,
1115 497 1233 524 incolam
1252 504 1316 523 vero
1335 496 1544 525 Atheniensem,
1567 501 1622 521 non
1643 494 1755 520 imitan-

964 542 1013 570 das
1037 549 1118 570 voces
1139 542 1203 569 licet
1229 542 1361 577 reperire.
1383 540 1452 568 Nam
1478 540 1607 568 Jasonem
1634 539 1754 573 ναύαγον

964 587 1044 620 dixit,
1068 588 1140 622 quod
1162 595 1215 615 nott
1243 592 1299 614 tam
1323 585 1459 622 signiﬁcat
1479 585 1653 621 naufragum,
1669 593 1751 619 quam

965 641 1061 661 navem
1080 638 1230 668 regentem,
1249 639 1277 661 et
1295 638 1447 667 serpentem
1464 640 1547 659 aurea
1564 632 1637 658 mala
1650 630 1752 666 Hespe-

964 679 1054 706 ridttm
1073 678 1217 711 ferentem,
1233 678 1380 714 Κηπουρὺν
1397 677 1560 705 nominavit.
1573 676 1641 704 Male
1659 680 1752 703 autem

964 724 1110 752 aemulatus
1133 728 1176 751 est
1199 724 1319 758 primum
1345 722 1504 758 Dionysium
1532 722 1633 749 Siciliae
1658 726 1752 756 tyran-

965 777 1042 802 num,
1067 771 1113 805 qui
1137 769 1246 798 licentia
1271 769 1456 801 adulatorum,
1485 772 1512 796 et
1527 767 1634 795 deliciis
1657 774 1753 794 corru-

965 820 1038 852 ptus,
1053 817 1137 851 cepit
1150 816 1298 852 tragmdias
1311 816 1432 844 scribere
1451 814 1520 849 (39),
1541 815 1568 841 in
1584 813 1684 849 quibus
1702 813 1752 840 itas

965 870 1047 890 voces
1068 862 1217 897 congessit,
1234 862 1361 889 ἀκόντιον
1382 868 1484 889 vocans
1500 860 1653 896 βαλάντιον,
1671 859 1753 886 κάδον

963 914 1029 934 vero
1046 907 1186 943 ὲλκύδριον
1205 907 1360 942 σκέπαρνον
1389 906 1473 941 ἔριον,
1498 906 1611 941 χλαῖναν
1632 905 1751 941 ἐριόλην,

965 957 996 980 ut
1016 962 1079 989 qua
1103 953 1187 981 fuerit
1211 953 1346 988 pernicies
1370 952 1506 984 lanarum,
1531 957 1558 980 et
1581 953 1643 979 talia
1667 951 1752 978 multa

965 1000 1091 1029 ridicula.
1107 999 1228 1026 Hortarii
1250 998 1384 1033 pistillum
1404 998 1473 1034 (40),
1489 998 1578 1031 δοῖδυξ
1601 998 1636 1024 ab
1654 997 1752 1024 Atticis

965 1052 1090 1081 vocatur,
1115 1046 1293 1082 ἁλετρίϐανος
1316 1053 1381 1073 vero
1404 1045 1590 1073 communiter
1614 1049 1642 1072 et
1662 1043 1753 1071 Attice

966 1096 1076 1124 dicitur.
1102 1093 1251 1129 Dionysius
1279 1101 1344 1120 vero
1364 1098 1518 1128 tyrannus,
1544 1093 1578 1120 de
1608 1100 1664 1128 qtto
1691 1096 1754 1119 ante

965 1142 1067 1170 dictum
1091 1144 1144 1174 est,
1166 1140 1275 1167 δοίδυκα
1297 1143 1377 1167 vocat
1399 1139 1526 1175 θυέστην.
1552 1138 1648 1166 Merito
1669 1138 1754 1173 igitur

966 1187 1067 1215 maluit
1093 1186 1126 1214 ad
1154 1186 1284 1213 latomias
1311 1185 1436 1212 damnari
1460 1184 1648 1216 Philoxenus,
1669 1191 1753 1218 quam

966 1233 1031 1260 talia
1046 1232 1142 1260 audire
1158 1232 1224 1267 (Η).
1240 1231 1346 1258 Comici
1362 1231 1522 1266 plerumque
1540 1230 1627 1257 servis
1642 1229 1754 1256 notnina

967 1287 982 1306 a
997 1278 1081 1306 natali
1097 1278 1157 1305 solo
1173 1277 1280 1310 indunt,
1298 1281 1327 1304 ιιι
1342 1277 1454 1312 Syrum,
1466 1275 1623 1309 Carionem,
1641 1275 1755 1307 Midam,

967 1324 1074 1355 Getam,
1090 1329 1118 1352 et
1143 1324 1264 1352 similia:
1281 1323 1377 1358 partim
1401 1331 1434 1350 ex
1458 1322 1608 1357 adiunctis,
1628 1327 1658 1349 ut
1679 1329 1694 1349 a
1708 1329 1757 1349 co-

966 1371 1025 1398 lore
1050 1369 1160 1404 quidem
1183 1367 1297 1404 Pyrriatt
1336 1373 1363 1395 et
1394 1367 1531 1394 Xanthian
1559 1375 1568 1394 ε
1591 1373 1606 1393 a
1634 1365 1756 1393 moribus

968 1417 1168 1444 Parmenonem
1182 1434 1190 1447 ,
1214 1414 1331 1445 Pistum,
1356 1413 1522 1440 Dromonem
1540 1421 1546 1439 :
1562 1412 1625 1439 item
1648 1417 1677 1438 a'
1694 1411 1756 1442 die.

969 1470 1024 1498 quo
1043 1465 1151 1495 etnptus
1166 1463 1209 1488 est
1227 1467 1326 1487 servus
1342 1468 1349 1486 :
1366 1458 1439 1486 unde
1455 1462 1482 1485 et
1499 1457 1598 1493 533a
1607 1456 1757 1484 Numenius

968 1511 1079 1536 vocant.
1106 1507 1174 1535 Tres
1200 1506 1331 1534 dicuntur
1355 1505 1514 1540 pltthiriasi,
1542 1505 1569 1531 id
1597 1509 1638 1531 est
1660 1503 1758 1530 morbo

969 1554 1120 1590 pediculari
1147 1552 1249 1580 mortui
1272 1559 1334 1580 esse
1357 1558 1580 1586 :perpaucorum
1617 1550 1688 1577 enim
1714 1549 1759 1576 hic

971 1599 1095 1628 morbus.
1112 1598 1155 1626 Fit
1178 1602 1270 1626 autem
1289 1604 1352 1625 cum
1377 1601 1462 1624 tot'nm
1483 1603 1584 1631 corpus
1603 1596 1629 1623 itt
1644 1595 1758 1631 pedicu-

971 1646 1013 1674 los
1037 1645 1194 1677 resolvitur,
1222 1644 1269 1672 sed
1294 1651 1326 1671 ex
1352 1643 1496 1674 heroibus,
1522 1642 1567 1677 qui
1592 1642 1644 1669 ltoc
1664 1642 1761 1669 morlto

974 1689 1102 1718 exstincti
1119 1692 1194 1721 sunt,
1209 1693 1251 1716 eet
1272 1687 1390 1716 Acastus
1404 1686 1486 1715 Pelia).
1499 1686 1573 1714 ﬁlius
1591 1695 1598 1713 :
1619 1686 1758 1714 secundus

973 1735 1137 1763 Pherecides
1160 1734 1257 1770 Syrus,
1285 1734 1332 1769 qui
1360 1732 1553 1768 Genealogiam
1585 1732 1759 1767 conscripsit,

973 1789 1053 1817 quem
1073 1784 1102 1808 et
1115 1780 1193 1808 aiunt
1206 1780 1242 1808 ab
1260 1784 1321 1807 ortu
1342 1780 1396 1807 hoc
1416 1778 1678 1807 malumltabuisse.
1694 1777 1762 1805 Ter—

972 1828 1028 1856 tius
1043 1827 1231 1855 Romanorum
1253 1834 1325 1861 saepe
1346 1825 1444 1853 consul
1460 1825 1534 1861 Sylla
1545 1825 1600 1859 jam
1617 1832 1710 1857 senex,
1732 1828 1763 1852 ut

971 1874 1054 1902 etiam
1079 1873 1155 1901 Felix
1172 1877 1284 1909 propter
1305 1872 1442 1900 fortunam
1465 1872 1554 1899 dictus
1575 1871 1611 1899 sit
1628 1871 1696 1906 (4‘2).
1719 1870 1763 1902 Ἐς

972 1920 1072 1948 melius
1094 1920 1245 1947 secundum
1268 1919 1422 1954 analogiam
1443 1926 1526 1954 quant
1546 1917 1704 1953 pra-.positio
1722 1918 1763 1949 είς

972 1967 1084 2000 dicitur,
1109 1971 1137 1994 et
1154 1968 1188 1994 ἐκ
1208 1975 1291 2002 quam
1318 1966 1360 1998 ἐξ.
1384 1965 1481 1993 Omnis
1508 1965 1581 1993 enim
1605 1963 1763 2000 praepositio

974 2013 1071 2040 ultima
1085 2013 1162 2041 brevi
1180 2017 1232 2040 est.
1249 2011 1301 2040 Sed
1324 2012 1377 2040 alia
1390 2016 1486 2039 contra
1505 2010 1576 2038 ratio
1595 2010 1628 2036 ὲκ
1642 2009 1763 2045 peregri-

974 2059 1095 2087 nationis
1108 2064 1230 2087 accusat.
1245 2058 1325 2086 Nulla
1341 2057 1415 2086 enim
1431 2065 1483 2086 vox
1500 2056 1570 2091 apud
1586 2055 1691 2083 Atticos
1705 2055 1733 2083 in
1744 2063 1762 2082 κ

973 2105 1084 2133 desinit.
1107 2105 1256 2142 Κυθνῶλης
1275 2105 1448 2132 calamitosus
1464 2111 1513 2138 per
1526 2102 1542 2129 λ
1563 2101 1696 2133 scribunt,
1714 2101 1763 2130 sed

973 2158 1029 2178 non
1042 2158 1092 2186 per
1111 2151 1136 2178 δ.
1159 2150 1238 2186 Apud
1262 2151 1350 2184 Argos
1366 2149 1439 2177 enim
1465 2147 1541 2183 regio
1562 2146 1699 2182 Cytltnlon
1714 2153 1763 2173 v0-

974 2201 1058 2230 cata,
1089 2196 1169 2231 cujus
1193 2197 1267 2224 viros
1293 2196 1358 2224 olim
1385 2194 1569 2230 Amphytrton
1607 2192 1763 2224 interfecit,

973 2242 1095 2277 exceptis
1107 2243 1255 2270 admodum
1268 2243 1373 2278 paucis.
1389 2240 1574 2268 Mercenarius
1588 2238 1624 2266 ab
1639 2238 1701 2266 aliis
1715 2238 1764 2275 θὴς

790 2298 907 2326 νΑιιιΑς
925 2298 1072 2326 LECTION
1077 2298 1130 2326 ES.

169 2341 181 2356 '
200 2340 331 2375 φοιτίζειν
344 2341 386 2370 his
403 2343 559 2377 ponendum
586 2350 647 2371 esse
670 2343 756 2378 liquet
775 2350 808 2370 ex
836 2342 926 2378 Etym.
951 2343 984 2371 M.

169 2376 193 2409 ςὴ
205 2395 273 2412 ......
289 2378 337 2403 καὶ
350 2378 431 2410 τὰ...,
454 2377 534 2405 Roth.
554 2386 630 2410 vero,
648 2386 709 2412 quae
724 2379 765 2405 ὃτι
779 2378 811 2412 νὴ
827 2378 860 2404 δί’
873 2382 937 2405 ante
954 2379 989 2412 ἀγ

991 2388 1007 2405 α

133 2375 193 2413 νιδὴ
289 2378 337 2413 καὶ
350 2375 431 2410 τὰ..⁷.,
454 2377 534 2405 Roth.
554 2386 630 2410 vero,
648 2375 709 2412 quae
724 2379 765 2405 ὃτι
779 2378 811 2413 νὴ

1009 2351 1037 2404 ὃ).
1061 2343 1112 2375 65,
1141 2343 1194 2383 ξι,
1223 2344 1341 2387 addunt-
1364 2342 1477 2385 Hmsclt.
1504 2347 1531 2371 et
1555 2343 1659 2370 Genev.
1690 2342 1765 2385 61c...

1025 2379 1050 2404 οὶ
1086 2383 1172 2404 nontt.
1189 2379 1281 2404 καὶτὰ
1297 2379 1372 2404 éc-nc.
1412 2378 1434 2394 ⁸⁰
1448 2378 1541 2404 ὸυώαι.
1581 2380 1601 2395 ¹¹
1620 2378 1711 2404 Saevi).
1726 2375 1765 2404 οέΙ

1025 2379 1050 2405 οὶ
1086 2379 1172 2413 ponit,
1186 2375 1235 2405 καὶ
1247 2379 1281 2405 τὰ
1297 2378 1372 2413 ἑξῆς.
1412 2378 1434 2394 ⁸⁰
1447 2378 1541 2413 ρύψαι.
1581 2380 1601 2395 ¹¹
1620 2378 1711 2413 βρενο.
1726 2375 1767 2411 δέΙ

132 2410 175 2437 ὅτι
188 2411 266 2449 χλίδη
277 2411 326 2449 μὲν
339 2413 357 2449 ῂ
371 2413 472 2448 τρυφὴ,
489 2413 537 2440 καὶ
553 2413 644 2448 βρενθ.
658 2410 686 2440 δὲ
701 2410 828 2448 σημαίνει
844 2413 894 2448 μὲν
909 2421 960 2440 nts.
978 2410 1093 2449 Meurs,‘
1121 2414 1142 2429 “
1160 2414 1286 2448 χρίεσθαι
1303 2410 1392 2449 Etym.
1408 2410 1566 2448 M.'p.'2l‘2,
1579 2410 1624 2440 51.-
1639 2410 1645 2413 ’
1663 2413 1683 2449 ¹ξ
1700 2414 1767 2449 βάκ-ς

235 2444 266 2477 (Ἰᾷ
279 2444 469 2489 βακᾶριόςςί
486 2449 526 2489 "‘_
533 2444 707 2489 νὰρκίσσινον
718 2444 877 2489 Kleurslttélt.
903 2449 933 2489 ‘3‘
943 2448 1087 2489 Πλέιγγων]
1114 2444 1266 2489 πλάνωνέὶ.
1287 2484 1293 2489 _
1304 2449 1325 2464 ¹⁶
1338 2444 1478 2489 μεταλεῖον
1498 2464 1532 2469 —
1546 2448 1680 2489 Μεταλος]
1698 2444 1768 2489 ἶνιιιι

134 2480 230 2518 plures
245 2480 391 2518 scrjplores
405 2480 556 2517 Μεγαλείον
570 2480 605 2504 '—
619 2484 754 2518 Μεγάλος.

135 2514 347 2583 ἓξρρίρρεέὤντα
371 2517 412 2545 C:
433 2514 567 2554 φοροῦντα
585 2527 616 2551 ςι.
654 2514 676 2535 ¹δ
686 2520 720 2546 τὰ
736 2514 810 2547 νοὼί.
835 2518 867 2546 C.

173 2571 181 2577 .
226 2569 238 2582 ν
277 2570 286 2578 .

810 2484 830 2499 ¹⁷
849 2482 934 2519 θέσει]
962 2484 997 2510 cf.
1028 2482 1141 2514 tlleiitek,
1166 2485 1200 2510 de
1226 2482 1410 2519 Euphorionis
1434 2485 1487 2512 vite
1515 2490 1542 2511 et
1565 2482 1680 2515 scriptis
1701 2483 1767 2514 p.51.

835 2518 867 2546 C.
917 2519 938 2534 ¹¹³
953 2519 1050 2553 Σύρος.
1093 2520 1114 2534 ¹¹
1129 2518 1257 2553 γενικῶς]
1288 2520 1342 2546 iuto
1369 2519 1465 2553 Σύριος
1485 2535 1514 2539 -
1529 2520 1656 2553 γενναίω.
1702 2519 1724 2534 ²¹
1740 2518 1767 2549 ὃς

1026 2538 1050 2551 ,.

1093 2520 1114 2534 "
1129 2518 1257 2555 γενικῶς]
1271 2518 1275 2519 ⁷
1288 2520 1342 2546 imo
1369 2519 1465 2555 Σύριος
1485 2535 1514 2539 -
1529 2520 1656 2554 γενναίω.
1702 2519 1724 2534 ²¹
1740 2518 1770 2549 ὃς

888 2620 1004 2648 NOTAE.

175 2667 232 2702 (39)
252 2667 347 2704 Cicero
371 2667 651 2704 Tusculanapoetam
672 2669 796 2696 nominat
819 2668 919 2704 Diony-
936 2669 958 2696 ι)
973 2669 1026 2701 ait;
1045 2668 1224 2696 Pltiloxenum
1248 2670 1343 2697 eadem
1360 2669 1393 2697 de
1408 2678 1489 2697 causa
1516 2669 1548 2696 ad
1571 2669 1695 2697 latomias
1715 2670 1765 2696 da-

135 2703 207 2730 sium
220 2702 362 2736 majorem.
374 2703 518 2730 Athenaeus
527 2703 572 2731 lib.
587 2712 624 2731 IL
635 2706 814 2738 Δειπνοσοφ.
824 2702 918 2731 versus

136 2738 198 2772 ejus
220 2738 331 2772 exponit
352 2746 385 2765 ex
411 2739 545 2774 Adonidc.
568 2739 732 2766 Plutarchus
754 2746 862 2774 quoque
887 2740 920 2766 de

133 2773 283 2804 Alexandri
299 2774 401 2800 virtute
420 2773 492 2800 hunc
506 2782 539 2801 ex
560 2775 689 2809 tragtcdia
711 2775 832 2809 Dionysii
857 2782 919 2800 ver-

136 2816 198 2836 sum
220 2813 364 2835 memorat:
383 2809 415 2835 Ἢ
428 2809 482 2843 γὰρ
491 2809 617 2843 τυραννὶς
628 2809 735 2840 ἀδικίας
750 2810 840 2844 μήτηρ
854 2809 916 2843 ἔφυ.

137 2844 188 2875 Qui
208 2847 237 2871 et
259 2844 426 2878 Antiphonta
448 2848 596 2875 oratorem.
612 2848 641 2871 ut
659 2844 768 2878 quidam
785 2846 916 2875 referunt,

139 2879 212 2911 quod
241 2879 391 2915 tragoedias
413 2879 473 2915 ejus
498 2878 718 2914 reprehenderet,
742 2879 914 2907 interiectum

978 2709 1118 2741 ntttatuntr;
1143 2704 1363 2741 atque/Esrhyli
1386 2705 1491 2741 Tragici
1510 2705 1623 2732 tabellas
1638 2713 1767 2732 coemere

976 2740 1085 2766 solitum
1102 2740 1193 2768 iocatu
1199 2748 1211 2766 r
1226 2739 1374 2768 Luciattits.

1010 2774 1066 2807 (40)
1086 2774 1152 2801 Vide
1168 2775 1348 2802 Giessarium.

1010 2810 1066 2844 (4t)
1088 2809 1124 2837 De
1146 2810 1197 2837 ltoc
1213 2811 1332 2845 Dionysii
1357 2818 1467 2839 carcere
1490 2809 1587 2837 Cicero
1601 2809 1617 2834 7
1643 2809 1716 2836 Verr.
1733 2814 1766 2838 et

972 2844 1007 2872 ibi
1027 2845 1173 2879 interpres.

1007 2880 1063 2915 (4'2)
1084 2880 1245 2909 Plutarchus
1262 2881 1290 2909 in
1307 2881 1390 2916 Sylla,
1407 2886 1433 2908 ct
1450 2879 1604 2908 Casaubon.
1622 2879 1649 2907 in
1667 2879 1759 2908 Lacu.
