1959 3081
126 153 179 186 317

624 154 888 185 BIBLIOTHECA.
908 169 943 175 -
965 156 1046 186 COD.
1068 156 1240 189 CCLXXIX.

1705 149 1770 189 318'

126 208 270 238 καλεῖσθαι
284 210 330 235 τδν
343 207 396 234 τῶν
413 207 459 234 ἐπὶ
472 206 581 243 θανάτῳ
597 208 855 236 καταδικασθέντων
870 218 915 244 φο-

980 210 1093 238 nstituta
1121 210 1230 238 fuerunt
1259 210 1438 239 Panathenaza
1458 220 1465 238 :
1486 211 1584 238 deinde
1622 211 1760 240 Eleusinia

128 256 186 289 νέα,
199 255 381 290 δημόκοινον
392 253 420 279 δὲ
437 253 482 280 τὸν
493 253 735 289 βασανιστήν.”υτι
757 255 856 288 ιππεῖς
872 255 921 290 μὲν

128 303 177 330 καὶ
190 302 292 337 νομεῖς
317 301 357 328 δεῖ
373 301 489 336 γράφειν
504 301 552 328 καὶ
570 301 662 335 λέγειν
677 303 726 336 τὴν
740 302 849 329 εὐθεῖαν
867 302 921 329 τῶν

127 346 329 383 πληθυντικῶν,
355 346 447 372 οὐκέτι
471 346 500 373 δὲ
520 347 632 379 καὶτὰς
659 349 828 380 αἰτιατικὰς,
863 348 920 374 ἀλλ’

128 393 236 425 ιππέας
253 393 302 419 καὶ
313 391 433 426 νομέας.
451 391 481 418 Εἰ
492 391 520 417 δὲ.
536 393 583 418 καὶ
597 391 723 426 Ξενοφῶν
741 393 834 428 εἴρηκε
849 393 921 426 τοὺς

125 438 238 473 νομεῖς,
260 437 336 464 οὐδὲν
351 437 597 474 θαυμαστὸν,ἀνὴρ
612 439 640 464 ἐν
655 439 810 472 στρατείαις
826 437 921 473 σχολά-

127 484 181 516 ζων
194 484 241 511 καὶ
255 484 339 516 ξένων
364 483 519 514 συνουσίαις
532 483 560 509 εἰ
584 492 645 511 τινα
670 484 844 520 παρακόπτει
871 483 922 518 τῆς

126 530 245 566 πατρίου
259 530 366 564 φωνῆς’
381 529 422 556 διὸ
437 529 586 564 νομοθέτην
599 530 681 557 αὐτὸν
696 530 746 556 οὐκ
757 530 789 556 ἄν
803 538 845 562 τις
864 530 922 557 Ἀτ-

125 576 255 610 τικισμοῦ
270 575 432 611 παραλάϐοι.
447 575 510 601 Ὅτκι
526 575 623 610 πρῶτα
638 575 687 610 μὲν
699 575 733 602 τὰ
747 575 921 611 Παναθήναια

127 622 254 656 συνέστη·
269 620 328 648 εἶτα
352 621 386 648 τὰ
403 621 555 648 Ἐλευσίνια
572 622 619 648 ἐπὶ
641 622 726 658 Πελίᾳ
741 623 762 638 "
778 622 922 658 τεθνηκότι

129 667 291 703 προῦθηκαν
306 665 375 694 ἆθλα
391 667 531 694 Θετταλοῦ
546 665 606 695 εἶτα
618 667 652 695 τὰ
666 668 777 704 Ἴσθμια
801 669 849 695 ἐπὶ
863 669 922 696 Με-

125 713 252 748 λικέρτῃ·
268 713 366 739 ἔπειτα
383 714 397 740 ὁ
410 712 466 740 τῶν
487 713 645 748 Ὀλυμπίων
661 713 736 747 ἀγὼν
750 714 837 750 ἀρχὴν
848 715 920 750 λαμ-

126 758 202 785 ϐάνει
212 758 257 793 ὑφ’
272 757 432 794 Ἡρακλέος,
448 755 508 785 εἶτα
522 759 558 786 τὰ
581 759 668 785 Νέτεα
679 759 700 775 ³¹
712 759 755 786 ἐπ’
764 760 922 796 Ἀρχεμόρῳ

126 805 253 837 τεθέντα,
268 802 330 831 εἶτα
343 805 414 839 μετὰ
429 805 460 832 τὸ
470 805 521 841 τὴν
534 804 641 841 Κίρραν
667 806 760 832 πεσεῖν
773 806 807 832 τὰ
822 806 920 834 Πύθια.

127 851 191 878 Ὀτι
206 851 236 877 τὺ
251 850 430 879 ποτνιᾶσθαι
447 851 613 886 κυριώτερον
629 851 677 878 ἐπὶ
686 851 814 886 γυναικὸς
827 852 922 878 τάττε-

975 261 1083 283 mortno
1093 257 1174 284 Peliae
1188 258 1337 284 certamina
1355 256 1477 285 Thessali
1490 257 1684 286 instituerunt:
1700 266 1763 294 post

973 302 1085 329 Isthmia
1104 303 1132 330 in
1162 303 1294 330 honorem
1317 303 1477 331 Melicertae:
1498 303 1561 330 inde
1583 305 1617 331 ab
1645 304 1762 332 Hercule

974 348 1097 383 Olympia
1123 350 1238 377 :dehinc
1259 350 1376 382 Nemaaa,
1395 355 1505 377 mortuo
1523 351 1658 377 Archemo
1686 361 1693 378 :
1712 360 1763 386 po-

974 400 1078 421 stremo
1101 400 1164 430 post
1183 403 1276 423 casum
1300 396 1415 427 Cirrhae,
1430 396 1526 432 Pythia
1548 396 1669 424 instituta
1686 402 1761 424 sunt.

974 439 1139 468 Ποτνιᾶσθαι
1156 442 1266 476 proprie
1284 442 1317 469 de
1333 441 1437 470 femina
1453 443 1564 474 dicitur,
1582 442 1692 476 quando
1712 443 1763 469 ali-

974 485 1048 520 quod
1064 487 1167 514 malum
1193 488 1307 522 patitur,
1327 488 1506 523 et‘snpplicat
1521 488 1588 515 deae.
1606 487 1709 523 Siquis
1730 489 1764 515 de

974 530 1033 557 vim
1047 532 1206 559 ποτνιᾶσθαι
1226 533 1309 566 dicat,
1324 538 1428 568 peccat.

1009 577 1098 610 Μόνος
1111 578 1262 606 secundum
1285 580 1481 613 grammaticos
1499 586 1552 606 non
1575 582 1760 613 comparatur.

974 624 1035 652 ideo
1053 622 1207 659 μονώτατος
1237 624 1423 651 εοιωοίειηυιη
1445 629 1552 658 putant,
1572 624 1623 651 etsi
1655 623 1763 650 Aristo-

973 670 1078 705 phanes
1092 669 1267 705 utatur[(45).
1285 669 1427 704 Templum
1449 669 1561 696 Veneris
1579 669 1606 696 in
1622 668 1763 695 TheSSaha

973 715 1084 746 ἀνοσίας
1102 720 1227 746 vocatur.
1248 714 1311 749 quia
1335 713 1447 741 Laidem
1473 715 1645 742 meretricem
1664 713 1763 749 534a

975 761 1041 789 illuc
1055 761 1208 788 venientem
1231 761 1362 788 mulieres
1382 768 1465 796 supra
1490 761 1602 788 modum
1629 760 1762 795 zelotypia

974 811 1128 842 prosecutae
1150 811 1232 838 sunt,
1251 811 1278 834 et
1294 806 1391 842 ligneis
1419 806 1547 834 scabellis
1571 814 1632 833 eam
1659 807 1764 834 occide-

974 857 1048 880 runt.
1063 853 1121 880 Mos
1141 852 1193 880 fuit
1204 853 1420 880 Atheniensibus
1439 853 1508 880 duos
1524 852 1624 880 habere
1636 853 1764 887 expiato-

125 906 181 930 ται,
199 897 283 932 φησὶν
297 897 331 930 ³³,
346 897 411 924 ὅταν
426 898 510 924 κακόν
524 906 551 924 τι
569 897 662 933 πάσχῃ
676 898 725 924 καὶ
740 897 850 933 θήλειαν
867 898 922 924 ἱκε-

979 907 1035 932 res;
1049 907 1133 926 unum
1158 907 1208 934 pro
1229 899 1306 930 viris,
1326 899 1442 925 alterum
1459 905 1507 932 pro
1521 898 1644 930 feminis;
1666 898 1712 933 qui
1730 898 1765 924 ad

124 944 193 979 τεύῃ
223 944 300 970 Θεόν·
338 943 542 979 ποτνιώμενον
568 944 596 970 δὲ
622 944 707 980 ἄνδρα
734 944 767 971 ἄν
781 953 823 976 τις
847 945 923 980 εῐπῃ,

126 991 294 1026 ἁμαρτάνει.
316 990 378 1017 Ὅτι
392 990 423 1017 τὸ
435 990 529 1025 μόνος
550 990 674 1017 ὲπίτασίν
689 999 754 1025 φασι
771 990 807 1025 μὴ
823 990 926 1025 λαμϐά-

126 1045 184 1064 νειν
198 1038 223 1063 ol
248 1036 458 1072 γραμματικοί·
485 1037 526 1063 διὸ
549 1036 580 1063 τὸ
605 1036 777 1071 μονώτατος
804 1036 925 1063 σόλοικον

126 1082 270 1117 ἡγοῦνται.
290 1082 488 1118 ’Δριποφάνης
500 1082 524 1098 ³⁸
535 1082 564 1109 δὲ
580 1082 654 1118 ὅμως
666 1082 797 1118 κέχρηται
823 1084 856 1118 τῇ
873 1091 926 1117 φω-

126 1130 170 1164 νῇ.
192 1128 255 1155 Ὀτι
267 1128 297 1155 τὺ
313 1130 341 1155 έν
357 1128 490 1164 Θετταλίᾳ
504 1129 576 1163 ἱερὸν
604 1128 773 1164 Ἀφροδίτης
792 1128 925 1164 ὀνομάζε-

126 1183 174 1201 ται
187 1174 327 1207 ἀνοσίας,
343 1174 410 1201 διότι
423 1174 472 1209 τὴν
488 1174 601 1210 ἑταίραν
617 1175 666 1209 τὴν
676 1174 763 1200 Λαΐδα
771 1182 926 1210 παραγενο-

130 1221 219 1256 μένην
244 1219 338 1247 αὑτόθι
361 1220 570 1256 ὲζηλοτύπησαν
586 1220 710 1252 ἐκτόπως
726 1221 754 1246 αἰ
781 1221 924 1255 γυναῖκες,

126 1267 175 1293 καὶ
196 1266 316 1300 ξυλίναις
327 1266 412 1301 αὐτὴν
431 1265 576 1292 ἀπώλεσαν
588 1265 730 1301 χελώναις,
742 1266 802 1292 ’Ὁτι
818 1265 879 1297 ἔθος
898 1266 921 1282 ³⁵

126 1310 162 1348 ἧν
181 1313 210 1339 ὲν
234 1312 359 1346 Ἀθήναις
375 1311 539 1347 φαρμακοὺς
556 1311 635 1345 ἄγειν
647 1311 711 1344 δύο,
729 1311 775 1338 τὸν
796 1312 845 1346 μὲν
856 1311 925 1346 ὑπὲρ

129 1360 247 1395 ἀνδρῶν,
259 1359 304 1386 τὸν
314 1359 343 1385 δὲ
358 1359 381 1375 ⁸⁸
402 1359 471 1394 ὑπὲρ
481 1359 628 1392 γυναικῶν,
640 1359 708 1394 πρὸς
723 1358 769 1385 τὸν
780 1358 922 1394 καθαρμὸν
935 1368 938 1371 τ

128 1405 378 1441 ἀγομένους.[1591
394 1404 499 1441 Ιί.]Καὶ
512 1406 526 1431 ὁ
540 1405 590 1440 μὲν
603 1405 657 1431 τῶν
671 1403 776 1441 ἀνδρῶν
796 1403 924 1439 μελαίνας

131 1452 244 1487 ἰσχάδας
258 1451 323 1487 περὶ
338 1450 383 1477 τὸν
408 1451 543 1486 τράχηλον
571 1449 639 1486 εἶχε,
656 1449 756 1481 λευκὰς
775 1449 797 1475 δ’
814 1449 922 1484 ἅτερος.

128 1498 280 1532 Συεάκχοι
290 1498 312 1513 ⁸⁷
322 1498 361 1529 δὲ,
379 1498 472 1532 φησὶν,
484 1496 666 1532 ὠνομάζοντο.
682 1496 718 1522 Τὸ
736 1496 765 1522 δὲ
776 1495 925 1530 καθάρσιον

128 1544 209 1571 τοῦτο
224 1542 358 1578 λοιμικῶν
372 1542 460 1569 νόσων
477 1541 702 1577 ἀποτροπιασμὸς
714 1539 760 1592 ἢέν,
774 1541 858 1568 λαῦὺν
873 1541 923 1576 τὴν
941 1562 963 1592 C

128 1590 218 1626 ἀρχὴν
243 1590 298 1617 ἀπὸ
319 1589 469 1624 Ἀνδρόγεω
489 1588 536 1615 τοῦ
563 1588 683 1624 Κρητὸς,
702 1584 743 1622 ,οὗ
761 1588 923 1622 τεθνηκότος

131 1636 160 1661 ἐν
176 1636 238 1666 ταῖς
260 1633 386 1669 Ἀθήναις
404 1634 571 1669 παρανόμως
585 1633 634 1668 τὴν
653 1633 780 1668 λοιμικὴν
789 1633 924 1668 ἐνόσησαν

129 1682 154 1708 οί
177 1681 315 1716 Ἀθηναῖοι
331 1681 419 1713 νόσον,
432 1681 480 1707 καὶ
489 1680 599 1716 ἐκράτει
611 1680 642 1706 τὸ
655 1679 715 1711 ἔθος
733 1680 776 1706 ἀεὶ
787 1679 928 1714 καθαίρειν

129 1728 180 1763 τὴν
190 1727 269 1754 πόλιν
277 1728 333 1758 τοῖς
346 1726 579 1762 φαρμακοῖς.”οτι
590 1725 680 1761 ὀργὰς
689 1725 738 1761 μὲν
747 1725 854 1758 κοινῶς,
864 1726 932 1759 φησὶ

130 1774 230 1808 πᾶσαή
243 1773 290 1807 γῆ,
302 1773 352 1807 ὅση
363 1772 502 1807 ἐπιτηδεία
511 1772 579 1807 πρὸς
591 1771 705 1806 καρπῶν
714 1771 804 1805 γονάς·
819 1770 929 1806 ὀργάδα

130 1820 158 1847 δὲ
169 1820 242 1851 ἰδίως
253 1819 368 1845 ἐκάλουν
380 1820 404 1845 οἱ
413 1819 548 1854 Ἀθηναῖοι
562 1818 612 1852 τὴν
625 1819 685 1844 ταῖν
697 1817 772 1844 θεαῖν
783 1817 930 1852 ἀνειμένην

130 1867 182 1901 τῆς
203 1865 331 1899 Ἀττικῆς
350 1865 451 1900 μεταξὺ
463 1865 512 1891 καὶ
532 1864 582 1898 τῆς
600 1863 764 1898 Μεγαρίδος.
777 1862 873 1898 ὥσπερ
885 1863 932 1890 καὶ

133 1912 219 1945 Ἴδην
230 1912 278 1946 μὲν
287 1911 383 1942 κοινῶς
391 1910 506 1937 ἕκαστον
518 1910 590 1945 ὅρος,
599 1909 629 1941 ἐξ
637 1906 667 1936 οὗ
677 1909 768 1945 ῥᾴδιόν
781 1910 854 1935 ἐστιν
867 1909 931 1935 ἰδεῖν

132 1958 169 1984 τὰ
184 1958 271 1989 κάτω,
290 1957 363 1989 ἰδίως
376 1957 404 1984 δὲ
430 1957 543 1992 Κρήτης
559 1964 590 1982 τε
610 1956 656 1982 καὶ
671 1955 771 1990 Τροίας
793 1955 856 1990 ὅρη.
872 1956 927 1981 Καὶ

129 2005 203 2038 ῥίον
220 2004 280 2039 μὲν,
308 2003 387 2038 φησὶ,
403 2003 518 2038 λέγομεν
541 2003 614 2028 ἅπαν
629 2001 718 2035 ὅρους
744 2002 928 2036 ἀκρωτήριον,

138 2050 212 2082 ἰδίως
235 2050 263 2077 δὲ
276 2049 308 2076 τὸ
323 2049 495 2084 Μολυκρικόν
508 2048 532 2064 ³⁸
543 2068 551 2076 .
568 2048 624 2074 Καὶ
651 2048 749 2082 ἰσθμὸς
763 2047 813 2082 μὲν
829 2046 927 2078 κοινῶς

134 2097 210 2123 ἆπαν
227 2097 258 2123 τὸ
273 2097 326 2123 ὑπὸ
345 2096 417 2123 δυοῖν
431 2095 557 2130 πελαγῶν
582 2094 790 2130 περιεχόμενον,
808 2093 880 2125 ἰδίως
899 2093 929 2120 δὲ

133 2142 165 2169 τὺ
178 2143 279 2177 χωρίον
300 2142 369 2177 ὅπερ
398 2141 482 2176 ἰσθμὰ
500 2140 638 2176 Κορίνθιοι
650 2139 714 2176 [875
729 2139 775 2175 Η,]
789 2139 926 2173 λέγουσιν.

139 2188 280 2220 Ὡσαύτως
293 2189 340 2215 καὶ
353 2189 518 2224 χερρόνησος
530 2187 628 2218 κοινῶς
645 2187 694 2222 μὲν
709 2187 764 2212 πᾶν
774 2186 804 2212 τὸ
820 2186 872 2212 ὑπὸ
885 2185 933 2212 θα-

976 945 1158 979 expiationem
1180 945 1355 972 ducerentur.
1379 945 1506 972 Virorum
1523 945 1648 979 expiatur
1674 945 1767 979 nigras

976 991 1081 1018 caricas
1098 991 1201 1018 circum
1218 991 1317 1018 collum
1335 990 1440 1022 habuit,
1459 991 1527 1017 alter
1542 998 1608 1017 vero
1625 991 1711 1022 albas.
1732 990 1765 1017 Et

977 1036 1129 1072 συμὸάκχοι
1141 1036 1273 1063 nominati
1281 1040 1355 1064 sunt.
1366 1035 1428 1063 Haec
1439 1043 1503 1063 vero
1514 1036 1633 1070 expiatio
1642 1036 1723 1063 [iebat
1732 1036 1765 1062 ad

976 1084 1134 1119 pestilentes
1157 1083 1270 1110 morbos
1293 1082 1468 1117 depellendus
1493 1086 1545 1109 :et
1563 1082 1598 1110 ab
1622 1082 1767 1116 Androgeo

975 1130 1086 1158 Creensi
1116 1129 1224 1156 initium
1257 1128 1374 1163 sumpsit
1404 1135 1487 1163 :quo
1523 1128 1617 1162 inique
1651 1128 1768 1156 Athenis

976 1176 1129 1209 interfecto,
1144 1175 1325 1202 Athenienses
1338 1179 1413 1210 peste
1422 1175 1598 1201 laborarunt:
1617 1175 1769 1201 ctinvaluit

976 1223 1021 1250 hic
1037 1223 1107 1250 ritus
1129 1222 1263 1249 lustrandi
1281 1222 1376 1249 urbem
1400 1226 1530 1256 perpetuo
1553 1220 1767 1255 expiationibns.

976 1269 1077 1304 Ὀργὰς
1086 1268 1197 1304 quidem
1211 1267 1393 1294 communiter
1406 1267 1496 1294 omnis
1507 1266 1607 1293 dicitur
1621 1270 1693 1293 terra
1707 1274 1768 1301 qua:

976 1321 1017 1343 est
1042 1319 1104 1350 apta
1131 1314 1164 1341 ad
1191 1313 1298 1341 fructus
1325 1311 1652 1348 procreandos:6pyd5a
1677 1317 1767 1339 autem

980 1362 1089 1397 proprie
1108 1361 1289 1388 Athenienses
1316 1364 1416 1388 vocant
1439 1364 1552 1392 terram,
1564 1368 1626 1394 quae
1640 1363 1681 1387 est
1699 1359 1769 1386 inter

976 1408 1094 1435 Atticam
1115 1412 1143 1434 et
1169 1406 1335 1442 Megaridem
1362 1406 1470 1433 duabus
1500 1411 1636 1432 sacratam
1651 1405 1768 1432 deabus.
1817 1407 1819 1409 ’

977 1451 1214 1486 Quemadmodum
1255 1456 1282 1478 et
1315 1450 1394 1478 Idam
1436 1451 1620 1478 communiter
1659 1450 1769 1485 quidem

978 1505 1202 1533 unumquemque
1216 1502 1337 1524 montem
1352 1518 1360 1530 ,
1376 1497 1448 1524 unde
1461 1496 1590 1524 inferiora
1608 1502 1769 1530 cernuntur,

979 1543 1088 1579 proprie
1117 1550 1184 1570 vero
1209 1541 1296 1570 Cretae
1320 1547 1347 1569 et
1379 1541 1469 1576 Trojae
1497 1545 1616 1569 montes.
1645 1542 1678 1568 Et
1714 1541 1770 1578 ῥίον

980 1597 1092 1617 omnem
1124 1589 1226 1616 montis
1256 1588 1378 1615 uerticem
1405 1588 1542 1620 dicimus,
1571 1587 1681 1622 proprie
1707 1595 1772 1613 vero

981 1635 1147 1670 Molycrion.
1177 1634 1311 1662 Isthmum
1344 1634 1425 1661 etiam
1460 1633 1657 1664 communiter,
1691 1640 1772 1660 omne

979 1681 1052 1716 quod
1067 1681 1168 1716 duplici
1184 1681 1315 1715 utrinque
1328 1681 1396 1707 mari
1415 1680 1563 1710 clauditur.
1584 1680 1692 1713 proprie
1710 1687 1773 1705 vero

980 1727 1072 1754 locum
1116 1734 1196 1762 quem
1237 1725 1338 1754 lsthma
1366 1726 1501 1753 Corinthii
1535 1729 1647 1753 vocant.
1691 1725 1774 1752 Simi-

981 1773 1043 1801 liter
1081 1777 1109 1801 et
1141 1772 1332 1801 Chersonesus
1370 1772 1557 1800 communiter
1588 1780 1668 1800 omne
1700 1771 1774 1806 quod

985 1820 1105 1848 maxima
1125 1824 1203 1855 parte
1228 1826 1304 1846 mare
1330 1818 1479 1850 clauditur,
1506 1823 1533 1845 ct
1557 1818 1592 1845 ab
1617 1826 1672 1845 una
1699 1823 1775 1853 parte

982 1866 1127 1893 continens
1141 1869 1183 1893 est
1195 1885 1203 1898 ,
1218 1865 1328 1900 proprie
1344 1872 1409 1892 vero
1429 1865 1506 1892 locus
1527 1863 1662 1892 Thraciae.
1679 1865 1711 1891 Et
1726 1865 1775 1891 Al-

981 1912 1076 1946 γιόλον
1091 1912 1201 1947 quidem
1217 1916 1245 1939 et
1266 1911 1353 1946 ἀκτὴν
1374 1911 1558 1939 communiter
1576 1911 1668 1938 omnia
1683 1911 1774 1938 littora

981 1964 1123 1988 vocamus,
1139 1957 1249 1990 proprie
1277 1964 1342 1984 vero
1371 1956 1490 1983 Atticam
1507 1955 1594 1990 ἀκτὴν
1620 1956 1773 1983 nominant.

986 2002 1118 2030 Similiter
1128 2007 1155 2029 et
1172 2002 1301 2036 Αἱγιάλον
1316 2002 1478 2037 simpliciter
1493 2002 1589 2028 dicunt
1601 2001 1689 2028 locum
1702 2003 1774 2028 circa

983 2050 1094 2077 Helicen
1113 2049 1295 2081 maritimum,
1313 2056 1374 2075 cum
1392 2048 1560 2078 sitAchaiw,
1574 2048 1645 2073 unde
1662 2048 1776 2074 Achaeos

983 2093 1131 2128 Αἰγιαλοὺς
1151 2093 1262 2128 quidam
1284 2092 1422 2127 appellare
1447 2091 1545 2118 solent.
1561 2091 1694 2125 Ἥπειρος
1713 2098 1774 2118 om-

983 2141 1027 2167 nis
1055 2144 1144 2172 terra,
1176 2138 1276 2173 Epirus
1302 2145 1368 2165 vero
1398 2138 1508 2172 proprie
1533 2141 1560 2171 et
1586 2136 1774 2170 Thesprotius.

984 2186 1160 2222 Anticyram,
1174 2185 1218 2212 ubi
1246 2185 1338 2212 album
1365 2183 1533 2211 helleborum
1551 2183 1684 2214 nascitur,
1702 2183 1776 2208 nullo

133 2234 240 2268 λάσσης
255 2234 303 2260 ἐπὶ
317 2233 444 2260 πλεῖστον
459 2231 664 2267 περιεχόμενον,
678 2230 729 2257 καθ
739 2232 745 2241 '
758 2230 789 2257 ἓν
805 2230 832 2256 δὲ
847 2230 925 2266 μέρος

982 2233 1046 2262 alibi
1062 2235 1204 2260 crcseente
1225 2231 1388 2258 deteriorem
1408 2231 1505 2258 urbem
1530 2229 1698 2257 Phocensem
1716 2237 1777 2256 esse

133 2281 168 2314 τῇ
183 2280 220 2314 γῇ
246 2279 457 2313 συναπτόμενον·
487 2278 535 2304 καὶ
550 2277 615 2304 ἴδιον
636 2276 664 2303 δὲ
693 2276 780 2311 δνομα
807 2275 928 2311 Θρᾳκίου

134 2327 233 2352 τόπου.
251 2325 307 2352 Καὶ
321 2323 458 2359 αἰγιαλὸν
479 2323 529 2359 μὲν
542 2323 589 2350 καὶ⁴
603 2323 689 2358 ἀκτὴν
706 2322 798 2354 ἁπλῶς
814 2322 849 2348 τὰ
874 2331 927 2349 1:1-

136 2371 306 2408 ραθαλάττια
324 2371 412 2397 πάντα
425 2370 553 2405 λέγομεν,
573 2367 729 2404 ἰδικώτερον
742 2368 771 2394 δὲ
799 2368 848 2403 τὴν
869 2368 930 2394 Ἀτ-

135 2417 218 2452 τικὴν
230 2417 328 2450 ἀκτὴν
338 2417 472 2451 λέγουσιν.
496 2415 633 2446 Ὡσαύτως
645 2415 692 2441 καὶ
705 2414 848 2449 Αἰγιαλὸν
880 2414 923 2446 ἐξ·

135 2463 286 2498 ῃρημένως
298 2461 364 2495 φασὶ
381 2462 410 2488 τὸ
424 2461 488 2497 περὶ
501 2459 666 2496 τὴνἙλίκην
683 2459 815 2493 παράλιον
838 2459 929 2493 μέρος·

136 2510 198 2535 ἐστι
211 2509 240 2535 δὲ
250 2509 300 2544 τῆς
309 2509 432 2544 Ἀχαΐας,
443 2509 489 2542 ἀφ’
504 2504 535 2534 οὗ
545 2506 665 2538 καὶτοὺς
696 2505 822 2540 Ἀχαιοὺς
832 2505 932 2539 Αἰγια-

136 2556 205 2589 λεῖς
216 2556 238 2572 ³⁹
251 2555 323 2588 τινὲς
336 2555 448 2582 εἰώθασι
478 2554 583 2580 καλεῖν.
597 2553 652 2580 Καὶ
668 2551 722 2587 μὴν
745 2551 793 2578 καὶ
811 2550 935 2585 ἤπειρος

982 2279 1057 2307 dicit.
1085 2277 1115 2305 ln
1140 2277 1321 2312 sequentibus
1335 2277 1426 2312 quarti
1453 2276 1528 2307 libri.
1545 2275 1776 2310 apophthcgmata

983 2323 1112 2350 nonnulla
1126 2322 1220 2355 refert,
1242 2326 1447 2356 et‘argumcnta
1473 2323 1596 2355 qua-dam
1622 2320 1772 2346 Athenien—

984 2370 1054 2398 simn
1082 2369 1284 2400 humanitatis,
1309 2368 1524 2401 misericordiae,
1550 2367 1713 2402 prudentiae,
1747 2370 1775 2392 (ιι

984 2415 1075 2443 decori
1090 2422 1173 2447 curat,
1188 2415 1314 2448 aliusque
1338 2414 1510 2441 sanctitatis:
1531 2413 1601 2440 unde
1618 2413 1699 2439 etiam
1718 2412 1776 2439 lucc

985 2465 1058 2489 sunt.
1090 2460 1206 2495 Fugiens
1230 2462 1384 2496 accipitrem
1415 2459 1531 2486 struthio
1562 2459 1589 2486 in
1623 2459 1774 2492 Areopago,

992 2506 1225 2542 uniAreopagitae
1252 2507 1278 2533 in
1306 2507 1395 2535 sinum
1414 2506 1533 2539 decidit;
1563 2506 1608 2532 ille
1633 2505 1776 2539 perfugam

989 2552 1097 2588 534b,
1114 2561 1175 2580 cum
1193 2561 1304 2582 servare
1316 2554 1456 2581 debuisset
1468 2574 1474 2586 ,
1490 2552 1638 2580 interfecit.
1658 2551 1781 2578 Senatus

793 2620 910 2648 VARI/IS
932 2621 1134 2651 LECTlONES.

173 2672 196 2708 ’ξ
210 2670 290 2706 πελίᾳ
306 2670 346 2708 ες
360 2669 457 2696 πελεία
468 2678 511 2708 ςἈ
537 2669 559 2685 ³¹
575 2669 676 2708 ν-έμαια
694 2676 735 2708 cf;
763 2667 848 2708 ”_Cl':_
859 2667 1003 2708 Ruhnken.
1016 2668 1050 2708 ad
1071 2669 1141 2708 Tim.
1159 2678 1184 2704 p.
1198 2671 1263 2708 22!.
1295 2670 1494 2708 r'ﬂ’Apmmq]
1508 2670 1578 2708 Plut.
1594 2705 1601 2708 _
1618 2669 1640 2685 "
1665 2668 1724 2708 ΞΟ.ος
1740 2682 1776 2688 ι·-

137 2706 199 2743 650]
215 2703 283 2733 nota"
306 2707 459 2743 trimetrum
473 2705 519 2743 (μί.
545 2704 635 2743 p.555
651 2705 676 2743 b_.
694 2704 751 2739 42),
768 2703 892 2743 ξξιιιίιίιςι·
904 2703 980 2743 'in‘l'ra
993 2703 1201 2743 περὶ-ἅτερος,
1215 2711 1242 2733 cl.
1253 2707 1300 2732 ἀπ’
1325 2703 1473 2742 Ἀνδρόγεω
1488 2703 1515 2732 et
1530 2703 1719 2743 τὴνθπιὲιικὴν
1730 2723 1737 2733 ,
1753 2707 1780 2728 et

138 2740 232 2770 ἁεῗ-
242 2742 410 2776 φαρμακοῖς.
421 2737 551 2775 (tW-liv;
565 2739 706 2776 Ἀττικῆς,
723 2737 753 2776 ἐιγ
771 2739 843 2776 ῑδίῳ;
861 2738 889 2764 δὲ
904 2737 1076 2776 [ῖὰἶῖ-ὅρη,
1095 2745 1122 2767 et
1138 2737 1234 2776 ἱέρακα
1247 2737 1393 2776 —1:&~{qi.'
1403 2737 1490 2774 ἄγειν.
1508 2775 1511 2776 ν
1528 2737 1609 2766 ⁸⁵’τὺν
1630 2738 1670 2773 δὲ]
1682 2738 1779 2765 laetitia

142 2780 170 2805 in
193 2779 224 2806 C.
264 2775 287 2793 ³⁷
298 2775 462 2812 συὸάκχοιϐ
477 2785 484 2803 :
500 2775 652 2809 συμϐάκχοι
677 2782 707 2805 ς.

746 2775 768 2790 ³⁸
784 2773 949 2809 μολυκρικὺν
965 2773 985 2800 C
999 2783 1005 2801 :
1021 2773 1175 2810 Μολύκριον
1191 2786 1221 2809 ς.
1260 2778 1282 2793 ’ν
1299 2773 1440 2811 αἰγιαλοὺς
1453 2775 1524 2804 libri.

923 2830 1040 2861 NOTAE.

177 2894 236 2929 (45)
256 2893 346 2922 Utitur
362 2892 408 2920 illo
425 2897 452 2920 et
466 2890 643 2923 Theocritus,
660 2894 686 2917 et
705 2888 775 2916 LXX
795 2890 963 2924 interpretes.
