  <div class='ocr_page' id='page_1' title='image "/cluster/home/n/w/nwhite01/storage/ocr_20150623/104/njp.32101077772885/166.png"; bbox 0 0 1959 3081; ppageno 0'>
   <div class='ocr_carea' id='block_1_1' title="bbox 113 163 156 196">
    <p class='ocr_par' dir='ltr' id='par_1_1' title="bbox 113 163 156 196">
     <span class='ocr_line' id='line_1_1' title="bbox 113 163 156 196; baseline 0.047 -2"><span class='ocrx_word' id='word_1_1' title='bbox 113 163 156 196; x_wconf 75' lang='lat'><strong>321</strong></span> 
     </span>
    </p>
   </div>
   <div class='ocr_carea' id='block_1_2' title="bbox 623 169 1228 201">
    <p class='ocr_par' dir='ltr' id='par_1_2' title="bbox 623 169 1228 201">
     <span class='ocr_line' id='line_1_2' title="bbox 623 169 1228 201; baseline 0.003 -2"><span class='ocrx_word' id='word_1_2' title='bbox 623 169 875 200; x_wconf 68' lang='lat' dir='ltr'><strong>BIDLIOTHECA</strong></span> <span class='ocrx_word' id='word_1_3' title='bbox 895 181 929 188; x_wconf 90' lang='grc'><strong>-·</strong></span> <span class='ocrx_word' id='word_1_4' title='bbox 949 169 1030 200; x_wconf 80' lang='lat' dir='ltr'><strong>COD.</strong></span> <span class='ocrx_word' id='word_1_5' title='bbox 1051 170 1228 201; x_wconf 76' lang='lat' dir='ltr'><strong>CCLXXlX.</strong></span> 
     </span>
    </p>
   </div>
   <div class='ocr_carea' id='block_1_3' title="bbox 1676 172 1729 204">
    <p class='ocr_par' dir='ltr' id='par_1_3' title="bbox 1676 172 1729 204">
     <span class='ocr_line' id='line_1_3' title="bbox 1676 172 1729 204; baseline 0 0"><span class='ocrx_word' id='word_1_6' title='bbox 1676 172 1729 204; x_wconf 76' lang='grc'><strong>322</strong></span> 
     </span>
    </p>
   </div>
   <div class='ocr_carea' id='block_1_4' title="bbox 113 218 1732 259">
    <p class='ocr_par' dir='ltr' id='par_1_4' title="bbox 113 218 1732 259">
     <span class='ocr_line' id='line_1_4' title="bbox 113 218 1732 259; baseline 0.004 -14"><span class='ocrx_word' id='word_1_7' title='bbox 113 220 156 246; x_wconf 66' lang='grc' dir='ltr'>καὶ</span> <span class='ocrx_word' id='word_1_8' title='bbox 184 218 280 246; x_wconf 79' lang='grc' dir='ltr'>τοῦτον</span> <span class='ocrx_word' id='word_1_9' title='bbox 303 218 475 255; x_wconf 79' lang='grc' dir='ltr'><strong>ὀργισθέντες</strong></span> <span class='ocrx_word' id='word_1_10' title='bbox 506 220 735 256; x_wconf 78' lang='grc' dir='ltr'>ἁπετυμπάνισαν</span> <span class='ocrx_word' id='word_1_11' title='bbox 751 243 759 255; x_wconf 84' lang='grc'>,</span> <span class='ocrx_word' id='word_1_12' title='bbox 778 222 839 257; x_wconf 79' lang='grc' dir='ltr'>οὐχὶ</span> <span class='ocrx_word' id='word_1_13' title='bbox 851 221 899 249; x_wconf 75' lang='grc' dir='ltr'><strong>τοῦ</strong></span> <span class='ocrx_word' id='word_1_14' title='bbox 920 221 1055 257; x_wconf 85' lang='grc' dir='ltr'>προϐάτου</span> <span class='ocrx_word' id='word_1_15' title='bbox 1071 223 1207 259; x_wconf 75' lang='grc' dir='ltr'>τιμωρίαν</span> <span class='ocrx_word' id='word_1_16' title='bbox 1234 223 1326 250; x_wconf 81' lang='grc' dir='ltr'>λαϐεῖν</span> <span class='ocrx_word' id='word_1_17' title='bbox 1346 223 1493 256; x_wconf 75' lang='grc' dir='ltr'>ἐθέλοντες,</span> <span class='ocrx_word' id='word_1_18' title='bbox 1513 225 1581 253; x_wconf 78' lang='grc' dir='ltr'>ἀλλὰ</span> <span class='ocrx_word' id='word_1_19' title='bbox 1609 228 1656 254; x_wconf 73' lang='grc' dir='ltr'>καὶ</span> <span class='ocrx_word' id='word_1_20' title='bbox 1685 229 1732 255; x_wconf 69' lang='grc' dir='ltr'><strong>τὸν</strong></span> 
     </span>
    </p>
   </div>
   <div class='ocr_carea' id='block_1_5' title="bbox 112 263 1735 305">
    <p class='ocr_par' dir='ltr' id='par_1_5' title="bbox 112 263 1735 305">
     <span class='ocr_line' id='line_1_5' title="bbox 112 263 1735 305; baseline 0.004 -13"><span class='ocrx_word' id='word_1_21' title='bbox 112 266 193 301; x_wconf 73' lang='grc' dir='ltr'>ἀνδρα</span> <span class='ocrx_word' id='word_1_22' title='bbox 221 265 388 301; x_wconf 78' lang='grc' dir='ltr'><strong>μισήσαντες</strong></span> <span class='ocrx_word' id='word_1_23' title='bbox 402 265 440 297; x_wconf 84' lang='grc' dir='ltr'><strong>ὡς</strong></span> <span class='ocrx_word' id='word_1_24' title='bbox 465 267 626 302; x_wconf 81' lang='grc' dir='ltr'>τυραννικὸν</span> <span class='ocrx_word' id='word_1_25' title='bbox 655 265 752 302; x_wconf 73' lang='grc' dir='ltr'>ἔχοντα</span> <span class='ocrx_word' id='word_1_26' title='bbox 772 267 900 303; x_wconf 83' lang='grc' dir='ltr'>φρόνημα</span> <span class='ocrx_word' id='word_1_27' title='bbox 918 267 965 293; x_wconf 72' lang='grc' dir='ltr'>καὶ</span> <span class='ocrx_word' id='word_1_28' title='bbox 997 267 1088 294; x_wconf 76' lang='grc' dir='ltr'>καινὸν</span> <span class='ocrx_word' id='word_1_29' title='bbox 1109 263 1215 304; x_wconf 67' lang='grc' dir='ltr'>τρόπον</span> <span class='ocrx_word' id='word_1_30' title='bbox 1240 268 1311 295; x_wconf 82' lang='grc' dir='ltr'>οὕτω</span> <span class='ocrx_word' id='word_1_31' title='bbox 1324 270 1492 305; x_wconf 79' lang='grc' dir='ltr'>παρανόμων</span> <span class='ocrx_word' id='word_1_32' title='bbox 1511 270 1670 299; x_wconf 76' lang='grc' dir='ltr'><strong>ἐπινοοῦντα</strong></span> <span class='ocrx_word' id='word_1_33' title='bbox 1685 281 1735 299; x_wconf 88' lang='grc' dir='ltr'>κο-</span> 
     </span>
    </p>
   </div>
   <div class='ocr_carea' id='block_1_6' title="bbox 112 313 222 339">
    <p class='ocr_par' dir='ltr' id='par_1_6' title="bbox 112 313 222 339">
     <span class='ocr_line' id='line_1_6' title="bbox 112 313 222 339; baseline 0.009 -1"><span class='ocrx_word' id='word_1_34' title='bbox 112 313 222 339; x_wconf 82' lang='grc' dir='ltr'>λάσεων.</span> 
     </span>
    </p>
   </div>
   <div class='ocr_carea' id='block_1_7' title="bbox 147 357 897 395">
    <p class='ocr_par' dir='ltr' id='par_1_7' title="bbox 147 358 897 395">
     <span class='ocr_line' id='line_1_7' title="bbox 147 358 897 395; baseline 0.001 -10"><span class='ocrx_word' id='word_1_35' title='bbox 147 360 206 386; x_wconf 87' lang='grc' dir='ltr'><strong>ὐτι</strong></span> <span class='ocrx_word' id='word_1_36' title='bbox 224 359 255 385; x_wconf 76' lang='grc' dir='ltr'>τὸ</span> <span class='ocrx_word' id='word_1_37' title='bbox 268 358 306 394; x_wconf 89' lang='grc' dir='ltr'><strong>μὴ</strong></span> <span class='ocrx_word' id='word_1_38' title='bbox 314 358 403 393; x_wconf 79' lang='grc' dir='ltr'>λέγειν</span> <span class='ocrx_word' id='word_1_39' title='bbox 416 358 545 394; x_wconf 82' lang='grc' dir='ltr'>δύσφημα</span> <span class='ocrx_word' id='word_1_40' title='bbox 559 360 627 386; x_wconf 81' lang='grc' dir='ltr'>πᾶσι</span> <span class='ocrx_word' id='word_1_41' title='bbox 639 360 695 393; x_wconf 85' lang='grc' dir='ltr'>τοῖς</span> <span class='ocrx_word' id='word_1_42' title='bbox 709 360 835 392; x_wconf 80' lang='grc' dir='ltr'>παλαιοῖς</span> <span class='ocrx_word' id='word_1_43' title='bbox 850 360 897 395; x_wconf 80' lang='grc' dir='ltr'>μὲν</span> 
     </span>
    </p>
   </div>
   <div class='ocr_carea' id='block_1_8' title="bbox 949 357 1736 395">
    <p class='ocr_par' dir='ltr' id='par_1_8' title="bbox 984 357 1736 394">
     <span class='ocr_line' id='line_1_8' title="bbox 984 357 1736 394; baseline 0.007 -9"><span class='ocrx_word' id='word_1_44' title='bbox 984 357 1097 394; x_wconf 81' lang='lat' dir='ltr'><strong>Antiqui</strong></span> <span class='ocrx_word' id='word_1_45' title='bbox 1111 358 1218 386; x_wconf 84' lang='lat' dir='ltr'><strong>solliciti</strong></span> <span class='ocrx_word' id='word_1_46' title='bbox 1232 357 1352 390; x_wconf 75' lang='lat' dir='ltr'><strong>fuerunt,</strong></span> <span class='ocrx_word' id='word_1_47' title='bbox 1371 367 1404 387; x_wconf 91' lang='lat' dir='ltr'><strong>ne</strong></span> <span class='ocrx_word' id='word_1_48' title='bbox 1427 360 1499 387; x_wconf 88' lang='lat' dir='ltr'><strong>male</strong></span> <span class='ocrx_word' id='word_1_49' title='bbox 1524 361 1649 389; x_wconf 87' lang='lat' dir='ltr'><strong>ominosa</strong></span> <span class='ocrx_word' id='word_1_50' title='bbox 1660 362 1736 390; x_wconf 83' lang='lat' dir='ltr'><strong>dice-</strong></span> 
     </span>
    </p>
   </div>
   <div class='ocr_carea' id='block_1_9' title="bbox 113 402 897 442">
    <p class='ocr_par' dir='ltr' id='par_1_9' title="bbox 113 402 897 442">
     <span class='ocr_line' id='line_1_9' title="bbox 113 402 897 442; baseline 0.003 -11"><span class='ocrx_word' id='word_1_51' title='bbox 113 406 220 440; x_wconf 75' lang='grc' dir='ltr'>φροντὶς</span> <span class='ocrx_word' id='word_1_52' title='bbox 232 402 278 440; x_wconf 81' lang='grc' dir='ltr'><strong>ἦν,</strong></span> <span class='ocrx_word' id='word_1_53' title='bbox 298 404 416 440; x_wconf 86' lang='grc' dir='ltr'>μάλιστα</span> <span class='ocrx_word' id='word_1_54' title='bbox 435 405 463 432; x_wconf 79' lang='grc' dir='ltr'>δὲ</span> <span class='ocrx_word' id='word_1_55' title='bbox 480 406 536 437; x_wconf 83' lang='grc' dir='ltr'>τοῖς</span> <span class='ocrx_word' id='word_1_56' title='bbox 557 405 718 442; x_wconf 84' lang='grc' dir='ltr'>Ἀθηναίοις.</span> <span class='ocrx_word' id='word_1_57' title='bbox 734 406 779 433; x_wconf 88' lang='grc' dir='ltr'><strong>Διὸ</strong></span> <span class='ocrx_word' id='word_1_58' title='bbox 793 406 841 433; x_wconf 72' lang='grc' dir='ltr'>καὶ</span> <span class='ocrx_word' id='word_1_59' title='bbox 867 407 897 433; x_wconf 85' lang='grc' dir='ltr'>τὸ</span> 
     </span>
    </p>
   </div>
   <div class='ocr_carea' id='block_1_10' title="bbox 113 450 896 487">
    <p class='ocr_par' dir='ltr' id='par_1_10' title="bbox 113 450 896 487">
     <span class='ocr_line' id='line_1_10' title="bbox 113 450 896 487; baseline 0.001 -10"><span class='ocrx_word' id='word_1_60' title='bbox 113 450 315 485; x_wconf 76' lang='grc' dir='ltr'><strong>δεσμωτήριον</strong></span> <span class='ocrx_word' id='word_1_61' title='bbox 330 450 440 485; x_wconf 83' lang='grc' dir='ltr'>οΖκημα</span> <span class='ocrx_word' id='word_1_62' title='bbox 453 450 577 483; x_wconf 77' lang='grc' dir='ltr'>ἐκάλουν,</span> <span class='ocrx_word' id='word_1_63' title='bbox 591 451 640 478; x_wconf 78' lang='grc' dir='ltr'>καὶ</span> <span class='ocrx_word' id='word_1_64' title='bbox 652 452 697 478; x_wconf 77' lang='grc' dir='ltr'>τὸν</span> <span class='ocrx_word' id='word_1_65' title='bbox 713 452 821 487; x_wconf 79' lang='grc' dir='ltr'><strong>δήμιον</strong></span> <span class='ocrx_word' id='word_1_66' title='bbox 835 460 896 478; x_wconf 80' lang='grc' dir='ltr'>κοι-</span> 
     </span>
    </p>
   </div>
   <div class='ocr_carea' id='block_1_11' title="bbox 112 495 896 533">
    <p class='ocr_par' dir='ltr' id='par_1_11' title="bbox 112 495 896 533">
     <span class='ocr_line' id='line_1_11' title="bbox 112 495 896 533; baseline 0 -10"><span class='ocrx_word' id='word_1_67' title='bbox 112 496 175 528; x_wconf 73' lang='grc' dir='ltr'>νὸν,</span> <span class='ocrx_word' id='word_1_68' title='bbox 191 497 242 527; x_wconf 86' lang='grc' dir='ltr'>τὰς</span> <span class='ocrx_word' id='word_1_69' title='bbox 263 495 292 522; x_wconf 82' lang='grc' dir='ltr'>δὲ</span> <span class='ocrx_word' id='word_1_70' title='bbox 325 496 482 530; x_wconf 74' lang='grc' dir='ltr'>Ἐριννύος</span> <span class='ocrx_word' id='word_1_71' title='bbox 495 496 646 532; x_wconf 81' lang='grc' dir='ltr'><strong>Εὐμενίδας</strong></span> <span class='ocrx_word' id='word_1_72' title='bbox 661 496 677 533; x_wconf 84' lang='grc' dir='ltr'>ἢ</span> <span class='ocrx_word' id='word_1_73' title='bbox 694 498 796 532; x_wconf 79' lang='grc' dir='ltr'>σεμνάς</span> <span class='ocrx_word' id='word_1_74' title='bbox 821 497 896 530; x_wconf 81' lang='grc' dir='ltr'>θεὰς,</span> 
     </span>
    </p>
   </div>
   <div class='ocr_carea' id='block_1_12' title="bbox 111 541 898 578">
    <p class='ocr_par' dir='ltr' id='par_1_12' title="bbox 111 541 898 578">
     <span class='ocr_line' id='line_1_12' title="bbox 111 541 898 578; baseline 0.001 -10"><span class='ocrx_word' id='word_1_75' title='bbox 111 542 140 568; x_wconf 82' lang='grc' dir='ltr'><strong>τὺ</strong></span> <span class='ocrx_word' id='word_1_76' title='bbox 151 542 179 568; x_wconf 79' lang='grc' dir='ltr'>δὲ</span> <span class='ocrx_word' id='word_1_77' title='bbox 189 542 286 576; x_wconf 82' lang='grc' dir='ltr'>μύσος</span> <span class='ocrx_word' id='word_1_78' title='bbox 301 541 384 576; x_wconf 78' lang='grc' dir='ltr'>ἄγος,</span> <span class='ocrx_word' id='word_1_79' title='bbox 401 542 431 568; x_wconf 86' lang='grc' dir='ltr'>τ¹δ</span> <span class='ocrx_word' id='word_1_80' title='bbox 446 541 476 568; x_wconf 82' lang='grc' dir='ltr'>δὲ</span> <span class='ocrx_word' id='word_1_81' title='bbox 498 542 568 575; x_wconf 80' lang='grc' dir='ltr'>ὅξος</span> <span class='ocrx_word' id='word_1_82' title='bbox 580 542 651 577; x_wconf 74' lang='grc' dir='ltr'>μέλι</span> <span class='ocrx_word' id='word_1_83' title='bbox 664 543 712 569; x_wconf 79' lang='grc' dir='ltr'>καὶ</span> <span class='ocrx_word' id='word_1_84' title='bbox 729 542 779 578; x_wconf 87' lang='grc' dir='ltr'>τὴν</span> <span class='ocrx_word' id='word_1_85' title='bbox 800 542 898 577; x_wconf 78' lang='grc' dir='ltr'>χολὴν</span> 
     </span>
    </p>
   </div>
   <div class='ocr_carea' id='block_1_13' title="bbox 112 587 898 624">
    <p class='ocr_par' dir='ltr' id='par_1_13' title="bbox 112 587 898 624">
     <span class='ocr_line' id='line_1_13' title="bbox 112 587 898 624; baseline 0.001 -10"><span class='ocrx_word' id='word_1_86' title='bbox 112 587 264 623; x_wconf 76' lang='grc' dir='ltr'>γλυκεῖαν,</span> <span class='ocrx_word' id='word_1_87' title='bbox 275 587 321 614; x_wconf 82' lang='grc' dir='ltr'>τὸν</span> <span class='ocrx_word' id='word_1_88' title='bbox 330 588 358 614; x_wconf 80' lang='grc' dir='ltr'>δὲ</span> <span class='ocrx_word' id='word_1_89' title='bbox 371 588 523 622; x_wconf 77' lang='grc' dir='ltr'>βόρϐορον</span> <span class='ocrx_word' id='word_1_90' title='bbox 536 588 652 623; x_wconf 85' lang='grc' dir='ltr'>ὀχετόν.</span> <span class='ocrx_word' id='word_1_91' title='bbox 671 588 704 615; x_wconf 86' lang='grc' dir='ltr'><strong>οι</strong></span> <span class='ocrx_word' id='word_1_92' title='bbox 722 587 751 615; x_wconf 80' lang='grc' dir='ltr'>δὲ</span> <span class='ocrx_word' id='word_1_93' title='bbox 764 596 898 624; x_wconf 85' lang='grc' dir='ltr'>γραμμα-</span> 
     </span>
    </p>
   </div>
   <div class='ocr_carea' id='block_1_14' title="bbox 111 632 898 670">
    <p class='ocr_par' dir='ltr' id='par_1_14' title="bbox 111 632 898 670">
     <span class='ocr_line' id='line_1_14' title="bbox 111 632 898 670; baseline 0 -10"><span class='ocrx_word' id='word_1_94' title='bbox 111 634 179 660; x_wconf 82' lang='grc' dir='ltr'>τικοὶ</span> <span class='ocrx_word' id='word_1_95' title='bbox 193 633 347 661; x_wconf 81' lang='grc' dir='ltr'>τὰτοιαῦτα</span> <span class='ocrx_word' id='word_1_96' title='bbox 360 634 431 661; x_wconf 82' lang='grc' dir='ltr'>κατὰ</span> <span class='ocrx_word' id='word_1_97' title='bbox 445 634 609 670; x_wconf 82' lang='grc' dir='ltr'>ἀντίφρασιν</span> <span class='ocrx_word' id='word_1_98' title='bbox 623 634 814 670; x_wconf 80' lang='grc' dir='ltr'>ὀνομάζουσιν.</span> <span class='ocrx_word' id='word_1_99' title='bbox 831 632 898 661; x_wconf 86' lang='grc' dir='ltr'>Οῐδα</span> 
     </span>
    </p>
   </div>
   <div class='ocr_carea' id='block_1_15' title="bbox 111 679 898 716">
    <p class='ocr_par' dir='ltr' id='par_1_15' title="bbox 111 679 898 716">
     <span class='ocr_line' id='line_1_15' title="bbox 111 679 898 716; baseline 0 -9"><span class='ocrx_word' id='word_1_100' title='bbox 111 680 139 707; x_wconf 76' lang='grc' dir='ltr'>δέ</span> <span class='ocrx_word' id='word_1_101' title='bbox 156 688 241 713; x_wconf 88' lang='grc' dir='ltr'>τινας,</span> <span class='ocrx_word' id='word_1_102' title='bbox 272 681 338 715; x_wconf 80' lang='grc' dir='ltr'>φησὶ</span> <span class='ocrx_word' id='word_1_103' title='bbox 348 680 382 711; x_wconf 72' lang='grc'><strong>³⁸,</strong></span> <span class='ocrx_word' id='word_1_104' title='bbox 406 679 460 706; x_wconf 86' lang='grc' dir='ltr'>τῶν</span> <span class='ocrx_word' id='word_1_105' title='bbox 480 680 630 714; x_wconf 73' lang='grc' dir='ltr'>φιλολόγων</span> <span class='ocrx_word' id='word_1_106' title='bbox 652 680 699 708; x_wconf 83' lang='grc' dir='ltr'>καὶ</span> <span class='ocrx_word' id='word_1_107' title='bbox 715 682 762 707; x_wconf 83' lang='grc' dir='ltr'>τὸν</span> <span class='ocrx_word' id='word_1_108' title='bbox 781 680 898 716; x_wconf 79' lang='grc' dir='ltr'>πίθηκον</span> 
     </span>
    </p>
   </div>
   <div class='ocr_carea' id='block_1_16' title="bbox 112 725 897 761">
    <p class='ocr_par' dir='ltr' id='par_1_16' title="bbox 112 725 897 761">
     <span class='ocr_line' id='line_1_16' title="bbox 112 725 897 761; baseline 0 -8"><span class='ocrx_word' id='word_1_109' title='bbox 112 725 290 761; x_wconf 74' lang='grc' dir='ltr'>ὀνομάζοντας</span> <span class='ocrx_word' id='word_1_110' title='bbox 305 725 437 753; x_wconf 82' lang='grc' dir='ltr'>Καλλίαν,</span> <span class='ocrx_word' id='word_1_111' title='bbox 471 725 579 752; x_wconf 79' lang='grc' dir='ltr'>Ὀτιτδ</span> <span class='ocrx_word' id='word_1_112' title='bbox 609 726 668 758; x_wconf 82' lang='grc' dir='ltr'><strong>νὺξ</strong></span> <span class='ocrx_word' id='word_1_113' title='bbox 695 725 744 761; x_wconf 86' lang='grc' dir='ltr'>μὲν</span> <span class='ocrx_word' id='word_1_114' title='bbox 771 726 825 752; x_wconf 76' lang='grc' dir='ltr'><strong>ἀπὸ</strong></span> <span class='ocrx_word' id='word_1_115' title='bbox 849 726 897 753; x_wconf 82' lang='grc' dir='ltr'><strong>τοῦ</strong></span> 
     </span>
    </p>
   </div>
   <div class='ocr_carea' id='block_1_17' title="bbox 112 773 897 810">
    <p class='ocr_par' dir='ltr' id='par_1_17' title="bbox 112 773 897 810">
     <span class='ocr_line' id='line_1_17' title="bbox 112 773 897 810; baseline -0.004 -8"><span class='ocrx_word' id='word_1_116' title='bbox 112 774 191 807; x_wconf 69' lang='lat' dir='ltr'><strong>tri-Eu</strong></span> <span class='ocrx_word' id='word_1_117' title='bbox 205 774 312 809; x_wconf 82' lang='grc' dir='ltr'>γέγονε,</span> <span class='ocrx_word' id='word_1_118' title='bbox 323 774 394 801; x_wconf 85' lang='grc' dir='ltr'>κατὰ</span> <span class='ocrx_word' id='word_1_119' title='bbox 423 774 566 810; x_wconf 73' lang='grc' dir='ltr'>ἀποκοπὴν</span> <span class='ocrx_word' id='word_1_120' title='bbox 580 782 587 789; x_wconf 89' lang='grc'>·</span> <span class='ocrx_word' id='word_1_121' title='bbox 602 773 755 808; x_wconf 85' lang='grc' dir='ltr'>νυττόμεθα</span> <span class='ocrx_word' id='word_1_122' title='bbox 782 773 837 808; x_wconf 86' lang='grc' dir='ltr'>γὰρ</span> <span class='ocrx_word' id='word_1_123' title='bbox 867 773 897 800; x_wconf 84' lang='grc' dir='ltr'><strong>ὲν</strong></span> 
     </span>
    </p>
   </div>
   <div class='ocr_carea' id='block_1_18' title="bbox 111 816 897 856">
    <p class='ocr_par' dir='ltr' id='par_1_18' title="bbox 111 816 897 856">
     <span class='ocr_line' id='line_1_18' title="bbox 111 816 897 856; baseline 0 -10"><span class='ocrx_word' id='word_1_124' title='bbox 111 820 150 855; x_wconf 82' lang='grc' dir='ltr'>τῷ</span> <span class='ocrx_word' id='word_1_125' title='bbox 171 820 260 847; x_wconf 86' lang='grc' dir='ltr'>σκότει</span> <span class='ocrx_word' id='word_1_126' title='bbox 283 819 499 856; x_wconf 74' lang='grc' dir='ltr'>προσπταίοντες</span> <span class='ocrx_word' id='word_1_127' title='bbox 517 820 565 847; x_wconf 77' lang='grc' dir='ltr'>καὶ</span> <span class='ocrx_word' id='word_1_128' title='bbox 588 820 638 856; x_wconf 84' lang='grc' dir='ltr'>οὐχ</span> <span class='ocrx_word' id='word_1_129' title='bbox 656 820 774 856; x_wconf 84' lang='grc' dir='ltr'>ὁρῶντες</span> <span class='ocrx_word' id='word_1_130' title='bbox 787 840 794 854; x_wconf 82' lang='grc'><em>,</em></span> <span class='ocrx_word' id='word_1_131' title='bbox 815 820 845 853; x_wconf 77' lang='grc' dir='ltr'><strong>ἐξ</strong></span> <span class='ocrx_word' id='word_1_132' title='bbox 860 816 897 846; x_wconf 81' lang='grc' dir='ltr'>ὢν</span> 
     </span>
    </p>
   </div>
   <div class='ocr_carea' id='block_1_19' title="bbox 112 865 898 902">
    <p class='ocr_par' dir='ltr' id='par_1_19' title="bbox 112 865 898 902">
     <span class='ocr_line' id='line_1_19' title="bbox 112 865 898 902; baseline 0 -10"><span class='ocrx_word' id='word_1_133' title='bbox 112 866 206 902; x_wconf 88' lang='grc' dir='ltr'>νυγμοί</span> <span class='ocrx_word' id='word_1_134' title='bbox 229 874 259 892; x_wconf 82' lang='grc' dir='ltr'><strong>τε</strong></span> <span class='ocrx_word' id='word_1_135' title='bbox 281 867 327 893; x_wconf 74' lang='grc' dir='ltr'><strong>καὶ</strong></span> <span class='ocrx_word' id='word_1_136' title='bbox 343 866 456 901; x_wconf 88' lang='grc' dir='ltr'>πληγαί.</span> <span class='ocrx_word' id='word_1_137' title='bbox 482 866 567 893; x_wconf 80' lang='grc' dir='ltr'><strong>Πέντε</strong></span> <span class='ocrx_word' id='word_1_138' title='bbox 589 866 618 892; x_wconf 78' lang='grc' dir='ltr'>δέ</span> <span class='ocrx_word' id='word_1_139' title='bbox 634 866 687 892; x_wconf 86' lang='grc' dir='ltr'>εισι</span> <span class='ocrx_word' id='word_1_140' title='bbox 711 865 898 901; x_wconf 88' lang='grc' dir='ltr'>μονοσύλλαϐα</span> 
     </span>
    </p>
   </div>
   <div class='ocr_carea' id='block_1_20' title="bbox 112 911 897 948">
    <p class='ocr_par' dir='ltr' id='par_1_20' title="bbox 112 911 897 948">
     <span class='ocr_line' id='line_1_20' title="bbox 112 911 897 948; baseline 0.001 -10"><span class='ocrx_word' id='word_1_141' title='bbox 112 913 150 943; x_wconf 82' lang='grc' dir='ltr'><strong>εἰς</strong></span> <span class='ocrx_word' id='word_1_142' title='bbox 179 911 218 944; x_wconf 81' lang='grc' dir='ltr'>υξ</span> <span class='ocrx_word' id='word_1_143' title='bbox 238 912 356 947; x_wconf 85' lang='grc' dir='ltr'>λήγοντα</span> <span class='ocrx_word' id='word_1_144' title='bbox 381 912 496 948; x_wconf 82' lang='grc' dir='ltr'>θηλυκὰ,</span> <span class='ocrx_word' id='word_1_145' title='bbox 525 912 611 947; x_wconf 76' lang='grc' dir='ltr'>τρὺξ,</span> <span class='ocrx_word' id='word_1_146' title='bbox 624 911 720 945; x_wconf 83' lang='grc' dir='ltr'>στὺξ,</span> <span class='ocrx_word' id='word_1_147' title='bbox 733 911 802 945; x_wconf 72' lang='grc' dir='ltr'><strong>νὺξ1</strong></span> <span class='ocrx_word' id='word_1_148' title='bbox 818 911 897 945; x_wconf 81' lang='grc' dir='ltr'>πτὺξ</span> 
     </span>
    </p>
   </div>
   <div class='ocr_carea' id='block_1_21' title="bbox 112 956 897 993">
    <p class='ocr_par' dir='ltr' id='par_1_21' title="bbox 112 956 897 993">
     <span class='ocr_line' id='line_1_21' title="bbox 112 956 897 993; baseline -0.003 -9"><span class='ocrx_word' id='word_1_149' title='bbox 112 957 158 984; x_wconf 77' lang='grc' dir='ltr'><strong>καὶ</strong></span> <span class='ocrx_word' id='word_1_150' title='bbox 171 957 262 990; x_wconf 73' lang='grc' dir='ltr'>πνύξ.</span> <span class='ocrx_word' id='word_1_151' title='bbox 279 956 388 984; x_wconf 86' lang='grc' dir='ltr'>Τούτων</span> <span class='ocrx_word' id='word_1_152' title='bbox 402 957 446 984; x_wconf 86' lang='grc' dir='ltr'><strong>διὰ</strong></span> <span class='ocrx_word' id='word_1_153' title='bbox 463 957 511 993; x_wconf 84' lang='grc' dir='ltr'><strong>μὲν</strong></span> <span class='ocrx_word' id='word_1_154' title='bbox 522 956 570 983; x_wconf 81' lang='grc' dir='ltr'>τοῦ</span> <span class='ocrx_word' id='word_1_155' title='bbox 586 966 605 992; x_wconf 78' lang='grc' dir='ltr'><strong><em>γ</em></strong></span> <span class='ocrx_word' id='word_1_156' title='bbox 626 956 755 989; x_wconf 82' lang='grc' dir='ltr'>κλίνεται,</span> <span class='ocrx_word' id='word_1_157' title='bbox 768 956 800 982; x_wconf 81' lang='grc' dir='ltr'>τὸ</span> <span class='ocrx_word' id='word_1_158' title='bbox 823 956 897 990; x_wconf 78' lang='grc' dir='ltr'>τρὺξ</span> 
     </span>
    </p>
   </div>
   <div class='ocr_carea' id='block_1_22' title="bbox 111 1002 896 1038">
    <p class='ocr_par' dir='ltr' id='par_1_22' title="bbox 111 1002 896 1038">
     <span class='ocr_line' id='line_1_22' title="bbox 111 1002 896 1038; baseline 0 -8"><span class='ocrx_word' id='word_1_159' title='bbox 111 1004 158 1030; x_wconf 85' lang='grc' dir='ltr'>καὶ</span> <span class='ocrx_word' id='word_1_160' title='bbox 172 1003 203 1030; x_wconf 79' lang='grc' dir='ltr'><strong>τὸ</strong></span> <span class='ocrx_word' id='word_1_161' title='bbox 211 1003 298 1037; x_wconf 81' lang='grc' dir='ltr'>στύξ·</span> <span class='ocrx_word' id='word_1_162' title='bbox 311 1003 356 1030; x_wconf 81' lang='grc' dir='ltr'><strong>διὰ</strong></span> <span class='ocrx_word' id='word_1_163' title='bbox 371 1003 400 1030; x_wconf 77' lang='grc' dir='ltr'>δὲ</span> <span class='ocrx_word' id='word_1_164' title='bbox 414 1003 461 1030; x_wconf 83' lang='grc' dir='ltr'>τοῦ</span> <span class='ocrx_word' id='word_1_165' title='bbox 470 1013 489 1038; x_wconf 85' lang='grc' dir='ltr'><strong>χ</strong></span> <span class='ocrx_word' id='word_1_166' title='bbox 498 1003 528 1030; x_wconf 82' lang='grc' dir='ltr'><strong>τὺ</strong></span> <span class='ocrx_word' id='word_1_167' title='bbox 543 1003 622 1037; x_wconf 81' lang='grc' dir='ltr'>πτὺε</span> <span class='ocrx_word' id='word_1_168' title='bbox 630 1003 678 1030; x_wconf 75' lang='grc' dir='ltr'>καὶ</span> <span class='ocrx_word' id='word_1_169' title='bbox 690 1003 721 1030; x_wconf 77' lang='grc' dir='ltr'>τὸ</span> <span class='ocrx_word' id='word_1_170' title='bbox 732 1002 802 1036; x_wconf 80' lang='grc' dir='ltr'>νύξ.</span> <span class='ocrx_word' id='word_1_171' title='bbox 815 1003 896 1035; x_wconf 83' lang='grc' dir='ltr'><strong>Πτὺξ</strong></span> 
     </span>
    </p>
   </div>
   <div class='ocr_carea' id='block_1_23' title="bbox 949 405 1735 444">
    <p class='ocr_par' dir='ltr' id='par_1_23' title="bbox 949 405 1735 444">
     <span class='ocr_line' id='line_1_23' title="bbox 949 405 1735 444; baseline 0.003 -12"><span class='ocrx_word' id='word_1_172' title='bbox 949 410 1020 438; x_wconf 86' lang='lat' dir='ltr'><strong>rent,</strong></span> <span class='ocrx_word' id='word_1_173' title='bbox 1038 405 1156 432; x_wconf 82' lang='lat' dir='ltr'><strong>maxime</strong></span> <span class='ocrx_word' id='word_1_174' title='bbox 1175 412 1241 432; x_wconf 89' lang='lat' dir='ltr'><strong>vero</strong></span> <span class='ocrx_word' id='word_1_175' title='bbox 1264 405 1457 434; x_wconf 84' lang='lat' dir='ltr'><strong>Athenienses.</strong></span> <span class='ocrx_word' id='word_1_176' title='bbox 1475 406 1536 434; x_wconf 88' lang='lat' dir='ltr'><strong>ideo</strong></span> <span class='ocrx_word' id='word_1_177' title='bbox 1551 411 1578 435; x_wconf 84' lang='lat' dir='ltr'><strong>et.</strong></span> <span class='ocrx_word' id='word_1_178' title='bbox 1594 407 1735 444; x_wconf 80' lang='grc' dir='ltr'>δεσμωτὴ-</span> 
     </span>
    </p>
   </div>
   <div class='ocr_carea' id='block_1_24' title="bbox 949 452 1736 488">
    <p class='ocr_par' dir='ltr' id='par_1_24' title="bbox 949 452 1736 488">
     <span class='ocr_line' id='line_1_24' title="bbox 949 452 1736 488; baseline 0.004 -10"><span class='ocrx_word' id='word_1_179' title='bbox 949 460 1016 488; x_wconf 84' lang='grc' dir='ltr'>ριον,</span> <span class='ocrx_word' id='word_1_180' title='bbox 1029 460 1169 485; x_wconf 83' lang='lat' dir='ltr'><strong>carcerem,</strong></span> <span class='ocrx_word' id='word_1_181' title='bbox 1183 452 1286 486; x_wconf 74' lang='grc' dir='ltr'>οἴκημα</span> <span class='ocrx_word' id='word_1_182' title='bbox 1301 452 1475 485; x_wconf 77' lang='lat' dir='ltr'><strong>vncabant,et</strong></span> <span class='ocrx_word' id='word_1_183' title='bbox 1490 453 1575 488; x_wconf 79' lang='grc' dir='ltr'>δῆμον</span> <span class='ocrx_word' id='word_1_184' title='bbox 1586 454 1736 488; x_wconf 80' lang='lat' dir='ltr'><strong>carniﬁcem</strong></span> 
     </span>
    </p>
   </div>
   <div class='ocr_carea' id='block_1_25' title="bbox 947 497 1738 534">
    <p class='ocr_par' dir='ltr' id='par_1_25' title="bbox 947 497 1738 534">
     <span class='ocr_line' id='line_1_25' title="bbox 947 497 1738 534; baseline 0.005 -10"><span class='ocrx_word' id='word_1_185' title='bbox 947 498 1036 524; x_wconf 79' lang='grc' dir='ltr'>κοινὸν</span> <span class='ocrx_word' id='word_1_186' title='bbox 1051 497 1241 532; x_wconf 76' lang='lat' dir='ltr'><strong>appellabant,</strong></span> <span class='ocrx_word' id='word_1_187' title='bbox 1258 498 1382 534; x_wconf 80' lang='grc' dir='ltr'>ἐριννύας</span> <span class='ocrx_word' id='word_1_188' title='bbox 1401 499 1576 532; x_wconf 84' lang='lat' dir='ltr'><strong>Eumenides,</strong></span> <span class='ocrx_word' id='word_1_189' title='bbox 1596 500 1638 527; x_wconf 90' lang='lat' dir='ltr'><strong>vel</strong></span> <span class='ocrx_word' id='word_1_190' title='bbox 1655 508 1738 528; x_wconf 85' lang='lat' dir='ltr'><strong>vene-</strong></span> 
     </span>
    </p>
   </div>
   <div class='ocr_carea' id='block_1_26' title="bbox 948 543 1735 580">
    <p class='ocr_par' dir='ltr' id='par_1_26' title="bbox 948 543 1735 580">
     <span class='ocr_line' id='line_1_26' title="bbox 948 543 1735 580; baseline 0.006 -10"><span class='ocrx_word' id='word_1_191' title='bbox 948 544 1048 571; x_wconf 83' lang='lat' dir='ltr'><strong>randas</strong></span> <span class='ocrx_word' id='word_1_192' title='bbox 1077 543 1153 576; x_wconf 71' lang='lat' dir='ltr'><strong>deas,</strong></span> <span class='ocrx_word' id='word_1_193' title='bbox 1190 543 1274 579; x_wconf 83' lang='grc' dir='ltr'>μῦσος</span> <span class='ocrx_word' id='word_1_194' title='bbox 1300 544 1457 572; x_wconf 81' lang='lat' dir='ltr'><strong>sceleratum</strong></span> <span class='ocrx_word' id='word_1_195' title='bbox 1482 546 1616 573; x_wconf 87' lang='lat' dir='ltr'><strong>vocabant</strong></span> <span class='ocrx_word' id='word_1_196' title='bbox 1645 546 1735 580; x_wconf 75' lang='grc' dir='ltr'>ἄγοςε</span> 
     </span>
    </p>
   </div>
   <div class='ocr_carea' id='block_1_27' title="bbox 949 589 1736 627">
    <p class='ocr_par' dir='ltr' id='par_1_27' title="bbox 949 589 1736 627">
     <span class='ocr_line' id='line_1_27' title="bbox 949 589 1736 627; baseline 0.003 -11"><span class='ocrx_word' id='word_1_197' title='bbox 949 589 1010 623; x_wconf 76' lang='grc' dir='ltr'>ὅξος</span> <span class='ocrx_word' id='word_1_198' title='bbox 1038 590 1126 616; x_wconf 83' lang='lat' dir='ltr'><strong>vinum</strong></span> <span class='ocrx_word' id='word_1_199' title='bbox 1170 597 1291 616; x_wconf 77' lang='lat' dir='ltr'><strong>acescens</strong></span> <span class='ocrx_word' id='word_1_200' title='bbox 1319 590 1381 625; x_wconf 80' lang='grc' dir='ltr'>μέλι</span> <span class='ocrx_word' id='word_1_201' title='bbox 1413 591 1592 619; x_wconf 87' lang='lat' dir='ltr'><strong>nominabant</strong></span> <span class='ocrx_word' id='word_1_202' title='bbox 1619 589 1736 627; x_wconf 75' lang='grc' dir='ltr'>ε’χολὴν,</span> 
     </span>
    </p>
   </div>
   <div class='ocr_carea' id='block_1_28' title="bbox 948 635 1738 672">
    <p class='ocr_par' dir='ltr' id='par_1_28' title="bbox 948 635 1738 672">
     <span class='ocr_line' id='line_1_28' title="bbox 948 635 1738 672; baseline 0.003 -10"><span class='ocrx_word' id='word_1_203' title='bbox 948 635 1098 670; x_wconf 82' lang='grc' dir='ltr'>γλυκεῖαν;</span> <span class='ocrx_word' id='word_1_204' title='bbox 1129 635 1258 671; x_wconf 81' lang='grc' dir='ltr'>βόρϐορον</span> <span class='ocrx_word' id='word_1_205' title='bbox 1274 635 1360 662; x_wconf 86' lang='lat' dir='ltr'><strong>lutum</strong></span> <span class='ocrx_word' id='word_1_206' title='bbox 1373 655 1382 669; x_wconf 90' lang='lat'><strong>,</strong></span> <span class='ocrx_word' id='word_1_207' title='bbox 1408 636 1513 672; x_wconf 74' lang='grc' dir='ltr'>ὀχετὸν,</span> <span class='ocrx_word' id='word_1_208' title='bbox 1531 636 1579 665; x_wconf 87' lang='lat' dir='ltr'><strong>sed</strong></span> <span class='ocrx_word' id='word_1_209' title='bbox 1600 645 1738 671; x_wconf 62' lang='lat' dir='ltr'><strong>gramma-</strong></span> 
     </span>
    </p>
   </div>
   <div class='ocr_carea' id='block_1_29' title="bbox 948 681 1737 716">
    <p class='ocr_par' dir='ltr' id='par_1_29' title="bbox 948 681 1737 716">
     <span class='ocr_line' id='line_1_29' title="bbox 948 681 1737 716; baseline 0.001 -8"><span class='ocrx_word' id='word_1_210' title='bbox 948 681 996 708; x_wconf 86' lang='lat' dir='ltr'><strong>tici</strong></span> <span class='ocrx_word' id='word_1_211' title='bbox 1024 681 1068 708; x_wconf 87' lang='lat' dir='ltr'><strong>illa</strong></span> <span class='ocrx_word' id='word_1_212' title='bbox 1095 689 1144 716; x_wconf 81' lang='lat' dir='ltr'><strong>per</strong></span> <span class='ocrx_word' id='word_1_213' title='bbox 1168 681 1347 716; x_wconf 88' lang='lat' dir='ltr'><strong>antiphrasim</strong></span> <span class='ocrx_word' id='word_1_214' title='bbox 1377 682 1531 708; x_wconf 85' lang='lat' dir='ltr'><strong>nominant.</strong></span> <span class='ocrx_word' id='word_1_215' title='bbox 1558 681 1628 709; x_wconf 84' lang='lat' dir='ltr'><strong>Novi</strong></span> <span class='ocrx_word' id='word_1_216' title='bbox 1653 683 1737 710; x_wconf 88' lang='lat' dir='ltr'><strong>etiam</strong></span> 
     </span>
    </p>
   </div>
   <div class='ocr_carea' id='block_1_30' title="bbox 947 727 1736 763">
    <p class='ocr_par' dir='ltr' id='par_1_30' title="bbox 947 727 1736 763">
     <span class='ocr_line' id='line_1_30' title="bbox 947 727 1736 763; baseline 0.004 -10"><span class='ocrx_word' id='word_1_217' title='bbox 947 727 1078 762; x_wconf 87' lang='lat' dir='ltr'><strong>quosdam</strong></span> <span class='ocrx_word' id='word_1_218' title='bbox 1090 727 1278 762; x_wconf 86' lang='lat' dir='ltr'><strong>philosophos.</strong></span> <span class='ocrx_word' id='word_1_219' title='bbox 1287 727 1334 763; x_wconf 89' lang='lat' dir='ltr'><strong>qui</strong></span> <span class='ocrx_word' id='word_1_220' title='bbox 1346 728 1455 755; x_wconf 82' lang='lat' dir='ltr'><strong>simiam</strong></span> <span class='ocrx_word' id='word_1_221' title='bbox 1463 728 1577 755; x_wconf 84' lang='lat' dir='ltr'><strong>Calliam</strong></span> <span class='ocrx_word' id='word_1_222' title='bbox 1590 734 1736 756; x_wconf 90' lang='lat' dir='ltr'><strong>vocarunt.</strong></span> 
     </span>
    </p>
   </div>
   <div class='ocr_carea' id='block_1_31' title="bbox 947 773 1739 810">
    <p class='ocr_par' dir='ltr' id='par_1_31' title="bbox 947 773 1739 810">
     <span class='ocr_line' id='line_1_31' title="bbox 947 773 1739 810; baseline 0.004 -10"><span class='ocrx_word' id='word_1_223' title='bbox 947 773 1016 806; x_wconf 82' lang='grc' dir='ltr'><strong>Νὺξ,</strong></span> <span class='ocrx_word' id='word_1_224' title='bbox 1043 781 1107 806; x_wconf 69' lang='lat' dir='ltr'><strong>nox,</strong></span> <span class='ocrx_word' id='word_1_225' title='bbox 1136 781 1152 801; x_wconf 91' lang='lat' dir='ltr'><strong>a</strong></span> <span class='ocrx_word' id='word_1_226' title='bbox 1179 773 1261 806; x_wconf 84' lang='grc' dir='ltr'><strong>νύξω,</strong></span> <span class='ocrx_word' id='word_1_227' title='bbox 1273 774 1299 801; x_wconf 85' lang='lat' dir='ltr'><strong>id</strong></span> <span class='ocrx_word' id='word_1_228' title='bbox 1314 779 1356 802; x_wconf 85' lang='lat' dir='ltr'><strong>est</strong></span> <span class='ocrx_word' id='word_1_229' title='bbox 1376 774 1495 807; x_wconf 78' lang='lat' dir='ltr'><strong>stimulo,</strong></span> <span class='ocrx_word' id='word_1_230' title='bbox 1512 774 1613 802; x_wconf 77' lang='lat' dir='ltr'><strong>factum</strong></span> <span class='ocrx_word' id='word_1_231' title='bbox 1630 779 1673 803; x_wconf 91' lang='lat' dir='ltr'><strong>est</strong></span> <span class='ocrx_word' id='word_1_232' title='bbox 1690 783 1739 810; x_wconf 83' lang='lat' dir='ltr'><strong>per</strong></span> 
     </span>
    </p>
   </div>
   <div class='ocr_carea' id='block_1_32' title="bbox 947 818 1738 855">
    <p class='ocr_par' dir='ltr' id='par_1_32' title="bbox 947 818 1738 855">
     <span class='ocr_line' id='line_1_32' title="bbox 947 818 1738 855; baseline 0.003 -9"><span class='ocrx_word' id='word_1_233' title='bbox 947 826 1096 855; x_wconf 87' lang='lat' dir='ltr'><strong>apocopen.</strong></span> <span class='ocrx_word' id='word_1_234' title='bbox 1111 818 1292 847; x_wconf 84' lang='lat' dir='ltr'><strong>Stimulamur</strong></span> <span class='ocrx_word' id='word_1_235' title='bbox 1303 820 1377 847; x_wconf 94' lang='lat' dir='ltr'><strong>enim</strong></span> <span class='ocrx_word' id='word_1_236' title='bbox 1391 820 1418 848; x_wconf 92' lang='lat' dir='ltr'><strong>in</strong></span> <span class='ocrx_word' id='word_1_237' title='bbox 1436 821 1558 848; x_wconf 72' lang='lat' dir='ltr'><strong>tenebris</strong></span> <span class='ocrx_word' id='word_1_238' title='bbox 1569 821 1738 849; x_wconf 81' lang='lat' dir='ltr'><strong>oll‘endentes</strong></span> 
     </span>
    </p>
   </div>
   <div class='ocr_carea' id='block_1_33' title="bbox 946 864 1738 899">
    <p class='ocr_par' dir='ltr' id='par_1_33' title="bbox 946 864 1738 899">
     <span class='ocr_line' id='line_1_33' title="bbox 946 864 1738 899; baseline 0.004 -8"><span class='ocrx_word' id='word_1_239' title='bbox 946 869 974 892; x_wconf 89' lang='lat' dir='ltr'><strong>et</strong></span> <span class='ocrx_word' id='word_1_240' title='bbox 990 871 1046 892; x_wconf 90' lang='lat' dir='ltr'><strong>non</strong></span> <span class='ocrx_word' id='word_1_241' title='bbox 1062 864 1202 893; x_wconf 79' lang='lat' dir='ltr'><strong>videntes:</strong></span> <span class='ocrx_word' id='word_1_242' title='bbox 1217 865 1290 892; x_wconf 88' lang='lat' dir='ltr'><strong>unde</strong></span> <span class='ocrx_word' id='word_1_243' title='bbox 1302 869 1329 892; x_wconf 91' lang='lat' dir='ltr'><strong>et</strong></span> <span class='ocrx_word' id='word_1_244' title='bbox 1341 865 1455 893; x_wconf 83' lang='lat' dir='ltr'><strong>vulnera</strong></span> <span class='ocrx_word' id='word_1_245' title='bbox 1478 870 1505 893; x_wconf 88' lang='lat' dir='ltr'><strong>et</strong></span> <span class='ocrx_word' id='word_1_246' title='bbox 1521 866 1637 893; x_wconf 81' lang='lat' dir='ltr'><strong>laesurae.</strong></span> <span class='ocrx_word' id='word_1_247' title='bbox 1653 866 1738 899; x_wconf 85' lang='lat' dir='ltr'><strong>Quin-</strong></span> 
     </span>
    </p>
   </div>
   <div class='ocr_carea' id='block_1_34' title="bbox 947 909 1735 945">
    <p class='ocr_par' dir='ltr' id='par_1_34' title="bbox 947 909 1735 945">
     <span class='ocr_line' id='line_1_34' title="bbox 947 909 1735 945; baseline 0.003 -9"><span class='ocrx_word' id='word_1_248' title='bbox 947 917 1000 945; x_wconf 89' lang='lat' dir='ltr'><strong>que</strong></span> <span class='ocrx_word' id='word_1_249' title='bbox 1015 913 1080 936; x_wconf 92' lang='lat' dir='ltr'><strong>sunt</strong></span> <span class='ocrx_word' id='word_1_250' title='bbox 1099 909 1287 945; x_wconf 84' lang='lat' dir='ltr'><strong>monosyllaba</strong></span> <span class='ocrx_word' id='word_1_251' title='bbox 1302 909 1330 938; x_wconf 91' lang='lat' dir='ltr'><strong>in</strong></span> <span class='ocrx_word' id='word_1_252' title='bbox 1355 910 1388 943; x_wconf 79' lang='grc' dir='ltr'>υξ</span> <span class='ocrx_word' id='word_1_253' title='bbox 1413 911 1567 938; x_wconf 85' lang='lat' dir='ltr'><strong>desinentia</strong></span> <span class='ocrx_word' id='word_1_254' title='bbox 1583 911 1714 938; x_wconf 82' lang='lat' dir='ltr'><strong>feminina</strong></span> <span class='ocrx_word' id='word_1_255' title='bbox 1728 921 1735 938; x_wconf 94' lang='lat'><strong>:</strong></span> 
     </span>
    </p>
   </div>
   <div class='ocr_carea' id='block_1_35' title="bbox 946 951 1738 987">
    <p class='ocr_par' dir='ltr' id='par_1_35' title="bbox 946 951 1738 987">
     <span class='ocr_line' id='line_1_35' title="bbox 946 951 1738 987; baseline 0.004 -9"><span class='ocrx_word' id='word_1_256' title='bbox 946 951 1024 986; x_wconf 78' lang='grc' dir='ltr'>τρὺξ,</span> <span class='ocrx_word' id='word_1_257' title='bbox 1042 952 1105 986; x_wconf 66' lang='lat' dir='ltr'><em>(ww,</em></span> <span class='ocrx_word' id='word_1_258' title='bbox 1133 952 1208 985; x_wconf 79' lang='grc' dir='ltr'>στὺξ,</span> <span class='ocrx_word' id='word_1_259' title='bbox 1223 953 1302 987; x_wconf 86' lang='lat' dir='ltr'><strong>palus</strong></span> <span class='ocrx_word' id='word_1_260' title='bbox 1333 953 1491 985; x_wconf 79' lang='lat' dir='ltr'><strong>inferorum,</strong></span> <span class='ocrx_word' id='word_1_261' title='bbox 1509 953 1557 986; x_wconf 81' lang='grc' dir='ltr'><strong>νύξ</strong></span> <span class='ocrx_word' id='word_1_262' title='bbox 1574 962 1637 987; x_wconf 84' lang='lat' dir='ltr'><strong>nox,</strong></span> <span class='ocrx_word' id='word_1_263' title='bbox 1668 955 1738 986; x_wconf 76' lang='grc' dir='ltr'>πτὺε</span> 
     </span>
    </p>
   </div>
   <div class='ocr_carea' id='block_1_36' title="bbox 947 994 1738 1029">
    <p class='ocr_par' dir='ltr' id='par_1_36' title="bbox 947 994 1738 1029">
     <span class='ocr_line' id='line_1_36' title="bbox 947 994 1738 1029; baseline 0.006 -8"><span class='ocrx_word' id='word_1_264' title='bbox 947 994 1090 1029; x_wconf 81' lang='lat' dir='ltr'><strong>plicatura,</strong></span> <span class='ocrx_word' id='word_1_265' title='bbox 1106 1001 1133 1023; x_wconf 91' lang='lat' dir='ltr'><strong>et</strong></span> <span class='ocrx_word' id='word_1_266' title='bbox 1148 995 1218 1028; x_wconf 79' lang='grc' dir='ltr'>πνὺξ</span> <span class='ocrx_word' id='word_1_267' title='bbox 1235 996 1333 1024; x_wconf 88' lang='lat' dir='ltr'><strong>concio</strong></span> <span class='ocrx_word' id='word_1_268' title='bbox 1348 997 1463 1025; x_wconf 84' lang='lat' dir='ltr'><strong>Athenis</strong></span> <span class='ocrx_word' id='word_1_269' title='bbox 1476 1005 1524 1026; x_wconf 88' lang='lat' dir='ltr'><strong>seu</strong></span> <span class='ocrx_word' id='word_1_270' title='bbox 1539 998 1670 1025; x_wconf 85' lang='lat' dir='ltr'><strong>tribunal.</strong></span> <span class='ocrx_word' id='word_1_271' title='bbox 1686 998 1738 1026; x_wconf 89' lang='lat' dir='ltr'><strong>Per</strong></span> 
     </span>
    </p>
   </div>
   <div class='ocr_carea' id='block_1_37' title="bbox 110 1041 897 1085">
    <p class='ocr_par' dir='ltr' id='par_1_37' title="bbox 110 1046 897 1085">
     <span class='ocr_line' id='line_1_37' title="bbox 110 1046 897 1085; baseline 0 -9"><span class='ocrx_word' id='word_1_272' title='bbox 110 1052 164 1084; x_wconf 75' lang='grc' dir='ltr'><strong>γὰρ</strong></span> <span class='ocrx_word' id='word_1_273' title='bbox 183 1050 298 1085; x_wconf 80' lang='grc' dir='ltr'>πτυχὸς</span> <span class='ocrx_word' id='word_1_274' title='bbox 314 1049 361 1076; x_wconf 70' lang='grc' dir='ltr'>καὶ</span> <span class='ocrx_word' id='word_1_275' title='bbox 373 1049 432 1082; x_wconf 82' lang='grc' dir='ltr'><strong>νὺξ</strong></span> <span class='ocrx_word' id='word_1_276' title='bbox 445 1049 550 1084; x_wconf 82' lang='grc' dir='ltr'>νυχὸς,</span> <span class='ocrx_word' id='word_1_277' title='bbox 563 1049 593 1082; x_wconf 77' lang='grc' dir='ltr'><strong>ἐξ</strong></span> <span class='ocrx_word' id='word_1_278' title='bbox 609 1046 641 1077; x_wconf 72' lang='grc' dir='ltr'><strong>οὗ</strong></span> <span class='ocrx_word' id='word_1_279' title='bbox 656 1049 703 1076; x_wconf 81' lang='grc' dir='ltr'>καὶ</span> <span class='ocrx_word' id='word_1_280' title='bbox 711 1049 865 1084; x_wconf 81' lang='grc' dir='ltr'>πάννυχος</span> <span class='ocrx_word' id='word_1_281' title='bbox 877 1049 897 1065; x_wconf 77' lang='grc'><strong><em>⁵⁸</em></strong></span> 
     </span>
    </p>
   </div>
   <div class='ocr_carea' id='block_1_38' title="bbox 949 1041 1736 1085">
    <p class='ocr_par' dir='ltr' id='par_1_38' title="bbox 950 1041 1736 1079">
     <span class='ocr_line' id='line_1_38' title="bbox 950 1041 1736 1079; baseline 0.004 -11"><span class='ocrx_word' id='word_1_282' title='bbox 950 1048 967 1075; x_wconf 85' lang='grc' dir='ltr'><strong>γ</strong></span> <span class='ocrx_word' id='word_1_283' title='bbox 983 1041 1155 1069; x_wconf 85' lang='lat' dir='ltr'><strong>declinantur</strong></span> <span class='ocrx_word' id='word_1_284' title='bbox 1168 1041 1246 1077; x_wconf 81' lang='grc' dir='ltr'>τρὺξ,</span> <span class='ocrx_word' id='word_1_285' title='bbox 1275 1047 1303 1070; x_wconf 90' lang='lat' dir='ltr'><strong>et</strong></span> <span class='ocrx_word' id='word_1_286' title='bbox 1330 1042 1404 1075; x_wconf 80' lang='grc' dir='ltr'>στὺξ,</span> <span class='ocrx_word' id='word_1_287' title='bbox 1420 1050 1469 1079; x_wconf 87' lang='lat' dir='ltr'><strong>per</strong></span> <span class='ocrx_word' id='word_1_288' title='bbox 1480 1051 1508 1078; x_wconf 91' lang='grc' dir='ltr'>χ.</span> <span class='ocrx_word' id='word_1_289' title='bbox 1525 1043 1606 1075; x_wconf 76' lang='grc' dir='ltr'>πτὺξ,</span> <span class='ocrx_word' id='word_1_290' title='bbox 1621 1048 1649 1071; x_wconf 88' lang='lat' dir='ltr'><strong>et</strong></span> <span class='ocrx_word' id='word_1_291' title='bbox 1670 1044 1736 1077; x_wconf 57' lang='lat' dir='ltr'><strong>vita:</strong></span> 
     </span>
    </p>
   </div>
   <div class='ocr_carea' id='block_1_39' title="bbox 111 1094 899 1130">
    <p class='ocr_par' dir='ltr' id='par_1_39' title="bbox 111 1094 899 1130">
     <span class='ocr_line' id='line_1_39' title="bbox 111 1094 899 1130; baseline -0.003 -8"><span class='ocrx_word' id='word_1_292' title='bbox 111 1096 156 1122; x_wconf 78' lang='grc' dir='ltr'>καὶ</span> <span class='ocrx_word' id='word_1_293' title='bbox 169 1095 321 1129; x_wconf 73' lang='grc' dir='ltr'><strong>παννυχὶς</strong></span> <span class='ocrx_word' id='word_1_294' title='bbox 342 1095 390 1122; x_wconf 79' lang='grc' dir='ltr'>καὶ</span> <span class='ocrx_word' id='word_1_295' title='bbox 408 1095 590 1130; x_wconf 81' lang='grc' dir='ltr'>παννύχιον,</span> <span class='ocrx_word' id='word_1_296' title='bbox 609 1094 741 1122; x_wconf 77' lang='grc' dir='ltr'>καὶκατὰ</span> <span class='ocrx_word' id='word_1_297' title='bbox 767 1094 899 1121; x_wconf 85' lang='grc' dir='ltr'>ἀντιστοι-</span> 
     </span>
    </p>
   </div>
   <div class='ocr_carea' id='block_1_40' title="bbox 111 1140 899 1176">
    <p class='ocr_par' dir='ltr' id='par_1_40' title="bbox 111 1140 899 1176">
     <span class='ocr_line' id='line_1_40' title="bbox 111 1140 899 1176; baseline 0.001 -9"><span class='ocrx_word' id='word_1_298' title='bbox 111 1141 170 1176; x_wconf 87' lang='grc' dir='ltr'>χίαν</span> <span class='ocrx_word' id='word_1_299' title='bbox 185 1142 288 1174; x_wconf 81' lang='grc' dir='ltr'>νυκὸς,</span> <span class='ocrx_word' id='word_1_300' title='bbox 301 1140 349 1168; x_wconf 78' lang='grc' dir='ltr'>καὶ</span> <span class='ocrx_word' id='word_1_301' title='bbox 363 1141 503 1168; x_wconf 84' lang='grc' dir='ltr'>ὲπενθέσει</span> <span class='ocrx_word' id='word_1_302' title='bbox 517 1140 564 1168; x_wconf 79' lang='grc' dir='ltr'>τοῦ</span> <span class='ocrx_word' id='word_1_303' title='bbox 578 1150 593 1168; x_wconf 89' lang='grc' dir='ltr'><strong>τ</strong></span> <span class='ocrx_word' id='word_1_304' title='bbox 609 1141 720 1174; x_wconf 84' lang='grc' dir='ltr'>νυκτός</span> <span class='ocrx_word' id='word_1_305' title='bbox 730 1148 738 1156; x_wconf 91' lang='grc'><strong>·</strong></span> <span class='ocrx_word' id='word_1_306' title='bbox 753 1140 827 1175; x_wconf 90' lang='grc' dir='ltr'>φιλεῖ</span> <span class='ocrx_word' id='word_1_307' title='bbox 845 1141 899 1176; x_wconf 84' lang='grc' dir='ltr'><strong>γὰρ</strong></span> 
     </span>
    </p>
   </div>
   <div class='ocr_carea' id='block_1_41' title="bbox 111 1185 899 1222">
    <p class='ocr_par' dir='ltr' id='par_1_41' title="bbox 111 1185 899 1222">
     <span class='ocr_line' id='line_1_41' title="bbox 111 1185 899 1222; baseline 0 -10"><span class='ocrx_word' id='word_1_308' title='bbox 111 1186 268 1219; x_wconf 79' lang='grc' dir='ltr'>πλεονάζειν</span> <span class='ocrx_word' id='word_1_309' title='bbox 292 1188 322 1213; x_wconf 84' lang='grc' dir='ltr'>ὲν</span> <span class='ocrx_word' id='word_1_310' title='bbox 349 1187 409 1218; x_wconf 82' lang='grc' dir='ltr'>ταῖς</span> <span class='ocrx_word' id='word_1_311' title='bbox 431 1188 554 1221; x_wconf 87' lang='grc' dir='ltr'>γενικαῖς</span> <span class='ocrx_word' id='word_1_312' title='bbox 569 1186 598 1214; x_wconf 84' lang='grc' dir='ltr'><strong>τὺ</strong></span> <span class='ocrx_word' id='word_1_313' title='bbox 623 1195 649 1220; x_wconf 86' lang='grc' dir='ltr'>τ,</span> <span class='ocrx_word' id='word_1_314' title='bbox 665 1186 760 1222; x_wconf 86' lang='grc' dir='ltr'>ὥσπερ</span> <span class='ocrx_word' id='word_1_315' title='bbox 784 1187 832 1213; x_wconf 74' lang='grc' dir='ltr'><strong>ἐπὶ</strong></span> <span class='ocrx_word' id='word_1_316' title='bbox 850 1185 899 1213; x_wconf 85' lang='grc' dir='ltr'>τοῦ</span> 
     </span>
    </p>
   </div>
   <div class='ocr_carea' id='block_1_42' title="bbox 112 1231 899 1267">
    <p class='ocr_par' dir='ltr' id='par_1_42' title="bbox 112 1231 899 1267">
     <span class='ocr_line' id='line_1_42' title="bbox 112 1231 899 1267; baseline 0.001 -10"><span class='ocrx_word' id='word_1_317' title='bbox 112 1231 241 1264; x_wconf 70' lang='grc' dir='ltr'>ἄνακτος</span> <span class='ocrx_word' id='word_1_318' title='bbox 254 1231 301 1258; x_wconf 71' lang='grc' dir='ltr'>καὶ</span> <span class='ocrx_word' id='word_1_319' title='bbox 317 1231 478 1267; x_wconf 68' lang='grc' dir='ltr'>γάλακτος.</span> <span class='ocrx_word' id='word_1_320' title='bbox 494 1232 531 1259; x_wconf 83' lang='grc' dir='ltr'>Τὸ</span> <span class='ocrx_word' id='word_1_321' title='bbox 552 1232 580 1258; x_wconf 71' lang='grc' dir='ltr'>δὲ</span> <span class='ocrx_word' id='word_1_322' title='bbox 593 1231 675 1264; x_wconf 82' lang='grc' dir='ltr'>πνὺξ</span> <span class='ocrx_word' id='word_1_323' title='bbox 696 1231 777 1267; x_wconf 79' lang='grc' dir='ltr'>μόνον</span> <span class='ocrx_word' id='word_1_324' title='bbox 793 1231 838 1259; x_wconf 86' lang='grc' dir='ltr'><strong>διὰ</strong></span> <span class='ocrx_word' id='word_1_325' title='bbox 851 1231 899 1258; x_wconf 85' lang='grc' dir='ltr'>τοῦ</span> 
     </span>
    </p>
   </div>
   <div class='ocr_carea' id='block_1_43' title="bbox 111 1277 277 1305">
    <p class='ocr_par' dir='ltr' id='par_1_43' title="bbox 111 1277 277 1305">
     <span class='ocr_line' id='line_1_43' title="bbox 111 1277 277 1305; baseline 0.012 -2"><span class='ocrx_word' id='word_1_326' title='bbox 111 1286 130 1304; x_wconf 83' lang='grc' dir='ltr'><em>κ</em></span> <span class='ocrx_word' id='word_1_327' title='bbox 146 1277 277 1305; x_wconf 78' lang='grc' dir='ltr'>κλίνεται.</span> 
     </span>
    </p>
   </div>
   <div class='ocr_carea' id='block_1_44' title="bbox 146 1318 901 1358">
    <p class='ocr_par' dir='ltr' id='par_1_44' title="bbox 146 1318 901 1358">
     <span class='ocr_line' id='line_1_44' title="bbox 146 1318 901 1358; baseline 0 -10"><span class='ocrx_word' id='word_1_328' title='bbox 146 1322 209 1349; x_wconf 85' lang='grc' dir='ltr'><strong>Ὀτι</strong></span> <span class='ocrx_word' id='word_1_329' title='bbox 224 1323 253 1349; x_wconf 78' lang='grc' dir='ltr'><strong>ἐν</strong></span> <span class='ocrx_word' id='word_1_330' title='bbox 269 1323 329 1354; x_wconf 86' lang='grc' dir='ltr'>ταῖς</span> <span class='ocrx_word' id='word_1_331' title='bbox 351 1323 479 1358; x_wconf 78' lang='grc' dir='ltr'><strong>Ἀθήναις</strong></span> <span class='ocrx_word' id='word_1_332' title='bbox 487 1323 534 1349; x_wconf 78' lang='grc' dir='ltr'>καὶ</span> <span class='ocrx_word' id='word_1_333' title='bbox 544 1318 622 1353; x_wconf 72' lang='grc' dir='ltr'>οὗτος</span> <span class='ocrx_word' id='word_1_334' title='bbox 636 1322 757 1358; x_wconf 82' lang='grc' dir='ltr'>τέσσαρα</span> <span class='ocrx_word' id='word_1_335' title='bbox 770 1321 901 1358; x_wconf 87' lang='grc' dir='ltr'>δικαστή-</span> 
     </span>
    </p>
   </div>
   <div class='ocr_carea' id='block_1_45' title="bbox 949 1087 1739 1125">
    <p class='ocr_par' dir='ltr' id='par_1_45' title="bbox 949 1087 1739 1125">
     <span class='ocr_line' id='line_1_45' title="bbox 949 1087 1739 1125; baseline 0.005 -11"><span class='ocrx_word' id='word_1_336' title='bbox 949 1087 1020 1121; x_wconf 75' lang='grc' dir='ltr'>πτὺξ</span> <span class='ocrx_word' id='word_1_337' title='bbox 1043 1088 1155 1123; x_wconf 78' lang='grc' dir='ltr'>πτυχὲς,</span> <span class='ocrx_word' id='word_1_338' title='bbox 1177 1093 1205 1115; x_wconf 88' lang='lat' dir='ltr'><strong>et</strong></span> <span class='ocrx_word' id='word_1_339' title='bbox 1223 1088 1272 1121; x_wconf 80' lang='grc' dir='ltr'><strong>νὺξ</strong></span> <span class='ocrx_word' id='word_1_340' title='bbox 1298 1089 1388 1124; x_wconf 81' lang='grc' dir='ltr'>νυχὺς,</span> <span class='ocrx_word' id='word_1_341' title='bbox 1411 1089 1482 1116; x_wconf 89' lang='lat' dir='ltr'><strong>unde</strong></span> <span class='ocrx_word' id='word_1_342' title='bbox 1504 1094 1532 1117; x_wconf 83' lang='lat' dir='ltr'><strong>et</strong></span> <span class='ocrx_word' id='word_1_343' title='bbox 1555 1089 1690 1125; x_wconf 83' lang='grc' dir='ltr'>πάννυχος</span> <span class='ocrx_word' id='word_1_344' title='bbox 1711 1095 1739 1118; x_wconf 85' lang='lat' dir='ltr'><strong>et</strong></span> 
     </span>
    </p>
   </div>
   <div class='ocr_carea' id='block_1_46' title="bbox 949 1133 1738 1171">
    <p class='ocr_par' dir='ltr' id='par_1_46' title="bbox 949 1133 1738 1171">
     <span class='ocr_line' id='line_1_46' title="bbox 949 1133 1738 1171; baseline 0.005 -11"><span class='ocrx_word' id='word_1_345' title='bbox 949 1133 1082 1169; x_wconf 82' lang='grc' dir='ltr'>παννυχὶς</span> <span class='ocrx_word' id='word_1_346' title='bbox 1096 1138 1123 1162; x_wconf 90' lang='lat' dir='ltr'><strong>et</strong></span> <span class='ocrx_word' id='word_1_347' title='bbox 1139 1134 1298 1169; x_wconf 80' lang='grc' dir='ltr'>παννύχιον,</span> <span class='ocrx_word' id='word_1_348' title='bbox 1324 1141 1350 1162; x_wconf 90' lang='lat' dir='ltr'><strong>et</strong></span> <span class='ocrx_word' id='word_1_349' title='bbox 1367 1143 1416 1171; x_wconf 90' lang='lat' dir='ltr'><strong>per</strong></span> <span class='ocrx_word' id='word_1_350' title='bbox 1438 1136 1591 1163; x_wconf 85' lang='lat' dir='ltr'><strong>litterarum</strong></span> <span class='ocrx_word' id='word_1_351' title='bbox 1609 1137 1738 1164; x_wconf 90' lang='lat' dir='ltr'><strong>mutatio-</strong></span> 
     </span>
    </p>
   </div>
   <div class='ocr_carea' id='block_1_47' title="bbox 950 1180 1739 1213">
    <p class='ocr_par' dir='ltr' id='par_1_47' title="bbox 950 1180 1739 1213">
     <span class='ocr_line' id='line_1_47' title="bbox 950 1180 1739 1213; baseline 0.005 -8"><span class='ocrx_word' id='word_1_352' title='bbox 950 1186 1011 1206; x_wconf 92' lang='lat' dir='ltr'><strong>nem</strong></span> <span class='ocrx_word' id='word_1_353' title='bbox 1039 1187 1131 1211; x_wconf 83' lang='grc' dir='ltr'>νυκος.</span> <span class='ocrx_word' id='word_1_354' title='bbox 1153 1184 1181 1206; x_wconf 85' lang='lat' dir='ltr'><strong>et</strong></span> <span class='ocrx_word' id='word_1_355' title='bbox 1210 1180 1350 1208; x_wconf 85' lang='lat' dir='ltr'><strong>additione</strong></span> <span class='ocrx_word' id='word_1_356' title='bbox 1376 1189 1392 1207; x_wconf 86' lang='grc' dir='ltr'><strong>τ</strong></span> <span class='ocrx_word' id='word_1_357' title='bbox 1424 1180 1451 1208; x_wconf 96' lang='lat' dir='ltr'><strong>in</strong></span> <span class='ocrx_word' id='word_1_358' title='bbox 1481 1181 1571 1208; x_wconf 87' lang='lat' dir='ltr'><strong>medio</strong></span> <span class='ocrx_word' id='word_1_359' title='bbox 1584 1182 1700 1213; x_wconf 80' lang='grc' dir='ltr'>νυκτὸς;</span> <span class='ocrx_word' id='word_1_360' title='bbox 1721 1191 1739 1208; x_wconf 83' lang='grc' dir='ltr'><strong>κ</strong></span> 
     </span>
    </p>
   </div>
   <div class='ocr_carea' id='block_1_48' title="bbox 950 1224 1738 1260">
    <p class='ocr_par' dir='ltr' id='par_1_48' title="bbox 950 1224 1738 1260">
     <span class='ocr_line' id='line_1_48' title="bbox 950 1224 1738 1260; baseline 0.004 -9"><span class='ocrx_word' id='word_1_361' title='bbox 950 1224 1022 1252; x_wconf 89' lang='lat' dir='ltr'><strong>enim</strong></span> <span class='ocrx_word' id='word_1_362' title='bbox 1039 1224 1065 1251; x_wconf 96' lang='lat' dir='ltr'><strong>in</strong></span> <span class='ocrx_word' id='word_1_363' title='bbox 1079 1232 1144 1252; x_wconf 88' lang='lat' dir='ltr'><strong>casu</strong></span> <span class='ocrx_word' id='word_1_364' title='bbox 1156 1224 1277 1260; x_wconf 75' lang='lat' dir='ltr'><strong>genitivo</strong></span> <span class='ocrx_word' id='word_1_365' title='bbox 1291 1225 1433 1253; x_wconf 85' lang='lat' dir='ltr'><strong>abundare</strong></span> <span class='ocrx_word' id='word_1_366' title='bbox 1444 1226 1524 1260; x_wconf 84' lang='lat' dir='ltr'><strong>solet,</strong></span> <span class='ocrx_word' id='word_1_367' title='bbox 1536 1230 1566 1253; x_wconf 92' lang='lat' dir='ltr'><strong>ut</strong></span> <span class='ocrx_word' id='word_1_368' title='bbox 1575 1226 1604 1253; x_wconf 94' lang='lat' dir='ltr'><strong>in</strong></span> <span class='ocrx_word' id='word_1_369' title='bbox 1623 1226 1738 1259; x_wconf 81' lang='grc' dir='ltr'>ἄνακτος</span> 
     </span>
    </p>
   </div>
   <div class='ocr_carea' id='block_1_49' title="bbox 950 1269 1708 1306">
    <p class='ocr_par' dir='ltr' id='par_1_49' title="bbox 950 1269 1708 1306">
     <span class='ocr_line' id='line_1_49' title="bbox 950 1269 1708 1306; baseline 0.004 -9"><span class='ocrx_word' id='word_1_370' title='bbox 950 1273 978 1297; x_wconf 91' lang='lat' dir='ltr'><strong>et</strong></span> <span class='ocrx_word' id='word_1_371' title='bbox 998 1269 1152 1303; x_wconf 74' lang='grc' dir='ltr'>γάλακτοςε</span> <span class='ocrx_word' id='word_1_372' title='bbox 1172 1270 1252 1302; x_wconf 81' lang='grc' dir='ltr'>πνὺξ,</span> <span class='ocrx_word' id='word_1_373' title='bbox 1268 1278 1333 1298; x_wconf 88' lang='lat' dir='ltr'><strong>vero</strong></span> <span class='ocrx_word' id='word_1_374' title='bbox 1347 1271 1435 1298; x_wconf 90' lang='lat' dir='ltr'><strong>solum</strong></span> <span class='ocrx_word' id='word_1_375' title='bbox 1451 1279 1499 1306; x_wconf 91' lang='lat' dir='ltr'><strong>per</strong></span> <span class='ocrx_word' id='word_1_376' title='bbox 1511 1280 1529 1299; x_wconf 88' lang='grc' dir='ltr'><strong>κ</strong></span> <span class='ocrx_word' id='word_1_377' title='bbox 1546 1271 1708 1300; x_wconf 81' lang='lat' dir='ltr'><strong>declinatur.</strong></span> 
     </span>
    </p>
   </div>
   <div class='ocr_carea' id='block_1_50' title="bbox 986 1315 1738 1356">
    <p class='ocr_par' dir='ltr' id='par_1_50' title="bbox 986 1315 1738 1356">
     <span class='ocr_line' id='line_1_50' title="bbox 986 1315 1738 1356; baseline 0.005 -14"><span class='ocrx_word' id='word_1_378' title='bbox 986 1315 1099 1342; x_wconf 82' lang='lat' dir='ltr'><strong>Athenis</strong></span> <span class='ocrx_word' id='word_1_379' title='bbox 1112 1319 1231 1350; x_wconf 82' lang='lat' dir='ltr'><strong>quatuor</strong></span> <span class='ocrx_word' id='word_1_380' title='bbox 1247 1315 1350 1350; x_wconf 83' lang='lat' dir='ltr'><strong>judicia</strong></span> <span class='ocrx_word' id='word_1_381' title='bbox 1367 1317 1423 1352; x_wconf 74' lang='grc'><strong>(49)</strong></span> <span class='ocrx_word' id='word_1_382' title='bbox 1441 1318 1475 1344; x_wconf 89' lang='lat' dir='ltr'><strong>de</strong></span> <span class='ocrx_word' id='word_1_383' title='bbox 1489 1318 1562 1356; x_wconf 67' lang='lat' dir='ltr'><strong>ctede</strong></span> <span class='ocrx_word' id='word_1_384' title='bbox 1575 1325 1638 1346; x_wconf 85' lang='lat' dir='ltr'><strong>esse</strong></span> <span class='ocrx_word' id='word_1_385' title='bbox 1654 1318 1738 1346; x_wconf 78' lang='lat' dir='ltr'><strong>dicit:</strong></span> 
     </span>
    </p>
   </div>
   <div class='ocr_carea' id='block_1_51' title="bbox 114 1362 897 1404">
    <p class='ocr_par' dir='ltr' id='par_1_51' title="bbox 114 1365 897 1404">
     <span class='ocr_line' id='line_1_51' title="bbox 114 1365 897 1404; baseline -0.001 -10"><span class='ocrx_word' id='word_1_386' title='bbox 114 1377 159 1404; x_wconf 86' lang='grc' dir='ltr'><strong>ρια</strong></span> <span class='ocrx_word' id='word_1_387' title='bbox 184 1368 283 1402; x_wconf 81' lang='grc' dir='ltr'>φονικὰ</span> <span class='ocrx_word' id='word_1_388' title='bbox 310 1365 381 1394; x_wconf 83' lang='grc' dir='ltr'>εἶναι</span> <span class='ocrx_word' id='word_1_389' title='bbox 412 1367 498 1402; x_wconf 75' lang='grc' dir='ltr'>λέγει’</span> <span class='ocrx_word' id='word_1_390' title='bbox 514 1366 538 1394; x_wconf 85' lang='grc' dir='ltr'>α’</span> <span class='ocrx_word' id='word_1_391' title='bbox 560 1367 591 1394; x_wconf 79' lang='grc' dir='ltr'><strong>τὺ</strong></span> <span class='ocrx_word' id='word_1_392' title='bbox 608 1367 638 1394; x_wconf 71' lang='grc' dir='ltr'>ἐν</span> <span class='ocrx_word' id='word_1_393' title='bbox 666 1367 764 1403; x_wconf 82' lang='grc' dir='ltr'>Ἀρείῳ</span> <span class='ocrx_word' id='word_1_394' title='bbox 783 1366 897 1402; x_wconf 78' lang='grc' dir='ltr'>πάγῳ,δ</span> 
     </span>
    </p>
   </div>
   <div class='ocr_carea' id='block_1_52' title="bbox 949 1362 1740 1404">
    <p class='ocr_par' dir='ltr' id='par_1_52' title="bbox 950 1362 1740 1400">
     <span class='ocr_line' id='line_1_52' title="bbox 950 1362 1740 1400; baseline 0.003 -10"><span class='ocrx_word' id='word_1_395' title='bbox 950 1362 1072 1390; x_wconf 88' lang='lat' dir='ltr'><strong>Primum</strong></span> <span class='ocrx_word' id='word_1_396' title='bbox 1089 1362 1116 1390; x_wconf 95' lang='lat' dir='ltr'><strong>in</strong></span> <span class='ocrx_word' id='word_1_397' title='bbox 1130 1363 1283 1399; x_wconf 83' lang='lat' dir='ltr'><strong>Areopago.</strong></span> <span class='ocrx_word' id='word_1_398' title='bbox 1298 1364 1371 1399; x_wconf 85' lang='lat' dir='ltr'><strong>quod</strong></span> <span class='ocrx_word' id='word_1_399' title='bbox 1385 1364 1490 1399; x_wconf 88' lang='lat' dir='ltr'><strong>judicat</strong></span> <span class='ocrx_word' id='word_1_400' title='bbox 1501 1372 1559 1398; x_wconf 83' lang='lat' dir='ltr'><strong>cos,</strong></span> <span class='ocrx_word' id='word_1_401' title='bbox 1576 1365 1623 1400; x_wconf 90' lang='lat' dir='ltr'><strong>qui</strong></span> <span class='ocrx_word' id='word_1_402' title='bbox 1638 1365 1740 1393; x_wconf 91' lang='lat' dir='ltr'><strong>delibe-</strong></span> 
     </span>
    </p>
   </div>
   <div class='ocr_carea' id='block_1_53' title="bbox 111 1410 897 1449">
    <p class='ocr_par' dir='ltr' id='par_1_53' title="bbox 111 1411 897 1449">
     <span class='ocr_line' id='line_1_53' title="bbox 111 1411 897 1449; baseline -0.004 -8"><span class='ocrx_word' id='word_1_403' title='bbox 111 1414 216 1447; x_wconf 76' lang='grc' dir='ltr'><strong>δικάζει</strong></span> <span class='ocrx_word' id='word_1_404' title='bbox 234 1414 298 1446; x_wconf 83' lang='grc' dir='ltr'>τοὺς</span> <span class='ocrx_word' id='word_1_405' title='bbox 317 1414 351 1441; x_wconf 81' lang='grc' dir='ltr'>ὲκ</span> <span class='ocrx_word' id='word_1_406' title='bbox 375 1413 504 1449; x_wconf 80' lang='grc' dir='ltr'>προνοίας</span> <span class='ocrx_word' id='word_1_407' title='bbox 522 1413 568 1440; x_wconf 77' lang='grc' dir='ltr'>τὸν</span> <span class='ocrx_word' id='word_1_408' title='bbox 591 1412 670 1448; x_wconf 80' lang='grc' dir='ltr'>φόνον</span> <span class='ocrx_word' id='word_1_409' title='bbox 688 1412 861 1447; x_wconf 85' lang='grc' dir='ltr'>δεδρακότας·</span> <span class='ocrx_word' id='word_1_410' title='bbox 878 1411 897 1446; x_wconf 82' lang='grc' dir='ltr'><strong>β¹</strong></span> 
     </span>
    </p>
   </div>
   <div class='ocr_carea' id='block_1_54' title="bbox 949 1410 1740 1449">
    <p class='ocr_par' dir='ltr' id='par_1_54' title="bbox 951 1410 1740 1439">
     <span class='ocr_line' id='line_1_54' title="bbox 951 1410 1740 1439; baseline 0.004 -3"><span class='ocrx_word' id='word_1_411' title='bbox 951 1413 1013 1436; x_wconf 85' lang='lat' dir='ltr'><strong>rato</strong></span> <span class='ocrx_word' id='word_1_412' title='bbox 1037 1410 1130 1437; x_wconf 88' lang='lat' dir='ltr'><strong>animo</strong></span> <span class='ocrx_word' id='word_1_413' title='bbox 1145 1410 1247 1437; x_wconf 62' lang='lat' dir='ltr'><strong>caedem</strong></span> <span class='ocrx_word' id='word_1_414' title='bbox 1263 1410 1397 1438; x_wconf 76' lang='lat' dir='ltr'><strong>fecerunt.</strong></span> <span class='ocrx_word' id='word_1_415' title='bbox 1422 1410 1580 1438; x_wconf 90' lang='lat' dir='ltr'><strong>Secundum</strong></span> <span class='ocrx_word' id='word_1_416' title='bbox 1603 1413 1632 1439; x_wconf 90' lang='lat' dir='ltr'><strong>in</strong></span> <span class='ocrx_word' id='word_1_417' title='bbox 1651 1412 1740 1439; x_wconf 84' lang='lat' dir='ltr'><strong>Palla-</strong></span> 
     </span>
    </p>
   </div>
   <div class='ocr_carea' id='block_1_55' title="bbox 110 1455 897 1494">
    <p class='ocr_par' dir='ltr' id='par_1_55' title="bbox 110 1457 897 1494">
     <span class='ocr_line' id='line_1_55' title="bbox 110 1457 897 1494; baseline -0.004 -8"><span class='ocrx_word' id='word_1_418' title='bbox 110 1459 141 1486; x_wconf 83' lang='grc' dir='ltr'>τὸ</span> <span class='ocrx_word' id='word_1_419' title='bbox 154 1460 200 1486; x_wconf 72' lang='grc' dir='ltr'><strong>ἐπὶ</strong></span> <span class='ocrx_word' id='word_1_420' title='bbox 217 1459 369 1494; x_wconf 87' lang='grc' dir='ltr'>Παλλαδίῳ·</span> <span class='ocrx_word' id='word_1_421' title='bbox 385 1459 453 1494; x_wconf 80' lang='grc' dir='ltr'>ὅπερ</span> <span class='ocrx_word' id='word_1_422' title='bbox 468 1458 558 1491; x_wconf 82' lang='grc' dir='ltr'><strong>ἐτάζει</strong></span> <span class='ocrx_word' id='word_1_423' title='bbox 572 1458 634 1490; x_wconf 82' lang='grc' dir='ltr'>τοὺς</span> <span class='ocrx_word' id='word_1_424' title='bbox 647 1457 792 1489; x_wconf 82' lang='grc' dir='ltr'>ἀκουσίως·</span> <span class='ocrx_word' id='word_1_425' title='bbox 811 1461 834 1492; x_wconf 85' lang='grc' dir='ltr'><strong>γ’</strong></span> <span class='ocrx_word' id='word_1_426' title='bbox 848 1457 897 1494; x_wconf 77' lang='grc' dir='ltr'><strong>[δὲ]</strong></span> 
     </span>
    </p>
   </div>
   <div class='ocr_carea' id='block_1_56' title="bbox 949 1455 1740 1494">
    <p class='ocr_par' dir='ltr' id='par_1_56' title="bbox 950 1455 1740 1492">
     <span class='ocr_line' id='line_1_56' title="bbox 950 1455 1740 1492; baseline 0.003 -10"><span class='ocrx_word' id='word_1_427' title='bbox 950 1455 1007 1488; x_wconf 90' lang='lat' dir='ltr'><strong>dio,</strong></span> <span class='ocrx_word' id='word_1_428' title='bbox 1040 1456 1112 1490; x_wconf 86' lang='lat' dir='ltr'><strong>quod</strong></span> <span class='ocrx_word' id='word_1_429' title='bbox 1142 1456 1170 1483; x_wconf 91' lang='lat' dir='ltr'><strong>in</strong></span> <span class='ocrx_word' id='word_1_430' title='bbox 1198 1456 1261 1484; x_wconf 87' lang='lat' dir='ltr'><strong>illos</strong></span> <span class='ocrx_word' id='word_1_431' title='bbox 1290 1456 1420 1492; x_wconf 91' lang='lat' dir='ltr'><strong>inquirit,</strong></span> <span class='ocrx_word' id='word_1_432' title='bbox 1446 1457 1493 1492; x_wconf 91' lang='lat' dir='ltr'><strong>qui</strong></span> <span class='ocrx_word' id='word_1_433' title='bbox 1531 1457 1608 1485; x_wconf 88' lang='lat' dir='ltr'><strong>inviti</strong></span> <span class='ocrx_word' id='word_1_434' title='bbox 1638 1459 1740 1486; x_wconf 63' lang='lat' dir='ltr'><strong>caulem</strong></span> 
     </span>
    </p>
   </div>
   <div class='ocr_carea' id='block_1_57' title="bbox 111 1500 897 1540">
    <p class='ocr_par' dir='ltr' id='par_1_57' title="bbox 111 1502 897 1540">
     <span class='ocr_line' id='line_1_57' title="bbox 111 1502 897 1540; baseline -0.003 -9"><span class='ocrx_word' id='word_1_435' title='bbox 111 1505 142 1531; x_wconf 87' lang='grc' dir='ltr'><strong>τδ</strong></span> <span class='ocrx_word' id='word_1_436' title='bbox 171 1505 219 1531; x_wconf 78' lang='grc' dir='ltr'><strong>ἐπὶ</strong></span> <span class='ocrx_word' id='word_1_437' title='bbox 241 1504 384 1540; x_wconf 84' lang='grc' dir='ltr'>Δελφινίῳ,</span> <span class='ocrx_word' id='word_1_438' title='bbox 405 1504 420 1530; x_wconf 75' lang='grc' dir='ltr'><strong>ὃ</strong></span> <span class='ocrx_word' id='word_1_439' title='bbox 440 1503 596 1530; x_wconf 82' lang='grc' dir='ltr'>συνίσταται</span> <span class='ocrx_word' id='word_1_440' title='bbox 615 1503 661 1529; x_wconf 67' lang='grc' dir='ltr'><strong>ἐπὶ</strong></span> <span class='ocrx_word' id='word_1_441' title='bbox 688 1503 743 1529; x_wconf 82' lang='grc' dir='ltr'>τῶν</span> <span class='ocrx_word' id='word_1_442' title='bbox 769 1502 897 1537; x_wconf 78' lang='grc' dir='ltr'>λεγόντων</span> 
     </span>
    </p>
   </div>
   <div class='ocr_carea' id='block_1_58' title="bbox 949 1500 1741 1540">
    <p class='ocr_par' dir='ltr' id='par_1_58' title="bbox 951 1500 1741 1539">
     <span class='ocr_line' id='line_1_58' title="bbox 951 1500 1741 1539; baseline 0.006 -12"><span class='ocrx_word' id='word_1_443' title='bbox 951 1505 1105 1535; x_wconf 85' lang='lat' dir='ltr'><strong>patrarunt.</strong></span> <span class='ocrx_word' id='word_1_444' title='bbox 1133 1500 1257 1529; x_wconf 89' lang='lat' dir='ltr'><strong>Tertium</strong></span> <span class='ocrx_word' id='word_1_445' title='bbox 1280 1501 1310 1529; x_wconf 92' lang='lat' dir='ltr'><strong>in</strong></span> <span class='ocrx_word' id='word_1_446' title='bbox 1343 1502 1489 1538; x_wconf 90' lang='lat' dir='ltr'><strong>Delphinio</strong></span> <span class='ocrx_word' id='word_1_447' title='bbox 1516 1503 1543 1531; x_wconf 90' lang='lat' dir='ltr'><strong>in</strong></span> <span class='ocrx_word' id='word_1_448' title='bbox 1567 1511 1614 1531; x_wconf 91' lang='lat' dir='ltr'><strong>eos</strong></span> <span class='ocrx_word' id='word_1_449' title='bbox 1636 1504 1682 1539; x_wconf 88' lang='lat' dir='ltr'><strong>qui</strong></span> <span class='ocrx_word' id='word_1_450' title='bbox 1711 1512 1741 1532; x_wconf 90' lang='lat' dir='ltr'><strong>se</strong></span> 
     </span>
    </p>
   </div>
   <div class='ocr_carea' id='block_1_59' title="bbox 111 1546 897 1586">
    <p class='ocr_par' dir='ltr' id='par_1_59' title="bbox 111 1548 897 1586">
     <span class='ocr_line' id='line_1_59' title="bbox 111 1548 897 1586; baseline -0.004 -9"><span class='ocrx_word' id='word_1_451' title='bbox 111 1550 225 1582; x_wconf 84' lang='grc' dir='ltr'>δικαίως</span> <span class='ocrx_word' id='word_1_452' title='bbox 249 1550 298 1586; x_wconf 79' lang='grc' dir='ltr'><strong>τὴν</strong></span> <span class='ocrx_word' id='word_1_453' title='bbox 323 1550 464 1584; x_wconf 84' lang='grc' dir='ltr'>ἀναίρεσιν</span> <span class='ocrx_word' id='word_1_454' title='bbox 491 1549 684 1584; x_wconf 80' lang='grc' dir='ltr'>πεποιηκέναι·</span> <span class='ocrx_word' id='word_1_455' title='bbox 699 1548 746 1576; x_wconf 82' lang='grc' dir='ltr'>καὶ</span> <span class='ocrx_word' id='word_1_456' title='bbox 771 1549 897 1584; x_wconf 79' lang='grc' dir='ltr'>τέταρτον</span> 
     </span>
    </p>
   </div>
   <div class='ocr_carea' id='block_1_60' title="bbox 949 1546 1740 1586">
    <p class='ocr_par' dir='ltr' id='par_1_60' title="bbox 949 1546 1740 1584">
     <span class='ocr_line' id='line_1_60' title="bbox 949 1546 1740 1584; baseline 0.005 -10"><span class='ocrx_word' id='word_1_457' title='bbox 949 1547 1011 1582; x_wconf 84' lang='lat' dir='ltr'><strong>jure</strong></span> <span class='ocrx_word' id='word_1_458' title='bbox 1026 1546 1160 1575; x_wconf 88' lang='lat' dir='ltr'><strong>occidisse</strong></span> <span class='ocrx_word' id='word_1_459' title='bbox 1170 1547 1398 1583; x_wconf 75' lang='lat' dir='ltr'><strong>assererent{50).</strong></span> <span class='ocrx_word' id='word_1_460' title='bbox 1410 1548 1541 1581; x_wconf 87' lang='lat' dir='ltr'><strong>Quartum</strong></span> <span class='ocrx_word' id='word_1_461' title='bbox 1557 1550 1740 1584; x_wconf 76' lang='lat' dir='ltr'><strong>l’hreaticum,</strong></span> 
     </span>
    </p>
   </div>
   <div class='ocr_carea' id='block_1_61' title="bbox 111 1592 897 1632">
    <p class='ocr_par' dir='ltr' id='par_1_61' title="bbox 111 1594 897 1632">
     <span class='ocr_line' id='line_1_61' title="bbox 111 1594 897 1632; baseline -0.001 -10"><span class='ocrx_word' id='word_1_462' title='bbox 111 1596 140 1623; x_wconf 80' lang='grc' dir='ltr'><strong>τὺ</strong></span> <span class='ocrx_word' id='word_1_463' title='bbox 152 1596 312 1632; x_wconf 69' lang='grc' dir='ltr'>ὲνιΦρεατοί,</span> <span class='ocrx_word' id='word_1_464' title='bbox 322 1596 335 1622; x_wconf 82' lang='grc' dir='ltr'><strong>δ</strong></span> <span class='ocrx_word' id='word_1_465' title='bbox 343 1596 450 1628; x_wconf 75' lang='grc' dir='ltr'>δικάζει</span> <span class='ocrx_word' id='word_1_466' title='bbox 463 1596 510 1623; x_wconf 81' lang='grc' dir='ltr'>τὸν</span> <span class='ocrx_word' id='word_1_467' title='bbox 523 1595 620 1632; x_wconf 84' lang='grc' dir='ltr'>χρόνον</span> <span class='ocrx_word' id='word_1_468' title='bbox 634 1594 683 1631; x_wconf 80' lang='grc' dir='ltr'><strong>μέν</strong></span> <span class='ocrx_word' id='word_1_469' title='bbox 694 1603 755 1621; x_wconf 89' lang='grc' dir='ltr'>τινα</span> <span class='ocrx_word' id='word_1_470' title='bbox 765 1594 897 1630; x_wconf 78' lang='grc' dir='ltr'>φεύγοντα</span> 
     </span>
    </p>
   </div>
   <div class='ocr_carea' id='block_1_62' title="bbox 949 1592 1741 1632">
    <p class='ocr_par' dir='ltr' id='par_1_62' title="bbox 952 1592 1741 1632">
     <span class='ocr_line' id='line_1_62' title="bbox 952 1592 1741 1632; baseline 0.006 -13"><span class='ocrx_word' id='word_1_471' title='bbox 952 1593 1024 1627; x_wconf 80' lang='lat' dir='ltr'><strong>quod</strong></span> <span class='ocrx_word' id='word_1_472' title='bbox 1048 1593 1156 1628; x_wconf 90' lang='lat' dir='ltr'><strong>judicat</strong></span> <span class='ocrx_word' id='word_1_473' title='bbox 1177 1592 1334 1622; x_wconf 85' lang='lat' dir='ltr'><strong>vadimonia</strong></span> <span class='ocrx_word' id='word_1_474' title='bbox 1353 1594 1535 1630; x_wconf 83' lang='lat' dir='ltr'><strong>deserentem,</strong></span> <span class='ocrx_word' id='word_1_475' title='bbox 1566 1596 1642 1632; x_wconf 84' lang='lat' dir='ltr'><strong>prius</strong></span> <span class='ocrx_word' id='word_1_476' title='bbox 1658 1597 1741 1625; x_wconf 80' lang='lat' dir='ltr'><strong>caedis</strong></span> 
     </span>
    </p>
   </div>
   <div class='ocr_carea' id='block_1_63' title="bbox 112 1639 897 1679">
    <p class='ocr_par' dir='ltr' id='par_1_63' title="bbox 112 1640 897 1678">
     <span class='ocr_line' id='line_1_63' title="bbox 112 1640 897 1678; baseline -0.001 -10"><span class='ocrx_word' id='word_1_477' title='bbox 112 1642 206 1678; x_wconf 79' lang='grc' dir='ltr'>ῥητὸν,</span> <span class='ocrx_word' id='word_1_478' title='bbox 220 1642 309 1669; x_wconf 68' lang='grc' dir='ltr'>αἰτίαν</span> <span class='ocrx_word' id='word_1_479' title='bbox 323 1642 352 1668; x_wconf 86' lang='grc' dir='ltr'>δὲ</span> <span class='ocrx_word' id='word_1_480' title='bbox 363 1642 388 1658; x_wconf 81' lang='grc'><strong><em>⁵³</em></strong></span> <span class='ocrx_word' id='word_1_481' title='bbox 403 1642 536 1677; x_wconf 73' lang='grc' dir='ltr'>πρότερον</span> <span class='ocrx_word' id='word_1_482' title='bbox 555 1641 578 1657; x_wconf 63' lang='grc' dir='ltr'><strong>ἰ</strong></span> <span class='ocrx_word' id='word_1_483' title='bbox 591 1640 686 1676; x_wconf 73' lang='grc' dir='ltr'>ἔχοντα</span> <span class='ocrx_word' id='word_1_484' title='bbox 704 1640 795 1675; x_wconf 85' lang='grc' dir='ltr'>φόνου·</span> <span class='ocrx_word' id='word_1_485' title='bbox 811 1640 841 1672; x_wconf 88' lang='grc' dir='ltr'>ὃς</span> <span class='ocrx_word' id='word_1_486' title='bbox 854 1640 897 1667; x_wconf 66' lang='grc' dir='ltr'>καὶ</span> 
     </span>
    </p>
   </div>
   <div class='ocr_carea' id='block_1_64' title="bbox 949 1639 1740 1679">
    <p class='ocr_par' dir='ltr' id='par_1_64' title="bbox 952 1639 1740 1679">
     <span class='ocr_line' id='line_1_64' title="bbox 952 1639 1740 1679; baseline 0.006 -12"><span class='ocrx_word' id='word_1_487' title='bbox 952 1646 1122 1668; x_wconf 84' lang='lat' dir='ltr'><strong>accusatum.</strong></span> <span class='ocrx_word' id='word_1_488' title='bbox 1144 1639 1199 1674; x_wconf 84' lang='lat' dir='ltr'><strong>Qui</strong></span> <span class='ocrx_word' id='word_1_489' title='bbox 1220 1641 1249 1669; x_wconf 93' lang='lat' dir='ltr'><strong>in</strong></span> <span class='ocrx_word' id='word_1_490' title='bbox 1269 1642 1332 1669; x_wconf 87' lang='lat' dir='ltr'><strong>navi</strong></span> <span class='ocrx_word' id='word_1_491' title='bbox 1350 1642 1489 1676; x_wconf 77' lang='lat' dir='ltr'><strong>judicatus</strong></span> <span class='ocrx_word' id='word_1_492' title='bbox 1518 1649 1596 1671; x_wconf 83' lang='lat' dir='ltr'><strong>extra</strong></span> <span class='ocrx_word' id='word_1_493' title='bbox 1617 1643 1740 1679; x_wconf 66' lang='lat' dir='ltr'><strong>Pyrmum</strong></span> 
     </span>
    </p>
   </div>
   <div class='ocr_carea' id='block_1_65' title="bbox 112 1684 897 1723">
    <p class='ocr_par' dir='ltr' id='par_1_65' title="bbox 112 1684 897 1723">
     <span class='ocr_line' id='line_1_65' title="bbox 112 1684 897 1723; baseline -0.004 -9"><span class='ocrx_word' id='word_1_494' title='bbox 112 1687 273 1723; x_wconf 78' lang='grc' dir='ltr'>κρινόμενος</span> <span class='ocrx_word' id='word_1_495' title='bbox 292 1687 338 1713; x_wconf 73' lang='grc' dir='ltr'><strong>ἐπὶ</strong></span> <span class='ocrx_word' id='word_1_496' title='bbox 352 1687 416 1723; x_wconf 74' lang='grc' dir='ltr'>νηὸς</span> <span class='ocrx_word' id='word_1_497' title='bbox 430 1685 530 1720; x_wconf 65' lang='grc' dir='ltr'><strong>ἔξωθεν</strong></span> <span class='ocrx_word' id='word_1_498' title='bbox 544 1686 591 1713; x_wconf 86' lang='grc' dir='ltr'>τοῦ</span> <span class='ocrx_word' id='word_1_499' title='bbox 603 1685 738 1722; x_wconf 87' lang='grc' dir='ltr'>Πειραιῶς</span> <span class='ocrx_word' id='word_1_500' title='bbox 750 1684 897 1720; x_wconf 80' lang='grc' dir='ltr'>ἀπολογού-</span> 
     </span>
    </p>
   </div>
   <div class='ocr_carea' id='block_1_66' title="bbox 949 1684 1742 1723">
    <p class='ocr_par' dir='ltr' id='par_1_66' title="bbox 952 1685 1742 1723">
     <span class='ocr_line' id='line_1_66' title="bbox 952 1685 1742 1723; baseline 0.005 -10"><span class='ocrx_word' id='word_1_501' title='bbox 952 1685 1093 1719; x_wconf 81' lang='lat' dir='ltr'><strong>defensus,</strong></span> <span class='ocrx_word' id='word_1_502' title='bbox 1118 1687 1267 1714; x_wconf 79' lang='lat' dir='ltr'><strong>anchoram</strong></span> <span class='ocrx_word' id='word_1_503' title='bbox 1296 1687 1431 1722; x_wconf 87' lang='lat' dir='ltr'><strong>demittit,</strong></span> <span class='ocrx_word' id='word_1_504' title='bbox 1459 1689 1531 1723; x_wconf 88' lang='lat' dir='ltr'><strong>quod</strong></span> <span class='ocrx_word' id='word_1_505' title='bbox 1560 1689 1603 1717; x_wconf 81' lang='lat' dir='ltr'><strong>lex</strong></span> <span class='ocrx_word' id='word_1_506' title='bbox 1632 1690 1669 1717; x_wconf 91' lang='lat' dir='ltr'><strong>illi</strong></span> <span class='ocrx_word' id='word_1_507' title='bbox 1687 1698 1742 1718; x_wconf 93' lang='lat' dir='ltr'><strong>non</strong></span> 
     </span>
    </p>
   </div>
   <div class='ocr_carea' id='block_1_67' title="bbox 113 1717 897 1769">
    <p class='ocr_par' dir='ltr' id='par_1_67' title="bbox 113 1717 897 1768">
     <span class='ocr_line' id='line_1_67' title="bbox 113 1717 897 1768; baseline -0.001 -9"><span class='ocrx_word' id='word_1_508' title='bbox 113 1717 200 1768; x_wconf 51' lang='grc' dir='ltr'>μενος.</span> <span class='ocrx_word' id='word_1_509' title='bbox 209 1717 332 1768; x_wconf 72' lang='grc' dir='ltr'>ἄγκυραν</span> <span class='ocrx_word' id='word_1_510' title='bbox 348 1717 530 1765; x_wconf 37' lang='grc' dir='ltr'>κάθίειίδιότι</span> <span class='ocrx_word' id='word_1_511' title='bbox 540 1733 554 1758; x_wconf 88' lang='grc' dir='ltr'>ὁ</span> <span class='ocrx_word' id='word_1_512' title='bbox 565 1731 647 1768; x_wconf 79' lang='grc' dir='ltr'>νόμος</span> <span class='ocrx_word' id='word_1_513' title='bbox 655 1717 743 1758; x_wconf 50' lang='grc' dir='ltr'>ἀὑτὸν</span> <span class='ocrx_word' id='word_1_514' title='bbox 756 1732 806 1758; x_wconf 83' lang='grc' dir='ltr'>οὐκ</span> <span class='ocrx_word' id='word_1_515' title='bbox 814 1717 897 1758; x_wconf 69' lang='grc' dir='ltr'>ἐδίδου</span> 
     </span>
    </p>
   </div>
   <div class='ocr_carea' id='block_1_68' title="bbox 949 1717 1742 1769">
    <p class='ocr_par' dir='ltr' id='par_1_68' title="bbox 952 1717 1742 1769">
     <span class='ocr_line' id='line_1_68' title="bbox 952 1717 1742 1769; baseline 0.004 -11"><span class='ocrx_word' id='word_1_516' title='bbox 952 1717 1092 1765; x_wconf 80' lang='lat' dir='ltr'><strong>permittat</strong></span> <span class='ocrx_word' id='word_1_517' title='bbox 1106 1730 1135 1757; x_wconf 93' lang='lat' dir='ltr'><strong>in</strong></span> <span class='ocrx_word' id='word_1_518' title='bbox 1158 1735 1259 1759; x_wconf 86' lang='lat' dir='ltr'><strong>terram</strong></span> <span class='ocrx_word' id='word_1_519' title='bbox 1275 1717 1451 1760; x_wconf 71' lang='lat' dir='ltr'><strong>descendere.</strong></span> <span class='ocrx_word' id='word_1_520' title='bbox 1468 1717 1645 1769; x_wconf 48' lang='lat' dir='ltr'><strong>&#39;Areopagiue</strong></span> <span class='ocrx_word' id='word_1_521' title='bbox 1659 1734 1742 1769; x_wconf 76' lang='lat' dir='ltr'><strong>igitur</strong></span> 
     </span>
    </p>
   </div>
   <div class='ocr_carea' id='block_1_69' title="bbox 109 1775 897 1818">
    <p class='ocr_par' dir='ltr' id='par_1_69' title="bbox 109 1775 897 1815">
     <span class='ocr_line' id='line_1_69' title="bbox 109 1775 897 1815; baseline -0.003 -10"><span class='ocrx_word' id='word_1_522' title='bbox 109 1781 160 1815; x_wconf 69' lang='grc' dir='ltr'>τῆς</span> <span class='ocrx_word' id='word_1_523' title='bbox 179 1779 233 1815; x_wconf 83' lang='grc' dir='ltr'><strong>γῆς</strong></span> <span class='ocrx_word' id='word_1_524' title='bbox 255 1778 393 1814; x_wconf 76' lang='grc' dir='ltr'>ἐπιϐῆναι.</span> <span class='ocrx_word' id='word_1_525' title='bbox 412 1778 604 1814; x_wconf 76' lang='grc' dir='ltr'>Ἀρεοπαγῖται</span> <span class='ocrx_word' id='word_1_526' title='bbox 620 1777 670 1813; x_wconf 82' lang='grc' dir='ltr'><strong>μὲν</strong></span> <span class='ocrx_word' id='word_1_527' title='bbox 696 1775 742 1804; x_wconf 84' lang='grc' dir='ltr'>οὖν</span> <span class='ocrx_word' id='word_1_528' title='bbox 755 1776 897 1804; x_wconf 74' lang='grc' dir='ltr'>ἐκαλοῦντο</span> 
     </span>
    </p>
   </div>
   <div class='ocr_carea' id='block_1_70' title="bbox 949 1775 1741 1818">
    <p class='ocr_par' dir='ltr' id='par_1_70' title="bbox 952 1777 1741 1818">
     <span class='ocr_line' id='line_1_70' title="bbox 952 1777 1741 1818; baseline 0.006 -15"><span class='ocrx_word' id='word_1_529' title='bbox 952 1777 1123 1804; x_wconf 75' lang='lat' dir='ltr'><strong>vocabantur</strong></span> <span class='ocrx_word' id='word_1_530' title='bbox 1133 1777 1180 1818; x_wconf 86' lang='lat' dir='ltr'><strong>qui</strong></span> <span class='ocrx_word' id='word_1_531' title='bbox 1196 1777 1381 1805; x_wconf 84' lang='lat' dir='ltr'><strong>voluntariam</strong></span> <span class='ocrx_word' id='word_1_532' title='bbox 1393 1778 1492 1806; x_wconf 74' lang='lat' dir='ltr'><strong>caedem</strong></span> <span class='ocrx_word' id='word_1_533' title='bbox 1504 1779 1680 1814; x_wconf 84' lang='lat' dir='ltr'><strong>judicabant:</strong></span> <span class='ocrx_word' id='word_1_534' title='bbox 1693 1781 1741 1815; x_wconf 90' lang='lat' dir='ltr'><strong>qui</strong></span> 
     </span>
    </p>
   </div>
   <div class='ocr_carea' id='block_1_71' title="bbox 108 1820 897 1860">
    <p class='ocr_par' dir='ltr' id='par_1_71' title="bbox 108 1823 897 1860">
     <span class='ocr_line' id='line_1_71' title="bbox 108 1823 897 1860; baseline -0.003 -8"><span class='ocrx_word' id='word_1_535' title='bbox 108 1827 135 1853; x_wconf 81' lang='lat' dir='ltr'><strong>ot</strong></span> <span class='ocrx_word' id='word_1_536' title='bbox 145 1826 193 1852; x_wconf 74' lang='grc' dir='ltr'>τὸν</span> <span class='ocrx_word' id='word_1_537' title='bbox 207 1824 330 1852; x_wconf 75' lang='grc' dir='ltr'>ἑκούσιον</span> <span class='ocrx_word' id='word_1_538' title='bbox 343 1825 424 1860; x_wconf 85' lang='grc' dir='ltr'>φόνον</span> <span class='ocrx_word' id='word_1_539' title='bbox 438 1825 587 1860; x_wconf 84' lang='grc' dir='ltr'>κρίνοντες,</span> <span class='ocrx_word' id='word_1_540' title='bbox 599 1824 624 1851; x_wconf 81' lang='grc' dir='ltr'><strong>οι</strong></span> <span class='ocrx_word' id='word_1_541' title='bbox 639 1823 668 1851; x_wconf 82' lang='grc' dir='ltr'>δὲ</span> <span class='ocrx_word' id='word_1_542' title='bbox 683 1824 712 1850; x_wconf 77' lang='grc' dir='ltr'>ἐν</span> <span class='ocrx_word' id='word_1_543' title='bbox 726 1824 784 1856; x_wconf 84' lang='grc' dir='ltr'>τοῖς</span> <span class='ocrx_word' id='word_1_544' title='bbox 808 1823 897 1856; x_wconf 79' lang='grc' dir='ltr'>ἄλλοις</span> 
     </span>
    </p>
   </div>
   <div class='ocr_carea' id='block_1_72' title="bbox 949 1820 1741 1860">
    <p class='ocr_par' dir='ltr' id='par_1_72' title="bbox 951 1820 1741 1858">
     <span class='ocr_line' id='line_1_72' title="bbox 951 1820 1741 1858; baseline 0.004 -10"><span class='ocrx_word' id='word_1_545' title='bbox 951 1825 1043 1848; x_wconf 86' lang='lat' dir='ltr'><strong>autem</strong></span> <span class='ocrx_word' id='word_1_546' title='bbox 1066 1820 1094 1847; x_wconf 95' lang='lat' dir='ltr'><strong>in</strong></span> <span class='ocrx_word' id='word_1_547' title='bbox 1124 1820 1185 1849; x_wconf 86' lang='lat' dir='ltr'><strong>aliis</strong></span> <span class='ocrx_word' id='word_1_548' title='bbox 1199 1821 1315 1857; x_wconf 74' lang='lat' dir='ltr'><strong>ﬁudiciis</strong></span> <span class='ocrx_word' id='word_1_549' title='bbox 1340 1822 1523 1850; x_wconf 82' lang='lat' dir='ltr'><strong>communiter</strong></span> <span class='ocrx_word' id='word_1_550' title='bbox 1545 1823 1640 1858; x_wconf 69' lang='grc' dir='ltr'>ἐφέται</span> <span class='ocrx_word' id='word_1_551' title='bbox 1664 1824 1741 1851; x_wconf 83' lang='lat' dir='ltr'><strong>dicti.</strong></span> 
     </span>
    </p>
   </div>
   <div class='ocr_carea' id='block_1_73' title="bbox 109 1865 897 1905">
    <p class='ocr_par' dir='ltr' id='par_1_73' title="bbox 109 1868 897 1905">
     <span class='ocr_line' id='line_1_73' title="bbox 109 1868 897 1905; baseline -0.003 -8"><span class='ocrx_word' id='word_1_552' title='bbox 109 1869 302 1905; x_wconf 80' lang='grc' dir='ltr'>δικαστηρίοις</span> <span class='ocrx_word' id='word_1_553' title='bbox 322 1869 419 1900; x_wconf 84' lang='grc' dir='ltr'>κοινῶς</span> <span class='ocrx_word' id='word_1_554' title='bbox 440 1869 552 1904; x_wconf 72' lang='grc' dir='ltr'>ἐφέται.</span> <span class='ocrx_word' id='word_1_555' title='bbox 565 1869 626 1895; x_wconf 79' lang='grc' dir='ltr'><strong>Ὀτι</strong></span> <span class='ocrx_word' id='word_1_556' title='bbox 650 1868 796 1905; x_wconf 84' lang='grc' dir='ltr'>μυθολογεί</span> <span class='ocrx_word' id='word_1_557' title='bbox 815 1868 897 1904; x_wconf 77' lang='grc' dir='ltr'>ἄνδρα</span> 
     </span>
    </p>
   </div>
   <div class='ocr_carea' id='block_1_74' title="bbox 949 1865 1742 1905">
    <p class='ocr_par' dir='ltr' id='par_1_74' title="bbox 951 1865 1742 1902">
     <span class='ocr_line' id='line_1_74' title="bbox 951 1865 1742 1902; baseline 0.005 -9"><span class='ocrx_word' id='word_1_558' title='bbox 951 1865 1051 1894; x_wconf 85' lang='lat' dir='ltr'><strong>Narrat</strong></span> <span class='ocrx_word' id='word_1_559' title='bbox 1063 1867 1150 1893; x_wconf 87' lang='lat' dir='ltr'><strong>virum</strong></span> <span class='ocrx_word' id='word_1_560' title='bbox 1169 1867 1315 1902; x_wconf 89' lang='lat' dir='ltr'><strong>quemdam</strong></span> <span class='ocrx_word' id='word_1_561' title='bbox 1327 1868 1438 1895; x_wconf 87' lang='lat' dir='ltr'><strong>nomine</strong></span> <span class='ocrx_word' id='word_1_562' title='bbox 1452 1867 1509 1896; x_wconf 92' lang='lat' dir='ltr'><strong>Oen</strong></span> <span class='ocrx_word' id='word_1_563' title='bbox 1527 1868 1554 1896; x_wconf 93' lang='lat' dir='ltr'><strong>in</strong></span> <span class='ocrx_word' id='word_1_564' title='bbox 1567 1868 1660 1897; x_wconf 71' lang='lat' dir='ltr'><strong>llubro</strong></span> <span class='ocrx_word' id='word_1_565' title='bbox 1672 1871 1742 1897; x_wconf 82' lang='lat' dir='ltr'><strong>mari</strong></span> 
     </span>
    </p>
   </div>
   <div class='ocr_carea' id='block_1_75' title="bbox 108 1911 897 1952">
    <p class='ocr_par' dir='ltr' id='par_1_75' title="bbox 108 1912 897 1951">
     <span class='ocr_line' id='line_1_75' title="bbox 108 1912 897 1951; baseline -0.005 -8"><span class='ocrx_word' id='word_1_566' title='bbox 108 1917 172 1943; x_wconf 84' lang='grc' dir='ltr'>τινὰ</span> <span class='ocrx_word' id='word_1_567' title='bbox 185 1915 378 1951; x_wconf 80' lang='grc' dir='ltr'>ὠνομασμένον</span> <span class='ocrx_word' id='word_1_568' title='bbox 393 1914 461 1949; x_wconf 86' lang='grc' dir='ltr'>Ὦην</span> <span class='ocrx_word' id='word_1_569' title='bbox 470 1914 521 1949; x_wconf 79' lang='grc' dir='ltr'>τῆς</span> <span class='ocrx_word' id='word_1_570' title='bbox 527 1913 660 1950; x_wconf 75' lang='grc' dir='ltr'>Ἐρυθρᾶς</span> <span class='ocrx_word' id='word_1_571' title='bbox 674 1913 810 1947; x_wconf 78' lang='grc' dir='ltr'>θαλάσσης</span> <span class='ocrx_word' id='word_1_572' title='bbox 823 1912 897 1941; x_wconf 81' lang='grc' dir='ltr'>ἀνελ-</span> 
     </span>
    </p>
   </div>
   <div class='ocr_carea' id='block_1_76' title="bbox 949 1911 1741 1952">
    <p class='ocr_par' dir='ltr' id='par_1_76' title="bbox 954 1911 1741 1952">
     <span class='ocr_line' id='line_1_76' title="bbox 954 1911 1741 1952; baseline 0.006 -13"><span class='ocrx_word' id='word_1_573' title='bbox 954 1911 1053 1943; x_wconf 88' lang='lat' dir='ltr'><strong>visum.</strong></span> <span class='ocrx_word' id='word_1_574' title='bbox 1074 1912 1217 1940; x_wconf 86' lang='lat' dir='ltr'><strong>habentem</strong></span> <span class='ocrx_word' id='word_1_575' title='bbox 1232 1917 1329 1941; x_wconf 58' lang='lat' dir='ltr'><strong>extera</strong></span> <span class='ocrx_word' id='word_1_576' title='bbox 1355 1915 1478 1943; x_wconf 85' lang='lat' dir='ltr'><strong>membra</strong></span> <span class='ocrx_word' id='word_1_577' title='bbox 1499 1915 1595 1950; x_wconf 81' lang='lat' dir='ltr'><strong>piscis,</strong></span> <span class='ocrx_word' id='word_1_578' title='bbox 1616 1921 1698 1952; x_wconf 85' lang='lat' dir='ltr'><strong>caput</strong></span> <span class='ocrx_word' id='word_1_579' title='bbox 1713 1921 1741 1944; x_wconf 83' lang='lat' dir='ltr'><strong>et</strong></span> 
     </span>
    </p>
   </div>
   <div class='ocr_carea' id='block_1_77' title="bbox 109 1958 897 1995">
    <p class='ocr_par' dir='ltr' id='par_1_77' title="bbox 109 1958 897 1995">
     <span class='ocr_line' id='line_1_77' title="bbox 109 1958 897 1995; baseline -0.003 -8"><span class='ocrx_word' id='word_1_580' title='bbox 109 1961 179 1991; x_wconf 78' lang='grc' dir='ltr'>θεῖν,</span> <span class='ocrx_word' id='word_1_581' title='bbox 193 1958 279 1987; x_wconf 76' lang='grc' dir='ltr'>τᾶλλα</span> <span class='ocrx_word' id='word_1_582' title='bbox 302 1960 351 1995; x_wconf 84' lang='grc' dir='ltr'><strong>μὲν</strong></span> <span class='ocrx_word' id='word_1_583' title='bbox 370 1959 424 1987; x_wconf 83' lang='grc' dir='ltr'><strong>τῶν</strong></span> <span class='ocrx_word' id='word_1_584' title='bbox 441 1959 531 1995; x_wconf 83' lang='grc' dir='ltr'>μελῶν</span> <span class='ocrx_word' id='word_1_585' title='bbox 545 1958 635 1994; x_wconf 78' lang='grc' dir='ltr'>ἰχθύος</span> <span class='ocrx_word' id='word_1_586' title='bbox 656 1958 762 1993; x_wconf 75' lang='grc' dir='ltr'>ἔχοντα,</span> <span class='ocrx_word' id='word_1_587' title='bbox 778 1958 897 1994; x_wconf 84' lang='grc' dir='ltr'>κεφαλὴν</span> 
     </span>
    </p>
   </div>
   <div class='ocr_carea' id='block_1_78' title="bbox 949 1958 1740 1995">
    <p class='ocr_par' dir='ltr' id='par_1_78' title="bbox 952 1959 1740 1994">
     <span class='ocr_line' id='line_1_78' title="bbox 952 1959 1740 1994; baseline 0.006 -9"><span class='ocrx_word' id='word_1_588' title='bbox 952 1959 1036 1994; x_wconf 83' lang='lat' dir='ltr'><strong>pedes</strong></span> <span class='ocrx_word' id='word_1_589' title='bbox 1056 1962 1084 1986; x_wconf 85' lang='lat' dir='ltr'><strong>et</strong></span> <span class='ocrx_word' id='word_1_590' title='bbox 1102 1966 1200 1987; x_wconf 82' lang='lat' dir='ltr'><strong>manus</strong></span> <span class='ocrx_word' id='word_1_591' title='bbox 1228 1959 1358 1992; x_wconf 88' lang='lat' dir='ltr'><strong>hominis,</strong></span> <span class='ocrx_word' id='word_1_592' title='bbox 1386 1965 1413 1988; x_wconf 90' lang='lat' dir='ltr'><strong>et</strong></span> <span class='ocrx_word' id='word_1_593' title='bbox 1432 1961 1587 1989; x_wconf 83' lang='lat' dir='ltr'><strong>ostendisse</strong></span> <span class='ocrx_word' id='word_1_594' title='bbox 1614 1967 1740 1991; x_wconf 81' lang='lat' dir='ltr'><strong>astrono-</strong></span> 
     </span>
    </p>
   </div>
   <div class='ocr_carea' id='block_1_79' title="bbox 107 2004 897 2042">
    <p class='ocr_par' dir='ltr' id='par_1_79' title="bbox 107 2004 897 2042">
     <span class='ocr_line' id='line_1_79' title="bbox 107 2004 897 2042; baseline -0.004 -8"><span class='ocrx_word' id='word_1_595' title='bbox 107 2008 137 2034; x_wconf 79' lang='grc' dir='ltr'>δὲ</span> <span class='ocrx_word' id='word_1_596' title='bbox 150 2007 199 2034; x_wconf 81' lang='grc' dir='ltr'>καὶ</span> <span class='ocrx_word' id='word_1_597' title='bbox 214 2007 299 2038; x_wconf 83' lang='grc' dir='ltr'>πόδας</span> <span class='ocrx_word' id='word_1_598' title='bbox 313 2007 360 2033; x_wconf 81' lang='grc' dir='ltr'>καὶ</span> <span class='ocrx_word' id='word_1_599' title='bbox 380 2007 475 2042; x_wconf 81' lang='grc' dir='ltr'>χεῖρας</span> <span class='ocrx_word' id='word_1_600' title='bbox 494 2005 600 2041; x_wconf 83' lang='grc' dir='ltr'>ἀνδρὸς,</span> <span class='ocrx_word' id='word_1_601' title='bbox 613 2005 660 2032; x_wconf 74' lang='grc' dir='ltr'>καὶ</span> <span class='ocrx_word' id='word_1_602' title='bbox 676 2004 831 2037; x_wconf 75' lang='grc' dir='ltr'>καταδεῖξαι</span> <span class='ocrx_word' id='word_1_603' title='bbox 849 2004 897 2040; x_wconf 85' lang='grc' dir='ltr'>τήν</span> 
     </span>
    </p>
   </div>
   <div class='ocr_carea' id='block_1_80' title="bbox 949 2004 1742 2042">
    <p class='ocr_par' dir='ltr' id='par_1_80' title="bbox 951 2004 1742 2038">
     <span class='ocr_line' id='line_1_80' title="bbox 951 2004 1742 2038; baseline 0.005 -7"><span class='ocrx_word' id='word_1_604' title='bbox 951 2005 1036 2032; x_wconf 86' lang='lat' dir='ltr'><strong>miam</strong></span> <span class='ocrx_word' id='word_1_605' title='bbox 1059 2008 1088 2032; x_wconf 89' lang='lat' dir='ltr'><strong>et</strong></span> <span class='ocrx_word' id='word_1_606' title='bbox 1101 2004 1218 2032; x_wconf 87' lang='lat' dir='ltr'><strong>litteras.</strong></span> <span class='ocrx_word' id='word_1_607' title='bbox 1235 2004 1353 2038; x_wconf 84' lang='lat' dir='ltr'><strong>Quidam</strong></span> <span class='ocrx_word' id='word_1_608' title='bbox 1367 2006 1462 2034; x_wconf 90' lang='lat' dir='ltr'><strong>dicunt</strong></span> <span class='ocrx_word' id='word_1_609' title='bbox 1477 2007 1551 2034; x_wconf 89' lang='lat' dir='ltr'><strong>illum</strong></span> <span class='ocrx_word' id='word_1_610' title='bbox 1568 2012 1662 2035; x_wconf 86' lang='lat' dir='ltr'><strong>natum</strong></span> <span class='ocrx_word' id='word_1_611' title='bbox 1677 2016 1742 2036; x_wconf 86' lang='lat' dir='ltr'><strong>esse</strong></span> 
     </span>
    </p>
   </div>
   <div class='ocr_carea' id='block_1_81' title="bbox 106 2051 897 2090">
    <p class='ocr_par' dir='ltr' id='par_1_81' title="bbox 106 2051 897 2090">
     <span class='ocr_line' id='line_1_81' title="bbox 106 2051 897 2090; baseline -0.006 -8"><span class='ocrx_word' id='word_1_612' title='bbox 106 2064 138 2082; x_wconf 81' lang='grc' dir='ltr'><strong>τε</strong></span> <span class='ocrx_word' id='word_1_613' title='bbox 152 2053 336 2090; x_wconf 82' lang='grc' dir='ltr'>ἀστρονομίαν</span> <span class='ocrx_word' id='word_1_614' title='bbox 355 2053 403 2080; x_wconf 67' lang='grc' dir='ltr'>καὶ</span> <span class='ocrx_word' id='word_1_615' title='bbox 420 2052 456 2080; x_wconf 87' lang='grc' dir='ltr'>τὰ</span> <span class='ocrx_word' id='word_1_616' title='bbox 478 2052 640 2088; x_wconf 79' lang='grc' dir='ltr'>γράμματα,</span> <span class='ocrx_word' id='word_1_617' title='bbox 657 2052 689 2078; x_wconf 80' lang='grc' dir='ltr'><strong>Οἱ</strong></span> <span class='ocrx_word' id='word_1_618' title='bbox 710 2051 740 2078; x_wconf 83' lang='grc' dir='ltr'>δὲ</span> <span class='ocrx_word' id='word_1_619' title='bbox 764 2051 844 2078; x_wconf 76' lang='grc' dir='ltr'>αὐτὸν</span> <span class='ocrx_word' id='word_1_620' title='bbox 867 2052 897 2078; x_wconf 80' lang='grc' dir='ltr'>ὲκ</span> 
     </span>
    </p>
   </div>
   <div class='ocr_carea' id='block_1_82' title="bbox 949 2051 1739 2090">
    <p class='ocr_par' dir='ltr' id='par_1_82' title="bbox 950 2051 1739 2086">
     <span class='ocr_line' id='line_1_82' title="bbox 950 2051 1739 2086; baseline 0.004 -8"><span class='ocrx_word' id='word_1_621' title='bbox 950 2058 966 2078; x_wconf 93' lang='lat' dir='ltr'><strong>e</strong></span> <span class='ocrx_word' id='word_1_622' title='bbox 980 2051 1068 2086; x_wconf 89' lang='lat' dir='ltr'><strong>primo</strong></span> <span class='ocrx_word' id='word_1_623' title='bbox 1088 2056 1200 2086; x_wconf 80' lang='lat' dir='ltr'><strong>parente</strong></span> <span class='ocrx_word' id='word_1_624' title='bbox 1226 2051 1296 2085; x_wconf 72' lang='lat' dir='ltr'><strong>‘no-J,</strong></span> <span class='ocrx_word' id='word_1_625' title='bbox 1310 2056 1338 2079; x_wconf 80' lang='lat' dir='ltr'><strong>et</strong></span> <span class='ocrx_word' id='word_1_626' title='bbox 1365 2052 1457 2080; x_wconf 87' lang='lat' dir='ltr'><strong>testari</strong></span> <span class='ocrx_word' id='word_1_627' title='bbox 1472 2060 1584 2086; x_wconf 88' lang='lat' dir='ltr'><strong>nomen,</strong></span> <span class='ocrx_word' id='word_1_628' title='bbox 1600 2053 1739 2081; x_wconf 89' lang='lat' dir='ltr'><strong>hominem</strong></span> 
     </span>
    </p>
   </div>
   <div class='ocr_carea' id='block_1_83' title="bbox 107 2097 897 2136">
    <p class='ocr_par' dir='ltr' id='par_1_83' title="bbox 107 2097 897 2136">
     <span class='ocr_line' id='line_1_83' title="bbox 107 2097 897 2136; baseline -0.006 -8"><span class='ocrx_word' id='word_1_629' title='bbox 107 2101 156 2128; x_wconf 84' lang='grc' dir='ltr'>τοῦ</span> <span class='ocrx_word' id='word_1_630' title='bbox 172 2099 347 2136; x_wconf 80' lang='grc' dir='ltr'>πρωτογόνου</span> <span class='ocrx_word' id='word_1_631' title='bbox 363 2099 515 2135; x_wconf 79' lang='grc' dir='ltr'>πεφηνέναι</span> <span class='ocrx_word' id='word_1_632' title='bbox 534 2099 657 2133; x_wconf 83' lang='grc' dir='ltr'>λέγουσιν</span> <span class='ocrx_word' id='word_1_633' title='bbox 680 2097 751 2131; x_wconf 84' lang='grc' dir='ltr'><strong>Ὧοῦ,</strong></span> <span class='ocrx_word' id='word_1_634' title='bbox 768 2097 817 2124; x_wconf 77' lang='grc' dir='ltr'>καὶ</span> <span class='ocrx_word' id='word_1_635' title='bbox 828 2105 897 2133; x_wconf 84' lang='grc' dir='ltr'>μαρ-</span> 
     </span>
    </p>
   </div>
   <div class='ocr_carea' id='block_1_84' title="bbox 949 2097 1738 2136">
    <p class='ocr_par' dir='ltr' id='par_1_84' title="bbox 951 2097 1738 2133">
     <span class='ocr_line' id='line_1_84' title="bbox 951 2097 1738 2133; baseline 0.003 -9"><span class='ocrx_word' id='word_1_636' title='bbox 951 2103 1042 2125; x_wconf 84' lang='lat' dir='ltr'><strong>autem</strong></span> <span class='ocrx_word' id='word_1_637' title='bbox 1066 2097 1178 2132; x_wconf 86' lang='lat' dir='ltr'><strong>omnino</strong></span> <span class='ocrx_word' id='word_1_638' title='bbox 1201 2104 1283 2130; x_wconf 86' lang='lat' dir='ltr'><strong>esse.</strong></span> <span class='ocrx_word' id='word_1_639' title='bbox 1311 2098 1413 2132; x_wconf 80' lang='lat' dir='ltr'><strong>piscem</strong></span> <span class='ocrx_word' id='word_1_640' title='bbox 1439 2105 1504 2126; x_wconf 89' lang='lat' dir='ltr'><strong>vero</strong></span> <span class='ocrx_word' id='word_1_641' title='bbox 1530 2099 1636 2132; x_wconf 86' lang='lat' dir='ltr'><strong>videri,</strong></span> <span class='ocrx_word' id='word_1_642' title='bbox 1664 2099 1738 2133; x_wconf 84' lang='lat' dir='ltr'><strong>quod</strong></span> 
     </span>
    </p>
   </div>
   <div class='ocr_carea' id='block_1_85' title="bbox 107 2142 897 2183">
    <p class='ocr_par' dir='ltr' id='par_1_85' title="bbox 107 2144 897 2183">
     <span class='ocr_line' id='line_1_85' title="bbox 107 2144 897 2183; baseline -0.004 -9"><span class='ocrx_word' id='word_1_643' title='bbox 107 2149 205 2183; x_wconf 82' lang='grc' dir='ltr'>τυρεῖν</span> <span class='ocrx_word' id='word_1_644' title='bbox 221 2147 342 2182; x_wconf 82' lang='grc' dir='ltr'>τοῠνομα</span> <span class='ocrx_word' id='word_1_645' title='bbox 357 2154 366 2162; x_wconf 84' lang='lat'><strong>&#39;</strong></span> <span class='ocrx_word' id='word_1_646' title='bbox 382 2146 526 2182; x_wconf 77' lang='grc' dir='ltr'>ἄνθρωπον</span> <span class='ocrx_word' id='word_1_647' title='bbox 541 2145 571 2172; x_wconf 77' lang='grc' dir='ltr'>δὲ</span> <span class='ocrx_word' id='word_1_648' title='bbox 585 2145 649 2172; x_wconf 73' lang='grc' dir='ltr'>ὅντα</span> <span class='ocrx_word' id='word_1_649' title='bbox 661 2145 696 2171; x_wconf 79' lang='grc' dir='ltr'><strong>τὰ</strong></span> <span class='ocrx_word' id='word_1_650' title='bbox 710 2144 799 2171; x_wconf 84' lang='grc' dir='ltr'>πάντα</span> <span class='ocrx_word' id='word_1_651' title='bbox 824 2144 897 2179; x_wconf 82' lang='grc' dir='ltr'>ίχθῦν</span> 
     </span>
    </p>
   </div>
   <div class='ocr_carea' id='block_1_86' title="bbox 949 2142 1738 2183">
    <p class='ocr_par' dir='ltr' id='par_1_86' title="bbox 951 2142 1738 2179">
     <span class='ocr_line' id='line_1_86' title="bbox 951 2142 1738 2179; baseline 0.003 -8"><span class='ocrx_word' id='word_1_652' title='bbox 951 2143 1034 2179; x_wconf 88' lang='lat' dir='ltr'><strong>piscis</strong></span> <span class='ocrx_word' id='word_1_653' title='bbox 1056 2144 1124 2179; x_wconf 89' lang='lat' dir='ltr'><strong>pelle</strong></span> <span class='ocrx_word' id='word_1_654' title='bbox 1144 2144 1314 2171; x_wconf 88' lang='lat' dir='ltr'><strong>inducretur.</strong></span> <span class='ocrx_word' id='word_1_655' title='bbox 1340 2142 1423 2176; x_wconf 83' lang='grc' dir='ltr'>Λῦτις</span> <span class='ocrx_word' id='word_1_656' title='bbox 1439 2144 1561 2173; x_wconf 84' lang='lat' dir='ltr'><strong>Ionicum</strong></span> <span class='ocrx_word' id='word_1_657' title='bbox 1584 2150 1636 2177; x_wconf 85' lang='lat' dir='ltr'><strong>est.</strong></span> <span class='ocrx_word' id='word_1_658' title='bbox 1659 2143 1738 2178; x_wconf 82' lang='grc' dir='ltr'>αὖθις</span> 
     </span>
    </p>
   </div>
   <div class='ocr_carea' id='block_1_87' title="bbox 106 2189 897 2229">
    <p class='ocr_par' dir='ltr' id='par_1_87' title="bbox 106 2189 897 2229">
     <span class='ocr_line' id='line_1_87' title="bbox 106 2189 897 2229; baseline -0.003 -9"><span class='ocrx_word' id='word_1_659' title='bbox 106 2195 198 2227; x_wconf 75' lang='grc' dir='ltr'>δόξαι,</span> <span class='ocrx_word' id='word_1_660' title='bbox 232 2194 354 2229; x_wconf 87' lang='grc' dir='ltr'>διότιπερ</span> <span class='ocrx_word' id='word_1_661' title='bbox 377 2192 513 2228; x_wconf 68' lang='grc' dir='ltr'>ἠμφίεστο</span> <span class='ocrx_word' id='word_1_662' title='bbox 539 2190 646 2226; x_wconf 87' lang='grc' dir='ltr'>κητώδη</span> <span class='ocrx_word' id='word_1_663' title='bbox 661 2190 752 2226; x_wconf 78' lang='grc' dir='ltr'>δορὰν.</span> <span class='ocrx_word' id='word_1_664' title='bbox 771 2189 897 2227; x_wconf 39' lang='lat'><strong>[1596.32</strong></span> 
     </span>
    </p>
   </div>
   <div class='ocr_carea' id='block_1_88' title="bbox 949 2189 1738 2229">
    <p class='ocr_par' dir='ltr' id='par_1_88' title="bbox 951 2189 1738 2227">
     <span class='ocr_line' id='line_1_88' title="bbox 951 2189 1738 2227; baseline 0.004 -11"><span class='ocrx_word' id='word_1_665' title='bbox 951 2196 1016 2217; x_wconf 89' lang='lat' dir='ltr'><strong>vero</strong></span> <span class='ocrx_word' id='word_1_666' title='bbox 1030 2189 1168 2217; x_wconf 85' lang='lat' dir='ltr'><strong>Atticum:</strong></span> <span class='ocrx_word' id='word_1_667' title='bbox 1186 2190 1226 2217; x_wconf 89' lang='lat' dir='ltr'><strong>sic</strong></span> <span class='ocrx_word' id='word_1_668' title='bbox 1240 2189 1323 2217; x_wconf 87' lang='lat' dir='ltr'><strong>etiam</strong></span> <span class='ocrx_word' id='word_1_669' title='bbox 1341 2189 1438 2226; x_wconf 60' lang='lat'><strong>535!)</strong></span> <span class='ocrx_word' id='word_1_670' title='bbox 1460 2190 1540 2226; x_wconf 74' lang='grc' dir='ltr'>μέχρι</span> <span class='ocrx_word' id='word_1_671' title='bbox 1555 2195 1583 2218; x_wconf 89' lang='lat' dir='ltr'><strong>et</strong></span> <span class='ocrx_word' id='word_1_672' title='bbox 1597 2192 1661 2227; x_wconf 84' lang='grc' dir='ltr'>ἄχρι</span> <span class='ocrx_word' id='word_1_673' title='bbox 1678 2192 1738 2220; x_wconf 82' lang='lat' dir='ltr'><strong>sine</strong></span> 
     </span>
    </p>
   </div>
   <div class='ocr_carea' id='block_1_89' title="bbox 106 2235 897 2275">
    <p class='ocr_par' dir='ltr' id='par_1_89' title="bbox 106 2235 897 2275">
     <span class='ocr_line' id='line_1_89' title="bbox 106 2235 897 2275; baseline -0.008 -7"><span class='ocrx_word' id='word_1_674' title='bbox 106 2239 224 2275; x_wconf 75' lang='lat'><strong>87511.]</strong></span> <span class='ocrx_word' id='word_1_675' title='bbox 247 2239 310 2266; x_wconf 81' lang='grc' dir='ltr'>ὀτι</span> <span class='ocrx_word' id='word_1_676' title='bbox 328 2238 360 2265; x_wconf 85' lang='grc' dir='ltr'>τὸ</span> <span class='ocrx_word' id='word_1_677' title='bbox 385 2238 435 2273; x_wconf 69' lang='grc' dir='ltr'>μὲν</span> <span class='ocrx_word' id='word_1_678' title='bbox 456 2235 543 2270; x_wconf 85' lang='grc' dir='ltr'>αὖτις</span> <span class='ocrx_word' id='word_1_679' title='bbox 562 2237 691 2268; x_wconf 82' lang='grc' dir='ltr'>Ίωνικδν,</span> <span class='ocrx_word' id='word_1_680' title='bbox 705 2236 736 2263; x_wconf 81' lang='grc' dir='ltr'>τὸ</span> <span class='ocrx_word' id='word_1_681' title='bbox 767 2236 796 2263; x_wconf 78' lang='grc' dir='ltr'>δὲ</span> <span class='ocrx_word' id='word_1_682' title='bbox 813 2235 897 2269; x_wconf 83' lang='grc' dir='ltr'>αὖθις</span> 
     </span>
    </p>
   </div>
   <div class='ocr_carea' id='block_1_90' title="bbox 949 2235 1739 2275">
    <p class='ocr_par' dir='ltr' id='par_1_90' title="bbox 951 2235 1739 2273">
     <span class='ocr_line' id='line_1_90' title="bbox 951 2235 1739 2273; baseline 0.005 -11"><span class='ocrx_word' id='word_1_683' title='bbox 951 2235 1071 2263; x_wconf 82' lang='lat' dir='ltr'><strong>cAttica</strong></span> <span class='ocrx_word' id='word_1_684' title='bbox 1095 2240 1171 2269; x_wconf 88' lang='lat' dir='ltr'><strong>sunt,</strong></span> <span class='ocrx_word' id='word_1_685' title='bbox 1199 2244 1261 2264; x_wconf 85' lang='lat' dir='ltr'><strong>cum</strong></span> <span class='ocrx_word' id='word_1_686' title='bbox 1277 2244 1293 2263; x_wconf 90' lang='grc' dir='ltr'><strong>σ</strong></span> <span class='ocrx_word' id='word_1_687' title='bbox 1308 2235 1410 2264; x_wconf 74' lang='lat' dir='ltr'><strong>Ionica.</strong></span> <span class='ocrx_word' id='word_1_688' title='bbox 1437 2237 1519 2264; x_wconf 86' lang='lat' dir='ltr'><strong>Attici</strong></span> <span class='ocrx_word' id='word_1_689' title='bbox 1544 2245 1620 2265; x_wconf 86' lang='lat' dir='ltr'><strong>more</strong></span> <span class='ocrx_word' id='word_1_690' title='bbox 1644 2238 1739 2273; x_wconf 82' lang='lat' dir='ltr'><strong>aliquo</strong></span> 
     </span>
    </p>
   </div>
   <div class='ocr_carea' id='block_1_91' title="bbox 112 2278 897 2320">
    <p class='ocr_par' dir='ltr' id='par_1_91' title="bbox 112 2278 897 2317">
     <span class='ocr_line' id='line_1_91' title="bbox 112 2278 897 2317; baseline -0.008 -3"><span class='ocrx_word' id='word_1_691' title='bbox 112 2286 252 2314; x_wconf 78' lang='grc' dir='ltr'>Ἀττικόν.</span> <span class='ocrx_word' id='word_1_692' title='bbox 272 2285 411 2317; x_wconf 80' lang='grc' dir='ltr'>Ὡσαύτως</span> <span class='ocrx_word' id='word_1_693' title='bbox 428 2284 456 2311; x_wconf 80' lang='grc' dir='ltr'>δὲ</span> <span class='ocrx_word' id='word_1_694' title='bbox 470 2278 517 2311; x_wconf 76' lang='grc' dir='ltr'>καὶ</span> <span class='ocrx_word' id='word_1_695' title='bbox 529 2283 560 2310; x_wconf 82' lang='grc' dir='ltr'>τὸ</span> <span class='ocrx_word' id='word_1_696' title='bbox 572 2283 660 2317; x_wconf 71' lang='grc' dir='ltr'>μέχρι</span> <span class='ocrx_word' id='word_1_697' title='bbox 669 2282 717 2309; x_wconf 78' lang='grc' dir='ltr'>καὶ</span> <span class='ocrx_word' id='word_1_698' title='bbox 732 2281 802 2316; x_wconf 80' lang='grc' dir='ltr'>ἄχρι</span> <span class='ocrx_word' id='word_1_699' title='bbox 816 2283 897 2317; x_wconf 76' lang='grc' dir='ltr'>χωρὶς</span> 
     </span>
    </p>
   </div>
   <div class='ocr_carea' id='block_1_92' title="bbox 949 2278 1738 2320">
    <p class='ocr_par' dir='ltr' id='par_1_92' title="bbox 950 2281 1738 2320">
     <span class='ocr_line' id='line_1_92' title="bbox 950 2281 1738 2320; baseline 0.003 -11"><span class='ocrx_word' id='word_1_700' title='bbox 950 2282 1039 2317; x_wconf 82' lang='lat' dir='ltr'><strong>patrio</strong></span> <span class='ocrx_word' id='word_1_701' title='bbox 1050 2289 1102 2309; x_wconf 88' lang='lat' dir='ltr'><strong>non</strong></span> <span class='ocrx_word' id='word_1_702' title='bbox 1120 2286 1235 2309; x_wconf 84' lang='lat' dir='ltr'><strong>utuntur</strong></span> <span class='ocrx_word' id='word_1_703' title='bbox 1249 2281 1417 2317; x_wconf 81' lang='lat' dir='ltr'><strong>diphthongo</strong></span> <span class='ocrx_word' id='word_1_704' title='bbox 1432 2283 1598 2315; x_wconf 76' lang='lat' dir='ltr'><strong>at,dicentes</strong></span> <span class='ocrx_word' id='word_1_705' title='bbox 1612 2284 1640 2316; x_wconf 84' lang='grc' dir='ltr'>ἐς</span> <span class='ocrx_word' id='word_1_706' title='bbox 1654 2285 1738 2320; x_wconf 82' lang='grc' dir='ltr'>κόρα-</span> 
     </span>
    </p>
   </div>
   <div class='ocr_carea' id='block_1_93' title="bbox 107 2327 897 2369">
    <p class='ocr_par' dir='ltr' id='par_1_93' title="bbox 107 2327 897 2369">
     <span class='ocr_line' id='line_1_93' title="bbox 107 2327 897 2369; baseline -0.008 -9"><span class='ocrx_word' id='word_1_707' title='bbox 107 2334 160 2369; x_wconf 71' lang='grc' dir='ltr'><strong>μέν</strong></span> <span class='ocrx_word' id='word_1_708' title='bbox 175 2334 222 2360; x_wconf 77' lang='grc' dir='ltr'>τοῦ</span> <span class='ocrx_word' id='word_1_709' title='bbox 239 2342 255 2366; x_wconf 86' lang='grc' dir='ltr'><strong>ς</strong></span> <span class='ocrx_word' id='word_1_710' title='bbox 275 2331 408 2364; x_wconf 74' lang='grc' dir='ltr'>Ἀττικὸν,</span> <span class='ocrx_word' id='word_1_711' title='bbox 419 2330 489 2366; x_wconf 83' lang='grc' dir='ltr'>μετὰ</span> <span class='ocrx_word' id='word_1_712' title='bbox 503 2330 531 2356; x_wconf 83' lang='grc' dir='ltr'>δὲ</span> <span class='ocrx_word' id='word_1_713' title='bbox 545 2329 592 2356; x_wconf 81' lang='grc' dir='ltr'>τοῦ</span> <span class='ocrx_word' id='word_1_714' title='bbox 609 2339 625 2362; x_wconf 85' lang='grc' dir='ltr'><strong>ς</strong></span> <span class='ocrx_word' id='word_1_715' title='bbox 644 2327 772 2355; x_wconf 73' lang='grc' dir='ltr'><strong>Ἰωνικόν.</strong></span> <span class='ocrx_word' id='word_1_716' title='bbox 797 2328 857 2355; x_wconf 87' lang='grc' dir='ltr'><strong>Ὀτι</strong></span> <span class='ocrx_word' id='word_1_717' title='bbox 872 2327 897 2354; x_wconf 84' lang='grc' dir='ltr'>οι</span> 
     </span>
    </p>
   </div>
   <div class='ocr_carea' id='block_1_94' title="bbox 949 2327 1736 2369">
    <p class='ocr_par' dir='ltr' id='par_1_94' title="bbox 951 2328 1736 2364">
     <span class='ocr_line' id='line_1_94' title="bbox 951 2328 1736 2364; baseline 0.006 -10"><span class='ocrx_word' id='word_1_718' title='bbox 951 2336 1001 2360; x_wconf 82' lang='grc' dir='ltr'><strong>κας</strong></span> <span class='ocrx_word' id='word_1_719' title='bbox 1014 2328 1047 2356; x_wconf 82' lang='lat' dir='ltr'><strong>ad</strong></span> <span class='ocrx_word' id='word_1_720' title='bbox 1059 2335 1168 2359; x_wconf 85' lang='lat' dir='ltr'><strong>corvos,</strong></span> <span class='ocrx_word' id='word_1_721' title='bbox 1184 2328 1227 2355; x_wconf 90' lang='lat' dir='ltr'><strong>vel</strong></span> <span class='ocrx_word' id='word_1_722' title='bbox 1242 2328 1271 2360; x_wconf 81' lang='grc' dir='ltr'>ἐς</span> <span class='ocrx_word' id='word_1_723' title='bbox 1286 2328 1423 2364; x_wconf 86' lang='grc' dir='ltr'>μακαρίαν</span> <span class='ocrx_word' id='word_1_724' title='bbox 1437 2329 1465 2355; x_wconf 72' lang='lat' dir='ltr'><strong>in</strong></span> <span class='ocrx_word' id='word_1_725' title='bbox 1479 2329 1615 2357; x_wconf 77' lang='lat' dir='ltr'><strong>beatorum</strong></span> <span class='ocrx_word' id='word_1_726' title='bbox 1626 2332 1712 2358; x_wconf 71' lang='lat' dir='ltr'><strong>sedem</strong></span> <span class='ocrx_word' id='word_1_727' title='bbox 1725 2339 1736 2359; x_wconf 87' lang='lat'><strong><em>:</em></strong></span> 
     </span>
    </p>
   </div>
   <div class='ocr_carea' id='block_1_95' title="bbox 112 2373 897 2425">
    <p class='ocr_par' dir='ltr' id='par_1_95' title="bbox 112 2374 897 2412">
     <span class='ocr_line' id='line_1_95' title="bbox 112 2374 897 2412; baseline -0.008 -6"><span class='ocrx_word' id='word_1_728' title='bbox 112 2379 237 2406; x_wconf 70' lang='grc' dir='ltr'>Ἀττικοὶ</span> <span class='ocrx_word' id='word_1_729' title='bbox 258 2378 329 2405; x_wconf 81' lang='grc' dir='ltr'>κατά</span> <span class='ocrx_word' id='word_1_730' title='bbox 354 2385 381 2404; x_wconf 87' lang='grc' dir='ltr'><strong>τι</strong></span> <span class='ocrx_word' id='word_1_731' title='bbox 407 2377 521 2412; x_wconf 82' lang='grc' dir='ltr'>πάτριον</span> <span class='ocrx_word' id='word_1_732' title='bbox 541 2375 602 2407; x_wconf 72' lang='grc' dir='ltr'>ἔθος</span> <span class='ocrx_word' id='word_1_733' title='bbox 626 2374 656 2401; x_wconf 86' lang='grc' dir='ltr'>οὐ</span> <span class='ocrx_word' id='word_1_734' title='bbox 681 2374 801 2410; x_wconf 82' lang='grc' dir='ltr'>χρῶνται</span> <span class='ocrx_word' id='word_1_735' title='bbox 819 2375 853 2409; x_wconf 78' lang='grc' dir='ltr'>τῇ</span> <span class='ocrx_word' id='word_1_736' title='bbox 872 2382 897 2401; x_wconf 78' lang='grc' dir='ltr'><strong>ει</strong></span> 
     </span>
    </p>
   </div>
   <div class='ocr_carea' id='block_1_96' title="bbox 949 2373 1738 2425">
    <p class='ocr_par' dir='ltr' id='par_1_96' title="bbox 951 2373 1738 2411">
     <span class='ocr_line' id='line_1_96' title="bbox 951 2373 1738 2411; baseline 0.004 -10"><span class='ocrx_word' id='word_1_737' title='bbox 951 2374 998 2401; x_wconf 90' lang='lat' dir='ltr'><strong>sed</strong></span> <span class='ocrx_word' id='word_1_738' title='bbox 1015 2374 1074 2402; x_wconf 78' lang='lat' dir='ltr'><strong>sine</strong></span> <span class='ocrx_word' id='word_1_739' title='bbox 1088 2373 1257 2409; x_wconf 77' lang='lat' dir='ltr'><strong>diphthongo</strong></span> <span class='ocrx_word' id='word_1_740' title='bbox 1271 2374 1489 2409; x_wconf 68' lang='lat' dir='ltr'><strong>praepositionem</strong></span> <span class='ocrx_word' id='word_1_741' title='bbox 1505 2376 1533 2407; x_wconf 75' lang='grc' dir='ltr'>ἐς</span> <span class='ocrx_word' id='word_1_742' title='bbox 1549 2377 1738 2411; x_wconf 79' lang='lat' dir='ltr'><strong>pronuntiant;</strong></span> 
     </span>
    </p>
   </div>
   <div class='ocr_carea' id='block_1_97' title="bbox 102 2420 897 2459">
    <p class='ocr_par' dir='ltr' id='par_1_97' title="bbox 102 2421 897 2459">
     <span class='ocr_line' id='line_1_97' title="bbox 102 2421 897 2459; baseline -0.008 -7"><span class='ocrx_word' id='word_1_743' title='bbox 102 2425 248 2459; x_wconf 67' lang='grc' dir='ltr'>διςθὸγγῳ</span> <span class='ocrx_word' id='word_1_744' title='bbox 261 2425 290 2451; x_wconf 78' lang='grc' dir='ltr'><strong>ἐν</strong></span> <span class='ocrx_word' id='word_1_745' title='bbox 301 2423 341 2458; x_wconf 86' lang='grc' dir='ltr'>τῷ</span> <span class='ocrx_word' id='word_1_746' title='bbox 355 2422 445 2457; x_wconf 74' lang='grc' dir='ltr'>λέγειν</span> <span class='ocrx_word' id='word_1_747' title='bbox 458 2423 490 2456; x_wconf 73' lang='grc' dir='ltr'>ἐς</span> <span class='ocrx_word' id='word_1_748' title='bbox 508 2423 638 2456; x_wconf 80' lang='grc' dir='ltr'>κόρακας</span> <span class='ocrx_word' id='word_1_749' title='bbox 665 2421 723 2455; x_wconf 76' lang='grc' dir='ltr'>ῆές</span> <span class='ocrx_word' id='word_1_750' title='bbox 735 2421 897 2456; x_wconf 81' lang='grc' dir='ltr'>μακαρίαν,</span> 
     </span>
    </p>
   </div>
   <div class='ocr_carea' id='block_1_98' title="bbox 949 2420 1739 2459">
    <p class='ocr_par' dir='ltr' id='par_1_98' title="bbox 950 2420 1739 2458">
     <span class='ocr_line' id='line_1_98' title="bbox 950 2420 1739 2458; baseline 0.005 -11"><span class='ocrx_word' id='word_1_751' title='bbox 950 2420 978 2447; x_wconf 93' lang='lat' dir='ltr'><strong>in</strong></span> <span class='ocrx_word' id='word_1_752' title='bbox 1000 2420 1063 2448; x_wconf 89' lang='lat' dir='ltr'><strong>aliis</strong></span> <span class='ocrx_word' id='word_1_753' title='bbox 1076 2428 1140 2448; x_wconf 88' lang='lat' dir='ltr'><strong>vero</strong></span> <span class='ocrx_word' id='word_1_754' title='bbox 1157 2420 1287 2448; x_wconf 80' lang='lat' dir='ltr'><strong>omnibus</strong></span> <span class='ocrx_word' id='word_1_755' title='bbox 1312 2425 1341 2448; x_wconf 87' lang='lat' dir='ltr'><strong>et</strong></span> <span class='ocrx_word' id='word_1_756' title='bbox 1372 2428 1435 2448; x_wconf 91' lang='lat' dir='ltr'><strong>cum</strong></span> <span class='ocrx_word' id='word_1_757' title='bbox 1453 2421 1621 2458; x_wconf 77' lang='lat' dir='ltr'><strong>diphthongo</strong></span> <span class='ocrx_word' id='word_1_758' title='bbox 1634 2428 1661 2451; x_wconf 84' lang='lat' dir='ltr'><strong>et</strong></span> <span class='ocrx_word' id='word_1_759' title='bbox 1677 2424 1739 2451; x_wconf 81' lang='lat' dir='ltr'><strong>sine</strong></span> 
     </span>
    </p>
   </div>
   <div class='ocr_carea' id='block_1_99' title="bbox 103 2466 897 2504">
    <p class='ocr_par' dir='ltr' id='par_1_99' title="bbox 103 2466 896 2504">
     <span class='ocr_line' id='line_1_99' title="bbox 103 2466 896 2504; baseline -0.006 -6"><span class='ocrx_word' id='word_1_760' title='bbox 103 2472 167 2499; x_wconf 75' lang='grc' dir='ltr'>ἀλλ’</span> <span class='ocrx_word' id='word_1_761' title='bbox 193 2471 258 2498; x_wconf 79' lang='grc' dir='ltr'>ἄνευ</span> <span class='ocrx_word' id='word_1_762' title='bbox 281 2470 330 2496; x_wconf 86' lang='grc' dir='ltr'>τοῦ</span> <span class='ocrx_word' id='word_1_763' title='bbox 352 2469 475 2504; x_wconf 86' lang='grc' dir='ltr'>διχρόνου</span> <span class='ocrx_word' id='word_1_764' title='bbox 496 2466 647 2503; x_wconf 80' lang='grc' dir='ltr'>ὲκφωνοῦσι</span> <span class='ocrx_word' id='word_1_765' title='bbox 674 2467 725 2502; x_wconf 87' lang='grc' dir='ltr'><strong>τὴν</strong></span> <span class='ocrx_word' id='word_1_766' title='bbox 743 2466 872 2502; x_wconf 81' lang='grc' dir='ltr'>πρόθεσιν</span> <span class='ocrx_word' id='word_1_767' title='bbox 888 2474 896 2482; x_wconf 88' lang='grc'><strong>·</strong></span> 
     </span>
    </p>
   </div>
   <div class='ocr_carea' id='block_1_100' title="bbox 949 2466 1738 2504">
    <p class='ocr_par' dir='ltr' id='par_1_100' title="bbox 950 2466 1738 2503">
     <span class='ocr_line' id='line_1_100' title="bbox 950 2466 1738 2503; baseline 0.005 -9"><span class='ocrx_word' id='word_1_768' title='bbox 950 2466 1101 2503; x_wconf 79' lang='lat' dir='ltr'><strong>diphtongo</strong></span> <span class='ocrx_word' id='word_1_769' title='bbox 1117 2467 1338 2502; x_wconf 68' lang='lat' dir='ltr'><strong>praepositionem</strong></span> <span class='ocrx_word' id='word_1_770' title='bbox 1361 2467 1401 2499; x_wconf 80' lang='grc' dir='ltr'><strong>εις</strong></span> <span class='ocrx_word' id='word_1_771' title='bbox 1421 2472 1565 2502; x_wconf 85' lang='lat' dir='ltr'><strong>usurpant.</strong></span> <span class='ocrx_word' id='word_1_772' title='bbox 1579 2469 1661 2497; x_wconf 84' lang='lat' dir='ltr'><strong>Attici</strong></span> <span class='ocrx_word' id='word_1_773' title='bbox 1672 2469 1738 2497; x_wconf 84' lang='lat' dir='ltr'><strong>boni</strong></span> 
     </span>
    </p>
   </div>
   <div class='ocr_carea' id='block_1_101' title="bbox 102 2511 897 2551">
    <p class='ocr_par' dir='ltr' id='par_1_101' title="bbox 102 2512 896 2549">
     <span class='ocr_line' id='line_1_101' title="bbox 102 2512 896 2549; baseline -0.008 -5"><span class='ocrx_word' id='word_1_774' title='bbox 102 2517 154 2544; x_wconf 72' lang='grc' dir='ltr'><strong>ἐπὶ</strong></span> <span class='ocrx_word' id='word_1_775' title='bbox 169 2516 200 2544; x_wconf 79' lang='grc' dir='ltr'>δὲ</span> <span class='ocrx_word' id='word_1_776' title='bbox 214 2516 270 2542; x_wconf 86' lang='grc' dir='ltr'>τῶν</span> <span class='ocrx_word' id='word_1_777' title='bbox 289 2515 376 2544; x_wconf 69' lang='grc' dir='ltr'>ἄλλων</span> <span class='ocrx_word' id='word_1_778' title='bbox 392 2514 519 2543; x_wconf 84' lang='grc' dir='ltr'>ἁπάντων</span> <span class='ocrx_word' id='word_1_779' title='bbox 544 2513 592 2541; x_wconf 77' lang='grc' dir='ltr'>καὶ</span> <span class='ocrx_word' id='word_1_780' title='bbox 612 2513 682 2549; x_wconf 86' lang='grc' dir='ltr'>μετὰ</span> <span class='ocrx_word' id='word_1_781' title='bbox 699 2512 747 2540; x_wconf 82' lang='grc' dir='ltr'><strong>τοῦ</strong></span> <span class='ocrx_word' id='word_1_782' title='bbox 773 2512 896 2548; x_wconf 81' lang='grc' dir='ltr'>διχρόνου</span> 
     </span>
    </p>
   </div>
   <div class='ocr_carea' id='block_1_102' title="bbox 949 2511 1740 2551">
    <p class='ocr_par' dir='ltr' id='par_1_102' title="bbox 950 2511 1740 2551">
     <span class='ocr_line' id='line_1_102' title="bbox 950 2511 1740 2551; baseline 0.004 -11"><span class='ocrx_word' id='word_1_783' title='bbox 950 2511 1050 2540; x_wconf 88' lang='lat' dir='ltr'><strong>ominis</strong></span> <span class='ocrx_word' id='word_1_784' title='bbox 1066 2512 1152 2548; x_wconf 79' lang='lat' dir='ltr'><strong>gratia</strong></span> <span class='ocrx_word' id='word_1_785' title='bbox 1167 2511 1285 2547; x_wconf 83' lang='grc' dir='ltr'>κλέπτην</span> <span class='ocrx_word' id='word_1_786' title='bbox 1303 2511 1389 2547; x_wconf 75' lang='lat' dir='ltr'><strong>furem</strong></span> <span class='ocrx_word' id='word_1_787' title='bbox 1414 2512 1529 2550; x_wconf 82' lang='grc' dir='ltr'>φιλητὴν</span> <span class='ocrx_word' id='word_1_788' title='bbox 1542 2515 1645 2548; x_wconf 87' lang='lat' dir='ltr'><strong>dicunt,</strong></span> <span class='ocrx_word' id='word_1_789' title='bbox 1658 2517 1740 2551; x_wconf 78' lang='lat' dir='ltr'><strong>quasi</strong></span> 
     </span>
    </p>
   </div>
   <div class='ocr_carea' id='block_1_103' title="bbox 750 2600 1083 2630">
    <p class='ocr_par' dir='ltr' id='par_1_103' title="bbox 750 2600 1083 2630">
     <span class='ocr_line' id='line_1_103' title="bbox 750 2600 1083 2630; baseline -0.006 0"><span class='ocrx_word' id='word_1_790' title='bbox 750 2601 868 2630; x_wconf 65' lang='lat' dir='ltr'><strong>VAllIAZ</strong></span> <span class='ocrx_word' id='word_1_791' title='bbox 883 2600 1083 2629; x_wconf 79' lang='lat' dir='ltr'><strong>LECTIONES.</strong></span> 
     </span>
    </p>
   </div>
   <div class='ocr_carea' id='block_1_104' title="bbox 102 2679 1738 2747">
    <p class='ocr_par' dir='ltr' id='par_1_104' title="bbox 102 2679 1738 2747">
     <span class='ocr_line' id='line_1_104' title="bbox 158 2679 1738 2720; baseline -0.001 -10"><span class='ocrx_word' id='word_1_792' title='bbox 158 2686 183 2702; x_wconf 74' lang='grc' dir='ltr'>ιι</span> <span class='ocrx_word' id='word_1_793' title='bbox 204 2684 271 2720; x_wconf 79' lang='grc' dir='ltr'><strong>φασί</strong></span> <span class='ocrx_word' id='word_1_794' title='bbox 283 2683 314 2712; x_wconf 90' lang='lat' dir='ltr'><strong>C.</strong></span> <span class='ocrx_word' id='word_1_795' title='bbox 353 2684 377 2700; x_wconf 84' lang='lat'><strong>&quot;</strong></span> <span class='ocrx_word' id='word_1_796' title='bbox 390 2682 522 2717; x_wconf 82' lang='grc' dir='ltr'>πάννυχος</span> <span class='ocrx_word' id='word_1_797' title='bbox 534 2681 581 2708; x_wconf 72' lang='grc' dir='ltr'>καὶ</span> <span class='ocrx_word' id='word_1_798' title='bbox 595 2679 740 2716; x_wconf 74' lang='grc' dir='ltr'>παννυχὶς]</span> <span class='ocrx_word' id='word_1_799' title='bbox 752 2680 885 2715; x_wconf 84' lang='grc' dir='ltr'>πάννυχες</span> <span class='ocrx_word' id='word_1_800' title='bbox 896 2680 942 2706; x_wconf 78' lang='grc' dir='ltr'><strong>καὶ</strong></span> <span class='ocrx_word' id='word_1_801' title='bbox 954 2679 1070 2716; x_wconf 79' lang='grc' dir='ltr'>παννυχὶ</span> <span class='ocrx_word' id='word_1_802' title='bbox 1082 2679 1114 2707; x_wconf 87' lang='lat' dir='ltr'><strong>C.</strong></span> <span class='ocrx_word' id='word_1_803' title='bbox 1151 2679 1176 2696; x_wconf 86' lang='grc'><strong><em>⁸³</em></strong></span> <span class='ocrx_word' id='word_1_804' title='bbox 1198 2679 1228 2706; x_wconf 82' lang='grc' dir='ltr'>δὲ</span> <span class='ocrx_word' id='word_1_805' title='bbox 1243 2679 1263 2708; x_wconf 90' lang='lat' dir='ltr'><strong><em>C</em></strong></span> <span class='ocrx_word' id='word_1_806' title='bbox 1278 2689 1285 2708; x_wconf 88' lang='lat'><strong>:</strong></span> <span class='ocrx_word' id='word_1_807' title='bbox 1302 2689 1334 2715; x_wconf 75' lang='grc' dir='ltr'><strong>γε</strong></span> <span class='ocrx_word' id='word_1_808' title='bbox 1350 2689 1382 2713; x_wconf 81' lang='grc' dir='ltr'>ς.</span> <span class='ocrx_word' id='word_1_809' title='bbox 1416 2682 1440 2698; x_wconf 77' lang='grc'><strong><em>³³</em></strong></span> <span class='ocrx_word' id='word_1_810' title='bbox 1454 2681 1600 2719; x_wconf 76' lang='grc' dir='ltr'>πρότερον]</span> <span class='ocrx_word' id='word_1_811' title='bbox 1617 2682 1738 2710; x_wconf 81' lang='lat' dir='ltr'><strong>fortasse</strong></span> 
     </span>
     <span class='ocr_line' id='line_1_105' title="bbox 102 2721 216 2747; baseline 0 0"><span class='ocrx_word' id='word_1_812' title='bbox 102 2721 216 2747; x_wconf 68' lang='grc' dir='ltr'>ἑτέρου.</span> 
     </span>
    </p>
   </div>
   <div class='ocr_carea' id='block_1_105' title="bbox 119 2721 216 2757">
    <p class='ocr_par' dir='ltr' id='par_1_105' title="bbox 119 2721 216 2757">
     <span class='ocr_line' id='line_1_106' title="bbox 119 2721 216 2757; baseline 0 -10"><span class='ocrx_word' id='word_1_813' title='bbox 119 2721 216 2757; x_wconf 81' lang='grc' dir='ltr'>τέρου.</span> 
     </span>
    </p>
   </div>
   <div class='ocr_carea' id='block_1_106' title="bbox 867 2793 981 2822">
    <p class='ocr_par' dir='ltr' id='par_1_106' title="bbox 867 2793 981 2822">
     <span class='ocr_line' id='line_1_107' title="bbox 867 2793 981 2822; baseline 0 0"><span class='ocrx_word' id='word_1_814' title='bbox 867 2793 981 2822; x_wconf 69' lang='grc' dir='ltr'><strong>ΝΟΤᾹΙ.</strong></span> 
     </span>
    </p>
   </div>
   <div class='ocr_carea' id='block_1_107' title="bbox 141 2876 898 2915">
    <p class='ocr_par' dir='ltr' id='par_1_107' title="bbox 141 2876 898 2915">
     <span class='ocr_line' id='line_1_108' title="bbox 141 2876 898 2915; baseline -0.005 -9"><span class='ocrx_word' id='word_1_815' title='bbox 141 2879 201 2915; x_wconf 68' lang='grc'><strong>(49)</strong></span> <span class='ocrx_word' id='word_1_816' title='bbox 214 2879 281 2906; x_wconf 83' lang='lat' dir='ltr'><strong>Vide</strong></span> <span class='ocrx_word' id='word_1_817' title='bbox 295 2878 373 2906; x_wconf 81' lang='lat' dir='ltr'><strong>card.</strong></span> <span class='ocrx_word' id='word_1_818' title='bbox 398 2877 542 2915; x_wconf 62' lang='lat' dir='ltr'><strong>Sigonium</strong></span> <span class='ocrx_word' id='word_1_819' title='bbox 557 2876 594 2905; x_wconf 76' lang='lat' dir='ltr'><strong>De</strong></span> <span class='ocrx_word' id='word_1_820' title='bbox 613 2884 667 2911; x_wconf 80' lang='lat' dir='ltr'><strong>rep.</strong></span> <span class='ocrx_word' id='word_1_821' title='bbox 690 2876 898 2910; x_wconf 67' lang='lat' dir='ltr'><strong>Atheniensium,</strong></span> 
     </span>
    </p>
   </div>
   <div class='ocr_carea' id='block_1_108' title="bbox 989 2879 1738 2916">
    <p class='ocr_par' dir='ltr' id='par_1_108' title="bbox 989 2879 1738 2916">
     <span class='ocr_line' id='line_1_109' title="bbox 989 2879 1738 2916; baseline 0.004 -8"><span class='ocrx_word' id='word_1_822' title='bbox 989 2879 1045 2915; x_wconf 68' lang='lat'><strong>(50)</strong></span> <span class='ocrx_word' id='word_1_823' title='bbox 1069 2880 1105 2909; x_wconf 88' lang='lat' dir='ltr'><strong>Ut</strong></span> <span class='ocrx_word' id='word_1_824' title='bbox 1132 2880 1242 2908; x_wconf 78' lang='lat' dir='ltr'><strong>Orestes</strong></span> <span class='ocrx_word' id='word_1_825' title='bbox 1258 2880 1482 2916; x_wconf 81' lang='lat' dir='ltr'><strong>Clytemnestram</strong></span> <span class='ocrx_word' id='word_1_826' title='bbox 1499 2888 1621 2911; x_wconf 82' lang='lat' dir='ltr'><strong>matrem.</strong></span> <span class='ocrx_word' id='word_1_827' title='bbox 1638 2883 1738 2912; x_wconf 66' lang='lat' dir='ltr'><strong>Cicera</strong></span> 
     </span>
    </p>
   </div>
   <div class='ocr_carea' id='block_1_109' title="bbox 102 2912 428 2951">
    <p class='ocr_par' dir='ltr' id='par_1_109' title="bbox 102 2912 428 2951">
     <span class='ocr_line' id='line_1_110' title="bbox 102 2912 428 2951; baseline 0 -11"><span class='ocrx_word' id='word_1_828' title='bbox 102 2912 152 2941; x_wconf 64' lang='lat' dir='ltr'><strong>lib.</strong></span> <span class='ocrx_word' id='word_1_829' title='bbox 172 2922 215 2947; x_wconf 64' lang='grc' dir='ltr'>ιιι,</span> <span class='ocrx_word' id='word_1_830' title='bbox 232 2923 293 2951; x_wconf 80' lang='lat' dir='ltr'><strong>cap.</strong></span> <span class='ocrx_word' id='word_1_831' title='bbox 315 2914 341 2947; x_wconf 81' lang='grc' dir='ltr'>ί,</span> <span class='ocrx_word' id='word_1_832' title='bbox 357 2915 385 2947; x_wconf 72' lang='grc'><strong>2,</strong></span> <span class='ocrx_word' id='word_1_833' title='bbox 401 2914 428 2941; x_wconf 79' lang='grc'><strong>3.</strong></span> 
     </span>
    </p>
   </div>
   <div class='ocr_carea' id='block_1_110' title="bbox 954 2914 1514 2946">
    <p class='ocr_par' dir='ltr' id='par_1_110' title="bbox 954 2914 1514 2946">
     <span class='ocr_line' id='line_1_111' title="bbox 954 2914 1514 2946; baseline 0.009 -5"><span class='ocrx_word' id='word_1_834' title='bbox 954 2914 981 2943; x_wconf 86' lang='lat' dir='ltr'><strong>in</strong></span> <span class='ocrx_word' id='word_1_835' title='bbox 997 2914 1142 2945; x_wconf 75' lang='lat' dir='ltr'><strong>Miloniana</strong></span> <span class='ocrx_word' id='word_1_836' title='bbox 1179 2922 1206 2944; x_wconf 86' lang='lat' dir='ltr'><strong>ct</strong></span> <span class='ocrx_word' id='word_1_837' title='bbox 1222 2914 1335 2944; x_wconf 46' lang='lat' dir='ltr'><strong>alibi&#39;in</strong></span> <span class='ocrx_word' id='word_1_838' title='bbox 1351 2917 1514 2946; x_wconf 70' lang='lat' dir='ltr'><strong>Rhetoricis.</strong></span> 
     </span>
    </p>
   </div>
  </div>
