1973 3077
216 168 269 200 323

782 167 915 198 ΡΗΟΤΙΙ
930 165 1186 196 PATRlARCHdS
1201 164 1257 195 ΕΡ.

1793 159 1842 190 394

215 231 341 252 exosum.
354 223 395 251 vel
407 223 522 259 φιλητὴς
535 223 589 258 fur,
601 222 665 258 quia
679 222 802 256 accipere
817 219 997 247 amataliena.

1062 218 1100 244 (αἰ
1114 217 1199 252 χωρὶς
1211 215 1260 243 τοῦ
1272 215 1394 251 διχρόνου
1409 214 1458 250 τὴν
1486 212 1614 248 πρόθεσιν
1633 212 1769 246 λέγουσιν.
1783 212 1843 239 Ὀτι

215 268 392 302 Αἰσυμνήτης
421 268 529 299 dicitur,
559 267 606 302 qui
640 266 707 293 colit
736 265 853 292 olIicium
894 263 1003 299 (etenim

216 314 334 339 olliciuin
353 313 432 339 αἶσαν
453 313 588 347 appellant
605 311 732 346 antiqui),
752 316 798 338 aut
813 310 858 345 qui
873 313 963 336 manet
976 309 1004 335 ἐν

216 360 249 393 τῇ
269 358 347 392 αἴσᾳ,
365 359 416 385 hoc
435 359 516 386 estin
532 359 632 385 ollicio.
649 358 704 385 Hoc
721 363 811 384 autem
830 364 928 383 nomen
944 363 1006 382 ver-

215 407 276 433 bale
290 405 476 439 irregulariter
497 405 660 439 barylonum
677 409 728 431 est.
745 404 858 436 Quidam
872 410 936 430 vero
950 410 1005 429 non

215 451 269 478 ἀπὸ
295 451 341 477 τοῦ
370 450 472 485 μένειν,
504 450 550 477 sed
585 457 600 476 ιι
630 450 722 484 νέμειν
751 449 923 484 αἰσυμνήτην
946 448 1005 475 ﬁeri

216 497 320 524 dicunt.
333 497 402 531 Ἔαρ
417 505 470 530 ver,
488 497 522 523 ab
533 496 600 530 εῠαρ
612 496 723 523 ductum
736 501 792 529 est;
805 495 1006 530 iucundissima

217 544 289 570 enim
315 547 356 570 est
378 542 448 569 \eris
483 544 638 577 temperies.
662 542 796 574 Μέλιττα,
817 543 885 576 apis,
914 541 958 568 vel
989 547 1006 568 a

219 588 310 622 μέλειν
339 587 454 614 dicitur:
484 592 526 614 cst
544 587 617 614 enim
635 587 674 614 rei
700 587 844 614 familiaris
871 585 1004 618 studiosa,

218 633 257 659 vel
276 633 355 667 quasi
376 632 487 667 μηλίζα,
503 633 613 666 dicitur,
654 638 782 667 tanquam
810 632 933 659 insidens
948 632 1006 658 l'ru-

217 680 317 707 «tibus.
344 680 436 715 Μῆλον
451 680 523 706 enim
547 680 648 706 malum
663 687 713 714 pro
727 679 857 706 omnibus
873 679 1006 705 fructibus

217 727 337 761 ponitur.
362 727 451 761 Apum
474 734 539 753 vero
558 734 672 753 examen
690 725 799 760 proprie
815 725 880 760 ἐμος
896 724 1005 756 dicitur,

218 773 290 806 quod
307 773 389 799 simul
409 777 483 804 eant,
497 777 525 799 et
544 781 596 799 non
623 777 795 807 separentur.
813 771 877 798 Ideo
891 775 919 798 et
935 774 1007 797 recte

219 824 296 853 poeta
326 818 504 854 [llomerus]
524 819 624 853 ἁδήνας
650 820 697 846 eas'
726 822 816 850 vocat,
841 818 912 852 quod
940 816 1006 852 ἄδην

218 865 303 889 dense
320 866 347 889 et
373 862 517 889 confertim
532 863 656 889 volitent.
675 862 722 889 Est
740 861 812 888 enim
835 860 937 888 animal
956 861 1007 887 hoc

219 906 421 940 congrugabile.
439 906 561 941 Ὄνειρον
575 906 710 933 somnium
729 906 854 932 derivant
878 909 1007 938 tanquam

219 950 250 976 τὸ
265 949 294 975 ὃν
309 950 388 985 εἴρει,
403 950 455 976 hoc
470 955 523 982 est,
537 949 565 976 id
579 950 652 984 quod
670 949 747 976 dicit.
775 949 920 983 Quarepro
937 948 1008 975 veris

220 994 336 1021 somniis
354 994 411 1020 haec
427 1001 480 1020 vox
497 994 622 1028 ponenda
638 997 697 1021 est:
712 993 738 1020 in
753 992 829 1020 falsis
840 1000 903 1019 vero
913 996 940 1019 et
947 992 1009 1019 aliis

219 1040 311 1074 potius
325 1039 448 1071 ἐνπύνια,
461 1039 607 1066 insomnia.
619 1039 793 1074 ldeo,inquit,
805 1038 875 1073 apud
889 1038 1010 1066 comicos

220 1090 352 1112 exeuntes
367 1086 476 1120 pulsant
487 1084 560 1112 fores
572 1085 639 1121 (5i),
657 1086 720 1119 quia
740 1093 805 1118 non,
822 1090 852 1112 ut
871 1084 942 1131 apud
959 1091 1009 1112 nos

221 1139 306 1163 nunc,
317 1131 388 1158 ostia
405 1131 469 1157 olim
486 1131 681 1164 aperiebantur
693 1130 818 1163 interius,
828 1131 875 1158 sed
892 1130 1009 1157 adverso

221 1178 315 1205 modo.
334 1177 419 1204 Foras
434 1178 506 1203 enim
523 1177 662 1204 trudentes
689 1177 810 1210 exibant,
842 1185 925 1204 manu
949 1177 1010 1212 pul-

223 1230 314 1251 sanies
328 1224 413 1258 prius,
429 1229 457 1249 ut
468 1223 605 1256 audirent,
624 1223 647 1250 si
663 1223 708 1258 qui
725 1223 759 1250 ad
779 1223 851 1251 fores
866 1228 968 1256 essent,
983 1229 1010 1251 et

222 1275 362 1301 caverent,
378 1277 410 1296 ne
440 1270 519 1297 inscii
536 1269 710 1302 lmderentur,
729 1268 833 1296 foribus
844 1273 954 1303 repente
981 1269 1009 1295 in

222 1317 293 1343 viain
302 1317 448 1351 protrusis.
458 1316 570 1343 Loxiam
579 1315 750 1352 [Apollinem]
763 1316 835 1343 enim
847 1315 1008 1349 adorallant,

223 1370 303 1396 quem
323 1370 372 1397 pro
387 1362 492 1389 foribus
506 1362 605 1398 singuli
620 1363 767 1398 ponebant.
782 1361 917 1389 Praeterea
932 1369 1008 1389 aram

223 1407 274 1436 sibi
286 1407 429 1434 rotundam
444 1408 612 1435 collooabant
620 1413 647 1435 et
655 1408 766 1443 myrteis
774 1408 954 1441 coronabant,
965 1407 1009 1435 cui

223 1456 417 1486 prmtercuutes
441 1453 578 1485 astabant,
589 1459 665 1478 aram
675 1455 765 1479 autem
777 1452 849 1479 illam
861 1452 957 1486 ἁγνιὰν
966 1452 1010 1478 λο-

224 1496 295 1528 ξίαν,
310 1497 379 1522 viam
390 1495 533 1531 obliquam,
550 1501 693 1528 vocarunt,
711 1495 764 1523 hoc
782 1496 825 1523 dei
841 1503 940 1523 nomen
957 1504 1011 1523 ara:

224 1543 388 1569 tribuentes.
414 1542 447 1568 At
464 1542 557 1577 κνισᾷν
590 1542 699 1576 ἀγυιὰς,
724 1542 796 1576 apud
814 1541 960 1569 Hesiodum
974 1542 1012 1569 si-

225 1589 337 1624 gnilicat
369 1589 421 1615 diis
437 1588 602 1616 sacriﬁcare.
621 1589 747 1624 Scriptor
759 1589 806 1624 qui
821 1589 878 1616 haec
891 1590 1010 1624 collegit,

225 1635 336 1662 natione
353 1633 497 1669 Egyptius
514 1634 566 1660 fuit
580 1634 690 1661 civitate
705 1634 829 1667 Antinoi,
839 1634 882 1661 vel
895 1639 924 1661 ut
936 1635 969 1661 de
982 1642 1013 1662 se

224 1681 283 1715 ipse
295 1681 397 1714 scribit,
410 1681 575 1714 Besantinoi,
591 1680 707 1707 iambico
722 1684 811 1707 autem
826 1681 947 1708 carmine
956 1681 1014 1708 haec

226 1727 393 1761 conscripsit
408 1726 519 1762 533a.
540 1725 614 1753 Vixit
627 1727 793 1761 temporibus
806 1725 902 1754 Licinii
913 1732 940 1754 et
959 1727 1015 1754 Ma-

227 1773 350 1805 ximiani,
378 1772 514 1803 ethnicus,
527 1777 658 1805 quantum
669 1779 684 1798 e
693 1772 802 1806 scriptis
812 1772 935 1808 colligas,
952 1773 1015 1800 reli—

226 1820 317 1855 gione.
327 1818 427 1846 Eodem
442 1819 571 1846 carminis
580 1826 677 1852 genere
688 1819 902 1853 scripsitetalios
912 1819 1014 1847 libros:

227 1873 344 1900 quorum
359 1873 430 1892 unus
454 1865 613 1892 inscribitur
639 1864 847 1898 Athenw;alius
860 1865 1015 1901 Egyptius,

228 1913 292 1938 item
315 1911 504 1942 Adhorlarius.
520 1910 585 1937 item
611 1909 707 1944 Fama,
719 1911 789 1938 alius
812 1910 941 1944 Victoria,
952 1913 1016 1939 item

229 1958 328 1984 Civitas
343 1957 470 1990 Antinoi;
494 1958 565 1984 unde
575 1961 684 1984 constat
699 1957 783 1985 titulis
796 1958 930 1993 cujusque
941 1967 1017 1994 argu-

229 2009 351 2031 mentum
370 2003 463 2038 operis
480 2003 606 2031 indicari.

1056 263 1115 289 κατ’
1131 261 1305 297 εὐφημισμὸν
1318 261 1342 287 oi.
1366 260 1484 287 ’Λττικοὶ
1495 260 1543 286 τὸν
1572 258 1707 291 κλέπτην
1715 257 1844 292 9mm).-

1055 308 1190 342 λέγουσιν,
1203 308 1285 334 οἱονεὶ
1302 306 1415 342 μισητόν
1477 305 1524 331 καὶ
1538 304 1674 339 φιλετὴς,
1688 305 1702 331 ὁ
1714 304 1843 340 κλέπτης,

1055 354 1122 380 διότι
1139 354 1211 388 φιλεῖ
1236 353 1386 386 λαμϐάνειν
1402 352 1436 378 τὰ
1459 351 1597 387 ἀλλότρια.
1630 350 1691 377 Ὅτι
1708 350 1738 376 τὸ
1759 351 1845 377 αἰσυ-

1054 400 1170 435 μνήτης
1185 400 1200 434 ἢ
1212 400 1226 426 6
1237 399 1266 425 τὸ
1278 399 1399 432 καθῆκον
1417 397 1509 433 ὑμνῶν
1519 397 1565 424 καὶ
1579 396 1665 423 σέϐων
1679 396 1738 431 (καὶ
1750 396 1805 431 γὰρ
1818 395 1845 422 τὸ

1058 447 1180 481 καθῆκον
1202 444 1296 473 αἴσάν
1309 443 1431 480 φασιν)ἦ
1450 445 1464 470 ὁ
1492 444 1580 479 μένων
1605 444 1640 470 ὲν
1657 442 1695 477 τῇ
1718 443 1741 458 ³⁵
1762 442 1843 475 «tuo,

1055 493 1178 519 τουτέστι
1195 491 1234 527 τῷ
1259 491 1412 526 καθήκοντι
1424 499 1431 506 ·
1449 490 1527 517 τοῦτο
1542 490 1569 516 δὲ
1586 489 1737 524 ῥηματικὸν
1752 487 1782 514 ’ὸν
1796 496 1846 514 πα-

1057 538 1177 574 ραλόγως
1203 537 1360 573 βαρύνεται.
1377 536 1456 568 Τινὲς
1483 536 1512 562 δὲ
1535 536 1585 562 οὐκ
1597 535 1655 562 ἀπὸ
1674 534 1727 561 τοῦ
1744 533 1846 568 μένειν

1057 584 1085 610 ἐν
1113 585 1145 619 τῇ
1176 584 1251 618 αἶσα,
1267 583 1324 609 ἀλλ’
1347 582 1402 609 ἀπὸ
1426 582 1473 608 τοῦ
1497 581 1598 616 νέμειν
1624 580 1677 607 τὸν
1696 578 1845 614 αἰσυμνή-

1056 639 1113 664 την
1124 630 1192 664 φασὶ
1212 630 1362 664 γεγονέναι.
1379 629 1440 655 ’Ὁτι
1454 628 1483 654 τὸ
1494 628 1547 662 ἔαρ
1562 627 1638 662 παρὰ
1647 627 1677 653 τὸ
1691 626 1763 660 eiin
1777 623 1844 652 slva:

1057 677 1175 712 εἴρηται·
1189 675 1375 711 ήδίστη⁵“γὰρ
1386 675 1446 701 τότε
1459 675 1475 709 ἡ
1486 674 1532 700 τοῦ
1542 673 1621 708 ἀέρος
1634 673 1732 707 κρᾶσις
1742 673 1777 699 ⁵⁷.
1787 671 1846 698 ’Ότι

1056 722 1072 755 ὴ
1082 721 1206 755 μέλιττα
1234 720 1251 755 ἢ
1267 720 1320 746 ἀπὸ
1337 719 1384 745 τοῦ
1409 718 1513 753 μέλειν
1543 718 1650 753 εἴρηται
1666 716 1845 752 (οἰκονομικὸν

1057 767 1110 802 γὰρ
1125 767 1155 792 τὸ
1173 765 1264 801 ζῶον),
1281 766 1297 801 ἢ
1316 764 1446 800 μήλιζαν
1461 763 1546 798 αὐτὴν
1557 763 1666 789 λεκτέον
1687 762 1725 793 ὡς
1750 761 1845 797 ἐφιζα-

1058 822 1155 840 νουσαν
1165 813 1231 839 πᾶσι
1245 814 1301 844 τοῖς
1320 812 1435 846 καρποῖς
1447 818 1453 825 ·
1472 810 1502 836 τὸ
1519 810 1573 845 γὰρ
1589 808 1689 844 μῆλον
1698 809 1768 835 κατὰ
1783 808 1846 834 πάν-

1059 868 1112 886 των
1126 859 1242 894 ληπτέον
1256 859 1309 885 τῶν
1333 857 1492 892 καρπίμων.
1523 856 1559 882 Τὸ
1572 856 1601 882 δὲ
1630 855 1684 882 τῶν
1711 853 1845 890 μελισσῶν

1061 906 1161 941 σμῆνος
1173 905 1266 939 ἐσμὸς
1279 904 1378 939 κυρίως
1391 903 1505 937 λέγοιτο,
1519 901 1595 937 παρὰ
1607 901 1637 928 τὸ
1648 901 1698 934 τὴν
1709 900 1765 926 ἕσιν
1779 899 1846 934 ὁμοῦ

1061 951 1197 978 ποιεῖσθαι
1212 951 1259 977 καὶ
1277 950 1314 985 μὴ
1329 948 1477 980 διεστώσας
1488 949 1536 975 ἀπ’
1550 947 1682 982 ἀλλήλων.
1698 946 1743 972 Διὸ
1759 945 1848 976 καλῶς

1059 999 1073 1024 6
1087 997 1201 1032 ποιητὴς
1227 996 1333 1028 ἀδινὰς
1347 995 1371 1011 ⁵⁸
1388 994 1473 1026 αὐτας
1498 993 1560 1029 ἔφη,
1573 993 1651 1027 ἅδην
1671 993 1718 1020 καὶ
1744 991 1848 1027 ἀθρόως

1060 1043 1212 1078 πετομένας
1230 1050 1238 1056 ·
1263 1041 1440 1076 ἀγελαστικὺν
1462 1041 1517 1075 γάρ
1543 1040 1602 1065 ἐστι
1625 1039 1654 1065 τὺ
1680 1038 1769 1073 γένος.
1788 1037 1848 1064 Ὀτι

1060 1090 1106 1116 τὸν
1119 1089 1237 1124 ὄνειρον
1255 1087 1461 1123 ἐτυμολογοῦσι,
1477 1087 1555 1121 φησὶ,
1573 1085 1639 1112 διότι
1663 1084 1695 1111 τὸ
1710 1083 1746 1110 ὃν
1766 1083 1848 1117 εἶρει,

1059 1135 1183 1162 τουτέστι
1201 1134 1275 1169 λέγει
1291 1141 1297 1148 ·
1310 1134 1380 1159 ὥστε
1405 1133 1451 1158 ἐπὶ
1465 1132 1519 1158 τῶν
1547 1130 1654 1166 ἀληθῶν
1670 1129 1782 1164 ὀνείρων
1801 1137 1850 1155 τα-

1060 1180 1139 1207 κτέον
1149 1181 1199 1215 τὴν
1214 1180 1306 1214 φωνήν
1317 1187 1325 1193 ·
1335 1179 1369 1205 τὰ
1383 1177 1438 1212 γὰρ
1453 1177 1540 1206 ἄλλως
1568 1176 1663 1211 ἔχοντα
1680 1175 1779 1210 μᾶλλον
1802 1173 1852 1200 ὲν-

1058 1225 1236 1258 ύπνια.”υτι,
1248 1225 1324 1259 φησὶ,
1340 1224 1434 1250 τούτου
1451 1224 1530 1259 χάριν
1549 1222 1679 1249 κόπτουσι
1694 1220 1771 1255 παρὰ
1793 1220 1849 1250 τοῖς

1061 1272 1196 1307 κωμικοῖς
1212 1272 1237 1298 ot
1259 1271 1376 1303 ἐξιόντες
1389 1270 1439 1301 τὰς
1459 1269 1555 1304 θύρας,
1569 1267 1638 1295 διότι
1654 1267 1713 1302 οὐχ,
1735 1266 1774 1298 ὡς
1783 1264 1851 1310 mp:

1060 1320 1127 1354 ἡμῖν
1143 1318 1212 1350 νυνὶ,
1239 1317 1270 1343 τὸ
1296 1316 1410 1343 παλαιὸν
1435 1315 1605 1350 ἁνεῲγνυντο
1630 1315 1658 1340 αἱ
1683 1313 1775 1347 θύραι.
1792 1311 1842 1337 ἀλλ

1061 1364 1175 1400 ἐναντίῳ
1199 1363 1304 1399 τρόπῳ.
1329 1362 1449 1395 Ἔξωθεν
1476 1363 1529 1397 γὰρ
1551 1360 1636 1391 αὑτὰς
1653 1359 1851 1394 ἀνατρέποντες

1062 1411 1166 1438 ἔνδοθεν
1180 1409 1304 1446 ἐξῄεσαν.
1319 1409 1456 1445 Πρότερον
1470 1408 1498 1434 δὲ
1511 1409 1544 1443 τῇ
1558 1406 1631 1442 χειρὶ
1645 1406 1730 1441 ψόφον
1743 1405 1850 1431 ἐποίουν

1062 1458 1218 1493 κρούοντες,
1234 1457 1280 1483 ἐπὶ
1293 1455 1332 1490 τῷ
1348 1454 1449 1489 γνῶναι
1464 1454 1527 1484 τοὺς
1544 1453 1591 1479 ἐπὶ
1613 1452 1667 1478 τῶν
1692 1451 1791 1486 θυρῶν,
1804 1448 1851 1476 καὶ

1064 1502 1235 1538 φυλάξασθαι
1252 1502 1289 1536 μὴ
1301 1500 1414 1536 πληγεὶς
1424 1499 1508 1530 ἑστὼς
1516 1497 1584 1533 λάθῃ
1599 1499 1653 1524 τῶν
1666 1497 1755 1532 θυρῶν
1765 1495 1852 1522 ὠθου-

1027 1563 1050 1592 c
1067 1550 1156 1585 μένων
1171 1548 1259 1583 ἄφνω.
1278 1547 1330 1574 Τὸν
1346 1547 1445 1578 Λοξίαν
1466 1546 1520 1580 γὰρ
1540 1542 1779 1592 προσεκύνουν,.ὂν
1799 1540 1853 1592 προ

1065 1597 1119 1623 τῶν
1132 1595 1222 1630 θυρῶν
1233 1595 1349 1625 ἕκαστος
1363 1591 1492 1628 ἱδρύοντο,
1513 1591 1560 1618 καὶ
1577 1591 1658 1617 πάλιν
1679 1589 1770 1625 βωμὸν
1787 1587 1853 1624 παρ’

1066 1641 1141 1675 αὑτῷ
1156 1639 1321 1676 στρογγύλον
1338 1637 1490 1670 ποιοῦντες,
1510 1638 1557 1663 καὶ
1576 1636 1721 1672 μυρρίναις
1741 1634 1854 1668 στέφον-

1066 1696 1112 1719 τες
1131 1688 1241 1713 ἵσταντο
1264 1686 1289 1712 οἱ
1313 1684 1468 1720 παριόντες.
1496 1683 1547 1710 Τὸν
1571 1682 1599 1709 δὲ
1628 1682 1719 1717 βωμὸν
1751 1681 1854 1707 ἐκεῖνον

1066 1733 1175 1768 ἀγυιὰν
1188 1732 1211 1749 ⁸⁸
1223 1732 1335 1763 Λοξίαν
1345 1730 1470 1762 ἐκάλουν,
1484 1728 1533 1764 τὴν
1547 1728 1594 1755 τοῦ
1610 1727 1674 1762 παρ’
1687 1727 1777 1757 αὐτοῖς
1790 1724 1853 1751 θεοῦ

1061 1778 1252 1816 προσηγορίαν
1279 1778 1407 1812 νέμοντες
1437 1776 1476 1811 τῷ
1504 1774 1598 1810 βωμῷ.
1623 1774 1660 1801 Τὺ
1685 1773 1714 1800 δὲ
1742 1769 1856 1804 κνισᾷν

1065 1825 1170 1860 ἀγυιὰς
1187 1824 1264 1860 παρὰ
1293 1823 1405 1858 Ἡσιόδῳ
1422 1824 1478 1853 τοῖς
1496 1822 1567 1852 θεοῖς
1593 1820 1666 1847 θύειν
1689 1819 1774 1853 λέγει.
1793 1818 1854 1844 Ὂτι

1064 1869 1142 1903 οὗτος
1150 1872 1164 1897 ὁ
1173 1871 1358 1905 συγγραφεὺς,
1372 1870 1386 1895 6
1395 1867 1481 1895 ταῦτα
1490 1867 1698 1901 συνταξάμενος,
1711 1865 1789 1899 γένος
1805 1864 1855 1898 μὲν

1065 1919 1213 1953 Αἰγύπτιος
1227 1915 1272 1952 ἦν,
1284 1916 1387 1947 πόλεως
1407 1915 1436 1941 δέ
1457 1914 1507 1948 τῆς
1527 1913 1660 1940 ’Δντινόου
1680 1912 1708 1947 ἣ,
1723 1911 1760 1942 ὡς
1774 1909 1856 1941 αὐτὸς

1066 1961 1432 1999 ἐπιγράφει,Βησαντινόου,
1450 1959 1571 1994 ἰαμϐικῷ
1586 1958 1613 1985 δέ
1634 1955 1855 1992 μέτρῳδιεξῆλθε

1065 2010 1100 2037 τὰ
1112 2008 1289 2045 προκείμενα.
1299 2006 1396 2040 Γέγονε
1407 2005 1435 2031 δὲ
1446 2004 1516 2031 κατὰ
1526 2004 1589 2034 τοὺς
1596 2002 1706 2037 χρόνους
1718 2001 1856 2032 Λικιννίου

229 2052 276 2077 καὶ
287 2050 471 2086 Μαξιμιανοῦ,
483 2050 594 2084 Ἕλλην,
609 2050 638 2083 ἐξ
653 2047 689 2077 ὧν
704 2052 806 2086 γράφει
819 2053 869 2089 τὴν
884 2054 1043 2090 θρησκείαν.
1062 2056 1185 2092 Ἔγραψε
1201 2055 1230 2082 δὲ
1246 2054 1285 2090 τῷ
1301 2053 1375 2088 αὐτῷ
1401 2052 1493 2087 μέτρῳ
1508 2051 1553 2077 καὶ
1567 2050 1676 2084 ἑτέρους
1695 2048 1802 2083 λόγους,
1818 2046 1857 2069 (ἐν

229 2099 244 2124 6
256 2098 304 2132 μέν
311 2097 493 2133 ἐπιγράφεται
507 2097 654 2132 Ἀθῆναιρ
667 2098 696 2125 δὲ
705 2100 813 2134 Νείλος
826 2102 858 2133 ⁸ο,
868 2103 882 2128 ὁ
891 2103 918 2128 δὲ
931 2102 993 2139 [876
1004 2106 1223 2142 ΙΙ.]Αὶγύπτιος,
1234 2103 1283 2129 όδέ
1289 2099 1504 2136 Προτρεπτικὸς
1513 2101 1532 2126 ’ό
1542 2099 1570 2125 δέ
1578 2098 1682 2132 Ῥώμη,
1692 2098 1706 2123 6
1718 2097 1746 2123 δέ
1758 2095 1856 2142 φήμην

230 2144 281 2171 ὸδὲ
294 2145 380 2177 Νίκη,
394 2145 408 2170 6
418 2144 445 2170 δὲ
460 2144 553 2177 Πόλις
573 2144 722 2171 Ἀντινόου
735 2153 742 2161 ε
759 2146 837 2181 δῆλον
849 2147 877 2174 δὲ
890 2149 929 2175 ὅτι
949 2139 1052 2186 ἑκάστῇ
1072 2139 1211 2184 ἐπιγραφὴ
1227 2146 1354 2177 ὑπόθεσίς
1367 2147 1425 2171 ἐστι
1443 2144 1489 2171 τοῦ
1518 2143 1736 2177 ἐπιγραφομένου
1763 2139 1857 2173 λόγου·

267 2192 295 2218 ln
309 2191 403 2218 eodem
419 2190 513 2217 codice
527 2190 609 2217 simili
627 2191 758 2219 carminis
777 2200 875 2226 genere
889 2195 1015 2223 contine—
1031 2199 1052 2226 D

231 2237 330 2263 bantur
345 2237 439 2270 patria:
461 2236 577 2263 Heriniae
597 2236 821 2272 Hermopolitani,
837 2243 864 2266 et
878 2240 931 2267 alia
944 2248 1014 2268 non-

232 2282 318 2310 nulla.
343 2281 438 2308 Screui
468 2290 576 2316 quoque
601 2284 773 2318 grammatici
797 2285 872 2312 varia
893 2285 1017 2314 dramata

235 2327 312 2354 vario
329 2327 459 2354 carminis
476 2335 584 2362 genere,
600 2333 628 2354 et
645 2328 795 2356 Andronici
814 2329 1018 2365 Hermopolita-

235 2374 262 2400 ni
287 2373 320 2400 ad
338 2373 463 2400 comitem
484 2372 724 2400 Pllmbammoncm
743 2381 916 2402 communem
940 2376 1018 2403 urbis

233 2421 413 2447 conditorem.
429 2420 462 2447 Et
478 2419 523 2447 hic
542 2419 696 2446 dramatum
713 2426 810 2447 auctor
828 2421 913 2448 variis
932 2422 1018 2448 versi-

234 2466 285 2494 bus
295 2467 377 2493 libros
389 2467 553 2502 composuit.
571 2467 611 2495 Ad
620 2468 678 2495 haec
695 2476 759 2496 vero
771 2468 1016 2504 llorapollinis(52)

233 2512 401 2547 grammatici
415 2512 448 2540 de
461 2512 554 2548 patriis
573 2513 655 2541 rebus
667 2513 923 2541 Alexandrinorum.
939 2513 1018 2540 Com-

1108 2196 1152 2222 Ἐν
1170 2196 1200 2222 δὲ
1214 2195 1253 2229 τῷ
1264 2194 1337 2227 αὐτῷ
1354 2193 1444 2227 τεύχει
1456 2190 1494 2226 τῷ
1505 2190 1579 2225 αὑτῷ
1593 2189 1747 2225 περιείχετο
1763 2187 1858 2223 μέτρῳ

1067 2243 1114 2269 καὶ
1127 2240 1254 2276 Ἑρμείου
1273 2238 1466 2275 Ἐρμοπολίτου
1479 2238 1580 2271 πατριὰ
1595 2245 1624 2262 τε
1639 2236 1687 2270 τῆς
1704 2234 1858 2270 Ἐρμουπό-

1067 2287 1135 2317 λεως
1147 2286 1193 2312 καὶ
1212 2285 1294 2321 ἕτερά
1310 2293 1381 2316 τινα,
1397 2284 1446 2310 καὶ
1462 2284 1515 2318 μὴν
1535 2283 1582 2309 καὶ
1594 2282 1712 2316 Σερήνου
1724 2288 1858 2315 γραμμα-

1068 2331 1144 2358 τικοῦ
1161 2332 1189 2357 ὲν
1216 2330 1354 2365 διαφόροις
1381 2329 1492 2365 μέτροις
1516 2328 1644 2363 δράματα
1663 2326 1789 2361 διάφορα,
1809 2325 1860 2352 καὶ

1075 2377 1246 2413 Ἀνδρονίκου
1280 2376 1487 2410 πολιτευομένου
1513 2375 1560 2400 καὶ
1590 2373 1673 2400 αὑτοῦ
1723 2373 1861 2407 Ἐρμοπο-

1069 2423 1153 2455 λίτου,
1169 2423 1235 2458 πρὸς
1262 2421 1306 2448 τὸν
1326 2422 1433 2456 κόμητα
1452 2420 1636 2454 Φοιῦάμμωνα
1658 2419 1705 2445 τὸν
1733 2417 1861 2445 κοινοπο-

1071 2469 1166 2503 λιστήν
1177 2468 1210 2483 Μ’
1230 2467 1277 2494 καὶ
1295 2465 1371 2498 οὗτος
1385 2467 1413 2493 δὲ
1430 2466 1575 2500 δραμάτων
1589 2464 1648 2491 ἐστὶ
1663 2464 1786 2499 ποιητὴς,
1799 2463 1860 2490 διοι-

1071 2514 1163 2550 φόροις
1197 2513 1306 2548 μέτροις
1333 2513 1395 2544 τοὺς
1421 2511 1516 2546 λόγους
1537 2511 1670 2538 ἐντείνων.
1690 2510 1769 2546 [15θῖ
1809 2509 1859 2545 IL]

878 2594 995 2622 VARIJE
1014 2595 1215 2623 LECTIONES.

268 2639 291 2680 τ’
305 2637 350 2673 τῇ]
364 2638 403 2680 ῖῷ
413 2638 444 2665 (1ο
467 2639 505 2680 ,⁵⁸
521 2639 615 2680 ἠδίσῖῖι
627 2639 680 2680 γὰρ
700 2639 760 2680 εᾴτε
773 2639 830 2674 ac.
845 2641 862 2675 ἡ
877 2641 1041 2680 ἡδίστη-γᾴρ
1053 2641 1114 2680 τότε
1130 2650 1169 2680 ς..
1181 2641 1372 2680 "_titépog.libri
1387 2641 1477 2680 ἔαρος.
1501 2641 1537 2680 λε
1551 2641 1654 2680 eanec]
1667 2640 1729 2668 libri
1745 2640 1858 2680 ἁδῄνας.

267 2673 376 2708 ἁγυιαν]
391 2681 446 2712 uno
462 2673 574 2712 ᾁγυιᾶ.-
591 2675 613 2690 ⁸³
628 2675 684 2712 67δέ
700 2673 796 2706 Νεῖλος
815 2680 842 2702 et
856 2673 919 2703 mox
938 2677 952 2702 ὁ
965 2673 997 2702 δὲ’
1013 2673 1105 2711 Ῥώμη
1120 2677 1181 2704 add.
1198 2677 1228 2704 C.
1247 2673 1252 2676 ⁷
1267 2677 1287 2693 ¹¹
1309 2673 1486 2712 κυνοπολίτην
1501 2673 1654 2709 Meursius;
1669 2673 1862 2710 κοινοπολίτην

234 2709 375 2736 lieinesms
391 2708 451 2736 Var.
464 2708 538 2736 Lect.
558 2710 585 2742 5,
596 2717 623 2744 p.
635 2710 698 2738 456.

1003 2780 1116 2809 NOTAE.

261 2826 315 2861 (51)
333 2827 473 2854 Plutarch.
488 2827 514 2854 in
543 2826 690 2861 Poplicola,
714 2833 741 2854 et
766 2827 800 2854 Μ.
815 2829 877 2857 Ant.
892 2829 1012 2858 Muretus

235 2861 283 2888 lib.
299 2870 315 2888 ιι
338 2861 440 2889 l'ariur.
453 2870 511 2897 cap.
528 2863 567 2889 t7.
587 2862 655 2890 Hinc
670 2863 741 2890 fores
756 2864 846 2890 ιιιριιυ.

1102 2830 1318 2868 (iiéillorapolla
1347 2833 1549 2866 grammaticus.
1566 2831 1644 2868 cujus
1663 2837 1769 2860 exstant
1788 2830 1858 2859 Hia-

1068 2866 1230 2901 raglyvhica.
1248 2867 1368 2894 Mt‘llllllll
1379 2872 1406 2895 ct
1421 2868 1529 2894 Suidas.
