1959 3081
120 173 167 203 3‘25

625 177 879 208 BIBLIOTHECA
900 192 934 196 —
953 179 1037 210 COD.
1058 181 1214 212 CCLXXX.

1687 182 1741 215 326

123 227 211 255 Ἐτιδὲ
219 228 266 254 καὶ
281 227 481 263 Ὠραπόλλωνος
493 230 685 264 γραμματικοῦ
699 231 764 264 περὶ
772 231 825 257 τῶν
848 240 901 258 πα-

958 234 1043 267 posuit
1059 238 1087 261 et
1103 235 1148 262 ille
1161 235 1284 262 dramata
1301 235 1384 263 simili
1402 236 1481 271 stylo.
1498 236 1550 264 Sed
1563 240 1590 264 et
1598 237 1659 272 Cyri
1672 238 1740 273 (52‘)

118 273 196 307 τρίων
211 272 410 307 Ἀλεξανδρείας
419 281 426 288 ”
437 274 575 309 συντίθησι
584 275 613 300 δὲ
623 275 671 301 καὶ
685 275 765 307 αὐτὸς
775 275 902 311 δράματα

118 319 154 353 τῷ
173 319 259 353 ὁμοίῳ
284 319 371 354 τύπῳ.
405 320 491 347 Ἀλλὰ
506 321 555 347 καὶ
580 321 671 356 Κύρου
703 322 902 350 ’Δντιοπολίτου

119 366 156 395 si;
176 364 330 399 Μαυρίκιον
348 364 432 391 δοῦκα
460 365 506 392 καὶ
522 365 568 391 τδν
583 366 707 401 ἡγεμόνα
724 367 846 402 παρόντα
869 369 902 402 τῇ

119 411 244 445 ἀκροάσει
259 418 267 425 ·
284 412 313 437 ἐν
331 411 452 446 ίαμὸικῷ
467 411 495 438 δὲ
511 411 603 447 μέτρῳ
615 412 662 438 καὶ
676 408 752 444 οὗτος
764 413 809 439 τὸν
820 413 902 439 αὑτοῦ

119 455 255 492 συντίθησι
268 457 361 483 πόνον.
378 457 439 483 Εἰσὶ
450 457 479 484 δὲ
495 457 577 484 αὐτοῦ
589 458 637 484 καὶ
653 458 675 474 θ’
687 459 829 485 ἐπιστολαὶ
842 459 902 486 διά-

118 509 191 535 φοροι
216 501 283 536 πρὸς
309 502 464 538 διαφόρους,
480 505 600 538 γραφαῖς
627 503 832 539 ποικιλλόμεναι
843 504 902 531 δια-

119 548 218 582 φόροις,
238 548 284 575 καὶ
303 548 390 584 ἕτεροί
405 557 477 580 τινες
497 549 714 585 ἐγκωμιαστικοὶ
727 549 812 584 λόγοι.

476 595 539 621 ΣΠν.

119 641 264 675 Εὐλογίου
277 640 516 674 ἀρχιεπισκόπου
542 640 770 675 Ἀλεξανδρείας
789 641 902 669 σύντα-

324 683 383 710 γμα
397 675 472 701 κατὰ
486 675 690 703 Ναυατιανῶν.

157 719 323 755 Ἀνεγνώσοη
348 719 394 746 τοῦ
411 721 440 746 ἐν
466 720 488 736 ⁸³
503 721 591 754 ἁγίοις
615 721 756 755 Εὐλογίου,
775 722 903 757 ἀρχιεπι-

118 767 215 794 σκόπου
237 766 451 802 Ἀλεξανδρείας,
465 765 568 801 βιϐλίου
581 767 629 794 τοῦ
642 768 712 795 κατὰ
724 767 903 794 Ναυατιανῶν

121 813 164 839 διὰ
178 812 258 839 πέντε
273 811 360 846 λόγων
387 812 618 847 ἀπαρτιζομένου,
634 813 732 845 ὄσαεῑς
753 813 903 849 ἑρμηνείαν

117 859 260 894 Γραφικῶν
272 858 361 894 ῥητῶν
369 858 431 893 ἥκοι
442 857 475 885 ⁸⁸.

342 903 393 930 Ἐκ
404 904 457 931 τοῦ
467 906 493 930 α’
507 904 599 938 λόγου
606 903 637 929 ⁸⁸.

152 949 212 976 Ὀτι
221 957 352 984 ματαιως,
365 949 457 984 φησὶν,
470 951 494 976 οἱ
503 950 679 981 Ναυατιανοὶ,
689 950 713 977 εί
728 951 776 977 καὶ
788 950 904 986 καθαροὶ

116 993 182 1031 ἦσαν
191 996 238 1022 καὶ
253 996 415 1031 ἐξῃρημέναι
428 996 474 1022 τὸν
490 995 557 1031 βίον,
566 996 635 1030 ὅπερ
648 996 699 1023 οὐχ
711 996 776 1029 εἰσὶ,
791 996 822 1023 τὸ
836 996 905 1032 μετὰ

115 1042 168 1068 τῶν
184 1041 272 1068 ἄλλων
286 1041 448 1075 συνάγεσθαι
464 1042 570 1073 καὶτὰς
587 1042 668 1077 εὐχὰ,
685 1042 733 1069 καὶ
743 1043 905 1078 ψαλμῳδίας

116 1087 465 1122 ποιεῖσθαιπαραιτοῦνται.
486 1088 566 1114 Ἀὅὲλ
577 1088 631 1123 γὰρ
644 1088 683 1124 τῷ
697 1089 767 1116 Κάῖν
777 1089 904 1116 πλεῖστον

115 1134 143 1160 ἐν
155 1134 221 1160 πᾶσι
240 1132 401 1168 διενηνοχὼς
419 1133 607 1167 συνεθυσίαζε,
624 1136 670 1161 καὶ
684 1134 731 1161 τοῦ
748 1135 797 1170 μὲν
811 1135 825 1162 ὁ
838 1135 904 1166 Θεὸς

114 1180 162 1215 τὴν
180 1179 277 1206 Θυσίαν
301 1179 418 1214 ἐδέχετο,
430 1179 477 1206 τοῦ
502 1180 531 1206 δὲ
552 1180 745 1216 ἀπεπέμπετο,
765 1181 813 1207 καὶ
827 1181 904 1207 οὐδὲν

115 1226 226 1260 γέγονεν
239 1224 364 1260 ἐμποδὼν
380 1226 394 1252 ὁ
418 1225 531 1262 βέὸηλος
556 1226 595 1262 τῷ
617 1227 738 1254 θεοσεϐεῖ
766 1228 805 1258 εἰς
818 1226 849 1253 τὸ
866 1227 904 1262 μὴ

115 1271 314 1306 προσδεχθῆναι
339 1272 423 1298 αὐτου
447 1273 482 1298 τὰ
509 1272 594 1308 δῶρα.
615 1273 670 1299 Καὶ
690 1273 763 1305 Νῶε,
779 1273 857 1307 φησὶ,
870 1273 905 1299 τὰ

115 1316 221 1351 καθαρὰ
234 1316 287 1343 τῶν
294 1317 370 1349 ζώων
383 1319 430 1344 καὶ
446 1318 480 1344 τὰ
486 1317 508 1333 ⁶⁶
519 1317 663 1353 ἀκάθαρτα
677 1317 736 1352 ἅμα
753 1318 904 1353 προσετάτ-

114 1371 175 1389 τετο
196 1363 225 1389 ὲν
244 1365 276 1398 τῇ
302 1363 413 1399 κιϐωτῴ
438 1363 651 1399 παραδέχεσθαι.
675 1363 730 1390 Καὶ
756 1363 802 1390 τὸν
821 1364 905 1398 Φαρι-

115 1409 191 1435 σαῖον
206 1408 245 1444 τῷ
257 1409 359 1444 τελώνῃ
373 1409 430 1443 ἅμα
445 1409 644 1445 προσεύχεσθαι
658 1410 674 1443 ἡ
685 1409 836 1444 Δεσποτικὴ
853 1418 905 1436 πα-

117 1453 221 1489 ραὸολὴ
246 1454 376 1482 δεικνύει.
403 1454 459 1481 Καὶ
488 1454 528 1489 τῷ
554 1454 684 1490 προφήτῃ
712 1453 790 1489 Ἠλίᾳ
817 1452 903 1488 κόραξ

115 1500 164 1535 τὴν
173 1500 278 1535 τροφὴν
293 1501 315 1516 ⁸⁷
331 1500 361 1526 τὸ
383 1499 538 1535 ἀκάθαρτον
562 1499 682 1535 διηκόνει
698 1499 778 1532 ζῶον.
797 1498 853 1525 Καὶ
874 1498 906 1524 τὸ

115 1546 274 1582 ἐγγύτερον,
291 1546 322 1573 οὐ
338 1546 482 1581 γεγόνασιν
496 1546 624 1581 ἐμπόδιον
648 1546 676 1574 οἱ,
696 1545 750 1571 τῶν
768 1544 903 1580 δαιμόνων

956 280 1131 314 Antipolitani
1151 281 1177 308 in
1192 281 1353 308 Mauricium
1369 282 1465 309 ducem
1477 301 1485 313 ,
1496 287 1523 309 et
1538 283 1740 317 imperatorem,

954 325 1003 359 qui
1027 325 1178 353 recitationi
1206 326 1340 353 interfuit.
1370 326 1469 355 lambis
1495 332 1522 355 et
1547 327 1592 355 ille
1619 328 1740 355 laborem

953 377 1033 397 suum
1046 371 1263 405 comprehendit.
1281 371 1351 398 Sunt
1375 372 1436 406 ejus
1460 373 1545 399 varize
1567 373 1689 408 epistola:
1706 375 1739 400 ad

952 416 1043 444 varios
1057 417 1201 452 pigmentis
1217 418 1394 451 adumbratae,
1410 422 1438 445 et
1459 418 1519 445 alias
1530 419 1666 454 nonnullas
1679 427 1742 447 ora-

955 461 1046 489 tiones
1062 462 1208 489 laudatorii
1233 463 1350 498 generis.

1273 596 1424 624 CCLXXX.

954 637 1083 674 Eulogius
1123 641 1335 683 archiepiscopus
1351 643 1521 671 Alexandria:
1536 648 1629 670 contra
1649 643 1741 671 Nova-

1288 682 1388 704 uanos.

991 719 1054 754 Legi
1070 729 1085 748 e
1101 721 1181 749 beato
1198 722 1313 757 Eulogio
1340 723 1546 758 archiepiscopo
1570 724 1742 752 Alexandria:

953 765 1051 793 librum
1074 772 1169 794 contra
1191 767 1369 801 Novatianos,
1397 769 1517 804 quinque
1543 770 1620 797 libris
1644 770 1742 799 distin-

953 813 1038 842 ctum,
1053 818 1112 845 qua:
1123 812 1156 838 ad
1172 820 1257 840 sacrae
1275 811 1423 847 Scriptura:
1434 814 1671 850 interpretationes
1680 823 1741 850 per~

953 856 1052 884 tinent.

1031 901 1043 908 χ
1274 903 1315 931 Ex
1330 905 1377 932 lib.
1398 905 1423 933 Ι.

994 946 1118 978 Frustra,
1141 947 1238 982 inquit,
1258 949 1415 983 Novatiani,
1433 951 1540 979 etiamsi
1558 952 1651 979 mundi
1667 952 1742 987 sint,

954 993 1065 1028 vilaque
1082 994 1210 1028 absoluti,
1225 996 1297 1030 quod
1323 1003 1377 1023 non
1403 1001 1477 1029 sunt,
1494 1005 1555 1024 cum
1568 998 1628 1025 aliis
1642 1006 1742 1026 conve-

956 1040 1025 1071 nire,
1047 1044 1075 1066 et
1097 1047 1191 1073 preces
1221 1042 1443 1077 psalmodiasque
1461 1042 1554 1071 facere
1578 1045 1741 1072 detreclaot.

955 1084 1021 1110 Abel
1039 1085 1110 1111 enim
1123 1093 1184 1112 cum
1200 1085 1297 1119 Caino,
1315 1087 1462 1121 plurimum
1479 1088 1505 1115 in
1519 1089 1647 1117 omnibus
1659 1098 1743 1124 supe-

955 1137 1030 1162 rans,
1045 1131 1223 1163 sacriﬁcavit,
1240 1139 1266 1158 et
1281 1132 1354 1160 illius
1365 1133 1530 1160 sacriﬁcium
1543 1133 1615 1162 Deus
1628 1136 1742 1170 accepit,

956 1176 1037 1210 hujus
1065 1185 1128 1204 vero
1155 1177 1271 1212 respuit.
1291 1177 1384 1213 Neque
1407 1179 1549 1214 impedivit
1565 1181 1674 1215 impius,
1690 1189 1745 1217 quo

955 1222 1046 1250 minus
1070 1223 1137 1258 justi
1165 1224 1236 1251 dona
1260 1224 1316 1252 Deo
1337 1229 1417 1260 grata
1440 1230 1539 1253 essent.
1555 1225 1620 1259 Noe,
1644 1227 1745 1263 inquit.

955 1270 1046 1296 omnia
1072 1270 1202 1297 animalia
1229 1272 1331 1298 munda
1349 1276 1376 1298 et
1399 1272 1539 1299 immunda
1553 1273 1634 1301 simul
1650 1274 1677 1300 in
1699 1282 1746 1301 ar-

955 1323 1014 1343 cam
1036 1316 1157 1351 recipere
1170 1317 1265 1352 jussus
1285 1316 1346 1344 fuit.
1365 1319 1398 1345 Et
1415 1317 1586 1346 Pharisaeum
1605 1327 1668 1346 cum
1691 1319 1746 1347 Pu-

955 1361 1062 1388 blicano
1093 1368 1216 1390 orantem
1231 1364 1350 1391 ostendit
1383 1364 1523 1391 Dominica
1543 1365 1696 1399 parabola;
1719 1370 1747 1393 et

955 1406 1052 1442 53612
1067 1414 1167 1435 corvus
1183 1408 1356 1436 immundum
1383 1409 1485 1437 animal
1502 1410 1592 1437 cibum
1608 1411 1747 1446 propheta:

955 1451 1020 1479 Elia:
1036 1453 1106 1479 tulit.
1122 1453 1155 1480 Et
1172 1453 1224 1481 hoc
1238 1454 1367 1488 amplius,
1385 1462 1439 1481 non
1456 1455 1655 1489 impediverunt
1668 1457 1746 1484 illum

955 1498 1110 1526 sacerdotes
1138 1499 1292 1527 daamonum
1320 1500 1346 1527 in
1365 1501 1509 1529 sacriliciis
1532 1502 1632 1536 quibus
1660 1503 1747 1530 inter-

955 1548 1033 1571 erant
1047 1553 1056 1571 :
1073 1552 1162 1579 neque
1174 1546 1231 1580 ipse
1246 1546 1368 1580 pollutus
1390 1551 1432 1574 est
1456 1551 1549 1574 astans
1576 1547 1628 1575 illis
1660 1549 1749 1576 sacri-

116 1593 199 1628 ἱερεῖς
215 1592 347 1627 ’παρόντες
370 1592 455 1619 αὐτοῦ
466 1593 499 1627 τῇ
522 1591 612 1627 θυσίᾳ,
625 1591 680 1618 οὐδ’
700 1591 782 1622 αὐτὸς
803 1589 900 1625 ἐμολύ-

958 1591 1112 1624 ticantibus,
1126 1593 1236 1627 quando
1253 1593 1299 1620 ille
1317 1597 1344 1620 et
1359 1593 1486 1629 pinguem
1500 1601 1578 1621 ovem
1594 1595 1648 1623 illis
1662 1596 1749 1623 sacri-

115 1645 176 1663 νετο
198 1637 358 1672 ἐφεστηκὼς
370 1636 461 1668 αὐτοῖς
471 1637 626 1671 θυομένοις,
641 1635 686 1662 ὅτε
701 1635 748 1662 καὶ
763 1635 809 1662 τὸν
823 1635 905 1663 πίονα

116 1683 181 1718 βοῦν
200 1683 314 1714 ἐκείνοις
331 1682 416 1716 θύειν,
434 1683 482 1709 καὶ
506 1682 654 1718 πρότερον,
669 1682 765 1716 ἀνῆκε.
776 1682 831 1708 Καὶ
843 1681 906 1708 Λὼτ

114 1730 142 1756 δὲ
170 1730 328 1764 Σοδομίταις
344 1729 477 1756 συνοικῶν
493 1729 544 1756 οὐκ
566 1728 726 1764 ἁπὴλαυσεν
737 1728 826 1755 αὐτῶν
857 1728 904 1754 τοῦ

114 1777 239 1812 ὀλέθρου,
262 1777 315 1808 ὃτι,
334 1777 387 1804 κᾶν
405 1776 454 1812 τὴν
483 1776 560 1803 πόλιν
586 1775 714 1811 συνῴκει,
729 1777 786 1807 τοῖς
812 1775 904 1811 ἔργοις

113 1812 252 1859 διεστήκει
268 1823 290 1839 ⁸⁸
302 1831 309 1838 '
324 1822 405 1855 σώζει
421 1823 450 1850 δὲ
473 1823 572 1858 μᾶλλον
593 1822 627 1849 δι’
642 1821 726 1848 αὐτοῦ
745 1822 767 1838 ⁸⁸
783 1821 831 1848 καὶ
856 1821 907 1856 τὴν

114 1869 215 1906 Σηγὼρ
236 1870 325 1902 πόλιν,
339 1870 369 1897 ἐν
388 1870 457 1906 αὐτῇ
487 1868 664 1903 καταφυγὼν,
685 1868 751 1903 μίαν
764 1867 818 1894 τῶν
843 1867 907 1902 περὶ

116 1916 227 1951 Σόδομα
244 1914 337 1943 οὖσαν.
358 1913 418 1943 Οῐδε
432 1916 486 1951 γὰρ
497 1916 512 1942 ὁ
526 1915 630 1947 δίκαιος
641 1913 737 1946 σώζειν
751 1914 814 1943 τοὺς
836 1914 906 1940 ἀσε-

115 1963 187 1994 εεῖς,
200 1963 251 1989 οὐκ
279 1962 394 1995 ἐκείνοις
423 1961 649 1989 συναπόλλυσθαι.
666 1961 722 1987 Καὶ
743 1961 758 1986 ὁ
778 1959 908 1986 Ἀπόστο-

114 2007 161 2038 ὶός
191 2015 289 2041 φησιν·
310 2006 516 2042 Ὀμοθυμαδὸν
528 2006 710 2040 ἐπεύχεσθαι
723 2004 838 2037 πάντας
857 2005 907 2031 καὶ

114 2052 151 2078 ἑν
167 2051 192 2067 τ’
205 2051 251 2077 ὲνι
272 2050 398 2085 στόματι
409 2049 543 2082 δοξάζειν
566 2049 620 2076 τὸν
641 2050 726 2076 Θεόν.
743 2049 797 2075 Καὶ
821 2048 907 2075 πολλὰ

114 2097 196 2124 ἄλλα.
209 2097 290 2123 Ὥστε
298 2096 475 2124 δυσσεΰοῦσιν
488 2097 514 2122 ot
531 2095 697 2122 Ναυατιανοὶ
706 2095 739 2127 τί,
754 2095 846 2130 φησὶν,
859 2094 908 2121 οὐκ

113 2143 340 2178 ἁνεχὸμενοιτοῖς
352 2142 442 2173 ἄλλοις
451 2140 627 2176 συνεύχεσθαι
635 2141 656 2156 ⁷³
669 2138 832 2176 ἀνθρώποις.
847 2139 908 2166 ’Ὁτι

113 2191 163 2216 καὶ
176 2189 260 2221 αὐτὸς
279 2189 314 2216 τὰ
331 2188 378 2215 ἐπὶ
399 2187 450 2223 τῆς
467 2187 640 2222 Δεσποτικῆς
654 2186 812 2222 παραϐολῆς
833 2187 908 2221 εἰρη-

114 2236 201 2270 μένα,
215 2235 277 2270 ἥτις
293 2235 316 2250 ⁷³
336 2234 382 2260 τὸν
399 2233 454 2260 ἀπὸ
487 2233 592 2270 Ὶεριχὼ
614 2232 744 2260 κατιόντα
763 2233 811 2259 καὶ
829 2240 909 2267 τραυ-

113 2263 290 2317 ματισθέντα
304 2280 462 2312 ὑποϐάλλει,
486 2263 588 2315 ὁμοίους
608 2279 631 2294 ⁷³
654 2278 693 2314 τῷ
722 2263 908 2314 Χρυσοστόμῳ
924 2263 947 2292 D

111 2327 180 2362 [877
195 2327 243 2363 IL]
255 2327 434 2359 ἀναπτύσσει,
452 2326 607 2361 πανδοχεῖον
622 2325 672 2361 μὲν
685 2325 734 2360 τὴν
744 2325 908 2359 Ἐκκλησίαν

112 2375 185 2400 ἔκλα
190 2373 314 2409 μὸάνων,
330 2373 377 2400 δύο
391 2373 419 2399 δὲ
433 2373 547 2408 δηνάρια
556 2372 604 2407 τὴν
614 2371 735 2398 Παλαιὰν
747 2371 794 2398 καὶ
804 2370 907 2406 Καινὴν

112 2419 269 2454 Διαθήκην,
287 2419 421 2454 πανὼχέα
450 2419 479 2446 δὲ
496 2419 541 2445 τὸν
565 2418 614 2453 τῆς
643 2417 805 2452 Ἐκκλησίας
824 2425 906 2452 προε-

152 2479 163 2492 “
182 2477 267 2504 Rom.
284 2485 329 2510 xv,
341 2477 368 2504 6.
409 2478 418 2495 ι
435 2476 502 2504 Luc.
519 2484 548 2509 ιι,
560 2476 604 2503 30.
641 2480 654 2495 ιι
670 2475 745 2504 Psal.
759 2483 836 2508 xm,
852 2475 879 2502 4.

956 1636 1134 1663 Προτθεοιίαῐιι
1149 1636 1226 1671 prius
1241 1637 1376 1672 permisit.
1394 1637 1444 1664 Lot
1471 1637 1619 1665 Sodomitis
1633 1638 1748 1666 cohabi-

958 1685 1030 1711 Ians,
1054 1689 1118 1708 cum
1137 1683 1233 1709 iisdem
1259 1689 1313 1709 non
1339 1687 1382 1710 est
1407 1683 1570 1715 exstinctus,
1596 1683 1672 1718 quia,
1696 1683 1749 1711 etsi

957 1725 1039 1752 simul
1063 1725 1090 1752 in
1123 1726 1218 1753 eadem
1242 1726 1310 1754 urbe
1326 1726 1470 1758 habitaret,
1505 1727 1634 1761 operibus
1656 1732 1749 1755 tamen

957 1771 1036 1806 longe
1048 1771 1082 1798 ab
1098 1771 1153 1799 illis
1168 1772 1330 1799 dissidebat.
1355 1772 1480 1800 Servavit
1499 1779 1563 1800 vero
1580 1773 1639 1807 ipse
1652 1773 1748 1800 urbem

958 1817 1052 1853 Segor,
1079 1819 1107 1846 in
1137 1827 1219 1854 quam
1242 1827 1271 1847 se
1296 1825 1447 1855 receperat,
1465 1828 1548 1848 unam
1573 1828 1606 1848 ex
1630 1821 1674 1849 his
1688 1829 1750 1856 quae.

957 1864 1062 1891 circum
1087 1864 1206 1892 Sodoma
1237 1870 1326 1893 erant.
1351 1865 1432 1893 Novit
1445 1866 1518 1893 enim
1533 1866 1624 1900 justus
1640 1874 1751 1894 servare

958 1913 1059 1948 impios
1075 1913 1111 1941 ita
1123 1918 1153 1941 ut
1168 1921 1231 1941 cum
1248 1914 1302 1942 illis
1316 1914 1429 1941 minime
1444 1919 1547 1949 pereat.
1556 1914 1589 1942 Et
1601 1914 1750 1950 Apostolus

958 1959 1025 1987 dicit
1041 1969 1049 1987 :
1068 1959 1212 1988 (inanimes
1225 1969 1313 1988 omnes
1329 1968 1417 1993 orare,
1434 1966 1460 1988 et
1483 1969 1537 1988 uno
1573 1969 1617 1988 ore
1643 1961 1750 1988 honori-

958 2006 1039 2040 ﬁcure
1055 2006 1170 2039 Deum',
1192 2011 1220 2035 et
1240 2007 1268 2034 id
1283 2015 1370 2043 genus
1391 2007 1455 2034 alia.
1474 2007 1564 2040 Quare
1588 2007 1664 2042 impii
1686 2011 1750 2035 sunt

957 2051 1112 2085 Novatiani,
1141 2052 1187 2088 qui
1208 2060 1271 2080 cum
1296 2054 1357 2081 aliis
1375 2054 1521 2081 convenire
1535 2053 1641 2080 nolunt.
1662 2053 1748 2080 Etiam

958 2102 991 2123 ea
1017 2104 1078 2131 quae
1106 2096 1133 2123 in
1164 2096 1270 2124 Domini
1289 2096 1419 2131 parabole
1438 2097 1472 2124 de
1500 2097 1611 2124 homine
1638 2095 1749 2123 Jericho

958 2141 1140 2168 descendente
1151 2142 1160 2160 ⁸
1177 2135 1326 2169 νυΙηοι-ειο
1341 2142 1468 2177 leguntur
1495 2141 1617 2176 apponit,
1632 2146 1659 2168 et
1673 2141 1749 2169 simi-

959 2187 1022 2214 liter
1035 2191 1066 2213 ut
1089 2186 1302 2221 Chrysostomus
1319 2188 1438 2222 explicat
1455 2197 1462 2214 :
1479 2187 1627 2222 hospitium
1653 2186 1749 2214 Eccle—

960 2233 1028 2260 siam
1043 2241 1104 2260 esse
1119 2233 1223 2265 dicens,
1242 2234 1297 2261 duo
1313 2241 1378 2261 vero
1395 2234 1507 2262 denaria
1532 2235 1682 2269 Antiquum
1695 2233 1750 2261 Νο-

961 2287 1080 2314 vumque
1115 2279 1331 2314 Testamentum,
1360 2280 1495 2315 hospitem
1527 2288 1591 2308 vero
1621 2280 1750 2308 Ecclesiae

960 2326 1092 2360 przesiiles
1108 2334 1116 2353 :
1140 2332 1203 2353 eum
1218 2334 1283 2353 vero
1298 2326 1343 2362 qui
1360 2327 1389 2354 in
1402 2327 1524 2354 latrones
1541 2327 1677 2360 inciderit,
1687 2334 1750 2362 pec-

960 2375 1092 2399 calorem.
1115 2371 1154 2399 De
1174 2372 1217 2399 his
1233 2372 1333 2399 :Beati
1348 2381 1460 2408 quorum
1475 2374 1593 2400 remissis
1607 2378 1668 2400 sunt
1696 2374 1749 2400 ini-

959 2418 1072 2453 quitates
1086 2423 1112 2450 ιι,
1125 2423 1191 2453 etc.,
1208 2419 1326 2446 remissa:
1344 2423 1415 2452 sunt,
1431 2419 1529 2454 inquit,
1543 2419 1577 2447 de
1601 2419 1750 2455 baptismo,

760 2532 802 2560 VA
808 2532 878 2559 RIIE
907 2530 1110 2559 LECTIONES.

150 2583 174 2598 "
191 2581 240 2608 καὶ
258 2580 320 2608 add.
337 2580 367 2607 C.
409 2580 431 2596 ⁸³
445 2580 493 2607 τοῦ
512 2580 552 2606 ἐν.
589 2580 613 2596 ⁵⁵

111 2616 289 2645 αναπτύσσει
301 2625 308 2630 ·
324 2614 366 2647 οἷς
379 2615 632 2651 συναπαρτίζεσθαί
649 2614 700 2648 σοι,

635 2580 699 2615 ἥκοι
717 2579 738 2607 G
753 2589 765 2615 7:
782 2578 905 2615 εὐλογίου
935 2577 1129 2615 ᾁλεξανδρείας
1150 2577 1304 2615 σύνταγμα·
1321 2577 1452 2615 (turmas
1473 2578 1618 2615 γραφικῶν
1631 2578 1752 2615 διάνοιαν

744 2614 832 2640 ίλαττε
848 2613 981 2648 ἀδελφῶν,
1000 2612 1054 2638 ἴσθι
1071 2613 1118 2648 καὶ
1136 2613 1185 2646 τὴν
1205 2612 1374 2648 ποθουμινην
1394 2612 1576 2648 ἐξαίτησινΒ.
1592 2621 1624 2641 ea
1639 2614 1666 2641 in
1681 2623 1742 2642 sum

113 2653 208 2680 mario
220 2651 299 2686 ponit
314 2651 347 2683 A,
366 2651 466 2678 additis
480 2647 540 2686 post
556 2651 709 2686 ,σύνταγμα
725 2647 767 2677 his
785 2658 792 2676 :
821 2649 883 2686 ἔχου
910 2647 958 2686 λογ
985 2647 1203 2686 ἀπαρτίζομενον
1218 2656 1250 2686 ς,
1287 2648 1309 2686 ‘_’
1326 2647 1359 2674 ὲκ
1374 2648 1421 2686 Ξοῦ
1436 2649 1544 2686 πρώτου
1554 2649 1633 2683 λόγου
1648 2657 1703 2686 om.
1720 2651 1750 2686 Β.

114 2689 137 2703 ⁸⁵
154 2688 193 2714 τὰ
213 2683 274 2721 post
291 2687 338 2713 καὶ
348 2693 404 2713 om.
429 2686 458 2712 Β.
481 2683 518 2701 ’⁸⁷
537 2685 586 2720 τὴν
606 2683 709 2721 τροιρνὴν
732 2689 794 2711 ante
817 2684 855 2718 τῷ
871 2683 1091 2744 προφήτηςμωιίι
1108 2691 1138 2714 ς.

114 2723 159 2744 τηῆ
181 2722 202 2744 Β
219 2731 226 2744 :
239 2721 337 2744 ἑαυτοῦ
355 2730 386 2744 ‹--
424 2721 447 2737 ⁷ο
455 2722 484 2744 ἐν
497 2720 560 2744 add.
579 2720 607 2744 Β.
646 2721 668 2736 τι
684 2720 708 2744 oi.
721 2720 876 2744 ναυατιανοὶ
889 2719 970 2744 φησιν
1026 2726 1034 2744 :
1050 2726 1116 2744 φησι
1129 2727 1138 2744 ι

286 2721 337 2748 ιτοῦ
355 2730 386 2753 ς.
424 2721 447 2737 ⁷ο
455 2722 484 2747 ἐν
497 2720 560 2748 add.
579 2720 607 2747 Β.
624 2720 628 2721 7
646 2721 668 2736 ⁷³
684 2720 708 2746 οἱ
721 2720 876 2746 ναυατιανοὶ
889 2720 970 2752 φησὶν

286 2756 309 2773 ⁷³
323 2756 386 2792 ἥτις
396 2756 458 2784 add.
475 2755 506 2784 B.
543 2755 567 2772 "
578 2755 707 2790 ὁμοίως-Β
728 2764 734 2781 :
750 2755 797 2781 καὶ
812 2753 911 2790 ὁμοίως
921 2761 951 2784 ς.

111 2723 159 2749 τοῦ
180 2722 202 2748 Β
219 2721 337 2748 εὲαυτοῦ
355 2730 386 2753 ς.

113 2760 178 2785 σθαι
197 2765 230 2789 ς’

1177 2682 1200 2698 “
1216 2682 1352 2718 διεστήκει
1374 2683 1394 2710 Β
1411 2692 1418 2711 :
1434 2682 1580 2718 διειστήκει
1592 2682 1629 2715 ⁷ς.
1659 2685 1681 2701 ⁸⁸
1701 2685 1751 2711 αὺ-

1026 2726 1034 2744 :
1050 2726 1116 2753 φησι
1129 2726 1284 2744 ναυατιανοι
1301 2727 1331 2750 ς.
1369 2719 1391 2735 ⁷³
1409 2719 1585 2755 συνεύχεσθαι
1593 2719 1626 2746 Β.
1641 2720 1746 2754 συνέχε-

881 2809 996 2838 ΝΟΤᾸΕ.

151 2865 280 2899 (52“)An
300 2865 347 2892 hic
365 2863 455 2900 Cyrus
472 2863 636 2898 prodromus
657 2862 736 2897 cujus
760 2860 882 2896 quasdam
903 2859 1054 2895 aﬁtobaao
1073 2860 1234 2894 alfcruntur,
1256 2861 1378 2896 quoniam
1400 2868 1462 2889 cum
1479 2859 1624 2895 Nicephori
1646 2858 1750 2888 Callisti

114 2902 246 2929 versibus
268 2901 349 2929 edita.
