1959 3081
145 153 198 184 329

675 155 934 185 BlBLIOTHECA.
944 167 979 172 —
990 154 1071 184 COD.
1089 153 1248 183 CCLXXX.

1719 153 1772 186 330

145 208 191 236 τοῦ
218 210 367 245 κορυφαίου
392 210 440 236 καὶ
467 211 522 242 τοῖς
548 211 651 242 λοιποῖς
679 211 735 238 τῶν
763 212 893 247 μαθητῶν
911 213 928 245 ἡ

993 216 1061 246 :epta
1082 211 1181 238 Petrus
1204 214 1339 245 potestate
1361 205 1664 244 ligandi‘kolvcndique,
1688 210 1773 238 inter-

145 255 256 290 τοιαύτη
281 255 390 287 ἐξουσία
414 255 527 287 ἐδέδοτο,
551 257 620 283 ὅπου
651 265 683 290 γε
718 257 767 284 καὶ
797 260 853 289 τοῖς
884 259 933 285 ἀπ’

145 302 259 328 ἐκείνων
272 301 302 329 τὸ
321 302 516 336 ἀρχιερατικδν
541 302 611 328 κατὰ
624 302 751 338 διαδοχὴν
767 304 933 339 περιϐεϐλη-
947 315 951 318 ι

147 346 238 381 μένοις
252 346 362 381 ἀξίωμα
377 347 427 382 τὴν
438 347 524 382 αὐτὴν
536 349 679 383 προσεῖναι
695 348 742 375 τοῦ
762 350 873 383 δεσμεῖν
887 349 935 376 καὶ⁴

145 392 221 419 λύειν
248 392 374 425 ἐξουσίαν
395 393 572 428 πιστεύομεν.
601 392 680 426 Εἶτα,
707 394 745 426 ὡς
765 392 811 420 οῦν
831 395 933 427 λαϐὼν,

147 438 240 473 φησὶν,
257 440 271 465 ὁ
287 438 390 474 Πέτρος
400 438 449 474 τὴν
467 438 592 471 ἐξουσίαν
602 439 649 466 τοῦ
661 440 771 476 δεσμεῖν
784 441 832 471 καὶ
849 440 934 473 λύειν,

146 485 236 520 ἐρωτᾷ
252 485 300 511 καὶ
309 484 448 520 τὸξμετρον
461 485 510 520 τῆς
525 486 662 520 ἀφέσεως,
679 486 821 519 Hominis,
837 487 935 521 λέγων,

147 530 201 557 ἐὰν
211 530 326 565 ἁμάρτῃ
339 532 383 564 δὶς
393 531 446 566 ἐμὲ
458 532 474 558 ό
487 531 621 566 ἀδελφός
631 540 701 566 μου,
713 533 822 567 ἀφήσω
837 533 937 565 αὐτῷ;

146 576 203 609 ἕως
215 576 356 610 extum“
370 577 400 604 τὸ
416 577 468 609 ἕως
481 577 597 609 ἑπτάκις
608 578 632 594 ⁸⁸
657 577 752 611 εἰπὼν,
769 578 818 614 τὴν
833 578 879 606 ἐπὶ
889 578 937 605 τοῦ

147 623 220 649 Κάῖν
240 622 405 658 κατάκρισιν
430 622 511 650 λῦσαι
537 623 697 655 σπουδάζων
714 624 744 651 ὲν
764 624 805 659 τῷ
827 624 939 659 ἀφιέναι

147 669 313 700 τοσαυτάκις
331 670 388 701 τοῖς
415 670 630 705 ἁμαρτάνουσιν.
662 671 692 697 Ὀ
725 670 754 697 δὲ
783 671 878 706 Σωτὴρ
908 671 938 697 οὺ

146 713 250 748 ταύτην
268 713 350 748 μόνον
368 714 450 748 λύων,
461 715 530 743 ἀλλὰ
544 717 591 743 καὶ
605 717 655 751 τὴν
664 716 710 743 ἐπὶ
724 716 770 743 τοῦ
782 716 940 752 Λάμεχὲξε-

148 759 329 794 νηνεγμένην,
345 761 499 796 ἐπήνεγκεν
508 770 515 778 ·
532 763 573 790 Οὺ
585 764 663 797 λέγω
674 770 724 790 σοι
739 763 794 795 ἕως
804 763 939 796 ἑπτάκις,

147 804 219 831 ἀλλ’
239 804 293 838 ἕως
307 805 561 841 ἑϐδομηκοντάκις
575 808 660 835 ἑπτά.
681 808 717 835 Τὸ
730 809 759 835 δὲ
773 809 898 844 διήγημα
911 809 942 836 τὸ

148 850 215 886 περὶ
231 851 278 878 τοῦ
295 852 391 887 Λάμεχ
418 854 539 880 τοιοῦτόν
556 862 638 890 φησιν
652 863 659 869 ·
685 855 820 890 ’Ἕϐδομος
833 854 868 891 ἦν
885 856 939 882 ἀπο

150 897 231 927 Ιέάῖν,
249 896 298 924 καὶ
311 897 465 930 τελευταῖος
487 899 541 925 τῶν
553 900 696 934 ἀπογόνων
708 908 715 916 ·
733 900 829 927 τοῦτον
851 900 905 935 γὰρ
925 901 938 927 ὁ
956 893 975 919 Β

148 941 342 977 κατακλυσμὸς
358 942 465 977 φθάσας
486 943 613 979 ἐξήλειψε
628 944 660 970 τὸ
683 944 730 971 τοῦ
755 945 826 972 Κάῐν
847 945 936 979 γένος.

148 986 205 1012 Καὶ
220 987 348 1014 τοσοῦτον
377 988 531 1023 ὺπερέὃαλε
547 990 578 1016 τὸ
596 990 644 1016 τοῦ
662 990 768 1026 Λάμεχ,
790 991 884 1026 φησὶν,
900 991 938 1022 ὡς

147 1029 219 1060 εἶναι
247 1034 302 1060 τῶν
328 1034 375 1062 τοῦ
408 1036 479 1062 Κάῖν
509 1036 718 1072 ἁμαρτημάτων
750 1036 938 1064 πολλαπλάσια

148 1080 221 1107 κατὰ
240 1079 271 1106 τὺ
285 1080 516 1117 ἑϐδομηκοντάκις
547 1083 626 1116 ἑπτὰ,
646 1084 684 1115 ὡς
705 1084 755 1110 καὶ
770 1083 852 1116 αὐτὸς
881 1084 938 1111 Λά-

148 1134 204 1161 μεχ
215 1127 276 1158 ταῖς
290 1127 414 1161 γυναιξὶν
434 1128 617 1162 ἀπαγγέλλων
631 1129 664 1155 τὰ
682 1129 866 1165 ἡμαρτημένα
877 1130 938 1166 ἐδή-

147 1171 246 1205 λωσεν,
261 1172 411 1208 αὔτανδρον
434 1173 546 1209 ὄλεθρον
560 1175 633 1202 κατά
649 1175 700 1209 τῆς
727 1176 825 1209 γενεᾶς
854 1176 937 1202 αὑτοῦ

146 1217 340 1254 διηγούμενος.
364 1219 427 1246 Ἐπὶ
452 1220 581 1247 τοσοῦτον
607 1221 663 1257 γὰρ
681 1221 736 1248 τῶν
750 1221 811 1248 τότε
833 1222 939 1258 ἀνδρῶν

146 1261 257 1298 ηὐξήθη
273 1262 307 1290 τὰ
315 1264 514 1300 ἁμαρτήματα,
529 1262 570 1297 οἷς
583 1266 630 1292 καὶ
653 1267 667 1292 ὁ
681 1266 776 1302 Λάμεχ
795 1267 939 1302 συνήκμα-

150 1317 207 1341 σεν,
231 1309 270 1340 ὡς
283 1310 324 1340 εἰς
348 1310 538 1346 πανωλεθρίαν
560 1311 649 1338 αὐτῶν
665 1310 715 1347 τὴν
734 1312 940 1347 φιλανθρωπίαν

149 1354 198 1380 τοῦ
218 1354 286 1381 Θεοῦ
304 1355 465 1392 παροξῦναι,
483 1357 668 1393 κατακλυσμῷ
687 1357 735 1393 τὴν
751 1357 829 1393 δίκην
848 1358 940 1391 αὐτοῖς

148 1400 332 1428 ἐπιτιθεῖσαν.
349 1401 428 1437 [1601
443 1402 490 1439 IL]
503 1403 557 1430 Καὶ
567 1403 655 1438 σάρκα
666 1403 695 1429 δὲ
708 1403 759 1438 τὴν
770 1403 832 1430 τότε
844 1404 940 1437 γενεὰν

986 263 1065 294 rogat
1081 258 1188 293 quoties
1199 258 1295 285 debeat
1307 257 1456 284 dimittere:
1474 256 1593 289 Quoties,
1612 256 1700 291 inquit
1712 262 1736 289 θ,
1747 266 1771 286 ει

985 304 1100 338 peccarit
1121 303 1150 330 in
1171 311 1211 329 me
1237 303 1320 337 frater
1342 311 1424 334 nteus,
1447 301 1582 328 dimittam
1605 300 1669 328 illi?
1694 309 1774 336 usque

986 348 1081 382 septies
1089 348 1102 375 .9
1113 348 1189 379 dicit,
1201 345 1279 374 Caini
1294 346 1552 373 condemnationem
1562 345 1669 372 solvere
1680 345 1773 372 volens

986 393 1148 420 dimittendo
1166 393 1244 419 toties
1272 391 1460 426 peccantibus.
1489 391 1612 418 Salvator
1628 397 1694 417 vero
1717 397 1772 417 non

988 439 1059 465 hanc
1083 437 1170 465 solum
1198 437 1318 469 solvens,
1338 436 1384 463 sed
1410 436 1492 463 etiam
1512 435 1630 463 Lamcch
1659 435 1773 467 illatam,

988 484 1150 519 respondet:
1168 483 1228 510 Non
1240 483 1299 510 dico
1317 482 1364 510 tibi
1377 482 1480 516 septies.
1497 482 1540 509 sed
1555 482 1702 517 septuagiet
1733 489 1776 508 se-

992 530 1069 562 pties.
1084 529 1276 557 Narrationcm
1290 537 1371 564 porro
1389 529 1485 564 537i)
1497 529 1530 555 de
1547 529 1664 555 Lamech
1677 528 1718 555 sic
1729 534 1777 554 ex-

988 576 1066 611 ponit
1087 586 1094 603 :
1119 575 1257 610 Septimus
1281 580 1341 602 erat
1356 583 1370 602 a
1387 576 1466 606 Cain,
1491 580 1519 602 et
1542 574 1655 602 ultimus
1671 573 1774 608 stirpis.

988 622 1058 650 Huic
1072 621 1144 649 enim
1168 621 1299 662 diluvipm
1317 625 1500 652 antchrtens,
1517 620 1618 647 delevit
1633 619 1709 648 Caini
1731 628 1777 653 ge-

991 676 1060 695 nus:
1088 671 1115 694 et
1137 670 1241 694 tantum
1267 667 1404 701 superavit
1432 666 1611 697 Lamechum,
1638 669 1669 692 ut
1692 667 1777 692 multo

990 715 1070 750 plura
1087 713 1187 740 l'ucrint
1203 718 1314 747 peccata
1331 721 1413 748 quant
1429 713 1507 746 Cain,
1525 713 1676 740 secundum
1695 713 1774 740 illud.

991 762 1138 797 septuagies
1164 761 1258 795 septies
1273 761 1295 788 ῐ.
1324 761 1560 794 Quemadmodum
1585 760 1646 796 ipse
1661 760 1776 788 Laineclt

993 807 1126 834 uxoribus
1155 811 1268 841 peccata
1288 807 1455 834 annuntians
1480 805 1610 838 ostendit,
1638 806 1776 833 interitum

993 853 1087 888 stirpis
1113 852 1197 879 totius
1223 859 1350 879 narrans.
1376 852 1406 878 In
1424 856 1530 879 tantum
1557 851 1631 878 enim
1654 852 1778 879 virorum

991 903 1135 934 creverunt
1158 902 1280 932 peccata,
1305 898 1468 931 quibuscum
1495 897 1588 925 ﬂoruit
1618 898 1702 925 etiam
1726 897 1779 924 La-

993 944 1082 976 mech,
1110 947 1140 970 ut
1158 943 1241 970 Deum
1270 943 1304 970 ad
1324 943 1484 970 universum
1500 943 1622 978 ipsorum
1639 950 1726 977 genus
1740 943 1780 969 di-

990 990 1062 1017 luvio
1085 989 1252 1024 perdendum
1269 989 1426 1016 excitarint.
1444 988 1478 1016 Et
1492 996 1602 1016 carnem
1621 993 1687 1016 tunc
1699 995 1780 1015 voca-

989 1036 1029 1062 vit
1059 1035 1131 1062 Deus
1154 1035 1359 1069 generationem
1381 1033 1543 1061 hominum:
1571 1033 1634 1060 Non
1661 1039 1779 1064 maneat,

990 1081 1089 1116 inquit,
1108 1080 1226 1115 Spiritus
1241 1088 1312 1107 meus
1325 1080 1353 1106 in
1365 1079 1431 1112 iliis,
1441 1080 1504 1115 quia
1521 1088 1583 1107 curo
1596 1085 1657 1107 sunt
1672 1081 1696 1113 ⁸,
1717 1080 1781 1115 quia

990 1127 1039 1154 toti
1056 1126 1133 1154 carni
1149 1131 1177 1153 et
1193 1126 1284 1160 pravis
1308 1126 1533 1160 cogitationibus,
1549 1130 1576 1153 et
1587 1126 1649 1153 aliis
1660 1126 1781 1161 peccatis

989 1173 1082 1205 dediti,
1109 1179 1174 1199 vere
1194 1179 1275 1206 quem
1302 1177 1463 1207 acceperant
1483 1171 1608 1206 spiritum
1634 1172 1667 1199 ad
1687 1171 1782 1199 simili-

990 1220 1111 1248 tudinem
1126 1219 1184 1251 Dei,
1198 1224 1264 1246 tunc
1275 1219 1301 1246 in
1320 1226 1429 1246 carnem
1445 1219 1649 1246 convertebant.
1664 1219 1710 1246 Sic
1720 1219 1784 1256 qui-

990 1267 1062 1299 dem,
1091 1271 1120 1292 ut
1145 1265 1213 1292 dicit
1234 1264 1364 1300 Eulogius
1400 1265 1636 1300 archiepiscopus,
1662 1263 1783 1292 Lamech

991 1313 1135 1340 damnatus
1152 1311 1243 1344 fuerit,
1259 1312 1351 1346 plures
1366 1318 1430 1338 vero
1445 1310 1540 1338 Patres
1554 1319 1601 1346 per
1617 1311 1777 1346 promissio-

991 1366 1053 1386 nem
1075 1362 1103 1385 et
1128 1357 1326 1393 pmnitentiam,
1350 1357 1455 1387 veniam
1479 1356 1584 1391 peccati
1611 1356 1687 1384 illum
1706 1355 1785 1385 aiunt

993 1405 1139 1438 reperisse.

149 1447 280 1474 ἐκάλεσεν
296 1447 311 1473 ὁ
324 1447 401 1481 Θεὸς,
415 1449 456 1476 Οὐ
469 1449 511 1484 μὴ
532 1449 621 1484 μείνῃ
640 1449 674 1476 τὸ
691 1449 813 1484 Πνεῦμά
835 1458 895 1485 μου
928 1450 963 1476 ἐν
983 1449 1096 1483 αὐτοῖς,
1113 1449 1210 1483 λέγων,
1225 1448 1274 1475 διὰ
1287 1448 1320 1475 τὸ
1342 1446 1419 1475 εἶναι
1438 1447 1549 1481 αὐτοὺς
1561 1448 1584 1464 ⁸⁷
1599 1448 1708 1482 σάρκα,
1721 1448 1782 1474 ἐπεὶ

149 1492 207 1519 ὅλοι
217 1494 268 1529 τῆς
285 1493 386 1529 σαρκὸς
402 1495 449 1521 καὶ
463 1495 517 1521 τῶν
529 1494 661 1530 ἐμπαθῶν
685 1495 822 1530 λογισμῶν
855 1497 998 1530 γεγονότες
1028 1496 1076 1522 καὶ
1092 1495 1181 1530 πάσης
1199 1495 1282 1528 ἄλλης
1297 1493 1433 1529 ἁμαρτίας
1449 1493 1533 1525 ὖντως
1543 1515 1550 1527 ,
1562 1494 1631 1529 ὅπερ
1660 1494 1785 1526 ἐδέξαντο

151 1539 262 1575 πνεῦμα
278 1541 337 1567 κατ’
361 1540 454 1567 εἰκόνα
477 1542 524 1568 καὶ⁴
537 1541 561 1557 ⁸⁸
577 1540 638 1567 καθ’
661 1540 790 1576 ὁμοίωσιν
807 1540 886 1574 Θεοῦ,
917 1542 957 1572 εἰς
992 1541 1081 1576 σάρκα
1100 1540 1246 1575 μετέϐαλον
1257 1540 1292 1566 δν.
1304 1538 1381 1565 Οὖτω
1397 1539 1456 1574 μὲν,
1471 1538 1501 1571 ἐξ
1515 1536 1552 1566 ὧν
1568 1547 1650 1574 φησιν
1669 1539 1786 1575 ὁὰρχιε-

152 1587 218 1622 ρεὺς
235 1586 373 1621 ane-(tog,
388 1588 434 1614 τὸν
454 1587 551 1623 Λάμεχ
579 1588 748 1615 ἀπολωλέναι
783 1588 865 1624 φησίν
879 1597 887 1604 ·
904 1590 928 1615 oi
948 1589 977 1615 δὲ
1004 1589 1124 1615 πλεῖστοι
1141 1588 1196 1614 τῶν
1216 1587 1346 1622 Πατέρων
1362 1587 1405 1614 διὰ
1419 1587 1469 1622 τῆς
1490 1587 1658 1621 ἐπαγγελίας
1675 1587 1723 1614 καὶ
1737 1596 1786 1623 μει

150 1635 263 1666 cavom;
277 1635 442 1671 συγγνώμην
465 1637 555 1671 εὑρεῖν
570 1635 618 1663 τοῦ
636 1636 842 1672 ἁμαρτηθέντος
858 1637 938 1664 αὐτὸν
956 1636 1176 1671 ἀπαγγέλλουσιν
1184 1635 1220 1662 ⁹⁰.

188 1682 252 1708 Ὀτι
271 1681 353 1717 φησιν
365 1690 380 1710 ’ν
403 1683 527 1709 Ἐπειδὰν
547 1683 651 1720 Πέτρου
666 1684 713 1710 τοῦ
727 1684 876 1720 κορυφαίου
893 1678 941 1718 τὴν

1029 1683 1096 1710 Cum
1116 1681 1191 1709 Petri
1214 1681 1348 1717 principis
1366 1681 1553 1716 apostolorum
1575 1679 1746 1715 negationem
1761 1685 1788 1708 et

150 1728 269 1764 ἄρνησιν
284 1727 332 1755 καὶ
349 1729 496 1763 μετάνοιαν
518 1730 558 1760 εἰς
581 1729 692 1765 ἔλεγχον
706 1730 754 1764 τῆς
768 1729 941 1764 Ναυατιανῆς

995 1729 1194 1765 paenitentiam,
1221 1728 1254 1755 ad
1275 1727 1491 1763 redarguendam
1506 1726 1640 1754 insaniam
1654 1725 1784 1754 Novatia-

151 1774 284 1806 ἀπονοίας
313 1774 577 1810 προϐαλλώμεοα³¹,
615 1776 859 1811 ἁνταποκρὶνεσῦαι
884 1784 941 1801 πει-

998 1785 1093 1804 norum
1111 1776 1288 1812 proferimus,
1303 1775 1469 1810 respondere
1481 1779 1625 1807 conantur,
1642 1774 1715 1809 quod
1735 1773 1788 1802 Pe-

153 1822 258 1857 ρῶνται
281 1821 322 1848 ὅτι
341 1822 356 1848 ὀ
383 1822 487 1858 Πέτρος
505 1822 536 1849 τὸ
553 1823 648 1854 ἀτελὲς
667 1823 729 1849 τότε
757 1823 898 1858 βάπτισμα
911 1820 941 1857 ἦν

998 1828 1055 1849 Irus
1080 1830 1132 1849 non
1169 1821 1286 1857 perfecte
1316 1821 1471 1856 baptizatus
1506 1820 1599 1853 fuerit,
1626 1821 1789 1854 baptismate

153 1866 390 1902 βεϐαπτισμένος·
406 1867 437 1893 τὸ
452 1866 506 1902 γὰρ
516 1868 539 1882 ⁰²
561 1867 685 1894 Ἰωάννου
703 1867 784 1903 μόνον
798 1868 946 1894 ὲόεϐάπτι-

153 1921 213 1945 στο,
230 1912 262 1938 τὸ
276 1912 305 1939 δὲ
316 1913 393 1947 ἀγιον
405 1913 517 1948 Πνεῦμα
531 1913 607 1940 οὔπω
626 1911 660 1949 ἦν
678 1914 838 1949 δεδεγμένος
852 1922 859 1928 ·
879 1914 947 1949 μετὰ

152 1958 210 1992 γὰρ
224 1957 275 1992 τὴν
289 1957 439 1984 ἀνάστασιν
453 1957 543 1990 τοῦτο,
563 1958 733 1993 πεντήκοντα
755 1957 866 1992 ἡμερῶν
887 1958 946 1983 δια-

153 2004 306 2038 γεγονυιῶν
319 2004 354 2036 ⁵³,
364 2004 487 2036 ἐδέξατο.
506 2004 576 2030 Ἀλλ’
584 2004 657 2030 ἔστιν
670 2004 758 2030 εἰπεῖν
769 2004 836 2038 πρὸς
847 2004 947 2036 αὐτοὺς

153 2052 197 2077 ὅτι
212 2051 261 2078 καὶ
281 2050 313 2077 τὸ
351 2050 475 2077 Ἰωάννου
507 2050 568 2077 τότε
592 2050 694 2076 τέλειον
716 2047 760 2086 ἦν,
787 2049 899 2086 ὕστερον
923 2050 946 2077 δ’

154 2097 248 2131 ἀπέϐη
263 2097 319 2128 τοῖς
335 2097 486 2132 χρωμένοις
498 2097 602 2129 ἀτελὲς,
619 2097 677 2132 μεθ’
694 2096 709 2122 ὃ
723 2096 769 2123 τὸν
788 2096 887 2131 τρόπον
897 2096 946 2123 τοῦ

154 2142 348 2178 βαπτίσματος
366 2143 381 2169 ὁ
398 2142 494 2178 Σωτὴρ
517 2143 573 2173 τοῖς
592 2142 727 2177 μαθηταῖς
744 2142 907 2177 παραδιδοὺς
921 2143 946 2158 νδ

154 2189 234 2222 ἔλεγε
246 2196 254 2203 ·
266 2189 466 2223 Πορευθέντες
479 2188 686 2223 μαθητεύσατε
700 2187 799 2214 πάντα
813 2188 848 2215 τὰ
862 2188 946 2222 ἔθνη,

151 2234 355 2268 βαπτίζοντες
368 2234 480 2268 αὐτοὺς
494 2236 538 2268 εἰς
552 2235 586 2261 τὸ
600 2235 694 2269 ὄνομα
708 2235 761 2262 τοῦ
774 2234 887 2269 Πατρός
898 2234 947 2261 καὶ

154 2282 212 2309 τοῦ
225 2281 293 2309 Υὶοῦ
305 2281 419 2308 καὶτοῦ
430 2281 516 2316 ἁγίου
542 2282 727 2316 Πνεύματος.
743 2280 808 2317 [879
820 2280 866 2317 Η.]
881 2281 946 2307 Ὅτε

154 2325 204 2354 οὖν
221 2327 254 2354 τὸ
271 2328 402 2363 μυστικὸν
416 2327 495 2354 τοῦτο
518 2327 659 2362 βάπτισμα
674 2327 821 2362 παρεδόθη,
841 2327 902 2353 τότε
916 2327 947 2353 τὸ

998 1869 1124 1896 videliCct
1135 1866 1250 1894 Joannis
1264 1867 1340 1903 (5'5):
1360 1866 1491 1902 Spiritum
1504 1874 1568 1894 vero
1581 1871 1708 1894 sanctum
1721 1875 1790 1894 non-

999 1915 1063 1941 dum
1090 1914 1236 1948 acceperit.
1261 1913 1330 1940 Nam
1362 1914 1436 1940 hunc
1466 1917 1526 1948 post
1556 1912 1787 1940 resurrectionem

998 1961 1199 1996 quinquaginta
1227 1960 1328 1995 elapsis
1351 1960 1448 1987 diebus
1466 1960 1580 1994 accepit.
1610 1958 1665 1986 Sed
1693 1963 1790 1986 contra

1000 2007 1064 2035 illos
1079 2015 1204 2034 asserere
1224 2011 1340 2041 oportet,
1361 2005 1476 2033 Joannis
1501 2007 1583 2033 etiam
1607 2012 1671 2033 tunc
1702 2005 1790 2041 perfe-

1002 2057 1077 2081 ctum
1098 2054 1182 2081 fuisse
1202 2053 1348 2087 baptisma,
1365 2057 1392 2079 at
1416 2052 1677 2087 postea’utentibus
1693 2053 1791 2087 imper-

997 2099 1098 2127 fectum
1120 2100 1205 2127 fuisse
1219 2120 1225 2131 ,
1254 2103 1398 2134 postquam
1425 2098 1551 2126 Salvator
1571 2099 1683 2125 modum
1704 2099 1791 2133 bapti-

999 2145 1076 2172 zandi
1095 2145 1152 2172 suis
1176 2144 1288 2171 tradens
1303 2144 1446 2179 discipulis
1461 2144 1549 2171 dixit:
1578 2143 1678 2171 Euntes
1700 2145 1791 2171 docete

999 2200 1086 2219 omnes
1111 2196 1214 2226 gentes,
1230 2190 1395 2225 baptizanles
1415 2198 1457 2217 eos
1478 2191 1506 2217 in
1524 2191 1628 2217 nontimz
1647 2190 1750 2222 Patris,
1766 2195 1790 2218 et

999 2236 1076 2270 Filii,
1092 2242 1117 2264 et
1132 2237 1250 2272 Spiritus
1268 2237 1355 2264 sancti
1369 2237 1394 2263 lt.
1409 2236 1525 2269 Quando
1542 2237 1626 2272 igitur
1646 2237 1790 2272 mysticum

999 2283 1052 2310 hoc
1069 2283 1205 2318 baptisma
1225 2283 1352 2310 traditum
1364 2282 1425 2315 fuit,
1443 2286 1508 2309 tunc
1528 2280 1642 2310 Joannis
1655 2282 1791 2318 baptisma

1000 2328 1128 2358 cessavit.
1152 2333 1180 2354 et
1192 2329 1239 2363 qui
1255 2328 1295 2355 sic
1309 2332 1404 2363 postea
1422 2328 1605 2363 baptizarunt,
1630 2328 1789 2363 imperfecte

163 2374 291 2401 Ἰωάννου
306 2374 450 2409 βάπτισμα
459 2374 577 2409 ἤργησε,
587 2374 634 2400 καὶ
648 2374 671 2400 οε
686 2373 864 2408 βαπτίζοντες
880 2374 941 2401 αὐτὶ

999 2373 1182 2407 boptizarunt,
1217 2373 1322 2399 Domini
1359 2373 1533 2407 traditionem
1569 2377 1789 2402 contemnentes.

154 2419 252 2447 λοιπὸν
267 2419 370 2451 ἀτελῶς
383 2419 540 2452 ἐϐάπτιζον,
556 2419 605 2455 τὴν
626 2419 789 2454 δεσποτικὴν
805 2419 949 2455 παρορῶν-

155 2473 205 2496 τες
222 2465 375 2500 παράδοσιν
389 2472 396 2478 ·
413 2465 478 2499 πρὶν
493 2464 522 2490 δὲ
539 2460 704 2498 τέλειονῆν.
719 2463 782 2490 Ὅτι
796 2463 825 2489 δὲ
847 2462 949 2489 τέλειον

154 2509 203 2547 ἦν,
219 2510 310 2546 δῆλον,
325 2510 434 2545 φησὶπ,
454 2510 501 2536 καὶ
519 2509 548 2542 ἐξ
561 2505 600 2536 ὧν
615 2508 734 2543 οὐδαμοῦ
752 2508 877 2543 φαίνεται
889 2509 952 2540 τοὺς

1003 2417 1083 2445 Prius
1108 2425 1172 2446 vero
1186 2417 1338 2453 perfectum
1356 2417 1417 2457 fuit,
1437 2418 1519 2453 idque
1543 2419 1707 2453 ostenditur,
1726 2419 1792 2454 quia

1005 2463 1078 2496 illos,
1099 2472 1169 2498 quos
1186 2464 1304 2491 Joannes
1320 2464 1478 2499 baptizavit,
1494 2465 1595 2501 538a
1611 2466 1710 2494 iterum
1742 2466 1792 2494 ha-

1006 2511 1125 2544 ptizalos
1144 2510 1228 2537 fuisse
1242 2511 1338 2538 nullibi
1361 2511 1471 2546 legitur.
1488 2511 1568 2540 Jcstts
1587 2513 1672 2546 enim,
1693 2513 1791 2548 inquit,

195 2574 208 2587 ε
223 2567 319 2595 Matth.
334 2574 410 2600 xvm,
425 2565 470 2593 22.
507 2565 517 2584 ί
530 2564 598 2593 Gen.
610 2573 649 2599 tv,
666 2564 711 2592 24.
751 2564 840 2593 εϐςη.
853 2573 891 2598 vi,
905 2565 932 2592 5.

993 2565 1072 2594 iatth.
1088 2575 1184 2599 xxvut,
1204 2567 1249 2594 29.

806 2634 925 2662 VARIAZ
946 2635 1151 2663 LECTIONES.

195 2698 220 2712 ⁸⁵
230 2697 262 2723 τὸ
293 2697 346 2727 ἓως
371 2697 486 2728 ἑπτάκις
512 2695 574 2722 add.
601 2694 633 2722 C.
671 2694 694 2710 ⁸⁷
715 2695 814 2726 αὐτοὺς

816 2694 825 2730 ]
858 2695 949 2726 αὐτοῖς
976 2695 1006 2722 C.
1046 2695 1070 2710 ⁸⁸
1091 2697 1152 2721 κατ’
1178 2696 1269 2722 εἰκόνα
1293 2696 1341 2723 καὶ
1367 2697 1430 2724 add.
1455 2697 1487 2724 C.

1525 2697 1548 2713 '9
1570 2695 1733 2732 μετέβαλλον
1761 2704 1792 2727 ς.

156 2734 179 2751 ιο
196 2732 420 2767 ἀπαγγέλλουσιν
436 2739 491 2758 om.
508 2730 538 2757 li.
575 2730 597 2767 ’ξ
613 2729 830 2767 προϐαλλῴμεθα
843 2731 864 2767 Β
882 2739 888 2757 :
902 2730 1101 2767 προῦαλώμεοα
1117 2740 1146 2762 ς.
1185 2732 1206 2746 υτ
1218 2733 1277 2767 γὰρ
1291 2732 1354 2759 add.
1370 2731 1400 2759 Β.
1439 2731 1463 2748 ’⁸
1475 2729 1667 2766 διαγεγονυιῶν
1685 2730 1716 2758 Β.
1731 2737 1794 2758 cum

157 2765 308 2800 Suiccro’t,
324 2775 350 2802 p.
368 2766 420 2794 6'27
438 2765 653 2800 εδιαγεγονότων
667 2773 697 2796 ς.
735 2765 759 2781 9‘
777 2766 877 2800 παραδ.
895 2767 952 2797 τοῖς
972 2765 1039 2801 μαθζ
1052 2775 1081 2800 ς.
1119 2766 1142 2782 ⁰⁵
1155 2765 1222 2802 φησί
1238 2765 1281 2796 Β’;
1303 2767 1370 2802 φασί
1391 2776 1422 2799 ς.

922 2811 1038 2840 ΝΟΤθΕ.

195 2860 252 2896 (55)
274 2858 342 2886 Vide
356 2858 579 2886 P.l\laldonatum
601 2857 722 2891 aliosque
752 2858 903 2893 theologos.

283 2906 420 2935 Parnm.
440 2906 498 2934 Gn.
518 2904 590 2935 CIV.

1622 2902 1658 2936 11
