1959 3081
149 174 198 207 33³1

150 238 225 266 τερα-ε
254 229 315 256 οὐδὲ
340 230 439 266 χειρῶν
465 229 612 261 ἐπιθέσεις.
640 229 735 262 Οὕτως
762 228 810 258 οὖν
834 231 932 266 ἀφίησι
947 234 969 262 Α

149 276 249 313 ταύτην
263 275 312 311 τὴν
323 275 346 291 ³⁸
362 275 520 312 στοιχειώδη
539 275 716 303 διδασκαλίαν
733 277 747 303 ὁ
758 276 876 308 Παῦλος,
887 277 935 304 καὶ

150 323 195 351 ἐπὶ
211 323 260 357 τὴν
277 321 434 355 τελειότητα
448 323 569 358 ἔρχεται,
585 322 635 358 τὴν
651 322 804 358 ἱερωσύνην
820 322 868 349 τοῦ
876 322 935 350 Σω-

149 370 230 404 τῆρος
247 368 437 403 διηγούμενος,
454 369 501 394 καὶ
516 367 619 403 ταύτην
629 368 701 396 κατὰ
717 368 798 404 μέρος
813 368 935 402 διέξεισι,

150 418 194 444 κα)⁸
207 416 281 448 ὅπως
298 416 369 444 κατὰ
385 417 435 452 τὴν
451 416 528 449 τάξιν
552 416 616 452 [882
629 415 676 452 Η.]
691 416 857 452 Μελχισεδὲκ
871 425 937 451 τυγ-

148 462 224 497 χάνει
247 462 261 488 ὁ
285 461 388 498 Κύριος
409 461 566 498 ἀρχιερεύς.
581 462 618 488 Τὸ
632 461 723 488 τοίνυν
738 461 862 497 βούλημα
886 461 933 488 τοῦ

149 508 326 536 ἀποστολικοῦ
344 508 439 544 ῥητοῦ,
449 507 487 539 ὡς
504 507 636 540 πολλάκις
650 508 768 543 εἴρηται,
782 508 857 534 οὐδὲν
870 507 934 543 (κᾶν

666 175 931 207 BIBLIOTHECA.
945 189 979 195 -·
992 176 1075 208 COD.
1096 177 1256 208 CCLXXX.

1717 173 1770 205 338

984 230 1037 258 mis
1051 231 1133 265 pedes
1148 231 1284 263 laventur,
1295 230 1346 258 hoc
1358 234 1401 258 est
1413 229 1507 261 carnis
1517 238 1636 266 gressus.
1648 229 1767 263 Domini,

984 277 1084 312 inquit,
1113 282 1277 312 praeceptum
1293 286 1300 304 :
1318 276 1350 304 In
1361 283 1544 312 quamcunque
1567 277 1698 304 ciuitatem
1729 278 1771 303 in-

985 323 1118 350 traveritis
1135 327 1159 356 ι,
1178 327 1203 350 et
1220 323 1381 358 susceperint
1395 331 1456 356 vos,
1472 323 1633 350 manducata
1651 330 1709 357 qua:
1724 330 1772 356 ap—

984 369 1196 404 ponenturyobis
1211 368 1293 404 [nihil
1312 369 1507 406 dijudicanles]
1526 376 1550 401 ιι,
1567 368 1694 406 convenit
1709 376 1771 395 cum

986 415 1032 442 illo
1046 415 1170 450 Apostoli
1185 424 1193 443 :
1210 415 1239 443 Si
1251 417 1310 451 quis
1324 421 1399 443 uocat
1413 424 1456 443 vos
1473 415 1620 450 infidelium
1631 435 1638 448 ,
1653 418 1678 442 et
1694 414 1772 441 vultis

986 462 1034 494 ire,
1051 470 1126 490 omne
1140 461 1210 498 quod
1225 462 1296 489 vobis
1322 462 1482 497 apponitur,
1511 461 1679 493 manducate,
1706 459 1773 487 nihil

988 507 1086 543 540a
1102 509 1296 543 interrogantes
1307 508 1332 535 ι’.

150 557 216 584 αὐτὸ
222 557 449 592 προφέρωσι)τοῖς
456 556 637 588 Ναυατιανοῖς
645 555 880 592 συμφωνεῖ,[1608
888 555 934 592 IL]
953 556 1020 583 ἀλλὰ
1055 555 1179 589 θεσπίζει
1192 557 1238 584 τὸν
1253 557 1326 589 ἅπαξ
1353 556 1523 591 φωτισθέντα
1543 555 1580 591 μὴ
1593 554 1774 592 περιεργάζε-

150 603 211 630 σθαι
223 603 316 638 ἕτερον
326 604 347 620 ⁵⁸
360 603 511 640 βάπτισμα.
519 604 552 631 ’0
565 603 751 638 ,λελουμένος
760 603 825 639 γὰρ,
834 603 873 634 ὡς
887 603 933 630 καὶ
950 604 965 630 ὁ
997 602 1101 639 Κύριός
1132 612 1225 640 φησιν,
1237 605 1292 631 οὐκ
1304 604 1366 639 ἔχει
1381 605 1486 638 χρείαν
1500 603 1682 635 λούσασθαι,
1703 600 1774 629 ἀλλ’

149 651 167 686 ἣ
185 652 257 686 τοὺς
271 652 366 685 πόδας
391 652 538 687 νίψασθαι
548 653 581 685 ³⁸,
608 652 757 685 τουτέστιν,
783 652 813 678 οὐ
833 652 914 679 πάλιν
950 652 1091 688 βάπτισμα
1115 652 1211 688 χρείαν
1226 651 1282 687 ἔχει
1307 651 1376 687 μετὰ
1397 651 1429 678 τὸ
1452 651 1610 686 ὰμαρτῆσαι
1635 649 1771 682 δέξασθαι,

149 698 205 726 ἀλλ’
218 699 236 734 ἣ
247 698 292 725 διὰ
306 699 432 735 δακρύων
446 700 672 736 ἀποκαθαρθῆναι
701 699 765 732 τοὺς
783 699 868 731 πόδας
886 699 946 734 ἦτοι
962 699 997 726 τὰ
1011 699 1131 735 σαρκικὰ
1143 699 1308 735 διαδήματα.
1326 699 1398 731 Ὅτι,
1422 698 1516 733 φησὶν,
1542 699 1560 733 ἡ
1583 696 1711 733 Κυριακὴ
1729 697 1774 723 ὲν-

149 745 213 782 τολὴ
231 747 247 781 ὴ
262 746 379 780 λέγουσα
391 754 399 762 ο
417 747 470 780 E1;-
484 745 525 780 ’ἣν
538 746 565 772 δ’
584 746 623 773 ἂν
642 745 733 773 πόλιν
755 745 934 780 εἰσέρχησθε
953 746 1002 772 καὶ
1026 745 1170 780 δέχωνται
1184 744 1272 780 ὑμᾶς,
1306 744 1405 772 πάντα
1423 744 1458 771 τὰ
1469 744 1689 779 παρατιθέμενα
1703 743 1776 777 ὑμῖν

149 793 274 824 ἐσθίετε,
280 792 377 826 μηδὲν
385 792 610 826 ἀνακρίνοντες,
625 792 695 826 αὕτη
714 791 859 827 σύνδρομός
871 792 929 818 ἐστι
941 791 980 826 τῷ
995 790 1166 826 ἀποστολικιῷ
1186 790 1271 827 ῥητῷ,
1288 791 1318 818 ἐν
1336 787 1359 824 ᾦ
1374 799 1456 826 φησιν
1470 799 1476 805 ·
1498 792 1531 817 Et
1560 789 1595 817 δέ
1617 798 1662 823 τις
1689 789 1779 816 καλεῖ

148 839 226 874 ὑμᾶς
250 838 311 865 τῶν
334 839 471 866 ἀπίστων
494 839 543 866 καί
567 839 720 871 βούλεσθε
744 839 933 873 πορεύεσθαι,
952 838 1015 866 πᾶν
1027 838 1060 865 τὸ
1074 838 1309 873 παρατιθέμενον
1324 838 1395 873 ὑμῖν
1419 838 1545 870 ἐσθίετε,
1571 837 1668 871 μηδὲν
1701 837 1774 865 dm-

149 887 316 921 κρίνοντες.

185 933 247 960 Ὅτι
271 933 366 968 φησὶν,
388 933 608 965 Ἀντιπίπτοντες
631 933 655 959 οἰ
681 933 735 960 ἀπὸ
755 932 880 960 Notati-nou
898 932 933 968 τῇ

1019 928 1163 957 Novatiani
1186 927 1362 963 explicationi
1375 927 1450 963 prius
1463 927 1538 955 allati
1547 927 1612 956 dicti
1624 935 1777 962 repugnan-

148 976 298 1009 ἀναπτύξει
310 977 358 1004 τοῦ
377 977 578 1013 προειρημένου
601 977 682 1013 ῥητοῦ
700 978 764 1013 περὶ
776 977 830 1003 τῶν
847 976 937 1003 δεύτε-

151 1031 198 1057 ρον
213 1022 412 1058 ἐπιζητούντων
425 1024 581 1059 βάπτισμα,
594 1025 678 1058 φασὶν
688 1025 718 1051 οὐ
735 1024 798 1059 περὶ
811 1024 938 1059 δευτέρου

151 1068 340 1103 βαπτίσματος
365 1069 446 1096 τοῦτο
471 1069 613 1106 είρῆσθαι’
637 1071 677 1101 εἰς
705 1071 848 1106 μετάνοιαν
872 1070 937 1106 γὰρ,

151 1113 234 1148 φασιν
247 1114 282 1146 ³⁷,
301 1113 403 1149 ἔφησεν
421 1114 646 1147 ἀνακαινίζεσθαι
667 1115 732 1147 τοὺς
755 1115 829 1148 ἅπαξ
851 1124 938 1150 φωτι-

152 1159 264 1192 σθέντας
280 1160 328 1186 καὶ
349 1160 560 1196 παραπεσόντας
582 1161 712 1188 ἀδύνατον
726 1159 806 1194 εἶναι,
821 1162 881 1197 οὐχὶ
900 1162 940 1194 εἰς

151 1204 306 1241 βάπτισμα·
321 1205 463 1241 βάπτισμα
478 1206 507 1233 δὲ
525 1207 573 1233 καὶ
587 1207 715 1242 μετάνοια
731 1208 818 1243 πάντη
832 1208 940 1244 διέστη-

151 1261 184 1279 κε
197 1260 205 1268 ·
227 1251 259 1278 τδ
275 1252 325 1287 μὲν
344 1252 398 1288 γὰρ
418 1251 508 1288 δωρεὰ
534 1253 582 1279 καὶ
597 1253 676 1288 χάρις
693 1253 751 1281 ἐστὶ
767 1254 815 1281 καὶ
842 1254 941 1289 ἄφεσις

151 1297 344 1334 ἀταλαίπωρος
368 1298 422 1325 τῶν
438 1299 652 1334 ἡμαρτημένων,
666 1300 683 1335 ἡ
698 1299 727 1326 δὲ
743 1300 872 1334 μετάνοια
890 1310 941 1328 κα-

154 1343 233 1379 μάτῳ
252 1343 301 1370 καὶ
314 1343 430 1380 δάκρυσι
453 1345 499 1371 καὶ
517 1345 586 1380 ἐλέῳ
593 1345 616 1362 ³⁸
635 1346 666 1372 τὸ
682 1346 782 1373 οἰκεῖον
796 1347 877 1382 ἔργον
893 1356 941 1373 πε-

153 1390 252 1426 ραίνει.
266 1389 345 1417 Οὕτω
369 1390 420 1426 μὲν
448 1391 547 1418 ἐκεῖνοί
562 1400 640 1426 φασι,
660 1393 706 1419 καὶ
719 1393 760 1420 ὃτι
772 1393 891 1428 οὐδαμοῦ
910 1393 942 1419 τὸ

153 1435 298 1471 βάπτισμα
312 1435 482 1471 καλούμενον
498 1436 615 1472 εὕρομεν
632 1437 825 1472 μετάνοιαν.¹0
843 1438 872 1465 δέ
888 1447 941 1473 φη-

153 1491 198 1510 σιν
206 1483 229 1499 ³⁹
244 1482 283 1515 ὡς
299 1483 323 1510 εί
337 1483 386 1510 καὶ
401 1482 485 1518 πολλὴ
499 1483 617 1519 διαφορὰ
635 1484 735 1519 μεταξὺ
754 1485 941 1520 βαπτίσματος

153 1528 234 1556 atat"
255 1529 409 1564 μετανοίας,
440 1529 497 1556 ἀλλ’
523 1527 570 1557 οὖν
595 1530 731 1557 δείκνυται
753 1531 794 1557 ὅτι
816 1530 866 1557 καὶ¹
888 1531 941 1565 πρὸ

153 1573 234 1601 τοῦδ¹
259 1574 446 1610 βαπτίσματος
466 1575 514 1602 καὶ
539 1575 610 1610 μετὰ
626 1576 656 1602 τὸ
682 1575 825 1611 βάπτισμα
840 1576 870 1603 τὸ
891 1578 941 1611 τῆς

155 1619 304 1655 μετανοίας
324 1618 411 1655 ὄνομα.
431 1619 685 1655 παραλαμϐάνεται.
710 1621 742 1648 Et
766 1621 820 1657 γάρ
839 1629 880 1653 τις
903 1621 940 1657 μὴ
953 1611 975 1642 C

154 1665 356 1700 ἁποτάξηται⁸³
373 1666 413 1701 τῷ
430 1666 555 1703 προτέρῳ
572 1667 631 1703 βίῳ,
659 1668 706 1694 καὶ
732 1668 872 1696 πολιτείαν
891 1669 941 1706 ἁρ-

157 1711 295 1746 μόζουσαν
318 1711 355 1747 τῷ
376 1713 463 1749 metu;
481 1713 535 1749 πρὸ
547 1713 694 1750 ὀῳθαλμῶν
710 1714 770 1751 θείη
784 1735 792 1748 ,
809 1716 858 1743 καὶ
870 1715 942 1743 οὕτω

155 1756 197 1792 τῷ
224 1757 393 1793 βαπτίσματι
422 1759 589 1795 προσέλθοι,
623 1761 712 1796 μάτην
747 1762 940 1798 προσέρχεται,

154 1803 354 1839 ἀμτανοήτως
364 1803 434 1840 ἔχων
450 1805 497 1832 ἐπὶ
505 1807 563 1838 τοῖς
575 1806 672 1842 πρώην
683 1807 759 1843 αὐτῷ
773 1816 944 1844 πεπονηρευ-

155 1849 262 1886 μένοις,
275 1850 324 1877 καὶ
338 1851 409 1886 πρὸς
426 1851 596 1887 ἐπιστροφὴν
609 1852 751 1888 ἀμείνονος
774 1853 832 1889 βίου
845 1854 944 1882 οὐδένα

154 1895 320 1930 ποιούμενος
347 1896 437 1930 λόγον.
460 1896 556 1929 οὕτως
578 1894 626 1924 οὖν
656 1898 680 1925 εί
705 1899 752 1926 καὶ
775 1898 903 1935 διάφορος
926 1900 944 1935 ἡ

155 1942 302 1978 μετάνοια,
328 1942 386 1969 ἀλλ’
406 1939 453 1970 οὖν
475 1943 521 1970 καὶ
540 1943 594 1979 πρὸ
616 1943 664 1971 τοῦ
683 1944 870 1980 βαπτίσματος
888 1945 945 1981 ἔχει

153 1987 251 2022 χώραν
268 1987 417 2015 ἐννοεῖσθαι
428 1988 475 2016 καὶ
495 1989 565 2023 μετὰ
580 1988 610 2015 τὸ
640 1988 792 2026 βάπτισμα.
807 1990 863 2026 Τὴν
880 1991 946 2025 γοῦν

156 2034 305 2068 μετάνοιαν
324 2034 376 2070 τὴν
397 2035 451 2070 πρὸ
476 2036 523 2062 τοῦ
547 2035 734 2072 βαπτίσματος
760 2037 892 2065 ἀδύνατον
915 2039 947 2065 ὲκ

153 2079 286 2114 δευτέρου
303 2079 370 2115 φησὶ
393 2081 664 2118 κατεργασθῆναι⁸³,
683 2082 724 2109 ὅτι
749 2082 817 2118 μηδὲ
842 2082 872 2109 τὸ
900 2082 948 2118 βά-

154 2133 266 2161 πτισμα
279 2125 391 2154 δυνατόν
403 2127 462 2154 ἐστι
485 2127 611 2164 δεύτερόν
627 2137 687 2155 τινα
710 2128 849 2162 δέξασθαι.
869 2129 947 2156 οὕτω

154 2173 205 2198 καὶ
217 2172 232 2198 ὁ
241 2172 264 2188 ⁵⁸
276 2172 402 2208 Ἰωάννης
416 2173 564 2209 βαπτίζων,
585 2175 629 2201 ὅτε
644 2175 691 2201 καὶ
705 2175 767 2206 τοὺς
780 2175 828 2202 τοῦ
844 2175 947 2211 Κυρίου

156 2218 286 2254 μαθητὰς
303 2219 444 2251 ἑϐάπτισε,
459 2220 550 2255 λέγει·
573 2221 644 2256 Ἐγὼ
656 2221 715 2256 μὲν
729 2221 807 2257 ὑμᾶς
817 2221 950 2254 βαπτίζω

988 981 1041 1009 tes,
1056 975 1090 1003 de
1103 976 1137 1003 iis
1150 975 1263 1010 intelligi
1279 978 1415 1008 asserunt,
1426 974 1472 1009 qui
1485 974 1635 1002 secundum
1644 974 1777 1009 baptisma

989 1023 1144 1059 requirunt,
1162 1030 1217 1049 non
1229 1028 1321 1049 autem
1338 1022 1371 1049 de
1388 1021 1512 1050 secundo
1531 1021 1706 1056 baptismate.
1722 1020 1776 1047 Im-

990 1069 1122 1105 possibile
1139 1069 1211 1096 enim
1227 1076 1287 1096 esse
1308 1068 1347 1095 ait
1368 1075 1415 1103 per
1436 1067 1624 1103 paenitentiam
1650 1067 1777 1094 renovari

989 1123 1048 1149 eos,
1066 1115 1113 1150 qui
1129 1115 1213 1142 semel
1228 1114 1375 1141 illuminati
1389 1114 1454 1146 sint,
1476 1118 1503 1141 et
1516 1117 1609 1149 postea
1627 1113 1706 1148 lapsi,
1722 1121 1778 1140 non

990 1166 1079 1190 autem
1097 1169 1145 1197 per
1154 1161 1302 1196 baptisma.
1319 1161 1475 1196 Baptismus
1486 1164 1576 1188 autem
1589 1167 1604 1187 a
1618 1160 1778 1195 pmnitentia

991 1208 1107 1236 multum
1123 1207 1223 1236 differt.
1242 1207 1399 1243 Baptismus
1425 1207 1498 1235 enim
1519 1207 1621 1234 donum
1639 1211 1666 1234 et
1691 1206 1777 1241 gratia

990 1259 1041 1287 est,
1060 1259 1088 1282 et
1102 1254 1166 1281 felix
1179 1258 1354 1289 peccatorum
1371 1253 1517 1286 remissio;
1540 1252 1700 1288 paenitentia
1714 1259 1779 1279 vero

991 1301 1180 1334 miseratione,
1197 1300 1343 1336 lacrymis,
1359 1306 1387 1328 et.
1406 1300 1501 1328 labore
1514 1307 1595 1327 suum
1619 1307 1688 1334 opus
1716 1307 1780 1334 per—

993 1348 1055 1383 agit.
1068 1347 1114 1375 Sic
1128 1347 1237 1382 quidem
1252 1347 1290 1374 illi
1305 1347 1420 1378 dicunt,
1443 1349 1471 1373 et
1486 1353 1623 1380 nusquam
1642 1345 1780 1380 baptisma

992 1393 1082 1421 vocari
1102 1392 1293 1428 paenitentiam
1323 1392 1464 1420 inveniri:
1482 1386 1555 1428 quod
1581 1399 1646 1419 vero
1673 1391 1779 1422 dicunt,

992 1439 1056 1466 licet
1070 1439 1188 1466 multum
1202 1438 1273 1466 inter
1293 1445 1322 1466 se
1336 1437 1491 1473 baptismus
1513 1441 1540 1465 et
1554 1437 1713 1472 paenitentia
1728 1436 1780 1464 dif—

992 1484 1090 1516 ferant,
1116 1483 1271 1511 ostenditur
1287 1488 1378 1511 tamen
1402 1486 1465 1510 ante
1485 1483 1640 1518 baptisma,
1667 1487 1694 1509 et
1720 1487 1782 1517 post

991 1529 1129 1565 baptisma
1145 1529 1312 1565 paenitentiae
1328 1536 1428 1557 nomen
1443 1529 1581 1564 usurpari.
1595 1528 1622 1556 Si
1632 1529 1694 1564 quis
1707 1529 1780 1555 enim

991 1576 1074 1611 priori
1089 1576 1152 1605 vitae
1171 1575 1270 1603 rationi
1280 1583 1333 1603 non
1349 1575 1497 1608 renuntiat,
1509 1579 1536 1603 et
1553 1575 1635 1602 vitam
1649 1583 1709 1610 qua:
1724 1582 1782 1602 cre-

992 1622 1065 1651 denti
1082 1622 1228 1651 conveniat
1243 1625 1306 1650 ante
1317 1621 1412 1650 oculos
1423 1621 1557 1656 posuerit,
1571 1621 1664 1657 sicque
1675 1622 1708 1649 ad
1722 1623 1783 1657 bar»

992 1670 1073 1697 tisma
1089 1668 1253 1702 accesserit,
1278 1668 1379 1696 frustra
1396 1668 1514 1701 accedit,
1530 1668 1564 1695 de
1579 1668 1717 1703 prioribus
1730 1668 1783 1695 im-

992 1716 1076 1751 probe
1091 1715 1169 1743 factis
1181 1722 1236 1743 non
1247 1714 1416 1750 paenitendo,
1429 1718 1457 1742 et
1477 1714 1666 1742 conversionis
1679 1714 1740 1742 vitae
1754 1715 1781 1742 in

993 1760 1090 1788 melius
1101 1759 1201 1787 nullam
1209 1759 1343 1786 rationem
1353 1758 1488 1786 habendo.
1496 1758 1541 1786 Sic
1549 1758 1641 1794 igitur,
1651 1758 1701 1786 etsi
1708 1759 1784 1786 varia

993 1811 1035 1835 est
1048 1805 1220 1842 paenitentia,
1235 1809 1327 1832 tamen
1341 1809 1404 1832 ante
1413 1804 1581 1839 baptismum
1594 1804 1678 1832 habet
1692 1804 1783 1832 locum

994 1851 1222 1880 considerationis
1234 1871 1242 1884 ,
1270 1853 1298 1879 et
1317 1854 1381 1886 post
1396 1850 1577 1885 baptismum.
1591 1850 1783 1879 Pcenitentiam

995 1897 1089 1934 igitur,
1105 1904 1165 1932 quae
1181 1896 1318 1932 baptisma
1334 1896 1473 1932 praecedit,
1492 1896 1664 1931 impossibile
1679 1900 1730 1929 est,
1744 1896 1785 1923 in-

995 1944 1065 1979 quit,
1085 1944 1195 1975 iterare,
1220 1943 1285 1978 quia
1301 1942 1437 1977 baptisma
1462 1950 1542 1970 nemo
1557 1947 1648 1978 potest
1663 1938 1801 1970 secundo

996 1989 1132 2023 accipere.
1146 1987 1192 2015 Sic
1206 1992 1232 2015 et
1248 1987 1370 2015 Joannes
1387 1987 1541 2023 baptizans,
1559 1988 1669 2022 quando
1684 1987 1785 2015 Christi

996 2034 1146 2069 discipulos
1162 2034 1292 2068 baptizat,
1307 2033 1375 2061 dicit
1390 2042 1398 2060 :
1417 2033 1473 2068 Ego
1488 2033 1593 2068 quidem
1612 2042 1656 2061 vos
1682 2034 1787 2066 baptizo

996 2081 1024 2108 in
1046 2088 1117 2115 aqua
1131 2084 1143 2099 ο
1159 2079 1193 2107 ad
1210 2079 1420 2114 paenitentiam;
1439 2083 1466 2106 ct
1477 2079 1574 2106 iterum
1589 2088 1596 2106 :
1609 2078 1703 2106 Facite
1716 2078 1788 2106 vobis

998 2127 1101 2163 {ructus
1130 2127 1223 2163 dignos
1245 2126 1406 2161 pwnitentiaz
1420 2125 1445 2158 ἀ,
1476 2125 1600 2153 videlicet
1621 2126 1788 2160 paenitentiae

998 2181 1047 2209 per
1061 2173 1237 2208 baptismum.
1253 2173 1286 2200 Et
1307 2172 1479 2208 coryphmus,
1504 2172 1608 2207 inquit,
1624 2171 1727 2200 .ludaeis
1751 2172 1789 2200 lo-

1000 2228 1087 2255 quens
1103 2222 1136 2247 de
1150 2219 1196 2252 iis,
1211 2227 1272 2255 quae
1288 2219 1314 2246 in
1328 2218 1468 2246 Christum
1483 2223 1578 2246 contra
1596 2219 1680 2254 legem
1700 2218 1789 2246 admi-

153 2265 193 2291 ἐν
214 2265 303 2293 ὕδατι
327 2267 367 2297 εἰς
395 2267 556 2301 μετάνοιαν,
586 2269 634 2294 καὶ
659 2268 739 2295 πάλιν
762 2270 819 2300 τοῖς
841 2268 942 2304 ὅχλοις¹

1001 2267 1103 2295 sissent
1113 2276 1120 2294 :
1129 2267 1239 2302 quando
1248 2266 1404 2301 compuncti
1414 2266 1537 2293 doctrina
1551 2265 1696 2293 dixerunt:
1708 2265 1788 2299 Quid,

154 2311 311 2346 Ποιήσατε
329 2311 401 2347 ἡμῖν
417 2314 552 2347 καρποὺς
567 2313 674 2347 ἀξίους
696 2314 751 2349 τῆς
775 2314 947 2349 μετανοίας,

153 2357 282 2391 δηλονότι
303 2358 353 2393 τῆς
374 2359 435 2386 κατ’
450 2360 527 2392 αὐτὸ,
546 2361 622 2396 φησὶ,
647 2361 679 2387 τὸ
703 2360 845 2396 βάπτισμα
866 2370 950 2396 μετα-

154 2404 246 2435 νοὶας.
260 2404 317 2431 Καὶ
331 2405 346 2431 ό
361 2407 520 2441 κορυφαῖος,
534 2407 612 2441 φησὶ,
625 2407 682 2439 τοῖς
704 2407 840 2438 Ἰουδαίοις
853 2408 875 2423 ⁸⁸
890 2408 950 2434 δια-

154 2449 308 2484 λεγόμενος
320 2450 385 2486 περὶ
398 2451 453 2477 τῶν
476 2451 517 2482 εἰς
540 2452 659 2487 Χριστὸν
676 2452 769 2484 αὐτοῖς
783 2461 947 2488 παρανομη-

154 2495 280 2528 θέντων,
305 2495 351 2522 ὅτε
365 2496 564 2530 κατανυγέντες
585 2498 619 2532 τῇ
637 2497 795 2533 διδασκαλίᾳ
809 2495 903 2525 εἶπον·
919 2498 953 2525 Τί

154 2541 340 2576 ποιήσομεν,
349 2541 457 2576 ἄνδρες
466 2542 594 2577 ἀδελφοί
602 2552 612 2576 ;
624 2543 675 2578 ἔφη
685 2544 788 2577 αὐτοῖς,
798 2544 950 2578 Μετανοή-

152 2594 245 2620 σατε,
265 2587 318 2614 καὶ
332 2588 530 2622 βαπτισθήτω
540 2589 669 2623 ἕκαστος
683 2589 767 2625 ὑμῶν
781 2590 816 2617 ἐν
831 2590 871 2623 τῷ
884 2591 950 2618 ὀνό-

1000 2313 1100 2348 inquit,
1116 2313 1255 2346 faciemus,
1267 2313 1318 2340 viri
1331 2313 1430 2347 fratres
1444 2313 1456 2339 .7
1475 2311 1672 2344 Paenitentiam,
1689 2312 1788 2347 inquit,

999 2360 1081 2394 agite,
1093 2363 1118 2386 et
1134 2359 1283 2394 baptizatur
1296 2359 1475 2394 unusquisque
1491 2362 1608 2385 vestrum
1631 2358 1660 2385 in
1687 2359 1791 2385 nomine

999 2406 1103 2440 Patris,
1115 2411 1141 2433 et
1152 2405 1228 2438 Filii,
1238 2409 1263 2433 et
1274 2404 1392 2439 Spiritus
1406 2405 1492 2432 sancti
1506 2410 1530 2437 υ,
1539 2409 1566 2432 et
1577 2408 1686 2432 caetera.
1702 2404 1792 2438 Quare

1001 2452 1167 2488 paenitentia:
1185 2459 1237 2478 vox
1253 2451 1320 2478 nihil
1337 2459 1434 2478 eorum
1450 2458 1511 2486 qua:
1524 2451 1680 2484 voluerunt,
1697 2451 1793 2478 tribuit

1002 2498 1174 2526 Novatianis.
1189 2497 1267 2530 Quod
1282 2497 1387 2525 dictum
1400 2502 1442 2524 est
1460 2505 1476 2524 a
1496 2497 1610 2525 Simone
1626 2495 1703 2532 Mago
1714 2504 1793 2531 cory-

1003 2545 1082 2580 phaao
1093 2543 1176 2571 Petro
1191 2537 1199 2571 ἑ
1215 2542 1366 2570 Precamini
1383 2552 1426 2570 vos
1442 2551 1489 2578 pro
1503 2552 1542 2570 me
1556 2542 1626 2578 apud
1640 2542 1725 2569 Deum
1735 2563 1743 2576 ,
1766 2546 1794 2568 ut

1004 2591 1071 2618 nihil
1087 2590 1173 2617 veniat
1195 2597 1274 2625 super
1298 2597 1338 2616 mc
1364 2589 1457 2616 horum
1480 2598 1539 2625 qua:
1567 2589 1674 2616 dixistis
1691 2588 1712 2622 ί,
1740 2595 1794 2614 non

194 2651 208 2665 ²
226 2645 324 2686 Matth.
340 2654 369 2680 x,
384 2646 428 2675 Η.
465 2653 478 2668 ει
490 2646 556 2675 Luc.
572 2655 600 2680 κ,
618 2646 643 2674 ϐ.
682 2647 697 2686 1f
715 2647 724 2674 l
740 2647 803 2675 Cor.
821 2655 849 2680 Χ,
862 2647 906 2675 52.

993 2648 1071 2676 latth.
1091 2655 1134 2681 in,
1150 2646 1193 2674 il.
1232 2647 1245 2666 ιι
1264 2646 1331 2675 Luc.
1349 2656 1398 2681 ιιι,
1422 2648 1448 2675 8.
1468 2653 1479 2667 ε
1497 2648 1557 2675 Act.
1573 2656 1603 2680 ιι,
1620 2647 1666 2674 28.
1706 2645 1717 2665 ί
1733 2646 1793 2677 Act,

150 2690 218 2716 vui,
244 2681 292 2710 24.

214 2796 238 2812 ³⁷⁵
254 2795 359 2831 ταύτην
384 2795 435 2831 τήν
461 2797 504 2824 B:
521 2797 571 2831 τὴν
593 2796 722 2831 τοιαύτην
742 2805 772 2828 ς.

817 2737 940 2765 νΑΒιᾸέο
949 2737 1150 2766 LECTIONES.

828 2796 851 2813 ³⁵
866 2797 966 2836 ἕτερον⁸
984 2797 1005 2822 Β
1029 2806 1035 2823 :
1053 2797 1178 2836 55:):1390‘)
1207 2807 1238 2830 ς.
1294 2797 1318 2813 ³⁸
1337 2797 1465 2836 νίψασθαι
1494 2796 1556 2836 add:
1575 2796 1605 2822 Β.
1661 2795 1682 2811 ³⁷
1700 2795 1794 2836 φασίν]

1132 2831 1243 2868 Ξφασιν
1272 2842 1302 2865 ς.
1337 2831 1425 2859 "uati.
1449 2837 1510 2868 post
1538 2831 1672 2868 βαπτηοι
1707 2831 1792 2868 ξδ’-τοῦ

919 2868 940 2884 ’⁵³
960 2865 1180 2904 κατεργασθῆναι
1210 2869 1230 2894 Β
1250 2878 1255 2896 :
1285 2865 1508 2904 κατεργάσασθαι
1527 2873 1556 2897 ς.
1613 2865 1635 2880 ⁸⁸
1653 2867 1668 2892 ὀ
1682 2866 1745 2894 add.
1760 2867 1791 2894 Β.

154 2831 224 2867 libri
240 2831 334 2867 φησιν.
373 2831 397 2847 ³⁸
409 2831 477 2866 ἐλέῳ
493 2832 539 2859 καὶ
555 2832 669 2867 δάκρυσι
682 2833 729 2858 καὶ
745 2831 861 2867 καμάτῳ
878 2831 919 2864 cf
945 2832 967 2848 "
986 2841 1068 2867 φησιν
1088 2834 1108 2859 Β

156 2864 224 2895 add.
246 2864 287 2894 Β.
343 2867 367 2884 ⁸¹
387 2864 556 2902 ἁποτᾶξηται
579 2864 621 2894 ΒῈ
642 2864 805 2899 ἀποτάξεται
831 2864 862 2899 δέ.

158 2902 185 2918 ⁵⁸
205 2902 343 2935 Ἰουδαίοις
359 2903 381 2929 Β
399 2911 404 2928 :
423 2903 580 2934 ἀποστόλοις
594 2911 623 2934 ς.
