1959 3081
188 190 242 224 339

761 192 892 224 PHOTII
906 193 1156 226 PATRIARCH/E
1173 194 1226 223 CP.

1751 192 1802 224 34')

186 253 255 281 erat,
273 248 372 283 inquit,
390 249 576 284 paenitentiae,
592 256 641 276 nec
654 257 686 276 cx
700 248 810 276 aﬁ‘eetu.
824 249 891 276 Nam
909 257 970 284 pre-

1022 254 1089 285 μᾱῖι
1114 250 1246 284 Ἰησοῦιε
1270 249 1408 284 Χριστοῦ,
1432 249 1479 276 καὶ
1501 248 1572 281 ἑξῆς.
1596 248 1659 284 [883
1672 247 1718 284 IL]
1743 250 1801 276 Καὶ

185 293 238 321 cati
252 297 352 325 essent,
368 299 395 321 et
411 295 518 322 veniam
542 294 690 322 dedissent.
705 293 779 322 Vidit
800 301 866 322 vero
882 295 968 328 magis

187 340 294 371 Petrus,
310 339 414 374 Spiritu
426 345 520 367 sancto
532 340 678 370 revelante,
692 344 807 366 mentem
818 340 891 367 illius
905 340 970 368 sub-

186 385 376 413 sannatiouem
393 393 453 413 esse
470 390 496 412 et
511 385 644 413 fraudem.
663 385 758 421 550’)
783 385 823 412 An
839 386 968 420 ignoratis

186 430 248 466 quia
264 431 412 465 quicunque
426 430 555 464 baptizati
573 438 664 457 sumus
682 430 710 456 in
727 430 833 456 Christo
851 429 925 462 Jcsu,
942 430 969 457 in

186 479 270 502 morte
297 475 381 509 ipsius
405 474 532 509 baptizati
553 483 644 501 sumus
658 475 695 500 κζ)
726 475 755 502 In
780 475 889 502 Christo
903 475 967 502 Jesu

186 521 320 556 baptizari
335 521 480 555 signiﬁcat.
502 519 652 547 secundum
670 525 832 555 praeceptum
860 525 887 548 et
912 525 969 547 tra-

185 567 316 594 ditionem
333 565 398 594 Jesu
418 566 519 594 Christi
536 566 667 600 baptizari
687 575 693 592 :
713 567 765 593 hoc
778 570 818 594 est
831 566 858 593 in
878 565 968 598 Patre,

184 617 212 640 et
224 612 310 644 Filio,
324 617 352 640 et
365 611 467 647 Spiritu
484 617 580 640 sancto
596 621 603 644 ;
622 612 685 639 illud
699 616 790 639 autem
807 622 815 640 :
832 611 866 639 In
888 617 970 639 morte

183 657 268 693 ipsius
282 677 290 690 ,
315 661 378 692 typo
395 658 615 685 demonstrantes
633 658 660 684 in
676 657 840 692 baptismate
856 662 968 685 mortem

183 703 255 738 ejus.
278 703 354 736 Quod
372 703 514 738 proferunt
530 702 674 730 Novatiani
692 712 699 730 :
724 703 878 730 Voluntarie
899 704 969 730 enim

183 749 353 784 peccantibus
375 749 450 776 nobis
473 754 531 784 post
550 754 684 784 acceptam
699 750 822 776 notitiam
838 750 968 780 veritatis.

179 795 239 828 jam
254 802 306 821 non
325 794 482 830 relinquitur
499 803 547 830 pro
571 795 685 829 peccatis
707 795 814 828 hostia,
841 794 968 821 terribilis

185 844 274 866 autent
292 839 413 874 qutedam
428 840 590 874 exspectatio
602 839 700 874 judicii
711 840 737 873 ὶι,
748 844 800 867 etc.
818 839 876 867 Hoc
887 839 969 874 igitur

185 885 288 912 dictum
305 885 338 912 ad
354 885 499 913 tollendam
516 885 705 920 paenitentiam
723 885 856 919 prolatum
870 885 969 912 dissol-

1023 297 1107 332 μυρία
1127 297 1205 324 ἄλλα.
1223 297 1306 323 Ὥστε
1322 297 1339 331 ἡ
1356 296 1406 330 τῆς
1422 295 1569 330 μετανοίας
1584 295 1656 327 λέξις
1672 295 1747 322 οὐδὲν
1766 293 1804 323 ὦν

1021 341 1162 368 ἐϐούλοντο
1175 342 1265 368 δίδωσι
1280 342 1336 373 τοῖς
1346 341 1537 372 Ναυατιανοῖς.
1548 341 1610 367 Ὀτι
1623 341 1653 366 τὸ
1669 341 1745 375 παρὰ
1758 341 1805 368 τοῦ

1021 387 1141 422 Σίμωνος
1152 386 1197 413 τοῦ
1207 387 1229 402 ⁵⁷
1240 386 1336 419 Μάγου
1351 386 1492 421 εἰρημένον
1503 386 1540 420 τῷ
1548 385 1689 420 κορυφαίῳ
1698 386 1802 421 Πέτρῳ·

1019 432 1145 466 Δεήθητε
1156 431 1212 460 οὖν
1223 432 1306 467 ὑμεῖς
1320 432 1396 466 ὑπὲρ
1406 429 1491 466 ἐμοῦ,
1501 431 1580 464 ὅπως
1589 431 1685 465 μηδὲν
1694 431 1805 466 ἐπέλθῃ

1018 487 1067 513 μοι
1080 475 1123 505 ὧν
1134 478 1283 512 εἰρήκατε,
1307 478 1357 504 οὒκ
1371 476 1406 513 ἦν
1423 477 1576 512 μετανοίας,
1593 477 1684 511 φησὶν.
1700 477 1760 503 οὐδὲ
1774 478 1806 503 ἐκ

1019 524 1164 556 διαθέσεως
1174 532 1180 538 ·
1195 522 1213 560 ἦ
1231 523 1286 559 γὰρ
1299 523 1332 551 ἂν
1348 524 1395 550 καὶ
1412 523 1561 558 ἐδεήθησαν
1576 523 1623 550 καὶ
1639 522 1803 558 συγγνώμης

1022 569 1187 604 μετέδωκαν.
1204 569 1286 599 Εἰδὼς
1302 569 1330 595 δὲ
1347 568 1446 603 μᾶλλον
1461 568 1490 600 ἐξ
1507 568 1585 600 ἁγίου
1599 568 1757 603 Πνεύματος
1769 568 1805 594 τὰ

1019 613 1069 648 τῆς
1084 612 1165 639 αὐτοῦ
1178 612 1297 644 διανοίας
1309 613 1322 639 ό
1337 612 1451 648 Πέτρος,
1466 613 1504 644 ὡς
1517 613 1616 648 χλεύης
1627 613 1675 639 καὶ
1695 613 1804 648 ἀπάτης

1019 658 1054 684 τὰ
1082 654 1185 684 ἐκείνου
1211 658 1370 693 παρέδραμε
1396 659 1516 693 ῥήματα.
1534 659 1594 685 ’Ὁτι
1614 658 1674 685 τοῦ·
1693 659 1731 686 ’Ἡ
1751 659 1804 693 ἀγ-

1018 704 1114 731 νοεῖτε
1133 704 1187 736 ὄτι,
1210 704 1277 730 ὅσοι
1290 704 1524 739 ’ἐϐαπτίσθημεν
1541 705 1586 736 εις
1602 703 1731 737 Χριστὸν
1749 704 1805 736 Ἰη-

1019 750 1107 781 σοῦν,
1121 750 1165 782 είς
1183 749 1237 776 τὸν
1252 749 1381 776 θάνατον
1398 749 1492 776 αὑτοῦ
1509 749 1755 786 ’ὲϐαπτίσθημξν;
1773 748 1805 774 τὸ

1020 795 1069 831 μὲν
1082 796 1121 827 είς
1136 795 1252 831 Χριστὸν
1270 794 1371 830 Ἰησοῦν
1387 794 1569 830 βαπτισθῆναι
1584 794 1713 829 σημαίνοι
1725 794 1758 821 ἂν
1771 794 1804 820 τὸ

1019 841 1090 869 κατὰ
1112 841 1160 877 τὴν
1177 841 1287 878 ἐντολὴν
1312 841 1358 868 καὶ
1372 841 1520 876 παράδοσιν
1539 840 1586 866 τοῦ
1611 840 1729 876 Χριστοῦ
1748 841 1798 874 ’1η-

1024 888 1070 915 σοῦ
1099 888 1288 923 βαπτισθῆναι,
1307 887 1446 914 τουτέστιν
1466 887 1506 918 είς
1531 887 1641 921 Πατέρα
1664 887 1712 913 καὶ
1735 886 1799 913 ne»

184 931 269 963 vitur,
283 939 345 959 cum
357 932 409 965 ait;
423 932 466 958 hic
478 939 531 958 non
543 931 705 966 simpliciter
720 931 882 959 sacriﬁcium
897 938 970 958 amo-

1022 935 1101 971 [1609
1118 934 1163 970 IL]
1180 934 1227 960 καὶ
1242 932 1319 967 ἅγιον
1331 932 1453 968 Πνεῦμα,
1469 933 1500 959 τὸ
1512 932 1541 958 δὲ
1554 933 1596 965 είς
1607 933 1662 959 τὸν
1675 931 1805 959 θάνατον

185 981 240 1008 vel,
256 978 302 1004 sed
322 977 388 1012 legis
404 976 567 1004 sacriﬁcium
584 986 590 1004 :
606 982 632 1004 et
648 985 702 1004 non
715 977 874 1011 simpliciter
885 977 969 1004 inter-

184 1023 262 1055 dicit,
282 1024 328 1050 sed
344 1028 369 1050 et
383 1023 518 1058 judicium
533 1024 657 1050 ultimum
674 1023 706 1050 iis
717 1023 910 1053 comminatur.
923 1023 970 1058 qui

184 1073 247 1103 post
264 1069 429 1104 agnitionem
444 1069 577 1099 veritatis.
594 1075 620 1096 et
633 1069 740 1104 mystici
760 1068 885 1096 sacriﬁcii
901 1068 953 1096 frui
964 1083 971 1089 -

185 1117 299 1148 tionem,
321 1116 355 1143 ad
375 1115 442 1143 illud
458 1115 543 1150 legale
558 1123 605 1150 per
619 1116 720 1143 vitulos
734 1120 761 1143 et
775 1122 869 1143 tauros
885 1115 970 1142 sacri-

184 1161 277 1188 ﬁcium
302 1166 486 1189 revertuntur.
515 1160 578 1189 Haec
601 1161 714 1189 dicendo
740 1161 778 1189 ait
810 1161 970 1196 Apostolum

186 1214 303 1235 avocare
318 1212 446 1235 conatum
458 1207 576 1240 Judaeos,
591 1207 636 1242 qui
660 1207 717 1243 jam
740 1207 852 1235 Christo
877 1215 906 1235 se
920 1207 971 1234 ad-

181 1253 351 1289 junxerant,
375 1253 409 1280 ab
425 1253 616 1281 observatione
642 1253 720 1288 legis.
736 1253 970 1286 Quemadmodum

184 1307 250 1335 ergo
273 1303 348 1327 vetat
371 1307 418 1327 eos
443 1300 610 1335 baptismata
642 1300 709 1333 legis
738 1300 868 1335 exsequi,
893 1299 932 1327 sic
946 1304 972 1327 et

184 1348 299 1372 cruenta
314 1344 459 1372 sacriﬁcia.
474 1345 581 1372 Etenim
594 1343 679 1372 Judaei
695 1345 721 1372 in
734 1350 877 1380 peccatum
893 1345 970 1379 lapsi.

184 1392 304 1428 primum
322 1391 432 1426 quidem
444 1392 670 1427 purilicabantur,
687 1393 784 1420 deinde
795 1400 865 1428 aqua
880 1392 972 1420 ablue-

185 1439 286 1467 bantur
301 1448 308 1466 :
323 1439 440 1474 denique
456 1439 606 1466 oﬁ‘erebant
627 1439 752 1467 victimas
771 1447 819 1473 ι)ηο
841 1440 970 1475 peccatis,

185 1493 201 1513 a
220 1486 321 1521 quibus
339 1492 459 1513 avocans
477 1485 538 1513 illos
553 1485 711 1521 Apostolus,
729 1486 865 1514 terribiles
883 1486 972 1515 minas

183 1531 270 1560 aﬂ'ert.
291 1531 396 1558 Etenim
411 1532 554 1566 oportebat
567 1539 631 1559 vera
647 1532 756 1559 victima
770 1532 854 1559 semel
867 1532 895 1559 in
906 1540 972 1560 con-

185 1576 370 1604 summatione
386 1576 550 1604 seculorum
567 1584 618 1611 pro
634 1578 751 1611 peccatis
766 1577 856 1604 oblata
869 1597 876 1610 ,
896 1578 971 1604 vide-
985 1596 1006 1624 ο

185 1624 246 1652 licet
258 1624 336 1660 Agno
348 1624 393 1651 Dei
411 1623 521 1651 tollente
535 1629 675 1659 peceatum
688 1624 782 1651 mundi
797 1625 899 1656 occiso,
914 1632 968 1652 non

185 1670 303 1705 amplius
319 1669 423 1705 reliqua
435 1677 507 1702 esse,
523 1670 570 1697 sed
583 1670 695 1697 omnino
704 1677 811 1698 cessare
825 1671 910 1698 multa
926 1671 971 1697 illa

184 1721 212 1743 et
244 1716 332 1752 typica
360 1716 493 1743 sacriﬁcia
521 1723 569 1750 pro
597 1721 770 1749 peccatorum
804 1716 969 1750 expiatione.

185 1761 258 1788 Fieri
274 1761 346 1789 enim
364 1769 417 1788 non
429 1766 539 1796 potest,
567 1761 796 1795 quemadmodum
815 1762 885 1788 idem
897 1761 970 1796 Apo-

186 1807 274 1835 stolus
285 1807 335 1838 ait,
352 1811 381 1833 ut
396 1807 495 1834 iterum
509 1806 622 1841 sanguis
634 1810 776 1834 taurorum
790 1811 817 1834 et
831 1807 970 1834 hircorum

185 1853 263 1881 tollat
279 1858 400 1888 peccata,
419 1859 482 1880 eum
497 1852 580 1880 semel
600 1853 694 1888 Agnus
723 1853 771 1880 Dei
790 1853 898 1881 oblatus
924 1854 969 1881 sit.

185 1899 245 1928 Una
265 1900 338 1927 enim
366 1899 514 1931 oblatione.
530 1899 630 1935 inquit,
646 1900 848 1927 consummavit
870 1901 896 1928 in
912 1909 972 1928 om-

183 1955 246 1975 nem
263 1947 471 1982 perpetuitatem
490 1954 537 1975 eos
561 1947 609 1982 qui
624 1946 832 1975 sanctiﬁcantur
854 1956 861 1974 :
886 1955 970 1983 quem

185 1993 267 2028 igitur
281 1992 315 2019 ad
328 1992 439 2019 modum
457 1991 627 2027 impossibile
639 1991 719 2023 dixit,
734 1992 894 2027 sanguinem
911 1992 971 2019 hir-

184 2045 278 2066 corum
301 2042 328 2065 et
358 2043 499 2065 taurorum
528 2038 637 2065 auferre
659 2042 771 2072 peccata
794 2037 906 2070 mundi,
938 2038 972 2065 ad

186 2085 312 2112 eumdem
327 2085 438 2111 modum
450 2089 477 2112 et
491 2084 634 2119 sequentia
647 2084 714 2112 dicit
728 2093 735 2111 :
753 2084 902 2111 Voluntan'e
917 2092 974 2118 pec-

185 2130 306 2157 cantibus
325 2130 398 2157 nobis
414 2135 472 2165 post
490 2130 615 2167 nqtitiam
629 2130 749 2157 veritatis
760 2149 768 2161 ,
788 2130 847 2164 jam
864 2138 916 2157 non
931 2138 973 2157 re-

186 2175 316 2210 linquitur
331 2183 377 2210 pra
393 2177 507 2211 peccatis
522 2176 608 2203 hostia
623 2176 646 2208 ί,
657 2181 710 2203 etc.
728 2176 834 2203 Etenim
853 2181 973 2203 tremen—

186 2221 250 2264 dum
262 2222 426 2250 sacriﬁcium
441 2222 564 2257 corporis
575 2221 634 2254 Dei,
651 2222 723 2257 quod
737 2230 752 2249 a
766 2222 846 2250 nobis
863 2223 973 2257 perﬁci-

1021 979 1124 1012 αὑτοῦ,
1134 979 1256 1006 τουτέστι
1270 978 1418 1010 τυποῦντες
1430 979 1458 1004 ὲν
1472 977 1510 1012 τῷ
1523 977 1691 1013 βαπτίσματι
1700 977 1745 1004 τὸν
1753 977 1804 1004 θά-

1021 1035 1099 1054 νατον
1116 1024 1198 1053 αὑτοῦ
1208 1024 1240 1052 ⁵⁸.
1256 1024 1319 1051 Ὅτι
1334 1023 1543 1060 προτεινόμενον
1557 1022 1633 1058 παρὰ
1645 1024 1700 1053 τοῖς
1711 1022 1803 1049 Ναυα-

1020 1073 1120 1104 τιανοῖς
1133 1072 1164 1098 τό
1177 1079 1183 1086 ·
1206 1070 1366 1103 Ἑκουσίως
1390 1069 1446 1104 γὰρ
1469 1068 1553 1104 ἡμῶν
1575 1068 1805 1103 ἁμαρτανόντων

1018 1118 1094 1153 μετὰ
1118 1117 1151 1144 τὸ
1176 1117 1278 1144 λαϐεῖν
1295 1116 1351 1150 τὴν
1376 1115 1539 1150 ἐπίγνωσιν
1553 1114 1609 1148 τῆς
1633 1113 1803 1150 [μετανοίας

1021 1164 1081 1200 καὶ]
1097 1165 1249 1198 ἀληθείας,
1266 1163 1364 1190 οὐκέτι
1379 1162 1446 1197 περὶ
1467 1162 1617 1196 ἁμαρτιῶν
1644 1162 1804 1189 ὑπολείπε-

1021 1220 1068 1238 ται
1086 1210 1187 1242 θυσία,
1202 1209 1312 1244 φοϐερὰ
1326 1209 1359 1235 δέ
1374 1217 1415 1241 τις
1428 1208 1539 1242 ἐκδοχὴ
1555 1206 1756 1242 κρίσεως-,ῖκαὶ
1769 1206 1805 1233 τὰ

1022 1257 1097 1291 ἑξῆς,
1114 1256 1194 1283 τοῦτο
1215 1252 1261 1282 οὖν
1277 1254 1308 1281 τὸ
1323 1255 1404 1290 ρητδν
1421 1254 1460 1289 είς
1481 1253 1621 1289 ἀναίρεσιν
1645 1253 1697 1288 τῆς
1721 1260 1805 1287 μετα-

1022 1304 1095 1334 νοίας
1115 1301 1333 1338 προϐαλλόμενον
1355 1300 1505 1332 ὲπιλύεται,
1530 1299 1577 1326 καί
1601 1307 1683 1334 φησιν
1704 1298 1745 1325 ὅτι
1762 1299 1807 1324 ὲν-

1022 1348 1110 1377 ταῦθα
1126 1348 1175 1382 οὐχ
1188 1346 1282 1378 ἁπλῶς
1297 1345 1393 1373 Θυσίαν
1417 1345 1577 1380 ἀποτρέπει,
1601 1343 1671 1371 ἀλλὰ
1691 1343 1806 1379 νομικὴν

1023 1395 1129 1426 θυσίαν,
1142 1394 1190 1420 καὶ
1205 1393 1254 1428 οὐχ
1272 1392 1364 1424 ἁπλῶς
1377 1391 1555 1426 ἀπαγορεύει,
1573 1390 1641 1417 ἀλλά
1653 1390 1700 1416 καὶ
1714 1389 1807 1425 κρίσιν

1023 1441 1140 1476 ἐσχάτην
1160 1440 1267 1468 ἀπειλεῖ
1283 1441 1340 1471 τοῖς
1358 1438 1428 1474 μετὰ
1444 1439 1492 1474 τὴν
1507 1437 1657 1472 ἐπίγνωσιν
1670 1436 1721 1472 τῆς
1739 1435 1808 1471 ἀλη-

1023 1489 1098 1520 θείας
1114 1487 1224 1521 καὶτῆς
1247 1485 1382 1521 μυστικῆς
1406 1484 1503 1516 Θυσίας
1526 1483 1576 1519 τὴν
1601 1483 1750 1510 ἀπόλαυσιν
1765 1482 1808 1513 είς

1023 1533 1131 1568 ἐκείνην
1142 1531 1191 1567 τὴν
1200 1531 1326 1566 νομικὴν,
1335 1530 1383 1565 τὴν
1398 1529 1442 1556 διὰ
1459 1528 1568 1564 μόσχων
1582 1529 1629 1555 καὶ
1640 1526 1747 1562 ταύρων
1761 1535 1807 1554 τε-

1023 1579 1167 1614 λουμένην,
1183 1576 1336 1604 ὲπανιοῦσι.
1351 1575 1436 1602 Τοῦτο
1461 1575 1551 1609 λέγειν
1572 1574 1640 1609 φησὶ
1657 1574 1704 1601 τὸν
1724 1573 1807 1600 Ἀπό-

1025 1625 1117 1652 στολον
1151 1625 1268 1660 ἁτιστᾷν
1293 1622 1442 1650 σπεύδοντα
1468 1622 1531 1653 τοὺς
1566 1621 1730 1654 Ἰουδαίους,
1755 1619 1807 1656 ἤδη

1024 1671 1135 1709 Χριστῷ
1150 1670 1395 1707 προσεληλυθότας,
1410 1669 1464 1696 ἀπὸ
1478 1670 1528 1704 τῆς
1541 1668 1659 1704 νομικῆς
1680 1675 1808 1702 παρατη-

1025 1720 1141 1755 ρήσεως.
1158 1719 1262 1753 Ὥσπερ
1283 1715 1330 1744 οὖν
1343 1717 1376 1743 τὰ
1391 1716 1490 1751 νομικὰ
1511 1715 1688 1750 βαπτίσματα
1707 1713 1808 1740 κωλύει.

1024 1765 1137 1797 τούτους
1151 1764 1297 1796 ἐπιτελεῖν,
1319 1762 1390 1789 οὕτω
1412 1762 1459 1789 καὶ
1482 1762 1532 1794 τὰς
1556 1761 1684 1796 ἐναίμους
1700 1759 1807 1792 θυσίας.

1024 1811 1080 1838 Καὶ
1093 1811 1147 1846 γὰρ
1163 1811 1194 1837 τὸ
1211 1809 1344 1845 Ἐὁραίων
1357 1808 1434 1842 γένος
1457 1808 1657 1844 ἁμαρτάνοντες
1674 1806 1809 1842 πρότερον

1027 1857 1076 1892 μὲν
1100 1855 1252 1891 ὴγνίζοντο,
1269 1853 1328 1882 εἶτα
1353 1853 1536 1889 βαπτίσμασιν
1560 1851 1734 1883 ἀπελούοντο,
1760 1851 1810 1877 καὶ

1024 1902 1117 1928 λοιπὸν
1128 1901 1177 1936 ἤδη
1191 1900 1240 1932 τὰς
1254 1900 1323 1935 ὑπὲρ
1334 1899 1388 1926 τῶν
1399 1898 1601 1934 ἡμαρτημένων
1615 1896 1711 1927 θυσίας
1724 1903 1811 1931 προσ-

1025 1948 1133 1983 έφερον.
1149 1944 1200 1973 Ὧν
1223 1947 1322 1978 αὐτοὺς
1342 1946 1456 1979 ἀπάγων
1476 1945 1490 1970 ὁ
1511 1943 1674 1974 ’Λπόστολος
1694 1942 1741 1969 καὶ
1757 1941 1808 1976 τὴν

1024 1993 1139 2028 ἀπειλὴν
1161 1992 1280 2028 φοῦεράν
1296 1992 1443 2026 ἐπήνεγκε.
1464 1990 1519 2016 Καὶ
1534 1989 1588 2024 γὰρ
1604 1988 1657 2015 ἔδει
1679 1987 1728 2022 τῆς
1744 1987 1811 2021 ἀλη-

1026 2041 1102 2075 θινῆς
1127 2039 1222 2070 θυσίας
1237 2037 1312 2070 ἅπαξ
1335 2037 1382 2064 ἐπὶ
1397 2035 1537 2070 συντελείᾳ
1558 2035 1606 2062 τοῦ
1621 2034 1718 2065 αἰῶνος
1738 2032 1810 2068 ὑπὲρ

1026 2085 1167 2121 ἁμαρτιῶν
1181 2082 1418 2120 προσενεχθείσης,
1436 2083 1495 2117 ἦτοι
1508 2080 1555 2108 τοῦ
1573 2079 1658 2116 ἀμνοῦ
1675 2079 1722 2106 τοῦ
1740 2077 1810 2105 Θεοῦ

1025 2131 1072 2158 τοῦ
1090 2130 1213 2165 αἴροντος
1228 2129 1276 2164 τὴν
1297 2128 1434 2163 ἁμαρτίαν
1445 2126 1492 2153 τοῦ
1508 2127 1611 2162 κόσμου
1626 2125 1812 2160 σφαγιασθέν-

1025 2186 1082 2209 τος,
1094 2176 1192 2212 μηκέτι
1208 2174 1410 2209 ὑπολελεῖφθαι,
1425 2173 1482 2200 ἀλλ’
1502 2172 1570 2204 ὅλως
1585 2171 1741 2199 πεπαῦσθαι
1760 2170 1812 2201 τὰς

1027 2221 1128 2252 πολλὰς
1146 2220 1194 2247 καὶ
1206 2219 1324 2251 τυπικὰς
1342 2219 1437 2250 θυσίας
1452 2218 1521 2254 ὑπὲρ
1536 2218 1677 2254 ἁμαρτιῶν
1690 2225 1814 2252 προσφε-

186 2260 242 2297 ῑίιτ.
259 2275 313 2294 ηοη
325 2266 401 2294 varia
417 2267 553 2294 sacriﬁcia
567 2267 704 2302 producit,
718 2267 765 2294 sed
779 2267 878 2303 δήια
897 2275 970 2294 com-

1028 2265 1153 2301 ρομένας.
1186 2263 1328 2290 Ἀδύνατον
1352 2263 1416 2298 γὰρ,
1441 2264 1478 2294 ὡς
1502 2262 1582 2293 αὐτὸς
1605 2263 1619 2288 ό
1649 2260 1812 2292 Ἀπόστολός

187 2312 351 2340 memoratio
376 2317 418 2340 est
435 2313 530 2341 hostia:
546 2313 630 2340 semel
645 2313 742 2340 oblatae
757 2322 764 2340 :
784 2313 857 2346 lloc,
875 2313 970 2349 inquit.

1026 2320 1103 2347 φησι,
1132 2310 1214 2338 πάλιν
1241 2307 1312 2345 αἷμα
1336 2310 1446 2345 ταύρων
1472 2309 1519 2336 καὶ
1543 2308 1653 2343 τράγων
1680 2308 1811 2342 ἀφαιρεῖν

187 2358 268 2393 facite
294 2358 323 2385 in
343 2365 428 2385 meam
452 2359 725 2386 commemorationem
741 2358 765 2391 i,
780 2363 807 2386 et
823 2369 828 2386 :
850 2359 970 2400 Quoties-

1025 2357 1175 2393 ἁμαρτίας,
1191 2355 1266 2388 ἅπαξ
1278 2355 1323 2382 τοῦ
1335 2355 1422 2390 ἀμνοῦ
1437 2354 1483 2381 τοῦ
1493 2353 1560 2381 Θεοῦ
1572 2352 1810 2389 προσενεχθέντος·

187 2412 289 2439 cunque
315 2404 385 2432 enim
407 2404 455 2432 hoc
476 2405 607 2440 facimus,
624 2411 733 2433 mortem
753 2405 858 2433 Domini
869 2398 970 2433 annun-

1027 2404 1078 2439 μιᾷ
1093 2403 1148 2438 γὰρ
1163 2402 1307 2437 προσφορᾷ
1320 2401 1489 2432 τετελείωκε,
1506 2400 1599 2435 φησὶν,
1616 2399 1656 2430 εἰς
1669 2398 1700 2425 τὸ
1715 2398 1812 2432 διηνεο

189 2449 289 2475 tiamus
304 2447 329 2482 ιε,
358 2448 423 2476 Haec
436 2449 528 2477 omnia
544 2449 672 2485 Eulogius
697 2450 898 2479 Alexandrinus
909 2471 917 2484 ,
941 2452 970 2479 ad

1025 2450 1073 2481 κὲς
1085 2450 1148 2479 τοὺς
1162 2447 1370 2482 ἁγιαζομένους.
1383 2447 1430 2473 ’ον
1445 2445 1492 2472 οὖν
1507 2445 1606 2480 τρόπον
1621 2445 1730 2480 εἴρηκεν
1744 2443 1811 2470 ἀδύ-

188 2494 365 2522 rcl‘ellendum
381 2493 596 2523 Navatianorum
622 2495 720 2530 dogma
737 2495 816 2523 dixit.

1026 2504 1105 2523 νατον
1120 2493 1188 2529 αἷμα
1203 2493 1310 2529 ταύρων
1325 2494 1372 2520 καὶ
1386 2492 1494 2527 τράγων
1519 2492 1646 2527 ἀφαιρεῖν
1661 2491 1812 2526 ἁμαρτίας,

188 2541 235 2567 τὸν
251 2542 332 2568 αὐτὸν
357 2543 404 2569 καὶ
430 2543 461 2570 τὸ
476 2543 646 2581 ἐπαγόμενον
673 2543 741 2579 ἔφη,
766 2544 807 2570 ὅτι
829 2544 991 2578 Ἑκουσίως
1008 2544 1092 2579 ἡμῶν
1116 2543 1348 2578 ἁμαρτανόντων
1381 2541 1457 2576 μετὰ
1486 2541 1542 2575 τὴν
1565 2541 1728 2576 ἐπίγνωσιν
1756 2539 1814 2572 τῆς

188 2587 333 2622 ἀληθείας
348 2587 448 2615 οὐκέτι
464 2588 532 2622 περὶ
545 2588 695 2623 ἁμαρτιῶν
718 2590 914 2617 ὑπολείπεται
935 2591 1036 2623 θυσία,
1063 2590 1111 2616 καὶ
1140 2589 1174 2615 τὰ
1205 2588 1277 2623 ἑξῆς.
1294 2587 1348 2613 Καὶ
1378 2587 1431 2622 γὰρ
1447 2587 1495 2614 καὶ
1513 2588 1529 2621 ἡ
1549 2587 1613 2620 παρ’
1627 2585 1705 2621 ἡμῶν
1719 2587 1809 2612 ἐπιτε-

188 2634 308 2669 λουμένη
323 2628 371 2662 τοῦ
390 2634 516 2669 σώματος
532 2633 579 2659 τοῦ
588 2634 609 2650 ⁵⁸
632 2634 735 2669 Κυρίου
754 2634 856 2671 φρικτὴ
875 2635 971 2670 τελετὴ
994 2636 1024 2662 οὐ
1058 2635 1158 2661 θυσιῶν
1175 2635 1233 2660 ἐστι
1258 2633 1396 2668 διαφόρων
1419 2633 1442 2649 ⁵ο
1469 2632 1650 2668 προσαγωγὴ,
1675 2631 1740 2668 [884
1762 2626 1811 2663 HJ

223 2729 237 2749 ι
260 2723 339 2752 Rom.
355 2733 391 2759 vt,
404 2725 431 2752 5.
464 2723 479 2744 1⁵
494 2724 576 2753 Hebr.
591 2734 618 2758 τ,
634 2725 679 2753 24.
725 2726 733 2746 ί
754 2726 818 2754 ibid.
833 2725 879 2753 26.
918 2731 925 2750 t
946 2725 966 2752 L

1026 2733 1094 2756 ml,
1109 2724 1153 2752 19.
1187 2724 1199 2743 κ
1220 2725 1228 2752 1
1246 2724 1308 2752 Cor.
1329 2732 1366 2756 χι,
1379 2723 1424 2751 26.

828 2793 943 2822 νΑῐιυΕ
962 2791 1162 2821 LECTIONES.

245 2853 267 2873 ‘-'
283 2853 370 2888 Ἰησοῦ
389 2854 427 2882 Βε
447 2853 494 2880 τοῦ
511 2853 612 2888 Κυρίου
633 2852 719 2888 Ἰησοῦ
740 2861 769 2884 ς.
825 2851 847 2888 f7
863 2851 909 2878 τοῦ
925 2856 948 2879 et
965 2851 1034 2878 infra
1049 2853 1170 2879 τουτέστι
1182 2851 1244 2880 add.
1264 2852 1292 2878 Β.

1349 2851 1372 2867 ⁸⁸
1393 2850 1494 2887 αὑτοῦ]
1513 2851 1643 2879 hactenus
1658 2850 1686 2878 Β.
1727 2850 1750 2867 δ’
1764 2851 1812 2879 τοῦ

193 2895 256 2917 ante
266 2887 359 2924 κυρίου
376 2890 472 2917 om.G.
528 2887 724 2923 “turbent?
743 2898 747 2914 ε
763 2888 808 2914 καὶ
827 2887 962 2921 διασύρων
984 2895 1012 2917 ς.
