1959 3081
152 178 205 212 341

653 184 914 216 BlBLIOTHECA.
930 200 963 205 —
978 186 1059 217 COD.
1073 187 1230 217 CCLXXX.

1717 192 1770 224 342

152 240 221 268 ἀλλα
235 241 284 277 τῆς
298 242 372 276 ἅπαξ
388 243 640 280 προσενηνεγμένης
651 244 746 277 θυσίας
759 244 926 280 ἀνάμνησις·
954 245 1043 272 Τοῦτο
1063 245 1128 280 γὰρ,
1155 244 1232 281 φησὶ,
1266 247 1374 273 ποιεῖτε
1408 248 1451 281 εἷς
1473 248 1530 282 τὴν
1543 248 1620 283 ἐμὴν
1636 249 1771 286 ἀνάμνη-

151 295 214 320 σιν,
232 289 295 316 καί*
319 290 439 325 Ὁσάκις
448 292 502 328 γὰρ
513 292 599 319 τοῦτο
611 293 764 327 ποιοῦμεν,
775 293 828 320 τὸν
839 292 969 320 θάνατον
981 290 1034 319 τοῦ
1047 291 1156 326 Κυρίου
1188 293 1438 328 καταγγέλλομεν.
1475 294 1566 321 Ταῦτα
1592 296 1613 311 ⁸⁸
1632 297 1681 330 μὲν
1710 299 1724 323 ὁ
1741 299 1769 331 ἐξ

160 333 364 370 Ἀλεξανδρείας
380 337 505 372 Εὑλὸγιος
522 338 564 364 ἐπ’
577 338 716 374 ἀνατροπῇ
731 339 781 375 τῆς
795 338 969 373 Ναυατιανῆς
984 337 1063 373 δόξης
1079 338 1239 374 ἀντὲφησεν.

387 396 437 422 Ἐκ
449 397 502 423 τοῦ
514 399 539 430 τ’
553 397 647 431 λόγου
662 397 695 423 ⁸¹.

188 438 249 465 Ὅτι
271 439 450 475 ἀπαγορεύει,
465 441 558 476 φησὶν,
578 443 592 468 ὁ
602 441 703 477 Κύριος
718 443 747 468 ὲν
769 441 808 477 τῷ
823 441 936 478 παρόντι

151 483 203 518 βίῳ
219 483 430 519 διαχωρίζεσθαι
456 485 519 517 τοὺς
541 487 720 521 ἁμαρτωλοὺς
740 487 794 513 ἀπὸ
821 488 875 513 τῶν
896 487 935 514 δι-

151 528 238 555 καίων
253 537 260 543 ·
276 529 324 556 καὶ
345 529 423 556 τοῦτο
438 530 531 564 δῆλον,
546 531 629 566 φησὶν
641 552 649 564 ,
665 533 696 558 ὲκ
715 531 766 565 τῆς
778 530 936 566 παραδολῆς

149 574 212 609 ἥτις
228 574 303 609 λέγει
326 583 333 591 ·
352 576 491 610 Ὡμοιώθη
518 576 537 610 ἡ
558 578 701 609 ,ϐασιλεία
720 577 779 604 τῶν
800 577 936 611 οὐρανῶν

149 620 294 654 ἀνθρώπῳ
315 622 469 655 campos-tt
495 621 591 648 καλὸν
603 622 730 657 σπέρμα,
745 623 793 649 καὶ
810 622 844 649 τὰ
861 621 934 658 ἑξῆς,

149 665 202 696 ἕως
217 665 281 692 τοῦ·
299 666 400 699 Θέλεις
427 665 483 694 οὖν
504 668 526 684 ⁵³
540 669 723 700 ἀπελθόντες
741 668 937 703 συλλέξωμεν

147 711 244 743 αὑτά;
257 712 270 738 ὁ
288 712 316 739 δέ
333 721 415 748 φησιν
428 721 436 729 ·
452 713 503 746 Οὔ,
524 713 567 748 μή
582 721 653 741 ποτε
677 714 879 749 συλλέγοντες
901 714 937 742 τὰ

149 756 258 788 ζὶζὶίνια
272 757 449 792 ἐκριζώσητε
463 759 523 793 ἅμα
538 759 640 793 αὐτοῖς
652 759 706 787 τὸν
719 760 815 787 σῖτον.
829 760 936 794 ’Ἄφετε

148 803 394 835 συναυξάνεσθαι
400 805 476 831 αὐτὰ
481 804 535 837 ἕως
544 804 757 839 τοῦιθερισμοῦ,
766 805 812 831 καὶ
819 805 853 831 τὰ
861 805 934 840 ἑξῆς.

148 848 223 883 Αὕτη
242 846 289 875 οὖν
305 849 322 884 ὴ
342 849 495 885 παραϐολὴ,
510 851 593 885 φησιν
605 869 613 882 ,
630 850 796 885 ἀπαγορεύει
814 850 867 886 πρὸ
887 851 936 885 τῆς

147 893 195 920 τοῦ
211 894 310 926 αἰῶνος
330 894 485 926 συντελείας
498 894 671 930 διαχωρίζειν
679 895 743 926 τοὺς
758 894 936 930 ἁμαρτωλοὺς

149 939 205 965 ἀπὸ
235 939 291 966 τῶν
318 939 442 973 δικαίων,
470 940 521 967 κᾶν
537 941 561 967 οε
588 939 623 966 τὰ
642 940 767 967 Ναυάτου
795 941 935 971 νοσοῦντες

147 984 228 1011 τοῦτο
250 985 375 1019 λέγωσιν,
391 986 430 1018 ὡς
451 986 588 1021 καθαροὺς
599 986 712 1018 ἑαυτοὺς
730 986 869 1022 κρίνοντες
882 986 935 1013 τῶν

148 1030 238 1058 ἄλλων
269 1031 430 1067 ἀνθρώπων.
467 1033 513 1064 Είς
526 1032 557 1058 τὸ
580 1032 645 1059 αὐτὸ
663 1032 692 1059 δὲ
715 1032 804 1068 ἀφορᾷ
831 1033 878 1059 καὶ
904 1032 935 1059 τὸ

147 1077 225 1112 παρὰ
237 1076 285 1103 τοῦ
300 1077 448 1111 βαπτιστοῦ
466 1078 623 1113 εἰρημένον·
634 1076 675 1106 Οὗ
690 1078 722 1105 τὸ
737 1079 833 1105 πτύον
847 1079 882 1105 ἐν
896 1078 933 1113 τῇ

147 1123 223 1157 χειρί
241 1123 346 1155 αὑτοῦ.
375 1123 423 1150 καὶ
438 1123 623 1158 διακαθαριεῖ
643 1123 701 1158 τὴν
715 1124 816 1151 ἅλωνα
827 1125 932 1158 αὑτοῦ,

146 1168 195 1194 καὶ
214 1168 249 1195 τὰ
271 1168 345 1204 ἑξῆς,
370 1169 417 1196 καὶ
438 1170 522 1205 μυρία
539 1169 617 1196 ἄλλα.
633 1170 695 1196 Ὀτι
718 1169 759 1202 τὸ,
784 1170 934 1203 Ποιήσατε

144 1214 264 1247 ἑαυτοῖς
286 1215 396 1249 φίλους
428 1216 462 1242 ἐκ
495 1216 548 1243 τοῦ
572 1215 698 1250 μαμωνᾶ
723 1215 778 1249 τῆς
804 1216 932 1250 ἀδικίας,

144 1260 266 1287 τοιοῦτόν
277 1262 347 1288 ἐστιν
372 1262 478 1294 Φίλους,
494 1262 562 1298 φησὶ
575 1262 609 1294 ⁸⁵,
626 1262 758 1297 ποιήσατε
772 1263 835 1294 τοὺς
853 1264 881 1288 ὲν
895 1263 934 1298 τῷ

145 1306 241 1342 κόσμῳ
254 1307 342 1342 τούτῳ
368 1308 540 1342 πενομένους,
568 1307 712 1339 πλουσίους
727 1308 757 1334 δὲ
769 1308 842 1335 κατὰ
854 1308 932 1337 Θεόν.

146 1352 230 1388 [1612
242 1353 288 1387 IL]
310 1353 379 1380 Ἀλλ’
392 1355 503 1388 ἄμεινον
521 1354 570 1389 μὲν
591 1355 688 1386 αὐτοὺς
703 1354 818 1380 κτᾶσθαι
834 1353 934 1388 ῐφίλους

144 1397 176 1430 ἐξ
195 1397 269 1424 ίδίων
285 1398 387 1426 κόπων.
409 1399 480 1432 Τίμα
489 1399 543 1433 γὰρ
556 1399 610 1425 τὸν
623 1399 732 1432 Κύριον
742 1398 800 1426 ἀπὸ
815 1398 879 1425 σῶν
892 1398 934 1425 δι-

144 1445 239 1471 καίων
260 1445 362 1471 πόνων
379 1453 387 1460 ·
417 1446 440 1472 εί
459 1445 487 1472 δὲ
509 1446 545 1481 μὴ
577 1445 707 1480 πρόσεστι
722 1443 756 1471 τὰ
780 1446 811 1471 ἐκ
822 1445 934 1472 δικαίων

144 1489 247 1522 πόνων,
266 1489 318 1517 κᾶν
328 1490 395 1524 γοῦν
409 1490 427 1518 ἂ
440 1491 470 1523 ὲξ
484 1491 590 1523 ἀδικίας
604 1490 793 1525 συνελέξαμεν,
808 1490 841 1517 δι’
862 1491 934 1518 ὲκεί-

143 1543 199 1561 νων
217 1535 317 1567 αὐτοὺς
339 1536 432 1570 φίλους
450 1537 473 1554 ⁵⁸
495 1537 683 1572 ποιησώμεθα,
707 1536 858 1572 Μαμωνᾶν
879 1537 934 1572 γὰρ

143 1581 265 1614 ἀδικίας
282 1581 332 1617 τὴν
344 1581 500 1615 πλεονεξίαν
515 1583 601 1609 καλεῖ.
618 1582 729 1617 Δέχεται
742 1582 770 1609 δὲ
786 1583 832 1609 καὶ
848 1582 935 1609 ταῦτα

143 1627 190 1654 διὰ
214 1627 270 1654 τῶν
283 1627 439 1664 πενομένων
461 1629 475 1655 ὁ
497 1629 573 1662 Θεὸς,
591 1629 625 1655 ἂν
636 1629 714 1664 μόνον
727 1629 775 1656 τοῦ
793 1629 887 1655 λοιποῦ
903 1629 934 1655 τὸ

144 1673 314 1709 ἁμαρτάνειν
325 1673 568 1709 διαφυλαξαίμεοα.
587 1675 674 1701 Καλὸν
689 1675 743 1710 γὰρ
759 1675 810 1702 κᾶν
822 1675 866 1702 διὰ
881 1674 935 1702 τῶν

144 1719 195 1755 τῆς
214 1719 371 1752 πλεονεξίας
388 1721 537 1755 χρημάτων
549 1721 642 1755 φίλους
659 1721 785 1754 κτᾶσθαι,
802 1721 845 1747 ῐνα
871 1721 935 1748 ὅταν

144 1765 313 1801 ὲκλίπωμεν,
343 1767 427 1802 μηδὲν
440 1768 531 1802 ἕτερον
542 1767 648 1803 ἔχοντες
664 1767 777 1800 ζωτικὸν
786 1767 934 1801 δικαίωμα,

143 1812 180 1838 δι’
199 1809 239 1839 ὧν
261 1813 361 1845 αὐτοὺς
375 1811 405 1840 εὖ
426 1814 604 1849 ἐποιήσαμεν,
622 1814 662 1845 είς
678 1813 727 1845 τὰς
741 1813 845 1840 ἑαυτῶν
860 1815 934 1849 ἡμᾶς

145 1859 250 1894 σκηνὰς
261 1859 286 1885 οἱ
298 1858 444 1894 ἠλεημένοι
459 1859 653 1891 ὑποδέξωνται.
667 1859 706 1892 Εἰξ
714 1859 741 1886 δὲ
759 1859 821 1894 μηδ’
841 1860 872 1885 ἐκ
887 1858 933 1885 τοῦ

145 1905 267 1940 μαμωνᾶ
286 1905 336 1941 τῆς
356 1905 463 1937 ἀδικίας
483 1905 542 1941 ἤτοι
557 1907 606 1940 τῆς
629 1904 784 1938 πλεονεξίας
799 1903 827 1931 εὗ
847 1906 934 1932 ποιεῖν

143 1951 321 1986 ἔθελήσομεν,
337 1951 395 1983 πῶς
416 1951 449 1978 ἂν
464 1950 673 1986 πιστευθείημεν
691 1951 731 1977 ὅτι
755 1951 779 1977 εἰ
791 1950 933 1986 προσῆσαν

1303 397 1325 423 Ε
1343 397 1411 424 libro
1427 405 1468 425 ιιι.

1023 442 1112 476 Vetat,
1131 443 1230 478 inquit,
1248 443 1380 471 Dominus
1396 445 1422 472 iu
1441 444 1494 472 hac
1510 445 1564 472 vita
1578 446 1698 480 separari
1711 454 1774 480 pec-

987 492 1093 517 catores
1104 497 1118 516 a
1127 489 1220 525 justis,
1232 491 1320 518 ethoc
1334 495 1404 525 patet
1416 499 1448 518 ex
1460 492 1601 526 parabola,
1611 500 1672 527 qua:
1685 493 1752 520 dicit
1765 503 1772 520 :

987 534 1078 562 Simile
1087 539 1125 562 est
1141 544 1248 570 regnum
1266 537 1391 563 rwlorum
1410 537 1509 564 homini
1519 539 1663 565 seminanti
1676 539 1772 565 bonum

986 589 1082 612 semen,
1094 586 1121 608 et
1130 581 1246 616 reliqua.
1263 582 1390 616 usque_ad
1404 582 1448 609 illa
1464 591 1470 610 :
1491 581 1535 610 Vis
1549 591 1651 615 eamus,
1662 584 1774 611 etcolli-

986 628 1152 664 gomusilla?
1166 628 1198 656 Et
1214 628 1269 655 ait:
1286 628 1357 660 Non.
1369 637 1399 656 ne
1413 632 1480 663 [orte
1492 629 1643 665 colligentes
1655 631 1772 662 zizania,

986 674 1127 701 eradicetis
1148 681 1207 701 cum
1225 675 1263 701 eis
1278 674 1359 701 sintut
1374 679 1397 700 ρι
1412 674 1530 701 triticum
1541 683 1550 701 :
1568 676 1646 702 sinite
1664 681 1774 711 utraque

988 729 1103 748 crescere
1123 728 1204 755 usque
1221 720 1255 746 ad
1274 729 1382 747 messem
1398 719 1419 751 ι,
1446 725 1499 748 elc.
1516 721 1578 749 ﬂa‘c
1600 721 1683 756 igitur
1696 731 1774 756 para—

987 767 1059 798 bola,
1075 767 1180 802 inquit,
1207 772 1279 794 vetat
1303 771 1366 794 ante
1392 767 1659 795 consummationem
1681 769 1772 796 surculi

986 812 1106 846 separari
1131 816 1288 847 peccatores
1309 821 1324 839 a
1350 812 1450 846 iustis,
1471 813 1523 839 etsi
1549 812 1645 839 Novati
1677 813 1774 841 morbo

987 858 1074 885 aﬂ'ecti
1094 858 1145 884 hoc
1160 857 1264 889 dicant,
1278 858 1385 893 scipsos
1400 863 1527 892 tauquam
1539 866 1622 892 puros
1637 858 1699 885 aliis
1715 867 1772 885 Ine-

987 903 1238 938 lioresjudicautes.
1250 903 1309 930 lluc
1328 903 1410 930 etiam
1427 905 1552 938 pertinet,
1565 904 1636 938 quod
1653 905 1772 939 Baptista

985 950 1054 976 dixit
1068 958 1075 976 :
1090 949 1173 984 Cujus
1189 949 1362 976 ventilabrum
1378 950 1406 976 in
1429 958 1508 976 manu
1527 958 1586 982 sua,
1602 954 1626 976 et
1650 958 1773 984 permun-

986 994 1060 1021 dabit
1082 1003 1170 1021 arcum
1196 1001 1271 1020 suam
1285 998 1316 1026 ω,
1336 998 1388 1021 etc.
1415 994 1509 1021 Facite
1526 995 1598 1022 vobis
1618 995 1717 1022 anticus
1740 995 1773 1022 de

986 1048 1138 1066 mammona
1151 1039 1298 1074 iniquitatis
1307 1044 1332 1071 ιι,
1348 1039 1492 1074 signiﬁcat,
1508 1039 1599 1067 Facite
1616 1040 1693 1068 vobis
1705 1040 1773 1067 ami-

984 1093 1043 1118 cos,
1061 1084 1106 1120 qui
1134 1085 1160 1111 in
1190 1085 1293 1111 mundo
1308 1089 1397 1118 egent,
1428 1089 1455 1111 et
1471 1084 1542 1119 apud
1567 1083 1652 1112 Deum
1672 1084 1771 1112 divites

984 1135 1056 1162 Sunt,
1073 1130 1120 1158 sed
1138 1130 1235 1157 melius
1246 1135 1288 1157 est
1303 1130 1364 1157 illos
1377 1137 1538 1164 comparare
1547 1130 1651 1157 amicos
1664 1130 1697 1157 de
1712 1137 1770 1165 pro-

984 1177 1051 1211 priis
1063 1176 1204 1203 laboribus
1220 1177 1346 1202 :Honora
1363 1177 1431 1202 enim
1446 1175 1527 1202 Deum
1540 1175 1571 1202 de
1588 1180 1634 1202 tua
1650 1175 1772 1203 substan-

984 1221 1022 1247 tia
1033 1225 1056 1254 ο,
1073 1226 1099 1248 et
1113 1221 1197 1255 justis
1219 1221 1368 1248 laboribus.
1399 1220 1428 1248 Si
1458 1229 1522 1249 vero
1555 1221 1622 1247 nihil
1654 1222 1771 1256 supersit

982 1275 1014 1294 ex
1035 1267 1116 1302 justis
1137 1267 1293 1299 laboribus,
1312 1272 1376 1294 tunc
1396 1275 1456 1301 qua:
1484 1274 1516 1293 ex
1544 1267 1687 1302 iniquitate
1714 1268 1772 1294 col-

984 1314 1117 1348 legimus,
1146 1313 1179 1340 iis
1207 1320 1254 1340 eos
1286 1313 1389 1340 amicos
1413 1313 1546 1340 faciamus
1579 1322 1586 1339 :
1618 1312 1771 1339 Hammona

982 1360 1055 1387 enim
1074 1359 1225 1394 iniquitatis
1248 1358 1364 1385 habendi
1381 1358 1555 1393 cupiditatum
1583 1363 1671 1385 vncal.
1692 1358 1771 1385 Tales

984 1410 1072 1432 autem
1089 1412 1154 1439 opcs
1170 1411 1219 1438 per
1240 1411 1374 1438 pauperes
1397 1403 1496 1438 accipit
1518 1403 1608 1435 Deus,
1636 1404 1659 1429 si
1689 1403 1769 1430 modo

984 1457 1129 1479 caveamus
1159 1457 1192 1476 ne
1218 1449 1245 1476 in
1278 1454 1418 1484 poslerum
1442 1456 1597 1483 peccemus.
1623 1448 1771 1475 Pulchrum

983 1496 1068 1529 enim,
1084 1497 1134 1523 etsi
1149 1503 1198 1530 per
1209 1494 1330 1521 avaritiae
1339 1493 1493 1528 pecuniam,
1505 1493 1609 1520 amicos
1619 1493 1767 1528 possidere,

985 1547 1015 1569 ut
1026 1549 1088 1568 cum
1097 1542 1180 1568 vitam
1193 1539 1398 1574 reliquerimus,
1407 1546 1461 1566 non
1475 1539 1555 1565 aliam
1568 1539 1697 1566 habentes
1710 1538 1770 1565 vitae

982 1587 1118 1623 justitiam
1132 1590 1242 1621 propter
1261 1585 1389 1612 beneﬁcia
1408 1592 1423 1611 a
1440 1584 1519 1611 nobis
1540 1584 1566 1610 in
1581 1584 1642 1611 illos
1659 1584 1767 1614 collata.

984 1633 1011 1659 iu
1028 1639 1078 1659 sua
1101 1639 1151 1658 nos
1166 1629 1339 1657 tabernacula
1363 1628 1543 1663 eleemosynis
1571 1627 1662 1654 aii‘ecti
1683 1627 1771 1654 susci-

985 1679 1070 1714 piant.
1087 1677 1115 1705 Si
1132 1685 1198 1705 vero
1214 1683 1269 1703 non
1284 1683 1317 1703 ex
1331 1682 1487 1702 mammona
1503 1674 1666 1709 iniquitatis.
1681 1674 1706 1700 id
1718 1678 1770 1704 est.

947 1732 971 1765 α
986 1724 1107 1752 avaritiae
1117 1743 1125 1756 ,
1156 1722 1316 1751 benefacere
1329 1721 1498 1749 voluerimus
1508 1740 1515 1753 ,
1546 1720 1683 1755 quomodo
1710 1720 1770 1754 quis

985 1770 1100 1802 credat,
1115 1769 1138 1797 si
1156 1767 1339 1796 accessissent
1358 1775 1373 1794 c
1388 1765 1506 1802 propriis
1527 1765 1668 1792 laboribus
1690 1765 1771 1791 nobis

985 1813 1117 1849 pecuniae,
1144 1812 1203 1840 fore
1230 1817 1259 1839 ut
1285 1811 1339 1839 illis
1371 1810 1522 1846 indigentes
1552 1809 1771 1837 commiserando

985 1857 1209 1886 sublevaremus?
1221 1857 1250 1884 Si
1264 1857 1336 1884 enim
1352 1856 1395 1884 his
1410 1863 1470 1891 qua:
1485 1856 1544 1882 sine
1558 1855 1683 1882 molestia
1699 1854 1772 1882 labo-

986 1912 1069 1939 reque
1079 1904 1154 1938 justo
1170 1903 1261 1936 facile,
1271 1907 1297 1930 et
1307 1910 1389 1930 avara
1402 1909 1484 1928 manu
1494 1901 1571 1929 nobis
1583 1904 1770 1933 accesserunt,

985 1950 1054 1977 adeo
1073 1949 1153 1976 facile
1169 1948 1281 1984 paratis,
1303 1952 1330 1975 et
1344 1947 1440 1975 alienis
1453 1955 1558 1980 revera,
1574 1947 1641 1974 nulli
1658 1946 1772 1981 pauperi

143 1996 174 2029 ἐξ
189 1996 298 2024 οἰκείων
313 1997 404 2023 κόπων
414 1998 481 2032 ἡμῖν
495 1997 635 2032 χρήματα,
648 1997 752 2027 τούτοις
767 1995 800 2022 ἃν
813 1996 877 2027 τοὺς
890 1997 933 2022 ὲν-

986 1995 1102 2030 benigne
1121 1994 1248 2027 facimus,
1274 1994 1421 2029 quomodo,
1439 1993 1473 2021 de
1493 1993 1526 2021 iis
1543 2001 1604 2028 qua:
1621 1997 1648 2020 et
1662 1991 1783 2027 propria

142 2041 212 2074 δεεῖς
228 2042 402 2078 ἡλεήσαμεν;
422 2043 453 2069 Εἰ
471 2044 525 2078 γὰρ
544 2043 562 2070 ἃ
578 2043 663 2079 χωρὶς
683 2042 783 2077 μόχθου
797 2042 868 2074 τινὸς
884 2041 933 2068 καὶ

986 2041 1110 2069 videntur
1118 2048 1188 2074 esse,
1198 2046 1224 2068 et
1234 2041 1360 2068 laborum
1375 2040 1480 2068 fructus
1493 2044 1568 2072 sunt,
1583 2038 1679 2075 δηιθ
1689 2038 1771 2066 alicui

143 2090 235 2117 πόνων
247 2089 371 2123 δικαίων,
389 2092 421 2118 ὲκ
445 2091 493 2118 τοῦ
511 2091 610 2127 ῥᾴστου
630 2091 658 2117 δὲ
678 2090 726 2118 καὶ
742 2090 934 2125 πλεονεκτικῆς

990 2097 1139 2125 pauperum
1153 2089 1357 2117 communicare
1372 2089 1436 2124 quid
1452 2088 1614 2116 credemur?

142 2135 235 2170 χειρδς
266 2135 333 2170 ἡμῖν
357 2136 546 2171 προσεγένετο,
562 2137 664 2163 τούτων
680 2135 752 2163 οὕτω
766 2135 865 2172 ῥᾳδίως
879 2135 1033 2171 κτηθέντων
1048 2135 1096 2162 καὶ
1116 2135 1264 2171 ἀλλοτρίων
1276 2134 1362 2161 ὄντων
1380 2135 1483 2170 κυρίως
1495 2134 1583 2160 οὐδενὶ
1597 2133 1653 2160 τῶν
1671 2133 1769 2161 ἐνδεῶν

144 2182 353 2217 μεταδιδόαμεν,
366 2181 385 2209 ἃ
400 2181 448 2209 καὶ
464 2183 552 2210 οἰκεῖα
579 2182 654 2209 δοκεῖ
671 2180 739 2209 εἶναι
757 2182 806 2208 καὶ
824 2181 913 2209 πόνων
927 2182 1039 2217 καρποὶ,
1055 2181 1114 2213 πῶς
1128 2181 1160 2208 ἄν
1174 2190 1228 2208 τινι
1244 2180 1345 2208 τούτων
1362 2180 1521 2216 μεταδοῦναι
1534 2180 1764 2216 πιστευθείημεν;

179 2229 244 2256 Ὀτι
263 2229 277 2255 ὁ
294 2229 468 2264 ,ιι-προφήτης,
494 2229 572 2264 φησι,
601 2228 707 2263 λέγων·
735 2229 790 2255 ’³ον
821 2229 933 2262 τρόπον

1020 2228 1090 2255 Dicit
1104 2228 1234 2263 propheta
1250 2237 1256 2255 :
1271 2227 1408 2260 Quomodo
1433 2228 1457 2254 si
1475 2233 1550 2254 eruat
1568 2232 1659 2261 pastor
1674 2228 1706 2255 de
1725 2237 1770 2256 ore

142 2275 160 2301 ό
172 2274 291 2309 ποιμὴν
305 2273 452 2302 ὲκσπὰσει
465 2274 500 2301 ἐκ
517 2274 570 2302 τοῦ
580 2275 729 2310 στόματος
738 2274 791 2302 τοῦ
808 2273 933 2307 λέοντος

986 2273 1065 2301 leonis
1079 2273 1132 2300 duo
1161 2282 1252 2305 crura,
1283 2279 1329 2301 aut
1358 2279 1503 2301 extremum
1520 2274 1648 2301 auricula
1663 2280 1677 2299 P
1694 2284 1701 2302 :
1726 2275 1770 2304 his

143 2320 261 2353 σκέλος
273 2321 292 2355 ἢ
315 2321 408 2348 λοϐὸν
422 2321 510 2349 ὠτίου
521 2341 529 2354 ,
549 2320 699 2348 αἰνίττεται
711 2320 756 2348 διὰ
775 2320 879 2347 τούτων
894 2319 933 2352 ὡς

986 2320 1117 2353 innuitur,
1130 2327 1184 2347 non
1195 2324 1320 2354 oportere
1334 2327 1446 2355 prorsus
1462 2320 1539 2347 illum
1553 2320 1705 2355 despicere,
1723 2322 1771 2357 qui

144 2367 175 2393 οὐ
197 2366 255 2402 χρὴ
275 2366 415 2399 παντελῶς
436 2367 574 2402 ὑπερορᾷ-ν
588 2366 650 2393 οὐδὲ
664 2366 710 2393 τὸν
721 2365 876 2403 ἐμπεσόντα
891 2365 932 2397 είς

986 2366 1010 2394 in
1023 2366 1124 2394 diaboli
1139 2372 1170 2393 os
1187 2366 1327 2398 inciderit,
1353 2366 1400 2394 sed
1417 2366 1537 2401 sigillqu
1554 2366 1627 2402 quod
1643 2367 1726 2395 homo
1741 2369 1768 2395 in

143 2412 211 2440 αὐτὸ
233 2411 266 2438 τὸ
282 2412 370 2448 στόμα
388 2412 436 2438 τοῦ
457 2412 592 2446 διαϐόλου,
618 2412 688 2439 ἀλλὰ
713 2412 763 2448 τὴν
785 2412 931 2447 σφραγῖδα,

986 2412 1145 2448 baptismate
1162 2412 1316 2447 acceperit,
1332 2412 1503 2448 eripiendum
1517 2413 1625 2441 diabolo
1637 2433 1645 2446 .
1675 2422 1709 2442 ne
1734 2415 1771 2441 ob

143 2458 177 2494 ἢν
189 2459 205 2485 ὁ
216 2458 361 2494 ἄνθρωπος
382 2459 411 2485 ὲν
425 2459 464 2495 τῷ
481 2459 650 2494 βαπτίσματι
666 2459 786 2492 ἐδέξατο,
805 2459 869 2495 [885
882 2458 931 2495 IL]

986 2463 1135 2487 extremum
1149 2459 1208 2486 ovis
1217 2459 1322 2486 ratione
1332 2459 1450 2494 praedita:
1462 2459 1601 2487 interitum
1612 2460 1759 2495 puniamur

143 2503 253 2540 ἐωπᾷν
269 2504 468 2540 πῳσήκειιάπὸ
480 2504 528 2531 τοῦ
540 2504 673 2531 διαϐόλου·
692 2504 735 2531 ἴνα
749 2504 786 2539 μὴ
800 2504 851 2539 τὴν
863 2513 932 2531 παν-

986 2504 1113 2538 ριιωᾶιιιιι
1127 2504 1201 2531 enim
1217 2504 1296 2531 bruta
1310 2504 1438 2532 animalia
1452 2505 1480 2531 in
1500 2512 1577 2537 aure,
1600 2506 1732 2540 quacdam'
1743 2506 1768 2532 i-n

142 2549 207 2585 τελῆ
231 2549 371 2578 ἀπώλειαν
388 2550 436 2577 τοῦ
455 2551 566 2585 λογικοῦ
589 2551 724 2587 προϐάτου
736 2551 932 2586 ζημιωθῶμεν.

986 2559 1065 2579 crure
1077 2551 1230 2586 signantur.
1247 2551 1393 2585 Propterea
1405 2558 1517 2579 necesse
1526 2556 1568 2579 est
1579 2556 1714 2586 pastorem
1727 2553 1767 2579 vel

142 2595 205 2623 Τῶν
218 2596 275 2632 γὰρ
300 2596 408 2632 ἀλόγων
434 2597 494 2625 ενια
516 2597 565 2633 μὲν
591 2597 638 2624 ἐπὶ
652 2597 698 2624 τοῦ
716 2596 795 2629 ὠτὸς,
818 2597 887 2625 ἄλλα
904 2596 933 2624 δὲ

986 2604 1091 2630 aurem,
1101 2598 1144 2624 vel
1159 2604 1222 2625 crus
1237 2597 1264 2624 in
1281 2596 1450 2625 numerando
1459 2597 1591 2633 praebere,
1601 2601 1627 2624 et
1639 2597 1769 2625 exhibere

143 2643 193 2670 ὶπὶ
208 2643 258 2670 τοῦ
271 2643 383 2677 σκέλους
396 2643 591 2681 σφραγίζονται
604 2651 613 2659 ⁸
633 2644 675 2671 διδ
699 2644 821 2679 ἀνάγκην
842 2643 900 2679 ἔχει
918 2644 933 2670 ὁ

986 2644 1105 2671 domino.
1122 2643 1219 2672 Pastor
1240 2650 1304 2670 vero
1327 2643 1434 2671 ratione
1463 2644 1638 2678 praeditarum
1665 2643 1768 2674 ovium,

142 2690 250 2726 ποιμὴν
275 2690 293 2726 ἢ
307 2690 339 2717 τὸ
352 2688 399 2723 οὖς
422 2691 439 2727 ἢ
462 2691 494 2718 τὸ
513 2690 608 2723 σκέλος
634 2691 664 2718 ὲν
687 2691 722 2726 τῇ
745 2689 934 2726 ἀπαριθμήσει

986 2690 1206 2725 quandoquidem
1229 2697 1305 2724 oves,
1333 2697 1450 2725 quarum
1475 2695 1516 2717 est
1541 2692 1644 2724 pastor,
1661 2688 1758 2723 signuu

185 2771 201 2793 ι
212 2771 310 2801 Ιιιιιιι,
323 2779 385 2807 χιιι,
401 2772 436 2801 Ἃ
448 2781 525 2809 seqq.
557 2777 577 2792 ιιι
592 2772 686 2801 Matth.
704 2780 745 2806 ιιι,
765 2772 806 2801 12.
843 2777 856 2791 ιι
871 2772 934 2800 Luc.

986 2780 1015 2806 ιι,
1029 2772 1056 2799 8.
1093 2772 1200 2802 "Prov.
1223 2780 1267 2807 ιιι,
1282 2772 1310 2801 9.
1350 2778 1364 2798 Ρ
1377 2773 1461 2801 Amos
1481 2780 1521 2805 ιιι,
1542 2771 1586 2798 12.

775 2841 893 2870 ἾΑΒΙᾸΞ
915 2841 1121 2871 LECTIONES.

197 2901 220 2917 "
234 2900 354 2929 ταῦταῦ
367 2909 375 2928 ;
389 2902 467 2928 τοῦτο
476 2909 505 2933 ς.
545 2902 568 2919 ⁶¹
587 2900 693 2928 titulum
710 2907 765 2929 om.
782 2900 812 2929 (Σ.
865 2900 888 2916 ³³
904 2897 950 2928 οὖν
970 2908 1024 2928 om.
1044 2900 1075 2929 C.
1113 2900 1136 2917 "
1153 2900 1218 2935 φασί
1235 2900 1266 2928 C.
1323 2900 1344 2916 ⁸⁵
1363 2899 1455 2934 φίλους
1474 2904 1530 2926 οιιι.
1543 2896 1574 2924 C.
