  <div class='ocr_page' id='page_1' title='image "/cluster/home/n/w/nwhite01/storage/ocr_20150623/104/njp.32101077772885/177.png"; bbox 0 0 1959 3081; ppageno 0'>
   <div class='ocr_carea' id='block_1_1' title="bbox 198 198 251 230">
    <p class='ocr_par' dir='ltr' id='par_1_1' title="bbox 198 198 251 230">
     <span class='ocr_line' id='line_1_1' title="bbox 198 198 251 230; baseline 0 0"><span class='ocrx_word' id='word_1_1' title='bbox 198 198 251 230; x_wconf 69' lang='grc'><strong>343</strong></span> 
     </span>
    </p>
   </div>
   <div class='ocr_carea' id='block_1_2' title="bbox 767 198 1231 229">
    <p class='ocr_par' dir='ltr' id='par_1_2' title="bbox 767 198 1231 229">
     <span class='ocr_line' id='line_1_2' title="bbox 767 198 1231 229; baseline -0.006 0"><span class='ocrx_word' id='word_1_2' title='bbox 767 198 897 229; x_wconf 81' lang='grc' dir='ltr'><strong>ΡΙΙΟΤΙῘ</strong></span> <span class='ocrx_word' id='word_1_3' title='bbox 913 198 1161 228; x_wconf 76' lang='lat' dir='ltr'><strong>PATRIARCH/E</strong></span> <span class='ocrx_word' id='word_1_4' title='bbox 1177 198 1231 227; x_wconf 84' lang='lat' dir='ltr'><strong>CP.</strong></span> 
     </span>
    </p>
   </div>
   <div class='ocr_carea' id='block_1_3' title="bbox 1751 196 1803 228">
    <p class='ocr_par' dir='ltr' id='par_1_3' title="bbox 1751 196 1803 228">
     <span class='ocr_line' id='line_1_3' title="bbox 1751 196 1803 228; baseline -0.038 0"><span class='ocrx_word' id='word_1_5' title='bbox 1751 196 1803 228; x_wconf 61' lang='lat' dir='ltr'><strong>34&#39;s</strong></span> 
     </span>
    </p>
   </div>
   <div class='ocr_carea' id='block_1_4' title="bbox 196 253 977 291">
    <p class='ocr_par' dir='ltr' id='par_1_4' title="bbox 196 255 973 290">
     <span class='ocr_line' id='line_1_4' title="bbox 196 255 973 290; baseline 0 -8"><span class='ocrx_word' id='word_1_6' title='bbox 196 262 244 289; x_wconf 72' lang='lat' dir='ltr'><strong>per</strong></span> <span class='ocrx_word' id='word_1_7' title='bbox 263 255 446 290; x_wconf 77' lang='lat' dir='ltr'><strong>baptismum.</strong></span> <span class='ocrx_word' id='word_1_8' title='bbox 475 261 501 284; x_wconf 83' lang='lat' dir='ltr'><strong>et</strong></span> <span class='ocrx_word' id='word_1_9' title='bbox 528 255 724 284; x_wconf 80' lang='lat' dir='ltr'><strong>confessionem</strong></span> <span class='ocrx_word' id='word_1_10' title='bbox 749 256 809 283; x_wconf 84' lang='lat' dir='ltr'><strong>ﬁdei</strong></span> <span class='ocrx_word' id='word_1_11' title='bbox 834 257 860 283; x_wconf 91' lang='lat' dir='ltr'><strong>in</strong></span> <span class='ocrx_word' id='word_1_12' title='bbox 881 256 973 283; x_wconf 72' lang='lat' dir='ltr'><strong>animo</strong></span> 
     </span>
    </p>
   </div>
   <div class='ocr_carea' id='block_1_5' title="bbox 1029 253 1805 291">
    <p class='ocr_par' dir='ltr' id='par_1_5' title="bbox 1029 253 1805 291">
     <span class='ocr_line' id='line_1_5' title="bbox 1029 253 1805 291; baseline -0.003 -9"><span class='ocrx_word' id='word_1_13' title='bbox 1029 257 1173 291; x_wconf 74' lang='grc' dir='ltr'><strong>παρασχεῖν</strong></span> <span class='ocrx_word' id='word_1_14' title='bbox 1189 256 1236 282; x_wconf 75' lang='grc' dir='ltr'><strong>καὶ</strong></span> <span class='ocrx_word' id='word_1_15' title='bbox 1258 255 1434 290; x_wconf 72' lang='grc' dir='ltr'><strong>παραστῆσαι</strong></span> <span class='ocrx_word' id='word_1_16' title='bbox 1450 253 1489 289; x_wconf 87' lang='grc' dir='ltr'>τῷ</span> <span class='ocrx_word' id='word_1_17' title='bbox 1508 253 1634 289; x_wconf 82' lang='grc' dir='ltr'>δεσπότη.</span> <span class='ocrx_word' id='word_1_18' title='bbox 1657 253 1687 280; x_wconf 87' lang='grc' dir='ltr'><strong>Ὀ</strong></span> <span class='ocrx_word' id='word_1_19' title='bbox 1700 253 1728 281; x_wconf 77' lang='grc' dir='ltr'>δὲ</span> <span class='ocrx_word' id='word_1_20' title='bbox 1750 254 1805 280; x_wconf 75' lang='grc' dir='ltr'><strong>τῶν</strong></span> 
     </span>
    </p>
   </div>
   <div class='ocr_carea' id='block_1_6' title="bbox 195 302 975 337">
    <p class='ocr_par' dir='ltr' id='par_1_6' title="bbox 195 302 975 337">
     <span class='ocr_line' id='line_1_6' title="bbox 195 302 975 337; baseline 0.001 -10"><span class='ocrx_word' id='word_1_21' title='bbox 195 306 369 336; x_wconf 79' lang='lat' dir='ltr'><strong>acceperunt,</strong></span> <span class='ocrx_word' id='word_1_22' title='bbox 392 306 420 329; x_wconf 89' lang='lat' dir='ltr'><strong>et</strong></span> <span class='ocrx_word' id='word_1_23' title='bbox 442 302 476 329; x_wconf 85' lang='lat' dir='ltr'><strong>ibi</strong></span> <span class='ocrx_word' id='word_1_24' title='bbox 492 302 599 329; x_wconf 82' lang='lat' dir='ltr'><strong>Domini</strong></span> <span class='ocrx_word' id='word_1_25' title='bbox 618 302 725 336; x_wconf 85' lang='lat' dir='ltr'><strong>signum</strong></span> <span class='ocrx_word' id='word_1_26' title='bbox 744 307 859 337; x_wconf 77' lang='lat' dir='ltr'><strong>gestant,</strong></span> <span class='ocrx_word' id='word_1_27' title='bbox 878 302 975 329; x_wconf 84' lang='lat' dir='ltr'><strong>merito</strong></span> 
     </span>
    </p>
   </div>
   <div class='ocr_carea' id='block_1_7' title="bbox 197 345 975 380">
    <p class='ocr_par' dir='ltr' id='par_1_7' title="bbox 197 345 975 380">
     <span class='ocr_line' id='line_1_7' title="bbox 197 345 975 380; baseline 0.003 -10"><span class='ocrx_word' id='word_1_28' title='bbox 197 345 260 371; x_wconf 89' lang='lat' dir='ltr'><strong>illttd</strong></span> <span class='ocrx_word' id='word_1_29' title='bbox 275 345 380 380; x_wconf 81' lang='lat' dir='ltr'><strong>eripere</strong></span> <span class='ocrx_word' id='word_1_30' title='bbox 397 347 516 379; x_wconf 81' lang='lat' dir='ltr'><strong>diabolo,</strong></span> <span class='ocrx_word' id='word_1_31' title='bbox 530 347 603 374; x_wconf 86' lang='lat' dir='ltr'><strong>omni</strong></span> <span class='ocrx_word' id='word_1_32' title='bbox 616 347 722 374; x_wconf 85' lang='lat' dir='ltr'><strong>ratione</strong></span> <span class='ocrx_word' id='word_1_33' title='bbox 733 347 825 373; x_wconf 83' lang='lat' dir='ltr'><strong>conari</strong></span> <span class='ocrx_word' id='word_1_34' title='bbox 841 346 930 377; x_wconf 80' lang='lat' dir='ltr'><strong>debet,</strong></span> <span class='ocrx_word' id='word_1_35' title='bbox 945 350 975 372; x_wconf 89' lang='lat' dir='ltr'><strong>ut</strong></span> 
     </span>
    </p>
   </div>
   <div class='ocr_carea' id='block_1_8' title="bbox 195 389 973 424">
    <p class='ocr_par' dir='ltr' id='par_1_8' title="bbox 195 389 973 424">
     <span class='ocr_line' id='line_1_8' title="bbox 195 389 973 424; baseline 0.003 -8"><span class='ocrx_word' id='word_1_36' title='bbox 195 390 217 416; x_wconf 82' lang='lat' dir='ltr'><strong>si</strong></span> <span class='ocrx_word' id='word_1_37' title='bbox 234 389 295 417; x_wconf 87' lang='lat' dir='ltr'><strong>aliis</strong></span> <span class='ocrx_word' id='word_1_38' title='bbox 311 391 464 419; x_wconf 87' lang='lat' dir='ltr'><strong>actionibus</strong></span> <span class='ocrx_word' id='word_1_39' title='bbox 480 392 538 419; x_wconf 86' lang='lat' dir='ltr'><strong>ovis</strong></span> <span class='ocrx_word' id='word_1_40' title='bbox 554 400 616 419; x_wconf 87' lang='lat' dir='ltr'><strong>esca</strong></span> <span class='ocrx_word' id='word_1_41' title='bbox 633 393 679 420; x_wconf 87' lang='lat' dir='ltr'><strong>ﬁat</strong></span> <span class='ocrx_word' id='word_1_42' title='bbox 702 392 833 419; x_wconf 55' lang='lat' dir='ltr'><strong>damonis</strong></span> <span class='ocrx_word' id='word_1_43' title='bbox 845 411 852 424; x_wconf 86' lang='lat'><strong>,</strong></span> <span class='ocrx_word' id='word_1_44' title='bbox 879 391 973 418; x_wconf 86' lang='lat' dir='ltr'><strong>saltem</strong></span> 
     </span>
    </p>
   </div>
   <div class='ocr_carea' id='block_1_9' title="bbox 194 435 973 473">
    <p class='ocr_par' dir='ltr' id='par_1_9' title="bbox 194 435 973 473">
     <span class='ocr_line' id='line_1_9' title="bbox 194 435 973 473; baseline 0.004 -12"><span class='ocrx_word' id='word_1_45' title='bbox 194 435 312 470; x_wconf 79' lang='lat' dir='ltr'><strong>sigillum</strong></span> <span class='ocrx_word' id='word_1_46' title='bbox 323 436 393 469; x_wconf 89' lang='lat' dir='ltr'><strong>ﬁdei,</strong></span> <span class='ocrx_word' id='word_1_47' title='bbox 404 438 474 472; x_wconf 82' lang='lat' dir='ltr'><strong>quod</strong></span> <span class='ocrx_word' id='word_1_48' title='bbox 488 438 514 464; x_wconf 89' lang='lat' dir='ltr'><strong>in</strong></span> <span class='ocrx_word' id='word_1_49' title='bbox 531 438 621 464; x_wconf 90' lang='lat' dir='ltr'><strong>animo</strong></span> <span class='ocrx_word' id='word_1_50' title='bbox 631 446 679 472; x_wconf 86' lang='lat' dir='ltr'><strong>per</strong></span> <span class='ocrx_word' id='word_1_51' title='bbox 691 438 856 473; x_wconf 84' lang='lat' dir='ltr'><strong>baptismum</strong></span> <span class='ocrx_word' id='word_1_52' title='bbox 869 437 973 464; x_wconf 89' lang='lat' dir='ltr'><strong>inscul-</strong></span> 
     </span>
    </p>
   </div>
   <div class='ocr_carea' id='block_1_10' title="bbox 194 481 974 519">
    <p class='ocr_par' dir='ltr' id='par_1_10' title="bbox 194 481 974 519">
     <span class='ocr_line' id='line_1_10' title="bbox 194 481 974 519; baseline 0.004 -12"><span class='ocrx_word' id='word_1_53' title='bbox 194 485 270 514; x_wconf 83' lang='lat' dir='ltr'><strong>ptum</strong></span> <span class='ocrx_word' id='word_1_54' title='bbox 289 481 430 514; x_wconf 84' lang='lat' dir='ltr'><strong>ltabemus.</strong></span> <span class='ocrx_word' id='word_1_55' title='bbox 443 484 530 518; x_wconf 82' lang='lat' dir='ltr'><strong>possit</strong></span> <span class='ocrx_word' id='word_1_56' title='bbox 545 484 620 510; x_wconf 89' lang='lat' dir='ltr'><strong>illinc</strong></span> <span class='ocrx_word' id='word_1_57' title='bbox 633 489 754 519; x_wconf 85' lang='lat' dir='ltr'><strong>ereptum</strong></span> <span class='ocrx_word' id='word_1_58' title='bbox 768 489 890 518; x_wconf 87' lang='lat' dir='ltr'><strong>tempore</strong></span> <span class='ocrx_word' id='word_1_59' title='bbox 905 483 974 510; x_wconf 84' lang='lat' dir='ltr'><strong>visi-</strong></span> 
     </span>
    </p>
   </div>
   <div class='ocr_carea' id='block_1_11' title="bbox 193 526 974 565">
    <p class='ocr_par' dir='ltr' id='par_1_11' title="bbox 193 526 974 565">
     <span class='ocr_line' id='line_1_11' title="bbox 193 526 974 565; baseline 0.005 -13"><span class='ocrx_word' id='word_1_60' title='bbox 193 526 303 554; x_wconf 79' lang='lat' dir='ltr'><strong>lationis</strong></span> <span class='ocrx_word' id='word_1_61' title='bbox 318 528 444 556; x_wconf 83' lang='lat' dir='ltr'><strong>exhibere</strong></span> <span class='ocrx_word' id='word_1_62' title='bbox 461 529 516 556; x_wconf 90' lang='lat' dir='ltr'><strong>Deo</strong></span> <span class='ocrx_word' id='word_1_63' title='bbox 535 539 542 556; x_wconf 92' lang='lat'><strong>:</strong></span> <span class='ocrx_word' id='word_1_64' title='bbox 562 538 689 565; x_wconf 88' lang='lat' dir='ltr'><strong>magnum</strong></span> <span class='ocrx_word' id='word_1_65' title='bbox 701 535 888 565; x_wconf 79' lang='lat' dir='ltr'><strong>argumentum</strong></span> <span class='ocrx_word' id='word_1_66' title='bbox 905 537 974 564; x_wconf 69' lang='lat' dir='ltr'><strong>prm-</strong></span> 
     </span>
    </p>
   </div>
   <div class='ocr_carea' id='block_1_12' title="bbox 193 569 974 610">
    <p class='ocr_par' dir='ltr' id='par_1_12' title="bbox 193 569 974 610">
     <span class='ocr_line' id='line_1_12' title="bbox 193 569 974 610; baseline 0.005 -13"><span class='ocrx_word' id='word_1_67' title='bbox 193 569 294 604; x_wconf 82' lang='lat' dir='ltr'><strong>ferens,</strong></span> <span class='ocrx_word' id='word_1_68' title='bbox 309 580 362 600; x_wconf 92' lang='lat' dir='ltr'><strong>non</strong></span> <span class='ocrx_word' id='word_1_69' title='bbox 377 581 426 601; x_wconf 85' lang='lat' dir='ltr'><strong>sua</strong></span> <span class='ocrx_word' id='word_1_70' title='bbox 438 574 612 610; x_wconf 81' lang='lat' dir='ltr'><strong>negligentia,</strong></span> <span class='ocrx_word' id='word_1_71' title='bbox 622 575 766 603; x_wconf 83' lang='lat' dir='ltr'><strong>ctinteritu</strong></span> <span class='ocrx_word' id='word_1_72' title='bbox 778 583 843 602; x_wconf 84' lang='lat' dir='ltr'><strong>oves</strong></span> <span class='ocrx_word' id='word_1_73' title='bbox 858 575 974 602; x_wconf 83' lang='lat' dir='ltr'><strong>amissas</strong></span> 
     </span>
    </p>
   </div>
   <div class='ocr_carea' id='block_1_13' title="bbox 193 623 263 644">
    <p class='ocr_par' dir='ltr' id='par_1_13' title="bbox 193 623 263 644">
     <span class='ocr_line' id='line_1_13' title="bbox 193 623 263 644; baseline 0 0"><span class='ocrx_word' id='word_1_74' title='bbox 193 623 263 644; x_wconf 62' lang='grc' dir='ltr'>ελδερ.</span> 
     </span>
    </p>
   </div>
   <div class='ocr_carea' id='block_1_14' title="bbox 195 663 479 699">
    <p class='ocr_par' dir='ltr' id='par_1_14' title="bbox 195 663 479 699">
     <span class='ocr_line' id='line_1_14' title="bbox 195 663 479 699; baseline 0.014 -10"><span class='ocrx_word' id='word_1_75' title='bbox 195 663 337 699; x_wconf 77' lang='grc' dir='ltr'>μάνΘημεν</span> <span class='ocrx_word' id='word_1_76' title='bbox 361 665 404 692; x_wconf 83' lang='grc' dir='ltr'>διὰ</span> <span class='ocrx_word' id='word_1_77' title='bbox 431 666 479 693; x_wconf 81' lang='grc' dir='ltr'>τοῦ</span> 
     </span>
    </p>
   </div>
   <div class='ocr_carea' id='block_1_15' title="bbox 1021 296 1802 336">
    <p class='ocr_par' dir='ltr' id='par_1_15' title="bbox 1021 296 1802 336">
     <span class='ocr_line' id='line_1_15' title="bbox 1021 296 1802 336; baseline -0.003 -8"><span class='ocrx_word' id='word_1_78' title='bbox 1021 301 1138 336; x_wconf 80' lang='grc' dir='ltr'><strong>λογικῶν</strong></span> <span class='ocrx_word' id='word_1_79' title='bbox 1146 301 1289 327; x_wconf 78' lang='grc' dir='ltr'>ποοόάτων</span> <span class='ocrx_word' id='word_1_80' title='bbox 1308 301 1416 335; x_wconf 82' lang='grc' dir='ltr'>ποιμὴν,</span> <span class='ocrx_word' id='word_1_81' title='bbox 1431 301 1492 327; x_wconf 71' lang='grc' dir='ltr'>ἐπεὶ</span> <span class='ocrx_word' id='word_1_82' title='bbox 1503 300 1537 327; x_wconf 78' lang='grc' dir='ltr'>τὰ</span> <span class='ocrx_word' id='word_1_83' title='bbox 1548 300 1681 334; x_wconf 79' lang='grc' dir='ltr'>πρόϐατα,</span> <span class='ocrx_word' id='word_1_84' title='bbox 1693 296 1731 327; x_wconf 80' lang='grc' dir='ltr'>ὧν</span> <span class='ocrx_word' id='word_1_85' title='bbox 1744 301 1802 326; x_wconf 72' lang='grc' dir='ltr'>ἐστι</span> 
     </span>
    </p>
   </div>
   <div class='ocr_carea' id='block_1_16' title="bbox 1024 344 1803 381">
    <p class='ocr_par' dir='ltr' id='par_1_16' title="bbox 1024 344 1803 381">
     <span class='ocr_line' id='line_1_16' title="bbox 1024 344 1803 381; baseline -0.003 -9"><span class='ocrx_word' id='word_1_86' title='bbox 1024 346 1135 380; x_wconf 86' lang='grc' dir='ltr'>ποιμὴν,</span> <span class='ocrx_word' id='word_1_87' title='bbox 1149 346 1198 381; x_wconf 79' lang='grc' dir='ltr'><strong>τὴν</strong></span> <span class='ocrx_word' id='word_1_88' title='bbox 1214 345 1352 380; x_wconf 73' lang='grc' dir='ltr'>σφραγῖδα</span> <span class='ocrx_word' id='word_1_89' title='bbox 1367 345 1411 371; x_wconf 80' lang='grc' dir='ltr'>διὰ</span> <span class='ocrx_word' id='word_1_90' title='bbox 1429 344 1476 371; x_wconf 76' lang='grc' dir='ltr'>τοῦ</span> <span class='ocrx_word' id='word_1_91' title='bbox 1496 344 1682 379; x_wconf 82' lang='grc' dir='ltr'><strong>βαπτίσματος</strong></span> <span class='ocrx_word' id='word_1_92' title='bbox 1693 345 1740 370; x_wconf 72' lang='grc' dir='ltr'>καὶ.</span> <span class='ocrx_word' id='word_1_93' title='bbox 1754 344 1803 378; x_wconf 74' lang='grc' dir='ltr'>τῆς</span> 
     </span>
    </p>
   </div>
   <div class='ocr_carea' id='block_1_17' title="bbox 1021 390 1801 427">
    <p class='ocr_par' dir='ltr' id='par_1_17' title="bbox 1021 390 1801 427">
     <span class='ocr_line' id='line_1_17' title="bbox 1021 390 1801 427; baseline -0.003 -9"><span class='ocrx_word' id='word_1_94' title='bbox 1021 392 1165 427; x_wconf 79' lang='grc' dir='ltr'>ὁμολογίας</span> <span class='ocrx_word' id='word_1_95' title='bbox 1195 392 1244 426; x_wconf 78' lang='grc' dir='ltr'><strong>τῆς</strong></span> <span class='ocrx_word' id='word_1_96' title='bbox 1269 391 1387 422; x_wconf 81' lang='grc' dir='ltr'>πίστεως</span> <span class='ocrx_word' id='word_1_97' title='bbox 1409 391 1455 417; x_wconf 73' lang='grc' dir='ltr'>ἐπὶ</span> <span class='ocrx_word' id='word_1_98' title='bbox 1488 391 1536 425; x_wconf 85' lang='grc' dir='ltr'><strong>τῆς</strong></span> <span class='ocrx_word' id='word_1_99' title='bbox 1565 390 1653 425; x_wconf 81' lang='grc' dir='ltr'>ψυχῆς</span> <span class='ocrx_word' id='word_1_100' title='bbox 1683 390 1801 422; x_wconf 77' lang='grc' dir='ltr'><strong>ἐδέξατο,</strong></span> 
     </span>
    </p>
   </div>
   <div class='ocr_carea' id='block_1_18' title="bbox 1022 435 1803 472">
    <p class='ocr_par' dir='ltr' id='par_1_18' title="bbox 1022 435 1803 472">
     <span class='ocr_line' id='line_1_18' title="bbox 1022 435 1803 472; baseline -0.003 -8"><span class='ocrx_word' id='word_1_101' title='bbox 1022 438 1102 464; x_wconf 74' lang='grc' dir='ltr'>κάκεῖ</span> <span class='ocrx_word' id='word_1_102' title='bbox 1114 437 1144 464; x_wconf 79' lang='grc' dir='ltr'>τὸ</span> <span class='ocrx_word' id='word_1_103' title='bbox 1159 438 1270 472; x_wconf 80' lang='grc' dir='ltr'>σημεῖον</span> <span class='ocrx_word' id='word_1_104' title='bbox 1288 436 1319 463; x_wconf 82' lang='grc' dir='ltr'><strong>τὸ</strong></span> <span class='ocrx_word' id='word_1_105' title='bbox 1333 436 1491 463; x_wconf 73' lang='grc' dir='ltr'>δεσποτικὸν</span> <span class='ocrx_word' id='word_1_106' title='bbox 1510 437 1597 471; x_wconf 76' lang='grc' dir='ltr'>φέρει,</span> <span class='ocrx_word' id='word_1_107' title='bbox 1613 436 1723 466; x_wconf 79' lang='grc' dir='ltr'><strong>εἰκότως</strong></span> <span class='ocrx_word' id='word_1_108' title='bbox 1739 435 1803 462; x_wconf 81' lang='grc' dir='ltr'>ταύ-</span> 
     </span>
    </p>
   </div>
   <div class='ocr_carea' id='block_1_19' title="bbox 1021 481 1803 518">
    <p class='ocr_par' dir='ltr' id='par_1_19' title="bbox 1021 481 1803 518">
     <span class='ocr_line' id='line_1_19' title="bbox 1021 481 1803 518; baseline -0.004 -9"><span class='ocrx_word' id='word_1_109' title='bbox 1021 491 1071 518; x_wconf 87' lang='grc' dir='ltr'><strong>την</strong></span> <span class='ocrx_word' id='word_1_110' title='bbox 1090 483 1216 516; x_wconf 77' lang='grc' dir='ltr'><strong>ἀποσπᾷν</strong></span> <span class='ocrx_word' id='word_1_111' title='bbox 1228 481 1276 508; x_wconf 80' lang='grc' dir='ltr'>τοῦ</span> <span class='ocrx_word' id='word_1_112' title='bbox 1290 481 1412 508; x_wconf 78' lang='grc' dir='ltr'>διαϐόλου</span> <span class='ocrx_word' id='word_1_113' title='bbox 1439 481 1540 517; x_wconf 85' lang='grc' dir='ltr'>πολλὴν</span> <span class='ocrx_word' id='word_1_114' title='bbox 1567 481 1684 516; x_wconf 80' lang='grc' dir='ltr'>σπουδὴν</span> <span class='ocrx_word' id='word_1_115' title='bbox 1700 481 1803 515; x_wconf 76' lang='grc' dir='ltr'><strong>ὀφείλει</strong></span> 
     </span>
    </p>
   </div>
   <div class='ocr_carea' id='block_1_20' title="bbox 1023 526 1804 561">
    <p class='ocr_par' dir='ltr' id='par_1_20' title="bbox 1023 526 1804 561">
     <span class='ocr_line' id='line_1_20' title="bbox 1023 526 1804 561; baseline -0.001 -7"><span class='ocrx_word' id='word_1_116' title='bbox 1023 528 1168 559; x_wconf 76' lang='grc' dir='ltr'>ποιεῖσθαι,</span> <span class='ocrx_word' id='word_1_117' title='bbox 1193 528 1246 558; x_wconf 75' lang='grc' dir='ltr'>ἵνα.</span> <span class='ocrx_word' id='word_1_118' title='bbox 1273 528 1298 554; x_wconf 80' lang='grc' dir='ltr'>εἰ</span> <span class='ocrx_word' id='word_1_119' title='bbox 1324 527 1372 554; x_wconf 72' lang='grc' dir='ltr'><strong>καὶ</strong></span> <span class='ocrx_word' id='word_1_120' title='bbox 1393 529 1451 558; x_wconf 82' lang='grc' dir='ltr'>ταῖς</span> <span class='ocrx_word' id='word_1_121' title='bbox 1475 527 1568 559; x_wconf 81' lang='grc' dir='ltr'>ἄλλαις</span> <span class='ocrx_word' id='word_1_122' title='bbox 1589 527 1706 561; x_wconf 81' lang='grc' dir='ltr'>πράξεσι</span> <span class='ocrx_word' id='word_1_123' title='bbox 1720 526 1804 553; x_wconf 73' lang='grc' dir='ltr'>κατὰ·</span> 
     </span>
    </p>
   </div>
   <div class='ocr_carea' id='block_1_21' title="bbox 1024 570 1805 610">
    <p class='ocr_par' dir='ltr' id='par_1_21' title="bbox 1024 570 1805 610">
     <span class='ocr_line' id='line_1_21' title="bbox 1024 570 1805 610; baseline -0.003 -10"><span class='ocrx_word' id='word_1_124' title='bbox 1024 574 1121 610; x_wconf 85' lang='grc' dir='ltr'>βρωμα</span> <span class='ocrx_word' id='word_1_125' title='bbox 1139 574 1250 609; x_wconf 81' lang='grc' dir='ltr'>γένηται</span> <span class='ocrx_word' id='word_1_126' title='bbox 1263 574 1294 600; x_wconf 79' lang='grc' dir='ltr'>τὸ</span> <span class='ocrx_word' id='word_1_127' title='bbox 1305 573 1441 609; x_wconf 72' lang='grc' dir='ltr'>πρόϐατον</span> <span class='ocrx_word' id='word_1_128' title='bbox 1461 573 1508 604; x_wconf 73' lang='grc' dir='ltr'>τοῦ</span> <span class='ocrx_word' id='word_1_129' title='bbox 1524 573 1641 608; x_wconf 83' lang='grc' dir='ltr'>πονηροῦ</span> <span class='ocrx_word' id='word_1_130' title='bbox 1651 593 1658 606; x_wconf 83' lang='grc'><em>,</em></span> <span class='ocrx_word' id='word_1_131' title='bbox 1673 573 1731 600; x_wconf 79' lang='grc' dir='ltr'>ἀλλ’</span> <span class='ocrx_word' id='word_1_132' title='bbox 1759 570 1805 599; x_wconf 77' lang='grc' dir='ltr'><strong>οὖν</strong></span> 
     </span>
    </p>
   </div>
   <div class='ocr_carea' id='block_1_22' title="bbox 1024 618 1808 654">
    <p class='ocr_par' dir='ltr' id='par_1_22' title="bbox 1024 618 1808 654">
     <span class='ocr_line' id='line_1_22' title="bbox 1024 618 1808 654; baseline -0.001 -9"><span class='ocrx_word' id='word_1_133' title='bbox 1024 619 1075 646; x_wconf 78' lang='grc' dir='ltr'>κᾶν</span> <span class='ocrx_word' id='word_1_134' title='bbox 1091 619 1116 635; x_wconf 81' lang='grc'><strong>⁸⁸</strong></span> <span class='ocrx_word' id='word_1_135' title='bbox 1131 618 1196 652; x_wconf 81' lang='grc' dir='ltr'>γοῦν</span> <span class='ocrx_word' id='word_1_136' title='bbox 1219 619 1267 654; x_wconf 84' lang='grc' dir='ltr'><strong>τὴν</strong></span> <span class='ocrx_word' id='word_1_137' title='bbox 1285 619 1421 654; x_wconf 78' lang='grc' dir='ltr'>σφραγῖδα</span> <span class='ocrx_word' id='word_1_138' title='bbox 1443 621 1492 653; x_wconf 78' lang='grc' dir='ltr'>τῆς</span> <span class='ocrx_word' id='word_1_139' title='bbox 1512 619 1638 651; x_wconf 80' lang='grc' dir='ltr'>πίστεως,</span> <span class='ocrx_word' id='word_1_140' title='bbox 1658 619 1691 653; x_wconf 83' lang='grc' dir='ltr'>ἢν</span> <span class='ocrx_word' id='word_1_141' title='bbox 1712 619 1808 651; x_wconf 82' lang='grc' dir='ltr'>ἐνεση-</span> 
     </span>
    </p>
   </div>
   <div class='ocr_carea' id='block_1_23' title="bbox 517 665 1808 702">
    <p class='ocr_par' dir='ltr' id='par_1_23' title="bbox 517 665 1808 702">
     <span class='ocr_line' id='line_1_23' title="bbox 517 665 1808 702; baseline -0.002 -9"><span class='ocrx_word' id='word_1_142' title='bbox 517 665 705 702; x_wconf 72' lang='grc' dir='ltr'><strong>βαπτίσματος</strong></span> <span class='ocrx_word' id='word_1_143' title='bbox 740 668 772 702; x_wconf 82' lang='grc' dir='ltr'>τῇ</span> <span class='ocrx_word' id='word_1_144' title='bbox 800 667 884 702; x_wconf 78' lang='grc' dir='ltr'>ψυχῇ,</span> <span class='ocrx_word' id='word_1_145' title='bbox 914 665 1013 700; x_wconf 79' lang='grc' dir='ltr'><strong>δυνηθῇ</strong></span> <span class='ocrx_word' id='word_1_146' title='bbox 1027 665 1131 691; x_wconf 79' lang='grc' dir='ltr'>ἐκεῖθεν</span> <span class='ocrx_word' id='word_1_147' title='bbox 1147 665 1308 695; x_wconf 76' lang='grc' dir='ltr'>ἀποσπάσας</span> <span class='ocrx_word' id='word_1_148' title='bbox 1335 665 1365 691; x_wconf 83' lang='grc' dir='ltr'>ὲν</span> <span class='ocrx_word' id='word_1_149' title='bbox 1393 665 1481 700; x_wconf 84' lang='grc' dir='ltr'>καιρῷ</span> <span class='ocrx_word' id='word_1_150' title='bbox 1498 665 1650 699; x_wconf 64' lang='grc' dir='ltr'>ὲπιεκοπῆς</span> <span class='ocrx_word' id='word_1_151' title='bbox 1677 665 1808 697; x_wconf 78' lang='grc' dir='ltr'>ἐπιδεῖξαι</span> 
     </span>
    </p>
   </div>
   <div class='ocr_carea' id='block_1_24' title="bbox 192 709 1808 748">
    <p class='ocr_par' dir='ltr' id='par_1_24' title="bbox 192 709 1808 748">
     <span class='ocr_line' id='line_1_24' title="bbox 192 709 1808 748; baseline 0.001 -12"><span class='ocrx_word' id='word_1_152' title='bbox 192 709 232 742; x_wconf 78' lang='grc' dir='ltr'><strong>τῷ</strong></span> <span class='ocrx_word' id='word_1_153' title='bbox 244 709 377 747; x_wconf 75' lang='grc' dir='ltr'><strong>Δεσπότῃ,</strong></span> <span class='ocrx_word' id='word_1_154' title='bbox 396 712 468 746; x_wconf 79' lang='grc' dir='ltr'>μέγα</span> <span class='ocrx_word' id='word_1_155' title='bbox 486 713 620 748; x_wconf 75' lang='grc' dir='ltr'>σύμῦολον</span> <span class='ocrx_word' id='word_1_156' title='bbox 646 713 781 748; x_wconf 78' lang='grc' dir='ltr'>ἐφιφὲρων</span> <span class='ocrx_word' id='word_1_157' title='bbox 797 713 844 739; x_wconf 82' lang='grc' dir='ltr'>τοῦ</span> <span class='ocrx_word' id='word_1_158' title='bbox 874 713 911 748; x_wconf 85' lang='grc' dir='ltr'><strong>μὴ</strong></span> <span class='ocrx_word' id='word_1_159' title='bbox 939 714 970 738; x_wconf 79' lang='grc' dir='ltr'><strong>ὲκ</strong></span> <span class='ocrx_word' id='word_1_160' title='bbox 990 713 1038 748; x_wconf 80' lang='grc' dir='ltr'>τῆς</span> <span class='ocrx_word' id='word_1_161' title='bbox 1052 712 1119 742; x_wconf 75' lang='grc' dir='ltr'>ἰδίας</span> <span class='ocrx_word' id='word_1_162' title='bbox 1139 711 1274 747; x_wconf 72' lang='grc' dir='ltr'>ῥᾳθυμίας</span> <span class='ocrx_word' id='word_1_163' title='bbox 1303 712 1349 738; x_wconf 68' lang='grc' dir='ltr'>καὶ</span> <span class='ocrx_word' id='word_1_164' title='bbox 1381 711 1517 743; x_wconf 75' lang='grc' dir='ltr'><strong>ἀπωλείας</strong></span> <span class='ocrx_word' id='word_1_165' title='bbox 1531 711 1755 746; x_wconf 76' lang='grc' dir='ltr'>παραπολωλέναι</span> <span class='ocrx_word' id='word_1_166' title='bbox 1773 711 1808 737; x_wconf 74' lang='grc' dir='ltr'>τὰ</span> 
     </span>
    </p>
   </div>
   <div class='ocr_carea' id='block_1_25' title="bbox 166 756 326 792">
    <p class='ocr_par' dir='ltr' id='par_1_25' title="bbox 166 756 326 792">
     <span class='ocr_line' id='line_1_25' title="bbox 166 756 326 792; baseline 0.006 -9"><span class='ocrx_word' id='word_1_167' title='bbox 166 783 170 787; x_wconf 69' lang='grc'><em>,</em></span> <span class='ocrx_word' id='word_1_168' title='bbox 193 756 326 792; x_wconf 72' lang='grc' dir='ltr'>πρόϐατα.</span> 
     </span>
    </p>
   </div>
   <div class='ocr_carea' id='block_1_26' title="bbox 229 803 973 839">
    <p class='ocr_par' dir='ltr' id='par_1_26' title="bbox 229 803 973 839">
     <span class='ocr_line' id='line_1_26' title="bbox 229 803 973 839; baseline 0.003 -9"><span class='ocrx_word' id='word_1_169' title='bbox 229 803 403 839; x_wconf 76' lang='lat' dir='ltr'><strong>interrogans</strong></span> <span class='ocrx_word' id='word_1_170' title='bbox 420 804 551 832; x_wconf 86' lang='lat' dir='ltr'><strong>Dominus</strong></span> <span class='ocrx_word' id='word_1_171' title='bbox 567 804 678 832; x_wconf 82' lang='lat' dir='ltr'><strong>Petrum</strong></span> <span class='ocrx_word' id='word_1_172' title='bbox 695 815 702 833; x_wconf 84' lang='lat'><strong>:</strong></span> <span class='ocrx_word' id='word_1_173' title='bbox 717 806 806 833; x_wconf 83' lang='lat' dir='ltr'><strong>Simon</strong></span> <span class='ocrx_word' id='word_1_174' title='bbox 819 805 973 837; x_wconf 77' lang='lat' dir='ltr'><strong>Jona,dili-</strong></span> 
     </span>
    </p>
   </div>
   <div class='ocr_carea' id='block_1_27' title="bbox 193 849 974 886">
    <p class='ocr_par' dir='ltr' id='par_1_27' title="bbox 193 849 974 886">
     <span class='ocr_line' id='line_1_27' title="bbox 193 849 974 886; baseline 0.004 -11"><span class='ocrx_word' id='word_1_175' title='bbox 193 849 234 884; x_wconf 70' lang='lat' dir='ltr'><strong>gis</strong></span> <span class='ocrx_word' id='word_1_176' title='bbox 247 858 287 876; x_wconf 85' lang='lat' dir='ltr'><strong>me</strong></span> <span class='ocrx_word' id='word_1_177' title='bbox 297 850 356 884; x_wconf 75' lang='lat' dir='ltr'><strong>plus</strong></span> <span class='ocrx_word' id='word_1_178' title='bbox 372 850 411 876; x_wconf 80' lang='lat' dir='ltr'><strong>ln‘s</strong></span> <span class='ocrx_word' id='word_1_179' title='bbox 423 850 458 877; x_wconf 67' lang='lat' dir='ltr'><strong>t1?</strong></span> <span class='ocrx_word' id='word_1_180' title='bbox 473 851 530 885; x_wconf 90' lang='lat' dir='ltr'><strong>ipse</strong></span> <span class='ocrx_word' id='word_1_181' title='bbox 546 851 592 886; x_wconf 88' lang='lat' dir='ltr'><strong>qui</strong></span> <span class='ocrx_word' id='word_1_182' title='bbox 608 852 682 878; x_wconf 83' lang='lat' dir='ltr'><strong>novit</strong></span> <span class='ocrx_word' id='word_1_183' title='bbox 702 851 804 884; x_wconf 85' lang='lat' dir='ltr'><strong>omnia,</strong></span> <span class='ocrx_word' id='word_1_184' title='bbox 818 858 871 878; x_wconf 92' lang='lat' dir='ltr'><strong>non</strong></span> <span class='ocrx_word' id='word_1_185' title='bbox 891 851 974 878; x_wconf 85' lang='lat' dir='ltr'><strong>inter-</strong></span> 
     </span>
    </p>
   </div>
   <div class='ocr_carea' id='block_1_28' title="bbox 195 896 973 932">
    <p class='ocr_par' dir='ltr' id='par_1_28' title="bbox 195 896 973 932">
     <span class='ocr_line' id='line_1_28' title="bbox 195 896 973 932; baseline 0 -10"><span class='ocrx_word' id='word_1_186' title='bbox 195 896 300 928; x_wconf 73' lang='lat' dir='ltr'><strong>rogavit</strong></span> <span class='ocrx_word' id='word_1_187' title='bbox 316 896 348 922; x_wconf 84' lang='lat' dir='ltr'><strong>ad</strong></span> <span class='ocrx_word' id='word_1_188' title='bbox 366 897 595 930; x_wconf 83' lang='lat' dir='ltr'><strong>cognoscendum,</strong></span> <span class='ocrx_word' id='word_1_189' title='bbox 611 897 657 924; x_wconf 86' lang='lat' dir='ltr'><strong>sed</strong></span> <span class='ocrx_word' id='word_1_190' title='bbox 674 905 735 924; x_wconf 87' lang='lat' dir='ltr'><strong>cutn</strong></span> <span class='ocrx_word' id='word_1_191' title='bbox 747 902 883 932; x_wconf 79' lang='lat' dir='ltr'><strong>pastorem</strong></span> <span class='ocrx_word' id='word_1_192' title='bbox 899 897 973 924; x_wconf 91' lang='lat' dir='ltr'><strong>illum</strong></span> 
     </span>
    </p>
   </div>
   <div class='ocr_carea' id='block_1_29' title="bbox 196 941 974 977">
    <p class='ocr_par' dir='ltr' id='par_1_29' title="bbox 196 941 974 977">
     <span class='ocr_line' id='line_1_29' title="bbox 196 941 974 977; baseline 0.003 -10"><span class='ocrx_word' id='word_1_193' title='bbox 196 941 395 969; x_wconf 87' lang='lat' dir='ltr'><strong>constitttturus</strong></span> <span class='ocrx_word' id='word_1_194' title='bbox 417 946 498 974; x_wconf 80' lang='lat' dir='ltr'><strong>esset,</strong></span> <span class='ocrx_word' id='word_1_195' title='bbox 515 946 544 969; x_wconf 90' lang='lat' dir='ltr'><strong>ut</strong></span> <span class='ocrx_word' id='word_1_196' title='bbox 562 943 715 970; x_wconf 78' lang='lat' dir='ltr'><strong>ostenderet</strong></span> <span class='ocrx_word' id='word_1_197' title='bbox 733 947 862 977; x_wconf 83' lang='lat' dir='ltr'><strong>quantam</strong></span> <span class='ocrx_word' id='word_1_198' title='bbox 881 950 974 969; x_wconf 89' lang='lat' dir='ltr'><strong>curam</strong></span> 
     </span>
    </p>
   </div>
   <div class='ocr_carea' id='block_1_30' title="bbox 189 987 975 1024">
    <p class='ocr_par' dir='ltr' id='par_1_30' title="bbox 189 987 975 1024">
     <span class='ocr_line' id='line_1_30' title="bbox 189 987 975 1024; baseline 0.003 -11"><span class='ocrx_word' id='word_1_199' title='bbox 189 987 274 1014; x_wconf 92' lang='lat' dir='ltr'><strong>.ovilis</strong></span> <span class='ocrx_word' id='word_1_200' title='bbox 285 991 370 1022; x_wconf 80' lang='lat' dir='ltr'><strong>gerat,</strong></span> <span class='ocrx_word' id='word_1_201' title='bbox 386 987 436 1014; x_wconf 87' lang='lat' dir='ltr'><strong>boc</strong></span> <span class='ocrx_word' id='word_1_202' title='bbox 457 987 528 1015; x_wconf 82' lang='lat' dir='ltr'><strong>fecit.</strong></span> <span class='ocrx_word' id='word_1_203' title='bbox 546 988 619 1016; x_wconf 90' lang='lat' dir='ltr'><strong>Idem</strong></span> <span class='ocrx_word' id='word_1_204' title='bbox 633 989 703 1015; x_wconf 91' lang='lat' dir='ltr'><strong>enim</strong></span> <span class='ocrx_word' id='word_1_205' title='bbox 722 990 766 1024; x_wconf 87' lang='lat' dir='ltr'><strong>qui</strong></span> <span class='ocrx_word' id='word_1_206' title='bbox 784 997 813 1015; x_wconf 83' lang='lat' dir='ltr'><strong>se</strong></span> <span class='ocrx_word' id='word_1_207' title='bbox 829 988 975 1015; x_wconf 91' lang='lat' dir='ltr'><strong>Dominum</strong></span> 
     </span>
    </p>
   </div>
   <div class='ocr_carea' id='block_1_31' title="bbox 194 1033 976 1069">
    <p class='ocr_par' dir='ltr' id='par_1_31' title="bbox 194 1033 976 1069">
     <span class='ocr_line' id='line_1_31' title="bbox 194 1033 976 1069; baseline 0.001 -10"><span class='ocrx_word' id='word_1_208' title='bbox 194 1033 297 1068; x_wconf 87' lang='lat' dir='ltr'><strong>ingenti</strong></span> <span class='ocrx_word' id='word_1_209' title='bbox 320 1041 413 1060; x_wconf 85' lang='lat' dir='ltr'><strong>amore</strong></span> <span class='ocrx_word' id='word_1_210' title='bbox 426 1039 612 1068; x_wconf 84' lang='lat' dir='ltr'><strong>prosecutum,</strong></span> <span class='ocrx_word' id='word_1_211' title='bbox 630 1034 655 1060; x_wconf 89' lang='lat' dir='ltr'><strong>in</strong></span> <span class='ocrx_word' id='word_1_212' title='bbox 672 1039 812 1068; x_wconf 82' lang='lat' dir='ltr'><strong>pastorem</strong></span> <span class='ocrx_word' id='word_1_213' title='bbox 829 1034 976 1069; x_wconf 81' lang='lat' dir='ltr'><strong>eoaptnvit,</strong></span> 
     </span>
    </p>
   </div>
   <div class='ocr_carea' id='block_1_32' title="bbox 196 1078 976 1113">
    <p class='ocr_par' dir='ltr' id='par_1_32' title="bbox 196 1078 976 1113">
     <span class='ocr_line' id='line_1_32' title="bbox 196 1078 976 1113; baseline 0.003 -9"><span class='ocrx_word' id='word_1_214' title='bbox 196 1085 322 1112; x_wconf 75' lang='lat' dir='ltr'><strong>magnam</strong></span> <span class='ocrx_word' id='word_1_215' title='bbox 336 1078 395 1104; x_wconf 87' lang='lat' dir='ltr'><strong>sine</strong></span> <span class='ocrx_word' id='word_1_216' title='bbox 419 1078 503 1105; x_wconf 87' lang='lat' dir='ltr'><strong>dubio</strong></span> <span class='ocrx_word' id='word_1_217' title='bbox 518 1086 581 1113; x_wconf 79' lang='lat' dir='ltr'><strong>erga</strong></span> <span class='ocrx_word' id='word_1_218' title='bbox 604 1087 669 1106; x_wconf 84' lang='lat' dir='ltr'><strong>oves</strong></span> <span class='ocrx_word' id='word_1_219' title='bbox 694 1087 813 1106; x_wconf 81' lang='lat' dir='ltr'><strong>antorem</strong></span> <span class='ocrx_word' id='word_1_220' title='bbox 841 1079 976 1113; x_wconf 76' lang='lat' dir='ltr'><strong>praebuit:</strong></span> 
     </span>
    </p>
   </div>
   <div class='ocr_carea' id='block_1_33' title="bbox 197 1123 978 1160">
    <p class='ocr_par' dir='ltr' id='par_1_33' title="bbox 197 1123 978 1160">
     <span class='ocr_line' id='line_1_33' title="bbox 197 1123 978 1160; baseline 0.001 -10"><span class='ocrx_word' id='word_1_221' title='bbox 197 1123 258 1151; x_wconf 86' lang='lat' dir='ltr'><strong>ideo</strong></span> <span class='ocrx_word' id='word_1_222' title='bbox 271 1124 328 1158; x_wconf 66' lang='grc'><strong>(54)</strong></span> <span class='ocrx_word' id='word_1_223' title='bbox 341 1129 368 1151; x_wconf 90' lang='lat' dir='ltr'><strong>ct</strong></span> <span class='ocrx_word' id='word_1_224' title='bbox 378 1124 456 1151; x_wconf 86' lang='lat' dir='ltr'><strong>tertio</strong></span> <span class='ocrx_word' id='word_1_225' title='bbox 468 1125 654 1159; x_wconf 84' lang='lat' dir='ltr'><strong>interrogavit,</strong></span> <span class='ocrx_word' id='word_1_226' title='bbox 666 1133 789 1159; x_wconf 77' lang='lat' dir='ltr'><strong>magnam</strong></span> <span class='ocrx_word' id='word_1_227' title='bbox 798 1132 860 1160; x_wconf 77' lang='lat' dir='ltr'><strong>erga</strong></span> <span class='ocrx_word' id='word_1_228' title='bbox 875 1125 978 1152; x_wconf 85' lang='lat' dir='ltr'><strong>ratione</strong></span> 
     </span>
    </p>
   </div>
   <div class='ocr_carea' id='block_1_34' title="bbox 194 1170 976 1205">
    <p class='ocr_par' dir='ltr' id='par_1_34' title="bbox 194 1170 976 1205">
     <span class='ocr_line' id='line_1_34' title="bbox 194 1170 976 1205; baseline 0.003 -9"><span class='ocrx_word' id='word_1_229' title='bbox 194 1170 323 1205; x_wconf 59' lang='lat' dir='ltr'><strong>pravditas</strong></span> <span class='ocrx_word' id='word_1_230' title='bbox 338 1178 401 1197; x_wconf 84' lang='lat' dir='ltr'><strong>oves</strong></span> <span class='ocrx_word' id='word_1_231' title='bbox 414 1179 506 1198; x_wconf 85' lang='lat' dir='ltr'><strong>curam</strong></span> <span class='ocrx_word' id='word_1_232' title='bbox 522 1171 680 1198; x_wconf 86' lang='lat' dir='ltr'><strong>ostendens.</strong></span> <span class='ocrx_word' id='word_1_233' title='bbox 709 1171 809 1198; x_wconf 89' lang='lat' dir='ltr'><strong>Dcindc</strong></span> <span class='ocrx_word' id='word_1_234' title='bbox 826 1177 852 1198; x_wconf 90' lang='lat' dir='ltr'><strong>et</strong></span> <span class='ocrx_word' id='word_1_235' title='bbox 864 1172 976 1205; x_wconf 80' lang='lat' dir='ltr'><strong>gradum</strong></span> 
     </span>
    </p>
   </div>
   <div class='ocr_carea' id='block_1_35' title="bbox 195 1215 976 1250">
    <p class='ocr_par' dir='ltr' id='par_1_35' title="bbox 195 1215 976 1250">
     <span class='ocr_line' id='line_1_35' title="bbox 195 1215 976 1250; baseline 0.004 -10"><span class='ocrx_word' id='word_1_236' title='bbox 195 1215 341 1249; x_wconf 82' lang='lat' dir='ltr'><strong>quemdam</strong></span> <span class='ocrx_word' id='word_1_237' title='bbox 352 1215 443 1241; x_wconf 88' lang='lat' dir='ltr'><strong>ovium</strong></span> <span class='ocrx_word' id='word_1_238' title='bbox 456 1215 531 1245; x_wconf 82' lang='lat' dir='ltr'><strong>facit,</strong></span> <span class='ocrx_word' id='word_1_239' title='bbox 541 1215 628 1249; x_wconf 86' lang='lat' dir='ltr'><strong>primo</strong></span> <span class='ocrx_word' id='word_1_240' title='bbox 639 1215 738 1249; x_wconf 81' lang='lat' dir='ltr'><strong>jubens</strong></span> <span class='ocrx_word' id='word_1_241' title='bbox 753 1222 838 1249; x_wconf 77' lang='lat' dir='ltr'><strong>ag-nos</strong></span> <span class='ocrx_word' id='word_1_242' title='bbox 855 1223 976 1250; x_wconf 72' lang='lat' dir='ltr'><strong>pascere,</strong></span> 
     </span>
    </p>
   </div>
   <div class='ocr_carea' id='block_1_36' title="bbox 194 1259 977 1296">
    <p class='ocr_par' dir='ltr' id='par_1_36' title="bbox 194 1259 977 1296">
     <span class='ocr_line' id='line_1_36' title="bbox 194 1259 977 1296; baseline 0.001 -9"><span class='ocrx_word' id='word_1_243' title='bbox 194 1259 291 1287; x_wconf 86' lang='lat' dir='ltr'><strong>deinde</strong></span> <span class='ocrx_word' id='word_1_244' title='bbox 302 1259 422 1287; x_wconf 85' lang='lat' dir='ltr'><strong>oviculas</strong></span> <span class='ocrx_word' id='word_1_245' title='bbox 439 1268 446 1287; x_wconf 87' lang='lat'><strong>:</strong></span> <span class='ocrx_word' id='word_1_246' title='bbox 467 1268 528 1295; x_wconf 67' lang='lat' dir='ltr'><strong>qum</strong></span> <span class='ocrx_word' id='word_1_247' title='bbox 539 1261 611 1287; x_wconf 89' lang='lat' dir='ltr'><strong>enim</strong></span> <span class='ocrx_word' id='word_1_248' title='bbox 622 1269 686 1288; x_wconf 87' lang='lat' dir='ltr'><strong>oves</strong></span> <span class='ocrx_word' id='word_1_249' title='bbox 702 1260 813 1287; x_wconf 81' lang='lat' dir='ltr'><strong>fuerunt</strong></span> <span class='ocrx_word' id='word_1_250' title='bbox 831 1268 879 1295; x_wconf 89' lang='lat' dir='ltr'><strong>per</strong></span> <span class='ocrx_word' id='word_1_251' title='bbox 888 1261 977 1296; x_wconf 83' lang='lat' dir='ltr'><strong>aliqua</strong></span> 
     </span>
    </p>
   </div>
   <div class='ocr_carea' id='block_1_37' title="bbox 196 1307 977 1343">
    <p class='ocr_par' dir='ltr' id='par_1_37' title="bbox 196 1307 977 1343">
     <span class='ocr_line' id='line_1_37' title="bbox 196 1307 977 1343; baseline 0.003 -10"><span class='ocrx_word' id='word_1_252' title='bbox 196 1311 306 1342; x_wconf 79' lang='lat' dir='ltr'><strong>peccata</strong></span> <span class='ocrx_word' id='word_1_253' title='bbox 323 1307 475 1334; x_wconf 80' lang='lat' dir='ltr'><strong>imminuta:</strong></span> <span class='ocrx_word' id='word_1_254' title='bbox 489 1315 504 1335; x_wconf 85' lang='lat' dir='ltr'><strong>a</strong></span> <span class='ocrx_word' id='word_1_255' title='bbox 520 1308 629 1335; x_wconf 87' lang='lat' dir='ltr'><strong>virtutis</strong></span> <span class='ocrx_word' id='word_1_256' title='bbox 644 1308 821 1343; x_wconf 81' lang='lat' dir='ltr'><strong>perfectione,</strong></span> <span class='ocrx_word' id='word_1_257' title='bbox 835 1308 868 1334; x_wconf 84' lang='lat' dir='ltr'><strong>ad</strong></span> <span class='ocrx_word' id='word_1_258' title='bbox 883 1309 977 1335; x_wconf 87' lang='lat' dir='ltr'><strong>ovicu-</strong></span> 
     </span>
    </p>
   </div>
   <div class='ocr_carea' id='block_1_38' title="bbox 194 1353 978 1388">
    <p class='ocr_par' dir='ltr' id='par_1_38' title="bbox 194 1353 978 1388">
     <span class='ocr_line' id='line_1_38' title="bbox 194 1353 978 1388; baseline 0.001 -8"><span class='ocrx_word' id='word_1_259' title='bbox 194 1353 235 1380; x_wconf 79' lang='lat' dir='ltr'><strong>las</strong></span> <span class='ocrx_word' id='word_1_260' title='bbox 250 1357 418 1380; x_wconf 86' lang='lat' dir='ltr'><strong>reverterunt</strong></span> <span class='ocrx_word' id='word_1_261' title='bbox 436 1361 443 1380; x_wconf 90' lang='lat'><strong>:</strong></span> <span class='ocrx_word' id='word_1_262' title='bbox 459 1358 486 1380; x_wconf 87' lang='lat' dir='ltr'><strong>et</strong></span> <span class='ocrx_word' id='word_1_263' title='bbox 508 1353 616 1380; x_wconf 88' lang='lat' dir='ltr'><strong>demum</strong></span> <span class='ocrx_word' id='word_1_264' title='bbox 644 1353 724 1380; x_wconf 82' lang='lat' dir='ltr'><strong>tertio</strong></span> <span class='ocrx_word' id='word_1_265' title='bbox 751 1354 886 1388; x_wconf 70' lang='lat' dir='ltr'><strong>perfectas</strong></span> <span class='ocrx_word' id='word_1_266' title='bbox 914 1361 978 1381; x_wconf 87' lang='lat' dir='ltr'><strong>oves</strong></span> 
     </span>
    </p>
   </div>
   <div class='ocr_carea' id='block_1_39' title="bbox 195 1399 978 1433">
    <p class='ocr_par' dir='ltr' id='par_1_39' title="bbox 195 1399 978 1433">
     <span class='ocr_line' id='line_1_39' title="bbox 195 1399 978 1433; baseline 0 -8"><span class='ocrx_word' id='word_1_267' title='bbox 195 1399 329 1432; x_wconf 83' lang='lat' dir='ltr'><strong>producit.</strong></span> <span class='ocrx_word' id='word_1_268' title='bbox 346 1399 432 1433; x_wconf 76' lang='lat' dir='ltr'><strong>Agnis</strong></span> <span class='ocrx_word' id='word_1_269' title='bbox 445 1407 513 1433; x_wconf 81' lang='lat' dir='ltr'><strong>ergo</strong></span> <span class='ocrx_word' id='word_1_270' title='bbox 524 1399 720 1432; x_wconf 79' lang='lat' dir='ltr'><strong>assimilantur,</strong></span> <span class='ocrx_word' id='word_1_271' title='bbox 740 1400 786 1433; x_wconf 89' lang='lat' dir='ltr'><strong>qui</strong></span> <span class='ocrx_word' id='word_1_272' title='bbox 808 1399 896 1426; x_wconf 87' lang='lat' dir='ltr'><strong>adlutc</strong></span> <span class='ocrx_word' id='word_1_273' title='bbox 908 1399 978 1426; x_wconf 85' lang='lat' dir='ltr'><strong>lacte</strong></span> 
     </span>
    </p>
   </div>
   <div class='ocr_carea' id='block_1_40' title="bbox 193 1443 976 1479">
    <p class='ocr_par' dir='ltr' id='par_1_40' title="bbox 193 1443 976 1479">
     <span class='ocr_line' id='line_1_40' title="bbox 193 1443 976 1479; baseline 0 -9"><span class='ocrx_word' id='word_1_274' title='bbox 193 1449 220 1471; x_wconf 83' lang='lat' dir='ltr'><strong>et</strong></span> <span class='ocrx_word' id='word_1_275' title='bbox 237 1444 381 1471; x_wconf 84' lang='lat' dir='ltr'><strong>elementis</strong></span> <span class='ocrx_word' id='word_1_276' title='bbox 396 1444 527 1471; x_wconf 76' lang='lat' dir='ltr'><strong>doctrina:</strong></span> <span class='ocrx_word' id='word_1_277' title='bbox 541 1443 663 1479; x_wconf 81' lang='lat' dir='ltr'><strong>indigent</strong></span> <span class='ocrx_word' id='word_1_278' title='bbox 680 1454 686 1471; x_wconf 90' lang='lat'><strong>:</strong></span> <span class='ocrx_word' id='word_1_279' title='bbox 703 1445 818 1471; x_wconf 82' lang='lat' dir='ltr'><strong>oviculis</strong></span> <span class='ocrx_word' id='word_1_280' title='bbox 839 1452 913 1477; x_wconf 85' lang='lat' dir='ltr'><strong>vero,</strong></span> <span class='ocrx_word' id='word_1_281' title='bbox 931 1445 976 1479; x_wconf 87' lang='lat' dir='ltr'><strong>qui</strong></span> 
     </span>
    </p>
   </div>
   <div class='ocr_carea' id='block_1_41' title="bbox 193 1489 977 1525">
    <p class='ocr_par' dir='ltr' id='par_1_41' title="bbox 193 1489 977 1525">
     <span class='ocr_line' id='line_1_41' title="bbox 193 1489 977 1525; baseline 0.003 -9"><span class='ocrx_word' id='word_1_282' title='bbox 193 1496 241 1524; x_wconf 87' lang='lat' dir='ltr'><strong>per</strong></span> <span class='ocrx_word' id='word_1_283' title='bbox 254 1490 345 1524; x_wconf 85' lang='lat' dir='ltr'><strong>aliqua</strong></span> <span class='ocrx_word' id='word_1_284' title='bbox 360 1494 471 1525; x_wconf 86' lang='lat' dir='ltr'><strong>peccata</strong></span> <span class='ocrx_word' id='word_1_285' title='bbox 492 1497 507 1516; x_wconf 91' lang='lat' dir='ltr'><strong>a</strong></span> <span class='ocrx_word' id='word_1_286' title='bbox 524 1489 690 1524; x_wconf 83' lang='lat' dir='ltr'><strong>perfectione</strong></span> <span class='ocrx_word' id='word_1_287' title='bbox 713 1489 862 1518; x_wconf 89' lang='lat' dir='ltr'><strong>deﬁciunt:</strong></span> <span class='ocrx_word' id='word_1_288' title='bbox 881 1490 977 1518; x_wconf 85' lang='lat' dir='ltr'><strong>ovibus</strong></span> 
     </span>
    </p>
   </div>
   <div class='ocr_carea' id='block_1_42' title="bbox 193 1534 977 1570">
    <p class='ocr_par' dir='ltr' id='par_1_42' title="bbox 193 1534 977 1570">
     <span class='ocr_line' id='line_1_42' title="bbox 193 1534 977 1570; baseline 0 -9"><span class='ocrx_word' id='word_1_289' title='bbox 193 1541 268 1567; x_wconf 79' lang='lat' dir='ltr'><strong>vero,</strong></span> <span class='ocrx_word' id='word_1_290' title='bbox 281 1535 328 1569; x_wconf 86' lang='lat' dir='ltr'><strong>qui</strong></span> <span class='ocrx_word' id='word_1_291' title='bbox 345 1535 378 1561; x_wconf 88' lang='lat' dir='ltr'><strong>ad</strong></span> <span class='ocrx_word' id='word_1_292' title='bbox 396 1534 502 1562; x_wconf 87' lang='lat' dir='ltr'><strong>culmen</strong></span> <span class='ocrx_word' id='word_1_293' title='bbox 519 1542 605 1569; x_wconf 87' lang='lat' dir='ltr'><strong>usque</strong></span> <span class='ocrx_word' id='word_1_294' title='bbox 621 1535 681 1561; x_wconf 88' lang='lat' dir='ltr'><strong>ﬁdei</strong></span> <span class='ocrx_word' id='word_1_295' title='bbox 706 1539 734 1562; x_wconf 89' lang='lat' dir='ltr'><strong>et</strong></span> <span class='ocrx_word' id='word_1_296' title='bbox 752 1542 865 1569; x_wconf 87' lang='lat' dir='ltr'><strong>operutn</strong></span> <span class='ocrx_word' id='word_1_297' title='bbox 881 1541 977 1570; x_wconf 83' lang='lat' dir='ltr'><strong>perve-</strong></span> 
     </span>
    </p>
   </div>
   <div class='ocr_carea' id='block_1_43' title="bbox 194 1580 975 1616">
    <p class='ocr_par' dir='ltr' id='par_1_43' title="bbox 194 1580 975 1616">
     <span class='ocr_line' id='line_1_43' title="bbox 194 1580 975 1616; baseline 0.001 -9"><span class='ocrx_word' id='word_1_298' title='bbox 194 1585 302 1608; x_wconf 78' lang='lat' dir='ltr'><strong>nerunt.</strong></span> <span class='ocrx_word' id='word_1_299' title='bbox 320 1580 351 1607; x_wconf 88' lang='lat' dir='ltr'><strong>Et</strong></span> <span class='ocrx_word' id='word_1_300' title='bbox 366 1581 476 1608; x_wconf 89' lang='lat' dir='ltr'><strong>attende</strong></span> <span class='ocrx_word' id='word_1_301' title='bbox 491 1581 630 1616; x_wconf 88' lang='lat' dir='ltr'><strong>quomodo</strong></span> <span class='ocrx_word' id='word_1_302' title='bbox 652 1586 793 1615; x_wconf 69' lang='lat' dir='ltr'><strong>praeponat</strong></span> <span class='ocrx_word' id='word_1_303' title='bbox 818 1580 975 1615; x_wconf 81' lang='lat' dir='ltr'><strong>imperfecta</strong></span> 
     </span>
    </p>
   </div>
   <div class='ocr_carea' id='block_1_44' title="bbox 1062 799 1806 838">
    <p class='ocr_par' dir='ltr' id='par_1_44' title="bbox 1062 799 1806 838">
     <span class='ocr_line' id='line_1_44' title="bbox 1062 799 1806 838; baseline -0.007 -7"><span class='ocrx_word' id='word_1_304' title='bbox 1062 804 1123 831; x_wconf 84' lang='grc' dir='ltr'>Ὂτι</span> <span class='ocrx_word' id='word_1_305' title='bbox 1143 801 1250 838; x_wconf 78' lang='grc' dir='ltr'>ἐρωτῶν</span> <span class='ocrx_word' id='word_1_306' title='bbox 1262 802 1276 827; x_wconf 88' lang='grc' dir='ltr'>ὁ</span> <span class='ocrx_word' id='word_1_307' title='bbox 1294 801 1394 837; x_wconf 61' lang='grc' dir='ltr'>Κύριος</span> <span class='ocrx_word' id='word_1_308' title='bbox 1406 800 1453 827; x_wconf 73' lang='grc' dir='ltr'><strong>τον</strong></span> <span class='ocrx_word' id='word_1_309' title='bbox 1468 801 1582 836; x_wconf 78' lang='grc' dir='ltr'>Πέτρον,</span> <span class='ocrx_word' id='word_1_310' title='bbox 1596 800 1693 834; x_wconf 83' lang='grc' dir='ltr'>Σίμων</span> <span class='ocrx_word' id='word_1_311' title='bbox 1710 799 1806 831; x_wconf 74' lang='grc' dir='ltr'>Ἰωνᾶ,</span> 
     </span>
    </p>
   </div>
   <div class='ocr_carea' id='block_1_45' title="bbox 1027 845 1809 884">
    <p class='ocr_par' dir='ltr' id='par_1_45' title="bbox 1027 845 1809 884">
     <span class='ocr_line' id='line_1_45' title="bbox 1027 845 1809 884; baseline -0.009 -7"><span class='ocrx_word' id='word_1_312' title='bbox 1027 848 1144 884; x_wconf 69' lang='grc' dir='ltr'>ἀγαπᾷς</span> <span class='ocrx_word' id='word_1_313' title='bbox 1159 857 1197 882; x_wconf 81' lang='grc' dir='ltr'><strong>με</strong></span> <span class='ocrx_word' id='word_1_314' title='bbox 1219 848 1325 875; x_wconf 72' lang='grc' dir='ltr'>πλεῖον</span> <span class='ocrx_word' id='word_1_315' title='bbox 1345 847 1479 878; x_wconf 82' lang='grc' dir='ltr'>τούτων;</span> <span class='ocrx_word' id='word_1_316' title='bbox 1504 847 1553 872; x_wconf 71' lang='grc' dir='ltr'>οὐκ</span> <span class='ocrx_word' id='word_1_317' title='bbox 1578 845 1658 876; x_wconf 78' lang='grc' dir='ltr'>αὐτὸς</span> <span class='ocrx_word' id='word_1_318' title='bbox 1679 845 1693 871; x_wconf 90' lang='grc' dir='ltr'><strong>ὀ</strong></span> <span class='ocrx_word' id='word_1_319' title='bbox 1718 845 1809 871; x_wconf 84' lang='grc' dir='ltr'>πάντα</span> 
     </span>
    </p>
   </div>
   <div class='ocr_carea' id='block_1_46' title="bbox 1028 890 1810 928">
    <p class='ocr_par' dir='ltr' id='par_1_46' title="bbox 1028 890 1810 928">
     <span class='ocr_line' id='line_1_46' title="bbox 1028 890 1810 928; baseline -0.006 -7"><span class='ocrx_word' id='word_1_320' title='bbox 1028 895 1104 926; x_wconf 77' lang='grc' dir='ltr'>εἰδὼς</span> <span class='ocrx_word' id='word_1_321' title='bbox 1129 894 1214 920; x_wconf 81' lang='grc' dir='ltr'>οέλων</span> <span class='ocrx_word' id='word_1_322' title='bbox 1241 894 1336 928; x_wconf 80' lang='grc' dir='ltr'>μαοείν</span> <span class='ocrx_word' id='word_1_323' title='bbox 1356 891 1485 926; x_wconf 74' lang='grc' dir='ltr'>ἐπηρώτα</span> <span class='ocrx_word' id='word_1_324' title='bbox 1501 899 1507 905; x_wconf 89' lang='grc'><strong>·</strong></span> <span class='ocrx_word' id='word_1_325' title='bbox 1536 891 1593 918; x_wconf 81' lang='grc' dir='ltr'>ἀλλ’</span> <span class='ocrx_word' id='word_1_326' title='bbox 1616 891 1677 918; x_wconf 68' lang='grc' dir='ltr'>ἐπεὶ</span> <span class='ocrx_word' id='word_1_327' title='bbox 1696 890 1810 925; x_wconf 74' lang='grc' dir='ltr'>ἔμελλεν</span> 
     </span>
    </p>
   </div>
   <div class='ocr_carea' id='block_1_47' title="bbox 1029 936 1810 975">
    <p class='ocr_par' dir='ltr' id='par_1_47' title="bbox 1029 936 1810 975">
     <span class='ocr_line' id='line_1_47' title="bbox 1029 936 1810 975; baseline -0.008 -8"><span class='ocrx_word' id='word_1_328' title='bbox 1029 940 1103 975; x_wconf 77' lang='grc' dir='ltr'><strong>αὑτῷ</strong></span> <span class='ocrx_word' id='word_1_329' title='bbox 1125 939 1157 966; x_wconf 79' lang='grc' dir='ltr'>τὸ</span> <span class='ocrx_word' id='word_1_330' title='bbox 1185 939 1310 974; x_wconf 78' lang='grc' dir='ltr'>ποίμνιον</span> <span class='ocrx_word' id='word_1_331' title='bbox 1337 937 1555 968; x_wconf 82' lang='grc' dir='ltr'>καταπιστεύειν,</span> <span class='ocrx_word' id='word_1_332' title='bbox 1584 937 1626 963; x_wconf 72' lang='lat' dir='ltr'><strong>Eva</strong></span> <span class='ocrx_word' id='word_1_333' title='bbox 1652 936 1725 971; x_wconf 76' lang='grc' dir='ltr'>δείξῃ</span> <span class='ocrx_word' id='word_1_334' title='bbox 1744 936 1810 970; x_wconf 74' lang='grc' dir='ltr'>ὅσην</span> 
     </span>
    </p>
   </div>
   <div class='ocr_carea' id='block_1_48' title="bbox 1027 982 1811 1023">
    <p class='ocr_par' dir='ltr' id='par_1_48' title="bbox 1027 982 1811 1023">
     <span class='ocr_line' id='line_1_48' title="bbox 1027 982 1811 1023; baseline -0.006 -10"><span class='ocrx_word' id='word_1_335' title='bbox 1027 987 1083 1023; x_wconf 75' lang='grc' dir='ltr'>ἔχει</span> <span class='ocrx_word' id='word_1_336' title='bbox 1096 986 1224 1021; x_wconf 78' lang='grc' dir='ltr'>πρόνοιαν</span> <span class='ocrx_word' id='word_1_337' title='bbox 1237 984 1284 1011; x_wconf 80' lang='grc' dir='ltr'>τοῦ</span> <span class='ocrx_word' id='word_1_338' title='bbox 1300 984 1436 1019; x_wconf 77' lang='grc' dir='ltr'>ποιμνίου,</span> <span class='ocrx_word' id='word_1_339' title='bbox 1455 983 1535 1010; x_wconf 81' lang='grc' dir='ltr'>τοῦτο</span> <span class='ocrx_word' id='word_1_340' title='bbox 1547 984 1626 1010; x_wconf 81' lang='grc' dir='ltr'>ποιεῖ.</span> <span class='ocrx_word' id='word_1_341' title='bbox 1648 983 1678 1009; x_wconf 76' lang='grc' dir='ltr'><strong>Ὀ</strong></span> <span class='ocrx_word' id='word_1_342' title='bbox 1697 983 1750 1018; x_wconf 84' lang='grc' dir='ltr'><strong>γὰρ</strong></span> <span class='ocrx_word' id='word_1_343' title='bbox 1765 982 1811 1008; x_wconf 80' lang='grc' dir='ltr'><strong>τὸν</strong></span> 
     </span>
    </p>
   </div>
   <div class='ocr_carea' id='block_1_49' title="bbox 1027 1029 1812 1068">
    <p class='ocr_par' dir='ltr' id='par_1_49' title="bbox 1027 1029 1812 1068">
     <span class='ocr_line' id='line_1_49' title="bbox 1027 1029 1812 1068; baseline -0.005 -9"><span class='ocrx_word' id='word_1_344' title='bbox 1027 1033 1130 1068; x_wconf 80' lang='grc' dir='ltr'>φίλτρῳ</span> <span class='ocrx_word' id='word_1_345' title='bbox 1143 1031 1232 1066; x_wconf 84' lang='grc' dir='ltr'>πολλῴ</span> <span class='ocrx_word' id='word_1_346' title='bbox 1252 1030 1319 1067; x_wconf 66' lang='grc' dir='ltr'>πρὸς</span> <span class='ocrx_word' id='word_1_347' title='bbox 1331 1030 1376 1057; x_wconf 72' lang='grc' dir='ltr'><strong>τὸν</strong></span> <span class='ocrx_word' id='word_1_348' title='bbox 1390 1031 1528 1065; x_wconf 83' lang='grc' dir='ltr'>Δεσπότην</span> <span class='ocrx_word' id='word_1_349' title='bbox 1542 1029 1726 1064; x_wconf 80' lang='grc' dir='ltr'>ἀναπτόμενον</span> <span class='ocrx_word' id='word_1_350' title='bbox 1750 1030 1812 1062; x_wconf 78' lang='grc' dir='ltr'><strong>ὲφι-</strong></span> 
     </span>
    </p>
   </div>
   <div class='ocr_carea' id='block_1_50' title="bbox 1028 1076 1808 1114">
    <p class='ocr_par' dir='ltr' id='par_1_50' title="bbox 1028 1076 1808 1114">
     <span class='ocr_line' id='line_1_50' title="bbox 1028 1076 1808 1114; baseline -0.004 -8"><span class='ocrx_word' id='word_1_351' title='bbox 1028 1079 1098 1106; x_wconf 79' lang='grc' dir='ltr'>στῶν</span> <span class='ocrx_word' id='word_1_352' title='bbox 1112 1079 1150 1113; x_wconf 85' lang='grc' dir='ltr'><strong>τῷ</strong></span> <span class='ocrx_word' id='word_1_353' title='bbox 1167 1079 1295 1114; x_wconf 83' lang='grc' dir='ltr'>ποιμνίῳ.</span> <span class='ocrx_word' id='word_1_354' title='bbox 1315 1078 1363 1114; x_wconf 84' lang='grc' dir='ltr'>τὴν</span> <span class='ocrx_word' id='word_1_355' title='bbox 1374 1079 1440 1113; x_wconf 81' lang='grc' dir='ltr'>ὅσην</span> <span class='ocrx_word' id='word_1_356' title='bbox 1457 1078 1521 1113; x_wconf 72' lang='grc' dir='ltr'>περὶ</span> <span class='ocrx_word' id='word_1_357' title='bbox 1534 1077 1568 1104; x_wconf 82' lang='grc' dir='ltr'>τὰ</span> <span class='ocrx_word' id='word_1_358' title='bbox 1580 1077 1705 1113; x_wconf 79' lang='grc' dir='ltr'>πρόϐατα</span> <span class='ocrx_word' id='word_1_359' title='bbox 1719 1076 1808 1103; x_wconf 80' lang='grc' dir='ltr'>διάθε-</span> 
     </span>
    </p>
   </div>
   <div class='ocr_carea' id='block_1_51' title="bbox 1028 1123 1810 1160">
    <p class='ocr_par' dir='ltr' id='par_1_51' title="bbox 1028 1123 1810 1160">
     <span class='ocr_line' id='line_1_51' title="bbox 1028 1123 1810 1160; baseline -0.004 -9"><span class='ocrx_word' id='word_1_360' title='bbox 1028 1134 1070 1152; x_wconf 83' lang='grc' dir='ltr'><strong>σιν</strong></span> <span class='ocrx_word' id='word_1_361' title='bbox 1085 1125 1249 1160; x_wconf 77' lang='grc' dir='ltr'>παρίστησιν</span> <span class='ocrx_word' id='word_1_362' title='bbox 1263 1124 1468 1159; x_wconf 73' lang='grc' dir='ltr'>ἀναμφιϐόλως.</span> <span class='ocrx_word' id='word_1_363' title='bbox 1492 1124 1541 1150; x_wconf 78' lang='grc' dir='ltr'>Διὰ</span> <span class='ocrx_word' id='word_1_364' title='bbox 1555 1123 1605 1158; x_wconf 81' lang='grc' dir='ltr'><strong>τὴν</strong></span> <span class='ocrx_word' id='word_1_365' title='bbox 1624 1123 1708 1157; x_wconf 78' lang='grc' dir='ltr'>αὐτὴν</span> <span class='ocrx_word' id='word_1_366' title='bbox 1719 1123 1810 1149; x_wconf 81' lang='grc' dir='ltr'>αἰτίαν</span> 
     </span>
    </p>
   </div>
   <div class='ocr_carea' id='block_1_52' title="bbox 1027 1170 1812 1207">
    <p class='ocr_par' dir='ltr' id='par_1_52' title="bbox 1027 1170 1812 1207">
     <span class='ocr_line' id='line_1_52' title="bbox 1027 1170 1812 1207; baseline -0.003 -9"><span class='ocrx_word' id='word_1_367' title='bbox 1027 1172 1075 1198; x_wconf 73' lang='grc' dir='ltr'>καὶ</span> <span class='ocrx_word' id='word_1_368' title='bbox 1090 1172 1180 1207; x_wconf 87' lang='grc' dir='ltr'>τρίτον</span> <span class='ocrx_word' id='word_1_369' title='bbox 1195 1172 1295 1207; x_wconf 79' lang='grc' dir='ltr'>ἐρωτᾷ,</span> <span class='ocrx_word' id='word_1_370' title='bbox 1316 1171 1365 1206; x_wconf 81' lang='grc' dir='ltr'>τὴν</span> <span class='ocrx_word' id='word_1_371' title='bbox 1379 1171 1479 1206; x_wconf 82' lang='grc' dir='ltr'>πολλὴν</span> <span class='ocrx_word' id='word_1_372' title='bbox 1498 1171 1563 1206; x_wconf 82' lang='grc' dir='ltr'>περὶ</span> <span class='ocrx_word' id='word_1_373' title='bbox 1584 1171 1618 1198; x_wconf 81' lang='grc' dir='ltr'>τὰ</span> <span class='ocrx_word' id='word_1_374' title='bbox 1632 1170 1729 1204; x_wconf 76' lang='grc' dir='ltr'>λογικὰ</span> <span class='ocrx_word' id='word_1_375' title='bbox 1744 1170 1812 1205; x_wconf 78' lang='grc' dir='ltr'>πρό-</span> 
     </span>
    </p>
   </div>
   <div class='ocr_carea' id='block_1_53' title="bbox 1028 1215 1811 1252">
    <p class='ocr_par' dir='ltr' id='par_1_53' title="bbox 1028 1215 1811 1252">
     <span class='ocr_line' id='line_1_53' title="bbox 1028 1215 1811 1252; baseline -0.004 -8"><span class='ocrx_word' id='word_1_376' title='bbox 1028 1218 1096 1244; x_wconf 74' lang='grc' dir='ltr'>ϐατα.</span> <span class='ocrx_word' id='word_1_377' title='bbox 1111 1217 1268 1251; x_wconf 80' lang='grc' dir='ltr'>ἐπιμέλειαν</span> <span class='ocrx_word' id='word_1_378' title='bbox 1279 1217 1491 1252; x_wconf 80' lang='grc' dir='ltr'>ἐνδεικνύμενος.</span> <span class='ocrx_word' id='word_1_379' title='bbox 1506 1217 1582 1251; x_wconf 71' lang='grc' dir='ltr'>Ἅμα</span> <span class='ocrx_word' id='word_1_380' title='bbox 1598 1216 1626 1243; x_wconf 82' lang='grc' dir='ltr'><strong>δὲ</strong></span> <span class='ocrx_word' id='word_1_381' title='bbox 1643 1216 1689 1242; x_wconf 82' lang='grc' dir='ltr'><strong>καὶ</strong></span> <span class='ocrx_word' id='word_1_382' title='bbox 1707 1215 1811 1250; x_wconf 73' lang='grc' dir='ltr'>βαῦμόν</span> 
     </span>
    </p>
   </div>
   <div class='ocr_carea' id='block_1_54' title="bbox 1027 1262 1810 1298">
    <p class='ocr_par' dir='ltr' id='par_1_54' title="bbox 1027 1262 1810 1298">
     <span class='ocr_line' id='line_1_54' title="bbox 1027 1262 1810 1298; baseline -0.003 -8"><span class='ocrx_word' id='word_1_383' title='bbox 1027 1272 1087 1290; x_wconf 87' lang='grc' dir='ltr'>τινα</span> <span class='ocrx_word' id='word_1_384' title='bbox 1105 1263 1159 1290; x_wconf 87' lang='grc' dir='ltr'><strong>τῶν</strong></span> <span class='ocrx_word' id='word_1_385' title='bbox 1181 1264 1400 1298; x_wconf 84' lang='grc' dir='ltr'>ποιμαινομένων</span> <span class='ocrx_word' id='word_1_386' title='bbox 1420 1263 1557 1296; x_wconf 78' lang='grc' dir='ltr'>διέξεισιν,</span> <span class='ocrx_word' id='word_1_387' title='bbox 1582 1262 1663 1298; x_wconf 78' lang='grc' dir='ltr'>ἀρνία</span> <span class='ocrx_word' id='word_1_388' title='bbox 1677 1262 1810 1297; x_wconf 83' lang='grc' dir='ltr'>πρότερον</span> 
     </span>
    </p>
   </div>
   <div class='ocr_carea' id='block_1_55' title="bbox 1027 1306 1812 1344">
    <p class='ocr_par' dir='ltr' id='par_1_55' title="bbox 1027 1306 1812 1344">
     <span class='ocr_line' id='line_1_55' title="bbox 1027 1306 1812 1344; baseline -0.003 -9"><span class='ocrx_word' id='word_1_389' title='bbox 1027 1309 1181 1344; x_wconf 84' lang='grc' dir='ltr'>ποιμαίνειν</span> <span class='ocrx_word' id='word_1_390' title='bbox 1211 1309 1433 1344; x_wconf 80' lang='grc' dir='ltr'>ἐγκελευόμενος,</span> <span class='ocrx_word' id='word_1_391' title='bbox 1460 1306 1520 1335; x_wconf 78' lang='grc' dir='ltr'>εἶτα</span> <span class='ocrx_word' id='word_1_392' title='bbox 1538 1308 1683 1343; x_wconf 74' lang='grc' dir='ltr'>προϐάτια,</span> <span class='ocrx_word' id='word_1_393' title='bbox 1712 1307 1730 1334; x_wconf 79' lang='grc' dir='ltr'>ἃ</span> <span class='ocrx_word' id='word_1_394' title='bbox 1747 1307 1812 1342; x_wconf 76' lang='grc' dir='ltr'>πρό-</span> 
     </span>
    </p>
   </div>
   <div class='ocr_carea' id='block_1_56' title="bbox 1027 1352 1812 1389">
    <p class='ocr_par' dir='ltr' id='par_1_56' title="bbox 1027 1352 1812 1389">
     <span class='ocr_line' id='line_1_56' title="bbox 1027 1352 1812 1389; baseline -0.004 -8"><span class='ocrx_word' id='word_1_395' title='bbox 1027 1355 1097 1382; x_wconf 73' lang='grc' dir='ltr'>ϐατα</span> <span class='ocrx_word' id='word_1_396' title='bbox 1115 1355 1191 1388; x_wconf 78' lang='grc' dir='ltr'>ὄντα,</span> <span class='ocrx_word' id='word_1_397' title='bbox 1221 1355 1265 1381; x_wconf 89' lang='grc' dir='ltr'>διά</span> <span class='ocrx_word' id='word_1_398' title='bbox 1279 1363 1340 1382; x_wconf 85' lang='grc' dir='ltr'>τινα</span> <span class='ocrx_word' id='word_1_399' title='bbox 1358 1354 1517 1389; x_wconf 81' lang='grc' dir='ltr'>πταίσματα</span> <span class='ocrx_word' id='word_1_400' title='bbox 1538 1352 1812 1389; x_wconf 82' lang='grc' dir='ltr'>κατασμικρυνθέντα</span> 
     </span>
    </p>
   </div>
   <div class='ocr_carea' id='block_1_57' title="bbox 1026 1398 1810 1436">
    <p class='ocr_par' dir='ltr' id='par_1_57' title="bbox 1026 1398 1810 1436">
     <span class='ocr_line' id='line_1_57' title="bbox 1026 1398 1810 1436; baseline -0.004 -9"><span class='ocrx_word' id='word_1_401' title='bbox 1026 1402 1075 1436; x_wconf 76' lang='grc' dir='ltr'><strong>τῆς</strong></span> <span class='ocrx_word' id='word_1_402' title='bbox 1091 1401 1190 1436; x_wconf 75' lang='grc' dir='ltr'>ἀρετῆς</span> <span class='ocrx_word' id='word_1_403' title='bbox 1201 1401 1303 1436; x_wconf 78' lang='grc' dir='ltr'>καὶτῆς</span> <span class='ocrx_word' id='word_1_404' title='bbox 1312 1401 1490 1435; x_wconf 78' lang='grc' dir='ltr'>τελειότητος,</span> <span class='ocrx_word' id='word_1_405' title='bbox 1507 1399 1548 1430; x_wconf 81' lang='grc' dir='ltr'><strong>εἰς</strong></span> <span class='ocrx_word' id='word_1_406' title='bbox 1561 1399 1695 1434; x_wconf 71' lang='grc' dir='ltr'>προῦάτια</span> <span class='ocrx_word' id='word_1_407' title='bbox 1707 1398 1810 1424; x_wconf 74' lang='grc' dir='ltr'><strong>ἀνθυπ-</strong></span> 
     </span>
    </p>
   </div>
   <div class='ocr_carea' id='block_1_58' title="bbox 1027 1444 1812 1481">
    <p class='ocr_par' dir='ltr' id='par_1_58' title="bbox 1027 1444 1812 1481">
     <span class='ocr_line' id='line_1_58' title="bbox 1027 1444 1812 1481; baseline -0.005 -8"><span class='ocrx_word' id='word_1_408' title='bbox 1027 1447 1142 1481; x_wconf 72' lang='grc' dir='ltr'>ἐατρεψε</span> <span class='ocrx_word' id='word_1_409' title='bbox 1155 1454 1162 1461; x_wconf 91' lang='grc'><strong>·</strong></span> <span class='ocrx_word' id='word_1_410' title='bbox 1185 1446 1234 1473; x_wconf 68' lang='grc' dir='ltr'>καὶ</span> <span class='ocrx_word' id='word_1_411' title='bbox 1256 1446 1349 1473; x_wconf 82' lang='grc' dir='ltr'>λοιπὸν</span> <span class='ocrx_word' id='word_1_412' title='bbox 1371 1446 1402 1472; x_wconf 76' lang='grc' dir='ltr'><strong>τὸ</strong></span> <span class='ocrx_word' id='word_1_413' title='bbox 1420 1446 1510 1481; x_wconf 81' lang='grc' dir='ltr'>τρίτον</span> <span class='ocrx_word' id='word_1_414' title='bbox 1534 1445 1568 1472; x_wconf 79' lang='grc' dir='ltr'>τὰ</span> <span class='ocrx_word' id='word_1_415' title='bbox 1578 1445 1670 1471; x_wconf 76' lang='grc' dir='ltr'>τέλεια</span> <span class='ocrx_word' id='word_1_416' title='bbox 1684 1444 1812 1479; x_wconf 73' lang='grc' dir='ltr'>ἐπιφέρει</span> 
     </span>
    </p>
   </div>
   <div class='ocr_carea' id='block_1_59' title="bbox 1029 1489 1812 1527">
    <p class='ocr_par' dir='ltr' id='par_1_59' title="bbox 1029 1489 1812 1527">
     <span class='ocr_line' id='line_1_59' title="bbox 1029 1489 1812 1527; baseline -0.005 -9"><span class='ocrx_word' id='word_1_417' title='bbox 1029 1492 1164 1527; x_wconf 82' lang='grc' dir='ltr'>πρόῦατα.</span> <span class='ocrx_word' id='word_1_418' title='bbox 1190 1491 1306 1526; x_wconf 80' lang='grc' dir='ltr'>Ἀρνίοις</span> <span class='ocrx_word' id='word_1_419' title='bbox 1319 1491 1384 1525; x_wconf 77' lang='grc' dir='ltr'>γοῦν</span> <span class='ocrx_word' id='word_1_420' title='bbox 1404 1491 1560 1521; x_wconf 77' lang='grc' dir='ltr'>είκὰζονται</span> <span class='ocrx_word' id='word_1_421' title='bbox 1576 1490 1600 1516; x_wconf 78' lang='grc' dir='ltr'><strong>οἱ</strong></span> <span class='ocrx_word' id='word_1_422' title='bbox 1616 1490 1656 1516; x_wconf 75' lang='grc' dir='ltr'>ἔτι</span> <span class='ocrx_word' id='word_1_423' title='bbox 1677 1489 1812 1524; x_wconf 79' lang='grc' dir='ltr'>γάλακτος</span> 
     </span>
    </p>
   </div>
   <div class='ocr_carea' id='block_1_60' title="bbox 1028 1535 1812 1571">
    <p class='ocr_par' dir='ltr' id='par_1_60' title="bbox 1028 1535 1812 1571">
     <span class='ocr_line' id='line_1_60' title="bbox 1028 1535 1812 1571; baseline -0.004 -8"><span class='ocrx_word' id='word_1_424' title='bbox 1028 1537 1074 1564; x_wconf 75' lang='grc' dir='ltr'><strong>καὶ</strong></span> <span class='ocrx_word' id='word_1_425' title='bbox 1095 1537 1283 1571; x_wconf 77' lang='grc' dir='ltr'>στοιχειώδους</span> <span class='ocrx_word' id='word_1_426' title='bbox 1309 1536 1481 1568; x_wconf 82' lang='grc' dir='ltr'>διδασκαλίας</span> <span class='ocrx_word' id='word_1_427' title='bbox 1495 1536 1629 1570; x_wconf 85' lang='grc' dir='ltr'>δεόμενοι,</span> <span class='ocrx_word' id='word_1_428' title='bbox 1654 1535 1812 1570; x_wconf 71' lang='grc' dir='ltr'>προϐατίοις</span> 
     </span>
    </p>
   </div>
   <div class='ocr_carea' id='block_1_61' title="bbox 1026 1579 1814 1616">
    <p class='ocr_par' dir='ltr' id='par_1_61' title="bbox 1026 1579 1814 1616">
     <span class='ocr_line' id='line_1_61' title="bbox 1026 1579 1814 1616; baseline -0.003 -8"><span class='ocrx_word' id='word_1_429' title='bbox 1026 1581 1055 1608; x_wconf 81' lang='grc' dir='ltr'>δὲ</span> <span class='ocrx_word' id='word_1_430' title='bbox 1071 1581 1096 1608; x_wconf 80' lang='grc' dir='ltr'><strong>οἱ</strong></span> <span class='ocrx_word' id='word_1_431' title='bbox 1112 1581 1156 1609; x_wconf 84' lang='grc' dir='ltr'><strong>διά</strong></span> <span class='ocrx_word' id='word_1_432' title='bbox 1169 1589 1229 1607; x_wconf 86' lang='grc' dir='ltr'>τινα</span> <span class='ocrx_word' id='word_1_433' title='bbox 1242 1581 1452 1616; x_wconf 80' lang='grc' dir='ltr'>παραπτώματα</span> <span class='ocrx_word' id='word_1_434' title='bbox 1466 1580 1749 1616; x_wconf 82' lang='grc' dir='ltr'>κατασμικρυνθέντες</span> <span class='ocrx_word' id='word_1_435' title='bbox 1763 1579 1814 1614; x_wconf 81' lang='grc' dir='ltr'>τῆς</span> 
     </span>
    </p>
   </div>
   <div class='ocr_carea' id='block_1_62' title="bbox 193 1625 977 1666">
    <p class='ocr_par' dir='ltr' id='par_1_62' title="bbox 193 1625 977 1661">
     <span class='ocr_line' id='line_1_62' title="bbox 193 1625 977 1661; baseline 0 -8"><span class='ocrx_word' id='word_1_436' title='bbox 193 1625 330 1661; x_wconf 82' lang='lat' dir='ltr'><strong>perfectis.</strong></span> <span class='ocrx_word' id='word_1_437' title='bbox 352 1626 510 1661; x_wconf 83' lang='lat' dir='ltr'><strong>Propositus</strong></span> <span class='ocrx_word' id='word_1_438' title='bbox 539 1626 610 1653; x_wconf 90' lang='lat' dir='ltr'><strong>enim</strong></span> <span class='ocrx_word' id='word_1_439' title='bbox 633 1625 749 1653; x_wconf 89' lang='lat' dir='ltr'><strong>Domino</strong></span> <span class='ocrx_word' id='word_1_440' title='bbox 766 1625 864 1661; x_wconf 56' lang='lat' dir='ltr'><strong>552a</strong></span> <span class='ocrx_word' id='word_1_441' title='bbox 878 1633 977 1661; x_wconf 87' lang='lat' dir='ltr'><strong>scopus</strong></span> 
     </span>
    </p>
   </div>
   <div class='ocr_carea' id='block_1_63' title="bbox 1029 1625 1814 1666">
    <p class='ocr_par' dir='ltr' id='par_1_63' title="bbox 1029 1625 1814 1663">
     <span class='ocr_line' id='line_1_63' title="bbox 1029 1625 1814 1663; baseline -0.004 -9"><span class='ocrx_word' id='word_1_442' title='bbox 1029 1627 1205 1662; x_wconf 81' lang='grc' dir='ltr'>τελειότητος,</span> <span class='ocrx_word' id='word_1_443' title='bbox 1222 1627 1304 1663; x_wconf 75' lang='grc'><strong>[1615</strong></span> <span class='ocrx_word' id='word_1_444' title='bbox 1315 1627 1361 1663; x_wconf 65' lang='grc' dir='ltr'><strong>Κ]</strong></span> <span class='ocrx_word' id='word_1_445' title='bbox 1373 1627 1520 1663; x_wconf 77' lang='grc' dir='ltr'>προόάτοις</span> <span class='ocrx_word' id='word_1_446' title='bbox 1537 1627 1566 1654; x_wconf 76' lang='grc' dir='ltr'>δὲ</span> <span class='ocrx_word' id='word_1_447' title='bbox 1583 1627 1608 1654; x_wconf 73' lang='grc' dir='ltr'>οι</span> <span class='ocrx_word' id='word_1_448' title='bbox 1618 1628 1658 1658; x_wconf 82' lang='grc' dir='ltr'><strong>είς</strong></span> <span class='ocrx_word' id='word_1_449' title='bbox 1670 1626 1700 1653; x_wconf 85' lang='grc' dir='ltr'>τὺ</span> <span class='ocrx_word' id='word_1_450' title='bbox 1710 1625 1814 1652; x_wconf 82' lang='grc' dir='ltr'>τέλειον</span> 
     </span>
    </p>
   </div>
   <div class='ocr_carea' id='block_1_64' title="bbox 193 1670 974 1708">
    <p class='ocr_par' dir='ltr' id='par_1_64' title="bbox 193 1670 974 1708">
     <span class='ocr_line' id='line_1_64' title="bbox 193 1670 974 1708; baseline 0.003 -10"><span class='ocrx_word' id='word_1_451' title='bbox 193 1676 368 1706; x_wconf 88' lang='lat' dir='ltr'><strong>peccatorum</strong></span> <span class='ocrx_word' id='word_1_452' title='bbox 389 1672 463 1699; x_wconf 74' lang='lat' dir='ltr'><strong>salus</strong></span> <span class='ocrx_word' id='word_1_453' title='bbox 477 1680 484 1699; x_wconf 91' lang='lat'><strong>:</strong></span> <span class='ocrx_word' id='word_1_454' title='bbox 501 1670 563 1699; x_wconf 83' lang='lat' dir='ltr'><strong>Non</strong></span> <span class='ocrx_word' id='word_1_455' title='bbox 581 1673 651 1699; x_wconf 81' lang='lat' dir='ltr'><strong>enim</strong></span> <span class='ocrx_word' id='word_1_456' title='bbox 666 1673 743 1704; x_wconf 80' lang='lat' dir='ltr'><strong>veni,</strong></span> <span class='ocrx_word' id='word_1_457' title='bbox 769 1672 866 1708; x_wconf 89' lang='lat' dir='ltr'><strong>inquit,</strong></span> <span class='ocrx_word' id='word_1_458' title='bbox 881 1681 974 1700; x_wconf 82' lang='lat' dir='ltr'><strong>vocare</strong></span> 
     </span>
    </p>
   </div>
   <div class='ocr_carea' id='block_1_65' title="bbox 192 1717 789 1753">
    <p class='ocr_par' dir='ltr' id='par_1_65' title="bbox 192 1717 789 1753">
     <span class='ocr_line' id='line_1_65' title="bbox 192 1717 789 1753; baseline 0.003 -10"><span class='ocrx_word' id='word_1_459' title='bbox 192 1717 288 1751; x_wconf 70' lang='lat' dir='ltr'><strong>justas,</strong></span> <span class='ocrx_word' id='word_1_460' title='bbox 300 1717 344 1744; x_wconf 78' lang='lat' dir='ltr'><strong>sed</strong></span> <span class='ocrx_word' id='word_1_461' title='bbox 354 1723 502 1752; x_wconf 77' lang='lat' dir='ltr'><strong>peccatores</strong></span> <span class='ocrx_word' id='word_1_462' title='bbox 519 1718 554 1744; x_wconf 85' lang='lat' dir='ltr'><strong>ad</strong></span> <span class='ocrx_word' id='word_1_463' title='bbox 573 1717 753 1753; x_wconf 75' lang='lat' dir='ltr'><strong>paenitentiam</strong></span> <span class='ocrx_word' id='word_1_464' title='bbox 767 1723 789 1745; x_wconf 74' lang='grc' dir='ltr'>τ.</span> 
     </span>
    </p>
   </div>
   <div class='ocr_carea' id='block_1_66' title="bbox 1028 1671 1812 1709">
    <p class='ocr_par' dir='ltr' id='par_1_66' title="bbox 1028 1671 1812 1709">
     <span class='ocr_line' id='line_1_66' title="bbox 1028 1671 1812 1709; baseline -0.004 -9"><span class='ocrx_word' id='word_1_465' title='bbox 1028 1673 1228 1709; x_wconf 81' lang='grc' dir='ltr'>ἀναὸεόηκότες</span> <span class='ocrx_word' id='word_1_466' title='bbox 1256 1674 1303 1700; x_wconf 58' lang='grc' dir='ltr'><strong>καὶ¹</strong></span> <span class='ocrx_word' id='word_1_467' title='bbox 1320 1675 1370 1709; x_wconf 85' lang='grc' dir='ltr'><strong>τῆς</strong></span> <span class='ocrx_word' id='word_1_468' title='bbox 1394 1673 1511 1705; x_wconf 81' lang='grc' dir='ltr'>πίστεως</span> <span class='ocrx_word' id='word_1_469' title='bbox 1529 1673 1576 1700; x_wconf 82' lang='grc' dir='ltr'>καὶ</span> <span class='ocrx_word' id='word_1_470' title='bbox 1599 1673 1654 1699; x_wconf 88' lang='grc' dir='ltr'><strong>τῶν</strong></span> <span class='ocrx_word' id='word_1_471' title='bbox 1675 1671 1812 1707; x_wconf 78' lang='grc' dir='ltr'>πράξεως.</span> 
     </span>
    </p>
   </div>
   <div class='ocr_carea' id='block_1_67' title="bbox 1028 1717 1812 1754">
    <p class='ocr_par' dir='ltr' id='par_1_67' title="bbox 1028 1717 1812 1754">
     <span class='ocr_line' id='line_1_67' title="bbox 1028 1717 1812 1754; baseline -0.004 -8"><span class='ocrx_word' id='word_1_472' title='bbox 1028 1719 1084 1747; x_wconf 76' lang='grc' dir='ltr'><strong>Καὶ</strong></span> <span class='ocrx_word' id='word_1_473' title='bbox 1099 1719 1195 1746; x_wconf 87' lang='grc' dir='ltr'>σκόπει</span> <span class='ocrx_word' id='word_1_474' title='bbox 1208 1720 1282 1751; x_wconf 82' lang='grc' dir='ltr'>ὅπως</span> <span class='ocrx_word' id='word_1_475' title='bbox 1300 1720 1445 1754; x_wconf 81' lang='grc' dir='ltr'>προτάττει</span> <span class='ocrx_word' id='word_1_476' title='bbox 1463 1720 1497 1746; x_wconf 83' lang='grc' dir='ltr'>τὰ</span> <span class='ocrx_word' id='word_1_477' title='bbox 1511 1718 1591 1754; x_wconf 86' lang='grc' dir='ltr'>ἁτελῆ</span> <span class='ocrx_word' id='word_1_478' title='bbox 1605 1718 1660 1745; x_wconf 88' lang='grc' dir='ltr'><strong>τῶν</strong></span> <span class='ocrx_word' id='word_1_479' title='bbox 1677 1717 1789 1744; x_wconf 80' lang='grc' dir='ltr'>τελείων</span> <span class='ocrx_word' id='word_1_480' title='bbox 1803 1725 1812 1734; x_wconf 72' lang='grc' dir='ltr'><strong>ο</strong></span> 
     </span>
    </p>
   </div>
   <div class='ocr_carea' id='block_1_68' title="bbox 194 1763 1814 1803">
    <p class='ocr_par' dir='ltr' id='par_1_68' title="bbox 194 1763 1814 1803">
     <span class='ocr_line' id='line_1_68' title="bbox 194 1763 1814 1803; baseline 0 -11"><span class='ocrx_word' id='word_1_481' title='bbox 194 1763 399 1799; x_wconf 80' lang='grc' dir='ltr'>προηγούμενος</span> <span class='ocrx_word' id='word_1_482' title='bbox 425 1764 481 1800; x_wconf 84' lang='grc' dir='ltr'><strong>γὰρ</strong></span> <span class='ocrx_word' id='word_1_483' title='bbox 512 1764 552 1800; x_wconf 85' lang='grc' dir='ltr'>τῷ</span> <span class='ocrx_word' id='word_1_484' title='bbox 577 1764 699 1800; x_wconf 77' lang='grc' dir='ltr'>Δεσπότῃ</span> <span class='ocrx_word' id='word_1_485' title='bbox 731 1765 830 1796; x_wconf 80' lang='grc' dir='ltr'>σκοπὸς</span> <span class='ocrx_word' id='word_1_486' title='bbox 867 1766 884 1801; x_wconf 85' lang='grc' dir='ltr'>ἡ</span> <span class='ocrx_word' id='word_1_487' title='bbox 919 1766 973 1792; x_wconf 81' lang='grc' dir='ltr'><strong>τῶν</strong></span> <span class='ocrx_word' id='word_1_488' title='bbox 1009 1766 1178 1802; x_wconf 85' lang='grc' dir='ltr'>ἁμαρτωλῶν</span> <span class='ocrx_word' id='word_1_489' title='bbox 1207 1767 1340 1803; x_wconf 85' lang='grc' dir='ltr'>σωτηρία.</span> <span class='ocrx_word' id='word_1_490' title='bbox 1372 1767 1413 1794; x_wconf 77' lang='grc' dir='ltr'><strong>Οὐ</strong></span> <span class='ocrx_word' id='word_1_491' title='bbox 1442 1767 1498 1801; x_wconf 69' lang='grc' dir='ltr'><strong>γὰρ</strong></span> <span class='ocrx_word' id='word_1_492' title='bbox 1519 1764 1632 1800; x_wconf 76' lang='grc' dir='ltr'>ἦλθον,</span> <span class='ocrx_word' id='word_1_493' title='bbox 1655 1765 1732 1800; x_wconf 78' lang='grc' dir='ltr'>φησὶ,</span> <span class='ocrx_word' id='word_1_494' title='bbox 1758 1772 1814 1790; x_wconf 81' lang='grc' dir='ltr'>κα-</span> 
     </span>
    </p>
   </div>
   <div class='ocr_carea' id='block_1_69' title="bbox 195 1810 1063 1847">
    <p class='ocr_par' dir='ltr' id='par_1_69' title="bbox 195 1810 1063 1847">
     <span class='ocr_line' id='line_1_69' title="bbox 195 1810 1063 1847; baseline 0.003 -9"><span class='ocrx_word' id='word_1_495' title='bbox 195 1811 284 1840; x_wconf 63' lang='grc' dir='ltr'>Μσαι</span> <span class='ocrx_word' id='word_1_496' title='bbox 317 1810 463 1843; x_wconf 81' lang='grc' dir='ltr'>δικαίους,</span> <span class='ocrx_word' id='word_1_497' title='bbox 495 1811 577 1839; x_wconf 75' lang='grc' dir='ltr'><em>ἀλλὰ</em></span> <span class='ocrx_word' id='word_1_498' title='bbox 602 1811 797 1847; x_wconf 73' lang='grc' dir='ltr'>ἁμαρτωλοὺς</span> <span class='ocrx_word' id='word_1_499' title='bbox 819 1813 862 1845; x_wconf 81' lang='grc' dir='ltr'>εις</span> <span class='ocrx_word' id='word_1_500' title='bbox 889 1813 1063 1846; x_wconf 79' lang='grc' dir='ltr'>μετάνοιαν.</span> 
     </span>
    </p>
   </div>
   <div class='ocr_carea' id='block_1_70' title="bbox 493 1867 680 1897">
    <p class='ocr_par' dir='ltr' id='par_1_70' title="bbox 493 1867 680 1897">
     <span class='ocr_line' id='line_1_70' title="bbox 493 1867 680 1897; baseline 0.005 -2"><span class='ocrx_word' id='word_1_501' title='bbox 493 1867 536 1895; x_wconf 76' lang='lat' dir='ltr'><strong>Ea:</strong></span> <span class='ocrx_word' id='word_1_502' title='bbox 555 1869 623 1896; x_wconf 77' lang='lat' dir='ltr'><strong>libro</strong></span> <span class='ocrx_word' id='word_1_503' title='bbox 644 1877 680 1897; x_wconf 86' lang='lat' dir='ltr'><strong>tv.</strong></span> 
     </span>
    </p>
   </div>
   <div class='ocr_carea' id='block_1_71' title="bbox 230 1914 976 1951">
    <p class='ocr_par' dir='ltr' id='par_1_71' title="bbox 230 1914 976 1951">
     <span class='ocr_line' id='line_1_71' title="bbox 230 1914 976 1951; baseline 0.001 -9"><span class='ocrx_word' id='word_1_504' title='bbox 230 1914 355 1950; x_wconf 78' lang='lat' dir='ltr'><strong>Magnum</strong></span> <span class='ocrx_word' id='word_1_505' title='bbox 368 1915 444 1950; x_wconf 82' lang='lat' dir='ltr'><strong>quid,</strong></span> <span class='ocrx_word' id='word_1_506' title='bbox 459 1914 559 1950; x_wconf 87' lang='lat' dir='ltr'><strong>inquit,</strong></span> <span class='ocrx_word' id='word_1_507' title='bbox 573 1920 614 1943; x_wconf 86' lang='lat' dir='ltr'><strong>est</strong></span> <span class='ocrx_word' id='word_1_508' title='bbox 627 1917 720 1948; x_wconf 85' lang='lat' dir='ltr'><strong>homo,</strong></span> <span class='ocrx_word' id='word_1_509' title='bbox 736 1916 808 1951; x_wconf 85' lang='lat' dir='ltr'><strong>quod</strong></span> <span class='ocrx_word' id='word_1_510' title='bbox 824 1916 913 1951; x_wconf 86' lang='lat' dir='ltr'><strong>imago</strong></span> <span class='ocrx_word' id='word_1_511' title='bbox 929 1915 976 1944; x_wconf 87' lang='lat' dir='ltr'><strong>Dei</strong></span> 
     </span>
    </p>
   </div>
   <div class='ocr_carea' id='block_1_72' title="bbox 195 1961 976 1992">
    <p class='ocr_par' dir='ltr' id='par_1_72' title="bbox 195 1961 976 1992">
     <span class='ocr_line' id='line_1_72' title="bbox 195 1961 976 1992; baseline 0.004 -5"><span class='ocrx_word' id='word_1_512' title='bbox 195 1961 241 1992; x_wconf 85' lang='lat' dir='ltr'><strong>sit,</strong></span> <span class='ocrx_word' id='word_1_513' title='bbox 257 1965 287 1988; x_wconf 86' lang='lat' dir='ltr'><strong>et</strong></span> <span class='ocrx_word' id='word_1_514' title='bbox 299 1961 424 1988; x_wconf 85' lang='lat' dir='ltr'><strong>manibus</strong></span> <span class='ocrx_word' id='word_1_515' title='bbox 442 1961 489 1988; x_wconf 86' lang='lat' dir='ltr'><strong>Dei</strong></span> <span class='ocrx_word' id='word_1_516' title='bbox 505 1961 653 1989; x_wconf 83' lang='lat' dir='ltr'><strong>conditus:</strong></span> <span class='ocrx_word' id='word_1_517' title='bbox 670 1967 699 1989; x_wconf 84' lang='lat' dir='ltr'><strong>ut</strong></span> <span class='ocrx_word' id='word_1_518' title='bbox 715 1962 874 1990; x_wconf 83' lang='lat' dir='ltr'><strong>misericors</strong></span> <span class='ocrx_word' id='word_1_519' title='bbox 888 1963 976 1990; x_wconf 84' lang='lat' dir='ltr'><strong>bono-</strong></span> 
     </span>
    </p>
   </div>
   <div class='ocr_carea' id='block_1_73' title="bbox 197 2007 977 2043">
    <p class='ocr_par' dir='ltr' id='par_1_73' title="bbox 197 2007 977 2043">
     <span class='ocr_line' id='line_1_73' title="bbox 197 2007 977 2043; baseline 0.003 -9"><span class='ocrx_word' id='word_1_520' title='bbox 197 2007 299 2035; x_wconf 87' lang='lat' dir='ltr'><strong>randus</strong></span> <span class='ocrx_word' id='word_1_521' title='bbox 316 2007 352 2034; x_wconf 89' lang='lat' dir='ltr'><strong>sit</strong></span> <span class='ocrx_word' id='word_1_522' title='bbox 375 2008 519 2042; x_wconf 60' lang='lat' dir='ltr'><strong>praeceptis</strong></span> <span class='ocrx_word' id='word_1_523' title='bbox 540 2007 598 2040; x_wconf 88' lang='lat' dir='ltr'><strong>Dei,</strong></span> <span class='ocrx_word' id='word_1_524' title='bbox 625 2008 756 2035; x_wconf 78' lang='lat' dir='ltr'><strong>honorem</strong></span> <span class='ocrx_word' id='word_1_525' title='bbox 774 2008 825 2036; x_wconf 77' lang='lat' dir='ltr'><strong>sibi</strong></span> <span class='ocrx_word' id='word_1_526' title='bbox 849 2009 977 2043; x_wconf 82' lang='lat' dir='ltr'><strong>operibus</strong></span> 
     </span>
    </p>
   </div>
   <div class='ocr_carea' id='block_1_74' title="bbox 197 2052 979 2088">
    <p class='ocr_par' dir='ltr' id='par_1_74' title="bbox 197 2052 979 2088">
     <span class='ocr_line' id='line_1_74' title="bbox 197 2052 979 2088; baseline 0 -8"><span class='ocrx_word' id='word_1_527' title='bbox 197 2052 255 2080; x_wconf 87' lang='lat' dir='ltr'><strong>suis</strong></span> <span class='ocrx_word' id='word_1_528' title='bbox 284 2059 456 2087; x_wconf 81' lang='lat' dir='ltr'><strong>comparans.</strong></span> <span class='ocrx_word' id='word_1_529' title='bbox 478 2052 563 2080; x_wconf 81' lang='lat' dir='ltr'><strong>Divus</strong></span> <span class='ocrx_word' id='word_1_530' title='bbox 588 2053 686 2081; x_wconf 83' lang='lat' dir='ltr'><strong>Paulus</strong></span> <span class='ocrx_word' id='word_1_531' title='bbox 710 2054 769 2080; x_wconf 87' lang='lat' dir='ltr'><strong>ait:</strong></span> <span class='ocrx_word' id='word_1_532' title='bbox 789 2053 846 2088; x_wconf 81' lang='lat' dir='ltr'><strong>Ego</strong></span> <span class='ocrx_word' id='word_1_533' title='bbox 866 2061 906 2080; x_wconf 85' lang='lat' dir='ltr'><strong>me</strong></span> <span class='ocrx_word' id='word_1_534' title='bbox 927 2062 979 2080; x_wconf 85' lang='lat' dir='ltr'><strong>non</strong></span> 
     </span>
    </p>
   </div>
   <div class='ocr_carea' id='block_1_75' title="bbox 196 2097 978 2134">
    <p class='ocr_par' dir='ltr' id='par_1_75' title="bbox 196 2097 978 2134">
     <span class='ocr_line' id='line_1_75' title="bbox 196 2097 978 2134; baseline 0.003 -9"><span class='ocrx_word' id='word_1_535' title='bbox 196 2098 313 2126; x_wconf 81' lang='lat' dir='ltr'><strong>arbitror</strong></span> <span class='ocrx_word' id='word_1_536' title='bbox 322 2099 556 2132; x_wconf 75' lang='lat' dir='ltr'><strong>comprehendisse.</strong></span> <span class='ocrx_word' id='word_1_537' title='bbox 571 2097 657 2125; x_wconf 83' lang='lat' dir='ltr'><strong>Unum</strong></span> <span class='ocrx_word' id='word_1_538' title='bbox 673 2103 759 2126; x_wconf 86' lang='lat' dir='ltr'><strong>autem</strong></span> <span class='ocrx_word' id='word_1_539' title='bbox 775 2106 784 2125; x_wconf 91' lang='lat'><em>:</em></span> <span class='ocrx_word' id='word_1_540' title='bbox 801 2107 859 2134; x_wconf 75' lang='lat' dir='ltr'><strong>qua:</strong></span> <span class='ocrx_word' id='word_1_541' title='bbox 874 2099 978 2134; x_wconf 79' lang='lat' dir='ltr'><strong>qtudem</strong></span> 
     </span>
    </p>
   </div>
   <div class='ocr_carea' id='block_1_76' title="bbox 196 2143 978 2180">
    <p class='ocr_par' dir='ltr' id='par_1_76' title="bbox 196 2143 978 2180">
     <span class='ocr_line' id='line_1_76' title="bbox 196 2143 978 2180; baseline 0 -8"><span class='ocrx_word' id='word_1_542' title='bbox 196 2149 265 2172; x_wconf 67' lang='grc' dir='ltr'>ἰιι-ο</span> <span class='ocrx_word' id='word_1_543' title='bbox 284 2148 345 2171; x_wconf 72' lang='lat' dir='ltr'><strong>eum</strong></span> <span class='ocrx_word' id='word_1_544' title='bbox 368 2143 532 2177; x_wconf 76' lang='lat' dir='ltr'><strong>obliuiscens,</strong></span> <span class='ocrx_word' id='word_1_545' title='bbox 554 2144 588 2171; x_wconf 85' lang='lat' dir='ltr'><strong>ad</strong></span> <span class='ocrx_word' id='word_1_546' title='bbox 601 2153 633 2171; x_wconf 90' lang='lat' dir='ltr'><strong>ea</strong></span> <span class='ocrx_word' id='word_1_547' title='bbox 653 2152 712 2172; x_wconf 78' lang='lat' dir='ltr'><strong>vero</strong></span> <span class='ocrx_word' id='word_1_548' title='bbox 734 2153 793 2180; x_wconf 75' lang='lat' dir='ltr'><strong>qua:</strong></span> <span class='ocrx_word' id='word_1_549' title='bbox 812 2149 872 2171; x_wconf 81' lang='lat' dir='ltr'><strong>sunt</strong></span> <span class='ocrx_word' id='word_1_550' title='bbox 888 2145 978 2179; x_wconf 79' lang='lat' dir='ltr'><strong>priora</strong></span> 
     </span>
    </p>
   </div>
   <div class='ocr_carea' id='block_1_77' title="bbox 194 2190 979 2226">
    <p class='ocr_par' dir='ltr' id='par_1_77' title="bbox 194 2190 979 2226">
     <span class='ocr_line' id='line_1_77' title="bbox 194 2190 979 2226; baseline -0.001 -8"><span class='ocrx_word' id='word_1_551' title='bbox 194 2191 334 2218; x_wconf 71' lang='lat' dir='ltr'><strong>extendens</strong></span> <span class='ocrx_word' id='word_1_552' title='bbox 347 2191 472 2226; x_wconf 73' lang='lat' dir='ltr'><strong>meipsum</strong></span> <span class='ocrx_word' id='word_1_553' title='bbox 482 2196 504 2218; x_wconf 78' lang='grc'><strong>³.</strong></span> <span class='ocrx_word' id='word_1_554' title='bbox 514 2190 548 2218; x_wconf 89' lang='lat' dir='ltr'><strong>Et</strong></span> <span class='ocrx_word' id='word_1_555' title='bbox 558 2191 655 2218; x_wconf 85' lang='lat' dir='ltr'><strong>deinde</strong></span> <span class='ocrx_word' id='word_1_556' title='bbox 669 2191 708 2218; x_wconf 86' lang='lat' dir='ltr'><strong>ait</strong></span> <span class='ocrx_word' id='word_1_557' title='bbox 721 2199 728 2217; x_wconf 90' lang='lat'><strong>:</strong></span> <span class='ocrx_word' id='word_1_558' title='bbox 749 2190 934 2218; x_wconf 80' lang='lat' dir='ltr'><strong>Verumtamen</strong></span> <span class='ocrx_word' id='word_1_559' title='bbox 944 2192 979 2218; x_wconf 81' lang='lat' dir='ltr'><strong>ad</strong></span> 
     </span>
    </p>
   </div>
   <div class='ocr_carea' id='block_1_78' title="bbox 151 2233 977 2271">
    <p class='ocr_par' dir='ltr' id='par_1_78' title="bbox 151 2233 977 2271">
     <span class='ocr_line' id='line_1_78' title="bbox 151 2233 977 2271; baseline 0 -8"><span class='ocrx_word' id='word_1_560' title='bbox 151 2233 157 2245; x_wconf 80' lang='lat'><em>‘</em></span> <span class='ocrx_word' id='word_1_561' title='bbox 195 2237 264 2271; x_wconf 81' lang='lat' dir='ltr'><strong>quod</strong></span> <span class='ocrx_word' id='word_1_562' title='bbox 287 2237 460 2271; x_wconf 66' lang='lat' dir='ltr'><strong>pervenimus,</strong></span> <span class='ocrx_word' id='word_1_563' title='bbox 490 2237 517 2263; x_wconf 84' lang='lat' dir='ltr'><strong>in</strong></span> <span class='ocrx_word' id='word_1_564' title='bbox 542 2236 634 2262; x_wconf 82' lang='lat' dir='ltr'><strong>eadem</strong></span> <span class='ocrx_word' id='word_1_565' title='bbox 657 2244 809 2270; x_wconf 79' lang='lat' dir='ltr'><strong>permanere</strong></span> <span class='ocrx_word' id='word_1_566' title='bbox 847 2236 938 2271; x_wconf 72' lang='lat' dir='ltr'><strong>regula</strong></span> <span class='ocrx_word' id='word_1_567' title='bbox 956 2237 977 2263; x_wconf 78' lang='grc' dir='ltr'>ί.</span> 
     </span>
    </p>
   </div>
   <div class='ocr_carea' id='block_1_79' title="bbox 198 2281 978 2317">
    <p class='ocr_par' dir='ltr' id='par_1_79' title="bbox 198 2281 978 2317">
     <span class='ocr_line' id='line_1_79' title="bbox 198 2281 978 2317; baseline 0 -9"><span class='ocrx_word' id='word_1_568' title='bbox 198 2281 328 2317; x_wconf 65' lang='lat' dir='ltr'><strong>[tegulam</strong></span> <span class='ocrx_word' id='word_1_569' title='bbox 354 2281 482 2316; x_wconf 76' lang='lat' dir='ltr'><strong>intelligit</strong></span> <span class='ocrx_word' id='word_1_570' title='bbox 504 2288 605 2309; x_wconf 84' lang='lat' dir='ltr'><strong>cursus</strong></span> <span class='ocrx_word' id='word_1_571' title='bbox 630 2281 780 2308; x_wconf 85' lang='lat' dir='ltr'><strong>secundum</strong></span> <span class='ocrx_word' id='word_1_572' title='bbox 804 2281 901 2314; x_wconf 90' lang='lat' dir='ltr'><strong>Deum,</strong></span> <span class='ocrx_word' id='word_1_573' title='bbox 917 2289 978 2316; x_wconf 71' lang='lat' dir='ltr'><strong>qua:</strong></span> 
     </span>
    </p>
   </div>
   <div class='ocr_carea' id='block_1_80' title="bbox 196 2326 978 2362">
    <p class='ocr_par' dir='ltr' id='par_1_80' title="bbox 196 2326 978 2362">
     <span class='ocr_line' id='line_1_80' title="bbox 196 2326 978 2362; baseline -0.001 -7"><span class='ocrx_word' id='word_1_574' title='bbox 196 2333 260 2355; x_wconf 83' lang='lat' dir='ltr'><strong>ante</strong></span> <span class='ocrx_word' id='word_1_575' title='bbox 274 2327 373 2355; x_wconf 87' lang='lat' dir='ltr'><strong>tradita</strong></span> <span class='ocrx_word' id='word_1_576' title='bbox 387 2333 438 2356; x_wconf 87' lang='lat' dir='ltr'><strong>est.</strong></span> <span class='ocrx_word' id='word_1_577' title='bbox 465 2327 532 2361; x_wconf 66' lang='lat' dir='ltr'><strong>Quae</strong></span> <span class='ocrx_word' id='word_1_578' title='bbox 552 2327 598 2354; x_wconf 90' lang='lat' dir='ltr'><strong>illa</strong></span> <span class='ocrx_word' id='word_1_579' title='bbox 620 2327 681 2355; x_wconf 82' lang='lat' dir='ltr'><strong>est?</strong></span> <span class='ocrx_word' id='word_1_580' title='bbox 704 2326 832 2354; x_wconf 84' lang='lat' dir='ltr'><strong>Oblivisci</strong></span> <span class='ocrx_word' id='word_1_581' title='bbox 857 2328 978 2362; x_wconf 88' lang='lat' dir='ltr'><strong>priorum</strong></span> 
     </span>
    </p>
   </div>
   <div class='ocr_carea' id='block_1_81' title="bbox 197 2373 976 2408">
    <p class='ocr_par' dir='ltr' id='par_1_81' title="bbox 197 2373 976 2408">
     <span class='ocr_line' id='line_1_81' title="bbox 197 2373 976 2408; baseline -0.001 -7"><span class='ocrx_word' id='word_1_582' title='bbox 197 2373 414 2406; x_wconf 77' lang='lat' dir='ltr'><strong>benefactorum,</strong></span> <span class='ocrx_word' id='word_1_583' title='bbox 437 2373 532 2401; x_wconf 85' lang='lat' dir='ltr'><strong>ﬂorere</strong></span> <span class='ocrx_word' id='word_1_584' title='bbox 556 2381 622 2401; x_wconf 85' lang='lat' dir='ltr'><strong>vero</strong></span> <span class='ocrx_word' id='word_1_585' title='bbox 645 2378 671 2401; x_wconf 89' lang='lat' dir='ltr'><strong>et</strong></span> <span class='ocrx_word' id='word_1_586' title='bbox 695 2374 804 2401; x_wconf 80' lang='lat' dir='ltr'><strong>extendi</strong></span> <span class='ocrx_word' id='word_1_587' title='bbox 831 2380 918 2408; x_wconf 85' lang='lat' dir='ltr'><strong>usque</strong></span> <span class='ocrx_word' id='word_1_588' title='bbox 948 2373 976 2400; x_wconf 93' lang='lat' dir='ltr'><strong>in</strong></span> 
     </span>
    </p>
   </div>
   <div class='ocr_carea' id='block_1_82' title="bbox 196 2419 975 2454">
    <p class='ocr_par' dir='ltr' id='par_1_82' title="bbox 196 2419 975 2454">
     <span class='ocr_line' id='line_1_82' title="bbox 196 2419 975 2454; baseline -0.001 -7"><span class='ocrx_word' id='word_1_589' title='bbox 196 2420 299 2454; x_wconf 85' lang='lat' dir='ltr'><strong>priora,</strong></span> <span class='ocrx_word' id='word_1_590' title='bbox 327 2423 358 2446; x_wconf 85' lang='lat' dir='ltr'><strong>ut</strong></span> <span class='ocrx_word' id='word_1_591' title='bbox 383 2419 462 2454; x_wconf 85' lang='lat' dir='ltr'><strong>quasi</strong></span> <span class='ocrx_word' id='word_1_592' title='bbox 487 2420 569 2447; x_wconf 88' lang='lat' dir='ltr'><strong>modo</strong></span> <span class='ocrx_word' id='word_1_593' title='bbox 595 2420 665 2447; x_wconf 87' lang='lat' dir='ltr'><strong>bona</strong></span> <span class='ocrx_word' id='word_1_594' title='bbox 692 2419 853 2446; x_wconf 82' lang='lat' dir='ltr'><strong>inchoantes</strong></span> <span class='ocrx_word' id='word_1_595' title='bbox 882 2426 975 2454; x_wconf 81' lang='lat' dir='ltr'><strong>opera,</strong></span> 
     </span>
    </p>
   </div>
   <div class='ocr_carea' id='block_1_83' title="bbox 196 2465 977 2501">
    <p class='ocr_par' dir='ltr' id='par_1_83' title="bbox 196 2465 977 2501">
     <span class='ocr_line' id='line_1_83' title="bbox 196 2465 977 2501; baseline 0 -9"><span class='ocrx_word' id='word_1_596' title='bbox 196 2466 317 2501; x_wconf 85' lang='lat' dir='ltr'><strong>quotidie</strong></span> <span class='ocrx_word' id='word_1_597' title='bbox 332 2465 514 2501; x_wconf 82' lang='lat' dir='ltr'><strong>intelligentes</strong></span> <span class='ocrx_word' id='word_1_598' title='bbox 526 2466 592 2494; x_wconf 90' lang='lat' dir='ltr'><strong>illud</strong></span> <span class='ocrx_word' id='word_1_599' title='bbox 618 2465 715 2497; x_wconf 80' lang='lat' dir='ltr'><strong>Hodie,</strong></span> <span class='ocrx_word' id='word_1_600' title='bbox 741 2469 768 2492; x_wconf 86' lang='lat' dir='ltr'><strong>et</strong></span> <span class='ocrx_word' id='word_1_601' title='bbox 785 2465 908 2493; x_wconf 89' lang='lat' dir='ltr'><strong>dicentes</strong></span> <span class='ocrx_word' id='word_1_602' title='bbox 925 2465 977 2492; x_wconf 90' lang='lat' dir='ltr'><strong>sibi</strong></span> 
     </span>
    </p>
   </div>
   <div class='ocr_carea' id='block_1_84' title="bbox 195 2510 977 2547">
    <p class='ocr_par' dir='ltr' id='par_1_84' title="bbox 195 2510 977 2547">
     <span class='ocr_line' id='line_1_84' title="bbox 195 2510 977 2547; baseline -0.003 -8"><span class='ocrx_word' id='word_1_603' title='bbox 195 2512 229 2539; x_wconf 88' lang='lat' dir='ltr'><strong>ad</strong></span> <span class='ocrx_word' id='word_1_604' title='bbox 252 2516 404 2539; x_wconf 86' lang='lat' dir='ltr'><strong>extremum</strong></span> <span class='ocrx_word' id='word_1_605' title='bbox 424 2519 512 2547; x_wconf 85' lang='lat' dir='ltr'><strong>usque</strong></span> <span class='ocrx_word' id='word_1_606' title='bbox 535 2512 597 2539; x_wconf 65' lang='lat' dir='ltr'><strong>vitae</strong></span> <span class='ocrx_word' id='word_1_607' title='bbox 620 2511 759 2546; x_wconf 84' lang='lat' dir='ltr'><strong>spiritum.</strong></span> <span class='ocrx_word' id='word_1_608' title='bbox 773 2510 885 2545; x_wconf 77' lang='lat' dir='ltr'><strong>Oportet</strong></span> <span class='ocrx_word' id='word_1_609' title='bbox 905 2511 977 2538; x_wconf 85' lang='lat' dir='ltr'><strong>enim</strong></span> 
     </span>
    </p>
   </div>
   <div class='ocr_carea' id='block_1_85' title="bbox 195 2557 977 2593">
    <p class='ocr_par' dir='ltr' id='par_1_85' title="bbox 195 2557 977 2593">
     <span class='ocr_line' id='line_1_85' title="bbox 195 2557 977 2593; baseline -0.003 -8"><span class='ocrx_word' id='word_1_610' title='bbox 195 2558 229 2585; x_wconf 86' lang='lat' dir='ltr'><strong>ad</strong></span> <span class='ocrx_word' id='word_1_611' title='bbox 249 2558 275 2586; x_wconf 88' lang='lat' dir='ltr'><strong>id</strong></span> <span class='ocrx_word' id='word_1_612' title='bbox 296 2566 382 2593; x_wconf 89' lang='lat' dir='ltr'><strong>usque</strong></span> <span class='ocrx_word' id='word_1_613' title='bbox 397 2563 506 2593; x_wconf 85' lang='lat' dir='ltr'><strong>tempus</strong></span> <span class='ocrx_word' id='word_1_614' title='bbox 519 2564 628 2585; x_wconf 81' lang='lat' dir='ltr'><strong>currere</strong></span> <span class='ocrx_word' id='word_1_615' title='bbox 651 2565 763 2584; x_wconf 88' lang='lat' dir='ltr'><strong>cursum</strong></span> <span class='ocrx_word' id='word_1_616' title='bbox 781 2557 839 2589; x_wconf 82' lang='lat' dir='ltr'><strong>Dei,</strong></span> <span class='ocrx_word' id='word_1_617' title='bbox 866 2561 894 2583; x_wconf 88' lang='lat' dir='ltr'><strong>et</strong></span> <span class='ocrx_word' id='word_1_618' title='bbox 915 2564 977 2583; x_wconf 88' lang='lat' dir='ltr'><strong>cum</strong></span> 
     </span>
    </p>
   </div>
   <div class='ocr_carea' id='block_1_86' title="bbox 195 2601 977 2639">
    <p class='ocr_par' dir='ltr' id='par_1_86' title="bbox 195 2601 977 2639">
     <span class='ocr_line' id='line_1_86' title="bbox 195 2601 977 2639; baseline -0.004 -8"><span class='ocrx_word' id='word_1_619' title='bbox 195 2604 360 2632; x_wconf 86' lang='lat' dir='ltr'><strong>adversariis</strong></span> <span class='ocrx_word' id='word_1_620' title='bbox 376 2611 508 2639; x_wconf 79' lang='lat' dir='ltr'><strong>pugnare.</strong></span> <span class='ocrx_word' id='word_1_621' title='bbox 523 2603 672 2638; x_wconf 84' lang='lat' dir='ltr'><strong>Apostolus</strong></span> <span class='ocrx_word' id='word_1_622' title='bbox 685 2603 724 2630; x_wconf 88' lang='lat' dir='ltr'><strong>ait</strong></span> <span class='ocrx_word' id='word_1_623' title='bbox 738 2611 745 2629; x_wconf 92' lang='lat'><strong>:</strong></span> <span class='ocrx_word' id='word_1_624' title='bbox 764 2601 860 2630; x_wconf 77' lang='lat' dir='ltr'><strong>Melius</strong></span> <span class='ocrx_word' id='word_1_625' title='bbox 876 2607 914 2630; x_wconf 80' lang='lat' dir='ltr'><strong>est</strong></span> <span class='ocrx_word' id='word_1_626' title='bbox 929 2611 977 2629; x_wconf 86' lang='lat' dir='ltr'><strong>nu-</strong></span> 
     </span>
    </p>
   </div>
   <div class='ocr_carea' id='block_1_87' title="bbox 230 2660 1038 2695">
    <p class='ocr_par' dir='ltr' id='par_1_87' title="bbox 230 2660 1038 2695">
     <span class='ocr_line' id='line_1_87' title="bbox 230 2660 1038 2695; baseline -0.001 -8"><span class='ocrx_word' id='word_1_627' title='bbox 230 2667 244 2687; x_wconf 73' lang='grc' dir='ltr'><strong>ιι</strong></span> <span class='ocrx_word' id='word_1_628' title='bbox 261 2662 338 2693; x_wconf 76' lang='lat' dir='ltr'><strong>Joan.</strong></span> <span class='ocrx_word' id='word_1_629' title='bbox 356 2670 413 2694; x_wconf 79' lang='lat' dir='ltr'><strong>xxt,</strong></span> <span class='ocrx_word' id='word_1_630' title='bbox 430 2662 472 2688; x_wconf 65' lang='grc'><strong>15.</strong></span> <span class='ocrx_word' id='word_1_631' title='bbox 512 2664 523 2680; x_wconf 67' lang='grc' dir='ltr'><strong>ε</strong></span> <span class='ocrx_word' id='word_1_632' title='bbox 543 2660 635 2688; x_wconf 74' lang='lat' dir='ltr'><strong>Matth.</strong></span> <span class='ocrx_word' id='word_1_633' title='bbox 648 2669 674 2693; x_wconf 76' lang='grc' dir='ltr'><strong>γ,</strong></span> <span class='ocrx_word' id='word_1_634' title='bbox 692 2661 732 2688; x_wconf 76' lang='lat' dir='ltr'><strong>i5.</strong></span> <span class='ocrx_word' id='word_1_635' title='bbox 769 2666 780 2680; x_wconf 73' lang='grc'><strong>⁵</strong></span> <span class='ocrx_word' id='word_1_636' title='bbox 803 2660 920 2695; x_wconf 83' lang='lat' dir='ltr'><strong>Philipp.</strong></span> <span class='ocrx_word' id='word_1_637' title='bbox 938 2668 978 2693; x_wconf 74' lang='lat' dir='ltr'><strong>tu,</strong></span> <span class='ocrx_word' id='word_1_638' title='bbox 996 2660 1038 2686; x_wconf 78' lang='lat' dir='ltr'><strong>l5.</strong></span> 
     </span>
    </p>
   </div>
   <div class='ocr_carea' id='block_1_88' title="bbox 1269 1872 1574 1908">
    <p class='ocr_par' dir='ltr' id='par_1_88' title="bbox 1269 1872 1574 1908">
     <span class='ocr_line' id='line_1_88' title="bbox 1269 1872 1574 1908; baseline -0.003 -8"><span class='ocrx_word' id='word_1_639' title='bbox 1269 1873 1320 1900; x_wconf 84' lang='grc' dir='ltr'>Ἐκ</span> <span class='ocrx_word' id='word_1_640' title='bbox 1335 1873 1388 1900; x_wconf 78' lang='grc' dir='ltr'>τοῦ</span> <span class='ocrx_word' id='word_1_641' title='bbox 1399 1872 1423 1899; x_wconf 87' lang='grc' dir='ltr'>δ’</span> <span class='ocrx_word' id='word_1_642' title='bbox 1433 1873 1526 1908; x_wconf 73' lang='grc' dir='ltr'>λόγου</span> <span class='ocrx_word' id='word_1_643' title='bbox 1540 1872 1574 1899; x_wconf 81' lang='lat'><strong>&quot;.</strong></span> 
     </span>
    </p>
   </div>
   <div class='ocr_carea' id='block_1_89' title="bbox 1063 1915 1812 1954">
    <p class='ocr_par' dir='ltr' id='par_1_89' title="bbox 1063 1915 1812 1954">
     <span class='ocr_line' id='line_1_89' title="bbox 1063 1915 1812 1954; baseline -0.004 -9"><span class='ocrx_word' id='word_1_644' title='bbox 1063 1919 1124 1946; x_wconf 89' lang='grc' dir='ltr'>Ὂτι</span> <span class='ocrx_word' id='word_1_645' title='bbox 1140 1919 1212 1954; x_wconf 83' lang='grc' dir='ltr'>μέγα</span> <span class='ocrx_word' id='word_1_646' title='bbox 1230 1919 1292 1954; x_wconf 73' lang='grc' dir='ltr'>μὲν,</span> <span class='ocrx_word' id='word_1_647' title='bbox 1323 1919 1414 1954; x_wconf 64' lang='grc' dir='ltr'>φησὶν,</span> <span class='ocrx_word' id='word_1_648' title='bbox 1435 1918 1590 1953; x_wconf 78' lang='grc' dir='ltr'>ἄνθρωπος,</span> <span class='ocrx_word' id='word_1_649' title='bbox 1615 1917 1676 1944; x_wconf 76' lang='grc' dir='ltr'>καθ’</span> <span class='ocrx_word' id='word_1_650' title='bbox 1695 1916 1710 1943; x_wconf 79' lang='grc' dir='ltr'><strong>ὃ</strong></span> <span class='ocrx_word' id='word_1_651' title='bbox 1728 1915 1812 1942; x_wconf 86' lang='grc' dir='ltr'>εἰκὼν</span> 
     </span>
    </p>
   </div>
   <div class='ocr_carea' id='block_1_90' title="bbox 1027 1961 1815 2000">
    <p class='ocr_par' dir='ltr' id='par_1_90' title="bbox 1027 1961 1815 2000">
     <span class='ocr_line' id='line_1_90' title="bbox 1027 1961 1815 2000; baseline -0.005 -9"><span class='ocrx_word' id='word_1_652' title='bbox 1027 1964 1095 1991; x_wconf 87' lang='grc' dir='ltr'>Θεοῦ</span> <span class='ocrx_word' id='word_1_653' title='bbox 1109 1964 1155 1991; x_wconf 86' lang='grc' dir='ltr'>καὶ</span> <span class='ocrx_word' id='word_1_654' title='bbox 1168 1964 1246 2000; x_wconf 70' lang='grc' dir='ltr'>χερσὶ</span> <span class='ocrx_word' id='word_1_655' title='bbox 1258 1964 1345 1996; x_wconf 83' lang='grc' dir='ltr'>Οείαις</span> <span class='ocrx_word' id='word_1_656' title='bbox 1358 1963 1480 1998; x_wconf 77' lang='grc' dir='ltr'>ἐπλάσθη</span> <span class='ocrx_word' id='word_1_657' title='bbox 1494 1970 1502 1978; x_wconf 74' lang='grc'><strong><em>⁸</em></strong></span> <span class='ocrx_word' id='word_1_658' title='bbox 1519 1964 1608 1998; x_wconf 84' lang='grc' dir='ltr'>τίμιον</span> <span class='ocrx_word' id='word_1_659' title='bbox 1617 1963 1645 1989; x_wconf 82' lang='grc' dir='ltr'>δὲ</span> <span class='ocrx_word' id='word_1_660' title='bbox 1657 1963 1726 1998; x_wconf 80' lang='grc' dir='ltr'>ἀνὴρ</span> <span class='ocrx_word' id='word_1_661' title='bbox 1739 1961 1815 1996; x_wconf 80' lang='grc' dir='ltr'>ἐλεή-</span> 
     </span>
    </p>
   </div>
   <div class='ocr_carea' id='block_1_91' title="bbox 1031 2007 1814 2045">
    <p class='ocr_par' dir='ltr' id='par_1_91' title="bbox 1031 2007 1814 2045">
     <span class='ocr_line' id='line_1_91' title="bbox 1031 2007 1814 2045; baseline -0.003 -9"><span class='ocrx_word' id='word_1_662' title='bbox 1031 2018 1089 2045; x_wconf 88' lang='grc' dir='ltr'><strong>μων</strong></span> <span class='ocrx_word' id='word_1_663' title='bbox 1099 2009 1144 2036; x_wconf 87' lang='grc' dir='ltr'>διὰ</span> <span class='ocrx_word' id='word_1_664' title='bbox 1159 2009 1213 2036; x_wconf 87' lang='grc' dir='ltr'><strong>τῶν</strong></span> <span class='ocrx_word' id='word_1_665' title='bbox 1226 2009 1393 2036; x_wconf 78' lang='grc' dir='ltr'>δεσποτικῶν</span> <span class='ocrx_word' id='word_1_666' title='bbox 1408 2008 1523 2035; x_wconf 82' lang='grc' dir='ltr'>ἐντολῶν</span> <span class='ocrx_word' id='word_1_667' title='bbox 1538 2009 1652 2043; x_wconf 85' lang='grc' dir='ltr'>γίνεται,</span> <span class='ocrx_word' id='word_1_668' title='bbox 1667 2007 1716 2042; x_wconf 86' lang='grc' dir='ltr'>τὴν</span> <span class='ocrx_word' id='word_1_669' title='bbox 1730 2007 1814 2042; x_wconf 76' lang='grc' dir='ltr'>τιμὴν</span> 
     </span>
    </p>
   </div>
   <div class='ocr_carea' id='block_1_92' title="bbox 1029 2053 1815 2090">
    <p class='ocr_par' dir='ltr' id='par_1_92' title="bbox 1029 2053 1815 2090">
     <span class='ocr_line' id='line_1_92' title="bbox 1029 2053 1815 2090; baseline -0.003 -9"><span class='ocrx_word' id='word_1_670' title='bbox 1029 2053 1118 2089; x_wconf 80' lang='grc' dir='ltr'>ἑαυτῷ</span> <span class='ocrx_word' id='word_1_671' title='bbox 1146 2054 1186 2081; x_wconf 88' lang='grc' dir='ltr'><strong>δι’</strong></span> <span class='ocrx_word' id='word_1_672' title='bbox 1204 2063 1243 2081; x_wconf 88' lang='grc' dir='ltr'><strong>ων</strong></span> <span class='ocrx_word' id='word_1_673' title='bbox 1270 2055 1385 2090; x_wconf 81' lang='grc' dir='ltr'>πράττει</span> <span class='ocrx_word' id='word_1_674' title='bbox 1411 2054 1692 2089; x_wconf 78' lang='grc' dir='ltr'>κατασκευαζόμενος.</span> <span class='ocrx_word' id='word_1_675' title='bbox 1721 2053 1783 2079; x_wconf 72' lang='grc' dir='ltr'>Ὀτι</span> <span class='ocrx_word' id='word_1_676' title='bbox 1799 2054 1815 2079; x_wconf 76' lang='grc' dir='ltr'>ὁ</span> 
     </span>
    </p>
   </div>
   <div class='ocr_carea' id='block_1_93' title="bbox 1030 2099 1816 2135">
    <p class='ocr_par' dir='ltr' id='par_1_93' title="bbox 1030 2099 1816 2135">
     <span class='ocr_line' id='line_1_93' title="bbox 1030 2099 1816 2135; baseline 0 -9"><span class='ocrx_word' id='word_1_677' title='bbox 1030 2100 1175 2135; x_wconf 75' lang='grc' dir='ltr'>μακάριος,</span> <span class='ocrx_word' id='word_1_678' title='bbox 1195 2100 1271 2135; x_wconf 73' lang='grc' dir='ltr'>φησὶ,</span> <span class='ocrx_word' id='word_1_679' title='bbox 1290 2100 1395 2131; x_wconf 81' lang='grc' dir='ltr'>Παῦλος</span> <span class='ocrx_word' id='word_1_680' title='bbox 1405 2100 1502 2134; x_wconf 74' lang='grc' dir='ltr'>λέγων·</span> <span class='ocrx_word' id='word_1_681' title='bbox 1525 2099 1594 2134; x_wconf 72' lang='grc' dir='ltr'><strong>Ἐγὼ</strong></span> <span class='ocrx_word' id='word_1_682' title='bbox 1607 2100 1644 2126; x_wconf 81' lang='grc' dir='ltr'>οὐ</span> <span class='ocrx_word' id='word_1_683' title='bbox 1664 2099 1816 2134; x_wconf 73' lang='grc' dir='ltr'>λογίζομαι</span> 
     </span>
    </p>
   </div>
   <div class='ocr_carea' id='block_1_94' title="bbox 1028 2144 1814 2179">
    <p class='ocr_par' dir='ltr' id='par_1_94' title="bbox 1028 2144 1814 2179">
     <span class='ocr_line' id='line_1_94' title="bbox 1028 2144 1814 2179; baseline -0.001 -8"><span class='ocrx_word' id='word_1_684' title='bbox 1028 2145 1158 2179; x_wconf 83' lang='grc' dir='ltr'>ἐμαυτὸν</span> <span class='ocrx_word' id='word_1_685' title='bbox 1171 2145 1392 2178; x_wconf 65' lang='grc' dir='ltr'>κατειληφέναν</span> <span class='ocrx_word' id='word_1_686' title='bbox 1406 2144 1440 2170; x_wconf 78' lang='grc' dir='ltr'>ἓν</span> <span class='ocrx_word' id='word_1_687' title='bbox 1450 2145 1494 2175; x_wconf 83' lang='grc' dir='ltr'><strong>δὲ,</strong></span> <span class='ocrx_word' id='word_1_688' title='bbox 1506 2144 1564 2170; x_wconf 82' lang='grc' dir='ltr'><strong>τῶν</strong></span> <span class='ocrx_word' id='word_1_689' title='bbox 1569 2144 1629 2178; x_wconf 83' lang='grc' dir='ltr'>μὲν</span> <span class='ocrx_word' id='word_1_690' title='bbox 1638 2144 1735 2170; x_wconf 75' lang='grc' dir='ltr'>ὀπίσω</span> <span class='ocrx_word' id='word_1_691' title='bbox 1748 2144 1814 2170; x_wconf 77' lang='grc' dir='ltr'>ἐπί-</span> 
     </span>
    </p>
   </div>
   <div class='ocr_carea' id='block_1_95' title="bbox 1028 2189 1816 2224">
    <p class='ocr_par' dir='ltr' id='par_1_95' title="bbox 1028 2189 1816 2224">
     <span class='ocr_line' id='line_1_95' title="bbox 1028 2189 1816 2224; baseline -0.001 -8"><span class='ocrx_word' id='word_1_692' title='bbox 1028 2191 1262 2224; x_wconf 74' lang='grc' dir='ltr'>λανθανόμενος,</span> <span class='ocrx_word' id='word_1_693' title='bbox 1274 2190 1336 2222; x_wconf 78' lang='grc' dir='ltr'>τοῖς</span> <span class='ocrx_word' id='word_1_694' title='bbox 1346 2189 1380 2216; x_wconf 82' lang='grc' dir='ltr'>δὲ</span> <span class='ocrx_word' id='word_1_695' title='bbox 1392 2190 1562 2224; x_wconf 75' lang='grc' dir='ltr'>ἔμπροσθεν</span> <span class='ocrx_word' id='word_1_696' title='bbox 1572 2190 1816 2223; x_wconf 73' lang='grc' dir='ltr'>ἐπεκτεινόμενος</span> 
     </span>
    </p>
   </div>
   <div class='ocr_carea' id='block_1_96' title="bbox 1030 2234 1816 2271">
    <p class='ocr_par' dir='ltr' id='par_1_96' title="bbox 1030 2234 1816 2271">
     <span class='ocr_line' id='line_1_96' title="bbox 1030 2234 1816 2271; baseline -0.004 -8"><span class='ocrx_word' id='word_1_697' title='bbox 1030 2237 1077 2263; x_wconf 68' lang='grc' dir='ltr'><strong>καὶ</strong></span> <span class='ocrx_word' id='word_1_698' title='bbox 1091 2236 1123 2262; x_wconf 82' lang='grc' dir='ltr'>τὰ</span> <span class='ocrx_word' id='word_1_699' title='bbox 1135 2236 1208 2271; x_wconf 77' lang='grc' dir='ltr'>ἑξῆς,</span> <span class='ocrx_word' id='word_1_700' title='bbox 1228 2234 1288 2263; x_wconf 81' lang='grc' dir='ltr'>εἶτα</span> <span class='ocrx_word' id='word_1_701' title='bbox 1298 2236 1416 2270; x_wconf 66' lang='grc' dir='ltr'>ἐπάγων</span> <span class='ocrx_word' id='word_1_702' title='bbox 1434 2236 1521 2269; x_wconf 78' lang='grc' dir='ltr'>Πλὴν</span> <span class='ocrx_word' id='word_1_703' title='bbox 1533 2236 1576 2269; x_wconf 74' lang='grc' dir='ltr'><strong>εὶς</strong></span> <span class='ocrx_word' id='word_1_704' title='bbox 1592 2235 1608 2262; x_wconf 85' lang='grc' dir='ltr'>ὃ</span> <span class='ocrx_word' id='word_1_705' title='bbox 1630 2234 1816 2270; x_wconf 71' lang='grc' dir='ltr'><strong>ἐφθάσαμεν,</strong></span> 
     </span>
    </p>
   </div>
   <div class='ocr_carea' id='block_1_97' title="bbox 1029 2279 1817 2316">
    <p class='ocr_par' dir='ltr' id='par_1_97' title="bbox 1029 2279 1817 2316">
     <span class='ocr_line' id='line_1_97' title="bbox 1029 2279 1817 2316; baseline -0.003 -9"><span class='ocrx_word' id='word_1_706' title='bbox 1029 2280 1070 2313; x_wconf 77' lang='grc' dir='ltr'>τῷ</span> <span class='ocrx_word' id='word_1_707' title='bbox 1082 2281 1105 2297; x_wconf 76' lang='grc'><strong><em>⁵⁵</em></strong></span> <span class='ocrx_word' id='word_1_708' title='bbox 1113 2279 1194 2313; x_wconf 77' lang='grc' dir='ltr'>αὐτῷ</span> <span class='ocrx_word' id='word_1_709' title='bbox 1206 2281 1310 2308; x_wconf 86' lang='grc' dir='ltr'>κανόνι</span> <span class='ocrx_word' id='word_1_710' title='bbox 1321 2281 1465 2316; x_wconf 67' lang='grc' dir='ltr'>στοιχεῖν,</span> <span class='ocrx_word' id='word_1_711' title='bbox 1483 2282 1583 2308; x_wconf 79' lang='grc' dir='ltr'>κανόνα</span> <span class='ocrx_word' id='word_1_712' title='bbox 1594 2280 1668 2315; x_wconf 69' lang='grc' dir='ltr'>λέγει</span> <span class='ocrx_word' id='word_1_713' title='bbox 1679 2280 1726 2306; x_wconf 78' lang='grc' dir='ltr'><strong>τοῦ</strong></span> <span class='ocrx_word' id='word_1_714' title='bbox 1743 2280 1817 2306; x_wconf 83' lang='grc' dir='ltr'>κατὰ</span> 
     </span>
    </p>
   </div>
   <div class='ocr_carea' id='block_1_98' title="bbox 993 2324 1818 2376">
    <p class='ocr_par' dir='ltr' id='par_1_98' title="bbox 993 2324 1818 2376">
     <span class='ocr_line' id='line_1_98' title="bbox 993 2324 1818 2376; baseline -0.001 -23"><span class='ocrx_word' id='word_1_715' title='bbox 993 2346 1018 2376; x_wconf 80' lang='lat' dir='ltr'><strong>D</strong></span> <span class='ocrx_word' id='word_1_716' title='bbox 1031 2327 1097 2353; x_wconf 80' lang='grc' dir='ltr'>Θεὸν</span> <span class='ocrx_word' id='word_1_717' title='bbox 1111 2327 1210 2362; x_wconf 85' lang='grc' dir='ltr'>δρόμου</span> <span class='ocrx_word' id='word_1_718' title='bbox 1223 2327 1270 2353; x_wconf 72' lang='grc' dir='ltr'><strong>τὸν</strong></span> <span class='ocrx_word' id='word_1_719' title='bbox 1285 2327 1542 2362; x_wconf 81' lang='grc' dir='ltr'>προαποδεδομένον.</span> <span class='ocrx_word' id='word_1_720' title='bbox 1557 2328 1635 2353; x_wconf 80' lang='grc' dir='ltr'>Ποῖον</span> <span class='ocrx_word' id='word_1_721' title='bbox 1650 2326 1745 2352; x_wconf 79' lang='grc' dir='ltr'>τοῦτον</span> <span class='ocrx_word' id='word_1_722' title='bbox 1759 2334 1768 2358; x_wconf 82' lang='lat'><strong>;</strong></span> <span class='ocrx_word' id='word_1_723' title='bbox 1786 2324 1818 2352; x_wconf 82' lang='grc' dir='ltr'>τὺ</span> 
     </span>
    </p>
   </div>
   <div class='ocr_carea' id='block_1_99' title="bbox 1030 2371 1820 2409">
    <p class='ocr_par' dir='ltr' id='par_1_99' title="bbox 1030 2371 1820 2409">
     <span class='ocr_line' id='line_1_99' title="bbox 1030 2371 1820 2409; baseline -0.003 -9"><span class='ocrx_word' id='word_1_724' title='bbox 1030 2373 1114 2408; x_wconf 80' lang='grc' dir='ltr'>λήθην</span> <span class='ocrx_word' id='word_1_725' title='bbox 1127 2373 1176 2408; x_wconf 85' lang='grc' dir='ltr'><strong>μὲν</strong></span> <span class='ocrx_word' id='word_1_726' title='bbox 1185 2374 1320 2401; x_wconf 83' lang='grc' dir='ltr'>ποιεῖσθαι</span> <span class='ocrx_word' id='word_1_727' title='bbox 1331 2374 1386 2401; x_wconf 84' lang='grc' dir='ltr'><strong>τῶν</strong></span> <span class='ocrx_word' id='word_1_728' title='bbox 1392 2373 1668 2409; x_wconf 78' lang='grc' dir='ltr'>προκατωρθωμένων</span> <span class='ocrx_word' id='word_1_729' title='bbox 1678 2393 1685 2406; x_wconf 87' lang='grc'><strong><em>,</em></strong></span> <span class='ocrx_word' id='word_1_730' title='bbox 1700 2371 1820 2407; x_wconf 81' lang='grc' dir='ltr'>ὲνακμά-</span> 
     </span>
    </p>
   </div>
   <div class='ocr_carea' id='block_1_100' title="bbox 1031 2418 1818 2457">
    <p class='ocr_par' dir='ltr' id='par_1_100' title="bbox 1031 2418 1818 2457">
     <span class='ocr_line' id='line_1_100' title="bbox 1031 2418 1818 2457; baseline -0.003 -11"><span class='ocrx_word' id='word_1_731' title='bbox 1031 2419 1087 2452; x_wconf 84' lang='grc' dir='ltr'>ζειν</span> <span class='ocrx_word' id='word_1_732' title='bbox 1105 2419 1192 2447; x_wconf 77' lang='grc' dir='ltr'>δὲκαὶ</span> <span class='ocrx_word' id='word_1_733' title='bbox 1210 2419 1273 2456; x_wconf 87' lang='grc'><strong>[886</strong></span> <span class='ocrx_word' id='word_1_734' title='bbox 1290 2419 1336 2457; x_wconf 76' lang='lat' dir='ltr'><strong>IL]</strong></span> <span class='ocrx_word' id='word_1_735' title='bbox 1354 2419 1557 2447; x_wconf 81' lang='grc' dir='ltr'>ὲπεκτείνεσθαι</span> <span class='ocrx_word' id='word_1_736' title='bbox 1574 2421 1630 2451; x_wconf 81' lang='grc' dir='ltr'>τοῖς</span> <span class='ocrx_word' id='word_1_737' title='bbox 1643 2418 1818 2454; x_wconf 76' lang='grc' dir='ltr'>ἔμπροσθεν,</span> 
     </span>
    </p>
   </div>
   <div class='ocr_carea' id='block_1_101' title="bbox 1031 2465 1819 2501">
    <p class='ocr_par' dir='ltr' id='par_1_101' title="bbox 1031 2465 1819 2501">
     <span class='ocr_line' id='line_1_101' title="bbox 1031 2465 1819 2501; baseline -0.004 -9"><span class='ocrx_word' id='word_1_738' title='bbox 1031 2465 1069 2497; x_wconf 83' lang='grc' dir='ltr'>ὡς</span> <span class='ocrx_word' id='word_1_739' title='bbox 1079 2465 1142 2501; x_wconf 78' lang='grc' dir='ltr'>ἄρτι</span> <span class='ocrx_word' id='word_1_740' title='bbox 1157 2465 1211 2493; x_wconf 80' lang='grc' dir='ltr'><strong>τῶν</strong></span> <span class='ocrx_word' id='word_1_741' title='bbox 1221 2465 1332 2500; x_wconf 79' lang='grc' dir='ltr'>ἀγαθῶν</span> <span class='ocrx_word' id='word_1_742' title='bbox 1343 2466 1468 2501; x_wconf 82' lang='grc' dir='ltr'>πράξεων</span> <span class='ocrx_word' id='word_1_743' title='bbox 1480 2465 1690 2501; x_wconf 79' lang='grc' dir='ltr'>ἀπαρξαμένους</span> <span class='ocrx_word' id='word_1_744' title='bbox 1701 2465 1819 2491; x_wconf 82' lang='grc' dir='ltr'>πάντοτε</span> 
     </span>
    </p>
   </div>
   <div class='ocr_carea' id='block_1_102' title="bbox 1032 2509 1817 2544">
    <p class='ocr_par' dir='ltr' id='par_1_102' title="bbox 1032 2509 1817 2544">
     <span class='ocr_line' id='line_1_102' title="bbox 1032 2509 1817 2544; baseline -0.003 -8"><span class='ocrx_word' id='word_1_745' title='bbox 1032 2510 1063 2536; x_wconf 80' lang='grc' dir='ltr'>τὸ</span> <span class='ocrx_word' id='word_1_746' title='bbox 1077 2510 1212 2544; x_wconf 78' lang='grc' dir='ltr'>σήμερον</span> <span class='ocrx_word' id='word_1_747' title='bbox 1225 2511 1248 2527; x_wconf 76' lang='grc'><strong>⁸⁹</strong></span> <span class='ocrx_word' id='word_1_748' title='bbox 1267 2511 1315 2537; x_wconf 67' lang='grc' dir='ltr'>καὶ</span> <span class='ocrx_word' id='word_1_749' title='bbox 1326 2511 1487 2542; x_wconf 77' lang='grc' dir='ltr'>ἐννοοῦντας</span> <span class='ocrx_word' id='word_1_750' title='bbox 1498 2511 1545 2537; x_wconf 78' lang='grc' dir='ltr'>καὶ</span> <span class='ocrx_word' id='word_1_751' title='bbox 1556 2511 1685 2544; x_wconf 84' lang='grc' dir='ltr'>λέγοντας</span> <span class='ocrx_word' id='word_1_752' title='bbox 1695 2509 1817 2541; x_wconf 68' lang='grc' dir='ltr'>ἑαυτοῖς,</span> 
     </span>
    </p>
   </div>
   <div class='ocr_carea' id='block_1_103' title="bbox 1033 2553 1821 2592">
    <p class='ocr_par' dir='ltr' id='par_1_103' title="bbox 1033 2553 1821 2592">
     <span class='ocr_line' id='line_1_103' title="bbox 1033 2553 1821 2592; baseline -0.003 -9"><span class='ocrx_word' id='word_1_753' title='bbox 1033 2557 1112 2591; x_wconf 79' lang='grc' dir='ltr'>ἄχρις</span> <span class='ocrx_word' id='word_1_754' title='bbox 1129 2553 1160 2582; x_wconf 78' lang='grc' dir='ltr'>οὗ</span> <span class='ocrx_word' id='word_1_755' title='bbox 1176 2557 1207 2583; x_wconf 80' lang='grc' dir='ltr'>τὸ</span> <span class='ocrx_word' id='word_1_756' title='bbox 1230 2557 1306 2588; x_wconf 81' lang='grc' dir='ltr'>τέλος</span> <span class='ocrx_word' id='word_1_757' title='bbox 1328 2558 1377 2592; x_wconf 78' lang='grc' dir='ltr'>τῆς</span> <span class='ocrx_word' id='word_1_758' title='bbox 1397 2556 1470 2592; x_wconf 84' lang='grc' dir='ltr'>ζωῆς</span> <span class='ocrx_word' id='word_1_759' title='bbox 1482 2558 1547 2592; x_wconf 82' lang='grc' dir='ltr'>ἡμῖν</span> <span class='ocrx_word' id='word_1_760' title='bbox 1572 2557 1679 2591; x_wconf 75' lang='grc' dir='ltr'>ἐπιστῇ.</span> <span class='ocrx_word' id='word_1_761' title='bbox 1702 2556 1748 2582; x_wconf 83' lang='grc' dir='ltr'>Δεῖ</span> <span class='ocrx_word' id='word_1_762' title='bbox 1762 2555 1821 2590; x_wconf 69' lang='grc' dir='ltr'>γὰρ</span> 
     </span>
    </p>
   </div>
   <div class='ocr_carea' id='block_1_104' title="bbox 1034 2601 1821 2638">
    <p class='ocr_par' dir='ltr' id='par_1_104' title="bbox 1034 2601 1821 2638">
     <span class='ocr_line' id='line_1_104' title="bbox 1034 2601 1821 2638; baseline 0 -10"><span class='ocrx_word' id='word_1_763' title='bbox 1034 2603 1115 2638; x_wconf 83' lang='grc' dir='ltr'>μέχρι</span> <span class='ocrx_word' id='word_1_764' title='bbox 1131 2604 1192 2630; x_wconf 83' lang='grc' dir='ltr'>τότε</span> <span class='ocrx_word' id='word_1_765' title='bbox 1205 2603 1251 2630; x_wconf 78' lang='grc' dir='ltr'><strong>τὸν</strong></span> <span class='ocrx_word' id='word_1_766' title='bbox 1268 2603 1336 2630; x_wconf 74' lang='grc' dir='ltr'>κατὰ</span> <span class='ocrx_word' id='word_1_767' title='bbox 1350 2603 1418 2630; x_wconf 71' lang='grc' dir='ltr'>Θεὸν</span> <span class='ocrx_word' id='word_1_768' title='bbox 1430 2603 1538 2638; x_wconf 82' lang='grc' dir='ltr'>τρέχειν</span> <span class='ocrx_word' id='word_1_769' title='bbox 1562 2603 1636 2638; x_wconf 75' lang='grc' dir='ltr'>ἡμᾶς</span> <span class='ocrx_word' id='word_1_770' title='bbox 1657 2602 1756 2638; x_wconf 85' lang='grc' dir='ltr'>δρόμον</span> <span class='ocrx_word' id='word_1_771' title='bbox 1771 2601 1821 2628; x_wconf 63' lang='grc' dir='ltr'>καὶ.</span> 
     </span>
    </p>
   </div>
   <div class='ocr_carea' id='block_1_105' title="bbox 1081 2660 1234 2687">
    <p class='ocr_par' dir='ltr' id='par_1_105' title="bbox 1081 2660 1234 2687">
     <span class='ocr_line' id='line_1_105' title="bbox 1081 2660 1234 2687; baseline 0.007 -1"><span class='ocrx_word' id='word_1_772' title='bbox 1081 2661 1089 2678; x_wconf 64' lang='grc' dir='ltr'><strong>ί</strong></span> <span class='ocrx_word' id='word_1_773' title='bbox 1107 2660 1172 2687; x_wconf 86' lang='lat' dir='ltr'><strong>ibid.</strong></span> <span class='ocrx_word' id='word_1_774' title='bbox 1191 2660 1234 2687; x_wconf 77' lang='lat' dir='ltr'><strong>Hi.</strong></span> 
     </span>
    </p>
   </div>
   <div class='ocr_carea' id='block_1_106' title="bbox 823 2727 1158 2756">
    <p class='ocr_par' dir='ltr' id='par_1_106' title="bbox 823 2727 1158 2756">
     <span class='ocr_line' id='line_1_106' title="bbox 823 2727 1158 2756; baseline -0.006 -1"><span class='ocrx_word' id='word_1_775' title='bbox 823 2728 940 2756; x_wconf 72' lang='lat' dir='ltr'><strong>VARI/l3</strong></span> <span class='ocrx_word' id='word_1_776' title='bbox 959 2727 1105 2755; x_wconf 74' lang='lat' dir='ltr'><strong>LECTION</strong></span> <span class='ocrx_word' id='word_1_777' title='bbox 1109 2727 1158 2754; x_wconf 85' lang='lat' dir='ltr'><strong>ES.</strong></span> 
     </span>
    </p>
   </div>
   <div class='ocr_carea' id='block_1_107' title="bbox 248 2775 824 2810">
    <p class='ocr_par' dir='ltr' id='par_1_107' title="bbox 248 2775 824 2810">
     <span class='ocr_line' id='line_1_107' title="bbox 248 2775 824 2810; baseline 0 -9"><span class='ocrx_word' id='word_1_778' title='bbox 248 2775 272 2791; x_wconf 69' lang='grc'><strong><em>⁵⁵</em></strong></span> <span class='ocrx_word' id='word_1_779' title='bbox 287 2775 352 2810; x_wconf 63' lang='grc' dir='ltr'><strong>κᾶν]</strong></span> <span class='ocrx_word' id='word_1_780' title='bbox 375 2776 456 2802; x_wconf 69' lang='grc' dir='ltr'>κοινόν</span> <span class='ocrx_word' id='word_1_781' title='bbox 476 2776 506 2802; x_wconf 72' lang='lat'><strong>(1.</strong></span> <span class='ocrx_word' id='word_1_782' title='bbox 562 2776 584 2791; x_wconf 81' lang='grc'><strong>⁵⁷</strong></span> <span class='ocrx_word' id='word_1_783' title='bbox 601 2775 709 2802; x_wconf 87' lang='lat' dir='ltr'><strong>titulum</strong></span> <span class='ocrx_word' id='word_1_784' title='bbox 721 2783 777 2802; x_wconf 86' lang='lat' dir='ltr'><strong>om.</strong></span> <span class='ocrx_word' id='word_1_785' title='bbox 795 2775 824 2802; x_wconf 69' lang='grc' dir='ltr'><strong>(Ζ.</strong></span> 
     </span>
    </p>
   </div>
   <div class='ocr_carea' id='block_1_108' title="bbox 882 2774 1172 2810">
    <p class='ocr_par' dir='ltr' id='par_1_108' title="bbox 882 2774 1172 2810">
     <span class='ocr_line' id='line_1_108' title="bbox 882 2774 1172 2810; baseline 0 -9"><span class='ocrx_word' id='word_1_786' title='bbox 882 2775 905 2790; x_wconf 71' lang='grc'><strong>⁵³</strong></span> <span class='ocrx_word' id='word_1_787' title='bbox 918 2775 957 2810; x_wconf 77' lang='grc' dir='ltr'><strong>τῷ</strong></span> <span class='ocrx_word' id='word_1_788' title='bbox 973 2775 993 2801; x_wconf 86' lang='lat' dir='ltr'><strong>C</strong></span> <span class='ocrx_word' id='word_1_789' title='bbox 1014 2784 1019 2801; x_wconf 90' lang='lat'><strong>:</strong></span> <span class='ocrx_word' id='word_1_790' title='bbox 1038 2776 1067 2800; x_wconf 81' lang='grc' dir='ltr'><strong>ἐν</strong></span> <span class='ocrx_word' id='word_1_791' title='bbox 1086 2774 1124 2808; x_wconf 78' lang='grc' dir='ltr'><strong>τῷ</strong></span> <span class='ocrx_word' id='word_1_792' title='bbox 1143 2783 1172 2806; x_wconf 71' lang='grc' dir='ltr'>ς.</span> 
     </span>
    </p>
   </div>
   <div class='ocr_carea' id='block_1_109' title="bbox 1230 2774 1624 2813">
    <p class='ocr_par' dir='ltr' id='par_1_109' title="bbox 1230 2774 1624 2813">
     <span class='ocr_line' id='line_1_109' title="bbox 1230 2774 1624 2813; baseline 0 -10"><span class='ocrx_word' id='word_1_793' title='bbox 1230 2777 1252 2792; x_wconf 70' lang='grc'><strong>⁵³</strong></span> <span class='ocrx_word' id='word_1_794' title='bbox 1268 2777 1388 2813; x_wconf 81' lang='grc' dir='ltr'>σήμερον</span> <span class='ocrx_word' id='word_1_795' title='bbox 1403 2777 1424 2804; x_wconf 88' lang='lat' dir='ltr'><strong>C</strong></span> <span class='ocrx_word' id='word_1_796' title='bbox 1441 2774 1449 2804; x_wconf 70' lang='grc' dir='ltr'>ξ</span> <span class='ocrx_word' id='word_1_797' title='bbox 1463 2776 1582 2812; x_wconf 73' lang='grc' dir='ltr'>τήμερον</span> <span class='ocrx_word' id='word_1_798' title='bbox 1594 2784 1624 2809; x_wconf 88' lang='grc' dir='ltr'>ς.</span> 
     </span>
    </p>
   </div>
   <div class='ocr_carea' id='block_1_110' title="bbox 931 2845 1049 2873">
    <p class='ocr_par' dir='ltr' id='par_1_110' title="bbox 931 2845 1049 2873">
     <span class='ocr_line' id='line_1_110' title="bbox 931 2845 1049 2873; baseline 0 -1"><span class='ocrx_word' id='word_1_799' title='bbox 931 2845 1049 2873; x_wconf 66' lang='lat' dir='ltr'><strong>NOTAE.</strong></span> 
     </span>
    </p>
   </div>
   <div class='ocr_carea' id='block_1_111' title="bbox 231 2893 1168 2931">
    <p class='ocr_par' dir='ltr' id='par_1_111' title="bbox 231 2893 1168 2931">
     <span class='ocr_line' id='line_1_111' title="bbox 231 2893 1168 2931; baseline -0.001 -10"><span class='ocrx_word' id='word_1_800' title='bbox 231 2893 288 2929; x_wconf 61' lang='lat'><strong>(54)</strong></span> <span class='ocrx_word' id='word_1_801' title='bbox 311 2895 370 2921; x_wconf 75' lang='lat' dir='ltr'><strong>Alia</strong></span> <span class='ocrx_word' id='word_1_802' title='bbox 397 2894 518 2923; x_wconf 79' lang='lat' dir='ltr'><strong>redditur</strong></span> <span class='ocrx_word' id='word_1_803' title='bbox 550 2897 618 2922; x_wconf 61' lang='lat' dir='ltr'><strong>ratio</strong></span> <span class='ocrx_word' id='word_1_804' title='bbox 639 2904 652 2922; x_wconf 84' lang='lat' dir='ltr'><strong>a</strong></span> <span class='ocrx_word' id='word_1_805' title='bbox 672 2895 751 2930; x_wconf 54' lang='grc' dir='ltr'><strong>(ἐνεὶς.</strong></span> <span class='ocrx_word' id='word_1_806' title='bbox 779 2895 843 2923; x_wconf 68' lang='grc' dir='ltr'>Νιιχ.</span> <span class='ocrx_word' id='word_1_807' title='bbox 869 2897 942 2923; x_wconf 72' lang='lat' dir='ltr'><strong>Orat.</strong></span> <span class='ocrx_word' id='word_1_808' title='bbox 966 2897 992 2924; x_wconf 93' lang='lat' dir='ltr'><strong>in</strong></span> <span class='ocrx_word' id='word_1_809' title='bbox 1016 2894 1168 2931; x_wconf 82' lang='lat' dir='ltr'><strong>Epilapbia.</strong></span> 
     </span>
    </p>
   </div>
  </div>
