1959 3081
145 173 196 205 345

669 179 931 211 BIBLIOTHECA.
959 194 993 199 —
1010 181 1092 212 COD-
1108 181 1268 213 CCLXXX.

1715 184 1768 216 346

145 231 213 266 πρὸς
224 231 269 258 τὸν
279 232 425 260 ἀντίπαλον
436 234 675 269 ἀνταγωνίζεσθαι.
692 238 753 265 Ὀτι
772 239 868 273 είπὼν,
880 247 929 274 φη-

988 239 1041 266 bere
1055 248 1134 275 quam
1156 240 1232 272 uri",
1247 239 1342 268 dicens
1357 240 1492 273 ardorem,
1508 240 1556 275 qui
1572 240 1605 268 ad
1627 241 1768 269 libidinem

144 277 197 310 σὶν,
207 277 221 303 ό
235 278 404 313 ’Λπόστολος,
417 281 566 316 Κρεῖσσον
574 282 706 318 γαμῆσαι
718 285 737 318 ἣ
750 285 929 319 πιῲοῦσθαι,

144 323 268 358 πύρωσιν
292 326 342 359 τὴν
368 328 407 359 είς
424 328 568 362 ἀσέλγειαν
589 330 710 364 ἄγουσαν
734 329 806 365 εἷπε,
827 332 931 366 βέλτιον

143 371 232 405 λέγων
252 372 357 407 ἐννόμῳ
381 373 463 408 γάμῳ
481 374 512 401 τὸ
535 375 646 408 ἀσθενὲς
667 377 864 413 ψυχαγωγῆσαι
880 379 931 414 τῆς

145 416 265 450 φύσεως,
276 417 292 452 ἧ
308 419 401 446 τοῦτον
413 420 572 448 ἐκκλίνοντα
584 422 628 449 διὰ
640 424 690 458 τῆς
704 423 854 459 πυρώσεως
865 426 932 452 ἀνα-

145 462 280 498 φλεγῆναι
292 464 359 499 πρὸς
373 466 530 500 ἀσέλγειαν.
544 468 605 495 Ὅτι
620 469 660 502 τὸ,
672 470 784 504 Μηδεὶς
796 471 931 505 πειραζό-

144 518 235 543 μενος
249 511 360 546 ,λεγέτω
379 512 424 539 ὅτι
445 514 515 541 Ἀπὸ
530 515 603 542 Θεοῦ
628 516 809 552 πειράζομαι,
834 517 880 544 καὶ
896 517 932 544 τὰ

144 556 219 591 ἑξῆς.
234 557 306 589 ἰδίως
325 558 402 590 οὗτος
415 560 461 586 ἐπὶ
478 560 524 586 τοῦ
542 562 611 588 κατὰ
626 562 676 597 τὴν
688 564 815 598 πορνείαν
829 563 932 600 ἐκλαμ-

143 603 223 631 ϐάνει
237 606 402 640 πειρασμοῦ.
415 607 549 639 Ἕκαστος
569 609 634 643 γὰρ,
649 609 726 644 φησὶ,
743 609 788 636 διὰ
801 610 852 644 τῆς
868 610 934 642 θέας

145 651 198 684 τὴν
216 651 365 686 ἐπιθυμίαν
377 653 525 688 δεξάμενος
537 654 626 689 ἑαυτῷ
641 655 687 681 τὸν
698 656 851 692 πειρασμὸν
865 665 933 691 προ-

145 696 227 728 ξενεῖ,
244 697 294 724 ούκ
313 697 412 731 ἔξωθεν
428 699 507 734 μόνον
524 700 594 735 ἔχων
609 702 841 736 προσπαλαίοντα,
859 705 927 732 ἀλλὰ

145 743 194 769 καὶ
205 743 312 770 ἔνδοθεν
335 745 380 779 ὑφ’
402 745 500 772 ἑαυτοῦ
527 747 726 782 ἀναπτόμενον.
749 749 931 786 Ἐγκειμένης

144 790 201 825 γὰρ
211 791 261 825 τῆς
277 792 426 827 ἐπιθυμίας
441 794 509 829 πρὸς
523 794 571 829 τὴν
586 795 647 828 ὄψιν
656 796 706 830 τῆς
717 796 860 832 θεαθείσης
885 798 933 825 καὶ

145 837 373 873 είδωλοποιούσης
384 839 468 874 αὐτὴν
483 840 512 866 ὲν
525 841 558 875 τῇ
573 840 645 876 ψυχῇ
661 842 675 868 ό
690 842 843 877 πειρασμὸς
855 843 933 876 αὔξει

145 882 193 909 καὶ
203 883 322 918 αἴρεται.
335 883 364 910 ὃν
377 884 454 912 αὐτοὶ
467 885 572 915 ἑαυτοῖς
582 886 627 912 διὰ
640 886 690 921 τῆς
702 887 766 919 θέας
777 888 931 924 ἁνήψαμεν.

144 929 246 956 Λοιπὸν
258 930 290 965 δὴ
305 930 384 958 τοῦτο
400 931 430 957 τὺ
447 930 565 966 ἔμϐρυον
577 932 633 959 τῶν
648 933 695 960 καὶ
709 934 842 968 ὲμπαθῶν
859 935 934 969 λογι-

145 973 224 1008 σμῶν
243 974 282 1010 τῷ
301 975 389 1010 χρόνῳ
407 976 546 1010 τρέφουσα
564 977 612 1003 καὶ
635 977 838 1005 διαπλάττουσα
853 980 870 1014 ἡ
890 980 935 1007 δε-

145 1019 252 1055 ξαμένη
265 1021 363 1056 καρδία
378 1023 508 1057 κυοφορεῖ
519 1031 548 1049 τε
567 1023 615 1049 καὶ
630 1024 768 1060 ἀπογεννᾷ
779 1025 828 1060 τὴν
846 1025 936 1062 ἁμαρ-

144 1067 217 1100 τίαν,
245 1067 280 1103 ἧς
309 1068 383 1094 ἐστιν
412 1069 426 1095 ὁ
454 1068 570 1100 θάνατος
600 1069 785 1106 ἀποτέλεσμα.
803 1071 864 1098 Ὀτι
893 1071 934 1105 τὸ,

145 1114 180 1140 El
211 1114 226 1140 ὁ
255 1114 408 1149 ὀφθαλμός
437 1122 496 1142 σου
511 1116 528 1142 ό
549 1114 648 1148 δεξιὸς
669 1115 862 1146 σκανδαλίζει
887 1124 934 1151 σε,

144 1159 193 1187 καὶ
202 1160 236 1186 τὰ
246 1160 320 1195 ἑξῆς,
334 1161 524 1193 ἀναπτύσσων,
539 1161 713 1196 ὀφθαλμούς
725 1171 808 1198 φησιν
818 1162 936 1191 ἐνταῦθα

143 1207 191 1233 τὸν
201 1207 316 1242 Σωτῆρα
325 1207 388 1239 τοὺς
401 1207 451 1242 τῆς
468 1208 581 1244 καρδίας
593 1209 759 1236 αἰνίττεσθαι
769 1209 916 1245 λογισμούς
927 1217 934 1225 '

142 1251 174 1278 ὃν
190 1252 373 1279 ὲκκὸπτεσθαι
393 1252 510 1286 κελεύει,
528 1254 592 1281 ὅταν
616 1255 657 1286 εἰς
674 1254 812 1292 ἁμαρτίαν
829 1255 934 1291 ἀπάγῃ,

144 1297 328 1324 ἐκκόπτεσθαι
339 1297 367 1323 δὲ
379 1297 423 1324 διὰ
434 1297 481 1324 τοῦ
493 1297 670 1333 ἐπιλογισμοῦ
684 1299 935 1334 καταστελλόμενον

144 1343 194 1370 καὶ
208 1343 462 1380 ἀποῤῥιπτούμενον
478 1344 527 1379 τῆς
537 1344 637 1380 ψυχῆς.
651 1346 737 1380 Χεῖρα
752 1345 780 1372 δὲ
795 1345 845 1381 τὴν
862 1347 935 1382 πρᾶ-

144 1390 187 1422 ξιν
203 1389 310 1424 δηλοῦν,
326 1390 370 1425 ἢν,
385 1390 497 1416 ἐπειδὰν
509 1390 549 1422 είς
569 1391 706 1426 ἁμαρτίαν
723 1391 871 1427 τρέπηται,
888 1393 936 1419 ὲκ-

141 1435 257 1462 κόπτειν
270 1434 370 1461 αὐτίκα
385 1435 438 1470 χρὴ
455 1436 487 1470 τῇ
499 1435 549 1469 τῆς
561 1435 664 1471 ἀρετῆς
684 1435 760 1472 ὀξείᾳ
777 1437 824 1463 καὶ
838 1437 936 1473 ταχείᾳ

142 1482 289 1517 ἐπαγωγῇ.
303 1481 359 1507 Καὶ
372 1482 386 1507 ὁ
401 1481 468 1512 ποὺς
486 1480 514 1507 δὲ
530 1481 585 1507 τῶν
599 1481 628 1507 ἐν
642 1481 681 1516 τῷ
694 1481 743 1517 βίῳ
757 1481 934 1517 διαδημάτων

143 1528 191 1554 καὶ
209 1526 260 1562 τῆς
274 1526 415 1558 πολιτείας
427 1526 477 1562 τὴν
492 1526 597 1561 κίνησιν
613 1526 742 1562 ὑποδηλοῖ
755 1536 762 1542 ·
781 1527 825 1562 ἣν,
839 1527 935 1565 ὥσπερ

142 1573 193 1599 καὶ
203 1572 252 1606 τὴν
264 1572 342 1607 χεῖρα
352 1571 455 1598 καὶτὸν
466 1571 615 1607 όλιθαλμὺν,
633 1571 778 1599 ἐκκόπτειν
789 1575 933 1609 προσήκει,

142 1618 234 1654 ἀγαθῇ
250 1618 357 1653 κινήσει
373 1618 423 1653 τὴν
442 1619 563 1653 πονηρὰν
575 1618 766 1646 διακόπτοντα.
787 1619 866 1646 Οὖτω
882 1621 933 1656 μὲν

140 1661 220 1695 οὗτος
230 1663 306 1699 παρὰ
314 1664 377 1695 τοὺς
393 1663 490 1695 ἄλλους
502 1663 686 1690 ἀναπτύσσειν
704 1663 775 1698 ἔγνω
794 1664 824 1691 τὸ
838 1666 933 1700 ῥητὸν,

143 1711 211 1742 ἴσως
228 1710 409 1744 συντελούσης
439 1710 513 1745 αὺτῷ
526 1709 577 1745 τῆς
602 1710 732 1745 τοιαύτης
755 1711 934 1745 ἀναπτύξεως

141 1757 182 1788 εἰς
197 1756 247 1791 τὴν
263 1756 333 1782 κατὰ
347 1755 402 1782 τῶν
420 1755 600 1782 Ναυατιανῶν
616 1755 715 1791 μάχην,
731 1756 756 1783 οἳ
773 1757 872 1792 ῥᾳδίως
887 1758 934 1792 ἀφ’

141 1802 248 1829 ἑαυτῶν
259 1803 322 1834 τοὺς
338 1802 386 1829 καὶ
403 1801 501 1837 μικρόν
513 1810 539 1828 τι
552 1801 784 1836 παρασφαλέντας
807 1803 856 1829 καὶ
877 1803 932 1830 ἀπὸ

139 1848 192 1883 τῆς
200 1847 364 1882 Ἐκκλησίας
371 1845 554 1874 ἐκκόπτεσθαι
561 1846 689 1881 βούλοντα
694 1855 711 1874 ι.
723 1847 768 1873 Δεῖ
775 1844 832 1880 οὖν,
841 1856 876 1883 φη
881 1849 933 1881 etv,

985 286 1071 313 ducit.
1089 276 1186 313 lliclius
1208 287 1280 313 enim
1299 293 1362 314 esse
1379 286 1500 321 legitimo
1524 287 1700 314 matrimonio
1717 296 1768 315 ua-

985 335 1054 359 tut-ae
1070 332 1256 360 inﬁrmitatem
1268 333 1375 366 juvare,
1389 340 1472 368 quam
1490 333 1589 360 ardore
1605 333 1768 362 inﬂammari

986 377 1018 403 ad
1037 377 1188 408 libidinem,
1204 382 1230 404 et
1246 378 1449 404 matrimonium
1473 378 1576 412 fugere.
1603 377 1687 405 Nam»
1708 387 1769 405 tum

987 428 1104 449 tentatur
1115 423 1196 455 (Ιίσίιι,
1215 424 1284 458 quod
1305 432 1320 450 η
1345 423 1397 450 Deo
1421 429 1534 450 tentetur
1546 428 1636 456 ',etc.
1658 424 1770 459 Proprie

986 467 1032 495 ille
1056 469 1155 502 accipit
1173 469 1206 495 de
1231 468 1380 495 teutatioue
1395 467 1548 495 libidinosa.
1576 466 1772 502 Unusquisque

987 514 1070 546 enim,
1090 514 1189 548 inquit,
1212 514 1272 540 visu
1289 514 1537 548 concupiscentiam
1555 513 1702 548 accipiens.
1718 513 1772 540 sibi

987 560 1038 595 ipsi
1055 561 1233 587 tentatiouern
1255 560 1338 594 parit,
1355 567 1408 586 non
1434 560 1514 587 modo
1527 560 1701 587 extrinsecus
1723 560 1772 586 lia-

986 606 1054 633 bens
1067 605 1197 632 adversus
1211 612 1241 632 sc
1259 606 1419 636 luctantem.
1439 605 1486 633 sed
1502 610 1530 633 et
1548 605 1713 633 intrinsecus
1723 613 1772 640 per

987 659 1016 680 se
1032 652 1186 679 incensum.
1214 651 1389 678 lncuntbenle
1405 652 1476 678 enim
1494 651 1716 686 concupiscentia
1737 652 1772 678 oh

987 703 1128 733 aspectum
1142 697 1202 732 ejus
1224 705 1306 732 quam
1329 697 1406 729 vidit,
1427 702 1454 724 et
1476 705 1505 724 se
1531 697 1556 724 in
1574 698 1666 724 animo
1691 697 1774 724 effor-

987 750 1097 777 mante,
1119 744 1232 771 tentatio
1256 744 1355 771 crescit
1376 748 1403 770 et
1426 749 1556 778 augetur.
1580 751 1660 778 quam
1685 743 1774 770 oculis

987 791 1037 826 ipsi
1054 789 1264 824 contemplando
1285 789 1470 817 incendimus.
1492 789 1612 816 Tandem
1640 790 1713 817 hunc
1734 789 1774 816 fe-

988 841 1044 864 tum
1073 835 1262 871 imperfectqu
1291 835 1412 868 turpium
1435 835 1630 870 cogitationum
1652 839 1774 869 tempore

988 882 1123 915 nutriens,
1136 886 1163 908 et
1177 881 1311 913 formans,
1324 889 1372 907 eor
1384 881 1550 916 suscipiens,
1563 881 1633 916 gerit
1643 887 1772 916 tanquam

949 925 971 952 Β
986 928 1013 955 in
1027 932 1115 959 utero,
1129 932 1156 954 ct
1168 927 1240 961 parit
1250 930 1404 961 peccatum,
1414 926 1492 960 cujus
1505 926 1619 954 effectus
1632 931 1674 953 cst
1688 935 1772 954 mors.

986 973 1054 1001 Illud
1072 981 1079 1000 :
1099 973 1130 1000 Si
1142 972 1233 999 oculus
1252 972 1344 999 dexter
1357 972 1521 999 scandalizet
1536 977 1559 999 te
1575 977 1598 1004 κ,
1612 977 1676 1003 etc”
1689 973 1775 1007 expli-

986 1027 1064 1051 cans,
1088 1019 1127 1046 ait
1141 1018 1308 1046 Salvatorem
1333 1017 1408 1045 oculo
1428 1017 1579 1052 intelligere
1591 1019 1681 1045 cordis
1701 1019 1774 1053 rogi-

987 1063 1112 1094 tationes,
1128 1070 1208 1097 quem
1223 1061 1346 1089 exscindi
1359 1062 1448 1096 jubet,
1462 1062 1572 1096 quando
1585 1062 1618 1089 ad
1633 1067 1772 1096 peccatum

988 1109 1082 1136 trahit.
1101 1108 1233 1136 Exscindi
1246 1115 1310 1135 vero
1326 1115 1373 1142 per
1388 1108 1582 1140 cogitationem
1606 1115 1772 1142 repressum,

986 1160 1013 1182 et
1031 1155 1131 1182 .‘auimo
1153 1155 1270 1188 ejectum
1290 1164 1296 1182 :
1315 1162 1414 1182 manus
1437 1162 1503 1181 vero
1525 1155 1663 1181 aclionem’
1687 1155 1773 1189 signi-

987 1202 1072 1229 ficat:
1089 1209 1150 1236 qua:
1174 1206 1319 1236 postquam
1346 1202 1379 1228 ad
1397 1201 1566 1236 peccandum
1592 1201 1772 1232 convertitur,

987 1248 1148 1276 abscindere
1158 1255 1218 1275 eam
1231 1248 1323 1275 statim
1337 1252 1453 1283 oportet,
1463 1246 1559 1283 5421)
1574 1247 1682 1274 virtutis
1693 1252 1773 1274 acuta

986 1301 1013 1322 et
1031 1296 1113 1323 celeri
1133 1295 1301 1324 inductione.
1319 1296 1351 1323 Et
1373 1303 1421 1331 pes
1443 1304 1587 1330 gressuum
1613 1295 1640 1322 in
1663 1296 1728 1327 vita,
1748 1301 1775 1322 (ἰ

987 1341 1207 1368 conversationis
1234 1345 1338 1368 motum
1363 1341 1508 1375 significat,
1540 1348 1620 1376 quem
1651 1341 1723 1368 sicut
1748 1346 1775 1367 et

987 1394 1098 1413 manum
1116 1391 1143 1414 et
1164 1387 1273 1414 oculum
1289 1387 1452 1414 exscindere
1467 1395 1517 1422 par
1529 1392 1581 1419 est,
1600 1391 1676 1414 motu
1703 1388 1775 1414 bono

988 1433 1089 1460 malum
1112 1434 1290 1467 amputaudo.
1319 1433 1365 1461 Sic
1389 1434 1499 1469 quidem
1522 1434 1567 1461 ille
1584 1439 1681 1469 praeter
1704 1434 1775 1462 alios

987 1479 1127 1513 explicans
1144 1479 1277 1507 intellexit
1291 1487 1374 1515 supra
1397 1480 1510 1513 dictum,
1524 1479 1651 1507 'fortassc
1670 1479 1774 1507 condu-

988 1530 1066 1552 ceute
1080 1525 1126 1552 tali
1148 1525 1328 1560 explicatione
1341 1527 1373 1553 ad
1394 1534 1510 1562 pugnam
1531 1530 1628 1554 contra
1642 1524 1774 1552 Novatia-

989 1580 1050 1604 nos,
1066 1572 1112 1607 qui
1128 1571 1208 1599 facile
1230 1580 1245 1600 a
1269 1580 1309 1605 se,
1329 1576 1356 1600 et
1380 1573 1413 1599 ab
1436 1572 1560 1600 Ecclesia
1577 1575 1702 1599 resecant
1713 1578 1773 1604 eos,

985 1618 1030 1652 qui
1048 1618 1090 1645 vel
1109 1618 1253 1646 miuituum
1270 1623 1429 1653 peccnrunt.
1446 1618 1533 1654 Igitur
1545 1623 1662 1653 oportet,
1673 1617 1773 1652 inquit,

995 1668 1101 1691 resecto
1124 1664 1205 1692 oculo
1227 1664 1364 1691 contraria
1393 1669 1531 1696 cernente,
1553 1668 1579 1691 et
1612 1664 1717 1692 actione
1743 1670 1775 1692 ac

986 1715 1062 1737 motu
1077 1710 1103 1737 iu
1125 1711 1227 1738 malum
1241 1711 1346 1743 divisis,
1362 1711 1538 1746 singulariter
1550 1710 1653 1742 videre,
1682 1718 1714 1737 ac
1733 1711 1775 1736 fa-

985 1764 1047 1784 cere
1060 1757 1172 1790 bonum,
1182 1762 1209 1784 et
1221 1757 1254 1785 ad
1270 1758 1358 1793 ipsum
1371 1758 1461 1785 solum
1475 1758 1590 1790 moveri,
1601 1763 1629 1785 et
1645 1761 1774 1791 tauquam

987 1810 1110 1836 mancos,
1129 1803 1271 1838 uuipedes.
1287 1808 1316 1831 et
1341 1803 1474 1832 unoculos
1496 1804 1524 1830 in
1548 1803 1624 1839 regni
1639 1803 1775 1830 caelorum

988 1849 1131 1877 introitum
1159 1857 1318 1886 properare.

139 1897 327 1933 ἀφελομένους
339 1895 386 1922 τὸν
400 1895 435 1922 τὰ
451 1895 559 1922 ἐναντία
577 1895 711 1930 βλέποντα
727 1895 866 1931 ὀφθαλμὸν
879 1897 926 1923 καὶ
943 1897 994 1933 τὴν
1024 1898 1208 1934 μεριζομένην
1236 1899 1334 1934 πρᾶξιν
1350 1898 1396 1925 καὶ
1413 1898 1520 1934 κίνησιν
1535 1899 1576 1930 είς
1599 1899 1629 1926 τὸ
1648 1897 1775 1934 πονηρὸν,

141 1945 319 1980 μονοτρόπως
334 1943 456 1981 ὁρῶντας
467 1943 516 1970 καὶ
534 1943 704 1979 πράττοντας
715 1943 746 1969 τὸ
764 1943 866 1978 ἀγαθὸν
878 1945 926 1972 καὶ
943 1947 1012 1981 πρὸς
1037 1947 1103 1973 αὐτὸ
1118 1947 1293 1981 κινουμένους
1321 1948 1412 1982 μόνον,
1427 1945 1484 1974 οἷον
1500 1946 1658 1982 μονόχειράς
1688 1954 1718 1972 τε
1730 1944 1776 1972 καὶ

141 1993 294 2030 μονόποδας
314 1992 364 2019 καὶ¹
386 1991 593 2027 μονοφθάλμους
610 1991 650 2022 εἰς
664 1991 715 2027 τὴν
729 1992 784 2018 τῶν
809 1992 933 2028 οὐρανῶν
951 1994 1110 2028 ἐπείγεσθαι
1125 1994 1257 2021 εἰσελθεῖν
1272 1994 1421 2030 βασιλείαν.

178 2042 261 2079 [1616
275 2041 324 2078 8.]
339 2042 401 2069 Ὀτι
415 2042 446 2068 τὸ
460 2042 535 2078 παρὰ
551 2042 591 2077 τῷ
606 2042 667 2069 ’1ὼὸ
686 2043 841 2078 εἰρημένον,
857 2046 937 2078 Μυρ-

137 2088 298 2124 μηκολέων
309 2088 403 2115 ὤλετο
413 2088 493 2122 παρὰ
507 2088 540 2115 τὸ
550 2088 683 2123 μὴ’ἒχειν
695 2088 803 2123 βορὰν,
817 2089 863 2115 τὴν
878 2090 936 2116 διὰ-

139 2135 220 2163 ΰολόν
230 2143 313 2170 φησιν
321 2133 530 2169 αἰνιγματίζειν.
541 2135 588 2168 Ὠς
603 2135 681 2162 λέων
688 2135 747 2170 μὲν
759 2135 934 2170 προέρχεται

138 2181 310 2216 mouerat;
319 2180 368 2207 καί
377 2179 444 2208 τινα
449 2181 577 2215 καταπίῃ
586 2180 689 2215 ζητῶν-υ
701 2181 829 2217 ἡττηθεὶς
839 2182 879 2214 δὲ,
889 2183 935 2209 οὑ-

139 2228 201 2255 κέτι
209 2226 249 2259 ὡς
265 2226 346 2260 λέων,
355 2226 459 2258 ἁλλέῑς
467 2226 601 2262 μύρμηκα
611 2227 763 2260 συσταλεὶς,
776 2236 933 2264 κατῃσχυμ-

141 2276 225 2311 μένος
249 2275 398 2310 ἀφίσταται
411 2275 458 2301 καὶ
472 2275 617 2308 διόλλυται,
638 2275 720 2310 βορὰν
733 2275 762 2302 ἐν
781 2275 934 2311 ἀνθρώποις

141 2322 180 2358 μὴ
193 2322 342 2357 εὑρίσκων.
362 2320 433 2357 Βορὰ
446 2321 474 2348 δὲ
491 2322 538 2348 καὶ
564 2322 641 2356 ἰσχὺς
657 2321 704 2348 τοῦ
725 2321 847 2348 διαϐόλου
864 2323 881 2357 ἡ
905 2323 933 2349 ἐν

102 2361 107 2365 ’
139 2367 488 2404 ἀνθρώποιςέύρισκομένη
502 2367 634 2404 ἁμαρτία·
645 2365 680 2403 ἧς
690 2367 812 2401 ἀπούσης
828 2369 934 2401 ἐκεῖνος

101 2408 111 2444 ξ
138 2415 260 2441 ὄλλυται.

110 2456 128 2502 ί]
175 2461 242 2498 [887
259 2460 304 2497 ΙΙ.]
325 2461 386 2487 Ὅτι
401 2460 493 2495 φησὶν,
507 2460 586 2492 αὐτὸς
604 2461 618 2487 ό
630 2459 753 2492 διάϐολος
769 2459 815 2486 τὸν
829 2460 934 2496 ἄνθρω-

139 2517 193 2534 πον
206 2508 255 2534 καὶ
271 2508 318 2534 ἐπὶ
335 2507 367 2533 τὰ
381 2506 569 2541 ἁμαρτήματα
589 2506 778 2540 προκαλεῖται,
795 2506 842 2532 καὶ
854 2506 935 2533 πάλιν

140 2553 225 2584 αὖτὶς
241 2552 312 2579 κατὰ
326 2551 373 2578 τοῦ
388 2551 544 2582 πεισθέντος
562 2551 636 2586 αὐτῷ
651 2550 758 2582 ἔκδικος
771 2550 935 2584 γίνεταιτοῦ

139 2598 222 2630 Θεοῦ,
237 2597 334 2633 ἐχθρὸς
348 2596 370 2612 ⁶⁰
386 2596 434 2623 καὶ
446 2595 591 2631 ἐκδικητὴς
603 2596 679 2630 παρὰ
692 2596 741 2631 τῆς
752 2595 864 2630 Γραφῆς
875 2596 943 2622 ὀνο-Δ

141 2644 308 2679 μαζόμενος·
328 2641 425 2678 ἐχθρὸς
444 2642 503 2676 μὲν,
520 2641 615 2668 καθότι
637 2643 697 2673 ταῖς
718 2641 803 2672 θείαις
815 2642 935 2674 ἐντολαῖς

138 2689 359 2725 ἀντινομοθετῶν
371 2688 460 2715 πείθει
471 2688 534 2720 τοὺς
542 2687 702 2724 ἀνθρώπους
714 2689 772 2725 ἀντὶ
780 2687 834 2714 τῶν
845 2697 935 2723 κρειτ-

187 2796 199 2810 υ
216 2790 226 2818 ι
243 2789 308 2817 Cor.
323 2797 371 2822 vn,
388 2789 415 2817 9.
453 2795 466 2810 ν
479 2790 538 2819 Jac.
554 2800 574 2824 ι,
591 2791 634 2820 15.
673 2797 686 2810 κ
699 2792 793 2820 Matth.
810 2801 836 2827 v,
851 2793 896 2820 29.

936 2795 949 2814 ."
965 2789 1016 2819 Job
1029 2799 1064 2824 iv,
1084 2791 1125 2818 ll.

1025 2045 1102 2078 Quod
1123 2047 1194 2081 apud
1223 2045 1274 2072 Joh
1301 2045 1402 2072 dictum
1429 2050 1492 2071 est:
1512 2043 1598 2078 Tigris
1626 2043 1715 2079 periit,
1747 2051 1776 2069 co

987 2091 1056 2127 quod
1079 2100 1132 2119 non
1160 2091 1265 2118 haberet
1291 2091 1406 2126 prmdmn
1421 2095 1446 2123 1,
1468 2090 1606 2117 diabolum
1635 2088 1776 2123 intelligit,

985 2138 1030 2173 qui
1054 2143 1178 2173 tanquam
1202 2137 1242 2165 leo
1259 2138 1354 2164 circuit
1377 2145 1496 2172 qumrens
1527 2144 1601 2171 quem
1638 2135 1775 2162 deuorctl.

986 2183 1136 2218 Superatus
1147 2191 1212 2211 vero
1226 2191 1280 2211 non
1292 2183 1409 2218 amplius
1424 2186 1453 2209 ut
1473 2181 1525 2213 leo,
1543 2181 1589 2208 sed
1610 2184 1639 2208 ut
1664 2180 1775 2207 formica

987 2230 1091 2266 pudore
1116 2233 1206 2256 motus
1231 2229 1378 2262 dccidit,et
1399 2227 1489 2263 periit,
1506 2227 1624 2262 praalam
1644 2227 1669 2253 in
1688 2226 1770 2253 homi-

988 2277 1068 2304 nibus
1092 2285 1145 2303 non
1171 2277 1321 2304 inveniens.
1340 2275 1432 2302 Prmda
1450 2282 1513 2301 vero
1526 2277 1553 2301 ct
1567 2273 1697 2300 fortitudo
1715 2273 1774 2299 dia-

987 2320 1041 2347 buli
1073 2325 1115 2347 est
1134 2324 1285 2355 peccatum,
1307 2319 1380 2355 quod
1406 2319 1433 2346 in
1457 2319 1567 2346 homine
1584 2317 1629 2345 ubi
1653 2325 1706 2345 non
1722 2321 1775 2350 est,

988 2366 1032 2393 illc
1047 2367 1127 2401 perit.

1025 2454 1155 2482 Diabolus
1169 2455 1237 2490 ipse,
1254 2454 1352 2489 inquit,
1366 2453 1504 2481 hominem
1516 2458 1543 2481 et
1558 2453 1592 2481 ad
1610 2454 1774 2488 peccandum

988 2505 1132 2536 provocat.
1144 2505 1172 2528 et
1190 2501 1287 2528 iterum
1306 2500 1364 2535 ipse
1375 2504 1470 2528 contra
1490 2508 1554 2527 eum
1573 2499 1621 2534 qui
1638 2499 1690 2526 sibi
1706 2500 1773 2526 obr—

988 2547 1037 2578 dit,
1053 2549 1125 2574 ultor
1143 2552 1184 2575 est
1198 2556 1205 2575 :
1221 2547 1267 2574 Dei
1288 2552 1315 2574 ct
1330 2547 1456 2574 inimicus
1478 2551 1504 2573 et
1522 2546 1619 2573 vindex
1641 2547 1668 2573 in
1693 2545 1769 2572 Seri-

991 2599 1071 2629 ptura
1086 2599 1209 2621 vocatus.
1221 2593 1482 2628 lnimicus'quidem,
1494 2594 1556 2628 quia
1567 2593 1695 2620 advorsas
1706 2592 1773 2626 leges

987 2641 1085 2668 diviuze
1101 2641 1150 2675 legi
1168 2648 1317 2675 opponens,
1337 2641 1482 2675 persuadet
1500 2640 1655 2667 hominibus
1672 2643 1700 2666 ut
1725 2647 1772 2673 pr-

985 2687 1046 2723 jora
1062 2695 1111 2722 pro
1135 2688 1295 2716 melioribus
1309 2687 1411 2723 eligant
1425 2697 1433 2715 :
1457 2687 1528 2715 ultor
1545 2694 1622 2719 vero,
1639 2685 1703 2720 quia
1727 2690 1767 2712 to

1166 2797 1175 2810 ι
1191 2791 1200 2818 1
1218 2791 1290 2818 Pctr.
1304 2797 1330 2822 ν,
1344 2789 1371 2817 8.

789 2862 907 2890 νΛίὶῘᾸΕ
924 2862 1123 2890 LECTIONES.

197 2905 218 2919 “
240 2910 303 2934 ante
333 2906 428 2941 ὲχθρδς
454 2912 477 2934 et
511 2907 579 2934 infla
608 2912 667 2934 ante
693 2908 875 2941 ἀναγκάζεται
893 2909 971 2937 οιιιῖεὶ
988 2909 1034 2936 καὶ
1053 2916 1114 2937 eum
1128 2909 1157 2936 (Σ.
