1959 3081
183 190 233 222 347

765 193 875 223 PHOTI
881 192 894 222 Ι
910 191 1162 222 PATRIARCH/E
1178 190 1231 221 CP.

1759 184 1811 218 348

184 247 257 282 gitur
272 245 330 281 ipse
345 249 503 281 peccatores
520 254 630 276 rursum
643 247 748 283 punire.
764 248 871 276 Tradite
887 249 969 279 enim,

1030 248 1105 275 τόνων
1122 248 1157 275 τὰ
1183 247 1293 284 χείρονα
1315 245 1460 284 αἱρεῖσθαι,
1487 243 1631 279 ἐκδικητὴς
1647 242 1686 274 δὲ,
1715 242 1810 269 καθότι

184 291 282 327 inquit,
307 292 457 326 hujusmodi
483 292 593 320 Satanae
615 294 642 320 in
664 295 802 320 interitum
823 295 922 326 carnis,
942 300 970 321 ιιι

184 337 296 371 spiritus
307 337 395 364 salvus
403 337 439 364 sit
450 337 479 363 in
493 338 535 364 die
551 337 657 364 Domini
668 345 692 364 ιι.
704 339 772 365 Vide
786 339 868 373 igitur
881 339 971 366 chari-

186 385 267 408 tstcm
287 381 343 413 Dei,
361 385 387 409 et
403 382 537 409 malitiam
554 383 666 410 diaboli.
684 383 755 410 Deus
773 385 881 418 quidem
906 392 969 419 pee-

184 431 305 454 eatorem
325 428 458 455 mundare
475 428 579 460 volens,
598 429 690 460 tradit,
714 434 744 455 ut
759 430 907 464 Apostolus
923 431 969 462 ait.

185 473 281 500 tortori
295 472 413 501 diabolo.
432 474 477 500 Ille
494 481 558 501 vero
571 478 635 506 stat,
653 480 682 501 ut
695 475 744 506 leo,
763 476 876 510 cupiens
892 476 971 503 devo-

185 527 259 551 rare,
274 528 354 554 quem
378 520 435 554 ipse
452 521 484 547 ad
500 526 642 555 peccatum
661 522 753 548 tinxit.
771 521 803 549 Et
821 531 875 549 non
899 524 973 550 novit

186 566 262 602 quod
276 575 376 601 corpus
392 567 442 594 sibi
457 568 586 595 traditum
601 569 636 595 sit
662 577 715 596 non
733 569 758 595 in
781 569 971 604 perditionem,

186 614 234 642 sed
246 614 464 649 castigationem,
477 620 507 641 ut
520 615 633 649 spiritus
649 621 773 643 servetur
792 625 799 644 :
813 616 839 642 in
852 616 972 643 animam

186 661 260 688 enim
276 660 378 688 nullam
395 661 509 688 sortitur
524 666 699 696 potestatem.
718 663 790 698 quod
811 670 838 690 et
862 663 887 690 in
911 663 973 689 forti

188 703 241 731 Job
255 705 409 732 ostenditur
419 704 445 732 ιι.
458 705 562 732 Etenim
578 705 605 732 in
620 706 666 733 illo
685 706 800 733 aliarum
817 714 907 733 rerum
925 714 974 742 po-

189 755 313 779 testatem
328 755 437 784 nactus,
456 751 615 786 prohibetur
641 757 752 786 tangere
775 752 905 785 animam,
923 753 975 780 hoc

188 801 241 829 est,
257 803 376 825 mentem
392 806 446 825 non
470 799 584 834 eripere.
607 797 639 825 Et
654 803 728 830 nota,
743 798 840 834 543α
861 799 886 826 in
900 799 974 834 justo

188 842 250 876 Job,
266 847 293 871 et
310 843 337 870 in
359 849 502 878 peccatore
517 844 670 877 Corinthio,
693 853 746 871 non
761 843 899 879 accepisse
920 845 976 872 dae-

189 895 297 916 monem
314 889 341 916 in
357 889 475 916 animam
498 894 673 924 potestatem,
696 890 743 917 sed
766 890 799 917 ab
817 889 864 917 iiia
885 891 975 925 potius

188 933 297 968 expelli.
313 933 443 962 Traditus
454 935 526 962 eniti]
540 935 577 962 illi
593 935 750 963 Corinthius
760 941 811 966 est,
826 941 854 962 ut
866 937 974 971 spiritus

189 978 279 1005 saluus
291 981 335 1007 sit.
358 979 482 1007 lncidens
495 981 565 1008 enim
580 987 705 1016 peccator
726 982 873 1009 tentatione
888 983 915 1009 in
931 982 973 1009 in-

191 1024 300 1051 teritum
317 1025 419 1057 carnis,
446 1030 473 1052 et
486 1026 609 1060 corporis
625 1026 766 1054 doloribus
781 1035 900 1060 pressus,
912 1035 973 1055 cum

189 1071 355 1106 cognoscite
366 1079 420 1106 qua
432 1072 524 1099 radice
540 1072 697 1106 huiusmodi
707 1073 815 1100 dolores
828 1073 974 1106 exsistant,

189 1115 297 1150 cogitur
313 1117 395 1144 etiam
411 1118 507 1144 nolens
520 1118 612 1145 odisse
629 1123 779 1152 peccatum,
801 1124 827 1145 et
841 1119 974 1150 converti,

188 1165 217 1188 et
233 1170 294 1188 cum
312 1169 428 1196 corpore
450 1162 532 1189 etiam
555 1163 673 1189 animant
698 1171 817 1190 servare.
833 1163 976 1195 Quomodo

189 1212 279 1234 autem
296 1206 413 1235 Satanas
424 1213 586 1243 potestatem
606 1209 710 1243 accepit
732 1210 758 1236 in
782 1209 976 1244 peccatoretn?

189 1258 295 1280 resecto
308 1253 354 1280 illo
367 1254 402 1280 ab
416 1255 554 1286 omnibus,
572 1260 599 1281 et
613 1255 647 1282 ab
661 1254 792 1287 Ecclesia,
821 1263 977 1282 sacramen-

190 1303 339 1333 torumque
351 1301 556 1328 communione.
573 1300 675 1328 Idcirco
690 1302 795 1334 scribit,
814 1306 843 1329 ut
856 1309 905 1336 pro
921 1310 978 1329 me-

191 1344 246 1371 rito
261 1346 384 1380 punitus,
402 1351 428 1372 et
444 1346 530 1381 plagis
548 1346 671 1379 all‘ectus,
688 1352 716 1374 et
742 1355 901 1378 conversus.
920 1348 976 1381 jam

190 1391 289 1418 iterum
302 1391 330 1418 in
344 1393 459 1426 gratiam
475 1393 632 1427 recipiatur,
644 1401 658 1420 ιι
670 1400 722 1428 qua
733 1399 810 1420 antea
823 1395 976 1426 arcebatur,

190 1438 263 1472 quod
279 1444 456 1471 consecutus,
473 1447 525 1466 non
542 1439 661 1473 amplius
676 1440 701 1465 in
717 1443 850 1473 potestate
872 1446 913 1466 est
927 1439 979 1466 Sa-

192 1487 272 1514 tanae.
292 1491 375 1518 quam
391 1484 417 1511 in
428 1485 489 1518 ejus
508 1492 608 1520 corpus
622 1485 746 1512 habebat.
764 1485 816 1518 Qui
831 1491 929 1519 sponte
944 1486 978 1513 ad

191 1529 378 1564 paenitentiam
394 1535 600 1563 convertuntur,
613 1539 660 1558 eos
672 1530 803 1558 Dominus
812 1532 980 1567 amplectens

1023 293 1104 320 πάλιν
1115 291 1388 327 αὐτὸς-ἀναγκάζεται
1398 292 1443 318 τὸν
1456 290 1653 326 ἀμαρτήσαντα
1665 287 1790 320 κολάζειν
1802 296 1809 302 -

1022 338 1175 373 Παράδοτε
1189 339 1253 374 γὰρ,
1272 338 1348 373 φησι,
1364 337 1417 364 τὸν
1432 335 1569 363 τοιοῦτον
1580 334 1621 366 τῷ
1638 331 1757 367 Σατανᾷ
1767 333 1811 365 εἰς

1022 384 1146 418 ὄλεθρον
1169 383 1225 418 τῆς
1250 382 1372 417 σαρκὸς,
1393 382 1443 408 ἵνα
1472 380 1504 407 τὸ
1528 379 1646 413 πνεῦμα
1666 377 1749 412 σωθῇ
1773 378 1808 404 ἑν

1023 429 1060 465 τῇ
1072 430 1166 464 ἡμέρᾳ
1176 430 1230 456 τοῦ
1240 429 1361 463 Κυρίου.
1376 427 1431 454 Καὶ
1440 428 1490 463 ὅρα
1501 427 1593 453 λοιπὸν
1606 424 1811 460 φιλανθρωπίαν

1023 477 1090 503 Θεοῦ
1101 476 1148 504 καὶ
1163 476 1264 503 κακίαν
1276 475 1323 501 τοῦ
1339 475 1474 501 διαϐόλου.
1484 473 1514 499 ’0
1528 473 1576 508 μὲν
1589 472 1655 503 Θεὸς
1665 471 1709 497 τὸν
1723 471 1811 505 ἀμαρ-

1023 522 1143 556 τήσαντα
1158 520 1244 547 Θέλων
1261 520 1378 555 καθᾶραι
1394 518 1562 552 παραδίδωσι
1577 517 1621 543 διὰ
1633 517 1681 550 τῆς
1694 516 1811 541 ἀποστο-

1023 567 1102 602 λικῆς
1130 567 1221 602 φωνῆς
1242 566 1279 597 ὡς
1306 566 1396 601 δημίῳ
1419 565 1456 600 τῷ
1485 563 1617 598 διαϐόλῳ·
1630 563 1644 588 ὁ
1664 562 1692 588 δὲ
1711 561 1810 595 ἕστηκε

1025 613 1185 648 βουλόμενος
1213 612 1250 643 ὡς
1269 611 1338 638 λέων
1363 611 1507 637 καταπιεῖν
1537 609 1566 635 ὃν
1597 608 1677 640 αὐτὸς
1702 607 1811 633 ἔπεισεν

1024 660 1198 695 ἐξαμαρτεῖν,
1221 659 1267 685 καὶ
1292 658 1342 684 οὐκ
1366 657 1437 692 ἔγνω
1451 657 1492 683 ὅτι
1509 656 1540 682 τὺ
1569 655 1648 689 σῶμα
1674 653 1810 689 παρεδὸθη

1024 705 1108 740 αὐτῷ,
1126 704 1235 740 οὐχὶείς
1256 703 1453 739 πανωλεθρίαν,
1475 702 1533 729 ἀλλ’
1554 702 1592 732 εἰς
1610 704 1810 735 σωφρονισμον,

1025 752 1069 778 ἴνα
1098 751 1129 778 τὸ
1154 750 1263 785 πνεῦμα
1291 750 1376 785 σωοῇ.
1401 749 1459 784 Τῆς
1483 748 1539 783 γὰρ
1566 747 1655 782 ψυχῆς
1682 746 1812 781 οὐδεμίαν

1024 797 1205 833 ἐγχειρίζεται
1233 795 1372 829 ἐξουσίαν,
1401 794 1438 826 ὡς
1461 794 1594 821 δέδεικται
1620 793 1667 819 καὶ
1689 791 1736 818 ἐπὶ
1763 790 1811 817 τοῦ

1025 843 1148 878 γενναίου
1170 842 1230 869 Ίώϐ
1241 851 1249 858 ·
1266 842 1313 868 καὶ
1334 834 1388 876 γὰρ
1404 840 1451 867 καὶ
1474 841 1516 866 ἐπ’
1535 839 1638 866 ἐκείνου
1651 837 1741 864 λαϐὼν
1757 837 1813 863 τῶν

1025 889 1112 916 ἄλλων
1126 888 1176 924 τὴν
1197 887 1331 920 ἐξουσίαν,
1346 886 1520 913 ὲπιτάττεται
1540 885 1576 920 μὴ
1593 884 1726 919 τολμῆσαι
1741 882 1812 916 ἀψα-

1026 935 1088 962 σΟαι
1101 934 1151 970 τῆς
1165 934 1265 969 ψυχῆς,
1283 933 1405 959 τουτέστι
1426 932 1533 967 φρενῶν
1551 931 1680 958 ἔκστασιν
1703 930 1740 965 μὴ
1762 929 1813 955 ἑπ-

1025 983 1158 1015 ενεγκεῑν.
1172 979 1227 1006 Καὶ
1241 979 1394 1014 σημείωσαι
1409 978 1449 1005 ὃτι
1464 978 1510 1004 κοι)⁸
1525 977 1571 1003 ἐπὶ
1579 976 1624 1003 τοῦ
1631 976 1736 1003 δικαίου
1751 973 1813 1001 Ἰὼϐ

1026 1027 1072 1053 καὶ
1087 1027 1134 1053 ἐπὶ
1144 1026 1190 1052 τοῦ
1207 1025 1398 1060 ἡμαρτηκότος
1413 1025 1441 1050 ἐν
1453 1024 1577 1058 Κορίνθῳ
1591 1023 1621 1049 οὑ
1642 1022 1748 1057 δέχεται
1762 1021 1814 1056 τὴν

1026 1074 1074 1107 τῆς
1089 1072 1178 1108 ψυχῆς
1186 1071 1332 1105 ἐξουσίανὸ
1342 1071 1469 1105 πονηρὸς,
1486 1069 1585 1105 μᾶλλον
1603 1069 1651 1104 μὲν
1664 1067 1712 1095 οὖν
1725 1068 1812 1102 ὑπερ-

1026 1119 1147 1155 ορίζεται
1178 1118 1274 1153 αὐτῆς.
1300 1117 1478 1152 Παραδίδοται
1504 1116 1559 1151 γὰρ
1584 1115 1658 1150 αὐτῷ
1684 1115 1732 1141 καὶ
1751 1115 1766 1140 ὁ
1786 1114 1814 1139 ἐν

1027 1165 1160 1201 Κορίνθῳ
1168 1165 1244 1195 Ἵνα,
1255 1164 1331 1198 φησὶ,
1340 1162 1372 1190 τὸ
1382 1162 1499 1197 πνεῦμα
1510 1161 1602 1196 σωθῇ.
1611 1160 1753 1196 Ἐμπεσὼν
1761 1158 1815 1195 γὰρ

1026 1213 1040 1238 ὁ
1057 1211 1226 1247 ἡμαρτηκὼς
1241 1209 1280 1245 τῷ
1293 1208 1440 1245 πειρασμῷ
1455 1208 1494 1239 εἰς
1510 1207 1621 1243 ὄλεθρον
1632 1207 1682 1241 τῆς
1702 1206 1815 1241 σαρκὸς,

1028 1259 1074 1286 καὶ
1099 1259 1158 1289 ταῖς
1183 1256 1312 1290 ἀλγηδόσι
1336 1255 1383 1282 τοῦ
1408 1254 1534 1290 σώματος
1559 1253 1815 1288 κατατρυχόμενος,

1028 1303 1155 1338 ἐπιγνούς
1170 1312 1199 1329 τε
1215 1304 1248 1329 ἐκ
1263 1301 1342 1333 ποίας
1361 1301 1439 1337 ῥίζης
1458 1300 1532 1335 αὐτῷ
1550 1299 1693 1335 βλαστάνει
1715 1299 1750 1324 τὰ
1767 1298 1816 1324 ἀλ-

1027 1350 1116 1385 γεινὰ,
1130 1349 1313 1384 ἀναγκάζεται
1325 1348 1372 1375 καὶ
1389 1347 1425 1383 μὴ
1437 1347 1523 1374 θέλων
1534 1346 1647 1381 μισῆσαι
1662 1345 1711 1380 τὴν
1727 1345 1818 1380 ἁμαρ-

1028 1396 1089 1423 τίαν
1103 1396 1149 1422 καὶ
1164 1395 1232 1429 πρὸς
1247 1394 1297 1427 τὴν
1319 1394 1488 1427 ἐπιστροφὴν
1503 1392 1616 1427 δραμεῖν
1632 1389 1817 1417 συνδιασώσα-

1031 1442 1091 1469 σθαι
1118 1450 1148 1468 τε
1169 1441 1209 1476 τῷ
1238 1439 1344 1473 σώματι
1368 1439 1418 1474 τὴν
1441 1438 1540 1473 ψυχήν.
1561 1436 1623 1468 Πῶς
1645 1436 1673 1462 δὲ
1692 1435 1788 1461 ἐλαϐεν
1803 1435 1818 1460 ὸ

1030 1487 1153 1519 Σατανᾶς
1166 1488 1215 1522 τὴν
1231 1485 1355 1518 ἐξουσίαν
1373 1484 1442 1511 κατά
1456 1483 1503 1510 τοῦ
1524 1482 1729 1517 ἡμαρτηκότος
1751 1480 1819 1514 ἀφο-

1033 1534 1169 1569 ρισθέντος
1181 1532 1263 1559 αὐτοῦ
1274 1532 1328 1558 ἀπὸ
1341 1531 1460 1562 πάντων,
1473 1528 1526 1556 ἀπό
1538 1537 1568 1554 τε
1585 1528 1635 1562 τῆς
1654 1525 1819 1560 Ἐκκλησίας

191 1575 309 1610 suscipit
323 1586 329 1604 :
361 1577 407 1611 qui
424 1585 488 1604 vero
503 1585 555 1603 non
574 1582 668 1612 sponte
684 1578 869 1612 patuitentiam
885 1583 978 1612 agunt,

1030 1581 1079 1608 καὶ
1108 1582 1158 1614 τῆς
1182 1579 1236 1605 τῶν
1262 1576 1384 1613 φρικτῶν
1414 1574 1570 1611 μυστηρίων
1596 1573 1748 1603 κοινωνίας.
1773 1572 1820 1598 Διὸ

194 1619 333 1655 castigans
358 1625 477 1652 revocat,
502 1625 527 1648 et
548 1621 622 1648 hunc
637 1628 746 1649 sensum
770 1622 915 1655 Apostolus
932 1629 980 1648 ex-

194 1665 299 1700 plicans
329 1666 421 1693 dieil:
447 1666 524 1699 Quod
550 1667 573 1694 si
597 1667 770 1700 nasmetipsos
785 1667 979 1701 judicaremus,

194 1720 246 1739 non
264 1713 355 1748 utique
373 1713 567 1746 jmiicarcmur.
590 1713 657 1740 Dum
673 1714 830 1748 judicamur
846 1719 944 1746 autem,
966 1723 982 1741 a

195 1759 249 1786 Deo
260 1759 431 1794 corripiatur.
445 1765 471 1786 ιιι
484 1768 536 1786 non
547 1768 606 1787 cum
619 1760 667 1787 hoc
681 1761 778 1787 mundo
787 1761 944 1787 daninemur
956 1767 980 1788 ο.

196 1805 264 1833 ΙΙῖιιιί
282 1810 386 1837 autem,
399 1811 427 1833 ut
446 1815 498 1834 non
516 1815 576 1834 cum
590 1807 639 1834 hoc
657 1807 765 1840 "tundo,
782 1816 836 1835 non
859 1813 983 1835 creatura

196 1851 263 1879 dicit
278 1860 285 1878 :
302 1852 446 1886 pulchrum
462 1853 536 1880 enim
554 1857 597 1881 est
612 1852 658 1880 Dei
679 1861 757 1888 opus.
776 1853 828 1881 Sed
851 1855 982 1881 mundum

196 1897 243 1926 hic
266 1898 408 1933 intelligit,
435 1899 637 1933 improbitatem
660 1900 764 1932 mundi,
795 1904 823 1927 et
850 1900 982 1927 scandala

196 1942 309 1970 diaboli.
326 1942 388 1970 Ideo
399 1948 426 1969 et
444 1943 576 1971 Dominus
588 1943 654 1971 dicit
669 1953 676 1972 :
697 1943 742 1972 Vw
758 1944 855 1972 ιιιιιηιίο
875 1954 892 1971 ιι
906 1953 984 1971 scan-

196 1986 266 2014 dalis
280 1986 337 2018 eius
350 1986 381 2013 ἀί
401 1986 457 2014 lloc
476 1995 482 2014 :
501 1987 712 2021 Contemplantes
727 1996 759 2015 ne
769 1988 827 2022 quis
841 1988 909 2015 desit
922 1997 985 2024 gra-

198 2030 243 2057 tia:
252 2029 309 2063 Dei,
323 2038 353 2057 ue
365 2038 417 2065 qua
432 2030 511 2057 radix
519 2031 708 2058 amaritudinis
717 2040 822 2058 sursum
833 2032 985 2066 germinans

201 2075 327 2110 impediat
341 2081 365 2108 ο,
379 2082 445 2109 etc.,
456 2076 489 2103 de
504 2076 715 2111 cogitationibus
737 2077 776 2104 ait
798 2077 832 2104 ab
855 2077 985 2111 Apostolo

199 2120 265 2153 dici,
279 2120 332 2148 hoc
353 2125 405 2153 est,
431 2128 465 2148 ne
483 2128 536 2156 qua
553 2121 589 2148 sit
606 2121 632 2148 in
649 2121 727 2149 nobis
745 2121 873 2156 cogitatio
893 2122 986 2149 adlue-

200 2176 264 2196 rens
281 2167 372 2195 adhuc
395 2167 518 2200 diabolo,
542 2175 604 2202 qua:
627 2175 678 2195 nos
704 2166 750 2194 Dei
776 2167 862 2202 gratia
888 2168 985 2202 privet.

199 2212 313 2244 Quando
326 2211 400 2239 enim
419 2211 511 2246 aliqua
526 2211 655 2246 cogitatio
674 2215 804 2245 tanquam
820 2211 898 2238 radix
911 2219 986 2247 quae-

1033 1626 1115 1658 ἁξῖως
1139 1624 1326 1659 ἐπιτιμηθέντι
1343 1623 1391 1649 καὶ
1406 1621 1535 1657 πληγέντι
1557 1620 1604 1646 καὶ
1625 1618 1820 1653 ὲπιστραφέντι

1033 1671 1113 1699 ’πάλιν
1128 1671 1288 1706 χαρισθῆναι
1307 1668 1391 1702 αὐτῷ,
1411 1664 1447 1694 ὧν
1459 1665 1621 1697 ἐκεκώλυτο,
1641 1664 1752 1700 γράφει.
1769 1659 1821 1689 Ὧν

1033 1717 1193 1751 ἀξιωθέντος
1208 1715 1299 1742 οὐκέτι
1312 1714 1372 1740 οὐδὲ
1383 1713 1431 1748 τὴν
1445 1711 1569 1746 ἐξουσίαν
1581 1709 1654 1745 εἶχεν
1665 1711 1679 1736 ὁ
1688 1708 1821 1741 Σατανᾶς,

1032 1764 1120 1799 ἥνπερ
1135 1762 1241 1796 εἰλήφει
1262 1759 1332 1786 κατὰ
1346 1759 1393 1785 τοῦ
1409 1758 1534 1794 σώματος
1551 1756 1645 1784 αὐτοῦ.
1665 1755 1727 1782 Ὅτι
1742 1755 1821 1788 φησι,

1033 1809 1103 1841 Τοὺς
1117 1808 1166 1843 μὲν
1183 1806 1228 1841 ἀφ’
1254 1805 1359 1832 ἑαυτῶν
1382 1804 1597 1839 ἐπιστρέφοντας
1619 1802 1660 1833 εἰς
1677 1800 1823 1835 μετάνοιαν

1034 1852 1279 1888 ὲναγκαλιζόμενος
1293 1851 1307 1876 ὁ
1322 1850 1424 1885 Κύριος
1438 1848 1602 1883 ἀποδέχεται
1613 1847 1647 1879 “,
1664 1846 1726 1876 τοὺς
1740 1845 1770 1872 δὲ
1782 1844 1822 1879 μὴ

1034 1900 1138 1927 οίκοοεν
1154 1898 1352 1933 μετανοοῦντας
1367 1895 1542 1931 σωφρονίζων
1563 1893 1750 1920 ἀνακαλεῖται.
1766 1891 1824 1916 Καὶ

1035 1946 1137 1980 ταύτην
1155 1945 1183 1971 δὲ
1196 1942 1377 1970 ἀναπτύσσων
1389 1941 1439 1977 τὴν
1450 1939 1555 1966 ἔννοιαν
1573 1939 1587 1965 ὁ
1606 1936 1766 1968 Ἀπόστολος
1780 1935 1826 1961 λέ-

1035 2000 1078 2027 γει
1089 1999 1096 2006 ·
1109 1991 1143 2018 El
1155 1989 1210 2025 γὰρ
1223 1988 1350 2021 ἑαυτοὺς
1359 1986 1516 2021 ἐκρίναμεν
1527 1985 1561 2016 θ’,
1576 1984 1631 2011 οὐκ
1645 1983 1683 2010 ἂν
1709 1980 1827 2014 ἐκρινό-

1033 2037 1126 2072 μεθα·
1142 2035 1312 2069 κρινόμενοι
1330 2033 1364 2060 δὲ
1378 2032 1437 2060 ὑπὸ
1450 2031 1502 2058 τοῦ
1515 2031 1537 2047 ⁸³
1557 2030 1667 2063 Κυρίου
1688 2026 1828 2055 παιὸευό-

1034 2084 1120 2117 ﬂava,
1139 2081 1190 2107 ἵνα
1208 2079 1251 2114 μὴ
1274 2079 1336 2106 σὺν
1353 2077 1394 2110 τῷ
1415 2078 1520 2112 κόσμῳ
1543 2074 1774 2109 κατακριθῶμεν.
1788 2072 1830 2099 Τὸ

1037 2128 1077 2160 δὲ,
1093 2126 1160 2153 "Ira
1170 2126 1212 2160 μὴ
1228 2125 1288 2152 σὺν
1301 2124 1342 2157 τῷ
1353 2125 1466 2158 κόσμῳ,
1477 2123 1539 2157 οὐχὶ
1552 2121 1590 2156 τῷ
1599 2119 1741 2154 ποιήματι
1752 2117 1829 2152 λέγει

1039 2175 1131 2211 (καλὸν
1151 2173 1206 2209 γὰρ
1228 2172 1258 2198 τὸ
1269 2171 1316 2198 τοῦ
1333 2170 1401 2197 Θεοῦ
1418 2169 1548 2204 ποίημα),
1560 2167 1628 2195 ἀλλὰ
1649 2167 1751 2200 κόσμον
1768 2164 1830 2211 νυν)

1039 2221 1087 2256 τὴν
1100 2221 1129 2246 ἐν
1142 2219 1182 2255 τῷ
1205 2218 1300 2253 κόσμῳ
1321 2217 1395 2251 λέγει
1411 2215 1555 2250 πονηρίαν,
1572 2213 1606 2240 τὰ
1629 2211 1764 2239 σκάνδαλα
1778 2210 1830 2256 του

198 2258 261 2285 dam
288 2258 400 2285 malitize
424 2258 451 2285 in
475 2258 555 2285 nobis
582 2257 709 2292 pullulat,
736 2256 786 2284 etsi
818 2257 913 2292 plures
941 2266 979 2293 pel

1041 2254 1223 2300 πονηροῦ.Διδ
1236 2263 1301 2290 καὶὸ
1309 2260 1410 2296 Κύριός
1425 2266 1517 2294 φησιν·
1529 2258 1601 2285 Οὺιιὶ
1613 2256 1652 2289 τῷ
1661 2254 1831 2290 κόσιιῳάπὸ

198 2304 405 2332 conversionem
421 2303 634 2337 eradicavimus,
652 2306 744 2330 tamen
761 2303 807 2330 illa
820 2303 927 2331 occulte
939 2312 987 2331 re-

200 2350 273 2382 licta,
291 2358 324 2377 ex
338 2356 414 2385 parte
438 2357 567 2378 crescens
581 2353 610 2376 et
632 2349 771 2384 prodiens,
789 2349 941 2383 invalescit,
960 2353 988 2377 et

201 2394 328 2430 inquinat
343 2395 412 2422 alias
426 2395 608 2430 cogitationes
629 2395 663 2422 ad
687 2395 790 2422 bonum
810 2395 986 2423 inclinantes.

201 2441 369 2469 Exscindere
384 2442 467 2477 igitur
483 2442 610 2468 hortatur
626 2441 714 2469 omnis
731 2442 835 2476 peccati
855 2442 988 2475 radicem,

201 2493 230 2515 ιιι
245 2487 356 2515 omnino
372 2488 453 2514 homo
475 2487 522 2514 Dei
536 2492 671 2523 praecepta
695 2488 758 2515 sine
776 2488 901 2515 molestia
926 2496 988 2516 cum

201 2535 291 2562 [ructu
318 2539 495 2568 exsequatur.
525 2533 576 2560 Per
599 2542 700 2565 canes.
727 2534 835 2569 inquit,
859 2535 990 2570 parabola

202 2580 383 2608 crudeliorem
414 2580 492 2607 illum
519 2579 630 2608 divitem
658 2581 796 2616 coarguit,
822 2581 901 2616 cujus
927 2585 991 2609 ante

202 2627 278 2654 fores
290 2626 412 2654 Lazarus
422 2626 541 2661 jaccbat.
556 2626 646 2655 Canes
663 2628 737 2655 enim
752 2628 990 2656 commiseratione

202 2672 300 2709 5531:
323 2681 428 2709 magna:
452 2673 525 2701 illius
549 2673 725 2708 calamitatis,
742 2679 876 2708 quantum
899 2674 990 2703 facere

242 2768 256 2784 ι
270 2762 280 2791 1
294 2762 359 2792 Cor.
371 2771 400 2798 ν,
417 2763 444 2792 5.
493 2763 507 2784 ιι
522 2762 575 2792 Job
589 2771 609 2799 ι,
626 2763 670 2792 12.

715 2768 727 2783 ε
739 2762 750 2791 l
762 2763 826 2793 Cor.
843 2771 880 2795 ιιι,
896 2763 941 2791 δι.
979 2763 993 2782 ιι
1007 2762 1102 2790 Matth.
1130 2770 1208 2795 mu,
1226 2762 1252 2790 7.

1037 2311 1096 2338 τῶν
1114 2309 1297 2337 σκανδάλων
1312 2306 1416 2334 αὐτοῦ.
1435 2307 1496 2332 "Ur:
1513 2305 1553 2336 τὺ,
1573 2301 1831 2334 Ἐπισκοποῦντες

1035 2357 1078 2392 μή
1094 2365 1139 2389 τις
1156 2354 1290 2389 ὑστερῶν
1303 2353 1357 2387 τῆς
1370 2353 1392 2369 ⁸⁵
1412 2352 1533 2387 χάριτος
1550 2350 1604 2377 τοῦ
1621 2348 1706 2380 Θεοῦ,
1719 2347 1762 2383 μή
1783 2356 1832 2379 τις

1039 2403 1103 2440 [888
1118 2401 1164 2438 H.]
1174 2401 1240 2436 ρίζὶι
1262 2400 1368 2432 κακίας
1378 2397 1502 2433 ἐνοχλῇ,
1517 2397 1564 2424 καὶ
1577 2396 1610 2424 τὰ
1621 2395 1684 2430 ἑξῆς
1699 2395 1762 2429 περὶ
1774 2393 1832 2420 τῶν

1039 2448 1177 2483 λογισμῶν
1199 2446 1324 2482 εἰρῆσθαι
1337 2445 1375 2481 τῷ
1391 2444 1545 2478 Ἀποστόλῳ
1561 2442 1639 2478 φησὶ,
1652 2441 1774 2468 τουτέστι
1790 2441 1832 2476 μή

1039 2503 1081 2526 τις
1135 2493 1265 2527 λογισμὸς
1289 2493 1317 2518 ὲν
1334 2492 1398 2526 ὑμῖν
1415 2491 1437 2506 ⁸⁵
1456 2489 1535 2525 [1617
1559 2487 1607 2524 8.]
1631 2486 1834 2523 προσκείμενος

1042 2539 1133 2575 ἑτιτῷ
1154 2538 1270 2573 διαὸὁλῳ
1291 2537 1338 2564 καλ⁸
1353 2534 1553 2571 ὑστερούμενος
1573 2533 1624 2568 τῆς
1648 2531 1758 2568 χάριτος
1783 2530 1834 2556 τοῦ

1042 2585 1120 2613 Θεοῦ.
1137 2586 1222 2611 Ὅταν
1247 2583 1301 2618 γάρ
1315 2591 1356 2613 τις
1375 2580 1507 2615 λογισμὸς
1530 2579 1626 2614 ὥσπερ
1640 2586 1683 2608 τις
1705 2576 1767 2612 ῥίζα
1783 2584 1836 2602 τιο-

1042 2631 1139 2666 νηρίας
1166 2628 1374 2665 ὲγκεχωσμένος
1396 2628 1427 2654 ὲν
1441 2627 1508 2662 ἡμῖν
1530 2623 1558 2661 ᾖ,
1572 2624 1623 2651 κᾶν
1645 2624 1707 2654 τοῦς
1723 2621 1836 2666 πλείους

1043 2665 1085 2701 διῗ
1104 2673 1271 2708 ἐπιστροφῆς
1295 2671 1527 2708 ἑξερῤιζώσαμεν,
1548 2668 1606 2696 ἀλλ’
1623 2666 1669 2696 οὖν
1693 2667 1797 2699 ἐκεῖνος
1819 2665 1838 2694 ὁ

1295 2769 1306 2784 ε
1323 2763 1404 2791 liehr.
1422 2769 1472 2795 χιι,
1493 2761 1535 2789 15.

861 2821 977 2849 VARle
999 2819 1201 2849 LECTIONES.

263 2882 284 2899 "
300 2882 465 2916 ἀποδέχεται
489 2883 509 2910 C
535 2893 542 2911 :
563 2883 715 2919 ἐπιδέχεται
730 2892 759 2916 ς.
797 2884 818 2899 θ’
837 2882 981 2919 ἐκρίναμεν
1003 2881 1022 2910 C
1045 2891 1052 2910 ;
1079 2880 1246 2917 διεκρίνομεν
1268 2889 1296 2913 ς.

208 2919 258 2951 τῆς
278 2927 309 2951 ς.
384 2918 406 2934 ⁸⁸
423 2918 517 2947 ὐμῐνϐ
540 2928 545 2946 :
562 2920 626 2948 ἡμῖν
640 2918 673 2950 ς.

1354 2878 1434 2906 ⁸³τοῦ
1457 2885 1512 2906 om.
1541 2877 1570 2905 C.
1607 2876 1628 2892 ”⁵
1647 2876 1695 2910 τῆς
1719 2873 1761 2902 (2:
1777 2871 1838 2902 ἀντὶ)
