1959 3081
136 179 188 212 353

307 239 386 276 [1621
404 241 450 277 13.]
476 242 527 269 Ἐκ
543 241 596 268 τοῦ
612 241 638 274 ς’
652 242 756 276 λόγου.

173 285 272 311 ’Ὁτιὲν
287 285 326 320 τῷ
338 286 409 322 ἕκτῳ
423 287 495 322 λόγῳ
503 287 608 322 ἐλέγχει
622 286 653 313 τὸ
667 287 818 324 φερόμενον
832 286 924 313 Ναυά-

137 339 184 357 του
200 331 444 368 ψευδομαρτύρων,
461 334 476 359 ὂ
499 335 551 360 καὶ·
568 334 609 366 εἰς
623 334 746 361 Ναυάτον
763 333 812 368 μὲν
826 333 923 369 [λέγει]

137 375 186 402 ἕνα
203 376 266 403 ὄντα
293 377 349 404 τῶν
375 379 427 405 ὑπὸ
452 379 619 406 Μακεδόνων
645 380 794 406 ἐπίσκοπον
815 380 925 415 Ῥώμης

137 422 312 456 τεταγμένων
327 423 400 450 ὀκτὼ
417 424 608 460 πρεσὸυτέρων
633 425 715 460 μόνον
728 426 759 453 τὺ
774 426 924 462 μαρτύριον

136 467 187 502 τῆς
202 468 243 500 εἰς
254 468 373 504 Χριστὸν
393 470 537 505 ὁμολογίας
558 471 718 506 διενεγκεῖν,
731 473 794 504 τοὺς
811 472 838 499 δὲ
854 472 925 500 ἑπτὰ

136 511 197 547 ἅμα
210 513 372 548 Μακεδονιῳ
383 514 509 542 ὲπιθῦσαι
522 517 579 548 τοῖς
593 517 714 549 εἰδώλοις
725 525 731 532 ·
747 526 925 554 μεμαρτυρη-

136 557 214 584 κέναι
226 558 256 584 es
275 558 324 586 σὺν
336 559 410 593 αὺτῷ
427 560 522 595 μόνους
538 563 571 588 ὲκ
582 563 692 590 πάντων
704 563 796 598 σχεδὸν
807 564 862 590 τῶν
875 565 924 600 τῆς

135 603 240 636 δύσεως
252 605 424 640 Χριστιανῶν
439 608 600 644 Μάρκελλον
615 609 663 636 καὶ
680 609 852 646 Ἀλέξανδρον
863 611 925 637 ὲτιι-

137 650 255 682 σκόπους
271 650 418 688 Ἀκυληίας
434 653 481 679 καὶ
499 654 690 690 Ἀγαμέμνονα
707 655 858 682 ἐπίσκοπον
875 656 924 682 Τι-

137 695 250 731 ϐέρεως,
272 696 320 729 οὓς
343 697 402 733 ἅμα
417 699 536 735 Ναυάτῳ
561 701 631 736 μετὰ
651 701 682 728 τὸ
696 701 847 737 μαρτύριον
871 702 924 738 ἰδίᾳ

137 743 329 776 συνοικοῦντας
344 746 391 771 καὶ
407 746 571 781 συνάγοντας
585 747 622 782 μὴ
635 747 780 782 ἀνέχεσθαι
793 750 850 780 τοῖς
862 749 923 775 ἐπι-

135 789 261 816 τεθυκόσι
290 791 476 826 συνιερᾶσθαι.
498 791 647 820 Ἑπιοεῖναί
663 802 693 820 τε
718 794 829 826 τούτους
850 794 925 830 αὐτῷ

135 835 200 865 τοὺς
211 836 378 868 ἐπισκόπους
388 837 437 870 τὰς
455 839 560 874 χεῖρας,
575 839 624 875 τὴν
642 840 692 874 τῆς
709 839 819 876 Ῥώμης
829 841 923 876 ἀρχιε-

136 880 252 916 ρατικὴν
265 881 344 914 ἀξίαν
359 882 610 920 τελεσιουργουσας.
626 885 754 912 Γενέσθαι
764 886 793 913 δὲ
810 887 840 913 τὸ
853 896 923 922 μαρ-

134 926 230 961 τύριον
255 928 350 956 Δεκίου
373 930 423 964 μὲν
439 931 487 958 καὶ
509 932 656 968 Οὐαλερίου
679 934 822 969 Ῥωμαίων
845 934 922 970 βασι-

134 971 268 1005 λεύοντος,
284 974 428 1010 Περεννίου
450 976 478 1003 δὲ
505 977 684 1014 δουκηναρίου
702 980 753 1015 τὴν
771 980 844 1007 κατὰ
868 980 923 1007 τῶν

134 1018 307 1052 Χριστιανῶν
321 1021 449 1049 ἀπόνοιαν
461 1024 509 1050 καὶ
523 1025 659 1061 τιμωρίαν
671 1026 920 1062 ὲγκεχειρισμὲνου.

133 1065 189 1090 Καὶ
202 1066 351 1102 μαρτύριον
360 1068 448 1095 ἐκεῖνο
458 1069 488 1096 τὸ
499 1071 616 1106 γράμμα
626 1071 675 1107 τὴν
687 1072 843 1108 ἐπιγραφὴν
853 1073 921 1108 ἔχει,

132 1109 196 1136 οὔτε
206 1111 234 1137 δὲ
248 1112 382 1146 μάστιγας
396 1114 458 1141 οὔτε
472 1116 592 1152 ποινὴνῆ
608 1116 725 1152 βάσανον
738 1119 783 1145 τὸν
795 1119 922 1146 Ναυάτον

132 1155 282 1190 διενεγκεῖν
296 1158 460 1195 ἀναγράφει.
473 1162 569 1189 Καίτοι
585 1163 640 1190 τῶν
652 1163 763 1190 πώποτε
780 1164 921 1199 ὠμότατον

132 1203 206 1228 κατὰ
220 1203 392 1238 Χριστιανῶν
405 1208 555 1241 γεγονότων
575 1209 718 1244 Περέννιον
744 1210 920 1245 ἀναγράφων,

131 1248 173 1279 εἰς
184 1248 316 1282 διαλέξεις
331 1251 394 1285 περὶ
415 1253 565 1288 μαρτυρίου
580 1255 604 1270 ⁷⁸
619 1255 780 1288 ἀλλοκότους
793 1257 920 1284 Ναυάτου

131 1294 182 1329 τὴν
199 1295 353 1330 μαρτυρίαν
371 1298 555 1333 περικλείσας,
567 1299 652 1333 οὕτως
669 1301 750 1329 αὐτὸν
769 1302 862 1337 ἐξάγει
873 1303 920 1330 τοῦ

132 1339 219 1375 [ζῇν],
236 1341 349 1377 ὀνείρων
363 1343 472 1370 ἄνθεσιν
494 1345 728 1382 ἐστεφανωμένον.
745 1348 830 1375 Τοῦτο
843 1349 875 1385 δὴ
890 1350 920 1376 τὸ

131 1386 321 1414 κακόπλαστόν
336 1396 365 1415 τε
379 1389 425 1416 καὶ
444 1390 606 1418 ἀδιάστατον
617 1394 818 1429 γραμματίδιον
834 1396 862 1422 ὲν
881 1396 920 1431 τῷ

130 1430 205 1467 ἕκτῳ
218 1433 301 1459 αὑτοῦ
309 1434 440 1471 διελέγχει
454 1436 536 1472 λόγῳ.
548 1437 630 1472 Λέγει
640 1438 668 1465 δὲ
677 1439 759 1472 αὐτὸς
770 1440 815 1467 τὸν
827 1430 920 1468 Nundi-

128 1486 176 1522 τον
195 1478 435 1514 ἁρχιερατεύοντος
449 1482 600 1518 Κορνηλίου
618 1483 727 1520 Ῥώμης
743 1486 789 1512 τὸν
811 1488 919 1522 πρῶτον

99 1546 104 1549 ,
129 1521 317 1570 βαθμὸν-τῶν
331 1525 463 1554 διακόνων
487 1527 560 1563 ἔχειν
577 1530 692 1557 λαϐόντα
714 1532 790 1567 παρὰ
812 1521 919 1570 Κορνη-

655 181 914 213 BIBLIOTHECA.
936 192 969 196 —
985 181 1056 211 CUD
1087 182 1246 212 CCLXXX.
1709 181 1763 216 355

1283 239 1307 266 Ε
1323 240 1390 267 libro
1410 248 1445 267 vt.

1011 284 1094 312 Libro
1123 289 1201 313 sexto
1222 286 1341 313 ostendit
1359 286 1455 313 Novati
1479 285 1590 318 falsum.
1613 287 1688 322 quod
1707 287 1762 315 cir—

976 329 1138 362 cuml'ertur,
1162 331 1339 366 martyrium,
1365 331 1448 365 quod,
1476 331 1518 357 vel
1546 336 1640 358 contra
1671 331 1761 366 ipsum

977 375 1122 408 Novatum,
1140 376 1220 404 docet
1235 377 1344 404 unicum
1361 378 1502 409 duntaxat,
1517 385 1551 404 ex
1566 382 1628 405 octo
1649 378 1762 414 presby-

975 423 1042 450 teris
1058 423 1106 457 qui
1121 423 1172 450 sub
1197 422 1356 451 Macedonio
1378 424 1507 458 episcopo
1531 424 1648 452 ordinati
1672 430 1761 457 erant,

975 469 1137 504 martyrium
1160 469 1343 498 confessionis
1372 471 1398 497 in
1422 470 1564 498 Christum
1589 471 1759 506 pertulisse:

977 520 1081 550 septem
1093 524 1157 543 vero
1173 524 1226 543 una
1239 524 1301 543 cum
1317 516 1476 544 Macedonio
1487 517 1657 545 sacriﬁcasse
1670 517 1760 544 idolis.

973 562 1009 589 At
1021 569 1083 589 cum
1100 562 1159 595 ipso
1172 563 1333 598 martyrium
1348 563 1467 590 subiisse
1490 571 1560 598 pene
1574 564 1648 591 solos
1658 563 1761 591 eChri-

975 608 1071 636 stiauis
1093 608 1249 636 Occidentis
1263 609 1420 636 Marcellum
1436 615 1462 636 et
1480 609 1664 637 Alexandrum
1675 629 1683 643 ,
1703 609 1761 644 epi-

975 662 1074 690 scopos
1089 655 1231 690 Aquileiae,
1254 660 1280 683 et
1298 655 1529 690 Agamemnonem
1550 655 1684 683 Tiberidis
1702 656 1760 691 epi-

974 708 1072 737 copum
1090 711 1097 729 :
1112 703 1161 737 qui
1183 711 1244 730 eum
1261 702 1366 730 Novato
1381 708 1442 738 post
1457 704 1618 739 martyrium
1633 704 1759 739 privatim

976 748 1139 781 habitantes,
1168 753 1195 777 ct
1218 755 1422 782 conversantes,
1449 750 1588 777 uoluerint
1614 758 1666 777 una
1695 758 1759 777 eum

975 794 1036 822 istis
1053 795 1286 823 sacriﬁcatoribus
1299 796 1466 823 sacriﬁcare.
1483 795 1650 830 lmposuisse
1665 798 1756 822 autem

974 840 1013 867 illi
1030 848 1128 868 manus
1144 841 1300 876 episcopos,
1317 846 1346 868 ut
1361 842 1519 876 pontiﬁcatu
1541 842 1634 869 Roma:
1647 841 1759 876 perfun-

974 889 1095 919 geretur.
1114 884 1227 912 Factqu
1245 891 1286 913 est
1302 886 1353 914 hoc
1368 889 1526 923 martyrium
1550 887 1632 915 Decio
1658 891 1686 914 ct
1707 886 1760 914 Va-

974 929 1042 956 lerio
1060 930 1269 964 imperatoribus
1287 931 1428 964 Romanis,
1450 932 1584 959 Pereunio
1610 933 1759 960 ducenaria

973 974 1114 1009 suppliciis
1129 975 1303 1003 Christianos
1318 976 1426 1004 allicere
1444 977 1533 1011 jusso.
1549 977 1582 1003 Et
1598 977 1757 1012 martyrium

973 1020 1024 1048 hoc
1044 1021 1205 1056 inscriptum
1228 1027 1285 1055 est;
1313 1030 1363 1050 uec
1385 1022 1500 1058 ﬂagella,
1529 1030 1581 1050 nec
1606 1028 1756 1055 tormenta,

972 1073 1022 1094 nec
1045 1068 1190 1101 equuleum
1218 1067 1354 1095 Novatum
1385 1069 1478 1096 tulisse
1493 1069 1598 1096 scribit.
1627 1068 1758 1102 Quamvis

972 1112 1135 1141 Pereunium
1148 1114 1364 1142 crudelissimum
1378 1115 1404 1142 in
1415 1116 1585 1143 Christianos
1594 1115 1678 1143 fuisse
1689 1115 1758 1143 scri-

971 1160 1028 1193 bat,
1044 1161 1078 1188 ad
1095 1161 1296 1196 disputationes
1325 1162 1360 1189 de
1385 1162 1516 1198 martyrio
1539 1170 1635 1194 novas,
1658 1161 1757 1189 Novati

972 1205 1132 1241 martyrium
1145 1206 1295 1234 adducens.
1312 1205 1359 1234 Sic
1376 1207 1452 1234 illum
1464 1207 1561 1234 eximit
1577 1214 1610 1234 ex
1626 1207 1678 1234 hac
1688 1207 1755 1240 vita,

972 1252 1145 1279 somniorum
1172 1251 1289 1280 ﬂoribus
1319 1258 1494 1281 coronatum.
1520 1252 1578 1281 [loc
1602 1260 1667 1280 vero
1689 1252 1758 1280 falso

972 1297 1121 1325 conﬁctam
1148 1305 1298 1333 paucarum
1327 1298 1494 1333 pagellarum
1519 1298 1662 1333 scriptum,
1689 1298 1757 1325 libro

971 1348 1050 1370 sexto
1067 1343 1177 1370 refutat.
1194 1344 1262 1371 Dicit
1275 1349 1367 1372 autem
1385 1343 1531 1377 Novatum,
1545 1344 1672 1372 Cornelio
1686 1352 1756 1380 pou-

973 1387 1105 1415 tiﬁcatum
1121 1388 1275 1416 Romanum
1290 1393 1410 1421 tenente,
1427 1390 1544 1425 primum
1563 1390 1677 1424 gradum
1698 1390 1758 1417 dia-

971 1434 1033 1461 coni
1049 1442 1064 1461 a
1079 1434 1208 1462 Cornelio
1225 1436 1373 1470 accepisse.
1391 1435 1488 1463 Fuisse
1508 1442 1573 1463 vero
1593 1441 1658 1463 tunc
1678 1436 1758 1463 iusti-

971 1485 1057 1508 tutnm
1069 1481 1096 1508 in
1106 1481 1237 1514 Ecclesia,
1251 1482 1484 1515 archidiaconum,
1495 1487 1605 1509 mortuo
1615 1482 1755 1516 episcopo,

969 1526 997 1554 iu
1012 1527 1168 1562 episcopatu
1182 1528 1230 1561 illi,
1243 1527 1313 1555 facta
1324 1535 1454 1555 manuum
1466 1528 1647 1563 impositione,
1658 1527 1756 1564 55.5.1

128 1567 200 1619 λίου,
228 1567 299 1597 εἶναι
314 1570 343 1597 δὲ
368 1572 428 1599 τὰιε
446 1573 546 1609 θεσμὸν
564 1576 597 1610 τῇ
623 1576 757 1614 ἐκκλησίᾳ
776 1567 919 1614 Ῥωμαίων

972 1573 1124 1608 surrogari.
1142 1573 1298 1601 Cornelium
1313 1581 1378 1601 vero
1390 1574 1481 1601 divina
1499 1573 1678 1608 inspiratione
1693 1581 1755 1608 cum

128 1614 176 1640 τὸν
185 1615 374 1650 ἁρχιδιάκονον
388 1618 566 1652 τελευτῶντος
586 1621 633 1647 τοῦ
655 1623 806 1650 ἐπισκόπου
821 1626 862 1657 είς
874 1625 920 1652 τὸν

128 1660 181 1695 τῆς
206 1662 361 1698 ἐπισκοπῆς
384 1664 660 1700 ἅντιχειροτονείσθαι
686 1668 798 1703 θρόνον·
822 1670 868 1697 τὸν
890 1671 919 1698 δὲ

129 1705 281 1741 Κορνήλιον
296 1707 357 1744 θείᾳ
385 1709 534 1744 ἐμπνεύσει
558 1712 589 1738 τὸ
606 1712 737 1748 φίλαρχον
753 1715 800 1742 καὶ
824 1724 921 1743 νεωτε-

130 1752 241 1786 ροποιδν
254 1753 365 1786 ἀνάξιον
376 1755 424 1782 τοῦ
437 1756 596 1792 τηλικούτου
608 1759 761 1795 ἀξιώματος
776 1762 917 1797 διορῶντει,

127 1797 170 1827 εἰς
194 1797 398 1834 πρεσϐυτέρους
423 1802 652 1838 χειροτονήσαντα
678 1806 842 1840 μετατάξαι,
868 1808 918 1843 τὴν

128 1843 248 1877 πάροδον
268 1844 343 1880 αὑτῷ
359 1845 408 1882 τὴν
423 1848 463 1879 εἰς
473 1848 519 1874 τὸν
530 1849 722 1884 ἁρχιερατικὸν
734 1852 829 1888 θρόνον
851 1854 918 1880 Ῥώ-

128 1897 184 1923 μης
199 1890 343 1922 παντελῶς
363 1892 573 1922 ἀποκλείσαντα.
590 1896 643 1922 Τὸν
664 1896 693 1923 δὲ
716 1899 919 1936 καιροφυλακή-

128 1943 216 1962 σαντα
230 1936 280 1971 τὴν
291 1937 315 1952 ⁷³
326 1939 496 1973 νομισθεῖσαν
511 1940 676 1979 [διατελεῖν].
691 1945 839 1980 Κορνήλιος
850 1946 918 1974 ἄλλα

125 1990 157 2008 τε
173 1982 228 2008 τῶν
249 1983 449 2019 ἡμαρτηκότων
465 1987 617 2023 εἰλικρινῶς
638 1991 847 2025 μετανοοῦντας,
871 1993 917 2020 καὶ

125 2029 188 2060 τοὺς
205 2029 264 2055 ὅσοι
278 2031 484 2067 προσεκύνησαν
496 2033 624 2069 εἰδώλοις,
642 2036 808 2073 σπλάγχνοις
821 2048 917 2075 πατρι-

127 2076 185 2105 κοῖς
202 2075 365 2111 ὀδυρόμενος
377 2079 565 2114 προσεδέχετο.
578 2081 663 2108 Τοῦτο
673 2083 775 2116 ἐκεῖνος
791 2083 852 2120 [891
869 2085 915 2122 IL]

124 2121 266 2156 πρόφασιν
293 2122 415 2158 θέμενος,
440 2125 546 2161 ἐρράγη
560 2135 591 2152 τε
609 2128 659 2162 τῆς
681 2129 843 2165 Ἐκκλησὶας
869 2121 917 2158 καί

123 2167 279 2202 Κορνηλίου
304 2169 530 2204 κατηυθαδίσατο,
557 2173 691 2208 καθαροὺς
716 2175 840 2209 μὲντοὺς
859 2177 916 2204 ὅσοι

123 2212 202 2247 αὐτῷ
228 2212 365 2248 ἐπλήρουν
380 2214 411 2241 τὸ
436 2216 506 2242 κατὰ
531 2217 580 2252 τῆς
603 2217 763 2254 Ἐκκλησίας
778 2220 915 2255 ὀνομάσας

971 1626 1033 1646 eum
1049 1618 1152 1646 videret.
1172 1619 1249 1646 novis
1275 1619 1358 1646 rebus
1381 1619 1542 1651 studentem,
1562 1623 1588 1645 et
1611 1619 1755 1653 imperium

971 1664 1156 1698 aﬂ'eetautem,
1172 1665 1313 1701 indignum
1332 1665 1378 1692 tali
1397 1665 1539 1699 dignitate,
1555 1664 1626 1692 inter
1640 1664 1756 1700 presby-

970 1716 1045 1739 teros
1059 1711 1212 1744 ordinasse,
1228 1716 1255 1738 et
1271 1711 1342 1738 viam
1358 1710 1395 1738 illi
1412 1711 1445 1738 ad
1462 1710 1648 1745 pontiﬁcatum
1662 1710 1756 1738 Roma:

971 1758 1084 1785 omnino
1107 1757 1289 1793 praeclusisse.
1312 1756 1432 1784 Novatus
1453 1764 1519 1784 vero
1534 1758 1653 1792 'lcaptans
1676 1764 1756 1784 occa-

970 1802 1076 1830 sionem
1093 1802 1212 1829 iustituti
1226 1801 1403 1837 exsequendi.
1415 1809 1476 1829 cum
1487 1801 1754 1830 videretCornelium

969 1855 1017 1876 eos
1030 1847 1078 1883 qui
1095 1855 1157 1875 vere
1170 1847 1345 1882 poeniterent,
1360 1855 1422 1874 cum
1436 1847 1471 1874 ob
1487 1847 1540 1874 alia
1556 1852 1678 1882 peccata,
1696 1853 1755 1875 tum

969 1894 1004 1920 ob
1019 1893 1152 1920 idolorum
1164 1893 1280 1924 cultum,
1291 1893 1412 1927 paternis
1425 1892 1576 1920 visceribus
1583 1893 1755 1920 condoleudo

969 1938 996 1965 in
1014 1937 1131 1972 gratiam
1147 1937 1268 1972 recipere
1287 1946 1294 1964 :
1313 1937 1364 1964 hac
1377 1937 1423 1964 ille
1440 1937 1587 1965 occasione
1614 1946 1691 1970 usus,
1707 1937 1756 1965 dc-

969 1984 1053 2011 scivit
1067 1984 1102 2010 ab
1115 1983 1237 2011 Ecclesia
1253 1988 1384 2016 resectas,
1398 1987 1424 2010 et
1438 1983 1563 2012 Cornelio
1580 1984 1754 2018 pertinaciter

968 2031 1076 2058 restitit.
1099 2030 1186 2058 Puros
1209 2036 1299 2058 autem
1331 2030 1481 2058 nominavit
1503 2038 1561 2063 eos,
1588 2031 1635 2066 qui
1660 2039 1753 2058 secum

968 2083 1064 2109 agmen
1094 2079 1190 2102 contra
1217 2075 1369 2102 Ecclesiam
1398 2075 1519 2102 facerent
1543 2084 1549 2102 :
1576 2075 1753 2102 Coruelianos

967 2129 1045 2154 vero,
1065 2122 1111 2157 qui
1131 2122 1191 2157 ejus
1217 2121 1393 2149 ambitionem
1418 2127 1445 2148 et
1470 2122 1632 2148 dementiam
1655 2126 1752 2149 contra

967 2169 1132 2203 pmnitrutes
1158 2168 1369 2196 detestarentur.
1396 2167 1494 2194 Postea
1516 2175 1579 2194 vero
1596 2167 1752 2195 Cornelium

967 2214 1120 2241 Romanum
1134 2215 1291 2248 episcopum
1302 2214 1409 2249 egregio
1418 2213 1548 2249 martyrio
1558 2213 1639 2240 vitam
1649 2213 1753 2241 ﬁuiisse

123 2257 281 2294 σύνταγμα,
295 2259 496 2296 Κορνηλιανοὺς
509 2262 537 2288 δὲ
553 2263 616 2296 τοὺς
630 2265 679 2300 τὴν
692 2265 774 2292 αὐτοῦ
791 2267 915 2302 βδελυξα-

972 2259 1168 2286 Alexandrinus
1193 2259 1414 2294 archiepiscopus
1430 2259 1563 2293 Eulogius
1585 2258 1676 2287 refert.
1692 2258 1751 2287 Non

123 2303 226 2337 μένους
244 2304 392 2341 φιλαρχίαν
405 2307 452 2333 καὶ
469 2308 540 2335 κατὰ
560 2309 615 2337 τῶν
631 2312 832 2345 μετανοούντων
845 2313 914 2341 ἀπό-

122 2358 210 2377 νοιαν.
229 2351 379 2387 Κορνήλιον
394 2353 486 2388 μέντοι
506 2354 551 2381 τὸν
569 2356 619 2391 τῇς
642 2356 751 2392 Ῥώμης
765 2359 914 2387 ἐπίσκοπον

122 2397 194 2430 μετὰ
205 2396 296 2424 ταῦτα
311 2398 358 2424 καὶ
373 2399 520 2436 καλλινίκῳ
535 2402 686 2438 μαρτυρίου
702 2404 774 2431 τέλει
793 2405 840 2432 τὸν
856 2406 914 2441 βίον

120 2442 257 2470 ἀναλῦσαι
270 2444 286 2470 ὁ
308 2444 454 2480 ἀρχιερεὺς
479 2446 682 2483 Ἀλεξανδρείας
699 2450 825 2485 Εὺλόγιος
847 2454 914 2480 ἁνα-

121 2489 236 2522 γρὰφει.
256 2490 334 2517 Ἐστι
352 2490 380 2517 δὲ
393 2491 442 2526 τὴν
454 2492 553 2527 φράσιν
567 2495 581 2520 ὁ
596 2494 665 2530 ἀνὴρ
679 2497 709 2522 οὐ
725 2496 779 2524 τῶν
791 2499 837 2525 ἐπὶ
849 2508 913 2526 παις

119 2534 181 2570 δείᾳ
195 2535 353 2571 δυναμένων
365 2537 382 2572 ἢ
398 2540 541 2574 συγγραφῇ
564 2538 648 2574 ὄνομα
664 2541 750 2576 ἔχειν’
767 2544 796 2575 ὃς
807 2553 839 2578 γε
855 2546 910 2573 οὐδ’

966 2310 1056 2341 potest
1070 2309 1161 2332 autem
1179 2305 1224 2331 ille
1236 2312 1334 2332 nomen
1352 2305 1422 2331 inter
1439 2304 1609 2337 eoshabere,
1627 2305 1674 2340 qui
1686 2313 1752 2333 eru-

967 2352 1070 2379 ditione
1084 2356 1110 2378 et
1130 2350 1242 2378 historia
1261 2350 1409 2383 excellunt,
1430 2350 1503 2386 quod
1516 2351 1651 2378 interdqu
1667 2352 1751 2380 soloe-

965 2399 1070 2426 cismos
1080 2402 1107 2425 et
1117 2397 1304 2425 barbarismos
1316 2397 1451 2424 admittat.
1461 2396 1489 2423 1n
1505 2404 1592 2424 sacrm
1603 2397 1752 2433 Scriptura:

967 2452 1033 2472 sane
1051 2443 1230 2479 intelligentia
1250 2451 1284 2471 ne
1299 2443 1411 2478 optimis
1425 2443 1533 2478 quidem
1549 2445 1650 2478 passim
1669 2444 1751 2471 cedit.

967 2489 1026 2518 Tali
1039 2495 1129 2517 autem
1145 2489 1254 2524 phrasis
1265 2497 1362 2524 genere
1375 2489 1466 2516 dicere
1482 2489 1516 2516 ad
1529 2489 1752 2524 persuadendum

965 2543 993 2564 ct
1011 2536 1146 2564 delectare
1158 2543 1211 2563 non
1226 2543 1340 2570 prorsus
1359 2543 1414 2563 non
1432 2539 1532 2570 potest.

120 2583 362 2632 ςιὺτδλτδ-σόλοιξα
376 2586 423 2614 καὶ
440 2586 620 2624 ὑποϐάρόαρα
632 2591 749 2625 γράφειν
778 2593 864 2621 ἐνίοτε
893 2598 1075 2632 παραιτεῖται.
1098 2597 1142 2623 Ἐν
1168 2595 1259 2632 μέντοι
1290 2596 1345 2627 τοῖς
1377 2596 1521 2630 γραφικοῖς
1543 2597 1660 2632 νοήμασι
1683 2595 1751 2623 πολ-

119 2628 280 2679 μχοῦΔούδὶ
304 2631 360 2659 τῶν
374 2632 491 2668 ἀρίστων
504 2635 690 2664 ἀπολείπεται.
705 2638 741 2664 Τὸ
761 2640 874 2669 πιθανὸν
903 2643 930 2670 δὲ
962 2644 1009 2671 καὶ
1033 2644 1093 2678 ἡδὺ,
1117 2644 1155 2675 ῶς
1183 2642 1296 2679 τοιαύτῃ
1313 2642 1422 2678 φράσει,
1447 2643 1496 2670 οὐκ
1519 2642 1650 2674 ἀδύνατός
1675 2642 1751 2670 ἐστιν

120 2675 337 2712 ἐνεργάσασθαι.

158 2725 192 2749 Ἀ
209 2723 260 2757 μὲν
273 2732 321 2751 ουν
334 2724 569 2761 φιλολογουμένοις
585 2729 651 2764 ἡμῖν
668 2731 730 2757 καθ’
747 2732 860 2765 ἑαυτοὺς
870 2735 910 2767 εἰς

119 2769 275 2806 ἀνάμνησιν
289 2771 379 2799 ἐλθεῖν
394 2773 555 2809 συνηνέχθη,
578 2778 663 2812 χωρὶς
679 2777 760 2813 [1625
779 2779 825 2816 IL]
841 2777 879 2808 ὧν
895 2782 911 2817 ὴ

1000 2735 1096 2771 545b
1111 2734 1176 2768 Quae
1194 2735 1275 2770 igitur
1291 2734 1413 2763 studiose
1424 2735 1504 2762 nobis
1524 2735 1649 2769 privatim
1670 2742 1748 2762 com-

967 2781 1152 2809 meutantibus
1178 2780 1310 2809 memoria
1349 2780 1543 2816 suppeditavit,
1572 2784 1669 2815 praeter
1703 2787 1746 2813 ea,

765 2848 880 2877 ΥΛῐζιιΕ
902 2849 1104 2879 LECTIONES.

152 2898 175 2913 τ’
197 2899 259 2933 περὶ
278 2899 435 2935 μαρτυρίας
452 2899 484 2934 Β,
495 2902 617 2939 ἀμαρ....
630 2904 687 2933 GH.
728 2907 751 2923 ⁷³
762 2907 822 2943 τὴν]
842 2907 888 2935 τοῦ
904 2909 960 2936 GH.
