1973 3077
782 171 936 203 DAVlDlS
950 169 1169 202 HCESCHELII
1189 169 1298 200 NOTAE

1782 168 1835 199 355.

200 237 318 266 quorum
342 229 464 258 studium
487 233 516 258 et
534 228 696 257 exercitatio
710 232 784 256 artes
809 233 837 255 et
860 227 1017 258 scientiasi

1042 225 1144 261 σπουδὴ
1155 225 1202 253 καὶ
1217 225 1316 261 μελέτη
1327 225 1424 261 τέχνας
1439 224 1511 260 φιλεῖ
1522 225 1569 252 καὶ
1581 224 1737 261 ἐπιστήμας
1748 225 1834 260 ἔργα·

200 277 326 312 gignunt,
341 277 414 304 unde
425 276 520 304 notitia
535 276 633 311 quovis
644 275 725 302 modo
738 274 818 302 nobis
829 279 856 302 et
869 274 902 301 de
915 273 992 302 libris

197 323 331 358 judicium
347 322 446 355 crevit,
459 323 593 350 hactenus
609 322 693 350 veluti
710 325 774 357 typo
787 321 906 349 breviter
917 328 992 348 eont-

200 367 272 402 plexi
289 375 396 395 sumus.
420 367 582 394 Producitur
605 371 696 394 autent
719 366 771 393 hoc
794 373 864 401 opus
879 365 913 393 ad
936 370 992 393 tre-

199 417 294 440 centos
319 417 347 439 ct
369 412 525 447 quindecitn
554 417 681 440 auctores
705 420 712 438 :
742 411 871 447 prohibiti
900 415 990 438 tamen

200 463 296 484 sumus
310 456 343 483 ad
359 460 496 484 trecentos
507 455 661 491 pervenire.
673 455 715 483 Tu
727 463 803 488 vero,
812 455 992 483 dilectissime

200 503 324 529 omnium
364 503 526 538 quibuscum
567 501 638 530 fetus
665 510 741 530 meos
760 501 943 534 communico,
967 501 992 530 si

199 555 243 575 mc
259 548 419 582 legationem
444 548 621 576 meditantem
637 548 765 575 humanae
781 548 842 575 vitae
859 548 992 575 terminus

200 594 353 629 occuparit,
380 594 465 622 habes
489 596 560 630 quod
578 595 697 630 petiristi
719 603 751 622 ex
775 599 838 623 voto
863 596 992 624 amicitia!

197 638 274 672 juxta
293 646 325 665 ac
350 639 440 666 solatii
468 639 577 674 pignus,
593 646 619 667 et
646 641 781 674 primitias
796 646 879 676 atque
895 641 988 674 ﬁnem,

199 687 230 710 ut
243 683 375 719 deiungar
393 684 528 712 voluntati
545 691 598 712 une
610 686 758 713 obsecutus
773 687 873 714 mentis
894 693 991 721 opera-

200 730 284 756 tione.
309 730 337 756 Si
358 738 425 757 vero
446 731 546 758 eximie
563 739 612 759 nos
631 731 677 758 Dei
696 732 792 766 optimi
809 733 920 760 maximi
939 741 990 760 vo-

199 775 290 802 luntas
311 781 393 810 atque
429 777 580 812 benignitas
620 777 772 806 incolumes
800 778 828 806 in
859 783 984 806 mutuum

198 825 376 855 conspectum
407 825 490 856 atque
515 822 687 857 complexum
716 823 833 856 stiterit,
860 823 989 851 fortassis

1043 271 1150 305 ζεσθαι,
1163 272 1211 306 ἀφ’
1222 269 1254 300 οὗ
1270 272 1323 307 πέρ
1339 280 1380 304 τις
1394 271 1522 306 αἴσθησις
1546 272 1613 307 ἡμῖν
1632 271 1765 306 ἀμηγέπη
1786 270 1832 298 καὶ

1044 318 1133 354 κρίσις
1144 318 1230 352 λόγων
1240 318 1344 352 ἀνεφύη
1354 317 1435 354 μέχρι
1442 318 1491 352 τῆς
1502 317 1643 353 παρούσης
1651 317 1706 343 τῶν
1715 317 1835 351 ἀνεγνωο

1044 363 1151 399 σμένων
1161 364 1198 395 ὡς
1211 364 1240 391 ἐν
1252 363 1331 400 τύπῳ
1340 363 1531 395 συνεκδὸσεως,
1546 364 1586 395 εἰς
1592 362 1731 396 τοσοῦτον,
1744 361 1832 398 οἶμαι,

1043 409 1191 444 συνάγεται
1201 409 1314 445 πλῆθος,
1327 408 1525 445 τριακοσιοστῷ
1536 408 1583 436 καὶ
1599 408 1833 444 πεντεκαιδεκάτῳ

1044 456 1123 492 μέρει
1137 455 1279 492 προελθεῖν
1293 456 1359 492 ἄχρι
1383 456 1437 483 τῶν
1460 455 1625 492 τριακοσίων
1649 455 1832 490 κωλυόμενον.

1043 502 1079 529 Σὺ
1093 501 1117 529 δ’
1129 498 1153 529 ὧ
1163 502 1218 529 τῶν
1233 502 1295 538 ἐμοὶ
1312 502 1552 538 κεκοινωνηκότων
1571 502 1714 538 μητρικῶν
1729 501 1833 528 ὠδίνων

1041 547 1244 584 ἐρασμιώτατε,
1271 549 1296 575 ει
1321 548 1370 583 μὲν
1388 547 1492 583 ταύτην
1517 548 1566 583 τὴν
1593 547 1743 583 πρεσὸειαν
1772 547 1833 574 δια-

1042 593 1155 620 νοοῦντα
1172 593 1194 610 ⁷⁵
1211 594 1242 621 τὸ
1257 594 1346 621 κοινὸν
1362 595 1408 620 καὶ
1426 593 1597 629 ἀνθρώπινον
1620 593 1769 621 καταλάϐοι
1788 593 1833 620 τέ‹

1041 639 1097 671 λος,
1111 639 1184 675 ἔχεις
1194 640 1243 676 τὴν
1257 640 1365 675 αἴτησιν
1385 641 1434 675 τῆς
1452 639 1557 671 ἐλπίδος
1572 640 1602 666 οὐ
1615 639 1830 675 διαμαρτοῦσαν,

1042 686 1133 721 φιλίας
1149 695 1178 713 τε
1193 686 1252 721 ἅμα
1263 686 1311 712 καὶ
1323 686 1498 721 παραμυθίας
1511 685 1638 712 ὑπόθεσιν
1653 686 1700 712 καὶ
1711 685 1834 720 ἀνάμνηο

1043 740 1096 763 σιν,
1110 733 1156 759 χαὶ
1171 732 1202 767 δὴ
1219 733 1265 758 καὶ
1276 732 1403 767 ἀπαρχὴν
1419 731 1467 758 καὶ
1481 731 1609 766 τελευτὴν
1628 731 1831 766 ἀφοσιουμένην

1040 779 1094 806 τῶν
1111 779 1165 805 σῶν
1183 778 1254 805 κατὰ
1267 778 1378 813 λογικὴν
1393 778 1509 814 Θεωρίαν
1522 779 1657 813 αἰτήσεων
1669 777 1717 812 τὴν
1728 777 1832 812 ἐκπλή-

1043 833 1138 860 ρωσιν.
1154 824 1185 851 Εἰ
1200 824 1222 850 δ’
1237 823 1342 850 ἐκεῖθεν
1354 824 1428 858 ἡμᾶς
1443 824 1655 858 ἁνασωσάμενον
1669 823 1702 850 τὸ
1715 823 1785 849 θεῖόν
1800 830 1830 848 τε

198 867 315 894 aliarum
357 867 511 896 editionum
540 875 594 895 uort
625 870 762 897 minorum
796 871 852 896 hzec
886 869 990 904 princi-

1042 871 1087 897 καὶ
1109 870 1298 905 φιλάνθρωπον
1319 869 1408 904 νεῦμα
1421 869 1460 901 εἰς
1488 869 1537 904 τὴν
1554 869 1677 904 ἀλλήλων
1699 869 1762 896 θέαν
1785 869 1831 895 καὶ

198 910 272 944 piunt
289 911 402 944 iuerint,
423 919 483 946 qua:
501 912 586 940 simili
602 912 688 940 forma
704 914 752 940 tibi
774 913 988 941 emolumentum
1004 917 1017 944 1

1042 917 1175 952 προτέραν
1189 916 1340 943 ἀπόλαυσιν
1354 916 1587 950 ἀποκαταστήσει,
1602 915 1673 950 τάχα
1686 915 1718 942 ἂν
1731 916 1831 950 ἑτέρων

197 957 322 984 alierent.
1042 962 1174 989 ὲκδόσεων
1189 962 1239 988 οὐκ
1253 962 1401 988 ἐλαττόνων
1423 961 1495 997 ἁρχὴ
1511 960 1598 988 ταῦτα
1612 961 1666 996 εἴη,
1684 961 1831 997 παραπλη-

1043 1008 1093 1043 σίῳ
1107 1008 1185 1043 τύπῳ
1196 1008 1392 1044 παρεχομένων
1407 1017 1448 1035 σοι
1461 1008 1511 1042 τὴν
1525 1007 1671 1042 ὠφέλειαν.

1046 1053 1136 1086 Τέλος
1162 1053 1212 1080 καὶ
1237 1053 1277 1085 τῷ
1295 1053 1356 1086 Θεῷ
1376 1053 1416 1086 τῷ
1435 1053 1576 1080 atare/xtl
1579 1062 1668 1087 [‘1101‘4
1685 1053 1760 1086 δι’ξα
1787 1053 1831 1086 εἰς

1247 1098 1355 1131 αἰῶνας
1374 1098 1498 1126 αἰώνων.
1523 1099 1624 1132 Ἀμήν.

201 1045 287 1081 Finis,
311 1051 336 1074 et
354 1047 408 1074 Deo
437 1056 537 1076 summe
560 1050 726 1077 misericordi
742 1050 827 1085 gloria
842 1051 870 1078 in
892 1051 991 1079 saecula

446 1093 614 1120 mentorum.
635 1093 729 1121 Amen.

203 1199 1812 1220 ΕΜ

596 1286 806 1326 DAVIDIS
848 1285 1135 1325 H(ESCHELII
1171 1285 1420 1326 MONITUM

625 1377 667 1408 IN
692 1377 826 1408 NOTAS
843 1378 896 1408 AD
916 1378 1223 1410 BIBLIOTHECAM
1243 1379 1397 1410 PHOTII.

196 1458 344 1487 Revoralur
371 1459 453 1486 lector
479 1458 513 1486 ad
530 1459 640 1493 paginas
655 1459 780 1488 editioni:
799 1458 1019 1495 Rotltomagcmis
1046 1468 1105 1495 qua!
1122 1461 1238 1489 numeris
1255 1461 1375 1489 Arabicis
1394 1462 1463 1488 inter
1485 1470 1566 1489 unco:
1585 1462 1692 1489 inclusis
1709 1463 1737 1489 in
1755 1468 1830 1489 textu

841 1502 933 1530 σηεσο
949 1509 1184 1538 repraesentantur.

234 1639 459 1674 Quinquennium
481 1640 536 1675 jam
554 1645 607 1673 est,
634 1644 661 1667 et
683 1640 757 1675 quod
773 1641 908 1672 excurrit,
933 1648 996 1668 cum
1023 1642 1073 1669 \‘iri
1104 1641 1148 1668 hic
1164 1641 1291 1676 Augusta:
1311 1642 1410 1669 sumtni
1437 1642 1601 1670 auctoritate
1615 1642 1650 1669 de
1664 1642 1829 1670 Bibliotheca

195 1684 285 1713 Photii
300 1686 430 1713 alicunde
444 1691 519 1713 certo
543 1686 631 1721 pretio
648 1686 806 1713 redimenda
824 1685 950 1714 laborare
965 1686 1057 1721 crepi;
1077 1685 1150 1720 qttod
1169 1686 1210 1713 vel
1222 1693 1237 1712 c
1261 1686 1399 1720 pauculis,
1418 1694 1480 1720 quae
1497 1687 1559 1713 inde
1580 1687 1714 1721 impressa
1734 1691 1829 1714 exsta-

196 1734 273 1761 rent,
299 1730 360 1757 luce
386 1730 459 1757 illam
481 1737 542 1757 esse
563 1730 754 1764 dignissimam
782 1730 912 1758 facillime
936 1729 1036 1765 conjici
1064 1735 1166 1764 posset.
1193 1728 1295 1756 Eodem
1323 1729 1408 1757 ferme
1432 1735 1565 1764 tempore,
1591 1730 1632 1757 vir
1659 1730 1830 1758 clarissimus

200 1773 326 1809 Andreas
341 1773 473 1802 Scltottus
492 1774 695 1809 Antverpianus
717 1782 768 1802 suo
781 1781 846 1808 aere,
871 1774 946 1802 nulla
963 1775 1015 1801 alia
1040 1773 1074 1801 de
1100 1781 1192 1806 causa,
1211 1773 1282 1801 idem
1298 1781 1367 1809 opus
1381 1773 1547 1802 Photianum
1565 1781 1581 1801 e
1596 1774 1677 1801 codd.
1698 1773 1828 1802 Gulielmi

196 1819 274 1846 card.
294 1818 397 1851 Sirlcti,
411 1819 492 1854 cujus
506 1818 678 1846 Bibliotheca
695 1828 767 1846 nunc
783 1824 826 1846 est
839 1819 951 1846 Ascanii
966 1819 1042 1846 card.
1059 1818 1210 1852 Columnae,
1227 1819 1476 1851 transcribendum,
1494 1823 1521 1847 et
1536 1827 1598 1846 cum
1622 1818 1763 1851 Vaticano,
1781 1819 1829 1854 qui

196 1871 212 1890 ο
228 1861 331 1890 Veneto
355 1863 431 1890 card.
456 1863 626 1890 Bessarionis
651 1862 703 1890 fuit
718 1871 800 1890 manu
822 1863 924 1890 recenti
941 1863 1105 1897 exscriptus,
1124 1861 1319 1889 conferendum
1335 1863 1451 1890 curavit.
1473 1862 1497 1890 ls
1512 1862 1594 1898 igitur
1611 1862 1753 1895 Schottus,
1770 1864 1828 1890 visa

196 1906 260 1933 novi
277 1907 445 1935 characteris
462 1907 617 1942 Augustani
636 1907 782 1942 elegantia,
804 1915 906 1935 munus
927 1907 994 1934 illud
1015 1906 1179 1933 litterarium
1206 1910 1232 1933 et
1260 1914 1323 1933 vere
1356 1906 1540 1942 πολυτίμητον
1568 1915 1617 1934 sua
1645 1913 1752 1942 sponte,
1779 1915 1829 1943 pro
1852 1927 1855 1930 -

197 1957 292 1978 amore
307 1951 402 1978 innato
419 1951 576 1986 reipublicae
590 1951 730 1978 litterario:
747 1951 885 1986 juvandae,
900 1951 979 1978 nobis
994 1950 1102 1981 obtulit,
1118 1950 1226 1984 utjuris
1243 1951 1350 1978 tandem
1368 1951 1468 1986 publici
1487 1951 1612 1979 volumen
1631 1956 1719 1979 totum
1740 1952 1828 1985 ﬁeret,

197 2002 229 2022 ac
246 1994 343 2022 iisdem
357 1995 526 2031 Augustanis
542 1995 612 2031 typis
629 1995 821 2027 excuderetur,
839 2002 889 2022 nec
901 1995 928 2022 in
950 2000 1042 2030 partes
1062 1995 1230 2029 discerptum
1249 1995 1348 2022 exiret.
1378 1995 1415 2022 De
1430 2003 1495 2030 qun,
1511 2000 1540 2023 ut
1560 2001 1587 2023 ct
1609 1996 1643 2024 de
1666 1996 1829 2024 liberalitate

196 2038 266 2073 ejus,
282 2039 327 2073 qui
342 2043 468 2074 sumptus
484 2039 654 2075 typographo
665 2039 837 2066 necessaries
851 2034 1076 2073 suppeditaturus
1087 2043 1169 2069 esset.
1182 2038 1308 2066 uobiliss.
1320 2037 1400 2068 Joau.
1411 2038 1510 2075 Georg.
1526 2039 1686 2072 llcrvartus,
1696 2040 1828 2068 sereniss.

196 2081 295 2111 Bavar.
313 2081 415 2110 ducum
444 2083 630 2115 consiliarius,
644 2082 745 2110 certior
756 2082 855 2114 factus,
869 2082 981 2109 alterius
995 2082 1100 2110 codicis
1110 2083 1217 2110 calamo
1232 2082 1335 2110 exarati
1349 2091 1430 2110 usum
1444 2090 1459 2110 e
1475 2083 1564 2110 ducali
1583 2083 1747 2111 bibliotheca
1760 2085 1828 2112 mihi

196 2126 303 2160 statim,
319 2134 372 2161 qua
396 2132 437 2153 est
454 2127 636 2159 humanitate,
658 2126 826 2161 impetravit.
854 2124 957 2153 Horum
982 2127 1118 2162 exemplis
1134 2126 1206 2154 Max.
1232 2126 1392 2160 Margunius
1415 2127 1560 2162 impulsus,
1585 2135 1667 2154 suasu
1689 2128 1771 2156 etiam
1787 2129 1829 2162 (ut

197 2171 331 2207 intellexi)
358 2171 500 2198 illustriss.
517 2170 598 2197 Joan.
625 2170 761 2197 Vincentii
780 2169 889 2202 Pinclli,
915 2177 995 2197 suum
1011 2170 1096 2205 ipsius
1113 2171 1312 2206 autographum
1339 2171 1424 2198 misit.
1443 2170 1565 2206 Denique
1580 2170 1694 2205 Paulus,
1716 2171 1826 2200 llenrici

197 2213 329 2249 Stephani
348 2215 395 2242 τοῦ
415 2214 569 2250 μακαρίτου
587 2214 669 2247 lilius,
686 2214 752 2241 illud
767 2213 970 2249 myriobiltlum,
988 2218 1017 2240 ιιι
1041 2214 1180 2248 aliquibus
1198 2215 1335 2249 appellare
1347 2215 1460 2250 placuit,
1480 2223 1605 2250 magnam
1622 2220 1726 2250 partem
1743 2224 1826 2243 manu

200 2258 325 2293 parentis
341 2259 486 2294 scriptum.
502 2259 535 2285 ad
558 2259 699 2293 antiquius
714 2262 784 2285 notae
802 2258 912 2292 optimae
931 2257 1070 2293 exemplar
1086 2258 1180 2285 itidetn
1204 2264 1405 2294 comparatum,
1425 2259 1566 2286 lectissimi
1582 2259 1669 2287 amnis
1684 2260 1727 2288 sui
1741 2260 1826 2288 lsaaci

195 2302 350 2330 Casauboni
364 2303 475 2330 hortatu
492 2311 599 2330 mecum
615 2303 842 2330 communicavit.
857 2302 991 2329 Cmterum
1005 2301 1076 2336 quod
1089 2301 1166 2329 initio
1180 2303 1290 2331 nonnisi
1308 2304 1362 2331 duo
1382 2304 1543 2338 antigrapha
1554 2308 1646 2331 essent
1657 2304 1691 2331 ad
1702 2312 1825 2335 manum,

197 2355 260 2381 qua:
275 2347 301 2374 in
319 2348 456 2382 plerisque
470 2347 522 2375 sibi
536 2347 754 2382 responderent;
772 2354 930 2381 quanquam
949 2346 974 2372 in
995 2345 1128 2373 Bavarico
1140 2347 1254 2381 vestigia
1268 2347 1392 2374 lectionis
1408 2347 1544 2374 interdum
1562 2347 1673 2374 aliunde
1691 2347 1826 2374 adnotata:

197 2391 396 2418 animadverti:
423 2399 456 2418 ne
476 2392 624 2427 quidquam
648 2391 680 2418 ad
702 2399 771 2426 opus
783 2391 835 2417 hoc
851 2390 970 2417 maxime
989 2390 1142 2418 ornandum
1161 2396 1188 2418 et
1204 2391 1355 2418 limandum
1384 2391 1502 2422 deesset,
1519 2391 1651 2426 quidquid
1666 2391 1824 2418 chartarum

197 2435 396 2467 excudebatur,
414 2436 514 2463 illustr.
535 2440 562 2462 et
578 2435 719 2462 ermlitiss.
736 2434 802 2461 viris
815 2433 935 2468 Joscpho
962 2432 1103 2469 Scaligero
1124 2439 1151 2461 et
1164 2434 1257 2462 lsaaco
1271 2435 1435 2462 Casaubono
1449 2435 1520 2468 misl,
1539 2440 1568 2462 ut
1581 2435 1681 2469 ingenii
1696 2435 1826 2462 acumine

195 2479 350 2514 jndicisque
364 2480 487 2511 solertia,
505 2479 736 2514 quemadmodum
756 2479 782 2505 in
801 2478 863 2504 aliis
876 2477 1046 2510 auctoribus,
1068 2479 1105 2506 ita
1124 2479 1167 2506 hic
1182 2487 1292 2514 quoque
1311 2480 1463 2513 desperatis
1478 2479 1545 2507 locis
1563 2480 1728 2507 medicinam
1744 2479 1824 2507 alier-

195 2529 268 2551 rent.
284 2523 312 2550 ln
327 2532 381 2559 quo
399 2529 514 2558 uterque
543 2525 597 2551 voti
623 2531 666 2550 me
683 2527 836 2557 compotem
863 2521 934 2548 fecit.
961 2521 1100 2556 Imprimis
1116 2529 1207 2550 autem
1223 2523 1349 2551 nobiliss.
1377 2527 1402 2550 et
1421 2525 1545 2558 ampliss.
1561 2524 1669 2552 Marcus
1684 2525 1824 2556 \‘elserus.

195 2568 353 2603 reipublicae
373 2569 540 2604 Augustanm
561 2568 706 2600 duntnvir,
729 2566 889 2602 βιϐλιοθήκη
903 2575 946 2597 τις
970 2565 1008 2592 ὢν

1042 2567 1158 2602 μψυχος,
1174 2568 1222 2594 καὶ
1239 2567 1409 2602 περιπατοῦν
1434 2570 1571 2602 μουσεῖον,
1589 2576 1745 2603 quanquam
1761 2576 1825 2604 gra-

194 2612 319 2640 vioribus
333 2617 482 2647 occupatus
499 2611 584 2644 curis,
601 2617 691 2638 tamen
708 2611 741 2638 de
756 2610 968 2645 quibuscunque
981 2611 1070 2645 ipsutu
1082 2612 1221 2643 consului,
1236 2612 1394 2647 scrupulum
1408 2613 1473 2640 mihi
1489 2621 1599 2641 omnem
1625 2614 1700 2641 nullo
1716 2613 1825 2649 negotio

194 2657 307 2689 exemit,
321 2665 409 2692 neque
422 2657 456 2684 de
475 2656 508 2684 iis
530 2655 654 2683 conferre
672 2662 779 2682 mecum
792 2659 921 2690 gravatus
941 2654 1001 2681 fuit.
1018 2655 1095 2688 Quod
1111 2656 1281 2689 gratificandi
1295 2657 1416 2684 studiutn
1433 2662 1460 2684 et
1475 2658 1501 2684 in
1513 2657 1592 2685 .lusto
1610 2657 1714 2693 Lipsiu,
1730 2658 1823 2686 smeuli

196 2701 281 2728 nostri
308 2701 443 2736 phumice,
461 2709 521 2728 sutn
546 2704 685 2733 expertus.
716 2698 817 2726 llorutn
837 2698 972 2729 subsidia,
996 2707 1058 2733 qua:
1081 2700 1183 2734 quibus
1199 2705 1310 2735 accepta
1330 2700 1386 2728 sint
1406 2701 1558 2733 referenda,
1585 2708 1612 2728 ut
1626 2703 1710 2729 lector
1733 2703 1823 2730 norit:

196 2745 227 2771 Δ.
247 2744 276 2771 S.
294 2745 410 2772 Andreae
426 2744 542 2778 Schotti,
557 2745 586 2772 Ο.
608 2743 640 2771 ν.
669 2742 841 2774 Vaticanum,
862 2742 893 2768 C.
920 2741 950 2769 Β.
969 2742 1142 2776 Davaricum,
1159 2743 1194 2771 Μ.
1221 2744 1257 2773 Μ.
1280 2745 1351 2773 Max.
1374 2746 1521 2781 Margunii,
1535 2746 1568 2775 li.
1585 2748 1613 2775 S.
1631 2746 1740 2775 llenrici
1763 2745 1825 2774 Ste-

828 2816 949 2844 VARIIE
986 2817 1192 2848 LECTIONES.

230 2883 254 2900 ”
266 2883 424 2911 διανοοῦντα
442 2882 474 2914 il,
490 2880 665 2908 διανοούντων
679 2879 735 2907 Gll.
747 2878 839 2906 malim
860 2876 1012 2906 διανὺοντα.
