  <div class='ocr_page' id='page_1' title='image "/cluster/home/n/w/nwhite01/storage/ocr_20150623/104/njp.32101077772885/221.png"; bbox 0 0 1960 3076; ppageno 0'>
   <div class='ocr_carea' id='block_1_1' title="bbox 199 175 1028 209">
    <p class='ocr_par' dir='ltr' id='par_1_1' title="bbox 199 175 1026 209">
     <span class='ocr_line' id='line_1_1' title="bbox 199 175 1026 209; baseline 0.001 -1"><span class='ocrx_word' id='word_1_1' title='bbox 199 175 250 208; x_wconf 71' lang='grc'><strong>431</strong></span> <span class='ocrx_word' id='word_1_2' title='bbox 781 179 913 209; x_wconf 82' lang='lat' dir='ltr'><strong>PHOTII</strong></span> <span class='ocrx_word' id='word_1_3' title='bbox 926 179 1026 209; x_wconf 79' lang='lat' dir='ltr'><strong>PA&#39;I‘R</strong></span> 
     </span>
    </p>
   </div>
   <div class='ocr_carea' id='block_1_2' title="bbox 1049 175 1249 209">
    <p class='ocr_par' dir='ltr' id='par_1_2' title="bbox 1049 178 1249 209">
     <span class='ocr_line' id='line_1_2' title="bbox 1049 178 1249 209; baseline 0.005 -1"><span class='ocrx_word' id='word_1_4' title='bbox 1049 178 1181 209; x_wconf 68' lang='lat' dir='ltr'><strong>ARCHIE</strong></span> <span class='ocrx_word' id='word_1_5' title='bbox 1194 179 1249 209; x_wconf 76' lang='grc' dir='ltr'><strong>ΟΡ.</strong></span> 
     </span>
    </p>
   </div>
   <div class='ocr_carea' id='block_1_3' title="bbox 826 345 1211 436">
    <p class='ocr_par' dir='ltr' id='par_1_3' title="bbox 826 345 1211 436">
     <span class='ocr_line' id='line_1_3' title="bbox 826 345 1211 436; baseline 0 -2"><span class='ocrx_word' id='word_1_6' title='bbox 826 345 1211 436; x_wconf 87' lang='grc' dir='ltr'><strong>ΡΗΟΤΠ</strong></span> 
     </span>
    </p>
   </div>
   <div class='ocr_carea' id='block_1_4' title="bbox 419 499 1028 548">
    <p class='ocr_par' dir='ltr' id='par_1_4' title="bbox 419 500 1028 548">
     <span class='ocr_line' id='line_1_4' title="bbox 419 500 1028 548; baseline 0 -2"><span class='ocrx_word' id='word_1_7' title='bbox 419 501 818 547; x_wconf 71' lang='lat' dir='ltr'><strong>PATRIARCH/E</strong></span> <span class='ocrx_word' id='word_1_8' title='bbox 856 500 1028 548; x_wconf 86' lang='lat' dir='ltr'><strong>CONS&#39;]</strong></span> 
     </span>
    </p>
   </div>
   <div class='ocr_carea' id='block_1_5' title="bbox 1049 499 1602 548">
    <p class='ocr_par' dir='ltr' id='par_1_5' title="bbox 1051 499 1602 548">
     <span class='ocr_line' id='line_1_5' title="bbox 1051 499 1602 548; baseline 0.005 -3"><span class='ocrx_word' id='word_1_9' title='bbox 1051 499 1602 548; x_wconf 81' lang='lat' dir='ltr'><strong>ANTINOPOLITANI.</strong></span> 
     </span>
    </p>
   </div>
   <div class='ocr_carea' id='block_1_6' title="bbox 602 607 1421 677">
    <p class='ocr_par' dir='ltr' id='par_1_6' title="bbox 602 607 1421 677">
     <span class='ocr_line' id='line_1_6' title="bbox 602 607 1421 677; baseline -0.001 -8"><span class='ocrx_word' id='word_1_10' title='bbox 602 610 890 669; x_wconf 82' lang='lat' dir='ltr'><strong>OPEBUM</strong></span> <span class='ocrx_word' id='word_1_11' title='bbox 935 607 1113 666; x_wconf 83' lang='lat' dir='ltr'><strong>PARS</strong></span> <span class='ocrx_word' id='word_1_12' title='bbox 1151 609 1421 677; x_wconf 81' lang='lat' dir='ltr'><strong>QUINTA</strong></span> 
     </span>
    </p>
   </div>
   <div class='ocr_carea' id='block_1_7' title="bbox 769 803 1294 864">
    <p class='ocr_par' dir='ltr' id='par_1_7' title="bbox 769 803 1294 864">
     <span class='ocr_line' id='line_1_7' title="bbox 769 803 1294 864; baseline -0.01 0"><span class='ocrx_word' id='word_1_13' title='bbox 769 803 1264 864; x_wconf 73' lang='lat' dir='ltr'><strong>CANONIGA.</strong></span> <span class='ocrx_word' id='word_1_14' title='bbox 1289 842 1294 847; x_wconf 82' lang='lat'><strong>-</strong></span> 
     </span>
    </p>
   </div>
   <div class='ocr_carea' id='block_1_8' title="bbox 691 895 1354 979">
    <p class='ocr_par' dir='ltr' id='par_1_8' title="bbox 691 895 1354 979">
     <span class='ocr_line' id='line_1_8' title="bbox 691 895 1354 979; baseline -0.008 0"><span class='ocrx_word' id='word_1_15' title='bbox 691 933 978 979; x_wconf 87' lang='lat' dir='ltr'><strong>MONITUM</strong></span> <span class='ocrx_word' id='word_1_16' title='bbox 998 895 1354 978; x_wconf 46' lang='lat' dir='ltr'><strong>EDITORUM.</strong></span> 
     </span>
    </p>
   </div>
   <div class='ocr_carea' id='block_1_9' title="bbox 238 1018 1832 1057">
    <p class='ocr_par' dir='ltr' id='par_1_9' title="bbox 238 1018 1832 1057">
     <span class='ocr_line' id='line_1_9' title="bbox 238 1018 1832 1057; baseline -0.001 -10"><span class='ocrx_word' id='word_1_17' title='bbox 238 1020 352 1048; x_wconf 84' lang='lat' dir='ltr'><strong>Photius</strong></span> <span class='ocrx_word' id='word_1_18' title='bbox 373 1021 424 1048; x_wconf 93' lang='lat' dir='ltr'><strong>tria</strong></span> <span class='ocrx_word' id='word_1_19' title='bbox 440 1027 523 1057; x_wconf 86' lang='lat' dir='ltr'><strong>opera</strong></span> <span class='ocrx_word' id='word_1_20' title='bbox 536 1022 669 1049; x_wconf 87' lang='lat' dir='ltr'><strong>canonica</strong></span> <span class='ocrx_word' id='word_1_21' title='bbox 686 1022 834 1057; x_wconf 66' lang='lat' dir='ltr'><strong>praecipua</strong></span> <span class='ocrx_word' id='word_1_22' title='bbox 850 1022 1014 1049; x_wconf 76' lang='lat' dir='ltr'><strong>elaboravit.</strong></span> <span class='ocrx_word' id='word_1_23' title='bbox 1025 1020 1147 1048; x_wconf 85' lang='lat' dir='ltr'><strong>Primum</strong></span> <span class='ocrx_word' id='word_1_24' title='bbox 1158 1019 1266 1054; x_wconf 75' lang='lat' dir='ltr'><strong>collegit</strong></span> <span class='ocrx_word' id='word_1_25' title='bbox 1277 1026 1397 1046; x_wconf 78' lang='lat' dir='ltr'><strong>canones</strong></span> <span class='ocrx_word' id='word_1_26' title='bbox 1411 1018 1590 1046; x_wconf 88' lang='lat' dir='ltr'><strong>conciliorum</strong></span> <span class='ocrx_word' id='word_1_27' title='bbox 1602 1018 1832 1047; x_wconf 74' lang='lat' dir='ltr'><strong>mcumenicorum</strong></span> 
     </span>
    </p>
   </div>
   <div class='ocr_carea' id='block_1_10' title="bbox 202 1063 1834 1100">
    <p class='ocr_par' dir='ltr' id='par_1_10' title="bbox 202 1063 1834 1100">
     <span class='ocr_line' id='line_1_10' title="bbox 202 1063 1834 1100; baseline -0.002 -8"><span class='ocrx_word' id='word_1_28' title='bbox 202 1065 229 1092; x_wconf 90' lang='lat' dir='ltr'><strong>in</strong></span> <span class='ocrx_word' id='word_1_29' title='bbox 246 1072 328 1092; x_wconf 86' lang='lat' dir='ltr'><strong>unam</strong></span> <span class='ocrx_word' id='word_1_30' title='bbox 345 1065 486 1100; x_wconf 76' lang='lat' dir='ltr'><strong>syllogen,</strong></span> <span class='ocrx_word' id='word_1_31' title='bbox 504 1072 552 1093; x_wconf 88' lang='lat' dir='ltr'><strong>eos</strong></span> <span class='ocrx_word' id='word_1_32' title='bbox 573 1065 755 1093; x_wconf 87' lang='lat' dir='ltr'><strong>describendo</strong></span> <span class='ocrx_word' id='word_1_33' title='bbox 774 1066 867 1092; x_wconf 87' lang='lat' dir='ltr'><strong>ordine</strong></span> <span class='ocrx_word' id='word_1_34' title='bbox 887 1064 1081 1099; x_wconf 83' lang='lat' dir='ltr'><strong>chronologico.</strong></span> <span class='ocrx_word' id='word_1_35' title='bbox 1097 1064 1205 1091; x_wconf 77' lang='lat' dir='ltr'><strong>Eisdem</strong></span> <span class='ocrx_word' id='word_1_36' title='bbox 1225 1063 1325 1098; x_wconf 84' lang='lat' dir='ltr'><strong>adjecit</strong></span> <span class='ocrx_word' id='word_1_37' title='bbox 1345 1071 1466 1090; x_wconf 86' lang='lat' dir='ltr'><strong>canones</strong></span> <span class='ocrx_word' id='word_1_38' title='bbox 1481 1063 1660 1090; x_wconf 89' lang='lat' dir='ltr'><strong>conciliorum</strong></span> <span class='ocrx_word' id='word_1_39' title='bbox 1680 1063 1834 1096; x_wconf 76' lang='lat' dir='ltr'><strong>provincia-</strong></span> 
     </span>
    </p>
   </div>
   <div class='ocr_carea' id='block_1_11' title="bbox 203 1106 1832 1144">
    <p class='ocr_par' dir='ltr' id='par_1_11' title="bbox 203 1106 1832 1144">
     <span class='ocr_line' id='line_1_11' title="bbox 203 1106 1832 1144; baseline -0.002 -9"><span class='ocrx_word' id='word_1_40' title='bbox 203 1109 270 1136; x_wconf 84' lang='lat' dir='ltr'><strong>lium</strong></span> <span class='ocrx_word' id='word_1_41' title='bbox 287 1108 335 1143; x_wconf 88' lang='lat' dir='ltr'><strong>qui</strong></span> <span class='ocrx_word' id='word_1_42' title='bbox 351 1109 387 1135; x_wconf 91' lang='lat' dir='ltr'><strong>ob</strong></span> <span class='ocrx_word' id='word_1_43' title='bbox 401 1106 561 1143; x_wconf 73' lang='lat' dir='ltr'><strong>praeclaram</strong></span> <span class='ocrx_word' id='word_1_44' title='bbox 577 1109 731 1137; x_wconf 87' lang='lat' dir='ltr'><strong>doctrinam</strong></span> <span class='ocrx_word' id='word_1_45' title='bbox 744 1114 773 1137; x_wconf 88' lang='lat' dir='ltr'><strong>et</strong></span> <span class='ocrx_word' id='word_1_46' title='bbox 789 1117 884 1137; x_wconf 87' lang='lat' dir='ltr'><strong>sanam</strong></span> <span class='ocrx_word' id='word_1_47' title='bbox 897 1108 1144 1144; x_wconf 84' lang='lat' dir='ltr'><strong>jurisprudentiam</strong></span> <span class='ocrx_word' id='word_1_48' title='bbox 1160 1108 1215 1134; x_wconf 87' lang='lat' dir='ltr'><strong>vim</strong></span> <span class='ocrx_word' id='word_1_49' title='bbox 1234 1107 1303 1142; x_wconf 77' lang='lat' dir='ltr'><strong>legis</strong></span> <span class='ocrx_word' id='word_1_50' title='bbox 1316 1107 1343 1134; x_wconf 92' lang='lat' dir='ltr'><strong>in</strong></span> <span class='ocrx_word' id='word_1_51' title='bbox 1363 1107 1490 1134; x_wconf 84' lang='lat' dir='ltr'><strong>universa</strong></span> <span class='ocrx_word' id='word_1_52' title='bbox 1507 1107 1629 1134; x_wconf 82' lang='lat' dir='ltr'><strong>Ecclesia</strong></span> <span class='ocrx_word' id='word_1_53' title='bbox 1655 1107 1832 1137; x_wconf 84' lang='lat' dir='ltr'><strong>oblinebant,</strong></span> 
     </span>
    </p>
   </div>
   <div class='ocr_carea' id='block_1_12' title="bbox 203 1148 1834 1186">
    <p class='ocr_par' dir='ltr' id='par_1_12' title="bbox 203 1148 1834 1186">
     <span class='ocr_line' id='line_1_12' title="bbox 203 1148 1834 1186; baseline -0.002 -8"><span class='ocrx_word' id='word_1_54' title='bbox 203 1156 230 1179; x_wconf 90' lang='lat' dir='ltr'><strong>ct</strong></span> <span class='ocrx_word' id='word_1_55' title='bbox 255 1151 385 1186; x_wconf 77' lang='lat' dir='ltr'><strong>epistolas</strong></span> <span class='ocrx_word' id='word_1_56' title='bbox 407 1151 558 1179; x_wconf 80' lang='lat' dir='ltr'><strong>canonicas</strong></span> <span class='ocrx_word' id='word_1_57' title='bbox 581 1156 739 1179; x_wconf 89' lang='lat' dir='ltr'><strong>sanctorum</strong></span> <span class='ocrx_word' id='word_1_58' title='bbox 759 1152 884 1182; x_wconf 83' lang='lat' dir='ltr'><strong>Patrum.</strong></span> <span class='ocrx_word' id='word_1_59' title='bbox 903 1159 964 1186; x_wconf 67' lang='lat' dir='ltr'><strong>qua:</strong></span> <span class='ocrx_word' id='word_1_60' title='bbox 985 1151 1018 1178; x_wconf 92' lang='lat' dir='ltr'><strong>ad</strong></span> <span class='ocrx_word' id='word_1_61' title='bbox 1043 1151 1217 1185; x_wconf 89' lang='lat' dir='ltr'><strong>disciplinam</strong></span> <span class='ocrx_word' id='word_1_62' title='bbox 1234 1151 1389 1186; x_wconf 74' lang='lat' dir='ltr'><strong>generalem</strong></span> <span class='ocrx_word' id='word_1_63' title='bbox 1411 1150 1540 1178; x_wconf 60' lang='lat' dir='ltr'><strong>Ecclesiae</strong></span> <span class='ocrx_word' id='word_1_64' title='bbox 1559 1150 1731 1185; x_wconf 87' lang='lat' dir='ltr'><strong>spectabant.</strong></span> <span class='ocrx_word' id='word_1_65' title='bbox 1758 1148 1834 1176; x_wconf 87' lang='lat' dir='ltr'><strong>lianc</strong></span> 
     </span>
    </p>
   </div>
   <div class='ocr_carea' id='block_1_13' title="bbox 208 1193 1833 1229">
    <p class='ocr_par' dir='ltr' id='par_1_13' title="bbox 208 1193 1833 1229">
     <span class='ocr_line' id='line_1_13' title="bbox 208 1193 1833 1229; baseline -0.002 -8"><span class='ocrx_word' id='word_1_66' title='bbox 208 1195 337 1229; x_wconf 81' lang='lat' dir='ltr'><strong>syllogen,</strong></span> <span class='ocrx_word' id='word_1_67' title='bbox 354 1203 436 1229; x_wconf 88' lang='lat' dir='ltr'><strong>quam</strong></span> <span class='ocrx_word' id='word_1_68' title='bbox 455 1195 588 1228; x_wconf 90' lang='lat' dir='ltr'><strong>Zonoras,</strong></span> <span class='ocrx_word' id='word_1_69' title='bbox 602 1195 748 1222; x_wconf 87' lang='lat' dir='ltr'><strong>Balsamon</strong></span> <span class='ocrx_word' id='word_1_70' title='bbox 768 1200 794 1222; x_wconf 90' lang='lat' dir='ltr'><strong>et</strong></span> <span class='ocrx_word' id='word_1_71' title='bbox 808 1195 933 1223; x_wconf 81' lang='lat' dir='ltr'><strong>Aresteni</strong></span> <span class='ocrx_word' id='word_1_72' title='bbox 946 1195 1035 1222; x_wconf 87' lang='lat' dir='ltr'><strong>doctis</strong></span> <span class='ocrx_word' id='word_1_73' title='bbox 1053 1194 1259 1222; x_wconf 87' lang='lat' dir='ltr'><strong>commentariis</strong></span> <span class='ocrx_word' id='word_1_74' title='bbox 1275 1197 1420 1226; x_wconf 83' lang='lat' dir='ltr'><strong>ornaritnt,</strong></span> <span class='ocrx_word' id='word_1_75' title='bbox 1435 1194 1461 1221; x_wconf 91' lang='lat' dir='ltr'><strong>in</strong></span> <span class='ocrx_word' id='word_1_76' title='bbox 1474 1194 1531 1222; x_wconf 86' lang='lat' dir='ltr'><strong>suis</strong></span> <span class='ocrx_word' id='word_1_77' title='bbox 1546 1193 1687 1220; x_wconf 86' lang='lat' dir='ltr'><strong>Pandectis</strong></span> <span class='ocrx_word' id='word_1_78' title='bbox 1703 1201 1833 1220; x_wconf 84' lang='lat' dir='ltr'><strong>canonum</strong></span> 
     </span>
    </p>
   </div>
   <div class='ocr_carea' id='block_1_14' title="bbox 201 1238 1833 1275">
    <p class='ocr_par' dir='ltr' id='par_1_14' title="bbox 201 1238 1833 1275">
     <span class='ocr_line' id='line_1_14' title="bbox 201 1238 1833 1275; baseline -0.001 -10"><span class='ocrx_word' id='word_1_79' title='bbox 201 1238 289 1265; x_wconf 82' lang='lat' dir='ltr'><strong>edidit</strong></span> <span class='ocrx_word' id='word_1_80' title='bbox 310 1238 493 1273; x_wconf 81' lang='lat' dir='ltr'><strong>Beveregius,</strong></span> <span class='ocrx_word' id='word_1_81' title='bbox 525 1246 632 1274; x_wconf 86' lang='lat' dir='ltr'><strong>nosque</strong></span> <span class='ocrx_word' id='word_1_82' title='bbox 650 1239 763 1267; x_wconf 89' lang='lat' dir='ltr'><strong>edemus</strong></span> <span class='ocrx_word' id='word_1_83' title='bbox 779 1239 850 1266; x_wconf 90' lang='lat' dir='ltr'><strong>inter</strong></span> <span class='ocrx_word' id='word_1_84' title='bbox 873 1246 956 1274; x_wconf 87' lang='lat' dir='ltr'><strong>opera</strong></span> <span class='ocrx_word' id='word_1_85' title='bbox 983 1240 1150 1275; x_wconf 88' lang='lat' dir='ltr'><strong>scriptorum</strong></span> <span class='ocrx_word' id='word_1_86' title='bbox 1174 1241 1221 1274; x_wconf 89' lang='lat' dir='ltr'><strong>qui</strong></span> <span class='ocrx_word' id='word_1_87' title='bbox 1247 1239 1281 1267; x_wconf 90' lang='lat' dir='ltr'><strong>ad</strong></span> <span class='ocrx_word' id='word_1_88' title='bbox 1306 1239 1388 1267; x_wconf 87' lang='lat' dir='ltr'><strong>tinem</strong></span> <span class='ocrx_word' id='word_1_89' title='bbox 1414 1239 1510 1268; x_wconf 72' lang='lat' dir='ltr'><strong>saeculi</strong></span> <span class='ocrx_word' id='word_1_90' title='bbox 1539 1247 1576 1267; x_wconf 70' lang='lat' dir='ltr'><strong>xu</strong></span> <span class='ocrx_word' id='word_1_91' title='bbox 1603 1239 1645 1266; x_wconf 90' lang='lat' dir='ltr'><strong>vel</strong></span> <span class='ocrx_word' id='word_1_92' title='bbox 1674 1238 1755 1266; x_wconf 89' lang='lat' dir='ltr'><strong>initio</strong></span> <span class='ocrx_word' id='word_1_93' title='bbox 1780 1245 1833 1265; x_wconf 79' lang='lat' dir='ltr'><strong>xm</strong></span> 
     </span>
    </p>
   </div>
   <div class='ocr_carea' id='block_1_15' title="bbox 202 1282 367 1309">
    <p class='ocr_par' dir='ltr' id='par_1_15' title="bbox 202 1282 367 1309">
     <span class='ocr_line' id='line_1_15' title="bbox 202 1282 367 1309; baseline 0 -1"><span class='ocrx_word' id='word_1_94' title='bbox 202 1282 367 1309; x_wconf 87' lang='lat' dir='ltr'><strong>ﬂoruerunt.</strong></span> 
     </span>
    </p>
   </div>
   <div class='ocr_carea' id='block_1_16' title="bbox 239 1325 1827 1361">
    <p class='ocr_par' dir='ltr' id='par_1_16' title="bbox 239 1325 1827 1361">
     <span class='ocr_line' id='line_1_16' title="bbox 239 1325 1827 1361; baseline -0.001 -9"><span class='ocrx_word' id='word_1_95' title='bbox 239 1325 342 1353; x_wconf 89' lang='lat' dir='ltr'><strong>Deinde</strong></span> <span class='ocrx_word' id='word_1_96' title='bbox 357 1325 471 1353; x_wconf 87' lang='lat' dir='ltr'><strong>Photius</strong></span> <span class='ocrx_word' id='word_1_97' title='bbox 485 1326 597 1353; x_wconf 85' lang='lat' dir='ltr'><strong>eosdem</strong></span> <span class='ocrx_word' id='word_1_98' title='bbox 617 1333 737 1354; x_wconf 79' lang='lat' dir='ltr'><strong>canones</strong></span> <span class='ocrx_word' id='word_1_99' title='bbox 755 1326 899 1361; x_wconf 86' lang='lat' dir='ltr'><strong>descripsit</strong></span> <span class='ocrx_word' id='word_1_100' title='bbox 916 1327 1009 1354; x_wconf 81' lang='lat' dir='ltr'><strong>ordine</strong></span> <span class='ocrx_word' id='word_1_101' title='bbox 1025 1327 1156 1359; x_wconf 64' lang='lat' dir='ltr'><strong>materia,</strong></span> <span class='ocrx_word' id='word_1_102' title='bbox 1171 1326 1364 1361; x_wconf 83' lang='lat' dir='ltr'><strong>conjungendo</strong></span> <span class='ocrx_word' id='word_1_103' title='bbox 1380 1333 1500 1354; x_wconf 89' lang='lat' dir='ltr'><strong>canones</strong></span> <span class='ocrx_word' id='word_1_104' title='bbox 1518 1325 1642 1361; x_wconf 89' lang='lat' dir='ltr'><strong>ejusdem</strong></span> <span class='ocrx_word' id='word_1_105' title='bbox 1661 1325 1827 1361; x_wconf 74' lang='lat' dir='ltr'><strong>argumenti,</strong></span> 
     </span>
    </p>
   </div>
   <div class='ocr_carea' id='block_1_17' title="bbox 203 1368 1836 1406">
    <p class='ocr_par' dir='ltr' id='par_1_17' title="bbox 203 1368 1836 1406">
     <span class='ocr_line' id='line_1_17' title="bbox 203 1368 1836 1406; baseline -0.001 -10"><span class='ocrx_word' id='word_1_106' title='bbox 203 1369 254 1397; x_wconf 83' lang='lat' dir='ltr'><strong>etsi</strong></span> <span class='ocrx_word' id='word_1_107' title='bbox 272 1369 390 1397; x_wconf 86' lang='lat' dir='ltr'><strong>diversis</strong></span> <span class='ocrx_word' id='word_1_108' title='bbox 405 1370 575 1404; x_wconf 85' lang='lat' dir='ltr'><strong>temporibus</strong></span> <span class='ocrx_word' id='word_1_109' title='bbox 590 1369 655 1397; x_wconf 85' lang='lat' dir='ltr'><strong>editi</strong></span> <span class='ocrx_word' id='word_1_110' title='bbox 671 1369 798 1403; x_wconf 75' lang='lat' dir='ltr'><strong>fuissent,</strong></span> <span class='ocrx_word' id='word_1_111' title='bbox 813 1375 840 1397; x_wconf 92' lang='lat' dir='ltr'><strong>et</strong></span> <span class='ocrx_word' id='word_1_112' title='bbox 852 1375 938 1398; x_wconf 84' lang='lat' dir='ltr'><strong>totam</strong></span> <span class='ocrx_word' id='word_1_113' title='bbox 954 1370 1098 1398; x_wconf 84' lang='lat' dir='ltr'><strong>materiam</strong></span> <span class='ocrx_word' id='word_1_114' title='bbox 1111 1370 1184 1405; x_wconf 86' lang='lat' dir='ltr'><strong>juris</strong></span> <span class='ocrx_word' id='word_1_115' title='bbox 1197 1370 1343 1398; x_wconf 87' lang='lat' dir='ltr'><strong>dividemlo</strong></span> <span class='ocrx_word' id='word_1_116' title='bbox 1359 1370 1386 1397; x_wconf 91' lang='lat' dir='ltr'><strong>in</strong></span> <span class='ocrx_word' id='word_1_117' title='bbox 1402 1371 1614 1406; x_wconf 88' lang='lat' dir='ltr'><strong>quatuordecim</strong></span> <span class='ocrx_word' id='word_1_118' title='bbox 1637 1370 1743 1397; x_wconf 85' lang='lat' dir='ltr'><strong>titulos.</strong></span> <span class='ocrx_word' id='word_1_119' title='bbox 1759 1368 1836 1396; x_wconf 83' lang='lat' dir='ltr'><strong>lianc</strong></span> 
     </span>
    </p>
   </div>
   <div class='ocr_carea' id='block_1_18' title="bbox 202 1413 1836 1448">
    <p class='ocr_par' dir='ltr' id='par_1_18' title="bbox 202 1413 1836 1448">
     <span class='ocr_line' id='line_1_18' title="bbox 202 1413 1836 1448; baseline 0 -8"><span class='ocrx_word' id='word_1_120' title='bbox 202 1413 405 1446; x_wconf 84' lang='lat' dir='ltr'><strong>collectionem,</strong></span> <span class='ocrx_word' id='word_1_121' title='bbox 431 1414 483 1440; x_wconf 87' lang='lat' dir='ltr'><strong>sul)</strong></span> <span class='ocrx_word' id='word_1_122' title='bbox 497 1414 610 1441; x_wconf 90' lang='lat' dir='ltr'><strong>nomine</strong></span> <span class='ocrx_word' id='word_1_123' title='bbox 625 1413 810 1448; x_wconf 80' lang='lat' dir='ltr'><strong>Syntagmatis</strong></span> <span class='ocrx_word' id='word_1_124' title='bbox 831 1422 975 1446; x_wconf 84' lang='lat' dir='ltr'><strong>canonum,</strong></span> <span class='ocrx_word' id='word_1_125' title='bbox 990 1414 1096 1448; x_wconf 88' lang='lat' dir='ltr'><strong>pritnus</strong></span> <span class='ocrx_word' id='word_1_126' title='bbox 1109 1414 1194 1441; x_wconf 87' lang='lat' dir='ltr'><strong>edidit</strong></span> <span class='ocrx_word' id='word_1_127' title='bbox 1208 1414 1354 1442; x_wconf 83' lang='lat' dir='ltr'><strong>cardinalis</strong></span> <span class='ocrx_word' id='word_1_128' title='bbox 1369 1415 1401 1441; x_wconf 84' lang='lat' dir='ltr'><strong>A.</strong></span> <span class='ocrx_word' id='word_1_129' title='bbox 1418 1414 1481 1447; x_wconf 83' lang='lat' dir='ltr'><strong>Mai,</strong></span> <span class='ocrx_word' id='word_1_130' title='bbox 1500 1414 1551 1445; x_wconf 87' lang='lat' dir='ltr'><strong>vir,</strong></span> <span class='ocrx_word' id='word_1_131' title='bbox 1573 1414 1609 1441; x_wconf 91' lang='lat' dir='ltr'><strong>ob</strong></span> <span class='ocrx_word' id='word_1_132' title='bbox 1624 1414 1650 1440; x_wconf 92' lang='lat' dir='ltr'><strong>in</strong></span> <span class='ocrx_word' id='word_1_133' title='bbox 1665 1414 1753 1441; x_wconf 91' lang='lat' dir='ltr'><strong>lucem</strong></span> <span class='ocrx_word' id='word_1_134' title='bbox 1771 1421 1836 1447; x_wconf 82' lang='lat' dir='ltr'><strong>pro-</strong></span> 
     </span>
    </p>
   </div>
   <div class='ocr_carea' id='block_1_19' title="bbox 201 1456 1836 1493">
    <p class='ocr_par' dir='ltr' id='par_1_19' title="bbox 201 1456 1836 1493">
     <span class='ocr_line' id='line_1_19' title="bbox 201 1456 1836 1493; baseline -0.001 -9"><span class='ocrx_word' id='word_1_135' title='bbox 201 1461 289 1484; x_wconf 88' lang='lat' dir='ltr'><strong>tracta</strong></span> <span class='ocrx_word' id='word_1_136' title='bbox 305 1457 407 1492; x_wconf 80' lang='lat' dir='ltr'><strong>scripta</strong></span> <span class='ocrx_word' id='word_1_137' title='bbox 420 1462 544 1485; x_wconf 79' lang='lat' dir='ltr'><strong>veterum</strong></span> <span class='ocrx_word' id='word_1_138' title='bbox 558 1457 672 1485; x_wconf 83' lang='lat' dir='ltr'><strong>Patrum</strong></span> <span class='ocrx_word' id='word_1_139' title='bbox 692 1458 736 1485; x_wconf 83' lang='lat' dir='ltr'><strong>vix</strong></span> <span class='ocrx_word' id='word_1_140' title='bbox 754 1466 875 1493; x_wconf 86' lang='lat' dir='ltr'><strong>unquam</strong></span> <span class='ocrx_word' id='word_1_141' title='bbox 903 1459 971 1486; x_wconf 81' lang='lat' dir='ltr'><strong>satis</strong></span> <span class='ocrx_word' id='word_1_142' title='bbox 989 1457 1142 1485; x_wconf 79' lang='lat' dir='ltr'><strong>laudandus</strong></span> <span class='ocrx_word' id='word_1_143' title='bbox 1158 1477 1166 1490; x_wconf 88' lang='lat'><strong>,</strong></span> <span class='ocrx_word' id='word_1_144' title='bbox 1191 1457 1328 1492; x_wconf 81' lang='lat' dir='ltr'><strong>Spicilegii</strong></span> <span class='ocrx_word' id='word_1_145' title='bbox 1343 1457 1459 1484; x_wconf 85' lang='lat' dir='ltr'><strong>Romani</strong></span> <span class='ocrx_word' id='word_1_146' title='bbox 1474 1461 1493 1484; x_wconf 93' lang='lat' dir='ltr'><strong>t.</strong></span> <span class='ocrx_word' id='word_1_147' title='bbox 1511 1456 1568 1490; x_wconf 80' lang='lat' dir='ltr'><strong>Vll,</strong></span> <span class='ocrx_word' id='word_1_148' title='bbox 1582 1464 1696 1492; x_wconf 87' lang='lat' dir='ltr'><strong>eamque</strong></span> <span class='ocrx_word' id='word_1_149' title='bbox 1716 1464 1768 1483; x_wconf 89' lang='lat' dir='ltr'><strong>nos</strong></span> <span class='ocrx_word' id='word_1_150' title='bbox 1792 1456 1836 1483; x_wconf 87' lang='lat' dir='ltr'><strong>hic</strong></span> 
     </span>
    </p>
   </div>
   <div class='ocr_carea' id='block_1_20' title="bbox 201 1500 711 1537">
    <p class='ocr_par' dir='ltr' id='par_1_20' title="bbox 201 1500 711 1537">
     <span class='ocr_line' id='line_1_20' title="bbox 201 1500 711 1537; baseline 0 -10"><span class='ocrx_word' id='word_1_151' title='bbox 201 1500 326 1528; x_wconf 81' lang='lat' dir='ltr'><strong>edemus.</strong></span> <span class='ocrx_word' id='word_1_152' title='bbox 707 1532 711 1537; x_wconf 28' lang='grc' dir='ltr'><em>ι</em></span> 
     </span>
    </p>
   </div>
   <div class='ocr_carea' id='block_1_21' title="bbox 239 1543 1834 1581">
    <p class='ocr_par' dir='ltr' id='par_1_21' title="bbox 239 1543 1834 1581">
     <span class='ocr_line' id='line_1_21' title="bbox 239 1543 1834 1581; baseline 0 -11"><span class='ocrx_word' id='word_1_153' title='bbox 239 1543 361 1571; x_wconf 85' lang='lat' dir='ltr'><strong>Tandem</strong></span> <span class='ocrx_word' id='word_1_154' title='bbox 375 1543 490 1571; x_wconf 80' lang='lat' dir='ltr'><strong>Photlus</strong></span> <span class='ocrx_word' id='word_1_155' title='bbox 509 1551 630 1573; x_wconf 86' lang='lat' dir='ltr'><strong>canones</strong></span> <span class='ocrx_word' id='word_1_156' title='bbox 647 1544 844 1580; x_wconf 78' lang='lat' dir='ltr'><strong>Syntagmatis,</strong></span> <span class='ocrx_word' id='word_1_157' title='bbox 861 1545 965 1573; x_wconf 79' lang='lat' dir='ltr'><strong>omisso</strong></span> <span class='ocrx_word' id='word_1_158' title='bbox 980 1549 1065 1578; x_wconf 84' lang='lat' dir='ltr'><strong>textu,</strong></span> <span class='ocrx_word' id='word_1_159' title='bbox 1076 1545 1155 1581; x_wconf 76' lang='lat' dir='ltr'><strong>juxta</strong></span> <span class='ocrx_word' id='word_1_160' title='bbox 1169 1544 1293 1572; x_wconf 88' lang='lat' dir='ltr'><strong>ordinem</strong></span> <span class='ocrx_word' id='word_1_161' title='bbox 1311 1544 1495 1580; x_wconf 78' lang='lat' dir='ltr'><strong>Syntagmatis</strong></span> <span class='ocrx_word' id='word_1_162' title='bbox 1519 1544 1644 1577; x_wconf 82' lang='lat' dir='ltr'><strong>notavit,</strong></span> <span class='ocrx_word' id='word_1_163' title='bbox 1668 1547 1697 1571; x_wconf 91' lang='lat' dir='ltr'><strong>et</strong></span> <span class='ocrx_word' id='word_1_164' title='bbox 1713 1551 1739 1570; x_wconf 93' lang='lat' dir='ltr'><strong>.n</strong></span> <span class='ocrx_word' id='word_1_165' title='bbox 1756 1551 1834 1571; x_wconf 88' lang='lat' dir='ltr'><strong>com-</strong></span> 
     </span>
    </p>
   </div>
   <div class='ocr_carea' id='block_1_22' title="bbox 203 1587 1834 1624">
    <p class='ocr_par' dir='ltr' id='par_1_22' title="bbox 203 1587 1834 1624">
     <span class='ocr_line' id='line_1_22' title="bbox 203 1587 1834 1624; baseline -0.001 -9"><span class='ocrx_word' id='word_1_166' title='bbox 203 1589 346 1616; x_wconf 86' lang='lat' dir='ltr'><strong>mentariis</strong></span> <span class='ocrx_word' id='word_1_167' title='bbox 363 1589 501 1624; x_wconf 86' lang='lat' dir='ltr'><strong>adjunctis</strong></span> <span class='ocrx_word' id='word_1_168' title='bbox 516 1589 664 1624; x_wconf 90' lang='lat' dir='ltr'><strong>descripsit</strong></span> <span class='ocrx_word' id='word_1_169' title='bbox 680 1590 754 1624; x_wconf 85' lang='lat' dir='ltr'><strong>leges</strong></span> <span class='ocrx_word' id='word_1_170' title='bbox 777 1590 930 1624; x_wconf 68' lang='lat' dir='ltr'><strong>praesertim</strong></span> <span class='ocrx_word' id='word_1_171' title='bbox 954 1589 1050 1617; x_wconf 89' lang='lat' dir='ltr'><strong>civiles</strong></span> <span class='ocrx_word' id='word_1_172' title='bbox 1073 1596 1136 1624; x_wconf 76' lang='lat' dir='ltr'><strong>qua:</strong></span> <span class='ocrx_word' id='word_1_173' title='bbox 1164 1588 1268 1616; x_wconf 85' lang='lat' dir='ltr'><strong>eisdem</strong></span> <span class='ocrx_word' id='word_1_174' title='bbox 1295 1589 1510 1623; x_wconf 85' lang='lat' dir='ltr'><strong>respondebant.</strong></span> <span class='ocrx_word' id='word_1_175' title='bbox 1543 1589 1620 1615; x_wconf 87' lang='lat' dir='ltr'><strong>Hanc</strong></span> <span class='ocrx_word' id='word_1_176' title='bbox 1644 1587 1834 1615; x_wconf 80' lang='lat' dir='ltr'><strong>collectionem</strong></span> 
     </span>
    </p>
   </div>
   <div class='ocr_carea' id='block_1_23' title="bbox 206 1631 1834 1668">
    <p class='ocr_par' dir='ltr' id='par_1_23' title="bbox 206 1631 1834 1668">
     <span class='ocr_line' id='line_1_23' title="bbox 206 1631 1834 1668; baseline -0.001 -10"><span class='ocrx_word' id='word_1_177' title='bbox 206 1631 428 1659; x_wconf 79' lang='lat' dir='ltr'><strong>Nomocanonem</strong></span> <span class='ocrx_word' id='word_1_178' title='bbox 442 1633 586 1667; x_wconf 90' lang='lat' dir='ltr'><strong>inscripsit</strong></span> <span class='ocrx_word' id='word_1_179' title='bbox 601 1653 608 1666; x_wconf 93' lang='lat'><strong>,</strong></span> <span class='ocrx_word' id='word_1_180' title='bbox 625 1633 688 1668; x_wconf 93' lang='lat' dir='ltr'><strong>quia</strong></span> <span class='ocrx_word' id='word_1_181' title='bbox 707 1633 796 1668; x_wconf 72' lang='lat' dir='ltr'><strong>legum</strong></span> <span class='ocrx_word' id='word_1_182' title='bbox 815 1638 868 1660; x_wconf 91' lang='lat' dir='ltr'><strong>tam</strong></span> <span class='ocrx_word' id='word_1_183' title='bbox 885 1634 1136 1661; x_wconf 76' lang='lat' dir='ltr'><strong>ecclesiasticarum</strong></span> <span class='ocrx_word' id='word_1_184' title='bbox 1151 1640 1234 1667; x_wconf 87' lang='lat' dir='ltr'><strong>quam</strong></span> <span class='ocrx_word' id='word_1_185' title='bbox 1250 1632 1374 1659; x_wconf 90' lang='lat' dir='ltr'><strong>civilium</strong></span> <span class='ocrx_word' id='word_1_186' title='bbox 1394 1632 1556 1667; x_wconf 85' lang='lat' dir='ltr'><strong>Catalogum</strong></span> <span class='ocrx_word' id='word_1_187' title='bbox 1573 1639 1605 1659; x_wconf 88' lang='lat' dir='ltr'><strong>ac</strong></span> <span class='ocrx_word' id='word_1_188' title='bbox 1622 1631 1705 1658; x_wconf 90' lang='lat' dir='ltr'><strong>veluti</strong></span> <span class='ocrx_word' id='word_1_189' title='bbox 1725 1632 1834 1658; x_wconf 88' lang='lat' dir='ltr'><strong>harmo-</strong></span> 
     </span>
    </p>
   </div>
   <div class='ocr_carea' id='block_1_24' title="bbox 205 1674 1833 1708">
    <p class='ocr_par' dir='ltr' id='par_1_24' title="bbox 205 1674 1833 1708">
     <span class='ocr_line' id='line_1_24' title="bbox 205 1674 1833 1708; baseline -0.001 -5"><span class='ocrx_word' id='word_1_190' title='bbox 205 1677 278 1703; x_wconf 73' lang='lat' dir='ltr'><strong>niam</strong></span> <span class='ocrx_word' id='word_1_191' title='bbox 296 1676 454 1704; x_wconf 83' lang='lat' dir='ltr'><strong>exhibebat.</strong></span> <span class='ocrx_word' id='word_1_192' title='bbox 471 1676 537 1704; x_wconf 88' lang='lat' dir='ltr'><strong>Post</strong></span> <span class='ocrx_word' id='word_1_193' title='bbox 552 1677 621 1704; x_wconf 85' lang='lat' dir='ltr'><strong>alios</strong></span> <span class='ocrx_word' id='word_1_194' title='bbox 639 1677 761 1704; x_wconf 85' lang='lat' dir='ltr'><strong>Voellius</strong></span> <span class='ocrx_word' id='word_1_195' title='bbox 777 1682 803 1704; x_wconf 88' lang='lat' dir='ltr'><strong>et</strong></span> <span class='ocrx_word' id='word_1_196' title='bbox 817 1676 952 1704; x_wconf 83' lang='lat' dir='ltr'><strong>Justellns</strong></span> <span class='ocrx_word' id='word_1_197' title='bbox 982 1685 1042 1704; x_wconf 92' lang='lat' dir='ltr'><strong>eam</strong></span> <span class='ocrx_word' id='word_1_198' title='bbox 1061 1677 1155 1705; x_wconf 61' lang='lat' dir='ltr'><strong>erce</strong></span> <span class='ocrx_word' id='word_1_199' title='bbox 1169 1681 1196 1703; x_wconf 90' lang='lat' dir='ltr'><strong>et</strong></span> <span class='ocrx_word' id='word_1_200' title='bbox 1207 1675 1303 1704; x_wconf 87' lang='lat' dir='ltr'><strong>Latine</strong></span> <span class='ocrx_word' id='word_1_201' title='bbox 1317 1676 1462 1704; x_wconf 83' lang='lat' dir='ltr'><strong>ediderunt</strong></span> <span class='ocrx_word' id='word_1_202' title='bbox 1475 1676 1601 1708; x_wconf 88' lang='lat' dir='ltr'><strong>Parisiis,</strong></span> <span class='ocrx_word' id='word_1_203' title='bbox 1618 1683 1690 1702; x_wconf 90' lang='lat' dir='ltr'><strong>anno</strong></span> <span class='ocrx_word' id='word_1_204' title='bbox 1708 1674 1787 1707; x_wconf 80' lang='grc'><strong>1661.</strong></span> <span class='ocrx_word' id='word_1_205' title='bbox 1806 1675 1833 1701; x_wconf 82' lang='grc' dir='ltr'>ἱιι</span> 
     </span>
    </p>
   </div>
   <div class='ocr_carea' id='block_1_25' title="bbox 207 1719 1193 1756">
    <p class='ocr_par' dir='ltr' id='par_1_25' title="bbox 207 1719 1193 1756">
     <span class='ocr_line' id='line_1_25' title="bbox 207 1719 1193 1756; baseline 0 -10"><span class='ocrx_word' id='word_1_206' title='bbox 207 1728 258 1747; x_wconf 67' lang='lat' dir='ltr'><strong>tua</strong></span> <span class='ocrx_word' id='word_1_207' title='bbox 275 1720 439 1747; x_wconf 77' lang='lat' dir='ltr'><strong>Bibliotheca</strong></span> <span class='ocrx_word' id='word_1_208' title='bbox 458 1719 545 1754; x_wconf 76' lang='lat' dir='ltr'><strong>luris,</strong></span> <span class='ocrx_word' id='word_1_209' title='bbox 561 1724 582 1748; x_wconf 90' lang='lat' dir='ltr'><strong>t.</strong></span> <span class='ocrx_word' id='word_1_210' title='bbox 599 1720 630 1753; x_wconf 90' lang='grc'><strong>11,</strong></span> <span class='ocrx_word' id='word_1_211' title='bbox 645 1728 672 1756; x_wconf 92' lang='lat' dir='ltr'><strong>p.</strong></span> <span class='ocrx_word' id='word_1_212' title='bbox 685 1721 738 1748; x_wconf 85' lang='grc'><strong>785</strong></span> <span class='ocrx_word' id='word_1_213' title='bbox 749 1725 776 1748; x_wconf 88' lang='lat' dir='ltr'><strong>et</strong></span> <span class='ocrx_word' id='word_1_214' title='bbox 791 1729 851 1756; x_wconf 87' lang='lat' dir='ltr'><strong>seq.</strong></span> <span class='ocrx_word' id='word_1_215' title='bbox 866 1721 915 1748; x_wconf 90' lang='lat' dir='ltr'><strong>Hic</strong></span> <span class='ocrx_word' id='word_1_216' title='bbox 929 1721 1009 1748; x_wconf 88' lang='lat' dir='ltr'><strong>nobis</strong></span> <span class='ocrx_word' id='word_1_217' title='bbox 1025 1720 1130 1748; x_wconf 90' lang='lat' dir='ltr'><strong>edenda</strong></span> <span class='ocrx_word' id='word_1_218' title='bbox 1141 1724 1193 1747; x_wconf 91' lang='lat' dir='ltr'><strong>est.</strong></span> 
     </span>
    </p>
   </div>
   <div class='ocr_carea' id='block_1_26' title="bbox 240 1761 1833 1799">
    <p class='ocr_par' dir='ltr' id='par_1_26' title="bbox 240 1761 1833 1799">
     <span class='ocr_line' id='line_1_26' title="bbox 240 1761 1833 1799; baseline -0.001 -9"><span class='ocrx_word' id='word_1_219' title='bbox 240 1764 358 1792; x_wconf 84' lang='lat' dir='ltr'><strong>Photius</strong></span> <span class='ocrx_word' id='word_1_220' title='bbox 374 1764 483 1799; x_wconf 88' lang='lat' dir='ltr'><strong>scripsit</strong></span> <span class='ocrx_word' id='word_1_221' title='bbox 502 1766 635 1799; x_wconf 86' lang='lat' dir='ltr'><strong>epistolas</strong></span> <span class='ocrx_word' id='word_1_222' title='bbox 650 1765 742 1792; x_wconf 87' lang='lat' dir='ltr'><strong>varias</strong></span> <span class='ocrx_word' id='word_1_223' title='bbox 757 1765 790 1793; x_wconf 87' lang='lat' dir='ltr'><strong>de</strong></span> <span class='ocrx_word' id='word_1_224' title='bbox 802 1765 883 1792; x_wconf 86' lang='lat' dir='ltr'><strong>rebus</strong></span> <span class='ocrx_word' id='word_1_225' title='bbox 899 1765 1052 1797; x_wconf 85' lang='lat' dir='ltr'><strong>canonicis,</strong></span> <span class='ocrx_word' id='word_1_226' title='bbox 1065 1771 1135 1799; x_wconf 82' lang='lat' dir='ltr'><strong>quas</strong></span> <span class='ocrx_word' id='word_1_227' title='bbox 1152 1771 1203 1792; x_wconf 92' lang='lat' dir='ltr'><strong>suo</strong></span> <span class='ocrx_word' id='word_1_228' title='bbox 1218 1764 1279 1791; x_wconf 92' lang='lat' dir='ltr'><strong>loco</strong></span> <span class='ocrx_word' id='word_1_229' title='bbox 1307 1763 1456 1791; x_wconf 87' lang='lat' dir='ltr'><strong>edidimus.</strong></span> <span class='ocrx_word' id='word_1_230' title='bbox 1473 1762 1587 1791; x_wconf 70' lang='lat' dir='ltr'><strong>(laeteris</strong></span> <span class='ocrx_word' id='word_1_231' title='bbox 1601 1762 1701 1790; x_wconf 87' lang='lat' dir='ltr'><strong>eminet</strong></span> <span class='ocrx_word' id='word_1_232' title='bbox 1717 1761 1833 1796; x_wconf 86' lang='lat' dir='ltr'><strong>epistola</strong></span> 
     </span>
    </p>
   </div>
   <div class='ocr_carea' id='block_1_27' title="bbox 212 1808 1103 1844">
    <p class='ocr_par' dir='ltr' id='par_1_27' title="bbox 212 1808 1103 1844">
     <span class='ocr_line' id='line_1_27' title="bbox 212 1808 1103 1844; baseline 0 -10"><span class='ocrx_word' id='word_1_233' title='bbox 212 1808 244 1835; x_wconf 67' lang='lat' dir='ltr'><strong>ad</strong></span> <span class='ocrx_word' id='word_1_234' title='bbox 265 1808 383 1835; x_wconf 86' lang='lat' dir='ltr'><strong>Leonem</strong></span> <span class='ocrx_word' id='word_1_235' title='bbox 401 1808 637 1844; x_wconf 82' lang='lat' dir='ltr'><strong>archiepiscopum</strong></span> <span class='ocrx_word' id='word_1_236' title='bbox 652 1809 787 1836; x_wconf 75' lang='lat' dir='ltr'><strong>Calabria:</strong></span> <span class='ocrx_word' id='word_1_237' title='bbox 805 1817 867 1844; x_wconf 76' lang='lat' dir='ltr'><strong>quae</strong></span> <span class='ocrx_word' id='word_1_238' title='bbox 879 1814 921 1836; x_wconf 90' lang='lat' dir='ltr'><strong>est</strong></span> <span class='ocrx_word' id='word_1_239' title='bbox 930 1816 995 1836; x_wconf 80' lang='lat' dir='ltr'><strong>mn</strong></span> <span class='ocrx_word' id='word_1_240' title='bbox 1007 1808 1068 1836; x_wconf 84' lang='lat' dir='ltr'><strong>libri</strong></span> <span class='ocrx_word' id='word_1_241' title='bbox 1084 1808 1103 1834; x_wconf 98' lang='grc' dir='ltr'>Ι.</span> 
     </span>
    </p>
   </div>
   <div class='ocr_carea' id='block_1_28' title="bbox 242 1849 1833 1886">
    <p class='ocr_par' dir='ltr' id='par_1_28' title="bbox 242 1849 1833 1886">
     <span class='ocr_line' id='line_1_28' title="bbox 242 1849 1833 1886; baseline -0.001 -10"><span class='ocrx_word' id='word_1_242' title='bbox 242 1850 347 1876; x_wconf 88' lang='lat' dir='ltr'><strong>Seriem</strong></span> <span class='ocrx_word' id='word_1_243' title='bbox 363 1849 462 1877; x_wconf 91' lang='lat' dir='ltr'><strong>horum</strong></span> <span class='ocrx_word' id='word_1_244' title='bbox 480 1857 594 1884; x_wconf 87' lang='lat' dir='ltr'><strong>operum</strong></span> <span class='ocrx_word' id='word_1_245' title='bbox 611 1849 718 1878; x_wconf 84' lang='lat' dir='ltr'><strong>claudet</strong></span> <span class='ocrx_word' id='word_1_246' title='bbox 731 1851 894 1886; x_wconf 91' lang='lat' dir='ltr'><strong>opusculum</strong></span> <span class='ocrx_word' id='word_1_247' title='bbox 909 1851 998 1878; x_wconf 84' lang='lat' dir='ltr'><strong>Pbotii</strong></span> <span class='ocrx_word' id='word_1_248' title='bbox 1012 1851 1085 1886; x_wconf 89' lang='lat' dir='ltr'><strong>quod</strong></span> <span class='ocrx_word' id='word_1_249' title='bbox 1102 1851 1266 1878; x_wconf 89' lang='lat' dir='ltr'><strong>inscribitur</strong></span> <span class='ocrx_word' id='word_1_250' title='bbox 1282 1859 1289 1878; x_wconf 91' lang='lat'><strong>:</strong></span> <span class='ocrx_word' id='word_1_251' title='bbox 1307 1849 1532 1886; x_wconf 83' lang='lat' dir='ltr'><strong>lnterrogationes</strong></span> <span class='ocrx_word' id='word_1_252' title='bbox 1544 1850 1633 1876; x_wconf 76' lang='lat' dir='ltr'><strong>decem</strong></span> <span class='ocrx_word' id='word_1_253' title='bbox 1648 1857 1707 1876; x_wconf 87' lang='lat' dir='ltr'><strong>cum</strong></span> <span class='ocrx_word' id='word_1_254' title='bbox 1726 1849 1833 1875; x_wconf 81' lang='lat' dir='ltr'><strong>totidem</strong></span> 
     </span>
    </p>
   </div>
   <div class='ocr_carea' id='block_1_29' title="bbox 205 1892 1833 1930">
    <p class='ocr_par' dir='ltr' id='par_1_29' title="bbox 205 1892 1833 1930">
     <span class='ocr_line' id='line_1_29' title="bbox 205 1892 1833 1930; baseline 0 -11"><span class='ocrx_word' id='word_1_255' title='bbox 205 1893 432 1927; x_wconf 80' lang='lat' dir='ltr'><strong>responsionibus.</strong></span> <span class='ocrx_word' id='word_1_256' title='bbox 446 1892 534 1920; x_wconf 72' lang='lat' dir='ltr'><strong>Fmtct</strong></span> <span class='ocrx_word' id='word_1_257' title='bbox 548 1893 657 1928; x_wconf 86' lang='lat' dir='ltr'><strong>quidem</strong></span> <span class='ocrx_word' id='word_1_258' title='bbox 673 1894 780 1923; x_wconf 83' lang='lat' dir='ltr'><strong>libellus</strong></span> <span class='ocrx_word' id='word_1_259' title='bbox 795 1895 847 1922; x_wconf 90' lang='lat' dir='ltr'><strong>iste</strong></span> <span class='ocrx_word' id='word_1_260' title='bbox 860 1894 924 1922; x_wconf 84' lang='lat' dir='ltr'><strong>odio</strong></span> <span class='ocrx_word' id='word_1_261' title='bbox 937 1893 1127 1928; x_wconf 80' lang='lat' dir='ltr'><strong>schismatico;</strong></span> <span class='ocrx_word' id='word_1_262' title='bbox 1147 1895 1192 1922; x_wconf 83' lang='lat' dir='ltr'><strong>sed</strong></span> <span class='ocrx_word' id='word_1_263' title='bbox 1212 1902 1265 1922; x_wconf 90' lang='lat' dir='ltr'><strong>non</strong></span> <span class='ocrx_word' id='word_1_264' title='bbox 1279 1894 1340 1922; x_wconf 85' lang='lat' dir='ltr'><strong>ideo</strong></span> <span class='ocrx_word' id='word_1_265' title='bbox 1354 1895 1605 1930; x_wconf 57' lang='lat' dir='ltr'><strong>praetermittendus</strong></span> <span class='ocrx_word' id='word_1_266' title='bbox 1621 1894 1680 1926; x_wconf 80' lang='lat' dir='ltr'><strong>fuit,</strong></span> <span class='ocrx_word' id='word_1_267' title='bbox 1698 1893 1833 1928; x_wconf 84' lang='lat' dir='ltr'><strong>siquidem</strong></span> 
     </span>
    </p>
   </div>
   <div class='ocr_carea' id='block_1_30' title="bbox 204 1936 744 1971">
    <p class='ocr_par' dir='ltr' id='par_1_30' title="bbox 204 1936 744 1971">
     <span class='ocr_line' id='line_1_30' title="bbox 204 1936 744 1971; baseline 0.002 -7"><span class='ocrx_word' id='word_1_268' title='bbox 204 1936 305 1964; x_wconf 79' lang='lat' dir='ltr'><strong>indicet</strong></span> <span class='ocrx_word' id='word_1_269' title='bbox 328 1937 404 1971; x_wconf 83' lang='lat' dir='ltr'><strong>cujus</strong></span> <span class='ocrx_word' id='word_1_270' title='bbox 425 1937 539 1971; x_wconf 74' lang='lat' dir='ltr'><strong>spiritus</strong></span> <span class='ocrx_word' id='word_1_271' title='bbox 556 1936 669 1967; x_wconf 79' lang='lat' dir='ltr'><strong>Photius</strong></span> <span class='ocrx_word' id='word_1_272' title='bbox 683 1937 744 1965; x_wconf 80' lang='lat' dir='ltr'><strong>fuit.</strong></span> 
     </span>
    </p>
   </div>
   <div class='ocr_carea' id='block_1_31' title="bbox 1776 179 1829 210">
    <p class='ocr_par' dir='ltr' id='par_1_31' title="bbox 1776 179 1829 210">
     <span class='ocr_line' id='line_1_31' title="bbox 1776 179 1829 210; baseline 0 0"><span class='ocrx_word' id='word_1_273' title='bbox 1776 179 1829 210; x_wconf 76' lang='grc'><strong>432</strong></span> 
     </span>
    </p>
   </div>
   <div class='ocr_carea' id='block_1_32' title="bbox 211 251 1670 269">
    <p class='ocr_par' dir='ltr' id='par_1_32' title="bbox 211 251 1670 269">
     <span class='ocr_line' id='line_1_32' title="bbox 211 251 1670 269; baseline -0.002 0"><span class='ocrx_word' id='word_1_274' title='bbox 211 251 1670 269; x_wconf 46' lang='lat' dir='ltr'><strong>mm</strong></span> 
     </span>
    </p>
   </div>
   <div class='ocr_carea' id='block_1_33' title="bbox 207 2032 1586 2045">
    <p class='ocr_par' dir='ltr' id='par_1_33' title="bbox 207 2032 1586 2045">
     <span class='ocr_line' id='line_1_33' title="bbox 207 2032 1586 2045; baseline 0 -2"><span class='ocrx_word' id='word_1_275' title='bbox 207 2032 1586 2045; x_wconf 63' lang='lat'><strong>———-——-———-———————-—-———————.—_____—__‘—.</strong></span> 
     </span>
    </p>
   </div>
   <div class='ocr_carea' id='block_1_34' title="bbox 644 2104 1418 2152">
    <p class='ocr_par' dir='ltr' id='par_1_34' title="bbox 644 2104 1418 2152">
     <span class='ocr_line' id='line_1_34' title="bbox 644 2104 1418 2152; baseline 0.003 -4"><span class='ocrx_word' id='word_1_276' title='bbox 644 2104 718 2148; x_wconf 88' lang='lat' dir='ltr'><strong>DE</strong></span> <span class='ocrx_word' id='word_1_277' title='bbox 747 2104 962 2150; x_wconf 89' lang='lat' dir='ltr'><strong>PHOTII</strong></span> <span class='ocrx_word' id='word_1_278' title='bbox 1001 2106 1418 2152; x_wconf 84' lang='lat' dir='ltr'><strong>SYNTAGMATE.</strong></span> 
     </span>
    </p>
   </div>
   <div class='ocr_carea' id='block_1_35' title="bbox 542 2199 1486 2240">
    <p class='ocr_par' dir='ltr' id='par_1_35' title="bbox 542 2199 1486 2240">
     <span class='ocr_line' id='line_1_35' title="bbox 542 2199 1486 2240; baseline 0.007 -15"><span class='ocrx_word' id='word_1_279' title='bbox 542 2199 656 2235; x_wconf 75' lang='lat' dir='ltr'><strong>(Angelo</strong></span> <span class='ocrx_word' id='word_1_280' title='bbox 679 2199 730 2227; x_wconf 74' lang='grc' dir='ltr'><strong>ΜΑΙ</strong></span> <span class='ocrx_word' id='word_1_281' title='bbox 754 2199 879 2236; x_wconf 83' lang='lat' dir='ltr'><strong>Spicileg.</strong></span> <span class='ocrx_word' id='word_1_282' title='bbox 909 2201 986 2229; x_wconf 80' lang='lat' dir='ltr'><strong>Rom.</strong></span> <span class='ocrx_word' id='word_1_283' title='bbox 1021 2207 1087 2230; x_wconf 88' lang='lat' dir='ltr'><strong>tom.</strong></span> <span class='ocrx_word' id='word_1_284' title='bbox 1122 2202 1176 2236; x_wconf 82' lang='lat' dir='ltr'><strong>Vll,</strong></span> <span class='ocrx_word' id='word_1_285' title='bbox 1209 2203 1285 2238; x_wconf 71' lang='lat' dir='ltr'><strong>prmi.</strong></span> <span class='ocrx_word' id='word_1_286' title='bbox 1323 2211 1384 2240; x_wconf 81' lang='lat' dir='ltr'><strong>pag.</strong></span> <span class='ocrx_word' id='word_1_287' title='bbox 1415 2206 1486 2238; x_wconf 82' lang='lat' dir='ltr'><strong>vni.)</strong></span> 
     </span>
    </p>
   </div>
   <div class='ocr_carea' id='block_1_36' title="bbox 250 2276 1028 2318">
    <p class='ocr_par' dir='ltr' id='par_1_36' title="bbox 250 2276 1028 2312">
     <span class='ocr_line' id='line_1_36' title="bbox 250 2276 1028 2312; baseline 0.003 -8"><span class='ocrx_word' id='word_1_288' title='bbox 250 2276 340 2304; x_wconf 80' lang='lat' dir='ltr'><strong>Photii</strong></span> <span class='ocrx_word' id='word_1_289' title='bbox 355 2276 502 2312; x_wconf 79' lang='lat' dir='ltr'><strong>Syntagma</strong></span> <span class='ocrx_word' id='word_1_290' title='bbox 517 2285 647 2304; x_wconf 83' lang='lat' dir='ltr'><strong>canonum</strong></span> <span class='ocrx_word' id='word_1_291' title='bbox 663 2276 746 2312; x_wconf 89' lang='lat' dir='ltr'><strong>(quod</strong></span> <span class='ocrx_word' id='word_1_292' title='bbox 760 2277 794 2304; x_wconf 90' lang='lat' dir='ltr'><strong>ab</strong></span> <span class='ocrx_word' id='word_1_293' title='bbox 807 2278 922 2306; x_wconf 90' lang='lat' dir='ltr'><strong>eruditis</strong></span> <span class='ocrx_word' id='word_1_294' title='bbox 938 2286 999 2306; x_wconf 92' lang='lat' dir='ltr'><strong>cum</strong></span> <span class='ocrx_word' id='word_1_295' title='bbox 1013 2280 1028 2309; x_wconf 71' lang='grc' dir='ltr'><strong>,Δ</strong></span> 
     </span>
    </p>
   </div>
   <div class='ocr_carea' id='block_1_37' title="bbox 1049 2276 1837 2318">
    <p class='ocr_par' dir='ltr' id='par_1_37' title="bbox 1054 2281 1837 2318">
     <span class='ocr_line' id='line_1_37' title="bbox 1054 2281 1837 2318; baseline 0.005 -12"><span class='ocrx_word' id='word_1_296' title='bbox 1054 2281 1187 2316; x_wconf 82' lang='grc' dir='ltr'><strong>σωτηρίου</strong></span> <span class='ocrx_word' id='word_1_297' title='bbox 1203 2281 1337 2317; x_wconf 81' lang='grc' dir='ltr'><strong>δόγματος</strong></span> <span class='ocrx_word' id='word_1_298' title='bbox 1352 2283 1400 2309; x_wconf 79' lang='grc' dir='ltr'><strong>καὶ</strong></span> <span class='ocrx_word' id='word_1_299' title='bbox 1425 2283 1531 2318; x_wconf 83' lang='grc' dir='ltr'><strong>χρηστῇ</strong></span> <span class='ocrx_word' id='word_1_300' title='bbox 1552 2282 1711 2317; x_wconf 68' lang='grc' dir='ltr'><strong>διδασκαλίᾳ</strong></span> <span class='ocrx_word' id='word_1_301' title='bbox 1725 2284 1837 2311; x_wconf 68' lang='grc' dir='ltr'><strong>πάντων</strong></span> 
     </span>
    </p>
   </div>
   <div class='ocr_carea' id='block_1_38' title="bbox 213 2321 998 2359">
    <p class='ocr_par' dir='ltr' id='par_1_38' title="bbox 213 2321 998 2359">
     <span class='ocr_line' id='line_1_38' title="bbox 213 2321 998 2359; baseline 0.004 -11"><span class='ocrx_word' id='word_1_302' title='bbox 213 2321 335 2356; x_wconf 79' lang='lat' dir='ltr'><strong>ejusdem</strong></span> <span class='ocrx_word' id='word_1_303' title='bbox 351 2321 489 2356; x_wconf 83' lang='lat' dir='ltr'><strong>Synagoge</strong></span> <span class='ocrx_word' id='word_1_304' title='bbox 510 2329 639 2348; x_wconf 85' lang='lat' dir='ltr'><strong>canonum</strong></span> <span class='ocrx_word' id='word_1_305' title='bbox 655 2322 786 2350; x_wconf 80' lang='lat' dir='ltr'><strong>confundi</strong></span> <span class='ocrx_word' id='word_1_306' title='bbox 802 2323 881 2359; x_wconf 84' lang='lat' dir='ltr'><strong>solet)</strong></span> <span class='ocrx_word' id='word_1_307' title='bbox 899 2323 998 2351; x_wconf 88' lang='lat' dir='ltr'><strong>habere</strong></span> 
     </span>
    </p>
   </div>
   <div class='ocr_carea' id='block_1_39' title="bbox 208 2367 996 2404">
    <p class='ocr_par' dir='ltr' id='par_1_39' title="bbox 208 2367 996 2404">
     <span class='ocr_line' id='line_1_39' title="bbox 208 2367 996 2404; baseline 0.004 -10"><span class='ocrx_word' id='word_1_308' title='bbox 208 2375 253 2395; x_wconf 85' lang='lat' dir='ltr'><strong>me</strong></span> <span class='ocrx_word' id='word_1_309' title='bbox 268 2368 294 2394; x_wconf 92' lang='lat' dir='ltr'><strong>in</strong></span> <span class='ocrx_word' id='word_1_310' title='bbox 312 2367 450 2399; x_wconf 87' lang='lat' dir='ltr'><strong>manibus,</strong></span> <span class='ocrx_word' id='word_1_311' title='bbox 475 2367 556 2402; x_wconf 89' lang='lat' dir='ltr'><strong>idque</strong></span> <span class='ocrx_word' id='word_1_312' title='bbox 572 2367 642 2403; x_wconf 84' lang='lat' dir='ltr'><strong>typis</strong></span> <span class='ocrx_word' id='word_1_313' title='bbox 666 2369 816 2404; x_wconf 90' lang='lat' dir='ltr'><strong>aliquando</strong></span> <span class='ocrx_word' id='word_1_314' title='bbox 836 2369 894 2397; x_wconf 81' lang='lat' dir='ltr'><strong>fore</strong></span> <span class='ocrx_word' id='word_1_315' title='bbox 909 2370 996 2397; x_wconf 88' lang='lat' dir='ltr'><strong>tradi-</strong></span> 
     </span>
    </p>
   </div>
   <div class='ocr_carea' id='block_1_40' title="bbox 206 2412 998 2450">
    <p class='ocr_par' dir='ltr' id='par_1_40' title="bbox 206 2412 998 2450">
     <span class='ocr_line' id='line_1_40' title="bbox 206 2412 998 2450; baseline 0.004 -10"><span class='ocrx_word' id='word_1_316' title='bbox 206 2419 310 2446; x_wconf 89' lang='lat' dir='ltr'><strong>turum,</strong></span> <span class='ocrx_word' id='word_1_317' title='bbox 325 2412 382 2440; x_wconf 83' lang='lat' dir='ltr'><strong>dixi</strong></span> <span class='ocrx_word' id='word_1_318' title='bbox 398 2413 504 2448; x_wconf 88' lang='lat' dir='ltr'><strong>aliquot</strong></span> <span class='ocrx_word' id='word_1_319' title='bbox 525 2413 626 2441; x_wconf 89' lang='lat' dir='ltr'><strong>abhinc</strong></span> <span class='ocrx_word' id='word_1_320' title='bbox 646 2414 727 2442; x_wconf 88' lang='lat' dir='ltr'><strong>annis</strong></span> <span class='ocrx_word' id='word_1_321' title='bbox 749 2414 776 2441; x_wconf 93' lang='lat' dir='ltr'><strong>in</strong></span> <span class='ocrx_word' id='word_1_322' title='bbox 797 2414 998 2450; x_wconf 78' lang='lat' dir='ltr'><strong>prolegomenis</strong></span> 
     </span>
    </p>
   </div>
   <div class='ocr_carea' id='block_1_41' title="bbox 206 2458 995 2495">
    <p class='ocr_par' dir='ltr' id='par_1_41' title="bbox 206 2458 995 2495">
     <span class='ocr_line' id='line_1_41' title="bbox 206 2458 995 2495; baseline 0.001 -8"><span class='ocrx_word' id='word_1_323' title='bbox 206 2459 328 2494; x_wconf 68' lang='lat' dir='ltr'><strong>repetita;</strong></span> <span class='ocrx_word' id='word_1_324' title='bbox 365 2458 494 2487; x_wconf 88' lang='lat' dir='ltr'><strong>editionis</strong></span> <span class='ocrx_word' id='word_1_325' title='bbox 524 2459 593 2486; x_wconf 90' lang='lat' dir='ltr'><strong>tomi</strong></span> <span class='ocrx_word' id='word_1_326' title='bbox 622 2458 632 2486; x_wconf 92' lang='grc' dir='ltr'><strong>Ι</strong></span> <span class='ocrx_word' id='word_1_327' title='bbox 663 2460 830 2495; x_wconf 81' lang='lat' dir='ltr'><strong>Scriptorum</strong></span> <span class='ocrx_word' id='word_1_328' title='bbox 864 2466 995 2495; x_wconf 74' lang='lat' dir='ltr'><strong>veterum,</strong></span> 
     </span>
    </p>
   </div>
   <div class='ocr_carea' id='block_1_42' title="bbox 207 2505 998 2541">
    <p class='ocr_par' dir='ltr' id='par_1_42' title="bbox 207 2505 998 2541">
     <span class='ocr_line' id='line_1_42' title="bbox 207 2505 998 2541; baseline 0.001 -8"><span class='ocrx_word' id='word_1_329' title='bbox 207 2514 235 2541; x_wconf 89' lang='lat' dir='ltr'><strong>p.</strong></span> <span class='ocrx_word' id='word_1_330' title='bbox 252 2513 355 2538; x_wconf 81' lang='lat' dir='ltr'><strong>xxvni;</strong></span> <span class='ocrx_word' id='word_1_331' title='bbox 369 2513 424 2540; x_wconf 86' lang='lat' dir='ltr'><strong>quo</strong></span> <span class='ocrx_word' id='word_1_332' title='bbox 436 2513 510 2533; x_wconf 91' lang='lat' dir='ltr'><strong>nunc</strong></span> <span class='ocrx_word' id='word_1_333' title='bbox 523 2506 658 2540; x_wconf 88' lang='lat' dir='ltr'><strong>promisso</strong></span> <span class='ocrx_word' id='word_1_334' title='bbox 673 2505 782 2541; x_wconf 72' lang='lat' dir='ltr'><strong>defungi</strong></span> <span class='ocrx_word' id='word_1_335' title='bbox 795 2506 900 2539; x_wconf 71' lang='lat' dir='ltr'><strong>volens,</strong></span> <span class='ocrx_word' id='word_1_336' title='bbox 913 2507 998 2534; x_wconf 87' lang='lat' dir='ltr'><strong>trinas</strong></span> 
     </span>
    </p>
   </div>
   <div class='ocr_carea' id='block_1_43' title="bbox 205 2551 998 2588">
    <p class='ocr_par' dir='ltr' id='par_1_43' title="bbox 205 2551 998 2588">
     <span class='ocr_line' id='line_1_43' title="bbox 205 2551 998 2588; baseline -0.001 -8"><span class='ocrx_word' id='word_1_337' title='bbox 205 2552 297 2580; x_wconf 88' lang='lat' dir='ltr'><strong>Photii</strong></span> <span class='ocrx_word' id='word_1_338' title='bbox 315 2552 387 2579; x_wconf 89' lang='lat' dir='ltr'><strong>circa</strong></span> <span class='ocrx_word' id='word_1_339' title='bbox 400 2551 447 2586; x_wconf 88' lang='lat' dir='ltr'><strong>jus</strong></span> <span class='ocrx_word' id='word_1_340' title='bbox 458 2551 622 2579; x_wconf 90' lang='lat' dir='ltr'><strong>canonicum</strong></span> <span class='ocrx_word' id='word_1_341' title='bbox 636 2559 716 2580; x_wconf 87' lang='lat' dir='ltr'><strong>curas</strong></span> <span class='ocrx_word' id='word_1_342' title='bbox 731 2552 900 2587; x_wconf 77' lang='lat' dir='ltr'><strong>distinguere</strong></span> <span class='ocrx_word' id='word_1_343' title='bbox 918 2558 998 2588; x_wconf 86' lang='lat' dir='ltr'><strong>atque</strong></span> 
     </span>
    </p>
   </div>
   <div class='ocr_carea' id='block_1_44' title="bbox 206 2596 997 2631">
    <p class='ocr_par' dir='ltr' id='par_1_44' title="bbox 206 2596 997 2631">
     <span class='ocr_line' id='line_1_44' title="bbox 206 2596 997 2631; baseline 0 -7"><span class='ocrx_word' id='word_1_344' title='bbox 206 2598 235 2624; x_wconf 93' lang='lat' dir='ltr'><strong>in</strong></span> <span class='ocrx_word' id='word_1_345' title='bbox 264 2599 437 2625; x_wconf 73' lang='lat' dir='ltr'><strong>antecessum</strong></span> <span class='ocrx_word' id='word_1_346' title='bbox 474 2603 612 2631; x_wconf 73' lang='lat' dir='ltr'><strong>exponere</strong></span> <span class='ocrx_word' id='word_1_347' title='bbox 646 2603 760 2624; x_wconf 88' lang='lat' dir='ltr'><strong>necesse</strong></span> <span class='ocrx_word' id='word_1_348' title='bbox 792 2602 843 2625; x_wconf 88' lang='lat' dir='ltr'><strong>est.</strong></span> <span class='ocrx_word' id='word_1_349' title='bbox 877 2596 997 2624; x_wconf 78' lang='lat' dir='ltr'><strong>Primam</strong></span> 
     </span>
    </p>
   </div>
   <div class='ocr_carea' id='block_1_45' title="bbox 207 2641 997 2678">
    <p class='ocr_par' dir='ltr' id='par_1_45' title="bbox 207 2641 997 2678">
     <span class='ocr_line' id='line_1_45' title="bbox 207 2641 997 2678; baseline -0.001 -8"><span class='ocrx_word' id='word_1_350' title='bbox 207 2643 299 2678; x_wconf 84' lang='lat' dir='ltr'><strong>itaque</strong></span> <span class='ocrx_word' id='word_1_351' title='bbox 323 2650 418 2671; x_wconf 87' lang='lat' dir='ltr'><strong>curam</strong></span> <span class='ocrx_word' id='word_1_352' title='bbox 445 2650 524 2670; x_wconf 88' lang='lat' dir='ltr'><strong>suam</strong></span> <span class='ocrx_word' id='word_1_353' title='bbox 545 2642 585 2669; x_wconf 89' lang='lat' dir='ltr'><strong>sic</strong></span> <span class='ocrx_word' id='word_1_354' title='bbox 600 2647 693 2669; x_wconf 87' lang='lat' dir='ltr'><strong>narrat</strong></span> <span class='ocrx_word' id='word_1_355' title='bbox 716 2642 830 2670; x_wconf 87' lang='lat' dir='ltr'><strong>Photius</strong></span> <span class='ocrx_word' id='word_1_356' title='bbox 858 2647 920 2670; x_wconf 86' lang='lat' dir='ltr'><strong>ante</strong></span> <span class='ocrx_word' id='word_1_357' title='bbox 937 2641 997 2669; x_wconf 87' lang='grc' dir='ltr'><strong>Νο-</strong></span> 
     </span>
    </p>
   </div>
   <div class='ocr_carea' id='block_1_46' title="bbox 205 2685 996 2722">
    <p class='ocr_par' dir='ltr' id='par_1_46' title="bbox 205 2685 996 2722">
     <span class='ocr_line' id='line_1_46' title="bbox 205 2685 996 2722; baseline -0.003 -6"><span class='ocrx_word' id='word_1_358' title='bbox 205 2697 382 2716; x_wconf 86' lang='lat' dir='ltr'><strong>mocanonnm</strong></span> <span class='ocrx_word' id='word_1_359' title='bbox 412 2688 440 2716; x_wconf 91' lang='lat' dir='ltr'><strong>in</strong></span> <span class='ocrx_word' id='word_1_360' title='bbox 463 2687 646 2719; x_wconf 65' lang='lat' dir='ltr'><strong>Praefatione,</strong></span> <span class='ocrx_word' id='word_1_361' title='bbox 675 2695 758 2722; x_wconf 90' lang='lat' dir='ltr'><strong>quam</strong></span> <span class='ocrx_word' id='word_1_362' title='bbox 788 2695 823 2715; x_wconf 84' lang='lat' dir='ltr'><strong>ex</strong></span> <span class='ocrx_word' id='word_1_363' title='bbox 848 2685 996 2715; x_wconf 70' lang='lat' dir='ltr'><strong>Oxoniensi</strong></span> 
     </span>
    </p>
   </div>
   <div class='ocr_carea' id='block_1_47' title="bbox 206 2733 995 2768">
    <p class='ocr_par' dir='ltr' id='par_1_47' title="bbox 206 2733 995 2768">
     <span class='ocr_line' id='line_1_47' title="bbox 206 2733 995 2768; baseline 0 -6"><span class='ocrx_word' id='word_1_364' title='bbox 206 2735 300 2762; x_wconf 81' lang='lat' dir='ltr'><strong>codice</strong></span> <span class='ocrx_word' id='word_1_365' title='bbox 325 2734 456 2762; x_wconf 85' lang='lat' dir='ltr'><strong>Justellus</strong></span> <span class='ocrx_word' id='word_1_366' title='bbox 479 2734 574 2766; x_wconf 86' lang='lat' dir='ltr'><strong>edidit,</strong></span> <span class='ocrx_word' id='word_1_367' title='bbox 602 2733 675 2761; x_wconf 86' lang='lat' dir='ltr'><strong>Bibl.</strong></span> <span class='ocrx_word' id='word_1_368' title='bbox 700 2741 762 2761; x_wconf 85' lang='lat' dir='ltr'><strong>con.</strong></span> <span class='ocrx_word' id='word_1_369' title='bbox 780 2738 801 2761; x_wconf 89' lang='lat' dir='ltr'><strong>t.</strong></span> <span class='ocrx_word' id='word_1_370' title='bbox 823 2733 855 2767; x_wconf 86' lang='lat' dir='ltr'><strong>ll,</strong></span> <span class='ocrx_word' id='word_1_371' title='bbox 873 2741 901 2768; x_wconf 91' lang='lat' dir='ltr'><strong>p.</strong></span> <span class='ocrx_word' id='word_1_372' title='bbox 917 2734 969 2761; x_wconf 84' lang='grc'><strong>’189</strong></span> <span class='ocrx_word' id='word_1_373' title='bbox 989 2745 995 2762; x_wconf 88' lang='lat'>:</span> 
     </span>
    </p>
   </div>
   <div class='ocr_carea' id='block_1_48' title="bbox 211 2778 996 2815">
    <p class='ocr_par' dir='ltr' id='par_1_48' title="bbox 211 2778 996 2815">
     <span class='ocr_line' id='line_1_48' title="bbox 211 2778 996 2815; baseline -0.003 -9"><span class='ocrx_word' id='word_1_374' title='bbox 211 2779 396 2815; x_wconf 73' lang='grc' dir='ltr'><strong>Ἐπεχείρησα</strong></span> <span class='ocrx_word' id='word_1_375' title='bbox 412 2779 476 2810; x_wconf 78' lang='grc' dir='ltr'><strong>τοὺς</strong></span> <span class='ocrx_word' id='word_1_376' title='bbox 491 2778 544 2806; x_wconf 75' lang='grc' dir='ltr'>ὑπὸ</span> <span class='ocrx_word' id='word_1_377' title='bbox 561 2778 615 2805; x_wconf 85' lang='grc' dir='ltr'><strong>τῶν</strong></span> <span class='ocrx_word' id='word_1_378' title='bbox 631 2779 661 2805; x_wconf 77' lang='grc' dir='ltr'>ὲν</span> <span class='ocrx_word' id='word_1_379' title='bbox 676 2778 781 2814; x_wconf 76' lang='grc' dir='ltr'>χρόνοις</span> <span class='ocrx_word' id='word_1_380' title='bbox 792 2778 929 2814; x_wconf 80' lang='grc' dir='ltr'><strong>διαφόροις</strong></span> <span class='ocrx_word' id='word_1_381' title='bbox 949 2787 996 2813; x_wconf 84' lang='grc' dir='ltr'><strong>γε-</strong></span> 
     </span>
    </p>
   </div>
   <div class='ocr_carea' id='block_1_49' title="bbox 205 2823 993 2860">
    <p class='ocr_par' dir='ltr' id='par_1_49' title="bbox 205 2823 993 2860">
     <span class='ocr_line' id='line_1_49' title="bbox 205 2823 993 2860; baseline -0.001 -8"><span class='ocrx_word' id='word_1_382' title='bbox 205 2825 363 2860; x_wconf 72' lang='grc' dir='ltr'>γενημένων</span> <span class='ocrx_word' id='word_1_383' title='bbox 389 2825 476 2859; x_wconf 80' lang='grc' dir='ltr'>ἁγίων</span> <span class='ocrx_word' id='word_1_384' title='bbox 499 2824 564 2852; x_wconf 75' lang='grc' dir='ltr'>δέκα</span> <span class='ocrx_word' id='word_1_385' title='bbox 581 2824 698 2852; x_wconf 85' lang='grc' dir='ltr'><strong>συνόδων</strong></span> <span class='ocrx_word' id='word_1_386' title='bbox 716 2824 762 2851; x_wconf 72' lang='grc' dir='ltr'><strong>ἐπὶ</strong></span> <span class='ocrx_word' id='word_1_387' title='bbox 779 2823 923 2859; x_wconf 79' lang='grc' dir='ltr'>βεϐαιώσει</span> <span class='ocrx_word' id='word_1_388' title='bbox 948 2823 993 2852; x_wconf 77' lang='grc' dir='ltr'><strong>τοῦ</strong></span> 
     </span>
    </p>
   </div>
   <div class='ocr_carea' id='block_1_50' title="bbox 1048 2325 1837 2363">
    <p class='ocr_par' dir='ltr' id='par_1_50' title="bbox 1048 2325 1837 2363">
     <span class='ocr_line' id='line_1_50' title="bbox 1048 2325 1837 2363; baseline 0.004 -11"><span class='ocrx_word' id='word_1_389' title='bbox 1048 2325 1199 2360; x_wconf 79' lang='grc' dir='ltr'>ἀνθρώπων</span> <span class='ocrx_word' id='word_1_390' title='bbox 1212 2327 1371 2360; x_wconf 79' lang='grc' dir='ltr'><strong>ὲκτεθὲντας</strong></span> <span class='ocrx_word' id='word_1_391' title='bbox 1381 2327 1543 2363; x_wconf 75' lang='grc' dir='ltr'><strong>θεοπρεπεϊς</strong></span> <span class='ocrx_word' id='word_1_392' title='bbox 1559 2328 1674 2360; x_wconf 79' lang='grc' dir='ltr'><strong>κανόνας</strong></span> <span class='ocrx_word' id='word_1_393' title='bbox 1689 2328 1728 2360; x_wconf 81' lang='grc' dir='ltr'><strong>εις</strong></span> <span class='ocrx_word' id='word_1_394' title='bbox 1739 2329 1837 2355; x_wconf 77' lang='grc' dir='ltr'>ταυτὸν</span> 
     </span>
    </p>
   </div>
   <div class='ocr_carea' id='block_1_51' title="bbox 1050 2373 1838 2410">
    <p class='ocr_par' dir='ltr' id='par_1_51' title="bbox 1050 2373 1838 2410">
     <span class='ocr_line' id='line_1_51' title="bbox 1050 2373 1838 2410; baseline 0.005 -14"><span class='ocrx_word' id='word_1_395' title='bbox 1050 2373 1224 2406; x_wconf 43' lang='grc' dir='ltr'>συναγαγεῖν,</span> <span class='ocrx_word' id='word_1_396' title='bbox 1243 2373 1364 2408; x_wconf 76' lang='grc' dir='ltr'><strong>ἑκάστης</strong></span> <span class='ocrx_word' id='word_1_397' title='bbox 1392 2374 1501 2400; x_wconf 81' lang='grc' dir='ltr'><strong>συνόδου</strong></span> <span class='ocrx_word' id='word_1_398' title='bbox 1527 2375 1560 2409; x_wconf 84' lang='grc' dir='ltr'><strong>τῇ</strong></span> <span class='ocrx_word' id='word_1_399' title='bbox 1582 2374 1754 2410; x_wconf 73' lang='grc' dir='ltr'><strong>προσηγορίᾳ</strong></span> <span class='ocrx_word' id='word_1_400' title='bbox 1773 2375 1838 2406; x_wconf 81' lang='grc' dir='ltr'>τοὺς</span> 
     </span>
    </p>
   </div>
   <div class='ocr_carea' id='block_1_52' title="bbox 1049 2417 1838 2456">
    <p class='ocr_par' dir='ltr' id='par_1_52' title="bbox 1049 2417 1838 2456">
     <span class='ocr_line' id='line_1_52' title="bbox 1049 2417 1838 2456; baseline 0.006 -13"><span class='ocrx_word' id='word_1_401' title='bbox 1049 2417 1134 2453; x_wconf 81' lang='grc' dir='ltr'>αὐτῆς</span> <span class='ocrx_word' id='word_1_402' title='bbox 1151 2419 1289 2454; x_wconf 82' lang='grc' dir='ltr'><strong>ἐχομένως</strong></span> <span class='ocrx_word' id='word_1_403' title='bbox 1313 2420 1461 2452; x_wconf 79' lang='grc' dir='ltr'>ὑποτιθείς.</span> <span class='ocrx_word' id='word_1_404' title='bbox 1489 2419 1619 2456; x_wconf 85' lang='lat' dir='ltr'><strong>Quotquot</strong></span> <span class='ocrx_word' id='word_1_405' title='bbox 1639 2430 1654 2447; x_wconf 88' lang='lat' dir='ltr'><strong>o</strong></span> <span class='ocrx_word' id='word_1_406' title='bbox 1669 2421 1768 2448; x_wconf 74' lang='lat' dir='ltr'><strong>sanctis</strong></span> <span class='ocrx_word' id='word_1_407' title='bbox 1789 2421 1838 2447; x_wconf 82' lang='lat' dir='ltr'><strong>de-</strong></span> 
     </span>
    </p>
   </div>
   <div class='ocr_carea' id='block_1_53' title="bbox 1049 2464 1839 2499">
    <p class='ocr_par' dir='ltr' id='par_1_53' title="bbox 1049 2464 1839 2499">
     <span class='ocr_line' id='line_1_53' title="bbox 1049 2464 1839 2499; baseline 0.004 -10"><span class='ocrx_word' id='word_1_408' title='bbox 1049 2470 1104 2489; x_wconf 85' lang='lat' dir='ltr'><strong>cem</strong></span> <span class='ocrx_word' id='word_1_409' title='bbox 1120 2464 1238 2498; x_wconf 70' lang='lat' dir='ltr'><strong>synodis,</strong></span> <span class='ocrx_word' id='word_1_410' title='bbox 1252 2464 1362 2491; x_wconf 81' lang='lat' dir='ltr'><strong>diversis</strong></span> <span class='ocrx_word' id='word_1_411' title='bbox 1387 2466 1556 2499; x_wconf 80' lang='lat' dir='ltr'><strong>temporibus,</strong></span> <span class='ocrx_word' id='word_1_412' title='bbox 1574 2466 1609 2492; x_wconf 88' lang='lat' dir='ltr'><strong>ad</strong></span> <span class='ocrx_word' id='word_1_413' title='bbox 1641 2466 1770 2493; x_wconf 78' lang='lat' dir='ltr'><strong>salutaris</strong></span> <span class='ocrx_word' id='word_1_414' title='bbox 1792 2466 1839 2492; x_wconf 89' lang='lat' dir='ltr'><strong>do-</strong></span> 
     </span>
    </p>
   </div>
   <div class='ocr_carea' id='block_1_54' title="bbox 1050 2506 1838 2543">
    <p class='ocr_par' dir='ltr' id='par_1_54' title="bbox 1050 2506 1838 2543">
     <span class='ocr_line' id='line_1_54' title="bbox 1050 2506 1838 2543; baseline 0.005 -11"><span class='ocrx_word' id='word_1_415' title='bbox 1050 2506 1144 2533; x_wconf 82' lang='lat' dir='ltr'><strong>ctrime</strong></span> <span class='ocrx_word' id='word_1_416' title='bbox 1155 2508 1392 2541; x_wconf 78' lang='lat' dir='ltr'><strong>conﬁrmationem,</strong></span> <span class='ocrx_word' id='word_1_417' title='bbox 1412 2507 1558 2543; x_wconf 85' lang='lat' dir='ltr'><strong>bonamque</strong></span> <span class='ocrx_word' id='word_1_418' title='bbox 1567 2510 1683 2536; x_wconf 88' lang='lat' dir='ltr'><strong>omniunt</strong></span> <span class='ocrx_word' id='word_1_419' title='bbox 1700 2509 1838 2536; x_wconf 79' lang='lat' dir='ltr'><strong>hominum</strong></span> 
     </span>
    </p>
   </div>
   <div class='ocr_carea' id='block_1_55' title="bbox 1049 2552 1837 2586">
    <p class='ocr_par' dir='ltr' id='par_1_55' title="bbox 1049 2552 1837 2586">
     <span class='ocr_line' id='line_1_55' title="bbox 1049 2552 1837 2586; baseline 0.004 -8"><span class='ocrx_word' id='word_1_420' title='bbox 1049 2552 1243 2579; x_wconf 74' lang='lat' dir='ltr'><strong>institutionem</strong></span> <span class='ocrx_word' id='word_1_421' title='bbox 1265 2552 1375 2586; x_wconf 80' lang='lat' dir='ltr'><strong>habitis,</strong></span> <span class='ocrx_word' id='word_1_422' title='bbox 1394 2553 1459 2580; x_wconf 79' lang='lat' dir='ltr'><strong>editi</strong></span> <span class='ocrx_word' id='word_1_423' title='bbox 1481 2558 1542 2580; x_wconf 84' lang='lat' dir='ltr'><strong>sunt</strong></span> <span class='ocrx_word' id='word_1_424' title='bbox 1562 2554 1634 2580; x_wconf 88' lang='lat' dir='ltr'><strong>sacri</strong></span> <span class='ocrx_word' id='word_1_425' title='bbox 1653 2562 1776 2585; x_wconf 76' lang='lat' dir='ltr'><strong>canones,</strong></span> <span class='ocrx_word' id='word_1_426' title='bbox 1792 2563 1837 2582; x_wconf 79' lang='lat' dir='ltr'><strong>eos</strong></span> 
     </span>
    </p>
   </div>
   <div class='ocr_carea' id='block_1_56' title="bbox 1049 2598 1837 2634">
    <p class='ocr_par' dir='ltr' id='par_1_56' title="bbox 1049 2598 1837 2634">
     <span class='ocr_line' id='line_1_56' title="bbox 1049 2598 1837 2634; baseline 0.006 -12"><span class='ocrx_word' id='word_1_427' title='bbox 1049 2603 1095 2630; x_wconf 77' lang='lat' dir='ltr'><strong>ego</strong></span> <span class='ocrx_word' id='word_1_428' title='bbox 1107 2603 1195 2623; x_wconf 82' lang='lat' dir='ltr'><strong>omnes</strong></span> <span class='ocrx_word' id='word_1_429' title='bbox 1208 2598 1234 2623; x_wconf 86' lang='lat' dir='ltr'><strong>in</strong></span> <span class='ocrx_word' id='word_1_430' title='bbox 1249 2605 1332 2624; x_wconf 88' lang='lat' dir='ltr'><strong>unum</strong></span> <span class='ocrx_word' id='word_1_431' title='bbox 1344 2605 1439 2633; x_wconf 77' lang='lat' dir='ltr'><strong>corpus</strong></span> <span class='ocrx_word' id='word_1_432' title='bbox 1455 2599 1617 2634; x_wconf 81' lang='lat' dir='ltr'><strong>colligendos</strong></span> <span class='ocrx_word' id='word_1_433' title='bbox 1630 2600 1743 2634; x_wconf 75' lang='lat' dir='ltr'><strong>suscepi,</strong></span> <span class='ocrx_word' id='word_1_434' title='bbox 1755 2600 1792 2626; x_wconf 83' lang='lat' dir='ltr'><strong>ita</strong></span> <span class='ocrx_word' id='word_1_435' title='bbox 1808 2604 1837 2626; x_wconf 88' lang='lat' dir='ltr'><strong>ut</strong></span> 
     </span>
    </p>
   </div>
   <div class='ocr_carea' id='block_1_57' title="bbox 1049 2642 1838 2679">
    <p class='ocr_par' dir='ltr' id='par_1_57' title="bbox 1049 2642 1838 2679">
     <span class='ocr_line' id='line_1_57' title="bbox 1049 2642 1838 2679; baseline 0.006 -12"><span class='ocrx_word' id='word_1_436' title='bbox 1049 2642 1253 2678; x_wconf 75' lang='lat' dir='ltr'><strong>uniuscujusque</strong></span> <span class='ocrx_word' id='word_1_437' title='bbox 1284 2644 1378 2678; x_wconf 78' lang='lat' dir='ltr'><strong>synodi</strong></span> <span class='ocrx_word' id='word_1_438' title='bbox 1414 2644 1586 2679; x_wconf 82' lang='lat' dir='ltr'><strong>appellationi</strong></span> <span class='ocrx_word' id='word_1_439' title='bbox 1620 2654 1652 2672; x_wconf 89' lang='lat' dir='ltr'><strong>ac</strong></span> <span class='ocrx_word' id='word_1_440' title='bbox 1684 2646 1762 2672; x_wconf 85' lang='lat' dir='ltr'><strong>titulo</strong></span> <span class='ocrx_word' id='word_1_441' title='bbox 1795 2646 1838 2672; x_wconf 81' lang='lat' dir='ltr'><strong>sui</strong></span> 
     </span>
    </p>
   </div>
   <div class='ocr_carea' id='block_1_58' title="bbox 1045 2688 1840 2727">
    <p class='ocr_par' dir='ltr' id='par_1_58' title="bbox 1045 2688 1840 2727">
     <span class='ocr_line' id='line_1_58' title="bbox 1045 2688 1840 2727; baseline 0.009 -14"><span class='ocrx_word' id='word_1_442' title='bbox 1045 2688 1164 2722; x_wconf 72' lang='lat' dir='ltr'><strong>proxime</strong></span> <span class='ocrx_word' id='word_1_443' title='bbox 1181 2696 1292 2716; x_wconf 79' lang='lat' dir='ltr'><strong>canones</strong></span> <span class='ocrx_word' id='word_1_444' title='bbox 1305 2690 1419 2725; x_wconf 83' lang='lat' dir='ltr'><strong>subjecti</strong></span> <span class='ocrx_word' id='word_1_445' title='bbox 1433 2692 1498 2719; x_wconf 70' lang='lat' dir='ltr'><strong>sint.</strong></span> <span class='ocrx_word' id='word_1_446' title='bbox 1515 2691 1604 2727; x_wconf 80' lang='lat' dir='ltr'><strong>Pergit</strong></span> <span class='ocrx_word' id='word_1_447' title='bbox 1625 2692 1725 2719; x_wconf 89' lang='lat' dir='ltr'><strong>deinde</strong></span> <span class='ocrx_word' id='word_1_448' title='bbox 1745 2693 1840 2725; x_wconf 79' lang='lat' dir='ltr'><strong>dicere</strong></span> 
     </span>
    </p>
   </div>
   <div class='ocr_carea' id='block_1_59' title="bbox 1050 2734 1839 2773">
    <p class='ocr_par' dir='ltr' id='par_1_59' title="bbox 1050 2734 1839 2773">
     <span class='ocr_line' id='line_1_59' title="bbox 1050 2734 1839 2773; baseline 0.008 -13"><span class='ocrx_word' id='word_1_449' title='bbox 1050 2734 1173 2765; x_wconf 83' lang='lat' dir='ltr'><strong>Photius,</strong></span> <span class='ocrx_word' id='word_1_450' title='bbox 1191 2742 1220 2762; x_wconf 88' lang='lat' dir='ltr'><strong>se</strong></span> <span class='ocrx_word' id='word_1_451' title='bbox 1234 2743 1354 2764; x_wconf 87' lang='lat' dir='ltr'><strong>canones</strong></span> <span class='ocrx_word' id='word_1_452' title='bbox 1367 2745 1477 2772; x_wconf 90' lang='lat' dir='ltr'><strong>quoque</strong></span> <span class='ocrx_word' id='word_1_453' title='bbox 1490 2738 1688 2772; x_wconf 85' lang='lat' dir='ltr'><strong>apostolorum,</strong></span> <span class='ocrx_word' id='word_1_454' title='bbox 1703 2739 1839 2773; x_wconf 83' lang='lat' dir='ltr'><strong>synodum</strong></span> 
     </span>
    </p>
   </div>
   <div class='ocr_carea' id='block_1_60' title="bbox 1053 2780 1839 2819">
    <p class='ocr_par' dir='ltr' id='par_1_60' title="bbox 1053 2780 1839 2819">
     <span class='ocr_line' id='line_1_60' title="bbox 1053 2780 1839 2819; baseline 0.005 -13"><span class='ocrx_word' id='word_1_455' title='bbox 1053 2780 1307 2815; x_wconf 72' lang='lat' dir='ltr'><strong>Carthaginiensem</strong></span> <span class='ocrx_word' id='word_1_456' title='bbox 1321 2782 1383 2816; x_wconf 86' lang='lat' dir='ltr'><strong>(sub</strong></span> <span class='ocrx_word' id='word_1_457' title='bbox 1400 2784 1516 2817; x_wconf 84' lang='lat' dir='ltr'><strong>primate</strong></span> <span class='ocrx_word' id='word_1_458' title='bbox 1528 2783 1650 2819; x_wconf 83' lang='lat' dir='ltr'><strong>Aurelio)</strong></span> <span class='ocrx_word' id='word_1_459' title='bbox 1674 2788 1701 2811; x_wconf 90' lang='lat' dir='ltr'><strong>et</strong></span> <span class='ocrx_word' id='word_1_460' title='bbox 1721 2785 1839 2814; x_wconf 35' lang='lat' dir='ltr'><strong>nonnula</strong></span> 
     </span>
    </p>
   </div>
   <div class='ocr_carea' id='block_1_61' title="bbox 1051 2824 1837 2856">
    <p class='ocr_par' dir='ltr' id='par_1_61' title="bbox 1051 2824 1837 2856">
     <span class='ocr_line' id='line_1_61' title="bbox 1051 2824 1837 2856; baseline 0.006 -5"><span class='ocrx_word' id='word_1_461' title='bbox 1051 2824 1138 2852; x_wconf 92' lang='lat' dir='ltr'><strong>lorum</strong></span> <span class='ocrx_word' id='word_1_462' title='bbox 1155 2829 1310 2854; x_wconf 83' lang='lat' dir='ltr'><strong>sanctorum</strong></span> <span class='ocrx_word' id='word_1_463' title='bbox 1327 2826 1437 2854; x_wconf 80' lang='lat' dir='ltr'><strong>Patrum</strong></span> <span class='ocrx_word' id='word_1_464' title='bbox 1452 2828 1519 2854; x_wconf 80' lang='lat' dir='ltr'><strong>alios</strong></span> <span class='ocrx_word' id='word_1_465' title='bbox 1531 2835 1648 2855; x_wconf 77' lang='lat' dir='ltr'><strong>canones</strong></span> <span class='ocrx_word' id='word_1_466' title='bbox 1665 2836 1712 2855; x_wconf 93' lang='lat' dir='ltr'><strong>scu</strong></span> <span class='ocrx_word' id='word_1_467' title='bbox 1727 2829 1837 2856; x_wconf 76' lang='lat' dir='ltr'><strong>decreta</strong></span> 
     </span>
    </p>
   </div>
  </div>
