1960 3076
117 188 171 221 433

515 187 716 217 SYNTAGMA
732 185 928 217 CANONUM.
944 196 979 201 —
993 185 1027 214 A.
1047 185 1117 214 MAI
1136 185 1342 216 PR/EFATIO.

1689 179 1740 214 £34

117 246 215 274 eodem
230 253 312 280 opere
331 245 499 274 conclusisse
513 254 521 272 ε
537 249 565 272 et
581 245 671 280 primo
686 245 796 280 quidem
821 244 902 279 μέχρι
916 241 942 272 Α
954 241 1116 270 Lambecius
1129 263 1136 273 ,
1166 241 1370 278 Bibl._Vindob.
1395 241 1439 269 ed.
1467 239 1571 269 Kollar.
1594 239 1643 267 lib.
1667 245 1734 269 vnt.

115 292 166 327 τῆς
192 292 321 326 πέμπτης
345 291 453 318 συνόδου
476 291 592 322 κανόνας
613 291 652 322 εἰς
682 290 711 317 ἓν
741 290 904 323 συναγαγεῖν

117 338 232 372 θέμενος
256 337 376 368 σκοπόν,
401 345 480 371 scopo
499 337 550 364 sibi
563 337 711 372 proposito,
733 341 762 363 ut
792 344 905 363 canones

118 390 199 417 usque
214 381 249 408 ad
267 382 397 416 synodum
414 382 535 416 quintam
555 383 583 408 in
602 390 685 408 unum
710 389 804 414 corpus
830 380 906 408 colli-

118 432 200 463 geret.
218 427 270 454 Sed
285 435 360 459 mox,
380 432 410 454 ut
423 427 523 454 ibidem
537 427 640 459 subdit,
665 427 794 462 ampliato
814 427 906 454 consi-

119 473 167 505 lio,
194 473 304 508 longius
327 474 471 508 processit,
499 473 536 500 ita
560 477 590 500 ut
612 473 731 508 synodos
751 480 860 507 quoque
878 480 908 500 se

119 517 275 552 patriarcha
292 517 399 544 habitas
408 524 485 551 neque
495 517 674 552 excerpserit,
694 523 816 551 opusque
827 522 907 542 suum

120 570 194 589 anno
208 562 318 588 demum
335 569 518 594 nccctxxxui,
531 561 625 596 paucis
637 565 699 588 ante
714 561 817 589 obitum
828 560 908 587 annis

121 607 280 634 absolverit.
296 606 387 634 Prima
402 607 485 641 igitur
497 607 659 641 exterisque
681 607 796 641 amplior
817 606 908 633 Photii

121 651 253 678 canonica
267 651 420 678 lucubratio
434 652 490 679 haec
503 651 563 684 fuit,
583 659 665 685 quam
681 651 761 678 titulo
778 651 908 684 Συναγω-

121 697 183 730 γῆς,
196 697 222 724 id
237 702 278 724 est
289 697 469 730 Collectionis,
482 698 650 733 distinguere
663 697 697 724 ab
709 698 770 724 aliis
784 697 907 724 interest.

122 742 186 768 Haec
199 746 288 769 autem
305 750 440 778 synagoge
461 743 531 777 ipsa,
548 748 577 770 ut
593 750 666 774 reor,
685 747 737 774 est,
752 751 831 776 quam
847 751 910 770 eum

123 785 238 813 Zonaras
262 791 290 814 et
306 787 477 815 Balsamouis
501 788 614 815 scholiis
634 792 691 815 tum
713 789 740 815 in
763 787 911 816 Parisiensi

123 832 253 865 editione,
272 837 329 860 tum
344 833 371 860 in
388 833 528 869 Beveregii
546 834 685 869 praeclaris
703 833 845 861 Pandectis
870 835 910 861 le-

123 878 220 912 gimus.
234 878 395 913 Quanquam
408 881 501 906 eadem
519 879 544 906 in
558 887 638 907 manu
650 880 759 914 scriptis
773 880 911 908 codicibus

123 931 177 950 non
190 924 249 951 sine
263 924 381 959 plurima
396 925 538 956 varietate,
555 933 587 952 ac
607 926 688 953 moto
709 926 815 960 longior
829 927 911 953 modo

123 970 290 996 contractior
303 970 386 1005 jacet,
405 975 433 997 ut
450 971 514 997 mihi
531 971 630 1006 legenti
646 977 818 1007 compertum
834 977 885 1000 est.

159 1015 221 1042 Mox
237 1017 364 1043 secundae
379 1017 578 1045 lucubrationis
593 1022 719 1045 naturam
735 1018 775 1046 sic
796 1019 911 1046 Photius

123 1061 253 1088 describit
272 1070 279 1088 :
297 1062 409 1088 Πάντων
425 1062 453 1089 δὲ
476 1063 531 1089 τῶν
556 1063 773 1098 συνειλεγμένων
795 1064 844 1099 τὴν
865 1064 912 1091 δύ-

122 1115 204 1140 ναμιν
219 1107 259 1138 εἰς
274 1106 382 1138 τίτλους
401 1107 467 1133 δέκα
484 1108 552 1142 πρὸς
574 1108 686 1143 τέτρασι
707 1107 836 1142 συνελὼν,
865 1109 912 1135 καὶ

122 1151 226 1178 τούτων
242 1152 357 1179 ἕκαστον
380 1153 420 1184 εἰς
433 1153 550 1189 διάφορα
565 1153 702 1188 κεφάλαια.
716 1154 811 1182 διελών
826 1162 833 1169 ο
852 1154 911 1181 εἶτα

122 1198 186 1229 τοὺς
200 1198 268 1233 πρὸς
285 1199 404 1234 ἑκάστην
421 1199 534 1235 ζήτησιν
550 1200 720 1235 ἁρμόζοντας
743 1201 822 1236 ὄρους
845 1201 912 1228 ὑπο-

124 1244 192 1276 θεὶς,
208 1244 257 1276 τὰς
280 1253 309 1271 τε
326 1246 514 1281 προσηγορίας
527 1246 582 1273 τῶν
599 1247 698 1278 αὐτοὺς
713 1247 848 1283 εὑρόντων
864 1247 912 1283 δη-

123 1288 226 1321 λώσας,
245 1290 293 1316 καὶ
315 1290 361 1317 τὸν
378 1291 495 1326 ἀριθμὸν
507 1291 551 1318 διὰ
568 1292 621 1318 τῶν
635 1293 824 1328 ἀριθμητικῶν
841 1302 914 1320 στοι-

125 1334 217 1368 χείων,
235 1334 410 1369 εὐσύνοπτον,
425 1336 463 1367 ὠς
482 1334 570 1370 οἶμαι,
581 1338 650 1364 κατὰ
660 1338 776 1372 δύναμιν
786 1339 818 1366 τὸ
834 1339 913 1366 Σύν-

125 1387 224 1413 tanta
242 1381 396 1416 πεποίημαι
411 1389 418 1396 ·
437 1381 542 1409 Horum
559 1387 647 1410 autem
666 1385 784 1411 omnium
801 1384 841 1411 ita
856 1385 912 1412 col-

125 1425 254 1452 lectorum
278 1426 303 1452 vi
324 1427 353 1453 in
374 1427 466 1454 titulos
491 1429 691 1463 quatuordecim
712 1434 858 1463 contracta,
883 1439 914 1458 ac

127 1479 284 1506 unoquoque
300 1472 393 1499 horum
416 1474 555 1500 titulorum
572 1475 599 1501 in
621 1475 694 1501 varia
713 1476 801 1510 cupita
821 1477 914 1503 distri-

128 1517 208 1550 buto;
220 1517 316 1545 deinde
328 1519 469 1554 unicuique
480 1521 620 1555 quwstioni
642 1522 852 1548 convenientibus
871 1523 916 1550 de-

128 1562 295 1594 ﬁnitionibus
312 1564 446 1598 subjectis,
468 1570 658 1601 auctorumque
674 1567 791 1601 ipsorum
809 1569 915 1595 nomine

128 1607 277 1641 declarato,
305 1617 407 1637 necnon
426 1611 506 1638 etiam
543 1619 651 1639 numero
677 1621 724 1647 per
748 1612 917 1641 arithmetica

128 1651 257 1679 elementa
281 1655 420 1688 apposito,
442 1656 547 1690 cognitu
574 1656 664 1690 facile,
694 1662 723 1684 ut
742 1658 845 1692 opinor,
871 1667 918 1693 pro

131 1697 229 1724 uirilius
255 1697 401 1734 Syntngma
419 1700 562 1728 elaboravi.
583 1701 623 1728 En
649 1703 778 1734 secunda,
797 1709 827 1730 ut
851 1703 918 1737 dixi,

130 1743 263 1770 canOiiica
280 1744 366 1772 Photii
385 1745 548 1779 lucubratio,
575 1746 720 1782 Syntagma
745 1748 864 1782 scilicet,
892 1750 920 1777 id

130 1793 171 1814 cst.
187 1789 314 1815 ordinata
334 1791 491 1825 compositio
515 1799 663 1825 canonum,
684 1796 766 1827 atque
786 1794 819 1820 ad
837 1801 920 1828 pecu-

132 1834 226 1861 liarem
253 1835 333 1862 ﬁnem
362 1837 484 1869 directa,
516 1837 541 1864 id
566 1843 609 1865 est
635 1839 668 1865 ad
693 1839 920 1867 demonstraudos

132 1879 393 1916 coutirinaudosque
418 1883 544 1910 canonici
568 1883 640 1918 juris
665 1885 786 1912 delectos
813 1886 918 1914 titulos.

132 1925 216 1952 Aliud
224 1931 265 1952 est
279 1926 372 1961 igitur,
387 1932 416 1953 ut
428 1927 483 1962 jam
499 1927 567 1960 dixi,
585 1935 722 1955 canonum
737 1929 794 1956 sive
807 1937 840 1956 ex
853 1937 921 1964 syn—

133 1971 194 1999 udis
223 1971 280 1999 sive
301 1973 382 1999 etiam
403 1980 435 2000 ex
453 1973 568 2008 singulis
592 1974 721 2002 l’atribus
738 1976 920 2009 coacervatio,

133 2022 215 2050 atque
229 2016 255 2042 iu
270 2024 324 2043 uno
341 2017 479 2044 volumine
501 2019 625 2053 scriptio,
639 2027 700 2053 qua:
724 2019 792 2046 nihil
810 2025 851 2047 est
868 2021 921 2047 nisi

132 2063 257 2096 quadam
276 2064 440 2099 συναγωγή;
456 2065 528 2092 aliud
545 2073 611 2092 vero
636 2066 778 2100 ingeniosa
797 2066 920 2101 ipsorum

132 2108 287 2142 dispositio,
304 2112 385 2143 atque
405 2110 437 2137 ad
452 2115 542 2138 certos
557 2118 654 2145 scopos
668 2111 832 2144 colliueatio,
849 2112 921 2147 quod

133 2154 278 2188 σύνταγμα
304 2155 414 2190 proprie
433 2156 600 2190 appellatur;
618 2164 672 2190 quo
697 2157 830 2184 vocabulo
851 2158 922 2184 Pho-

133 2200 189 2227 tius
205 2200 256 2226 hoc
272 2207 341 2234 opus
353 2207 434 2227 suum
447 2208 556 2235 semper
582 2200 720 2235 indigitat,
746 2206 775 2228 ut
800 2201 919 2236 cuipiam

134 2243 235 2268 librum
251 2246 374 2269 nostrum
389 2242 487 2276 legenti
501 2242 645 2269 constabit.
658 2243 750 2277 Itaque
762 2247 788 2270 et
802 2242 921 2271 Joannes

134 2286 334 2318 Scholasticus,
356 2286 403 2322 qui
426 2286 553 2313 Pliotiunt
569 2287 596 2313 iu
623 2286 772 2322 Byzantiuo
797 2289 920 2322 patriar-

134 2333 216 2360 chatu
245 2333 372 2360 dueeutis
405 2333 485 2360 annis
514 2334 673 2368 prmcessit,
705 2334 778 2368 paris
808 2335 923 2362 omnino

135 2384 281 2406 structurae
299 2379 399 2405 librtttn
419 2387 451 2405 ex
467 2379 620 2407 cauouibus
634 2387 720 2414 usque
733 2380 766 2407 ad
784 2381 921 2415 synodum

134 2429 261 2459 quartam
279 2424 439 2457 conﬁciens,
457 2425 535 2452 sicin
552 2425 630 2452 titulo
649 2425 730 2452 habet
743 2435 750 2452 :
764 2426 925 2452 Συντάττει

135 2471 198 2502 τοὺς
212 2470 291 2502 ὅλους
305 2470 420 2502 κανόνας
446 2471 484 2502 εἰς
503 2470 523 2497 ν’
541 2471 646 2501 τίτλους
669 2479 675 2497 :
691 2470 787 2498 Omnes
812 2479 924 2499 canones

134 2515 181 2545 sub
199 2516 286 2542 titulis
299 2516 489 2550 quinquaginta
499 2515 579 2542 simul
594 2516 793 2550 componil,seu
809 2517 841 2544 ad
855 2517 924 2553 Syn-

135 2567 224 2595 tngma
237 2561 352 2594 redigit;
371 2569 426 2595 quo
441 2561 553 2588 nomine
566 2561 680 2589 Joannis
698 2562 776 2589 labor
792 2568 925 2590 constan-

136 2611 176 2633 ter
190 2606 363 2641 designatur.
380 2607 425 2635 Sic
439 2616 504 2642 ergo
528 2608 652 2643 exposita
672 2608 798 2636 Photiani
825 2610 928 2645 Synta.

136 2653 233 2687 gmatis
248 2661 312 2679 vera
331 2654 452 2686 notione,
465 2662 545 2689 spero
570 2654 666 2682 falsam
690 2655 775 2688 illam,
801 2660 831 2682 ut
854 2663 926 2688 reor,

136 2698 389 2733 bil-liographorum
411 2699 579 2734 opinionem,
594 2700 760 2728 exstinctum
787 2701 831 2733 iri,
854 2700 926 2735 quod

136 2751 234 2779 nempe
249 2744 338 2772 Photii
364 2744 509 2780 Syntagma
527 2746 596 2773 idem
621 2746 656 2779 sit
679 2751 762 2782 atque
788 2746 927 2783 Syttagoge

139 2790 368 2825 (repugnantibus
383 2791 450 2826 ipsis
464 2791 534 2818 inter
545 2799 575 2818 se
590 2793 758 2828 vocabulis);
769 2802 926 2828 quanquam

139 2835 238 2862 nummi
254 2843 364 2871 quoque
379 2836 440 2869 viri,
458 2836 628 2871 ignoratione
640 2838 742 2865 codicis
758 2839 844 2865 nostri
858 2843 885 2866 et
898 2845 928 2865 re

141 2888 237 2914 parum
253 2881 437 2915 considerata,
465 2882 518 2911 isto
535 2883 617 2911 modo
641 2883 724 2912 locuti
748 2889 820 2918 sunt,
842 2883 926 2912 veluti

956 294 982 321 p.
997 286 1065 318 909;
1083 286 1233 317 Fabricius.
1251 287 1321 315 Bibl.
1337 286 1385 314 Gr.
1400 286 1444 314 ed.
1462 294 1524 313 nov.
1538 290 1558 312 t.
1574 284 1619 318 XI,
1638 291 1665 318 p.
1690 283 1738 315 2i,

955 336 983 359 et
1005 336 1024 358 t.
1051 331 1109 365 ΧΠ,
1135 340 1162 367 p.
1190 333 1259 366 £85;
1284 333 1463 364 Assemanus,
1481 331 1543 358 Jur.
1561 329 1665 357 Orient.
1682 334 1702 355 t.
1720 329 1740 359 l,

955 384 983 411 p.
997 376 1042 408 37,
1058 377 1104 412 qui
1119 377 1146 404 in
1161 378 1253 405 codice
1271 377 1333 405 Vat.
1346 377 1425 409 “85,
1442 380 1470 404 et
1485 375 1573 403 Palat.
1594 374 1648 402 408
1664 394 1672 407 ,
1696 381 1744 401 ex-

956 426 1029 449 stare
1052 422 1089 448 ait
1103 422 1192 450 Photii
1217 422 1376 458 Syntagma,
1403 423 1429 449 in
1457 421 1558 457 quibus
1584 427 1680 456 reapse
1706 420 1744 447 ttil

957 471 1054 501 printer
1079 466 1301 507 Nomocanonem_
1322 475 1354 494 ac
1381 466 1535 502 Synagogen
1564 473 1626 493 cum
1649 464 1744 492 Balsa-

962 513 1052 539 monis
1069 513 1188 541 Scholiis
1211 513 1337 540 habetur.
1358 513 1480 548 Denique
1497 517 1524 540 et
1539 511 1659 539 Iacobus
1685 510 1743 537 Mo-

958 559 1054 587 iellius
1068 559 1094 586 in
1112 559 1183 586 Bibl.
1202 559 1233 587 S.
1254 559 1351 592 Marci,
1368 567 1395 594 p.
1411 559 1457 594 97,
1484 558 1573 586 Photii
1598 558 1746 593 Sytitagmo

959 606 1078 640 appellat
1091 605 1225 641 nobisque
1239 606 1363 641 exponit,
1379 606 1405 633 id
1423 606 1496 640 quod
1513 603 1658 632 manifeste
1678 602 1748 630 nihil

959 657 1002 679 est
1013 651 1084 679 aliud
1100 659 1183 687 quam
1202 652 1289 679 Photii
1304 653 1391 687 prima
1407 651 1557 686 Synagoge,
1580 649 1702 678 nondum
1719 649 1747 675 in

961 698 1056 725 titulos
1071 697 1229 730 distributa,
1247 705 1337 732 neque
1351 697 1395 725 ade
1405 697 1586 732 Syntagmatis
1612 696 1747 723 rationem

961 744 1082 771 redacta.
1094 743 1233 771 Tcuemus
1248 743 1304 778 jam
1331 743 1414 778 igitur
1434 743 1525 770 Photii
1546 742 1693 777 Syntagma
1716 747 1749 766 ex

962 790 1071 825 propria
1099 789 1241 825 Synagnge
1255 790 1290 816 ab
1308 789 1402 817 eodem
1421 794 1558 824 sumptum
1568 809 1575 821 ,
1588 793 1615 815 et
1629 789 1656 815 lu
1684 788 1749 814 titu-

963 835 1005 862 los
1021 843 1066 862 xiv
1082 835 1271 867 distributum,
1301 834 1328 861 in
1346 842 1464 870 quorum
1480 834 1596 869 singulis
1619 833 1750 861 continua

965 883 1125 916 integraque
1147 881 1270 908 dictione
1294 887 1343 908 eos
1366 887 1486 907 canones
1511 879 1632 914 scripsit.
1652 878 1699 913 qui
1717 878 1750 905 ad

965 934 1021 953 rem
1038 926 1204 961 propositam
1217 925 1433 953 confirmandam
1447 930 1573 960 prosunt.
1588 924 1675 957 Quam
1692 931 1749 950 rem

965 971 1001 998 ita
1018 979 1048 998 se
1061 972 1172 1003 habere,
1189 971 1274 998 codex
1288 971 1493 1002 Columnensis,
1507 978 1581 997 nunc
1593 970 1751 1001 Vaticanus.

963 1018 998 1045 de
1012 1026 1066 1052 quo
1083 1025 1164 1051 supra
1179 1018 1355 1052 in;Germano
1368 1017 1434 1049 dixi,
1451 1016 1620 1044 demonstrat
1633 1025 1640 1043 :
1654 1015 1750 1045 codex,

966 1062 1089 1096 inquam,
1112 1062 1237 1097 insignis,
1266 1062 1475 1092 membraneus,
1503 1061 1644 1096 antiquus,
1660 1061 1751 1089 saeculi

966 1115 1065 1143 nempe
1089 1108 1186 1136 saltem
1205 1117 1253 1141 xu,
1280 1108 1447 1144 calligrapha
1471 1107 1649 1142 diligentique
1670 1114 1752 1134 manu

966 1154 1097 1189 scriptus,
1120 1159 1256 1189 tantasque
1280 1155 1414 1187 raritatis,
1437 1158 1467 1182 ut
1492 1154 1536 1182 hic
1560 1154 1635 1181 solus
1658 1153 1750 1180 Photii

966 1207 1071 1227 verum.
1090 1199 1235 1235 Syntagma
1260 1201 1401 1228 continere
1425 1200 1549 1227 videatur
1570 1209 1576 1227 :
1602 1194 1655 1226 nisi
1684 1199 1753 1226 forto

966 1246 1040 1273 aliud
1056 1246 1196 1280 exemplar
1204 1251 1247 1273 est
1261 1246 1288 1273 in
1301 1246 1396 1273 codice
1411 1246 1581 1273 Dubliniensi
1595 1253 1659 1273 mss.
1671 1245 1751 1279 Angl.

966 1297 993 1319 et
1007 1291 1117 1319 llibern.
1137 1297 1156 1319 t.
1170 1291 1203 1325 ll,
1218 1296 1288 1326 part.
1305 1300 1336 1324 ιι,
1353 1299 1379 1327 p.
1397 1291 1441 1324 40,
1459 1292 1505 1327 qui
1517 1292 1556 1320 sic
1570 1292 1733 1320 describitur
1747 1301 1752 1318 :

967 1340 1057 1367 Photii
1072 1340 1140 1375 leges
1158 1338 1314 1375 (canones?)
1330 1347 1376 1374 per
1394 1339 1510 1374 capitula
1525 1339 1634 1373 digesta:
1652 1338 1753 1373 plenius

968 1393 1048 1420 quam
1063 1386 1090 1412 in
1105 1385 1306 1412 Nomocnnone.
1327 1385 1406 1411 Certe
1433 1384 1455 1411 si
1480 1392 1592 1411 canones
1615 1391 1664 1418 pro
1687 1383 1754 1418 leges

969 1430 1143 1457 scribendum
1161 1429 1222 1461 fuit,
1238 1435 1365 1457 accurata
1381 1429 1447 1456 mihi
1462 1429 1519 1457 haec
1530 1429 1665 1456 videretur
1684 1428 1754 1455 Pho-

969 1475 1034 1502 tiani
1055 1475 1235 1510 Syntagmatis
1249 1475 1381 1502 definitio.

1004 1521 1082 1548 Nunc
1104 1521 1160 1556 jam
1191 1521 1315 1555 sequitur
1333 1525 1361 1547 ut
1383 1520 1416 1547 de
1440 1519 1528 1546 tertiis
1548 1518 1636 1545 Photii
1656 1518 1689 1545 ad
1711 1517 1755 1552 jus

970 1567 1134 1595 canonicum
1157 1567 1231 1594 curis
1259 1567 1397 1593 dicamus.
1430 1565 1561 1592 llomines
1589 1565 1626 1592 ita
1657 1569 1756 1591 natura

970 1613 1120 1649 comparati
1146 1618 1221 1646 sunt,
1249 1618 1279 1640 ut
1308 1617 1385 1640 actus
1416 1619 1481 1640 suos
1509 1610 1606 1646 partim
1632 1610 1757 1644 exemplo

970 1661 1049 1692 duce,
1061 1659 1159 1694 partim
1171 1659 1282 1693 proprio
1290 1658 1435 1685 ratiocinio
1446 1661 1577 1691 motuque
1586 1656 1756 1690 depromunt.

971 1705 1122 1740 Utramque
1141 1705 1212 1731 hanc
1225 1704 1346 1738 regulam
1373 1707 1484 1730 secutus
1499 1701 1613 1728 Photius
1626 1701 1733 1728 videtur
1749 1710 1756 1727 ε

971 1760 1089 1787 namque
1103 1755 1132 1778 ut
1147 1759 1199 1778 uou
1216 1751 1305 1778 solum
1318 1749 1464 1784 Syutagma
1474 1749 1521 1776 sed
1537 1747 1755 1775 Nomoctmanem

973 1799 1056 1825 etiam
1083 1797 1214 1824 conderet
1231 1796 1268 1826 (id
1291 1796 1364 1823 enim
1382 1795 1462 1822 tertio
1477 1794 1550 1829 operi
1564 1799 1605 1821 est
1627 1793 1738 1828 nomen)
1750 1813 1757 1824 ,

971 1843 1068 1870 ducem
1084 1840 1179 1868 habuit
1191 1840 1357 1868 antedictum
1370 1839 1514 1871 Joannem,
1531 1840 1578 1874 qui
1590 1837 1760 1873 Syntagmati

972 1896 1023 1916 suo
1041 1887 1254 1914 Nomocauonem
1280 1887 1357 1913 illum
1381 1885 1532 1917 subtexuit,
1551 1892 1632 1919 quem
1655 1884 1759 1918 primus

971 1934 1102 1961 Justellus
1115 1932 1211 1960 edidit.
1225 1931 1277 1960 Sed
1288 1933 1361 1959 enim
1378 1932 1442 1958 illud
1461 1931 1547 1958 multo
1558 1930 1759 1961 vehementius,

972 1985 1003 2008 ut
1019 1980 1127 2015 opinor,
1145 1979 1273 2006 Photium
1293 1978 1412 2013 impulit,
1426 1978 1490 2012 quia
1512 1977 1657 2014 Syntagma
1679 1983 1759 2004 suunt

973 2025 1179 2061 repetitionibus
1195 2025 1321 2059 plurimis
1336 2024 1461 2051 laborare
1476 2023 1600 2055 videbat;
1615 2027 1759 2057 propterea

973 2072 1045 2106 quod
1067 2071 1178 2098 eosdem
1195 2077 1328 2100 canones,
1343 2073 1369 2096 et
1388 2069 1498 2104 quidem
1522 2076 1593 2102 saepe
1613 2068 1759 2102 longiores,

973 2125 1081 2144 necnon
1110 2117 1220 2150 copiosa
1237 2116 1348 2142 Patrum
1369 2119 1519 2149 segmenta,
1540 2115 1592 2146 bis,
1608 2117 1717 2148 quater,
1729 2120 1761 2140 ac

973 2162 1089 2189 fortasse
1110 2161 1203 2188 decies
1223 2160 1369 2195 aliquando
1389 2166 1530 2186 recurrere
1550 2165 1664 2185 necesse
1689 2162 1758 2189 erat,

974 2207 1038 2242 quia
1050 2206 1167 2233 diversis
1182 2205 1270 2232 titulis
1284 2209 1311 2232 et
1325 2204 1453 2238 capitulis
1474 2211 1552 2238 atque
1574 2202 1748 2237 quadrabant

933 2256 960 2286 D
975 2252 1046 2287 Ergo
1061 2251 1167 2279 etiamsi
1185 2250 1332 2285 Syntaqma
1350 2250 1454 2277 utiliter
1470 2248 1627 2276 confectum
1648 2252 1717 2280 erat,
1734 2248 1761 2274 in

974 2306 1028 2333 quo
1038 2297 1129 2324 omnia
1141 2296 1200 2323 suis
1214 2295 1282 2323 locis
1297 2295 1448 2330 perscripta
1469 2294 1627 2325 exstabant,
1641 2294 1762 2321 molesta:

975 2349 1065 2370 tamen
1077 2341 1156 2369 valde
1166 2341 1394 2371 exscribcntibus,
1415 2347 1512 2374 graves
1525 2340 1590 2366 item
1605 2339 1761 2366 ementibus

975 2385 1134 2413 accidebant
1152 2392 1289 2411 canonum
1306 2383 1485 2418 repetitiones
1501 2387 1550 2415 tot,
1563 2390 1625 2417 qua:
1635 2383 1760 2410 volumen

975 2429 1170 2466 propemodum
1180 2429 1366 2462 duplicabant.
1376 2428 1445 2460 Quid
1458 2428 1557 2463 igitur?
1566 2427 1761 2455 Brevissimum

974 2476 1119 2504 delineavit
1133 2475 1246 2503 Photius
1275 2475 1477 2509 compendium.
1501 2474 1529 2501 in
1547 2482 1603 2508 quo
1621 2474 1761 2501 titulorum

975 2526 1002 2550 et
1016 2521 1196 2557 capitulorum
1217 2520 1383 2547 theinatibus
1410 2520 1448 2546 nil
1473 2519 1659 2546 substerneret
1675 2518 1761 2550 aliud,

975 2574 1056 2601 quam
1079 2564 1266 2592 aiithmeticas
1290 2567 1369 2590 notas
1390 2562 1500 2589 illorum
1524 2569 1672 2592 canonum,
1692 2569 1762 2596 quos

975 2612 1029 2638 lata
1046 2610 1171 2637 oratione
1188 2609 1334 2642 scripserat
1358 2608 1385 2634 in
1401 2607 1586 2643 Syntagmate.
1603 2607 1651 2633 Est
1671 2607 1763 2641 itaque

976 2654 1152 2681 Nomocatton
1169 2654 1302 2681 breviatio
1321 2661 1395 2680 mera
1418 2652 1611 2688 Syntagmatis.
1630 2652 1676 2679 Sic
1688 2651 1761 2678 enim

975 2701 1057 2726 etiam
1083 2701 1109 2726 in
1134 2700 1209 2727 calce
1236 2699 1435 2726 Namocanonis
1460 2699 1578 2733 legitur:
1601 2697 1683 2728 Τέλος
1707 2696 1762 2722 τῶν

976 2745 1043 2771 δέκα
1059 2744 1127 2779 πρὸς
1140 2745 1197 2775 τοῖς
1223 2744 1357 2778 τέσσαρσι
1371 2743 1470 2770 τίτλων
1490 2742 1546 2769 τῶν
1561 2742 1636 2776 παρὰ
1657 2740 1760 2767 Φωτιου

978 2791 1192 2826 συνοψιοθέντων
1205 2799 1212 2806 ·
1228 2790 1375 2824 expliciti"!
1390 2789 1588 2824 quatuordecim
1602 2786 1674 2813 tituli
1689 2786 1762 2821 (qua

977 2843 1018 2865 est
1032 2839 1089 2872 ipsa
1101 2843 1198 2864 natura
1214 2845 1241 2864 et
1255 2836 1413 2864 constitutio
1427 2833 1618 2870 Syutagmatis)
1633 2842 1649 2860 η
1667 2832 1762 2859 Photio

979 2884 1007 2911 in
1018 2883 1201 2918 compendium
1224 2883 1324 2910 redacti
1344 2882 1383 2917 (id
1400 2887 1442 2910 est
1465 2879 1659 2914 Nomocanvn).
1688 2878 1769 2906 Dicet.
