1960 3076
183 187 237 219 435

760 173 890 205 ΡΗΟΤῙΙ
910 165 1163 202 PATRIARCH/E
1176 165 1232 195 ΟΡ.

1759 149 1811 181 436

184 208 237 219 τυυ

184 241 304 277 aliquis:
325 239 354 266 Si
368 237 541 265 Nomocauon
554 241 602 271 per
619 232 807 261 arithuteticas
827 235 907 258 ttotas
921 236 970 257 ca-
987 229 1008 256 Α
1024 224 1070 252 ιὼὶ
1090 224 1153 251 item
1174 218 1367 247 συντάττονται
1384 220 1520 246 canones;
1548 217 1642 238 verum
1670 209 1698 236 ln
1719 208 1812 243 priore

840 275 854 277 -
1031 271 1038 277 -
1082 269 1095 275 -
1137 267 1218 277 μωιε-
1233 265 1296 277 :..-.-..
1326 263 1352 277 :..
1379 261 1530 277 ...ιι-ιιιηςηνα
1550 266 1598 277 mu-
1613 257 1730 277 india-nm
1753 255 1812 277 sine

188 275 291 317 nonem
319 284 433 315 indicat.
455 282 536 316 isque
556 287 646 309 canon
671 279 699 306 in
717 277 806 305 Photii
834 275 973 312 Synagoge

186 333 318 364 occurrit,
333 339 383 360 cur
397 330 455 366 jam
471 328 646 364 Syntagmatc
668 330 737 360 opus
753 323 807 351 sit?
823 322 906 357 Ergo,
929 321 972 348 in-

187 387 283 416 quam,
299 375 415 405 Joannis
428 380 539 410 quoque
549 372 698 408 Syntagma
712 373 774 405 post
785 368 846 404 ejus
870 366 976 393 Nomo-

187 413 327 455 eanouem,
340 426 367 450 et
384 424 446 456 post
458 419 593 446 adunatos
604 416 682 444 toties
697 414 827 443 Ecclesiae
843 413 977 441 universa:

189 475 322 500 canones,
336 474 389 494 usu
407 463 535 493 carebit?
553 462 627 498 quod
646 468 728 489 nemo
749 459 879 487 cordatus
891 457 976 485 dicet.

189 512 331 543 Cresconii
345 509 468 539 Africani
490 508 658 536 Breviarium
681 512 819 534 canonum
844 503 978 531 habemus

190 560 265 596 quod
281 558 410 596 (demptis
425 553 679 590 civilibuslegibus)
698 552 816 580 Joannis
832 550 979 585 Pbotiique

192 607 409 635 Nomoeanonem
425 609 540 638 prorsus
554 605 689 635 exmquat.
711 598 782 626 Num
800 598 853 625 hoc
876 597 979 624 idcirco

190 657 218 681 et
232 653 285 691 alia
302 652 490 693 Syntagmata,
503 655 565 683 quae
579 650 621 674 tot
640 649 761 678 exstant,
774 643 927 679 praesertim
951 643 979 669 in

191 688 436 732 jure—novo,'puta
446 693 567 722 Anselmi
582 692 725 723 Lucensis,
737 689 886 717 cardinalis
898 688 980 716 Dens-

192 742 280 776 dedit,
296 740 431 773 Gratiani,
455 738 615 775 pontiﬁcum
640 735 764 771 Gregorii
787 738 814 761 et
835 732 980 765 Bonifacii,

194 789 313 816 utilitate
327 785 443 816 carent?
458 785 543 813 Nemo
560 783 587 811 id
607 790 691 811 sanus
707 780 895 808 arbitrabitur.
909 779 982 812 Quin

194 835 265 862 adeo
282 834 306 861 si
330 840 388 860 rem
414 831 487 860 hanc
506 830 540 858 ad
563 828 688 857 veritatis
711 827 817 854 lancem
838 826 982 856 libremus,

196 878 385 915 Syntagmatis
409 883 478 904 usus
496 874 639 909 occupatis
662 876 736 901 certe
756 871 914 899 hominibus
941 870 982 898 vel

197 926 332 953 librorum
357 923 437 958 copia
461 929 516 949 non
542 919 746 948 abundantibus
768 918 849 952 longe
873 916 984 951 pronior

196 972 249 999 crit
263 975 290 998 et
303 969 482 998 fructuosior.
494 967 571 995 Licet
592 967 665 995 enim
686 966 711 993 in
733 963 918 992 Nomocanone
933 970 984 989 nu-

199 1017 311 1044 meralis
327 1020 389 1044 nota
402 1015 470 1042 mihi
493 1021 627 1042 canonem
643 1012 754 1044 indicet,
776 1015 896 1038 attamen
913 1009 987 1037 hunc

200 1063 311 1092 nonnisi
330 1063 446 1090 moleste
462 1066 491 1089 et
506 1068 615 1088 morose
627 1060 654 1086 in
679 1059 831 1094 Synagoget
850 1056 988 1091 farragine

199 1115 337 1144 quaeram.
361 1107 424 1142 (Qui
444 1111 518 1135 certe
539 1113 572 1133 ex
595 1104 699 1139 Cujacii
717 1104 795 1131 libris
815 1103 860 1138 jus
884 1101 989 1130 discere

201 1158 278 1188 avet,
303 1153 394 1189 ipsum
419 1151 510 1187 potius
529 1150 652 1178 auctoris
676 1153 791 1181 textura,
806 1155 889 1183 quam
903 1147 988 1174 Alba-

203 1200 299 1227 nettsis
315 1197 534 1234 promptuarium
555 1197 649 1231 leget.)
663 1195 765 1222 Contra
782 1194 805 1222 si
823 1194 850 1220 itt
876 1192 990 1227 singulis

202 1246 302 1279 titulis,
315 1246 389 1273 intra
404 1243 619 1279 unumquodque
634 1241 794 1277 capitulum,
807 1244 891 1276 prout
911 1240 942 1267 lit
962 1239 989 1266 itt

202 1292 389 1327 Symagmate,
407 1294 589 1326 congruentes
603 1295 723 1316 canones
735 1287 803 1323 ipsis
817 1286 907 1314 verbis
923 1285 992 1313 rcci-

203 1342 278 1365 tatos
293 1336 451 1368 nanciscor,
475 1342 520 1363 res
542 1339 598 1362 tota
614 1334 681 1361 milti
705 1333 821 1361 incurrit
838 1333 864 1360 in
884 1331 991 1364 octtlos,

204 1391 293 1418 neque
301 1382 408 1417 longius
419 1381 570 1416 quidquam
580 1379 701 1415 requiro.
712 1380 746 1406 At
754 1377 909 1413 injucundae
920 1384 993 1412 repe-

205 1431 317 1458 titiones
337 1433 412 1456 sunt.
430 1427 519 1461 Sane;
536 1427 632 1461 haeque
662 1426 697 1453 ob
712 1424 843 1452 delicatos
873 1424 988 1451 lectores

205 1481 301 1502 ausam
320 1472 523 1505 Nomocanoni,
558 1471 637 1506 quasi
666 1469 749 1498 indici
770 1477 802 1497 ac
820 1467 992 1503 repertorio,

206 1518 338 1548 struendo
351 1518 496 1546 dederunt.
512 1517 568 1552 Ego
585 1523 695 1552 quoque
712 1515 782 1542 hattc
795 1514 918 1542 eamdem
934 1521 994 1540 mo-

206 1567 313 1594 lestiam
328 1566 398 1593 inter
415 1564 516 1592 librum
540 1561 753 1598 impritttendum
768 1564 905 1594 expertus,
923 1558 992 1593 coepi
1009 1563 1031 1594 ο

206 1613 283 1640 locos
300 1612 431 1647 repetitos
443 1610 589 1642 omittere;
607 1609 643 1636 ita
661 1612 762 1640 tamen,
777 1614 808 1633 ut
826 1613 920 1633 eorutn
939 1604 995 1632 ini-

207 1657 253 1685 tiis
264 1657 384 1692 scriptis,
403 1657 522 1684 lectores
534 1662 611 1683 meos
626 1661 674 1688 per
688 1652 888 1687 παραπομπάς,
903 1651 996 1678 remis-

208 1704 295 1731 siones
310 1703 359 1738 (ut
373 1703 404 1730 iit
417 1702 444 1729 itt
461 1700 626 1729 Damasceni
642 1698 806 1733 Parallelis)
825 1698 858 1725 ad
872 1698 927 1733 jatn
947 1705 990 1724 ex-

208 1753 326 1778 stantem
341 1749 369 1776 in
382 1747 452 1775 libro
466 1754 527 1774 meo
542 1753 686 1778 canonem,
701 1745 805 1772 intento
818 1744 900 1771 veluti
912 1743 998 1778 digito

211 1794 415 1822 amandarem:
440 1799 529 1827 neque
544 1792 618 1819 enim
643 1791 789 1826 quisquam
813 1790 882 1817 adeo
906 1789 998 1823 segnis

210 1841 274 1871 erit,
289 1846 371 1875 quem
386 1846 473 1874 pauca
488 1838 627 1865 revolvere
638 1837 666 1864 in
679 1836 775 1864 eodettt
786 1835 925 1863 volumine
934 1834 998 1861 folia

212 1884 314 1919 pigeat,
330 1888 361 1910 ut
374 1882 509 1917 pagellant
525 1881 654 1916 inspiciat
670 1888 752 1915 quant
772 1879 905 1907 nuttterali
921 1879 1000 1913 signo

213 1932 384 1958 demonstro.
399 1928 445 1956 Sic
459 1936 525 1963 ergo
542 1933 569 1955 et
583 1928 711 1955 recitatos
723 1934 738 1953 a
754 1926 854 1953 Photio
867 1932 998 1956 canones.

215 1979 332 2004 cunctos
350 1974 524 2007 conservavi,
543 1978 570 2001 et
583 1978 675 2000 tamen
689 1972 749 1999 libri
768 1972 867 1999 molem
888 1970 1000 1998 dimidia

215 2022 302 2050 ferme
319 2025 397 2056 parte
414 2020 542 2048 dimittui.
561 2019 681 2054 Denique
693 2019 760 2046 aio:
780 2018 809 2045 Si
834 2017 898 2052 quis
919 2024 1002 2044 cano-

215 2076 280 2096 num
296 2073 419 2096 veterum
435 2075 448 2094 a
468 2067 564 2094 Photio
579 2066 761 2094 collectorum
773 2065 894 2092 scientize
902 2064 1000 2096 studet,

215 2122 277 2142 eunt
301 2114 343 2142 vel
357 2112 540 2140 universalem
557 2111 713 2147 Synagogen
734 2118 783 2138 sus
796 2111 885 2144 deque
907 2117 1003 2144 pervo-

216 2162 304 2188 lutare
316 2167 430 2187 necesse
440 2163 492 2190 est,
508 2158 549 2185 vel
567 2158 618 2185 hoc
633 2157 780 2192 Syntagma
795 2156 882 2183 multo
894 2155 1004 2183 brevius

217 2211 299 2240 atque
311 2205 468 2233 ordinatius
483 2208 509 2231 et
525 2203 563 2230 rei
581 2203 705 2237 quzesilaa
727 2201 898 2229 invenienda:
913 2200 1003 2234 aptius

217 2251 367 2286 perlegere.
391 2249 498 2277 Etenim
517 2248 728 2279 Nomocanonis,
752 2247 798 2274 ubi
823 2247 892 2274 nihil
905 2250 1005 2280 praeter

219 2303 396 2324 numerorum
409 2295 566 2331 congeriem
581 2299 633 2326 est,
646 2294 718 2320 nttlla
734 2300 782 2328 per
791 2300 820 2320 se
832 2292 1004 2327 jucuntlitas,

219 2348 309 2375 neque
326 2340 430 2368 utilitas
444 2348 506 2368 esse
521 2341 640 2372 videtur,
656 2339 710 2379 nisi
733 2343 871 2374 quatenus
894 2337 1005 2364 iudiculi

219 2386 280 2413 vice
293 2385 465 2421 defungitur.

256 2430 310 2459 Sed
327 2435 423 2458 contra
448 2430 518 2457 hanc
540 2428 665 2457 Pltotiani
684 2429 775 2463 operis
800 2434 899 2455 trinam
924 2428 1008 2462 parti-

222 2479 336 2508 tionem.
362 2477 490 2504 tenebras
513 2476 659 2511 quasdam,
677 2475 775 2507 fateor,
800 2474 919 2501 olittttdit
941 2481 1007 2509 pra?-

221 2525 359 2556 fatioilla,
376 2530 429 2558 qua
443 2521 557 2550 Photius
581 2521 794 2549 Nomocanoncm
818 2528 898 2547 suum
924 2520 1010 2547 comi-

224 2573 298 2596 tatus
326 2574 377 2595 est.
411 2566 479 2594 Nam
515 2570 576 2601 post
609 2565 724 2592 recitata
754 2564 882 2598 superius
916 2564 1009 2597 verba,

225 2614 401 2649 prosequitur
412 2620 530 2640 narrans
543 2611 616 2647 quod
632 2619 752 2639 canones
771 2611 873 2638 idcirco
885 2610 1013 2638 arithme-

222 2661 286 2690 ticis
300 2665 406 2688 tantum
423 2659 546 2687 numeris
559 2658 731 2691 indicaverit,
746 2665 780 2685 ne
794 2657 951 2693 frequentes
970 2664 1013 2684 re-

224 2705 370 2740 petitiones
377 2704 484 2737 fierent,
496 2711 556 2739 quae
565 2703 718 2739 legentibus
730 2701 868 2729 fastidium
878 2706 1012 2730 crearent.

227 2750 315 2783 Hunc,
344 2750 468 2786 inquam,
494 2749 584 2777 locum
610 2748 658 2784 qui
686 2748 766 2783 leget,
799 2747 1015 2775 Nomocanonem

226 2802 308 2833 atque
323 2797 482 2832 Syntagma,
492 2803 576 2823 unum
592 2795 657 2831 quid
672 2802 726 2822 non
745 2794 810 2826 duo,
826 2802 887 2823 esse
898 2795 1014 2829 putabit.

227 2841 321 2876 Neque
347 2848 414 2869 sane
441 2848 527 2875 nrgo,
554 2847 653 2868 nomen
679 2838 875 2873 Synlagmatis,
896 2838 930 2866 de
959 2837 1015 2865 No-

229 2894 372 2916 mocanoue
401 2895 510 2924 quoque
534 2888 657 2923 potuisse
680 2895 694 2914 a
718 2887 817 2914 Photio
830 2885 1014 2922 pronuntiari,

1025 269 1116 306 ῥητῶς
1135 267 1218 295 verbis
1232 265 1306 300 ipsis.
1326 263 1353 290 itt
1379 261 1531 298 posteriore
1550 266 1598 294 per
1613 257 1731 285 indicem
1753 255 1813 282 sine

1024 300 1065 344 Ire'.
1078 313 1168 348 Quare
1181 311 1286 348 aequius
1307 313 1349 337 est
1364 312 1395 335 ut
1412 306 1556 340 σύνταγμα
1574 302 1749 332 vocabulum,
1766 300 1814 327 de-

1025 358 1159 395 sigttando
1180 345 1301 385 secundo
1316 353 1392 389 operi
1417 360 1433 380 a
1460 351 1540 379 nobis
1558 351 1723 377 reservetur.
1741 345 1815 372 Prae-

1027 389 1101 430 terea
1117 399 1301 436 reputandum
1316 401 1369 428 est,
1385 395 1475 423 Pltotii
1489 394 1590 421 dictam
1614 389 1814 426 pnmfationem,

1027 455 1089 483 qua:
1103 435 1174 481 apud
1196 444 1339 472 Justellum
1355 444 1407 474 est,
1429 448 1483 468 non
1500 437 1645 472 συναγωγῇ
1669 435 1816 462 collectioni

1029 492 1194 524 universali,
1227 497 1317 526 neque
1342 485 1527 524 Syutagmati,
1553 483 1600 511 sed
1633 481 1817 508 Nomocanoni

1029 539 1116 566 fuisse
1128 536 1314 572 praepositam,
1329 538 1359 561 ut
1375 530 1541 559 Oxoniensis
1555 528 1639 556 codex
1649 527 1820 554 demonstrat

1030 568 1136 611 (recalet;
1143 568 1243 612 εις-τὸν
1259 578 1437 615 Νομοκάνονα
1454 574 1602 610 πρόλογος·
1617 573 1732 605 ideoque
1749 568 1820 595 Pho-

1031 630 1086 658 tius
1097 629 1130 656 de
1143 625 1342 655 Nomacanonis
1364 627 1471 651 tantum
1497 624 1636 649 structura
1661 622 1726 644 tutte
1743 615 1820 643 solli.

1032 675 1115 706 citus,
1143 673 1170 700 in
1200 673 1252 699 hoc
1280 677 1336 698 uno
1359 668 1465 697 scilicet
1490 663 1709 694 commendando
1735 661 1819 688 verba

1033 718 1214 753 consumpsit.
1231 715 1279 743 Vel
1293 715 1384 751 potius
1396 712 1544 741 dicendum
1559 715 1611 742 est,
1627 707 1819 735 Praefationem

1033 765 1107 794 illam
1129 752 1267 791 arPltotio
1289 761 1375 788 tribus
1397 766 1474 794 teque
1501 757 1558 785 suis
1583 754 1713 790 operibus
1736 752 1823 779 fuisse

1035 810 1186 847 prtelixam,
1201 807 1313 835 mutatis
1335 810 1441 834 tantum
1464 807 1546 839 prout
1565 809 1609 829 res
1632 799 1736 827 ferebat
1760 805 1824 832 par-

1036 843 1108 883 tibus
1123 853 1250 890 propriis.
1267 852 1347 879 Certe
1368 849 1532 878 Lambecius
1547 847 1586 874 sic
1598 845 1742 881 judicavit,
1768 843 1822 869 loc.

998 894 1021 923 Β
1035 899 1083 927 cit.
1100 885 1130 934 p:
1145 885 1207 929 969,
1224 896 1269 923 ubi
1288 895 1325 922 ait
1342 904 1349 922 :
1366 893 1516 921 Memorata
1527 890 1651 926 prwfatio
1671 888 1705 915 ad
1721 885 1823 914 Nomo-

1035 951 1169 972 canoncm
1193 947 1320 977 tanquam
1339 948 1404 974 opus
1422 937 1611 966 secundarium
1628 934 1673 962 sed
1692 933 1825 968 praecipue

1037 988 1071 1016 ad
1087 988 1171 1022 ipsum
1184 985 1332 1021 Syntagma
1347 989 1486 1014 canonum,
1503 985 1629 1015 tanquam
1647 985 1711 1013 opus
1727 976 1827 1012 prima-

1037 1021 1108 1061 riunt
1124 1033 1245 1068 pertinet.
1259 1031 1317 1058 Etsi
1334 1027 1510 1059 Lambecius,
1529 1031 1558 1053 ut
1570 1024 1648 1052 initio
1668 1023 1736 1055 dixi,
1754 1021 1825 1056 Syn-

1039 1085 1128 1114 tagma
1144 1079 1169 1105 id
1182 1082 1259 1112 putat
1271 1075 1343 1111 quod
1355 1079 1396 1102 est
1408 1073 1557 1109 Synagoge.
1569 1070 1671 1098 Verum
1684 1068 1827 1095 enimvero

1039 1113 1111 1160 quod
1128 1124 1274 1159 Syntagma
1285 1129 1359 1148 nunc
1372 1120 1486 1150 editum,
1505 1125 1574 1153 opus
1595 1115 1759 1143 Pbotianum
1780 1113 1827 1143 sit.

1040 1169 1098 1204 ipse
1114 1168 1142 1195 in
1158 1167 1255 1203 primis
1278 1165 1454 1193 Nomocanon
1479 1161 1618 1190 evidenter
1644 1156 1824 1192 comprobat:

1041 1200 1141 1240 etenim
1158 1200 1254 1242 Vtituli,
1284 1213 1312 1236 et
1337 1207 1465 1243 capitula,
1492 1209 1520 1232 et
1547 1209 1683 1231 canouunt
1710 1200 1828 1231 nttmeri,

1042 1262 1176 1295 quotquot
1191 1259 1217 1284 itt
1236 1256 1425 1283 Nomocanone
1437 1253 1646 1283 adumbranlur,
1667 1250 1685 1276 ii
1710 1249 1744 1276 ad
1761 1247 1831 1282 Syn-

1044 1311 1134 1339 tagma
1162 1306 1286 1330 nostrum
1311 1299 1479 1328 adantussitn
1507 1297 1599 1325 cuncti
1626 1295 1782 1322 referuntur
1804 1296 1832 1318 et

1043 1338 1205 1385 provocant,
1223 1347 1288 1382 quin
1303 1354 1337 1373 tte
1353 1345 1438 1372 hilum
1452 1343 1563 1379 quidem
1582 1342 1720 1369 aberrent.
1740 1338 1832 1373 Neque

1045 1395 1115 1423 hanc
1140 1393 1281 1421 veritatem
1307 1391 1374 1418 illud
1401 1390 1534 1420 inﬁrmat,
1559 1387 1632 1423 qttod
1661 1387 1687 1413 itt
1713 1385 1832 1412 editione

1046 1444 1139 1467 nostra
1149 1436 1346 1473 Syntagmatis,
1360 1443 1387 1470 p.
1405 1435 1447 1468 il,
1462 1434 1526 1466 '278,
1543 1432 1606 1465 406,
1626 1439 1681 1458 non
1699 1435 1790 1457 autent
1805 1428 1832 1454 itt

1048 1472 1247 1514 Nomocanone,
1259 1480 1383 1507 laudatur
1398 1477 1519 1514 synodus
1530 1472 1834 1508 Constantinopolitatta

1047 1529 1111 1564 περὶ
1135 1528 1269 1557 ὲνὼσεως.
1281 1532 1363 1560 quam
1391 1519 1463 1550 anno
1493 1522 1555 1553 920.
1573 1521 1600 1548 id
1629 1525 1671 1547 est
1694 1517 1834 1545 tricesimo

1046 1563 1154 1602 circiter
1178 1576 1241 1608 post
1266 1570 1355 1598 Photii
1378 1569 1496 1599 obitum,
1524 1567 1575 1594 sub
1598 1563 1781 1594 Constantino
1809 1566 1837 1589 et

1047 1606 1398 1650 Romanorbasileopatore
1429 1613 1594 1641 celebratam
1623 1610 1738 1638 scimus.
1766 1606 1835 1634 Nam

1047 1663 1166 1697 primum
1194 1660 1305 1696 quidem
1333 1658 1430 1694 synodi
1447 1658 1507 1692 ejus
1525 1656 1708 1691 fragmentum
1733 1653 1838 1680 recenti

1048 1713 1132 1732 manu
1159 1705 1186 1731 in
1203 1695 1334 1738 rmargine
1358 1701 1462 1729 codicis
1496 1700 1581 1726 fuisse
1602 1699 1754 1733 adjectum,
1780 1695 1837 1722 dixi

1049 1760 1076 1786 p.
1087 1751 1151 1779 480.
1164 1749 1232 1777 Tum
1247 1749 1351 1776 scitttus
1367 1747 1470 1774 nullam
1486 1746 1570 1773 ferme
1583 1751 1643 1772 esse
1659 1743 1685 1770 in
1697 1741 1839 1770 codicibus

1049 1797 1212 1825 canonicam
1235 1794 1436 1826 collectionem,
1462 1792 1506 1819 cui
1525 1790 1640 1818 subinde
1663 1788 1766 1823 aliquid
1790 1794 1840 1821 per

1050 1841 1180 1877 temporis
1197 1841 1303 1874 lapsum
1320 1847 1373 1866 non
1388 1837 1470 1865 fuerit
1483 1836 1604 1864 additum
1617 1834 1675 1862 sive
1690 1834 1718 1861 in
1734 1831 1838 1860 Graecis

1050 1887 1108 1914 sive
1127 1885 1154 1912 in
1171 1884 1275 1911 Latinis
1292 1884 1349 1911 sive
1364 1883 1447 1910 etiam
1464 1882 1490 1908 in
1506 1879 1705 1910 Orientalibus,
1721 1883 1750 1905 ut
1767 1880 1842 1904 certe

1052 1931 1085 1958 de
1099 1930 1270 1958 Armeniacis
1286 1936 1329 1956 me
1344 1927 1435 1955 dicere
1456 1926 1520 1954 olittt
1537 1925 1653 1953 memini
1667 1923 1767 1958 Script.
1789 1926 1840 1949 vet.

1052 1981 1073 2005 t.
1092 1975 1126 2009 Χ,
1141 1979 1212 2010 part.
1228 1982 1258 2006 tt,
1275 1981 1302 2009 p.
1325 1972 1377 2000 516
1395 1981 1401 1999 :
1421 1971 1526 2007 ipsique
1548 1971 1615 1997 adeo
1633 1968 1720 1996 i’ltotii
1738 1966 1843 1994 Nomo-

1054 2021 1150 2048 σανιοηὶ
1166 2020 1353 2048 additamenta
1376 2017 1470 2045 nescio
1493 2024 1555 2051 quae
1570 2014 1731 2046 accessisse,
1755 2011 1842 2040 critici

1054 2067 1179 2095 homines
1190 2065 1322 2100 suspicati
1336 2068 1410 2104 sunt.

1091 2113 1228 2141 llactettus
1262 2112 1296 2139 de
1329 2110 1506 2146 Syntagmate
1538 2113 1674 2135 canonum
1708 2103 1844 2136 diximus;

1055 2161 1184 2194 deinceps
1200 2166 1265 2185 vero
1282 2158 1315 2185 de
1329 2157 1442 2190 adjectis
1458 2163 1471 2182 a
1495 2154 1592 2182 Photio
1610 2152 1731 2180 civilium
1752 2150 1845 2184 legunt

1057 2204 1194 2239 excerptis
1213 2202 1284 2230 haud
1305 2201 1416 2230 omnino
1428 2200 1562 2228 silettdttm
1574 2205 1633 2225 esse
1650 2197 1766 2226 videtur,
1784 2202 1847 2228 quae

1059 2257 1172 2286 prorsus
1196 2249 1291 2276 eadem
1321 2247 1424 2275 suntin
1442 2251 1557 2280 utroque
1573 2251 1654 2279 opere
1671 2247 1726 2268 tum
1748 2239 1848 2275 Syuta-

1058 2298 1155 2333 gntatis
1172 2301 1228 2323 tum
1246 2293 1460 2324 Nomocanonis;
1474 2292 1538 2326 quia
1551 2291 1600 2317 etsi
1614 2289 1639 2316 itt
1658 2287 1848 2314 Nomocanone

1061 2331 1174 2370 i‘ltotius
1190 2341 1314 2369 breviare
1325 2339 1471 2374 Syntagma
1485 2337 1583 2372 potuit,
1597 2339 1732 2370 quatenus
1751 2332 1777 2359 id
1798 2331 1850 2358 fuit

1059 2387 1241 2420 canonicum;
1256 2391 1393 2421 quatenus
1406 2391 1497 2411 tamen
1509 2382 1602 2414 civile,
1617 2378 1780 2414 compendio
1793 2386 1848 2404 non

1060 2435 1219 2465 eratlocus.
1243 2433 1307 2468 quia
1332 2430 1468 2459 sententia
1491 2429 1580 2464 legunt
1605 2425 1719 2462 proponi
1744 2424 1850 2452 arctius

1062 2490 1115 2509 non
1132 2485 1251 2516 poterat,
1269 2485 1351 2514 quam
1375 2478 1402 2503 in
1423 2476 1597 2512 Syutagmate
1619 2473 1722 2500 factum
1750 2470 1850 2498 fuerat.

1063 2528 1115 2555 Sed
1132 2530 1256 2562 superest
1274 2523 1470 2558 indagandum,
1491 2526 1581 2548 tttrtttn
1599 2520 1671 2546 hanc
1694 2517 1782 2552 legum
1804 2516 1852 2542 de-

1063 2573 1245 2603 ﬂorationem,
1262 2578 1343 2605 quant
1356 2568 1523 2604 Syntagmati
1537 2566 1662 2598 attexuit,
1676 2573 1709 2592 ex
1722 2564 1853 2590 universo

1061 2619 1124 2654 jure
1140 2616 1289 2652 sumpserit
1306 2619 1412 2646 auctor,
1429 2621 1462 2640 an
1476 2620 1539 2640 vero
1559 2611 1610 2639 sibi
1628 2615 1708 2638 attica
1729 2608 1853 2643 Synaga-

1065 2672 1121 2700 gem
1143 2664 1229 2698 legum
1254 2661 1414 2693 confecerit,
1441 2660 1528 2687 instar
1543 2658 1603 2692 ejus
1618 2664 1701 2692 quam
1716 2663 1750 2682 ex
1769 2661 1855 2690 syno-

1065 2713 1162 2738 dorum
1179 2711 1349 2743 Patrumque
1364 2707 1445 2735 tomis
1461 2706 1496 2733 ab
1511 2712 1544 2732 eo
1566 2706 1755 2731 coacervatam
1778 2704 1855 2727 retro

1066 2756 1195 2783 diximus.
1211 2753 1277 2781 Mihi
1293 2753 1365 2781 enim
1384 2752 1462 2779 valde
1473 2749 1610 2786 persuasi,
1626 2747 1797 2782 Synagogem
1820 2744 1855 2770 il-

1067 2801 1120 2827 lam
1142 2799 1277 2835 regiarum
1295 2798 1396 2833 legum,
1413 2803 1458 2824 res
1475 2793 1675 2822 ecclesiasticas
1692 2792 1855 2826 plerumque

1068 2834 1260 2879 spectantium,
1273 2849 1334 2877 quas
1349 2842 1375 2868 in
1388 2840 1482 2868 codice
1490 2838 1622 2867 Vaticano
1636 2842 1692 2871 post
1708 2834 1856 2869 Synlagma

1068 2875 1178 2924 legitur,
1194 2895 1208 2915 a
1224 2875 1322 2914 Photio
1338 2885 1422 2913 fuisse
1443 2882 1596 2914 collectam,
1610 2879 1657 2913 qui
1674 2882 1767 2914 postea
1792 2875 1857 2903 hinc
