  <div class='ocr_page' id='page_1' title='image "/cluster/home/n/w/nwhite01/storage/ocr_20150623/104/njp.32101077772885/224.png"; bbox 0 0 1951 3081; ppageno 0'>
   <div class='ocr_carea' id='block_1_1' title="bbox 141 155 191 186">
    <p class='ocr_par' dir='ltr' id='par_1_1' title="bbox 141 155 191 186">
     <span class='ocr_line' id='line_1_1' title="bbox 141 155 191 186; baseline 0 0"><span class='ocrx_word' id='word_1_1' title='bbox 141 155 191 186; x_wconf 74' lang='lat'><strong><em>437</em></strong></span> 
     </span>
    </p>
   </div>
   <div class='ocr_carea' id='block_1_2' title="bbox 546 157 1374 203">
    <p class='ocr_par' dir='ltr' id='par_1_2' title="bbox 546 157 1374 203">
     <span class='ocr_line' id='line_1_2' title="bbox 546 157 1374 203; baseline 0.008 -15"><span class='ocrx_word' id='word_1_2' title='bbox 546 157 957 203; x_wconf 14' lang='lat' dir='ltr'><strong><em>SYNTAGMA‘CANONUM.</em></strong></span> <span class='ocrx_word' id='word_1_3' title='bbox 974 171 1009 177; x_wconf 85' lang='lat'>—</span> <span class='ocrx_word' id='word_1_4' title='bbox 1024 161 1059 192; x_wconf 77' lang='grc' dir='ltr'>Α,</span> <span class='ocrx_word' id='word_1_5' title='bbox 1075 163 1145 194; x_wconf 85' lang='grc' dir='ltr'><strong><em>ΜΑΙ</em></strong></span> <span class='ocrx_word' id='word_1_6' title='bbox 1166 163 1374 195; x_wconf 69' lang='lat' dir='ltr'><strong><em>PR/‘EFATIO.</em></strong></span> 
     </span>
    </p>
   </div>
   <div class='ocr_carea' id='block_1_3' title="bbox 1712 165 1766 196">
    <p class='ocr_par' dir='ltr' id='par_1_3' title="bbox 1712 165 1766 196">
     <span class='ocr_line' id='line_1_3' title="bbox 1712 165 1766 196; baseline 0 0"><span class='ocrx_word' id='word_1_7' title='bbox 1712 165 1766 196; x_wconf 70' lang='grc'><strong><em>438</em></strong></span> 
     </span>
    </p>
   </div>
   <div class='ocr_carea' id='block_1_4' title="bbox 138 211 1767 252">
    <p class='ocr_par' dir='ltr' id='par_1_4' title="bbox 138 211 1767 252">
     <span class='ocr_line' id='line_1_4' title="bbox 138 211 1767 252; baseline 0.006 -15"><span class='ocrx_word' id='word_1_8' title='bbox 138 211 190 239; x_wconf 87' lang='lat' dir='ltr'><strong><em>sibi</em></strong></span> <span class='ocrx_word' id='word_1_9' title='bbox 202 214 331 245; x_wconf 80' lang='lat' dir='ltr'><strong><em>excerpta</em></strong></span> <span class='ocrx_word' id='word_1_10' title='bbox 342 211 493 246; x_wconf 74' lang='lat' dir='ltr'><strong><em>sumpserit</em></strong></span> <span class='ocrx_word' id='word_1_11' title='bbox 507 212 679 248; x_wconf 81' lang='lat' dir='ltr'><strong><em>Syntagmati</em></strong></span> <span class='ocrx_word' id='word_1_12' title='bbox 692 218 726 246; x_wconf 85' lang='lat' dir='ltr'><strong><em>et.</em></strong></span> <span class='ocrx_word' id='word_1_13' title='bbox 740 221 803 241; x_wconf 81' lang='lat' dir='ltr'><strong><em>mox</em></strong></span> <span class='ocrx_word' id='word_1_14' title='bbox 827 213 928 241; x_wconf 82' lang='lat' dir='ltr'><strong><em>Nomo-</em></strong></span> <span class='ocrx_word' id='word_1_15' title='bbox 942 214 965 244; x_wconf 81' lang='grc' dir='ltr'><strong>Α</strong></span> <span class='ocrx_word' id='word_1_16' title='bbox 979 217 1166 249; x_wconf 84' lang='lat' dir='ltr'><strong><em>associaverit,</em></strong></span> <span class='ocrx_word' id='word_1_17' title='bbox 1179 225 1291 246; x_wconf 80' lang='lat' dir='ltr'><strong>causam</strong></span> <span class='ocrx_word' id='word_1_18' title='bbox 1307 218 1527 252; x_wconf 85' lang='lat' dir='ltr'><strong><em>narratipsemet</em></strong></span> <span class='ocrx_word' id='word_1_19' title='bbox 1541 218 1656 247; x_wconf 85' lang='lat' dir='ltr'><strong><em>Photius</em></strong></span> <span class='ocrx_word' id='word_1_20' title='bbox 1671 219 1696 247; x_wconf 93' lang='lat' dir='ltr'><strong><em>in</em></strong></span> <span class='ocrx_word' id='word_1_21' title='bbox 1713 220 1767 248; x_wconf 84' lang='lat' dir='ltr'><strong><em>line</em></strong></span> 
     </span>
    </p>
   </div>
   <div class='ocr_carea' id='block_1_5' title="bbox 139 255 925 294">
    <p class='ocr_par' dir='ltr' id='par_1_5' title="bbox 139 255 925 294">
     <span class='ocr_line' id='line_1_5' title="bbox 139 255 925 294; baseline 0.005 -12"><span class='ocrx_word' id='word_1_22' title='bbox 139 255 457 284; x_wconf 81' lang='lat' dir='ltr'><strong><em>canonisubsternenda.</em></strong></span> <span class='ocrx_word' id='word_1_23' title='bbox 483 255 584 292; x_wconf 85' lang='lat' dir='ltr'><strong><em>Utique</em></strong></span> <span class='ocrx_word' id='word_1_24' title='bbox 601 258 659 286; x_wconf 74' lang='lat' dir='ltr'><strong><em>lucc</em></strong></span> <span class='ocrx_word' id='word_1_25' title='bbox 673 258 763 294; x_wconf 78' lang='lat' dir='ltr'><strong><em>legum</em></strong></span> <span class='ocrx_word' id='word_1_26' title='bbox 788 259 925 290; x_wconf 84' lang='lat' dir='ltr'><strong><em>collectio,</em></strong></span> 
     </span>
    </p>
   </div>
   <div class='ocr_carea' id='block_1_6' title="bbox 139 301 927 338">
    <p class='ocr_par' dir='ltr' id='par_1_6' title="bbox 139 301 927 338">
     <span class='ocr_line' id='line_1_6' title="bbox 139 301 927 338; baseline 0.004 -10"><span class='ocrx_word' id='word_1_27' title='bbox 139 309 193 328; x_wconf 82' lang='lat' dir='ltr'><strong><em>non</em></strong></span> <span class='ocrx_word' id='word_1_28' title='bbox 208 301 268 329; x_wconf 88' lang='lat' dir='ltr'><strong><em>sine</em></strong></span> <span class='ocrx_word' id='word_1_29' title='bbox 284 308 383 336; x_wconf 76' lang='lat' dir='ltr'><strong><em>magna</em></strong></span> <span class='ocrx_word' id='word_1_30' title='bbox 405 307 495 330; x_wconf 87' lang='lat' dir='ltr'><strong><em>tamen</em></strong></span> <span class='ocrx_word' id='word_1_31' title='bbox 516 304 658 337; x_wconf 84' lang='lat' dir='ltr'><strong><em>varietate,</em></strong></span> <span class='ocrx_word' id='word_1_32' title='bbox 679 305 750 338; x_wconf 81' lang='lat' dir='ltr'><strong><em>apud</em></strong></span> <span class='ocrx_word' id='word_1_33' title='bbox 778 303 927 332; x_wconf 81' lang='lat' dir='ltr'><strong><em>Justcllum</em></strong></span> 
     </span>
    </p>
   </div>
   <div class='ocr_carea' id='block_1_7' title="bbox 139 344 926 383">
    <p class='ocr_par' dir='ltr' id='par_1_7' title="bbox 139 344 926 383">
     <span class='ocr_line' id='line_1_7' title="bbox 139 344 926 383; baseline 0.008 -12"><span class='ocrx_word' id='word_1_34' title='bbox 139 352 248 379; x_wconf 88' lang='lat' dir='ltr'><strong><em>quoque</em></strong></span> <span class='ocrx_word' id='word_1_35' title='bbox 263 344 291 372; x_wconf 91' lang='lat' dir='ltr'><strong><em>in</em></strong></span> <span class='ocrx_word' id='word_1_36' title='bbox 305 345 427 373; x_wconf 86' lang='lat' dir='ltr'><strong><em>secundo</em></strong></span> <span class='ocrx_word' id='word_1_37' title='bbox 445 347 586 374; x_wconf 85' lang='lat' dir='ltr'><strong><em>volumine</em></strong></span> <span class='ocrx_word' id='word_1_38' title='bbox 597 352 650 375; x_wconf 87' lang='lat' dir='ltr'><strong><em>est.</em></strong></span> <span class='ocrx_word' id='word_1_39' title='bbox 665 348 717 376; x_wconf 87' lang='lat' dir='ltr'><strong><em>Sed</em></strong></span> <span class='ocrx_word' id='word_1_40' title='bbox 734 353 874 383; x_wconf 86' lang='lat' dir='ltr'><strong><em>utcunque</em></strong></span> <span class='ocrx_word' id='word_1_41' title='bbox 894 356 926 377; x_wconf 82' lang='lat' dir='ltr'><strong><em>ea</em></strong></span> 
     </span>
    </p>
   </div>
   <div class='ocr_carea' id='block_1_8' title="bbox 139 388 927 427">
    <p class='ocr_par' dir='ltr' id='par_1_8' title="bbox 139 388 927 427">
     <span class='ocr_line' id='line_1_8' title="bbox 139 388 927 427; baseline 0.008 -12"><span class='ocrx_word' id='word_1_42' title='bbox 139 396 182 415; x_wconf 86' lang='lat' dir='ltr'><strong><em>res</em></strong></span> <span class='ocrx_word' id='word_1_43' title='bbox 199 396 229 416; x_wconf 88' lang='lat' dir='ltr'><strong><em>se</em></strong></span> <span class='ocrx_word' id='word_1_44' title='bbox 244 388 336 422; x_wconf 87' lang='lat' dir='ltr'><strong><em>habet,</em></strong></span> <span class='ocrx_word' id='word_1_45' title='bbox 355 389 452 418; x_wconf 86' lang='lat' dir='ltr'><strong><em>titulos</em></strong></span> <span class='ocrx_word' id='word_1_46' title='bbox 464 390 547 426; x_wconf 83' lang='lat' dir='ltr'><strong>hujus</strong></span> <span class='ocrx_word' id='word_1_47' title='bbox 562 390 700 419; x_wconf 63' lang='lat' dir='ltr'><strong><em>Vaticana:</em></strong></span> <span class='ocrx_word' id='word_1_48' title='bbox 713 391 865 427; x_wconf 76' lang='lat' dir='ltr'><strong><em>Synagoges</em></strong></span> <span class='ocrx_word' id='word_1_49' title='bbox 887 401 927 420; x_wconf 85' lang='lat' dir='ltr'><strong><em>re-</em></strong></span> 
     </span>
    </p>
   </div>
   <div class='ocr_carea' id='block_1_9' title="bbox 139 432 335 466">
    <p class='ocr_par' dir='ltr' id='par_1_9' title="bbox 139 432 335 466">
     <span class='ocr_line' id='line_1_9' title="bbox 139 432 335 466; baseline 0.01 -8"><span class='ocrx_word' id='word_1_50' title='bbox 139 432 223 458; x_wconf 79' lang='lat' dir='ltr'><strong><em>citare</em></strong></span> <span class='ocrx_word' id='word_1_51' title='bbox 237 432 335 466; x_wconf 87' lang='lat' dir='ltr'><strong><em>placet.</em></strong></span> 
     </span>
    </p>
   </div>
   <div class='ocr_carea' id='block_1_10' title="bbox 172 475 925 514">
    <p class='ocr_par' dir='ltr' id='par_1_10' title="bbox 172 475 925 514">
     <span class='ocr_line' id='line_1_10' title="bbox 172 475 925 514; baseline 0.007 -13"><span class='ocrx_word' id='word_1_52' title='bbox 172 475 220 501; x_wconf 84' lang='grc' dir='ltr'><strong><em>Ὲκ</em></strong></span> <span class='ocrx_word' id='word_1_53' title='bbox 232 475 286 502; x_wconf 84' lang='grc' dir='ltr'><strong><em>τῶν</em></strong></span> <span class='ocrx_word' id='word_1_54' title='bbox 299 475 368 510; x_wconf 85' lang='grc' dir='ltr'><strong><em>μετὰ</em></strong></span> <span class='ocrx_word' id='word_1_55' title='bbox 379 475 489 504; x_wconf 88' lang='grc' dir='ltr'>Κὼδικα</span> <span class='ocrx_word' id='word_1_56' title='bbox 505 477 584 505; x_wconf 86' lang='grc' dir='ltr'>θείων</span> <span class='ocrx_word' id='word_1_57' title='bbox 594 477 709 514; x_wconf 87' lang='grc' dir='ltr'>Νεαρῶν</span> <span class='ocrx_word' id='word_1_58' title='bbox 719 479 865 512; x_wconf 79' lang='grc' dir='ltr'><strong><em>διατάξεων</em></strong></span> <span class='ocrx_word' id='word_1_59' title='bbox 879 479 925 506; x_wconf 83' lang='grc' dir='ltr'>τοῦ</span> 
     </span>
    </p>
   </div>
   <div class='ocr_carea' id='block_1_11' title="bbox 136 521 925 561">
    <p class='ocr_par' dir='ltr' id='par_1_11' title="bbox 136 521 925 561">
     <span class='ocr_line' id='line_1_11' title="bbox 136 521 925 561; baseline 0.009 -14"><span class='ocrx_word' id='word_1_60' title='bbox 136 521 272 556; x_wconf 42' lang='lat' dir='ltr'><strong><em>etesia;</em></strong></span> <span class='ocrx_word' id='word_1_61' title='bbox 292 522 396 557; x_wconf 80' lang='grc' dir='ltr'><strong><em>λήξεως</em></strong></span> <span class='ocrx_word' id='word_1_62' title='bbox 411 523 601 551; x_wconf 84' lang='grc' dir='ltr'>Ἰουστινιανοῠ</span> <span class='ocrx_word' id='word_1_63' title='bbox 628 525 752 561; x_wconf 84' lang='grc' dir='ltr'>διάφοροι</span> <span class='ocrx_word' id='word_1_64' title='bbox 779 526 925 559; x_wconf 78' lang='grc' dir='ltr'><strong><em>διατάξεις,</em></strong></span> 
     </span>
    </p>
   </div>
   <div class='ocr_carea' id='block_1_12' title="bbox 138 567 924 608">
    <p class='ocr_par' dir='ltr' id='par_1_12' title="bbox 138 567 924 608">
     <span class='ocr_line' id='line_1_12' title="bbox 138 567 924 608; baseline 0.009 -15"><span class='ocrx_word' id='word_1_65' title='bbox 138 567 298 603; x_wconf 83' lang='grc' dir='ltr'>συνᾴδουσαι</span> <span class='ocrx_word' id='word_1_66' title='bbox 312 567 458 604; x_wconf 73' lang='grc' dir='ltr'><strong><em>ἐξαιρέτως</em></strong></span> <span class='ocrx_word' id='word_1_67' title='bbox 475 572 533 603; x_wconf 82' lang='grc' dir='ltr'>τοῖς</span> <span class='ocrx_word' id='word_1_68' title='bbox 558 571 640 603; x_wconf 82' lang='grc' dir='ltr'><strong><em>θείοις</em></strong></span> <span class='ocrx_word' id='word_1_69' title='bbox 656 573 704 599; x_wconf 83' lang='grc' dir='ltr'>καὶ</span> <span class='ocrx_word' id='word_1_70' title='bbox 720 573 803 608; x_wconf 85' lang='grc' dir='ltr'><strong><em>ἱεροῖς</em></strong></span> <span class='ocrx_word' id='word_1_71' title='bbox 819 573 924 608; x_wconf 80' lang='grc' dir='ltr'><strong><em>κανόσι,</em></strong></span> 
     </span>
    </p>
   </div>
   <div class='ocr_carea' id='block_1_13' title="bbox 137 613 924 653">
    <p class='ocr_par' dir='ltr' id='par_1_13' title="bbox 137 613 924 653">
     <span class='ocr_line' id='line_1_13' title="bbox 137 613 924 653; baseline 0.01 -15"><span class='ocrx_word' id='word_1_72' title='bbox 137 613 184 639; x_wconf 75' lang='grc' dir='ltr'>καὶ</span> <span class='ocrx_word' id='word_1_73' title='bbox 196 615 227 640; x_wconf 81' lang='grc' dir='ltr'>ὲκ</span> <span class='ocrx_word' id='word_1_74' title='bbox 248 615 410 648; x_wconf 83' lang='grc' dir='ltr'><strong><em>περιουσίας</em></strong></span> <span class='ocrx_word' id='word_1_75' title='bbox 428 616 478 650; x_wconf 85' lang='grc' dir='ltr'>τὴν</span> <span class='ocrx_word' id='word_1_76' title='bbox 493 617 597 643; x_wconf 84' lang='grc' dir='ltr'><strong><em>οἰκείαν</em></strong></span> <span class='ocrx_word' id='word_1_77' title='bbox 618 618 696 652; x_wconf 78' lang='grc' dir='ltr'>ἰσχὺν</span> <span class='ocrx_word' id='word_1_78' title='bbox 715 618 864 653; x_wconf 66' lang='grc' dir='ltr'>νέμουσαν</span> <span class='ocrx_word' id='word_1_79' title='bbox 878 617 924 651; x_wconf 74' lang='grc' dir='ltr'><strong><em>αἷς</em></strong></span> 
     </span>
    </p>
   </div>
   <div class='ocr_carea' id='block_1_14' title="bbox 136 657 925 699">
    <p class='ocr_par' dir='ltr' id='par_1_14' title="bbox 136 657 925 699">
     <span class='ocr_line' id='line_1_14' title="bbox 136 657 925 699; baseline 0.009 -15"><span class='ocrx_word' id='word_1_80' title='bbox 136 657 211 690; x_wconf 77' lang='grc' dir='ltr'>τάξιν</span> <span class='ocrx_word' id='word_1_81' title='bbox 230 658 290 686; x_wconf 84' lang='grc' dir='ltr'>τινὰ</span> <span class='ocrx_word' id='word_1_82' title='bbox 305 659 352 687; x_wconf 84' lang='grc' dir='ltr'><strong><em>καὶ</em></strong></span> <span class='ocrx_word' id='word_1_83' title='bbox 364 659 482 695; x_wconf 82' lang='grc' dir='ltr'>ἀριθμὸν</span> <span class='ocrx_word' id='word_1_84' title='bbox 499 662 674 697; x_wconf 72' lang='grc' dir='ltr'><strong><em>ἐπεθήκαμεν</em></strong></span> <span class='ocrx_word' id='word_1_85' title='bbox 701 663 771 698; x_wconf 81' lang='grc' dir='ltr'>πρὸς</span> <span class='ocrx_word' id='word_1_86' title='bbox 791 663 925 699; x_wconf 81' lang='grc' dir='ltr'>σύντομον</span> 
     </span>
    </p>
   </div>
   <div class='ocr_carea' id='block_1_15' title="bbox 135 702 924 741">
    <p class='ocr_par' dir='ltr' id='par_1_15' title="bbox 135 702 924 741">
     <span class='ocr_line' id='line_1_15' title="bbox 135 702 924 741; baseline 0.01 -13"><span class='ocrx_word' id='word_1_87' title='bbox 135 702 245 738; x_wconf 81' lang='grc' dir='ltr'><strong><em>εὕρεσιν</em></strong></span> <span class='ocrx_word' id='word_1_88' title='bbox 266 703 314 730; x_wconf 84' lang='grc' dir='ltr'>τοῦ</span> <span class='ocrx_word' id='word_1_89' title='bbox 332 705 548 740; x_wconf 80' lang='grc' dir='ltr'>ἐπιζητουμένου</span> <span class='ocrx_word' id='word_1_90' title='bbox 573 707 721 740; x_wconf 82' lang='grc' dir='ltr'>κεφαλαίου</span> <span class='ocrx_word' id='word_1_91' title='bbox 735 716 741 723; x_wconf 90' lang='grc'><strong>·</strong></span> <span class='ocrx_word' id='word_1_92' title='bbox 768 708 812 735; x_wconf 82' lang='grc' dir='ltr'>διὰ</span> <span class='ocrx_word' id='word_1_93' title='bbox 832 709 873 740; x_wconf 83' lang='grc' dir='ltr'>τὸ,</span> <span class='ocrx_word' id='word_1_94' title='bbox 887 709 924 741; x_wconf 84' lang='grc' dir='ltr'><strong><em>ὡς</em></strong></span> 
     </span>
    </p>
   </div>
   <div class='ocr_carea' id='block_1_16' title="bbox 135 749 923 789">
    <p class='ocr_par' dir='ltr' id='par_1_16' title="bbox 135 749 923 789">
     <span class='ocr_line' id='line_1_16' title="bbox 135 749 923 789; baseline 0.01 -15"><span class='ocrx_word' id='word_1_95' title='bbox 135 749 253 784; x_wconf 81' lang='grc' dir='ltr'>εῐρηται,</span> <span class='ocrx_word' id='word_1_96' title='bbox 266 750 298 776; x_wconf 76' lang='grc' dir='ltr'>ἐκ</span> <span class='ocrx_word' id='word_1_97' title='bbox 307 749 445 786; x_wconf 80' lang='grc' dir='ltr'>διαφόρων</span> <span class='ocrx_word' id='word_1_98' title='bbox 452 752 600 786; x_wconf 82' lang='grc' dir='ltr'><strong><em>διατάξεων</em></strong></span> <span class='ocrx_word' id='word_1_99' title='bbox 609 751 718 781; x_wconf 82' lang='grc' dir='ltr'>εἶναιτὰ</span> <span class='ocrx_word' id='word_1_100' title='bbox 732 755 923 789; x_wconf 79' lang='grc' dir='ltr'><strong><em>συνταχθέντα,</em></strong></span> 
     </span>
    </p>
   </div>
   <div class='ocr_carea' id='block_1_17' title="bbox 134 791 922 832">
    <p class='ocr_par' dir='ltr' id='par_1_17' title="bbox 134 791 922 832">
     <span class='ocr_line' id='line_1_17' title="bbox 134 791 922 832; baseline 0.01 -13"><span class='ocrx_word' id='word_1_101' title='bbox 134 791 171 824; x_wconf 71' lang='grc' dir='ltr'>ὼς</span> <span class='ocrx_word' id='word_1_102' title='bbox 187 793 383 822; x_wconf 84' lang='grc' dir='ltr'>ὑποτέτακται·</span> <span class='ocrx_word' id='word_1_103' title='bbox 397 794 438 821; x_wconf 76' lang='lat' dir='ltr'><strong><em>Ea:</em></strong></span> <span class='ocrx_word' id='word_1_104' title='bbox 453 796 585 824; x_wconf 80' lang='lat' dir='ltr'><strong><em>dioalibus</em></strong></span> <span class='ocrx_word' id='word_1_105' title='bbox 597 802 655 832; x_wconf 80' lang='lat' dir='ltr'><strong><em>post</em></strong></span> <span class='ocrx_word' id='word_1_106' title='bbox 668 798 789 825; x_wconf 84' lang='lat' dir='ltr'><strong><em>Cadicem</em></strong></span> <span class='ocrx_word' id='word_1_107' title='bbox 804 799 922 827; x_wconf 78' lang='lat' dir='ltr'><strong><em>Novellis</em></strong></span> 
     </span>
    </p>
   </div>
   <div class='ocr_carea' id='block_1_18' title="bbox 135 839 924 876">
    <p class='ocr_par' dir='ltr' id='par_1_18' title="bbox 135 839 924 876">
     <span class='ocr_line' id='line_1_18' title="bbox 135 839 924 876; baseline 0.008 -11"><span class='ocrx_word' id='word_1_108' title='bbox 135 839 362 867; x_wconf 71' lang='lat' dir='ltr'><strong><em>constitutionibus</em></strong></span> <span class='ocrx_word' id='word_1_109' title='bbox 385 839 533 868; x_wconf 66' lang='lat' dir='ltr'><strong><em>Jtntiniani</em></strong></span> <span class='ocrx_word' id='word_1_110' title='bbox 559 843 656 870; x_wconf 67' lang='lat' dir='ltr'><strong><em>dictum</em></strong></span> <span class='ocrx_word' id='word_1_111' title='bbox 682 844 851 876; x_wconf 83' lang='lat' dir='ltr'><strong><em>sortitionis.</em></strong></span> <span class='ocrx_word' id='word_1_112' title='bbox 881 845 924 871; x_wconf 83' lang='lat' dir='ltr'><strong><em>di-</em></strong></span> 
     </span>
    </p>
   </div>
   <div class='ocr_carea' id='block_1_19' title="bbox 980 263 1766 300">
    <p class='ocr_par' dir='ltr' id='par_1_19' title="bbox 980 263 1766 300">
     <span class='ocr_line' id='line_1_19' title="bbox 980 263 1766 300; baseline 0.004 -11"><span class='ocrx_word' id='word_1_113' title='bbox 980 263 1080 296; x_wconf 87' lang='lat' dir='ltr'><strong><em>prioris</em></strong></span> <span class='ocrx_word' id='word_1_114' title='bbox 1096 263 1201 299; x_wconf 75' lang='lat' dir='ltr'><strong>prologi</strong></span> <span class='ocrx_word' id='word_1_115' title='bbox 1221 273 1228 291; x_wconf 87' lang='lat'><strong>:</strong></span> <span class='ocrx_word' id='word_1_116' title='bbox 1245 264 1278 290; x_wconf 75' lang='lat' dir='ltr'><strong><em>El</em></strong></span> <span class='ocrx_word' id='word_1_117' title='bbox 1301 272 1352 290; x_wconf 83' lang='grc' dir='ltr'>που</span> <span class='ocrx_word' id='word_1_118' title='bbox 1365 263 1392 290; x_wconf 87' lang='grc' dir='ltr'>δὲ</span> <span class='ocrx_word' id='word_1_119' title='bbox 1412 263 1527 300; x_wconf 85' lang='grc' dir='ltr'>χρειώδη</span> <span class='ocrx_word' id='word_1_120' title='bbox 1545 265 1612 300; x_wconf 64' lang='grc' dir='ltr'>πρὸς</span> <span class='ocrx_word' id='word_1_121' title='bbox 1640 265 1691 297; x_wconf 67' lang='grc' dir='ltr'><strong><em>τὰς</em></strong></span> <span class='ocrx_word' id='word_1_122' title='bbox 1711 274 1766 292; x_wconf 75' lang='grc' dir='ltr'>τοι-</span> 
     </span>
    </p>
   </div>
   <div class='ocr_carea' id='block_1_20' title="bbox 978 305 1796 343">
    <p class='ocr_par' dir='ltr' id='par_1_20' title="bbox 978 305 1796 343">
     <span class='ocr_line' id='line_1_20' title="bbox 978 305 1796 343; baseline 0.004 -11"><span class='ocrx_word' id='word_1_123' title='bbox 978 305 1064 337; x_wconf 81' lang='grc' dir='ltr'>αύτας</span> <span class='ocrx_word' id='word_1_124' title='bbox 1079 307 1225 338; x_wconf 85' lang='grc' dir='ltr'>κανονικὰς</span> <span class='ocrx_word' id='word_1_125' title='bbox 1250 307 1410 342; x_wconf 78' lang='grc' dir='ltr'>συγγραφὰς</span> <span class='ocrx_word' id='word_1_126' title='bbox 1430 308 1478 342; x_wconf 80' lang='grc' dir='ltr'>τὴν</span> <span class='ocrx_word' id='word_1_127' title='bbox 1496 308 1638 343; x_wconf 82' lang='grc' dir='ltr'>πολιτικὴν</span> <span class='ocrx_word' id='word_1_128' title='bbox 1653 308 1765 343; x_wconf 81' lang='grc' dir='ltr'>νομοθι-</span> <span class='ocrx_word' id='word_1_129' title='bbox 1786 305 1796 313; x_wconf 77' lang='grc'><strong>⁸</strong></span> 
     </span>
    </p>
   </div>
   <div class='ocr_carea' id='block_1_21' title="bbox 979 351 1764 388">
    <p class='ocr_par' dir='ltr' id='par_1_21' title="bbox 979 351 1764 388">
     <span class='ocr_line' id='line_1_21' title="bbox 979 351 1764 388; baseline 0.003 -10"><span class='ocrx_word' id='word_1_130' title='bbox 979 351 1038 379; x_wconf 84' lang='grc' dir='ltr'>σίαν</span> <span class='ocrx_word' id='word_1_131' title='bbox 1051 352 1199 387; x_wconf 84' lang='grc' dir='ltr'>ὑπείληφα,</span> <span class='ocrx_word' id='word_1_132' title='bbox 1208 351 1311 387; x_wconf 79' lang='grc' dir='ltr'>ταύτης</span> <span class='ocrx_word' id='word_1_133' title='bbox 1332 352 1436 388; x_wconf 74' lang='grc' dir='ltr'>βραχέα</span> <span class='ocrx_word' id='word_1_134' title='bbox 1450 361 1480 379; x_wconf 88' lang='grc' dir='ltr'><strong><em>τε</em></strong></span> <span class='ocrx_word' id='word_1_135' title='bbox 1493 353 1540 380; x_wconf 73' lang='grc' dir='ltr'>καὶ</span> <span class='ocrx_word' id='word_1_136' title='bbox 1553 354 1764 388; x_wconf 72' lang='grc' dir='ltr'>συντιτμημινα</span> 
     </span>
    </p>
   </div>
   <div class='ocr_carea' id='block_1_22' title="bbox 975 397 1764 434">
    <p class='ocr_par' dir='ltr' id='par_1_22' title="bbox 975 397 1764 434">
     <span class='ocr_line' id='line_1_22' title="bbox 975 397 1764 434; baseline 0.004 -12"><span class='ocrx_word' id='word_1_137' title='bbox 975 397 1033 428; x_wconf 84' lang='grc' dir='ltr'>τοῖς</span> <span class='ocrx_word' id='word_1_138' title='bbox 1049 398 1194 431; x_wconf 81' lang='grc' dir='ltr'>συγγενέσι</span> <span class='ocrx_word' id='word_1_139' title='bbox 1209 398 1367 432; x_wconf 82' lang='grc' dir='ltr'>κεφαλαίοις</span> <span class='ocrx_word' id='word_1_140' title='bbox 1383 400 1564 434; x_wconf 84' lang='grc' dir='ltr'>προσήρμοσα</span> <span class='ocrx_word' id='word_1_141' title='bbox 1583 399 1612 425; x_wconf 83' lang='grc' dir='ltr'>ὲν</span> <span class='ocrx_word' id='word_1_142' title='bbox 1634 399 1764 431; x_wconf 80' lang='grc' dir='ltr'>ἰδιάζοντι</span> 
     </span>
    </p>
   </div>
   <div class='ocr_carea' id='block_1_23' title="bbox 978 443 1765 479">
    <p class='ocr_par' dir='ltr' id='par_1_23' title="bbox 978 443 1765 479">
     <span class='ocr_line' id='line_1_23' title="bbox 978 443 1765 479; baseline 0.004 -11"><span class='ocrx_word' id='word_1_143' title='bbox 978 443 1056 477; x_wconf 82' lang='grc' dir='ltr'>μέρει</span> <span class='ocrx_word' id='word_1_144' title='bbox 1071 443 1153 478; x_wconf 85' lang='grc' dir='ltr'>τῆσδε</span> <span class='ocrx_word' id='word_1_145' title='bbox 1169 443 1219 478; x_wconf 82' lang='grc' dir='ltr'>τῆς</span> <span class='ocrx_word' id='word_1_146' title='bbox 1233 443 1324 479; x_wconf 79' lang='grc' dir='ltr'>βίὸλου</span> <span class='ocrx_word' id='word_1_147' title='bbox 1344 444 1399 470; x_wconf 80' lang='grc' dir='ltr'><strong><em>τῶν</em></strong></span> <span class='ocrx_word' id='word_1_148' title='bbox 1417 444 1457 476; x_wconf 82' lang='grc' dir='ltr'>εἰς</span> <span class='ocrx_word' id='word_1_149' title='bbox 1474 444 1706 479; x_wconf 78' lang='grc' dir='ltr'>ὲκκλησιαστικὴν</span> <span class='ocrx_word' id='word_1_150' title='bbox 1719 445 1765 471; x_wconf 82' lang='grc' dir='ltr'><strong><em>ἀν-</em></strong></span> 
     </span>
    </p>
   </div>
   <div class='ocr_carea' id='block_1_24' title="bbox 976 487 1766 526">
    <p class='ocr_par' dir='ltr' id='par_1_24' title="bbox 976 487 1766 526">
     <span class='ocr_line' id='line_1_24' title="bbox 976 487 1766 526; baseline 0.005 -13"><span class='ocrx_word' id='word_1_151' title='bbox 976 487 1098 521; x_wconf 77' lang='grc' dir='ltr'>ηκόντων</span> <span class='ocrx_word' id='word_1_152' title='bbox 1120 488 1260 522; x_wconf 80' lang='grc' dir='ltr'>εὐταξίαν,</span> <span class='ocrx_word' id='word_1_153' title='bbox 1276 489 1304 517; x_wconf 71' lang='grc' dir='ltr'>ιν</span> <span class='ocrx_word' id='word_1_154' title='bbox 1329 498 1359 516; x_wconf 88' lang='grc' dir='ltr'><strong><em>τε</em></strong></span> <span class='ocrx_word' id='word_1_155' title='bbox 1370 490 1426 521; x_wconf 81' lang='grc' dir='ltr'>τοῖς</span> <span class='ocrx_word' id='word_1_156' title='bbox 1442 489 1592 524; x_wconf 81' lang='grc' dir='ltr'><strong><em>βασιλικοῖς</em></strong></span> <span class='ocrx_word' id='word_1_157' title='bbox 1610 490 1766 526; x_wconf 79' lang='grc' dir='ltr'>Θεσπίσμα-</span> 
     </span>
    </p>
   </div>
   <div class='ocr_carea' id='block_1_25' title="bbox 977 533 1763 571">
    <p class='ocr_par' dir='ltr' id='par_1_25' title="bbox 977 533 1763 571">
     <span class='ocr_line' id='line_1_25' title="bbox 977 533 1763 571; baseline 0.004 -12"><span class='ocrx_word' id='word_1_158' title='bbox 977 540 1031 565; x_wconf 80' lang='grc' dir='ltr'>σιν,</span> <span class='ocrx_word' id='word_1_159' title='bbox 1047 533 1076 559; x_wconf 75' lang='grc' dir='ltr'>ἔν</span> <span class='ocrx_word' id='word_1_160' title='bbox 1091 542 1122 560; x_wconf 86' lang='grc' dir='ltr'><strong><em>τε</em></strong></span> <span class='ocrx_word' id='word_1_161' title='bbox 1147 535 1208 566; x_wconf 84' lang='grc' dir='ltr'>ταῖς</span> <span class='ocrx_word' id='word_1_162' title='bbox 1225 534 1281 562; x_wconf 87' lang='grc' dir='ltr'><strong><em>τῶν</em></strong></span> <span class='ocrx_word' id='word_1_163' title='bbox 1297 535 1387 568; x_wconf 74' lang='grc' dir='ltr'>σοφῶν</span> <span class='ocrx_word' id='word_1_164' title='bbox 1409 535 1563 570; x_wconf 81' lang='grc' dir='ltr'>ἁρμονίαις,</span> <span class='ocrx_word' id='word_1_165' title='bbox 1579 535 1710 571; x_wconf 79' lang='grc' dir='ltr'>σύντομον</span> <span class='ocrx_word' id='word_1_166' title='bbox 1735 536 1763 562; x_wconf 75' lang='grc' dir='ltr'>ἐν</span> 
     </span>
    </p>
   </div>
   <div class='ocr_carea' id='block_1_26' title="bbox 976 579 1763 616">
    <p class='ocr_par' dir='ltr' id='par_1_26' title="bbox 976 579 1763 616">
     <span class='ocr_line' id='line_1_26' title="bbox 976 579 1763 616; baseline 0.006 -13"><span class='ocrx_word' id='word_1_167' title='bbox 976 580 1123 613; x_wconf 80' lang='grc' dir='ltr'>συναγωγῇ</span> <span class='ocrx_word' id='word_1_168' title='bbox 1147 579 1332 614; x_wconf 75' lang='grc' dir='ltr'>ποιησάμενος</span> <span class='ocrx_word' id='word_1_169' title='bbox 1349 580 1472 607; x_wconf 70' lang='grc' dir='ltr'>ἔκθεσιν·</span> <span class='ocrx_word' id='word_1_170' title='bbox 1490 580 1548 616; x_wconf 77' lang='grc' dir='ltr'><strong><em>ἅμα</em></strong></span> <span class='ocrx_word' id='word_1_171' title='bbox 1573 581 1622 616; x_wconf 80' lang='grc' dir='ltr'><strong><em>μὲν</em></strong></span> <span class='ocrx_word' id='word_1_172' title='bbox 1636 582 1676 612; x_wconf 78' lang='grc' dir='ltr'><strong><em>είς</em></strong></span> <span class='ocrx_word' id='word_1_173' title='bbox 1696 581 1763 608; x_wconf 72' lang='grc' dir='ltr'><strong><em>ἀνά-</em></strong></span> 
     </span>
    </p>
   </div>
   <div class='ocr_carea' id='block_1_27' title="bbox 976 623 1762 661">
    <p class='ocr_par' dir='ltr' id='par_1_27' title="bbox 976 623 1762 661">
     <span class='ocr_line' id='line_1_27' title="bbox 976 623 1762 661; baseline 0.004 -12"><span class='ocrx_word' id='word_1_174' title='bbox 976 632 1086 659; x_wconf 74' lang='grc' dir='ltr'>μνησιν,</span> <span class='ocrx_word' id='word_1_175' title='bbox 1103 623 1162 658; x_wconf 78' lang='grc' dir='ltr'>ἃμα</span> <span class='ocrx_word' id='word_1_176' title='bbox 1184 624 1213 652; x_wconf 72' lang='grc' dir='ltr'>δὲ</span> <span class='ocrx_word' id='word_1_177' title='bbox 1230 625 1299 660; x_wconf 78' lang='grc' dir='ltr'>πρὸς</span> <span class='ocrx_word' id='word_1_178' title='bbox 1314 625 1419 653; x_wconf 76' lang='grc' dir='ltr'>τελείαν</span> <span class='ocrx_word' id='word_1_179' title='bbox 1441 626 1530 654; x_wconf 79' lang='grc' dir='ltr'>αὐτῶν</span> <span class='ocrx_word' id='word_1_180' title='bbox 1546 627 1608 657; x_wconf 82' lang='grc' dir='ltr'>τοὺς</span> <span class='ocrx_word' id='word_1_181' title='bbox 1630 627 1762 661; x_wconf 83' lang='grc' dir='ltr'>ἐντυγχά-</span> 
     </span>
    </p>
   </div>
   <div class='ocr_carea' id='block_1_28' title="bbox 973 669 1762 706">
    <p class='ocr_par' dir='ltr' id='par_1_28' title="bbox 973 669 1762 706">
     <span class='ocr_line' id='line_1_28' title="bbox 973 669 1762 706; baseline 0.004 -11"><span class='ocrx_word' id='word_1_182' title='bbox 973 677 1069 701; x_wconf 88' lang='grc' dir='ltr'>νοντας</span> <span class='ocrx_word' id='word_1_183' title='bbox 1084 669 1198 705; x_wconf 76' lang='grc' dir='ltr'>ἔρευναν</span> <span class='ocrx_word' id='word_1_184' title='bbox 1209 669 1367 706; x_wconf 77' lang='grc' dir='ltr'>(ὑδηγήσας)</span> <span class='ocrx_word' id='word_1_185' title='bbox 1378 679 1385 686; x_wconf 83' lang='grc'><strong>”</strong></span> <span class='ocrx_word' id='word_1_186' title='bbox 1398 671 1487 698; x_wconf 84' lang='lat' dir='ltr'><strong><em>Sicubi</em></strong></span> <span class='ocrx_word' id='word_1_187' title='bbox 1502 680 1560 699; x_wconf 81' lang='lat' dir='ltr'><strong><em>vero</em></strong></span> <span class='ocrx_word' id='word_1_188' title='bbox 1575 672 1650 700; x_wconf 82' lang='lat' dir='ltr'><strong><em>utiles</em></strong></span> <span class='ocrx_word' id='word_1_189' title='bbox 1665 673 1699 698; x_wconf 85' lang='lat' dir='ltr'><strong><em>ad</em></strong></span> <span class='ocrx_word' id='word_1_190' title='bbox 1715 673 1762 699; x_wconf 82' lang='lat' dir='ltr'><strong><em>hu-</em></strong></span> 
     </span>
    </p>
   </div>
   <div class='ocr_carea' id='block_1_29' title="bbox 970 714 1761 752">
    <p class='ocr_par' dir='ltr' id='par_1_29' title="bbox 970 714 1761 752">
     <span class='ocr_line' id='line_1_29' title="bbox 970 714 1761 752; baseline 0.005 -12"><span class='ocrx_word' id='word_1_191' title='bbox 970 714 1088 748; x_wconf 85' lang='lat' dir='ltr'><strong><em>jusmodi</em></strong></span> <span class='ocrx_word' id='word_1_192' title='bbox 1113 716 1239 742; x_wconf 79' lang='lat' dir='ltr'><strong><em>canonica</em></strong></span> <span class='ocrx_word' id='word_1_193' title='bbox 1275 717 1375 750; x_wconf 83' lang='lat' dir='ltr'><strong><em>scripta</em></strong></span> <span class='ocrx_word' id='word_1_194' title='bbox 1404 716 1493 744; x_wconf 72' lang='lat' dir='ltr'><strong><em>civiles</em></strong></span> <span class='ocrx_word' id='word_1_195' title='bbox 1520 717 1586 752; x_wconf 84' lang='lat' dir='ltr'><strong><em>leges</em></strong></span> <span class='ocrx_word' id='word_1_196' title='bbox 1617 717 1761 744; x_wconf 78' lang='lat' dir='ltr'><strong><em>arbitratus</em></strong></span> 
     </span>
    </p>
   </div>
   <div class='ocr_carea' id='block_1_30' title="bbox 973 761 1762 797">
    <p class='ocr_par' dir='ltr' id='par_1_30' title="bbox 973 761 1762 797">
     <span class='ocr_line' id='line_1_30' title="bbox 973 761 1762 797; baseline 0.004 -11"><span class='ocrx_word' id='word_1_197' title='bbox 973 767 1048 791; x_wconf 81' lang='lat' dir='ltr'><strong><em>sunt,</em></strong></span> <span class='ocrx_word' id='word_1_198' title='bbox 1070 768 1155 795; x_wconf 78' lang='lat' dir='ltr'><strong><em>pauca</em></strong></span> <span class='ocrx_word' id='word_1_199' title='bbox 1171 761 1292 795; x_wconf 63' lang='lat' dir='ltr'><strong><em>quoniam</em></strong></span> <span class='ocrx_word' id='word_1_200' title='bbox 1315 770 1396 796; x_wconf 79' lang='lat' dir='ltr'><strong><em>eaque</em></strong></span> <span class='ocrx_word' id='word_1_201' title='bbox 1411 762 1499 789; x_wconf 79' lang='lat' dir='ltr'><strong><em>brevia</em></strong></span> <span class='ocrx_word' id='word_1_202' title='bbox 1517 770 1549 789; x_wconf 78' lang='lat' dir='ltr'><strong><em>ea:</em></strong></span> <span class='ocrx_word' id='word_1_203' title='bbox 1570 763 1603 789; x_wconf 87' lang='lat' dir='ltr'><strong><em>iis</em></strong></span> <span class='ocrx_word' id='word_1_204' title='bbox 1626 763 1762 797; x_wconf 82' lang='lat' dir='ltr'><strong><em>desumpta</em></strong></span> 
     </span>
    </p>
   </div>
   <div class='ocr_carea' id='block_1_31' title="bbox 973 806 1759 843">
    <p class='ocr_par' dir='ltr' id='par_1_31' title="bbox 973 806 1759 843">
     <span class='ocr_line' id='line_1_31' title="bbox 973 806 1759 843; baseline 0.004 -11"><span class='ocrx_word' id='word_1_205' title='bbox 973 806 1176 841; x_wconf 76' lang='lat' dir='ltr'><strong><em>congruentibus</em></strong></span> <span class='ocrx_word' id='word_1_206' title='bbox 1190 807 1314 842; x_wconf 76' lang='lat' dir='ltr'><strong><em>capitulis</em></strong></span> <span class='ocrx_word' id='word_1_207' title='bbox 1329 808 1441 842; x_wconf 71' lang='lat' dir='ltr'><strong><em>adjunxt&#39;</em></strong></span> <span class='ocrx_word' id='word_1_208' title='bbox 1462 809 1488 835; x_wconf 88' lang='lat' dir='ltr'><strong><em>in</em></strong></span> <span class='ocrx_word' id='word_1_209' title='bbox 1505 809 1614 843; x_wconf 84' lang='lat' dir='ltr'><strong><em>propria</em></strong></span> <span class='ocrx_word' id='word_1_210' title='bbox 1634 809 1695 835; x_wconf 80' lang='lat' dir='ltr'><strong>libri</strong></span> <span class='ocrx_word' id='word_1_211' title='bbox 1709 809 1759 835; x_wconf 87' lang='grc' dir='ltr'>Ιιιι-</span> 
     </span>
    </p>
   </div>
   <div class='ocr_carea' id='block_1_32' title="bbox 969 852 1760 889">
    <p class='ocr_par' dir='ltr' id='par_1_32' title="bbox 969 852 1760 889">
     <span class='ocr_line' id='line_1_32' title="bbox 969 852 1760 889; baseline 0.004 -10"><span class='ocrx_word' id='word_1_212' title='bbox 969 852 1016 887; x_wconf 79' lang='lat' dir='ltr'><strong><em>jus</em></strong></span> <span class='ocrx_word' id='word_1_213' title='bbox 1046 858 1141 887; x_wconf 86' lang='lat' dir='ltr'><strong><em>parte;</em></strong></span> <span class='ocrx_word' id='word_1_214' title='bbox 1157 862 1249 880; x_wconf 87' lang='lat' dir='ltr'><strong><em>eorum</em></strong></span> <span class='ocrx_word' id='word_1_215' title='bbox 1271 855 1369 881; x_wconf 82' lang='lat' dir='ltr'><strong><em>scilicet</em></strong></span> <span class='ocrx_word' id='word_1_216' title='bbox 1387 863 1445 889; x_wconf 75' lang='lat' dir='ltr'><strong><em>quw</em></strong></span> <span class='ocrx_word' id='word_1_217' title='bbox 1464 856 1498 882; x_wconf 86' lang='lat' dir='ltr'><strong><em>ad</em></strong></span> <span class='ocrx_word' id='word_1_218' title='bbox 1516 855 1642 882; x_wconf 61' lang='lat' dir='ltr'><strong><em>Ecclesiae</em></strong></span> <span class='ocrx_word' id='word_1_219' title='bbox 1661 859 1760 882; x_wconf 87' lang='lat' dir='ltr'><strong><em>rectum</em></strong></span> 
     </span>
    </p>
   </div>
   <div class='ocr_carea' id='block_1_33' title="bbox 135 885 1758 936">
    <p class='ocr_par' dir='ltr' id='par_1_33' title="bbox 135 885 1758 936">
     <span class='ocr_line' id='line_1_33' title="bbox 135 885 1758 936; baseline 0.008 -26"><span class='ocrx_word' id='word_1_220' title='bbox 135 892 214 912; x_wconf 74' lang='lat' dir='ltr'><strong><em>vente</em></strong></span> <span class='ocrx_word' id='word_1_221' title='bbox 230 885 296 920; x_wconf 81' lang='lat' dir='ltr'><strong><em>leges</em></strong></span> <span class='ocrx_word' id='word_1_222' title='bbox 306 893 365 920; x_wconf 71' lang='lat' dir='ltr'><strong><em>quw</em></strong></span> <span class='ocrx_word' id='word_1_223' title='bbox 375 887 505 921; x_wconf 79' lang='lat' dir='ltr'><strong><em>prtecipue</em></strong></span> <span class='ocrx_word' id='word_1_224' title='bbox 515 894 662 915; x_wconf 81' lang='lat' dir='ltr'><strong><em>consonant</em></strong></span> <span class='ocrx_word' id='word_1_225' title='bbox 674 897 734 916; x_wconf 84' lang='lat' dir='ltr'><strong><em>cum</em></strong></span> <span class='ocrx_word' id='word_1_226' title='bbox 745 891 830 916; x_wconf 79' lang='lat' dir='ltr'><strong><em>sacris</em></strong></span> <span class='ocrx_word' id='word_1_227' title='bbox 842 898 921 918; x_wconf 84' lang='lat' dir='ltr'><strong><em>cano-</em></strong></span> <span class='ocrx_word' id='word_1_228' title='bbox 934 891 959 921; x_wconf 84' lang='lat' dir='ltr'><strong>B</strong></span> <span class='ocrx_word' id='word_1_229' title='bbox 973 898 1090 925; x_wconf 67' lang='lat' dir='ltr'><strong><em>ordinem</em></strong></span> <span class='ocrx_word' id='word_1_230' title='bbox 1110 899 1240 934; x_wconf 63' lang='lat' dir='ltr'><strong><em>pertinent</em></strong></span> <span class='ocrx_word' id='word_1_231' title='bbox 1265 908 1325 926; x_wconf 74' lang='lat' dir='ltr'><strong><em>cum</em></strong></span> <span class='ocrx_word' id='word_1_232' title='bbox 1346 901 1373 926; x_wconf 76' lang='grc' dir='ltr'>ᾑι</span> <span class='ocrx_word' id='word_1_233' title='bbox 1400 901 1478 936; x_wconf 66' lang='lat' dir='ltr'><strong><em>regiis</em></strong></span> <span class='ocrx_word' id='word_1_234' title='bbox 1502 901 1612 928; x_wconf 58' lang='lat' dir='ltr'><strong><em>dem-eli;</em></strong></span> <span class='ocrx_word' id='word_1_235' title='bbox 1623 921 1630 933; x_wconf 65' lang='lat'><strong>,</strong></span> <span class='ocrx_word' id='word_1_236' title='bbox 1650 907 1704 928; x_wconf 64' lang='lat' dir='ltr'><strong><em>tum</em></strong></span> <span class='ocrx_word' id='word_1_237' title='bbox 1732 901 1758 927; x_wconf 68' lang='lat' dir='ltr'><strong><em>in</em></strong></span> 
     </span>
    </p>
   </div>
   <div class='ocr_carea' id='block_1_34' title="bbox 134 931 922 969">
    <p class='ocr_par' dir='ltr' id='par_1_34' title="bbox 134 931 922 969">
     <span class='ocr_line' id='line_1_34' title="bbox 134 931 922 969; baseline 0.008 -12"><span class='ocrx_word' id='word_1_238' title='bbox 134 931 223 963; x_wconf 80' lang='lat' dir='ltr'><strong><em>nibus,</em></strong></span> <span class='ocrx_word' id='word_1_239' title='bbox 236 932 325 967; x_wconf 83' lang='lat' dir='ltr'><strong><em>eisque</em></strong></span> <span class='ocrx_word' id='word_1_240' title='bbox 337 934 474 968; x_wconf 81' lang='lat' dir='ltr'><strong><em>propriam</em></strong></span> <span class='ocrx_word' id='word_1_241' title='bbox 489 942 522 961; x_wconf 69' lang='lat' dir='ltr'><strong><em>ex</em></strong></span> <span class='ocrx_word' id='word_1_242' title='bbox 538 934 702 961; x_wconf 73' lang='lat' dir='ltr'><strong><em>abundantia</em></strong></span> <span class='ocrx_word' id='word_1_243' title='bbox 716 935 767 962; x_wconf 82' lang='lat' dir='ltr'><strong><em>vim</em></strong></span> <span class='ocrx_word' id='word_1_244' title='bbox 785 936 922 969; x_wconf 81' lang='lat' dir='ltr'><strong><em>tribuunt;</em></strong></span> 
     </span>
    </p>
   </div>
   <div class='ocr_carea' id='block_1_35' title="bbox 133 976 921 1016">
    <p class='ocr_par' dir='ltr' id='par_1_35' title="bbox 133 976 921 1016">
     <span class='ocr_line' id='line_1_35' title="bbox 133 976 921 1016; baseline 0.008 -13"><span class='ocrx_word' id='word_1_245' title='bbox 133 976 226 1011; x_wconf 79' lang='lat' dir='ltr'><strong><em>quibus</em></strong></span> <span class='ocrx_word' id='word_1_246' title='bbox 242 985 288 1004; x_wconf 84' lang='lat' dir='ltr'><strong><em>nos</em></strong></span> <span class='ocrx_word' id='word_1_247' title='bbox 311 979 431 1005; x_wconf 82' lang='lat' dir='ltr'><strong><em>ordinem</em></strong></span> <span class='ocrx_word' id='word_1_248' title='bbox 448 980 588 1014; x_wconf 80' lang='lat' dir='ltr'><strong><em>quemdam</em></strong></span> <span class='ocrx_word' id='word_1_249' title='bbox 607 988 779 1015; x_wconf 78' lang='lat' dir='ltr'><strong><em>numerosque</em></strong></span> <span class='ocrx_word' id='word_1_250' title='bbox 795 982 921 1016; x_wconf 76' lang='lat' dir='ltr'><strong><em>apposui-</em></strong></span> 
     </span>
    </p>
   </div>
   <div class='ocr_carea' id='block_1_36' title="bbox 137 1024 921 1061">
    <p class='ocr_par' dir='ltr' id='par_1_36' title="bbox 137 1024 921 1061">
     <span class='ocr_line' id='line_1_36' title="bbox 137 1024 921 1061; baseline 0.006 -13"><span class='ocrx_word' id='word_1_251' title='bbox 137 1030 206 1056; x_wconf 85' lang='lat' dir='ltr'><strong><em>ntus,</em></strong></span> <span class='ocrx_word' id='word_1_252' title='bbox 218 1029 246 1050; x_wconf 88' lang='lat' dir='ltr'><strong><em>ut</em></strong></span> <span class='ocrx_word' id='word_1_253' title='bbox 262 1024 408 1058; x_wconf 67' lang='lat' dir='ltr'><strong><em>expeditius</em></strong></span> <span class='ocrx_word' id='word_1_254' title='bbox 422 1025 570 1058; x_wconf 80' lang='lat' dir='ltr'><strong><em>reperiatur</em></strong></span> <span class='ocrx_word' id='word_1_255' title='bbox 583 1026 722 1060; x_wconf 69' lang='lat' dir='ltr'><strong><em>quaesitum</em></strong></span> <span class='ocrx_word' id='word_1_256' title='bbox 740 1026 860 1061; x_wconf 81' lang='lat' dir='ltr'><strong><em>quodque</em></strong></span> <span class='ocrx_word' id='word_1_257' title='bbox 875 1035 921 1053; x_wconf 90' lang='lat' dir='ltr'><strong><em>ca-</em></strong></span> 
     </span>
    </p>
   </div>
   <div class='ocr_carea' id='block_1_37' title="bbox 131 1068 921 1104">
    <p class='ocr_par' dir='ltr' id='par_1_37' title="bbox 131 1068 921 1104">
     <span class='ocr_line' id='line_1_37' title="bbox 131 1068 921 1104; baseline 0.008 -10"><span class='ocrx_word' id='word_1_258' title='bbox 131 1068 244 1102; x_wconf 83' lang='lat' dir='ltr'><strong><em>pitulum</em></strong></span> <span class='ocrx_word' id='word_1_259' title='bbox 254 1078 264 1101; x_wconf 90' lang='lat'><em>;</em></span> <span class='ocrx_word' id='word_1_260' title='bbox 279 1075 418 1104; x_wconf 80' lang='lat' dir='ltr'><strong><em>propterea</em></strong></span> <span class='ocrx_word' id='word_1_261' title='bbox 431 1071 502 1104; x_wconf 86' lang='lat' dir='ltr'><strong><em>quod</em></strong></span> <span class='ocrx_word' id='word_1_262' title='bbox 522 1079 554 1098; x_wconf 65' lang='lat' dir='ltr'><strong><em>ex</em></strong></span> <span class='ocrx_word' id='word_1_263' title='bbox 566 1071 676 1099; x_wconf 72' lang='lat' dir='ltr'><strong><em>diversis</em></strong></span> <span class='ocrx_word' id='word_1_264' title='bbox 688 1073 921 1101; x_wconf 72' lang='lat' dir='ltr'><strong><em>constitutionibus</em></strong></span> 
     </span>
    </p>
   </div>
   <div class='ocr_carea' id='block_1_38' title="bbox 131 1114 920 1154">
    <p class='ocr_par' dir='ltr' id='par_1_38' title="bbox 131 1114 920 1154">
     <span class='ocr_line' id='line_1_38' title="bbox 131 1114 920 1154; baseline 0.009 -13"><span class='ocrx_word' id='word_1_265' title='bbox 131 1114 184 1142; x_wconf 85' lang='lat' dir='ltr'><strong><em>sint</em></strong></span> <span class='ocrx_word' id='word_1_266' title='bbox 196 1120 366 1150; x_wconf 76' lang='lat' dir='ltr'><strong><em>coacervattc,</em></strong></span> <span class='ocrx_word' id='word_1_267' title='bbox 378 1121 406 1143; x_wconf 84' lang='lat' dir='ltr'><strong><em>ut</em></strong></span> <span class='ocrx_word' id='word_1_268' title='bbox 427 1117 500 1151; x_wconf 81' lang='lat' dir='ltr'><strong><em>infra</em></strong></span> <span class='ocrx_word' id='word_1_269' title='bbox 514 1117 665 1152; x_wconf 74' lang='lat' dir='ltr'><strong><em>subjicitur.</em></strong></span> <span class='ocrx_word' id='word_1_270' title='bbox 674 1117 742 1146; x_wconf 90' lang='lat' dir='ltr'><strong><em>Cod.</em></strong></span> <span class='ocrx_word' id='word_1_271' title='bbox 754 1127 781 1154; x_wconf 90' lang='lat' dir='ltr'><strong><em>p.</em></strong></span> <span class='ocrx_word' id='word_1_272' title='bbox 790 1120 920 1149; x_wconf 73' lang='lat'><strong><em>663-697.</em></strong></span> 
     </span>
    </p>
   </div>
   <div class='ocr_carea' id='block_1_39' title="bbox 165 1160 921 1199">
    <p class='ocr_par' dir='ltr' id='par_1_39' title="bbox 165 1160 921 1199">
     <span class='ocr_line' id='line_1_39' title="bbox 165 1160 921 1199; baseline 0.008 -13"><span class='ocrx_word' id='word_1_273' title='bbox 165 1160 306 1194; x_wconf 78' lang='grc' dir='ltr'>Διατάξεις</span> <span class='ocrx_word' id='word_1_274' title='bbox 318 1161 407 1196; x_wconf 82' lang='grc' dir='ltr'>νόμων</span> <span class='ocrx_word' id='word_1_275' title='bbox 420 1162 563 1189; x_wconf 83' lang='grc' dir='ltr'>πολιτικῶν</span> <span class='ocrx_word' id='word_1_276' title='bbox 575 1164 608 1189; x_wconf 81' lang='grc' dir='ltr'>ὲκ</span> <span class='ocrx_word' id='word_1_277' title='bbox 620 1163 673 1189; x_wconf 89' lang='grc' dir='ltr'>τῶν</span> <span class='ocrx_word' id='word_1_278' title='bbox 682 1163 797 1199; x_wconf 86' lang='grc' dir='ltr'>Νεαρῶν</span> <span class='ocrx_word' id='word_1_279' title='bbox 809 1164 921 1192; x_wconf 82' lang='grc' dir='ltr'>Ίουστι-</span> 
     </span>
    </p>
   </div>
   <div class='ocr_carea' id='block_1_40' title="bbox 130 1205 920 1245">
    <p class='ocr_par' dir='ltr' id='par_1_40' title="bbox 130 1205 920 1245">
     <span class='ocr_line' id='line_1_40' title="bbox 130 1205 920 1245; baseline 0.006 -14"><span class='ocrx_word' id='word_1_280' title='bbox 130 1205 223 1232; x_wconf 82' lang='grc' dir='ltr'>νιανοῦ</span> <span class='ocrx_word' id='word_1_281' title='bbox 238 1205 386 1238; x_wconf 82' lang='grc' dir='ltr'>διατάξεων</span> <span class='ocrx_word' id='word_1_282' title='bbox 401 1207 449 1233; x_wconf 78' lang='grc' dir='ltr'>καὶ</span> <span class='ocrx_word' id='word_1_283' title='bbox 473 1207 576 1242; x_wconf 75' lang='grc' dir='ltr'>ἑτέρων</span> <span class='ocrx_word' id='word_1_284' title='bbox 592 1208 735 1243; x_wconf 83' lang='grc' dir='ltr'>βασιλέων,</span> <span class='ocrx_word' id='word_1_285' title='bbox 751 1210 920 1245; x_wconf 84' lang='grc' dir='ltr'>συνηγοροῦ-</span> 
     </span>
    </p>
   </div>
   <div class='ocr_carea' id='block_1_41' title="bbox 129 1251 920 1291">
    <p class='ocr_par' dir='ltr' id='par_1_41' title="bbox 129 1251 920 1291">
     <span class='ocr_line' id='line_1_41' title="bbox 129 1251 920 1291; baseline 0.006 -14"><span class='ocrx_word' id='word_1_286' title='bbox 129 1259 176 1278; x_wconf 84' lang='grc' dir='ltr'><strong><em>σαι</em></strong></span> <span class='ocrx_word' id='word_1_287' title='bbox 189 1251 236 1278; x_wconf 79' lang='grc' dir='ltr'>καὶ</span> <span class='ocrx_word' id='word_1_288' title='bbox 250 1252 432 1287; x_wconf 81' lang='grc' dir='ltr'>ὲπικυροῦσαι</span> <span class='ocrx_word' id='word_1_289' title='bbox 451 1253 515 1284; x_wconf 78' lang='grc' dir='ltr'>τοὺς</span> <span class='ocrx_word' id='word_1_290' title='bbox 539 1253 595 1280; x_wconf 84' lang='grc' dir='ltr'><strong><em>τῶν</em></strong></span> <span class='ocrx_word' id='word_1_291' title='bbox 619 1254 707 1289; x_wconf 81' lang='grc' dir='ltr'>ἁγίων</span> <span class='ocrx_word' id='word_1_292' title='bbox 731 1255 861 1291; x_wconf 84' lang='grc' dir='ltr'>Πατέρων</span> <span class='ocrx_word' id='word_1_293' title='bbox 872 1256 920 1282; x_wconf 80' lang='grc' dir='ltr'><strong><em>ἐκ-</em></strong></span> 
     </span>
    </p>
   </div>
   <div class='ocr_carea' id='block_1_42' title="bbox 129 1296 920 1334">
    <p class='ocr_par' dir='ltr' id='par_1_42' title="bbox 129 1296 920 1334">
     <span class='ocr_line' id='line_1_42' title="bbox 129 1296 920 1334; baseline 0.008 -12"><span class='ocrx_word' id='word_1_294' title='bbox 129 1296 340 1331; x_wconf 79' lang='grc' dir='ltr'>κλησιαστικοὺς</span> <span class='ocrx_word' id='word_1_295' title='bbox 355 1297 471 1330; x_wconf 78' lang='grc' dir='ltr'>κανόνας</span> <span class='ocrx_word' id='word_1_296' title='bbox 491 1306 498 1325; x_wconf 89' lang='lat'><strong>:</strong></span> <span class='ocrx_word' id='word_1_297' title='bbox 514 1297 620 1326; x_wconf 89' lang='lat' dir='ltr'><strong><em>Statuta</em></strong></span> <span class='ocrx_word' id='word_1_298' title='bbox 641 1299 725 1334; x_wconf 83' lang='lat' dir='ltr'><strong><em>legum</em></strong></span> <span class='ocrx_word' id='word_1_299' title='bbox 744 1300 862 1328; x_wconf 84' lang='lat' dir='ltr'><strong><em>cit-ilium</em></strong></span> <span class='ocrx_word' id='word_1_300' title='bbox 887 1309 920 1329; x_wconf 73' lang='lat' dir='ltr'><strong><em>ea:</em></strong></span> 
     </span>
    </p>
   </div>
   <div class='ocr_carea' id='block_1_43' title="bbox 128 1341 918 1379">
    <p class='ocr_par' dir='ltr' id='par_1_43' title="bbox 128 1341 918 1379">
     <span class='ocr_line' id='line_1_43' title="bbox 128 1341 918 1379; baseline 0.004 -9"><span class='ocrx_word' id='word_1_301' title='bbox 128 1342 239 1370; x_wconf 78' lang='lat' dir='ltr'><strong><em>novellis</em></strong></span> <span class='ocrx_word' id='word_1_302' title='bbox 262 1341 410 1370; x_wconf 81' lang='lat' dir='ltr'><strong><em>Justiuiani</em></strong></span> <span class='ocrx_word' id='word_1_303' title='bbox 433 1348 458 1370; x_wconf 85' lang='lat' dir='ltr'><strong><em>et</em></strong></span> <span class='ocrx_word' id='word_1_304' title='bbox 483 1344 599 1371; x_wconf 84' lang='lat' dir='ltr'><strong><em>aliorum</em></strong></span> <span class='ocrx_word' id='word_1_305' title='bbox 613 1345 803 1379; x_wconf 80' lang='lat' dir='ltr'><strong><em>imperatorum</em></strong></span> <span class='ocrx_word' id='word_1_306' title='bbox 816 1348 918 1373; x_wconf 86' lang='lat' dir='ltr'><strong><em>consti-</em></strong></span> 
     </span>
    </p>
   </div>
   <div class='ocr_carea' id='block_1_44' title="bbox 128 1388 919 1426">
    <p class='ocr_par' dir='ltr' id='par_1_44' title="bbox 128 1388 919 1426">
     <span class='ocr_line' id='line_1_44' title="bbox 128 1388 919 1426; baseline 0.005 -11"><span class='ocrx_word' id='word_1_307' title='bbox 128 1388 287 1420; x_wconf 82' lang='lat' dir='ltr'><strong><em>tutionibus,</em></strong></span> <span class='ocrx_word' id='word_1_308' title='bbox 311 1396 370 1424; x_wconf 77' lang='lat' dir='ltr'><strong><em>qute</em></strong></span> <span class='ocrx_word' id='word_1_309' title='bbox 395 1389 482 1423; x_wconf 80' lang='lat' dir='ltr'><strong><em>[at-ent</em></strong></span> <span class='ocrx_word' id='word_1_310' title='bbox 503 1394 529 1416; x_wconf 84' lang='lat' dir='ltr'><strong><em>et</em></strong></span> <span class='ocrx_word' id='word_1_311' title='bbox 545 1390 772 1426; x_wconf 77' lang='lat' dir='ltr'><strong><em>conﬁrmationem</em></strong></span> <span class='ocrx_word' id='word_1_312' title='bbox 787 1392 919 1426; x_wconf 81' lang='lat' dir='ltr'><strong><em>adjiciunt</em></strong></span> 
     </span>
    </p>
   </div>
   <div class='ocr_carea' id='block_1_45' title="bbox 125 1435 919 1468">
    <p class='ocr_par' dir='ltr' id='par_1_45' title="bbox 125 1435 919 1468">
     <span class='ocr_line' id='line_1_45' title="bbox 125 1435 919 1468; baseline 0.006 -6"><span class='ocrx_word' id='word_1_313' title='bbox 125 1435 314 1462; x_wconf 75' lang='lat' dir='ltr'><strong><em>ecclesiasticis</em></strong></span> <span class='ocrx_word' id='word_1_314' title='bbox 329 1440 482 1462; x_wconf 75' lang='lat' dir='ltr'><strong><em>sanctorum</em></strong></span> <span class='ocrx_word' id='word_1_315' title='bbox 495 1435 606 1463; x_wconf 79' lang='lat' dir='ltr'><strong><em>Patrum</em></strong></span> <span class='ocrx_word' id='word_1_316' title='bbox 622 1438 776 1465; x_wconf 77' lang='lat' dir='ltr'><strong><em>cauonibus.</em></strong></span> <span class='ocrx_word' id='word_1_317' title='bbox 793 1438 854 1468; x_wconf 62' lang='lat' dir='ltr'><strong><em>Haec</em></strong></span> <span class='ocrx_word' id='word_1_318' title='bbox 872 1441 919 1467; x_wconf 80' lang='lat' dir='ltr'><strong><em>Ita-</em></strong></span> 
     </span>
    </p>
   </div>
   <div class='ocr_carea' id='block_1_46' title="bbox 131 1481 916 1517">
    <p class='ocr_par' dir='ltr' id='par_1_46' title="bbox 131 1481 916 1517">
     <span class='ocr_line' id='line_1_46' title="bbox 131 1481 916 1517; baseline 0.008 -11"><span class='ocrx_word' id='word_1_319' title='bbox 131 1481 195 1507; x_wconf 74' lang='lat' dir='ltr'><strong><em>ltt&#39;nl.</em></strong></span> <span class='ocrx_word' id='word_1_320' title='bbox 218 1486 296 1508; x_wconf 84' lang='lat' dir='ltr'><strong><em>notas</em></strong></span> <span class='ocrx_word' id='word_1_321' title='bbox 322 1481 473 1516; x_wconf 82' lang='lat' dir='ltr'><strong><em>temporis,</em></strong></span> <span class='ocrx_word' id='word_1_322' title='bbox 498 1486 524 1508; x_wconf 76' lang='lat' dir='ltr'><strong><em>et</em></strong></span> <span class='ocrx_word' id='word_1_323' title='bbox 544 1482 761 1517; x_wconf 80' lang='lat' dir='ltr'><strong><em>subscriptiOnes</em></strong></span> <span class='ocrx_word' id='word_1_324' title='bbox 786 1483 916 1516; x_wconf 85' lang='lat' dir='ltr'><strong><em>Latinas.</em></strong></span> 
     </span>
    </p>
   </div>
   <div class='ocr_carea' id='block_1_47' title="bbox 127 1527 915 1564">
    <p class='ocr_par' dir='ltr' id='par_1_47' title="bbox 127 1527 915 1564">
     <span class='ocr_line' id='line_1_47' title="bbox 127 1527 915 1564; baseline 0.006 -10"><span class='ocrx_word' id='word_1_325' title='bbox 127 1527 227 1554; x_wconf 80' lang='lat' dir='ltr'><strong><em>litteris</em></strong></span> <span class='ocrx_word' id='word_1_326' title='bbox 254 1528 400 1563; x_wconf 73' lang='lat' dir='ltr'><strong><em>singularis</em></strong></span> <span class='ocrx_word' id='word_1_327' title='bbox 427 1527 454 1554; x_wconf 91' lang='lat' dir='ltr'><strong><em>in</em></strong></span> <span class='ocrx_word' id='word_1_328' title='bbox 486 1527 548 1562; x_wconf 82' lang='lat' dir='ltr'><strong><em>jure</em></strong></span> <span class='ocrx_word' id='word_1_329' title='bbox 576 1527 670 1556; x_wconf 74' lang='lat' dir='ltr'><strong><em>forma:</em></strong></span> <span class='ocrx_word' id='word_1_330' title='bbox 694 1529 821 1564; x_wconf 75' lang='lat' dir='ltr'><strong><em>scriptas.</em></strong></span> <span class='ocrx_word' id='word_1_331' title='bbox 848 1530 915 1558; x_wconf 88' lang='lat' dir='ltr'><strong><em>Cod.</em></strong></span> 
     </span>
    </p>
   </div>
   <div class='ocr_carea' id='block_1_48' title="bbox 126 1573 295 1609">
    <p class='ocr_par' dir='ltr' id='par_1_48' title="bbox 126 1573 295 1609">
     <span class='ocr_line' id='line_1_48' title="bbox 126 1573 295 1609; baseline 0.018 -8"><span class='ocrx_word' id='word_1_332' title='bbox 126 1581 154 1609; x_wconf 86' lang='lat' dir='ltr'><strong><em>p.</em></strong></span> <span class='ocrx_word' id='word_1_333' title='bbox 163 1573 295 1604; x_wconf 78' lang='lat'><strong><em>607-765.</em></strong></span> 
     </span>
    </p>
   </div>
   <div class='ocr_carea' id='block_1_49' title="bbox 161 1621 916 1662">
    <p class='ocr_par' dir='ltr' id='par_1_49' title="bbox 161 1621 916 1662">
     <span class='ocr_line' id='line_1_49' title="bbox 161 1621 916 1662; baseline 0.011 -15"><span class='ocrx_word' id='word_1_334' title='bbox 161 1621 312 1658; x_wconf 83' lang='grc' dir='ltr'>Συναγωγὴ</span> <span class='ocrx_word' id='word_1_335' title='bbox 334 1623 390 1651; x_wconf 81' lang='grc' dir='ltr'><strong><em>τῶν</em></strong></span> <span class='ocrx_word' id='word_1_336' title='bbox 404 1624 558 1660; x_wconf 72' lang='grc' dir='ltr'>εἰρημένων</span> <span class='ocrx_word' id='word_1_337' title='bbox 573 1626 602 1652; x_wconf 69' lang='grc' dir='ltr'>ἄν</span> <span class='ocrx_word' id='word_1_338' title='bbox 616 1626 655 1662; x_wconf 80' lang='grc' dir='ltr'>τῷ</span> <span class='ocrx_word' id='word_1_339' title='bbox 671 1626 776 1654; x_wconf 83' lang='grc' dir='ltr'>Κώδικι</span> <span class='ocrx_word' id='word_1_340' title='bbox 787 1627 837 1655; x_wconf 76' lang='grc' dir='ltr'>καὶ</span> <span class='ocrx_word' id='word_1_341' title='bbox 859 1629 916 1661; x_wconf 77' lang='grc' dir='ltr'>τοῖς</span> 
     </span>
    </p>
   </div>
   <div class='ocr_carea' id='block_1_50' title="bbox 124 1665 915 1708">
    <p class='ocr_par' dir='ltr' id='par_1_50' title="bbox 124 1665 915 1708">
     <span class='ocr_line' id='line_1_50' title="bbox 124 1665 915 1708; baseline 0.011 -17"><span class='ocrx_word' id='word_1_342' title='bbox 124 1665 264 1699; x_wconf 82' lang='grc' dir='ltr'>Διγέστοις</span> <span class='ocrx_word' id='word_1_343' title='bbox 278 1667 325 1694; x_wconf 76' lang='grc' dir='ltr'>καὶ</span> <span class='ocrx_word' id='word_1_344' title='bbox 342 1670 403 1701; x_wconf 80' lang='grc' dir='ltr'>ταῖς</span> <span class='ocrx_word' id='word_1_345' title='bbox 418 1669 538 1703; x_wconf 85' lang='grc' dir='ltr'>Νεαραῖς</span> <span class='ocrx_word' id='word_1_346' title='bbox 553 1670 699 1703; x_wconf 74' lang='grc' dir='ltr'>διατάξεσι,</span> <span class='ocrx_word' id='word_1_347' title='bbox 718 1672 783 1708; x_wconf 78' lang='grc' dir='ltr'>περὶ</span> <span class='ocrx_word' id='word_1_348' title='bbox 803 1673 915 1700; x_wconf 68' lang='grc' dir='ltr'>ὶπισκό-</span> 
     </span>
    </p>
   </div>
   <div class='ocr_carea' id='block_1_51' title="bbox 124 1712 914 1753">
    <p class='ocr_par' dir='ltr' id='par_1_51' title="bbox 124 1712 914 1753">
     <span class='ocr_line' id='line_1_51' title="bbox 124 1712 914 1753; baseline 0.01 -16"><span class='ocrx_word' id='word_1_349' title='bbox 124 1719 195 1745; x_wconf 83' lang='grc' dir='ltr'>πων,</span> <span class='ocrx_word' id='word_1_350' title='bbox 206 1712 255 1738; x_wconf 75' lang='grc' dir='ltr'>καὶ</span> <span class='ocrx_word' id='word_1_351' title='bbox 279 1713 485 1748; x_wconf 76' lang='grc' dir='ltr'>κληρικῶν,καὶ</span> <span class='ocrx_word' id='word_1_352' title='bbox 516 1717 652 1752; x_wconf 85' lang='grc' dir='ltr'>μοναχῶν,</span> <span class='ocrx_word' id='word_1_353' title='bbox 667 1718 715 1744; x_wconf 75' lang='grc' dir='ltr'><strong><em>καὶ</em></strong></span> <span class='ocrx_word' id='word_1_354' title='bbox 742 1719 914 1753; x_wconf 81' lang='grc' dir='ltr'>πραγμάτων</span> 
     </span>
    </p>
   </div>
   <div class='ocr_carea' id='block_1_52' title="bbox 123 1758 912 1801">
    <p class='ocr_par' dir='ltr' id='par_1_52' title="bbox 123 1758 912 1801">
     <span class='ocr_line' id='line_1_52' title="bbox 123 1758 912 1801; baseline 0.011 -18"><span class='ocrx_word' id='word_1_355' title='bbox 123 1758 244 1792; x_wconf 79' lang='grc' dir='ltr'>εὐαγῶν,</span> <span class='ocrx_word' id='word_1_356' title='bbox 257 1758 296 1786; x_wconf 76' lang='grc' dir='ltr'><strong><em>ἔτι</em></strong></span> <span class='ocrx_word' id='word_1_357' title='bbox 314 1760 343 1787; x_wconf 77' lang='grc' dir='ltr'>δὲ</span> <span class='ocrx_word' id='word_1_358' title='bbox 362 1762 409 1787; x_wconf 78' lang='grc' dir='ltr'>καὶ</span> <span class='ocrx_word' id='word_1_359' title='bbox 423 1761 556 1790; x_wconf 81' lang='grc' dir='ltr'>Ἰουδαίων</span> <span class='ocrx_word' id='word_1_360' title='bbox 576 1764 623 1790; x_wconf 79' lang='grc' dir='ltr'>καὶ</span> <span class='ocrx_word' id='word_1_361' title='bbox 649 1764 805 1799; x_wconf 81' lang='grc' dir='ltr'>αἰρετικῶν,</span> <span class='ocrx_word' id='word_1_362' title='bbox 819 1766 855 1801; x_wconf 52' lang='lat' dir='ltr'><strong><em>sic;</em></strong></span> <span class='ocrx_word' id='word_1_363' title='bbox 865 1765 912 1792; x_wconf 86' lang='grc' dir='ltr'>τοῦ</span> 
     </span>
    </p>
   </div>
   <div class='ocr_carea' id='block_1_53' title="bbox 124 1803 913 1846">
    <p class='ocr_par' dir='ltr' id='par_1_53' title="bbox 124 1803 913 1846">
     <span class='ocr_line' id='line_1_53' title="bbox 124 1803 913 1846; baseline 0.011 -17"><span class='ocrx_word' id='word_1_364' title='bbox 124 1803 235 1838; x_wconf 80' lang='grc' dir='ltr'>πρώτου</span> <span class='ocrx_word' id='word_1_365' title='bbox 249 1804 352 1839; x_wconf 79' lang='grc' dir='ltr'>βιῦλίου</span> <span class='ocrx_word' id='word_1_366' title='bbox 365 1806 413 1833; x_wconf 82' lang='grc' dir='ltr'>τοῦ</span> <span class='ocrx_word' id='word_1_367' title='bbox 422 1806 545 1839; x_wconf 80' lang='grc' dir='ltr'>Κώδικος</span> <span class='ocrx_word' id='word_1_368' title='bbox 555 1815 562 1822; x_wconf 84' lang='lat'><strong>&#39;</strong></span> <span class='ocrx_word' id='word_1_369' title='bbox 572 1808 699 1836; x_wconf 82' lang='lat' dir='ltr'><strong><em>Collectio</em></strong></span> <span class='ocrx_word' id='word_1_370' title='bbox 706 1818 797 1836; x_wconf 85' lang='lat' dir='ltr'><strong><em>eorum</em></strong></span> <span class='ocrx_word' id='word_1_371' title='bbox 806 1811 913 1846; x_wconf 72' lang='lat' dir='ltr'><strong><em>qute&#39;di-</em></strong></span> 
     </span>
    </p>
   </div>
   <div class='ocr_carea' id='block_1_54' title="bbox 123 1851 912 1890">
    <p class='ocr_par' dir='ltr' id='par_1_54' title="bbox 123 1851 912 1890">
     <span class='ocr_line' id='line_1_54' title="bbox 123 1851 912 1890; baseline 0.01 -14"><span class='ocrx_word' id='word_1_372' title='bbox 123 1855 221 1877; x_wconf 84' lang='lat' dir='ltr'><strong><em>cuntur</em></strong></span> <span class='ocrx_word' id='word_1_373' title='bbox 229 1851 255 1878; x_wconf 83' lang='lat' dir='ltr'><strong><em>in</em></strong></span> <span class='ocrx_word' id='word_1_374' title='bbox 268 1851 532 1888; x_wconf 81' lang='lat' dir='ltr'><strong><em>Codice,Dt&#39;geslis,et</em></strong></span> <span class='ocrx_word' id='word_1_375' title='bbox 546 1855 653 1882; x_wconf 74' lang='lat' dir='ltr'><strong><em>novellis</em></strong></span> <span class='ocrx_word' id='word_1_376' title='bbox 662 1855 912 1890; x_wconf 76' lang='lat' dir='ltr'><strong><em>Constitutionibua,</em></strong></span> 
     </span>
    </p>
   </div>
   <div class='ocr_carea' id='block_1_55' title="bbox 123 1897 914 1934">
    <p class='ocr_par' dir='ltr' id='par_1_55' title="bbox 123 1897 914 1934">
     <span class='ocr_line' id='line_1_55' title="bbox 123 1897 914 1934; baseline 0.01 -12"><span class='ocrx_word' id='word_1_377' title='bbox 123 1897 157 1922; x_wconf 81' lang='lat' dir='ltr'><strong><em>de</em></strong></span> <span class='ocrx_word' id='word_1_378' title='bbox 170 1898 308 1931; x_wconf 78' lang='lat' dir='ltr'><strong><em>episcopis,</em></strong></span> <span class='ocrx_word' id='word_1_379' title='bbox 320 1898 432 1930; x_wconf 77' lang='lat' dir='ltr'><strong><em>clericis,</em></strong></span> <span class='ocrx_word' id='word_1_380' title='bbox 445 1902 592 1933; x_wconf 86' lang='lat' dir='ltr'><strong><em>monachis,</em></strong></span> <span class='ocrx_word' id='word_1_381' title='bbox 605 1901 680 1928; x_wconf 77' lang='lat' dir='ltr'><strong><em>rebus</em></strong></span> <span class='ocrx_word' id='word_1_382' title='bbox 692 1903 788 1934; x_wconf 81' lang='lat' dir='ltr'><strong><em>sacris,</em></strong></span> <span class='ocrx_word' id='word_1_383' title='bbox 805 1904 868 1930; x_wconf 84' lang='lat' dir='ltr'><strong><em>item</em></strong></span> <span class='ocrx_word' id='word_1_384' title='bbox 882 1904 914 1930; x_wconf 83' lang='lat' dir='ltr'><strong><em>de</em></strong></span> 
     </span>
    </p>
   </div>
   <div class='ocr_carea' id='block_1_56' title="bbox 122 1941 912 1980">
    <p class='ocr_par' dir='ltr' id='par_1_56' title="bbox 122 1941 912 1980">
     <span class='ocr_line' id='line_1_56' title="bbox 122 1941 912 1980; baseline 0.011 -12"><span class='ocrx_word' id='word_1_385' title='bbox 122 1941 227 1970; x_wconf 75' lang='lat' dir='ltr'><strong><em>Judteis</em></strong></span> <span class='ocrx_word' id='word_1_386' title='bbox 251 1949 276 1970; x_wconf 80' lang='lat' dir='ltr'><strong><em>et</em></strong></span> <span class='ocrx_word' id='word_1_387' title='bbox 303 1944 444 1977; x_wconf 75' lang='lat' dir='ltr'><strong><em>htzreticis,</em></strong></span> <span class='ocrx_word' id='word_1_388' title='bbox 467 1953 499 1972; x_wconf 73' lang='lat' dir='ltr'><strong><em>ea;</em></strong></span> <span class='ocrx_word' id='word_1_389' title='bbox 518 1947 604 1980; x_wconf 81' lang='lat' dir='ltr'><strong><em>primo</em></strong></span> <span class='ocrx_word' id='word_1_390' title='bbox 625 1947 731 1975; x_wconf 76' lang='lat' dir='ltr'><strong><em>Codict&#39;s</em></strong></span> <span class='ocrx_word' id='word_1_391' title='bbox 743 1948 822 1976; x_wconf 86' lang='lat' dir='ltr'><strong><em>libro.</em></strong></span> <span class='ocrx_word' id='word_1_392' title='bbox 846 1950 912 1977; x_wconf 82' lang='lat' dir='ltr'><strong><em>Cod.</em></strong></span> 
     </span>
    </p>
   </div>
   <div class='ocr_carea' id='block_1_57' title="bbox 123 1988 296 2023">
    <p class='ocr_par' dir='ltr' id='par_1_57' title="bbox 123 1988 296 2023">
     <span class='ocr_line' id='line_1_57' title="bbox 123 1988 296 2023; baseline 0.012 -9"><span class='ocrx_word' id='word_1_393' title='bbox 123 1996 150 2023; x_wconf 89' lang='lat' dir='ltr'><strong><em>p.</em></strong></span> <span class='ocrx_word' id='word_1_394' title='bbox 165 1988 296 2017; x_wconf 72' lang='lat'><strong><em>165-840.</em></strong></span> 
     </span>
    </p>
   </div>
   <div class='ocr_carea' id='block_1_58' title="bbox 160 2037 914 2076">
    <p class='ocr_par' dir='ltr' id='par_1_58' title="bbox 160 2037 914 2076">
     <span class='ocr_line' id='line_1_58' title="bbox 160 2037 914 2076; baseline 0.009 -13"><span class='ocrx_word' id='word_1_395' title='bbox 160 2037 309 2073; x_wconf 71' lang='grc' dir='ltr'>Συναγωγή</span> <span class='ocrx_word' id='word_1_396' title='bbox 333 2037 388 2065; x_wconf 77' lang='grc' dir='ltr'><strong><em>τῶν</em></strong></span> <span class='ocrx_word' id='word_1_397' title='bbox 404 2039 543 2074; x_wconf 69' lang='grc' dir='ltr'>σποράδην</span> <span class='ocrx_word' id='word_1_398' title='bbox 566 2041 594 2066; x_wconf 72' lang='grc' dir='ltr'>ὲν</span> <span class='ocrx_word' id='word_1_399' title='bbox 613 2041 671 2072; x_wconf 86' lang='grc' dir='ltr'>τοῖς</span> <span class='ocrx_word' id='word_1_400' title='bbox 695 2042 840 2076; x_wconf 76' lang='grc' dir='ltr'>Διγέστοις</span> <span class='ocrx_word' id='word_1_401' title='bbox 866 2046 914 2071; x_wconf 74' lang='grc' dir='ltr'>καὶ</span> 
     </span>
    </p>
   </div>
   <div class='ocr_carea' id='block_1_59' title="bbox 131 2080 914 2121">
    <p class='ocr_par' dir='ltr' id='par_1_59' title="bbox 131 2080 914 2121">
     <span class='ocr_line' id='line_1_59' title="bbox 131 2080 914 2121; baseline 0.011 -14"><span class='ocrx_word' id='word_1_402' title='bbox 131 2080 321 2114; x_wconf 81' lang='grc' dir='ltr'>Ἰνστιτούτοις</span> <span class='ocrx_word' id='word_1_403' title='bbox 336 2084 481 2118; x_wconf 78' lang='grc' dir='ltr'>κειμένων,</span> <span class='ocrx_word' id='word_1_404' title='bbox 505 2085 570 2120; x_wconf 78' lang='grc' dir='ltr'>περὶ</span> <span class='ocrx_word' id='word_1_405' title='bbox 596 2085 678 2121; x_wconf 75' lang='grc' dir='ltr'>ιερῶν</span> <span class='ocrx_word' id='word_1_406' title='bbox 702 2086 794 2114; x_wconf 84' lang='grc' dir='ltr'>τόπων</span> <span class='ocrx_word' id='word_1_407' title='bbox 816 2096 846 2114; x_wconf 86' lang='grc' dir='ltr'><strong><em>τε</em></strong></span> <span class='ocrx_word' id='word_1_408' title='bbox 866 2089 914 2116; x_wconf 79' lang='grc' dir='ltr'>καὶ</span> 
     </span>
    </p>
   </div>
   <div class='ocr_carea' id='block_1_60' title="bbox 122 2128 915 2168">
    <p class='ocr_par' dir='ltr' id='par_1_60' title="bbox 122 2128 915 2168">
     <span class='ocr_line' id='line_1_60' title="bbox 122 2128 915 2168; baseline 0.009 -14"><span class='ocrx_word' id='word_1_409' title='bbox 122 2128 297 2168; x_wconf 78' lang='grc' dir='ltr'>πραγμάτων</span> <span class='ocrx_word' id='word_1_410' title='bbox 318 2130 366 2156; x_wconf 79' lang='grc' dir='ltr'>καὶ</span> <span class='ocrx_word' id='word_1_411' title='bbox 391 2129 443 2156; x_wconf 84' lang='grc' dir='ltr'>τῶν</span> <span class='ocrx_word' id='word_1_412' title='bbox 470 2131 499 2158; x_wconf 86' lang='grc' dir='ltr'>ὲν</span> <span class='ocrx_word' id='word_1_413' title='bbox 523 2131 616 2163; x_wconf 82' lang='grc' dir='ltr'>αὐτοῖς</span> <span class='ocrx_word' id='word_1_414' title='bbox 639 2132 791 2167; x_wconf 80' lang='grc' dir='ltr'>γινομένων</span> <span class='ocrx_word' id='word_1_415' title='bbox 815 2142 844 2160; x_wconf 77' lang='grc' dir='ltr'>τι</span> <span class='ocrx_word' id='word_1_416' title='bbox 866 2137 915 2162; x_wconf 71' lang='grc' dir='ltr'>καὶ</span> 
     </span>
    </p>
   </div>
   <div class='ocr_carea' id='block_1_61' title="bbox 123 2172 914 2210">
    <p class='ocr_par' dir='ltr' id='par_1_61' title="bbox 123 2172 914 2210">
     <span class='ocr_line' id='line_1_61' title="bbox 123 2172 914 2210; baseline 0.011 -13"><span class='ocrx_word' id='word_1_417' title='bbox 123 2172 388 2208; x_wconf 65' lang='grc' dir='ltr'>τελημμιελουμένων,</span> <span class='ocrx_word' id='word_1_418' title='bbox 402 2174 449 2200; x_wconf 78' lang='grc' dir='ltr'>καὶ</span> <span class='ocrx_word' id='word_1_419' title='bbox 473 2175 539 2210; x_wconf 73' lang='grc' dir='ltr'>περὶ</span> <span class='ocrx_word' id='word_1_420' title='bbox 561 2175 665 2210; x_wconf 73' lang='grc' dir='ltr'>ἱερέων,</span> <span class='ocrx_word' id='word_1_421' title='bbox 683 2176 724 2203; x_wconf 72' lang='grc' dir='ltr'><strong><em>ἔτι</em></strong></span> <span class='ocrx_word' id='word_1_422' title='bbox 737 2177 765 2204; x_wconf 76' lang='grc' dir='ltr'>δὲ</span> <span class='ocrx_word' id='word_1_423' title='bbox 784 2177 831 2204; x_wconf 78' lang='grc' dir='ltr'>καὶ</span> <span class='ocrx_word' id='word_1_424' title='bbox 851 2179 914 2206; x_wconf 71' lang='grc' dir='ltr'><strong><em>Ἰου-</em></strong></span> 
     </span>
    </p>
   </div>
   <div class='ocr_carea' id='block_1_62' title="bbox 972 944 1760 982">
    <p class='ocr_par' dir='ltr' id='par_1_62' title="bbox 972 944 1760 982">
     <span class='ocr_line' id='line_1_62' title="bbox 972 944 1760 982; baseline 0.004 -11"><span class='ocrx_word' id='word_1_425' title='bbox 972 944 1142 979; x_wconf 84' lang='lat' dir='ltr'><strong><em>prudentium</em></strong></span> <span class='ocrx_word' id='word_1_426' title='bbox 1151 945 1421 980; x_wconf 79' lang='lat' dir='ltr'><strong><em>interpretationibus,</em></strong></span> <span class='ocrx_word' id='word_1_427' title='bbox 1435 947 1554 974; x_wconf 70' lang='lat' dir='ltr'><strong><em>breviata</em></strong></span> <span class='ocrx_word' id='word_1_428' title='bbox 1568 948 1684 982; x_wconf 82' lang='lat' dir='ltr'><strong><em>quadam</em></strong></span> <span class='ocrx_word' id='word_1_429' title='bbox 1705 948 1760 974; x_wconf 83' lang='lat' dir='ltr'><strong><em>col—</em></strong></span> 
     </span>
    </p>
   </div>
   <div class='ocr_carea' id='block_1_63' title="bbox 972 991 1757 1027">
    <p class='ocr_par' dir='ltr' id='par_1_63' title="bbox 972 991 1757 1027">
     <span class='ocr_line' id='line_1_63' title="bbox 972 991 1757 1027; baseline 0.004 -10"><span class='ocrx_word' id='word_1_430' title='bbox 972 991 1083 1018; x_wconf 79' lang='lat' dir='ltr'><strong><em>lectione</em></strong></span> <span class='ocrx_word' id='word_1_431' title='bbox 1100 992 1207 1019; x_wconf 83' lang='lat' dir='ltr'><strong><em>omnino</em></strong></span> <span class='ocrx_word' id='word_1_432' title='bbox 1220 992 1411 1027; x_wconf 78' lang='lat' dir='ltr'><strong><em>complectens;</em></strong></span> <span class='ocrx_word' id='word_1_433' title='bbox 1427 998 1482 1021; x_wconf 83' lang='lat' dir='ltr'><strong><em>tum</em></strong></span> <span class='ocrx_word' id='word_1_434' title='bbox 1505 994 1640 1021; x_wconf 64' lang='lat' dir='ltr'><strong><em>memoriae</em></strong></span> <span class='ocrx_word' id='word_1_435' title='bbox 1664 1002 1757 1024; x_wconf 77' lang='lat' dir='ltr'><strong><em>causa.</em></strong></span> 
     </span>
    </p>
   </div>
   <div class='ocr_carea' id='block_1_64' title="bbox 972 1037 1758 1074">
    <p class='ocr_par' dir='ltr' id='par_1_64' title="bbox 972 1037 1758 1074">
     <span class='ocr_line' id='line_1_64' title="bbox 972 1037 1758 1074; baseline 0.004 -11"><span class='ocrx_word' id='word_1_436' title='bbox 972 1041 1028 1064; x_wconf 90' lang='lat' dir='ltr'><strong><em>tum</em></strong></span> <span class='ocrx_word' id='word_1_437' title='bbox 1040 1042 1069 1064; x_wconf 91' lang='lat' dir='ltr'><strong><em>ut</em></strong></span> <span class='ocrx_word' id='word_1_438' title='bbox 1089 1037 1124 1064; x_wconf 86' lang='lat' dir='ltr'><strong><em>ad</em></strong></span> <span class='ocrx_word' id='word_1_439' title='bbox 1140 1038 1249 1072; x_wconf 83' lang='lat' dir='ltr'><strong><em>plenam</em></strong></span> <span class='ocrx_word' id='word_1_440' title='bbox 1261 1039 1380 1073; x_wconf 74' lang='lat' dir='ltr'><strong><em>ipsarum</em></strong></span> <span class='ocrx_word' id='word_1_441' title='bbox 1399 1047 1488 1066; x_wconf 82' lang='lat' dir='ltr'><strong><em>rerum</em></strong></span> <span class='ocrx_word' id='word_1_442' title='bbox 1507 1039 1704 1074; x_wconf 80' lang='lat' dir='ltr'><strong><em>indagationem</em></strong></span> <span class='ocrx_word' id='word_1_443' title='bbox 1720 1039 1758 1066; x_wconf 79' lang='lat' dir='ltr'><strong><em>le-</em></strong></span> 
     </span>
    </p>
   </div>
   <div class='ocr_carea' id='block_1_65' title="bbox 972 1083 1759 1120">
    <p class='ocr_par' dir='ltr' id='par_1_65' title="bbox 972 1083 1759 1120">
     <span class='ocr_line' id='line_1_65' title="bbox 972 1083 1759 1120; baseline 0.004 -11"><span class='ocrx_word' id='word_1_444' title='bbox 972 1088 1056 1110; x_wconf 82' lang='lat' dir='ltr'><strong><em>ctores</em></strong></span> <span class='ocrx_word' id='word_1_445' title='bbox 1073 1083 1238 1112; x_wconf 79' lang='lat' dir='ltr'><strong><em>deducerem.</em></strong></span> <span class='ocrx_word' id='word_1_446' title='bbox 1251 1085 1304 1113; x_wconf 86' lang='lat' dir='ltr'><strong><em>Sed</em></strong></span> <span class='ocrx_word' id='word_1_447' title='bbox 1321 1093 1374 1113; x_wconf 90' lang='lat' dir='ltr'><strong><em>non</em></strong></span> <span class='ocrx_word' id='word_1_448' title='bbox 1390 1085 1477 1120; x_wconf 97' lang='lat' dir='ltr'><strong><em>placet</em></strong></span> <span class='ocrx_word' id='word_1_449' title='bbox 1496 1086 1546 1113; x_wconf 87' lang='lat' dir='ltr'><strong><em>hoc</em></strong></span> <span class='ocrx_word' id='word_1_450' title='bbox 1562 1085 1646 1114; x_wconf 85' lang='lat' dir='ltr'><strong><em>Leoni</em></strong></span> <span class='ocrx_word' id='word_1_451' title='bbox 1661 1085 1759 1113; x_wconf 84' lang='lat' dir='ltr'><strong><em>Allatio</em></strong></span> 
     </span>
    </p>
   </div>
   <div class='ocr_carea' id='block_1_66' title="bbox 972 1130 1757 1166">
    <p class='ocr_par' dir='ltr' id='par_1_66' title="bbox 972 1130 1757 1166">
     <span class='ocr_line' id='line_1_66' title="bbox 972 1130 1757 1166; baseline 0.004 -10"><span class='ocrx_word' id='word_1_452' title='bbox 972 1130 1139 1162; x_wconf 81' lang='lat' dir='ltr'><strong><em>institutum,</em></strong></span> <span class='ocrx_word' id='word_1_453' title='bbox 1165 1131 1211 1165; x_wconf 89' lang='lat' dir='ltr'><strong><em>qui</em></strong></span> <span class='ocrx_word' id='word_1_454' title='bbox 1239 1131 1265 1158; x_wconf 92' lang='lat' dir='ltr'><strong><em>in</em></strong></span> <span class='ocrx_word' id='word_1_455' title='bbox 1283 1139 1366 1166; x_wconf 78' lang='lat' dir='ltr'><strong><em>opere</em></strong></span> <span class='ocrx_word' id='word_1_456' title='bbox 1389 1132 1427 1159; x_wconf 84' lang='lat' dir='ltr'><strong><em>De</em></strong></span> <span class='ocrx_word' id='word_1_457' title='bbox 1443 1140 1582 1163; x_wconf 83' lang='lat' dir='ltr'><strong><em>consensu,</em></strong></span> <span class='ocrx_word' id='word_1_458' title='bbox 1602 1132 1649 1159; x_wconf 86' lang='lat' dir='ltr'><strong><em>lib.</em></strong></span> <span class='ocrx_word' id='word_1_459' title='bbox 1666 1139 1685 1164; x_wconf 86' lang='grc' dir='ltr'><strong><em>ι,</em></strong></span> <span class='ocrx_word' id='word_1_460' title='bbox 1697 1139 1757 1165; x_wconf 79' lang='lat' dir='ltr'><strong><em>cap.</em></strong></span> 
     </span>
    </p>
   </div>
   <div class='ocr_carea' id='block_1_67' title="bbox 972 1175 1760 1210">
    <p class='ocr_par' dir='ltr' id='par_1_67' title="bbox 972 1175 1760 1210">
     <span class='ocr_line' id='line_1_67' title="bbox 972 1175 1760 1210; baseline 0.003 -8"><span class='ocrx_word' id='word_1_461' title='bbox 972 1175 1016 1207; x_wconf 83' lang='lat' dir='ltr'><strong><em>l5,</em></strong></span> <span class='ocrx_word' id='word_1_462' title='bbox 1033 1183 1058 1210; x_wconf 90' lang='lat' dir='ltr'><strong><em>p.</em></strong></span> <span class='ocrx_word' id='word_1_463' title='bbox 1076 1175 1139 1207; x_wconf 72' lang='lat' dir='ltr'><strong><em>22L</em></strong></span> <span class='ocrx_word' id='word_1_464' title='bbox 1165 1176 1302 1204; x_wconf 86' lang='lat' dir='ltr'><strong><em>rationem</em></strong></span> <span class='ocrx_word' id='word_1_465' title='bbox 1331 1177 1401 1204; x_wconf 90' lang='lat' dir='ltr'><strong><em>hanc</em></strong></span> <span class='ocrx_word' id='word_1_466' title='bbox 1422 1176 1650 1210; x_wconf 84' lang='lat' dir='ltr'><strong><em>Nomocanonum,</em></strong></span> <span class='ocrx_word' id='word_1_467' title='bbox 1671 1177 1698 1204; x_wconf 88' lang='lat' dir='ltr'><strong><em>id</em></strong></span> <span class='ocrx_word' id='word_1_468' title='bbox 1718 1182 1760 1204; x_wconf 83' lang='lat' dir='ltr'><strong><em>est</em></strong></span> 
     </span>
    </p>
   </div>
   <div class='ocr_carea' id='block_1_68' title="bbox 970 1221 1760 1258">
    <p class='ocr_par' dir='ltr' id='par_1_68' title="bbox 970 1221 1760 1258">
     <span class='ocr_line' id='line_1_68' title="bbox 970 1221 1760 1258; baseline 0.004 -11"><span class='ocrx_word' id='word_1_469' title='bbox 970 1221 1153 1256; x_wconf 85' lang='lat' dir='ltr'><strong><em>imperialinm</em></strong></span> <span class='ocrx_word' id='word_1_470' title='bbox 1166 1222 1255 1257; x_wconf 80' lang='lat' dir='ltr'><strong><em>legum</em></strong></span> <span class='ocrx_word' id='word_1_471' title='bbox 1265 1230 1328 1250; x_wconf 86' lang='lat' dir='ltr'><strong><em>cum</em></strong></span> <span class='ocrx_word' id='word_1_472' title='bbox 1343 1223 1544 1258; x_wconf 77' lang='lat' dir='ltr'><strong><em>episcopalibus</em></strong></span> <span class='ocrx_word' id='word_1_473' title='bbox 1562 1223 1662 1258; x_wconf 76' lang='lat' dir='ltr'><strong><em>regulis</em></strong></span> <span class='ocrx_word' id='word_1_474' title='bbox 1677 1230 1760 1256; x_wconf 83' lang='lat' dir='ltr'><strong><em>copu-</em></strong></span> 
     </span>
    </p>
   </div>
   <div class='ocr_carea' id='block_1_69' title="bbox 971 1268 1756 1304">
    <p class='ocr_par' dir='ltr' id='par_1_69' title="bbox 971 1268 1756 1304">
     <span class='ocr_line' id='line_1_69' title="bbox 971 1268 1756 1304; baseline 0.001 -9"><span class='ocrx_word' id='word_1_475' title='bbox 971 1268 1036 1301; x_wconf 75' lang='lat' dir='ltr'><strong><em>lam,</em></strong></span> <span class='ocrx_word' id='word_1_476' title='bbox 1054 1276 1139 1303; x_wconf 72' lang='lat' dir='ltr'><strong><em>prava</em></strong></span> <span class='ocrx_word' id='word_1_477' title='bbox 1159 1276 1224 1304; x_wconf 77' lang='lat' dir='ltr'><strong><em>erga</em></strong></span> <span class='ocrx_word' id='word_1_478' title='bbox 1238 1269 1378 1304; x_wconf 82' lang='lat' dir='ltr'><strong><em>principes</em></strong></span> <span class='ocrx_word' id='word_1_479' title='bbox 1392 1269 1579 1298; x_wconf 83' lang='lat' dir='ltr'><strong><em>assentatione</em></strong></span> <span class='ocrx_word' id='word_1_480' title='bbox 1588 1269 1756 1304; x_wconf 80' lang='lat' dir='ltr'><strong><em>progcnitam</em></strong></span> 
     </span>
    </p>
   </div>
   <div class='ocr_carea' id='block_1_70' title="bbox 969 1313 1756 1349">
    <p class='ocr_par' dir='ltr' id='par_1_70' title="bbox 969 1313 1756 1349">
     <span class='ocr_line' id='line_1_70' title="bbox 969 1313 1756 1349; baseline 0.001 -8"><span class='ocrx_word' id='word_1_481' title='bbox 969 1314 1084 1349; x_wconf 83' lang='lat' dir='ltr'><strong><em>judicat.</em></strong></span> <span class='ocrx_word' id='word_1_482' title='bbox 1101 1313 1190 1342; x_wconf 83' lang='lat' dir='ltr'><strong><em>Nimis</em></strong></span> <span class='ocrx_word' id='word_1_483' title='bbox 1208 1314 1233 1342; x_wconf 90' lang='lat' dir='ltr'><strong><em>id</em></strong></span> <span class='ocrx_word' id='word_1_484' title='bbox 1264 1315 1380 1343; x_wconf 78' lang='lat' dir='ltr'><strong><em>tonasse</em></strong></span> <span class='ocrx_word' id='word_1_485' title='bbox 1394 1315 1497 1343; x_wconf 87' lang='lat' dir='ltr'><strong><em>dictum</em></strong></span> <span class='ocrx_word' id='word_1_486' title='bbox 1525 1323 1617 1344; x_wconf 80' lang='lat' dir='ltr'><strong><em>severe</em></strong></span> <span class='ocrx_word' id='word_1_487' title='bbox 1632 1324 1638 1342; x_wconf 88' lang='lat'><strong>:</strong></span> <span class='ocrx_word' id='word_1_488' title='bbox 1657 1315 1756 1342; x_wconf 85' lang='lat' dir='ltr'><strong><em>ctenim</em></strong></span> 
     </span>
    </p>
   </div>
   <div class='ocr_carea' id='block_1_71' title="bbox 970 1360 1757 1396">
    <p class='ocr_par' dir='ltr' id='par_1_71' title="bbox 970 1360 1757 1396">
     <span class='ocr_line' id='line_1_71' title="bbox 970 1360 1757 1396; baseline 0 -9"><span class='ocrx_word' id='word_1_489' title='bbox 970 1360 1059 1387; x_wconf 83' lang='lat' dir='ltr'><strong><em>civilis</em></strong></span> <span class='ocrx_word' id='word_1_490' title='bbox 1069 1360 1140 1395; x_wconf 85' lang='lat' dir='ltr'><strong><em>juris</em></strong></span> <span class='ocrx_word' id='word_1_491' title='bbox 1155 1368 1217 1388; x_wconf 91' lang='lat' dir='ltr'><strong><em>cum</em></strong></span> <span class='ocrx_word' id='word_1_492' title='bbox 1232 1361 1366 1389; x_wconf 86' lang='lat' dir='ltr'><strong><em>canonico</em></strong></span> <span class='ocrx_word' id='word_1_493' title='bbox 1379 1361 1558 1395; x_wconf 70' lang='lat' dir='ltr'><strong><em>comparatio,</em></strong></span> <span class='ocrx_word' id='word_1_494' title='bbox 1576 1361 1634 1389; x_wconf 83' lang='lat' dir='ltr'><strong><em>sive</em></strong></span> <span class='ocrx_word' id='word_1_495' title='bbox 1649 1360 1676 1387; x_wconf 91' lang='lat' dir='ltr'><strong><em>in</em></strong></span> <span class='ocrx_word' id='word_1_496' title='bbox 1689 1360 1757 1396; x_wconf 80' lang='lat' dir='ltr'><strong><em>Syn-</em></strong></span> 
     </span>
    </p>
   </div>
   <div class='ocr_carea' id='block_1_72' title="bbox 969 1406 1753 1441">
    <p class='ocr_par' dir='ltr' id='par_1_72' title="bbox 969 1406 1753 1441">
     <span class='ocr_line' id='line_1_72' title="bbox 969 1406 1753 1441; baseline -0.003 -8"><span class='ocrx_word' id='word_1_497' title='bbox 969 1411 1086 1441; x_wconf 81' lang='lat' dir='ltr'><strong><em>tagmate</em></strong></span> <span class='ocrx_word' id='word_1_498' title='bbox 1101 1411 1194 1434; x_wconf 80' lang='lat' dir='ltr'><strong><em>nostro</em></strong></span> <span class='ocrx_word' id='word_1_499' title='bbox 1205 1406 1263 1434; x_wconf 86' lang='lat' dir='ltr'><strong><em>sive</em></strong></span> <span class='ocrx_word' id='word_1_500' title='bbox 1279 1406 1306 1434; x_wconf 86' lang='lat' dir='ltr'><strong><em>in</em></strong></span> <span class='ocrx_word' id='word_1_501' title='bbox 1323 1406 1520 1436; x_wconf 81' lang='lat' dir='ltr'><strong><em>Nomomnone.</em></strong></span> <span class='ocrx_word' id='word_1_502' title='bbox 1540 1411 1567 1433; x_wconf 84' lang='lat' dir='ltr'><strong><em>et</em></strong></span> <span class='ocrx_word' id='word_1_503' title='bbox 1588 1407 1687 1433; x_wconf 82' lang='lat' dir='ltr'><strong><em>multas</em></strong></span> <span class='ocrx_word' id='word_1_504' title='bbox 1703 1407 1753 1432; x_wconf 76' lang='lat' dir='ltr'><strong><em>tta-</em></strong></span> 
     </span>
    </p>
   </div>
   <div class='ocr_carea' id='block_1_73' title="bbox 967 1451 1758 1486">
    <p class='ocr_par' dir='ltr' id='par_1_73' title="bbox 967 1451 1758 1486">
     <span class='ocr_line' id='line_1_73' title="bbox 967 1451 1758 1486; baseline -0.003 -7"><span class='ocrx_word' id='word_1_505' title='bbox 967 1452 1015 1479; x_wconf 61' lang='grc' dir='ltr'>δεῖ</span> <span class='ocrx_word' id='word_1_506' title='bbox 1032 1452 1173 1483; x_wconf 84' lang='lat' dir='ltr'><strong><em>utilitates,</em></strong></span> <span class='ocrx_word' id='word_1_507' title='bbox 1189 1456 1217 1479; x_wconf 88' lang='lat' dir='ltr'><strong><em>et</em></strong></span> <span class='ocrx_word' id='word_1_508' title='bbox 1231 1451 1334 1479; x_wconf 91' lang='lat' dir='ltr'><strong><em>nullum</em></strong></span> <span class='ocrx_word' id='word_1_509' title='bbox 1351 1459 1399 1486; x_wconf 88' lang='lat' dir='ltr'><strong><em>per</em></strong></span> <span class='ocrx_word' id='word_1_510' title='bbox 1414 1459 1444 1480; x_wconf 84' lang='lat' dir='ltr'><strong><em>se</em></strong></span> <span class='ocrx_word' id='word_1_511' title='bbox 1466 1452 1561 1479; x_wconf 89' lang='lat' dir='ltr'><strong><em>vitium</em></strong></span> <span class='ocrx_word' id='word_1_512' title='bbox 1578 1451 1702 1479; x_wconf 84' lang='lat' dir='ltr'><strong><em>redolere</em></strong></span> <span class='ocrx_word' id='word_1_513' title='bbox 1718 1452 1758 1477; x_wconf 82' lang='lat' dir='ltr'><strong><em>vi-</em></strong></span> 
     </span>
    </p>
   </div>
   <div class='ocr_carea' id='block_1_74' title="bbox 968 1497 1756 1533">
    <p class='ocr_par' dir='ltr' id='par_1_74' title="bbox 968 1497 1756 1533">
     <span class='ocr_line' id='line_1_74' title="bbox 968 1497 1756 1533; baseline -0.003 -8"><span class='ocrx_word' id='word_1_514' title='bbox 968 1497 1057 1525; x_wconf 86' lang='lat' dir='ltr'><strong><em>detur.</em></strong></span> <span class='ocrx_word' id='word_1_515' title='bbox 1082 1498 1111 1525; x_wconf 89' lang='lat' dir='ltr'><strong><em>ln</em></strong></span> <span class='ocrx_word' id='word_1_516' title='bbox 1141 1504 1257 1533; x_wconf 80' lang='lat' dir='ltr'><strong><em>corpore</em></strong></span> <span class='ocrx_word' id='word_1_517' title='bbox 1286 1497 1358 1532; x_wconf 84' lang='lat' dir='ltr'><strong><em>juris</em></strong></span> <span class='ocrx_word' id='word_1_518' title='bbox 1389 1497 1609 1533; x_wconf 78' lang='lat' dir='ltr'><strong><em>autejustinianci</em></strong></span> <span class='ocrx_word' id='word_1_519' title='bbox 1644 1497 1756 1531; x_wconf 84' lang='lat' dir='ltr'><strong><em>antiqua</em></strong></span> 
     </span>
    </p>
   </div>
   <div class='ocr_carea' id='block_1_75' title="bbox 968 1542 1755 1577">
    <p class='ocr_par' dir='ltr' id='par_1_75' title="bbox 968 1542 1755 1577">
     <span class='ocr_line' id='line_1_75' title="bbox 968 1542 1755 1577; baseline -0.001 -6"><span class='ocrx_word' id='word_1_520' title='bbox 968 1547 1058 1571; x_wconf 78' lang='lat' dir='ltr'><strong><em>exstat</em></strong></span> <span class='ocrx_word' id='word_1_521' title='bbox 1075 1543 1255 1571; x_wconf 80' lang='lat' dir='ltr'><strong><em>Mosaicarum</em></strong></span> <span class='ocrx_word' id='word_1_522' title='bbox 1275 1548 1302 1570; x_wconf 84' lang='lat' dir='ltr'><strong><em>et</em></strong></span> <span class='ocrx_word' id='word_1_523' title='bbox 1317 1542 1501 1570; x_wconf 81' lang='lat' dir='ltr'><strong><em>Romanarum</em></strong></span> <span class='ocrx_word' id='word_1_524' title='bbox 1527 1543 1614 1577; x_wconf 72' lang='lat' dir='ltr'><strong><em>legum</em></strong></span> <span class='ocrx_word' id='word_1_525' title='bbox 1637 1542 1755 1570; x_wconf 81' lang='lat' dir='ltr'><strong><em>collatio.</em></strong></span> 
     </span>
    </p>
   </div>
   <div class='ocr_carea' id='block_1_76' title="bbox 971 1587 1756 1625">
    <p class='ocr_par' dir='ltr' id='par_1_76' title="bbox 971 1587 1756 1625">
     <span class='ocr_line' id='line_1_76' title="bbox 971 1587 1756 1625; baseline -0.004 -8"><span class='ocrx_word' id='word_1_526' title='bbox 971 1590 1122 1625; x_wconf 88' lang='lat' dir='ltr'><strong><em>lnsuperin</em></strong></span> <span class='ocrx_word' id='word_1_527' title='bbox 1137 1589 1308 1617; x_wconf 84' lang='lat' dir='ltr'><strong><em>Francorum</em></strong></span> <span class='ocrx_word' id='word_1_528' title='bbox 1324 1595 1418 1623; x_wconf 82' lang='lat' dir='ltr'><strong><em>regum</em></strong></span> <span class='ocrx_word' id='word_1_529' title='bbox 1441 1587 1654 1623; x_wconf 85' lang='lat' dir='ltr'><strong><em>Capitularibus,</em></strong></span> <span class='ocrx_word' id='word_1_530' title='bbox 1679 1592 1706 1614; x_wconf 91' lang='lat' dir='ltr'><strong><em>ct</em></strong></span> <span class='ocrx_word' id='word_1_531' title='bbox 1729 1588 1756 1614; x_wconf 90' lang='lat' dir='ltr'><strong><em>in</em></strong></span> 
     </span>
    </p>
   </div>
   <div class='ocr_carea' id='block_1_77' title="bbox 972 1633 1757 1670">
    <p class='ocr_par' dir='ltr' id='par_1_77' title="bbox 972 1633 1757 1670">
     <span class='ocr_line' id='line_1_77' title="bbox 972 1633 1757 1670; baseline -0.005 -7"><span class='ocrx_word' id='word_1_532' title='bbox 972 1635 1154 1663; x_wconf 80' lang='lat' dir='ltr'><strong><em>Barbarorum</em></strong></span> <span class='ocrx_word' id='word_1_533' title='bbox 1170 1634 1275 1670; x_wconf 74' lang='lat' dir='ltr'><strong><em>legibus</em></strong></span> <span class='ocrx_word' id='word_1_534' title='bbox 1300 1633 1371 1668; x_wconf 88' lang='lat' dir='ltr'><strong><em>apud</em></strong></span> <span class='ocrx_word' id='word_1_535' title='bbox 1385 1633 1565 1664; x_wconf 85' lang='lat' dir='ltr'><strong><em>Cancianum.</em></strong></span> <span class='ocrx_word' id='word_1_536' title='bbox 1588 1638 1656 1668; x_wconf 87' lang='lat' dir='ltr'><strong><em>quot</em></strong></span> <span class='ocrx_word' id='word_1_537' title='bbox 1669 1641 1757 1667; x_wconf 88' lang='lat' dir='ltr'><strong><em>quau-</em></strong></span> 
     </span>
    </p>
   </div>
   <div class='ocr_carea' id='block_1_78' title="bbox 970 1679 1757 1716">
    <p class='ocr_par' dir='ltr' id='par_1_78' title="bbox 970 1679 1757 1716">
     <span class='ocr_line' id='line_1_78' title="bbox 970 1679 1757 1716; baseline -0.003 -8"><span class='ocrx_word' id='word_1_538' title='bbox 970 1685 1051 1716; x_wconf 89' lang='lat' dir='ltr'><strong><em>taque</em></strong></span> <span class='ocrx_word' id='word_1_539' title='bbox 1079 1680 1235 1715; x_wconf 83' lang='lat' dir='ltr'><strong><em>ltujustnodi</em></strong></span> <span class='ocrx_word' id='word_1_540' title='bbox 1261 1679 1417 1707; x_wconf 83' lang='lat' dir='ltr'><strong><em>ltabcmusl</em></strong></span> <span class='ocrx_word' id='word_1_541' title='bbox 1435 1679 1493 1707; x_wconf 85' lang='lat' dir='ltr'><strong><em>Non</em></strong></span> <span class='ocrx_word' id='word_1_542' title='bbox 1524 1680 1594 1713; x_wconf 87' lang='lat' dir='ltr'><strong><em>quod</em></strong></span> <span class='ocrx_word' id='word_1_543' title='bbox 1619 1679 1757 1706; x_wconf 65' lang='lat' dir='ltr'><strong><em>smularis</em></strong></span> 
     </span>
    </p>
   </div>
   <div class='ocr_carea' id='block_1_79' title="bbox 970 1725 1757 1762">
    <p class='ocr_par' dir='ltr' id='par_1_79' title="bbox 970 1725 1757 1762">
     <span class='ocr_line' id='line_1_79' title="bbox 970 1725 1757 1762; baseline -0.001 -10"><span class='ocrx_word' id='word_1_544' title='bbox 970 1731 1092 1762; x_wconf 74' lang='lat' dir='ltr'><strong><em>potestas</em></strong></span> <span class='ocrx_word' id='word_1_545' title='bbox 1103 1734 1160 1754; x_wconf 85' lang='lat' dir='ltr'><strong><em>rem</em></strong></span> <span class='ocrx_word' id='word_1_546' title='bbox 1176 1726 1331 1761; x_wconf 77' lang='lat' dir='ltr'><strong><em>religiosam</em></strong></span> <span class='ocrx_word' id='word_1_547' title='bbox 1344 1726 1496 1760; x_wconf 71' lang='lat' dir='ltr'><strong><em>gubernare</em></strong></span> <span class='ocrx_word' id='word_1_548' title='bbox 1511 1729 1603 1760; x_wconf 81' lang='lat' dir='ltr'><strong><em>queat,</em></strong></span> <span class='ocrx_word' id='word_1_549' title='bbox 1620 1725 1662 1752; x_wconf 87' lang='lat' dir='ltr'><strong><em>vel</em></strong></span> <span class='ocrx_word' id='word_1_550' title='bbox 1679 1725 1757 1759; x_wconf 87' lang='lat' dir='ltr'><strong><em>quid-</em></strong></span> 
     </span>
    </p>
   </div>
   <div class='ocr_carea' id='block_1_80' title="bbox 971 1770 1757 1808">
    <p class='ocr_par' dir='ltr' id='par_1_80' title="bbox 971 1770 1757 1808">
     <span class='ocr_line' id='line_1_80' title="bbox 971 1770 1757 1808; baseline -0.004 -8"><span class='ocrx_word' id='word_1_551' title='bbox 971 1780 1054 1808; x_wconf 88' lang='lat' dir='ltr'><strong><em>quam</em></strong></span> <span class='ocrx_word' id='word_1_552' title='bbox 1068 1776 1164 1800; x_wconf 87' lang='lat' dir='ltr'><strong><em>contra</em></strong></span> <span class='ocrx_word' id='word_1_553' title='bbox 1179 1779 1299 1799; x_wconf 85' lang='lat' dir='ltr'><strong><em>canones</em></strong></span> <span class='ocrx_word' id='word_1_554' title='bbox 1315 1771 1468 1807; x_wconf 80' lang='lat' dir='ltr'><strong><em>imperare;</em></strong></span> <span class='ocrx_word' id='word_1_555' title='bbox 1491 1771 1537 1799; x_wconf 87' lang='lat' dir='ltr'><strong><em>sed</em></strong></span> <span class='ocrx_word' id='word_1_556' title='bbox 1553 1771 1618 1806; x_wconf 88' lang='lat' dir='ltr'><strong><em>quia</em></strong></span> <span class='ocrx_word' id='word_1_557' title='bbox 1638 1770 1757 1805; x_wconf 84' lang='lat' dir='ltr'><strong><em>discipli-</em></strong></span> 
     </span>
    </p>
   </div>
   <div class='ocr_carea' id='block_1_81' title="bbox 971 1817 1756 1854">
    <p class='ocr_par' dir='ltr' id='par_1_81' title="bbox 971 1817 1756 1854">
     <span class='ocr_line' id='line_1_81' title="bbox 971 1817 1756 1854; baseline -0.003 -8"><span class='ocrx_word' id='word_1_558' title='bbox 971 1827 1034 1846; x_wconf 87' lang='lat' dir='ltr'><strong><em>nam</em></strong></span> <span class='ocrx_word' id='word_1_559' title='bbox 1057 1818 1170 1854; x_wconf 87' lang='lat' dir='ltr'><strong><em>judiciis</em></strong></span> <span class='ocrx_word' id='word_1_560' title='bbox 1190 1817 1390 1853; x_wconf 82' lang='lat' dir='ltr'><strong><em>episcopalibus</em></strong></span> <span class='ocrx_word' id='word_1_561' title='bbox 1416 1817 1472 1852; x_wconf 85' lang='lat' dir='ltr'><strong><em>jam</em></strong></span> <span class='ocrx_word' id='word_1_562' title='bbox 1493 1817 1667 1846; x_wconf 82' lang='lat' dir='ltr'><strong><em>constitutam</em></strong></span> <span class='ocrx_word' id='word_1_563' title='bbox 1694 1817 1756 1844; x_wconf 89' lang='lat' dir='ltr'><strong><em>boni</em></strong></span> 
     </span>
    </p>
   </div>
   <div class='ocr_carea' id='block_1_82' title="bbox 970 1862 1757 1899">
    <p class='ocr_par' dir='ltr' id='par_1_82' title="bbox 970 1862 1757 1899">
     <span class='ocr_line' id='line_1_82' title="bbox 970 1862 1757 1899; baseline -0.003 -8"><span class='ocrx_word' id='word_1_564' title='bbox 970 1865 1109 1899; x_wconf 83' lang='lat' dir='ltr'><strong><em>principes</em></strong></span> <span class='ocrx_word' id='word_1_565' title='bbox 1121 1863 1195 1898; x_wconf 78' lang='lat' dir='ltr'><strong><em>regia</em></strong></span> <span class='ocrx_word' id='word_1_566' title='bbox 1207 1863 1233 1890; x_wconf 90' lang='lat' dir='ltr'><strong><em>vi</em></strong></span> <span class='ocrx_word' id='word_1_567' title='bbox 1255 1862 1438 1891; x_wconf 82' lang='lat' dir='ltr'><strong><em>roborandam</em></strong></span> <span class='ocrx_word' id='word_1_568' title='bbox 1455 1862 1570 1898; x_wconf 83' lang='lat' dir='ltr'><strong><em>ejusque</em></strong></span> <span class='ocrx_word' id='word_1_569' title='bbox 1585 1863 1690 1897; x_wconf 87' lang='lat' dir='ltr'><strong><em>praxim</em></strong></span> <span class='ocrx_word' id='word_1_570' title='bbox 1705 1863 1757 1891; x_wconf 85' lang='lat' dir='ltr'><strong><em>im-</em></strong></span> 
     </span>
    </p>
   </div>
   <div class='ocr_carea' id='block_1_83' title="bbox 968 1907 1757 1945">
    <p class='ocr_par' dir='ltr' id='par_1_83' title="bbox 968 1907 1757 1945">
     <span class='ocr_line' id='line_1_83' title="bbox 968 1907 1757 1945; baseline -0.003 -9"><span class='ocrx_word' id='word_1_571' title='bbox 968 1910 1114 1945; x_wconf 77' lang='lat' dir='ltr'><strong><em>perandum</em></strong></span> <span class='ocrx_word' id='word_1_572' title='bbox 1125 1909 1267 1937; x_wconf 86' lang='lat' dir='ltr'><strong><em>curabant.</em></strong></span> <span class='ocrx_word' id='word_1_573' title='bbox 1282 1909 1416 1936; x_wconf 67' lang='lat' dir='ltr'><strong><em>Caeterum</em></strong></span> <span class='ocrx_word' id='word_1_574' title='bbox 1431 1908 1512 1936; x_wconf 88' lang='lat' dir='ltr'><strong><em>etiam</em></strong></span> <span class='ocrx_word' id='word_1_575' title='bbox 1529 1907 1704 1943; x_wconf 73' lang='lat' dir='ltr'><strong><em>Beveregius,</em></strong></span> <span class='ocrx_word' id='word_1_576' title='bbox 1717 1908 1757 1935; x_wconf 86' lang='lat' dir='ltr'><strong><em>vir</em></strong></span> 
     </span>
    </p>
   </div>
   <div class='ocr_carea' id='block_1_84' title="bbox 969 1953 1756 1990">
    <p class='ocr_par' dir='ltr' id='par_1_84' title="bbox 969 1953 1756 1990">
     <span class='ocr_line' id='line_1_84' title="bbox 969 1953 1756 1990; baseline -0.001 -9"><span class='ocrx_word' id='word_1_577' title='bbox 969 1955 1150 1990; x_wconf 78' lang='lat' dir='ltr'><strong><em>Anglicanus,</em></strong></span> <span class='ocrx_word' id='word_1_578' title='bbox 1165 1954 1217 1982; x_wconf 87' lang='lat' dir='ltr'><strong><em>sub</em></strong></span> <span class='ocrx_word' id='word_1_579' title='bbox 1235 1961 1300 1988; x_wconf 75' lang='lat' dir='ltr'><strong><em>rege</em></strong></span> <span class='ocrx_word' id='word_1_580' title='bbox 1325 1954 1450 1982; x_wconf 79' lang='lat' dir='ltr'><strong><em>scribens</em></strong></span> <span class='ocrx_word' id='word_1_581' title='bbox 1463 1953 1511 1989; x_wconf 90' lang='lat' dir='ltr'><strong><em>qui</em></strong></span> <span class='ocrx_word' id='word_1_582' title='bbox 1528 1953 1684 1988; x_wconf 76' lang='lat' dir='ltr'><strong><em>religiosum</em></strong></span> <span class='ocrx_word' id='word_1_583' title='bbox 1701 1954 1756 1988; x_wconf 87' lang='lat' dir='ltr'><strong><em>pri—</em></strong></span> 
     </span>
    </p>
   </div>
   <div class='ocr_carea' id='block_1_85' title="bbox 969 1998 1755 2034">
    <p class='ocr_par' dir='ltr' id='par_1_85' title="bbox 969 1998 1755 2034">
     <span class='ocr_line' id='line_1_85' title="bbox 969 1998 1755 2034; baseline -0.001 -7"><span class='ocrx_word' id='word_1_584' title='bbox 969 2005 1072 2027; x_wconf 87' lang='lat' dir='ltr'><strong><em>tuatum</em></strong></span> <span class='ocrx_word' id='word_1_585' title='bbox 1088 2003 1116 2026; x_wconf 88' lang='lat' dir='ltr'><strong><em>et</em></strong></span> <span class='ocrx_word' id='word_1_586' title='bbox 1131 1999 1322 2026; x_wconf 77' lang='lat' dir='ltr'><strong><em>auctoritatem</em></strong></span> <span class='ocrx_word' id='word_1_587' title='bbox 1336 2003 1525 2034; x_wconf 88' lang='lat' dir='ltr'><strong><em>usurpaverat,</em></strong></span> <span class='ocrx_word' id='word_1_588' title='bbox 1540 1998 1647 2026; x_wconf 76' lang='lat' dir='ltr'><strong><em>fortiter</em></strong></span> <span class='ocrx_word' id='word_1_589' title='bbox 1660 2000 1755 2026; x_wconf 86' lang='lat' dir='ltr'><strong><em>admo-</em></strong></span> 
     </span>
    </p>
   </div>
   <div class='ocr_carea' id='block_1_86' title="bbox 969 2044 1757 2079">
    <p class='ocr_par' dir='ltr' id='par_1_86' title="bbox 969 2044 1757 2079">
     <span class='ocr_line' id='line_1_86' title="bbox 969 2044 1757 2079; baseline 0 -6"><span class='ocrx_word' id='word_1_590' title='bbox 969 2046 1033 2073; x_wconf 89' lang='lat' dir='ltr'><strong><em>dum</em></strong></span> <span class='ocrx_word' id='word_1_591' title='bbox 1051 2052 1101 2079; x_wconf 87' lang='lat' dir='ltr'><strong><em>pro</em></strong></span> <span class='ocrx_word' id='word_1_592' title='bbox 1116 2044 1244 2073; x_wconf 73' lang='lat' dir='ltr'><strong><em>Ecclesiae</em></strong></span> <span class='ocrx_word' id='word_1_593' title='bbox 1263 2044 1389 2072; x_wconf 83' lang='lat' dir='ltr'><strong><em>libertate</em></strong></span> <span class='ocrx_word' id='word_1_594' title='bbox 1405 2049 1432 2072; x_wconf 82' lang='lat' dir='ltr'><strong><em>et</em></strong></span> <span class='ocrx_word' id='word_1_595' title='bbox 1448 2044 1603 2072; x_wconf 87' lang='lat' dir='ltr'><strong><em>ontnimoda</em></strong></span> <span class='ocrx_word' id='word_1_596' title='bbox 1620 2045 1647 2072; x_wconf 94' lang='lat' dir='ltr'><strong><em>ln</em></strong></span> <span class='ocrx_word' id='word_1_597' title='bbox 1672 2047 1757 2073; x_wconf 83' lang='lat' dir='ltr'><strong><em>sacris</em></strong></span> 
     </span>
    </p>
   </div>
   <div class='ocr_carea' id='block_1_87' title="bbox 968 2090 1755 2127">
    <p class='ocr_par' dir='ltr' id='par_1_87' title="bbox 968 2090 1755 2127">
     <span class='ocr_line' id='line_1_87' title="bbox 968 2090 1755 2127; baseline -0.003 -7"><span class='ocrx_word' id='word_1_598' title='bbox 968 2096 1102 2127; x_wconf 86' lang='lat' dir='ltr'><strong><em>potestate</em></strong></span> <span class='ocrx_word' id='word_1_599' title='bbox 1110 2091 1231 2119; x_wconf 84' lang='lat' dir='ltr'><strong><em>decertat</em></strong></span> <span class='ocrx_word' id='word_1_600' title='bbox 1243 2091 1276 2118; x_wconf 88' lang='lat' dir='ltr'><strong><em>ad</em></strong></span> <span class='ocrx_word' id='word_1_601' title='bbox 1289 2090 1438 2118; x_wconf 83' lang='lat' dir='ltr'><strong><em>Pandectas</em></strong></span> <span class='ocrx_word' id='word_1_602' title='bbox 1452 2099 1584 2118; x_wconf 83' lang='lat' dir='ltr'><strong><em>canonum</em></strong></span> <span class='ocrx_word' id='word_1_603' title='bbox 1603 2091 1755 2126; x_wconf 74' lang='lat' dir='ltr'><strong><em>Prolegom.</em></strong></span> 
     </span>
    </p>
   </div>
   <div class='ocr_carea' id='block_1_88' title="bbox 968 2136 1757 2172">
    <p class='ocr_par' dir='ltr' id='par_1_88' title="bbox 968 2136 1757 2172">
     <span class='ocr_line' id='line_1_88' title="bbox 968 2136 1757 2172; baseline 0 -7"><span class='ocrx_word' id='word_1_604' title='bbox 968 2145 1029 2172; x_wconf 84' lang='lat' dir='ltr'><strong><em>cap.</em></strong></span> <span class='ocrx_word' id='word_1_605' title='bbox 1043 2137 1071 2169; x_wconf 70' lang='grc'><strong><em>2,</em></strong></span> <span class='ocrx_word' id='word_1_606' title='bbox 1082 2136 1296 2165; x_wconf 84' lang='lat' dir='ltr'><strong><em>Occidentalium</em></strong></span> <span class='ocrx_word' id='word_1_607' title='bbox 1322 2137 1512 2172; x_wconf 83' lang='lat' dir='ltr'><strong><em>episcoporum</em></strong></span> <span class='ocrx_word' id='word_1_608' title='bbox 1523 2156 1531 2169; x_wconf 92' lang='lat'><strong>,</strong></span> <span class='ocrx_word' id='word_1_609' title='bbox 1568 2137 1757 2172; x_wconf 59' lang='lat' dir='ltr'><strong><em>praecipueque</em></strong></span> 
     </span>
    </p>
   </div>
   <div class='ocr_carea' id='block_1_89' title="bbox 971 2183 1757 2218">
    <p class='ocr_par' dir='ltr' id='par_1_89' title="bbox 971 2183 1757 2218">
     <span class='ocr_line' id='line_1_89' title="bbox 971 2183 1757 2218; baseline 0 -8"><span class='ocrx_word' id='word_1_610' title='bbox 971 2183 1049 2210; x_wconf 81' lang='lat' dir='ltr'><strong><em>Rom.</em></strong></span> <span class='ocrx_word' id='word_1_611' title='bbox 1067 2183 1225 2218; x_wconf 81' lang='lat' dir='ltr'><strong><em>pontiﬁcum</em></strong></span> <span class='ocrx_word' id='word_1_612' title='bbox 1238 2190 1287 2218; x_wconf 90' lang='lat' dir='ltr'><strong><em>pro</em></strong></span> <span class='ocrx_word' id='word_1_613' title='bbox 1304 2183 1403 2210; x_wconf 85' lang='lat' dir='ltr'><strong><em>tuenda</em></strong></span> <span class='ocrx_word' id='word_1_614' title='bbox 1418 2183 1550 2217; x_wconf 84' lang='lat' dir='ltr'><strong><em>spiritalis</em></strong></span> <span class='ocrx_word' id='word_1_615' title='bbox 1573 2183 1611 2210; x_wconf 83' lang='lat' dir='ltr'><strong><em>rei</em></strong></span> <span class='ocrx_word' id='word_1_616' title='bbox 1634 2183 1757 2211; x_wconf 82' lang='lat' dir='ltr'><strong><em>libertate</em></strong></span> 
     </span>
    </p>
   </div>
   <div class='ocr_carea' id='block_1_90' title="bbox 121 2216 917 2269">
    <p class='ocr_par' dir='ltr' id='par_1_90' title="bbox 121 2216 915 2258">
     <span class='ocr_line' id='line_1_90' title="bbox 121 2216 915 2258; baseline 0.01 -16"><span class='ocrx_word' id='word_1_617' title='bbox 121 2216 208 2243; x_wconf 81' lang='grc' dir='ltr'>δαίων</span> <span class='ocrx_word' id='word_1_618' title='bbox 222 2217 269 2244; x_wconf 85' lang='grc' dir='ltr'>καὶ</span> <span class='ocrx_word' id='word_1_619' title='bbox 283 2216 392 2250; x_wconf 78' lang='grc' dir='ltr'>θυσιῶν,</span> <span class='ocrx_word' id='word_1_620' title='bbox 409 2219 455 2245; x_wconf 77' lang='grc' dir='ltr'>καὶ</span> <span class='ocrx_word' id='word_1_621' title='bbox 480 2218 534 2245; x_wconf 86' lang='grc' dir='ltr'>τῶν</span> <span class='ocrx_word' id='word_1_622' title='bbox 559 2220 721 2254; x_wconf 84' lang='grc' dir='ltr'>ἀπαγόντων</span> <span class='ocrx_word' id='word_1_623' title='bbox 746 2222 822 2254; x_wconf 83' lang='grc' dir='ltr'>τινάς</span> <span class='ocrx_word' id='word_1_624' title='bbox 845 2223 915 2258; x_wconf 75' lang='grc' dir='ltr'>πρὸς</span> 
     </span>
    </p>
   </div>
   <div class='ocr_carea' id='block_1_91' title="bbox 970 2216 1756 2269">
    <p class='ocr_par' dir='ltr' id='par_1_91' title="bbox 970 2216 1756 2264">
     <span class='ocr_line' id='line_1_91' title="bbox 970 2216 1756 2264; baseline 0 -8"><span class='ocrx_word' id='word_1_625' title='bbox 970 2216 1129 2257; x_wconf 78' lang='lat' dir='ltr'><strong><em>notissimus</em></strong></span> <span class='ocrx_word' id='word_1_626' title='bbox 1149 2229 1227 2264; x_wconf 76' lang='lat' dir='ltr'><strong><em>vigor</em></strong></span> <span class='ocrx_word' id='word_1_627' title='bbox 1249 2233 1291 2257; x_wconf 84' lang='lat' dir='ltr'><strong><em>est</em></strong></span> <span class='ocrx_word' id='word_1_628' title='bbox 1313 2237 1320 2256; x_wconf 91' lang='lat'><strong>:</strong></span> <span class='ocrx_word' id='word_1_629' title='bbox 1338 2228 1509 2256; x_wconf 83' lang='lat' dir='ltr'><strong><em>remissiores</em></strong></span> <span class='ocrx_word' id='word_1_630' title='bbox 1538 2229 1675 2257; x_wconf 79' lang='lat' dir='ltr'><strong><em>interdum</em></strong></span> <span class='ocrx_word' id='word_1_631' title='bbox 1704 2229 1756 2256; x_wconf 89' lang='lat' dir='ltr'><strong><em>visi</em></strong></span> 
     </span>
    </p>
   </div>
   <div class='ocr_carea' id='block_1_92' title="bbox 122 2263 917 2305">
    <p class='ocr_par' dir='ltr' id='par_1_92' title="bbox 122 2263 917 2305">
     <span class='ocr_line' id='line_1_92' title="bbox 122 2263 917 2305; baseline 0.01 -17"><span class='ocrx_word' id='word_1_632' title='bbox 122 2263 355 2302; x_wconf 63' lang='grc' dir='ltr'>ἀπηγορευμένας</span> <span class='ocrx_word' id='word_1_633' title='bbox 388 2264 556 2300; x_wconf 81' lang='grc' dir='ltr'>θρησκείας,</span> <span class='ocrx_word' id='word_1_634' title='bbox 580 2267 628 2293; x_wconf 82' lang='grc' dir='ltr'>καὶ</span> <span class='ocrx_word' id='word_1_635' title='bbox 655 2267 721 2302; x_wconf 81' lang='grc' dir='ltr'>περὶ</span> <span class='ocrx_word' id='word_1_636' title='bbox 757 2269 917 2305; x_wconf 80' lang='grc' dir='ltr'>ἀποτροφῆς</span> 
     </span>
    </p>
   </div>
   <div class='ocr_carea' id='block_1_93' title="bbox 122 2309 915 2350">
    <p class='ocr_par' dir='ltr' id='par_1_93' title="bbox 122 2309 915 2350">
     <span class='ocr_line' id='line_1_93' title="bbox 122 2309 915 2350; baseline 0.013 -16"><span class='ocrx_word' id='word_1_637' title='bbox 122 2309 241 2342; x_wconf 78' lang='grc' dir='ltr'>παίδων,</span> <span class='ocrx_word' id='word_1_638' title='bbox 255 2309 403 2345; x_wconf 84' lang='grc' dir='ltr'>γερόντων,</span> <span class='ocrx_word' id='word_1_639' title='bbox 416 2312 462 2338; x_wconf 74' lang='grc' dir='ltr'><strong><em>καὶ</em></strong></span> <span class='ocrx_word' id='word_1_640' title='bbox 483 2311 605 2339; x_wconf 81' lang='grc' dir='ltr'>ἀσθενῶν</span> <span class='ocrx_word' id='word_1_641' title='bbox 620 2321 627 2328; x_wconf 93' lang='grc'>·</span> <span class='ocrx_word' id='word_1_642' title='bbox 654 2313 780 2342; x_wconf 75' lang='grc' dir='ltr'>ϐοίιειιὶο</span> <span class='ocrx_word' id='word_1_643' title='bbox 799 2317 915 2350; x_wconf 77' lang='lat' dir='ltr'><strong><em>sparsim</em></strong></span> 
     </span>
    </p>
   </div>
   <div class='ocr_carea' id='block_1_94' title="bbox 120 2357 907 2393">
    <p class='ocr_par' dir='ltr' id='par_1_94' title="bbox 120 2357 907 2393">
     <span class='ocr_line' id='line_1_94' title="bbox 120 2357 907 2393; baseline 0.009 -10"><span class='ocrx_word' id='word_1_644' title='bbox 120 2357 287 2384; x_wconf 60' lang='lat' dir='ltr'><strong><em>exstantium</em></strong></span> <span class='ocrx_word' id='word_1_645' title='bbox 307 2357 346 2390; x_wconf 67' lang='lat' dir='ltr'><strong><em>inf</em></strong></span> <span class='ocrx_word' id='word_1_646' title='bbox 358 2357 470 2392; x_wconf 82' lang='lat' dir='ltr'><strong><em>Digestis</em></strong></span> <span class='ocrx_word' id='word_1_647' title='bbox 489 2362 514 2385; x_wconf 80' lang='lat' dir='ltr'><strong><em>et</em></strong></span> <span class='ocrx_word' id='word_1_648' title='bbox 530 2358 755 2393; x_wconf 74' lang='lat' dir='ltr'><strong><em>lnstitutt&#39;onibus,</em></strong></span> <span class='ocrx_word' id='word_1_649' title='bbox 778 2362 810 2388; x_wconf 84' lang='lat' dir='ltr'><strong><em>de</em></strong></span> <span class='ocrx_word' id='word_1_650' title='bbox 821 2363 907 2390; x_wconf 84' lang='lat' dir='ltr'><strong><em>sacris</em></strong></span> 
     </span>
    </p>
   </div>
   <div class='ocr_carea' id='block_1_95' title="bbox 122 2401 914 2441">
    <p class='ocr_par' dir='ltr' id='par_1_95' title="bbox 122 2401 914 2441">
     <span class='ocr_line' id='line_1_95' title="bbox 122 2401 914 2441; baseline 0.009 -14"><span class='ocrx_word' id='word_1_651' title='bbox 122 2401 191 2427; x_wconf 82' lang='lat' dir='ltr'><strong><em>locis</em></strong></span> <span class='ocrx_word' id='word_1_652' title='bbox 208 2409 239 2427; x_wconf 87' lang='lat' dir='ltr'><strong><em>ac</em></strong></span> <span class='ocrx_word' id='word_1_653' title='bbox 256 2402 378 2436; x_wconf 77' lang='lat' dir='ltr'><strong><em>negotiis,</em></strong></span> <span class='ocrx_word' id='word_1_654' title='bbox 394 2408 418 2428; x_wconf 89' lang='lat' dir='ltr'><strong><em>et</em></strong></span> <span class='ocrx_word' id='word_1_655' title='bbox 429 2402 461 2429; x_wconf 88' lang='lat' dir='ltr'><strong><em>de</em></strong></span> <span class='ocrx_word' id='word_1_656' title='bbox 480 2403 512 2429; x_wconf 80' lang='lat' dir='ltr'><strong><em>iis</em></strong></span> <span class='ocrx_word' id='word_1_657' title='bbox 523 2411 582 2438; x_wconf 73' lang='lat' dir='ltr'><strong><em>qua:</em></strong></span> <span class='ocrx_word' id='word_1_658' title='bbox 605 2404 632 2430; x_wconf 84' lang='lat' dir='ltr'><strong><em>in</em></strong></span> <span class='ocrx_word' id='word_1_659' title='bbox 658 2405 697 2432; x_wconf 76' lang='lat' dir='ltr'><strong><em>his</em></strong></span> <span class='ocrx_word' id='word_1_660' title='bbox 715 2406 783 2440; x_wconf 85' lang='lat' dir='ltr'><strong><em>fiunt</em></strong></span> <span class='ocrx_word' id='word_1_661' title='bbox 801 2407 840 2434; x_wconf 79' lang='lat' dir='ltr'><strong><em>uel</em></strong></span> <span class='ocrx_word' id='word_1_662' title='bbox 853 2415 914 2441; x_wconf 82' lang='lat' dir='ltr'><strong><em>pec-</em></strong></span> 
     </span>
    </p>
   </div>
   <div class='ocr_carea' id='block_1_96' title="bbox 120 2448 912 2487">
    <p class='ocr_par' dir='ltr' id='par_1_96' title="bbox 120 2448 912 2487">
     <span class='ocr_line' id='line_1_96' title="bbox 120 2448 912 2487; baseline 0.008 -13"><span class='ocrx_word' id='word_1_663' title='bbox 120 2453 239 2487; x_wconf 62' lang='lat' dir='ltr'><strong><em>anIur;</em></strong></span> <span class='ocrx_word' id='word_1_664' title='bbox 255 2455 280 2474; x_wconf 87' lang='lat' dir='ltr'><strong><em>et</em></strong></span> <span class='ocrx_word' id='word_1_665' title='bbox 306 2448 338 2476; x_wconf 84' lang='lat' dir='ltr'><strong><em>de</em></strong></span> <span class='ocrx_word' id='word_1_666' title='bbox 361 2449 559 2482; x_wconf 76' lang='lat' dir='ltr'><strong><em>sacerdotibus;</em></strong></span> <span class='ocrx_word' id='word_1_667' title='bbox 587 2450 694 2484; x_wconf 82' lang='lat' dir='ltr'><strong><em>insuper</em></strong></span> <span class='ocrx_word' id='word_1_668' title='bbox 710 2452 742 2478; x_wconf 88' lang='lat' dir='ltr'><strong><em>de</em></strong></span> <span class='ocrx_word' id='word_1_669' title='bbox 763 2451 866 2480; x_wconf 77' lang='lat' dir='ltr'><strong><em>Judwis</em></strong></span> <span class='ocrx_word' id='word_1_670' title='bbox 881 2462 912 2480; x_wconf 84' lang='lat' dir='ltr'><strong><em>ac</em></strong></span> 
     </span>
    </p>
   </div>
   <div class='ocr_carea' id='block_1_97' title="bbox 119 2494 911 2530">
    <p class='ocr_par' dir='ltr' id='par_1_97' title="bbox 119 2494 911 2530">
     <span class='ocr_line' id='line_1_97' title="bbox 119 2494 911 2530; baseline 0.008 -10"><span class='ocrx_word' id='word_1_671' title='bbox 119 2494 265 2528; x_wconf 73' lang='lat' dir='ltr'><strong><em>sacrificiis</em></strong></span> <span class='ocrx_word' id='word_1_672' title='bbox 277 2503 287 2527; x_wconf 84' lang='lat'><strong><em>,&#39;</em></strong></span> <span class='ocrx_word' id='word_1_673' title='bbox 300 2499 324 2521; x_wconf 89' lang='lat' dir='ltr'><strong><em>ct</em></strong></span> <span class='ocrx_word' id='word_1_674' title='bbox 336 2495 367 2521; x_wconf 86' lang='lat' dir='ltr'><strong><em>de</em></strong></span> <span class='ocrx_word' id='word_1_675' title='bbox 380 2495 413 2522; x_wconf 81' lang='lat' dir='ltr'><strong><em>iis</em></strong></span> <span class='ocrx_word' id='word_1_676' title='bbox 429 2495 475 2530; x_wconf 85' lang='lat' dir='ltr'><strong><em>qui</em></strong></span> <span class='ocrx_word' id='word_1_677' title='bbox 494 2495 597 2530; x_wconf 82' lang='lat' dir='ltr'><strong><em>aliquos</em></strong></span> <span class='ocrx_word' id='word_1_678' title='bbox 612 2497 750 2524; x_wconf 85' lang='lat' dir='ltr'><strong><em>abducunt</em></strong></span> <span class='ocrx_word' id='word_1_679' title='bbox 764 2499 798 2524; x_wconf 83' lang='lat' dir='ltr'><strong><em>ad</em></strong></span> <span class='ocrx_word' id='word_1_680' title='bbox 817 2500 911 2526; x_wconf 74' lang='lat' dir='ltr'><strong><em>vetitas</em></strong></span> 
     </span>
    </p>
   </div>
   <div class='ocr_carea' id='block_1_98' title="bbox 119 2539 911 2579">
    <p class='ocr_par' dir='ltr' id='par_1_98' title="bbox 119 2539 911 2579">
     <span class='ocr_line' id='line_1_98' title="bbox 119 2539 911 2579; baseline 0.006 -12"><span class='ocrx_word' id='word_1_681' title='bbox 119 2539 280 2574; x_wconf 65' lang='lat' dir='ltr'><strong><em>religiones;</em></strong></span> <span class='ocrx_word' id='word_1_682' title='bbox 294 2542 361 2567; x_wconf 81' lang='lat' dir='ltr'><strong><em>etde</em></strong></span> <span class='ocrx_word' id='word_1_683' title='bbox 379 2541 479 2568; x_wconf 81' lang='lat' dir='ltr'><strong><em>alendis</em></strong></span> <span class='ocrx_word' id='word_1_684' title='bbox 495 2542 594 2576; x_wconf 84' lang='lat' dir='ltr'><strong><em>pueris,</em></strong></span> <span class='ocrx_word' id='word_1_685' title='bbox 611 2542 726 2575; x_wconf 79' lang='lat' dir='ltr'><strong><em>senibus,</em></strong></span> <span class='ocrx_word' id='word_1_686' title='bbox 738 2548 763 2570; x_wconf 92' lang='lat' dir='ltr'><strong><em>et</em></strong></span> <span class='ocrx_word' id='word_1_687' title='bbox 779 2550 911 2579; x_wconf 75' lang='lat' dir='ltr'><strong><em>a’grotatt-</em></strong></span> 
     </span>
    </p>
   </div>
   <div class='ocr_carea' id='block_1_99' title="bbox 120 2585 207 2612">
    <p class='ocr_par' dir='ltr' id='par_1_99' title="bbox 120 2585 207 2612">
     <span class='ocr_line' id='line_1_99' title="bbox 120 2585 207 2612; baseline -0.011 0"><span class='ocrx_word' id='word_1_688' title='bbox 120 2585 207 2612; x_wconf 82' lang='lat' dir='ltr'><strong><em>tibus.</em></strong></span> 
     </span>
    </p>
   </div>
   <div class='ocr_carea' id='block_1_100' title="bbox 159 2631 912 2668">
    <p class='ocr_par' dir='ltr' id='par_1_100' title="bbox 159 2631 912 2668">
     <span class='ocr_line' id='line_1_100' title="bbox 159 2631 912 2668; baseline 0.009 -11"><span class='ocrx_word' id='word_1_689' title='bbox 159 2631 217 2661; x_wconf 89' lang='lat' dir='ltr'><strong><em>Cur</em></strong></span> <span class='ocrx_word' id='word_1_690' title='bbox 241 2635 333 2658; x_wconf 84' lang='lat' dir='ltr'><strong><em>autent</em></strong></span> <span class='ocrx_word' id='word_1_691' title='bbox 358 2632 480 2659; x_wconf 86' lang='lat' dir='ltr'><strong><em>civilium</em></strong></span> <span class='ocrx_word' id='word_1_692' title='bbox 492 2633 581 2667; x_wconf 80' lang='lat' dir='ltr'><strong><em>legum</em></strong></span> <span class='ocrx_word' id='word_1_693' title='bbox 604 2639 732 2668; x_wconf 81' lang='lat' dir='ltr'><strong><em>excerpta</em></strong></span> <span class='ocrx_word' id='word_1_694' title='bbox 757 2637 912 2665; x_wconf 81' lang='lat' dir='ltr'><strong><em>cancuibus</em></strong></span> 
     </span>
    </p>
   </div>
   <div class='ocr_carea' id='block_1_101' title="bbox 960 2274 1756 2310">
    <p class='ocr_par' dir='ltr' id='par_1_101' title="bbox 960 2274 1756 2310">
     <span class='ocr_line' id='line_1_101' title="bbox 960 2274 1756 2310; baseline -0.001 -7"><span class='ocrx_word' id='word_1_695' title='bbox 960 2280 1025 2303; x_wconf 90' lang='lat' dir='ltr'><strong><em>sunt</em></strong></span> <span class='ocrx_word' id='word_1_696' title='bbox 1041 2275 1142 2307; x_wconf 62' lang='lat' dir='ltr'><strong><em>Griect,</em></strong></span> <span class='ocrx_word' id='word_1_697' title='bbox 1157 2282 1313 2310; x_wconf 84' lang='lat' dir='ltr'><strong><em>quanquam</em></strong></span> <span class='ocrx_word' id='word_1_698' title='bbox 1326 2282 1375 2302; x_wconf 85' lang='lat' dir='ltr'><strong><em>eos</em></strong></span> <span class='ocrx_word' id='word_1_699' title='bbox 1387 2274 1542 2302; x_wconf 85' lang='lat' dir='ltr'><strong><em>luculenter</em></strong></span> <span class='ocrx_word' id='word_1_700' title='bbox 1555 2274 1686 2309; x_wconf 78' lang='lat' dir='ltr'><strong><em>pracdicto</em></strong></span> <span class='ocrx_word' id='word_1_701' title='bbox 1696 2275 1756 2302; x_wconf 85' lang='lat' dir='ltr'><strong><em>loco</em></strong></span> 
     </span>
    </p>
   </div>
   <div class='ocr_carea' id='block_1_102' title="bbox 965 2320 1757 2354">
    <p class='ocr_par' dir='ltr' id='par_1_102' title="bbox 965 2320 1757 2354">
     <span class='ocr_line' id='line_1_102' title="bbox 965 2320 1757 2354; baseline -0.001 -5"><span class='ocrx_word' id='word_1_702' title='bbox 965 2321 1087 2349; x_wconf 79' lang='lat' dir='ltr'><strong><em>defendit</em></strong></span> <span class='ocrx_word' id='word_1_703' title='bbox 1101 2321 1229 2354; x_wconf 82' lang='lat' dir='ltr'><strong><em>Allatius,</em></strong></span> <span class='ocrx_word' id='word_1_704' title='bbox 1252 2320 1379 2349; x_wconf 81' lang='lat' dir='ltr'><strong><em>adductis</em></strong></span> <span class='ocrx_word' id='word_1_705' title='bbox 1395 2321 1488 2348; x_wconf 87' lang='lat' dir='ltr'><strong><em>multis</em></strong></span> <span class='ocrx_word' id='word_1_706' title='bbox 1501 2321 1528 2347; x_wconf 89' lang='lat' dir='ltr'><strong><em>in</em></strong></span> <span class='ocrx_word' id='word_1_707' title='bbox 1548 2321 1666 2348; x_wconf 83' lang='lat' dir='ltr'><strong><em>medium</em></strong></span> <span class='ocrx_word' id='word_1_708' title='bbox 1681 2321 1757 2350; x_wconf 85' lang='lat' dir='ltr'><strong><em>testi-</em></strong></span> 
     </span>
    </p>
   </div>
   <div class='ocr_carea' id='block_1_103' title="bbox 970 2365 1755 2402">
    <p class='ocr_par' dir='ltr' id='par_1_103' title="bbox 970 2365 1755 2402">
     <span class='ocr_line' id='line_1_103' title="bbox 970 2365 1755 2402; baseline -0.001 -8"><span class='ocrx_word' id='word_1_709' title='bbox 970 2367 1081 2399; x_wconf 89' lang='lat' dir='ltr'><strong><em>moniis,</em></strong></span> <span class='ocrx_word' id='word_1_710' title='bbox 1104 2374 1165 2402; x_wconf 77' lang='lat' dir='ltr'><strong><em>qua:</em></strong></span> <span class='ocrx_word' id='word_1_711' title='bbox 1186 2366 1308 2393; x_wconf 64' lang='lat' dir='ltr'><strong><em>Graecam</em></strong></span> <span class='ocrx_word' id='word_1_712' title='bbox 1332 2366 1414 2393; x_wconf 89' lang='lat' dir='ltr'><strong><em>etiam</em></strong></span> <span class='ocrx_word' id='word_1_713' title='bbox 1438 2365 1589 2393; x_wconf 83' lang='lat' dir='ltr'><strong><em>Ecclesiam</em></strong></span> <span class='ocrx_word' id='word_1_714' title='bbox 1605 2365 1755 2394; x_wconf 77' lang='lat' dir='ltr'><strong><em>libertatein</em></strong></span> 
     </span>
    </p>
   </div>
   <div class='ocr_carea' id='block_1_104' title="bbox 965 2411 1689 2447">
    <p class='ocr_par' dir='ltr' id='par_1_104' title="bbox 965 2411 1689 2447">
     <span class='ocr_line' id='line_1_104' title="bbox 965 2411 1689 2447; baseline -0.001 -8"><span class='ocrx_word' id='word_1_715' title='bbox 965 2419 1043 2440; x_wconf 87' lang='lat' dir='ltr'><strong><em>suam</em></strong></span> <span class='ocrx_word' id='word_1_716' title='bbox 1060 2419 1110 2446; x_wconf 87' lang='lat' dir='ltr'><strong><em>pro</em></strong></span> <span class='ocrx_word' id='word_1_717' title='bbox 1126 2411 1230 2438; x_wconf 85' lang='lat' dir='ltr'><strong><em>viribus</em></strong></span> <span class='ocrx_word' id='word_1_718' title='bbox 1246 2418 1424 2439; x_wconf 81' lang='lat' dir='ltr'><strong><em>conservasse</em></strong></span> <span class='ocrx_word' id='word_1_719' title='bbox 1437 2412 1627 2439; x_wconf 84' lang='lat' dir='ltr'><strong><em>demonstrant</em></strong></span> <span class='ocrx_word' id='word_1_720' title='bbox 1639 2411 1689 2447; x_wconf 88' lang='lat' dir='ltr'><strong><em>(a).</em></strong></span> 
     </span>
    </p>
   </div>
   <div class='ocr_carea' id='block_1_105' title="bbox 974 2457 1757 2491">
    <p class='ocr_par' dir='ltr' id='par_1_105' title="bbox 974 2457 1757 2491">
     <span class='ocr_line' id='line_1_105' title="bbox 974 2457 1757 2491; baseline -0.003 -5"><span class='ocrx_word' id='word_1_721' title='bbox 974 2458 985 2461; x_wconf 83' lang='grc'><strong><em>“</em></strong></span> <span class='ocrx_word' id='word_1_722' title='bbox 1001 2458 1092 2486; x_wconf 78' lang='lat' dir='ltr'><strong><em>Placet</em></strong></span> <span class='ocrx_word' id='word_1_723' title='bbox 1104 2461 1194 2484; x_wconf 82' lang='lat' dir='ltr'><strong><em>autem</em></strong></span> <span class='ocrx_word' id='word_1_724' title='bbox 1214 2457 1280 2483; x_wconf 84' lang='lat' dir='ltr'><strong><em>mihi</em></strong></span> <span class='ocrx_word' id='word_1_725' title='bbox 1303 2457 1518 2491; x_wconf 84' lang='lat' dir='ltr'><strong><em>disputationem</em></strong></span> <span class='ocrx_word' id='word_1_726' title='bbox 1543 2457 1635 2484; x_wconf 84' lang='lat' dir='ltr'><strong><em>Allatii</em></strong></span> <span class='ocrx_word' id='word_1_727' title='bbox 1656 2458 1707 2484; x_wconf 82' lang='lat' dir='ltr'><strong><em>hac</em></strong></span> <span class='ocrx_word' id='word_1_728' title='bbox 1723 2458 1757 2485; x_wconf 87' lang='lat' dir='ltr'><strong><em>de</em></strong></span> 
     </span>
    </p>
   </div>
   <div class='ocr_carea' id='block_1_106' title="bbox 966 2502 1754 2538">
    <p class='ocr_par' dir='ltr' id='par_1_106' title="bbox 966 2502 1754 2538">
     <span class='ocr_line' id='line_1_106' title="bbox 966 2502 1754 2538; baseline -0.003 -7"><span class='ocrx_word' id='word_1_729' title='bbox 966 2511 996 2531; x_wconf 91' lang='lat' dir='ltr'><strong><em>re</em></strong></span> <span class='ocrx_word' id='word_1_730' title='bbox 1011 2503 1161 2536; x_wconf 82' lang='lat' dir='ltr'><strong><em>cumulare,</em></strong></span> <span class='ocrx_word' id='word_1_731' title='bbox 1177 2503 1283 2537; x_wconf 85' lang='lat' dir='ltr'><strong><em>prolato</em></strong></span> <span class='ocrx_word' id='word_1_732' title='bbox 1305 2502 1371 2535; x_wconf 85' lang='lat' dir='ltr'><strong><em>alio,</em></strong></span> <span class='ocrx_word' id='word_1_733' title='bbox 1389 2503 1462 2538; x_wconf 89' lang='lat' dir='ltr'><strong><em>quod</em></strong></span> <span class='ocrx_word' id='word_1_734' title='bbox 1477 2503 1547 2538; x_wconf 84' lang='lat' dir='ltr'><strong><em>apud</em></strong></span> <span class='ocrx_word' id='word_1_735' title='bbox 1563 2511 1626 2531; x_wconf 83' lang='lat' dir='ltr'><strong><em>eum</em></strong></span> <span class='ocrx_word' id='word_1_736' title='bbox 1641 2511 1696 2531; x_wconf 93' lang='lat' dir='ltr'><strong><em>non</em></strong></span> <span class='ocrx_word' id='word_1_737' title='bbox 1712 2508 1754 2531; x_wconf 81' lang='lat' dir='ltr'><strong><em>ost</em></strong></span> 
     </span>
    </p>
   </div>
   <div class='ocr_carea' id='block_1_107' title="bbox 965 2548 1757 2584">
    <p class='ocr_par' dir='ltr' id='par_1_107' title="bbox 965 2548 1757 2584">
     <span class='ocr_line' id='line_1_107' title="bbox 965 2548 1757 2584; baseline 0 -8"><span class='ocrx_word' id='word_1_738' title='bbox 965 2549 1139 2581; x_wconf 81' lang='lat' dir='ltr'><strong><em>testimonio.</em></strong></span> <span class='ocrx_word' id='word_1_739' title='bbox 1165 2549 1234 2576; x_wconf 86' lang='lat' dir='ltr'><strong><em>libro</em></strong></span> <span class='ocrx_word' id='word_1_740' title='bbox 1259 2556 1355 2583; x_wconf 83' lang='lat' dir='ltr'><strong><em>nempe</em></strong></span> <span class='ocrx_word' id='word_1_741' title='bbox 1379 2549 1513 2584; x_wconf 83' lang='lat' dir='ltr'><strong><em>synodico</em></strong></span> <span class='ocrx_word' id='word_1_742' title='bbox 1537 2548 1665 2578; x_wconf 77' lang='lat' dir='ltr'><strong><em>Ecclesia:</em></strong></span> <span class='ocrx_word' id='word_1_743' title='bbox 1682 2549 1757 2578; x_wconf 89' lang='lat' dir='ltr'><strong><em>Con-</em></strong></span> 
     </span>
    </p>
   </div>
   <div class='ocr_carea' id='block_1_108' title="bbox 965 2594 1756 2630">
    <p class='ocr_par' dir='ltr' id='par_1_108' title="bbox 965 2594 1756 2630">
     <span class='ocr_line' id='line_1_108' title="bbox 965 2594 1756 2630; baseline 0 -8"><span class='ocrx_word' id='word_1_744' title='bbox 965 2595 1211 2629; x_wconf 77' lang='lat' dir='ltr'><strong><em>stantinopolitanae</em></strong></span> <span class='ocrx_word' id='word_1_745' title='bbox 1225 2594 1283 2622; x_wconf 86' lang='lat' dir='ltr'><strong><em>sive</em></strong></span> <span class='ocrx_word' id='word_1_746' title='bbox 1295 2595 1425 2622; x_wconf 83' lang='lat' dir='ltr'><strong><em>Actorum</em></strong></span> <span class='ocrx_word' id='word_1_747' title='bbox 1440 2595 1501 2630; x_wconf 75' lang='lat' dir='ltr'><strong><em>ejus</em></strong></span> <span class='ocrx_word' id='word_1_748' title='bbox 1515 2595 1653 2628; x_wconf 84' lang='lat' dir='ltr'><strong><em>Ecclesiae,</em></strong></span> <span class='ocrx_word' id='word_1_749' title='bbox 1675 2603 1756 2630; x_wconf 80' lang='lat' dir='ltr'><strong><em>quem</em></strong></span> 
     </span>
    </p>
   </div>
   <div class='ocr_carea' id='block_1_109' title="bbox 967 2639 1755 2677">
    <p class='ocr_par' dir='ltr' id='par_1_109' title="bbox 967 2639 1755 2677">
     <span class='ocr_line' id='line_1_109' title="bbox 967 2639 1755 2677; baseline 0.006 -11"><span class='ocrx_word' id='word_1_750' title='bbox 967 2639 994 2666; x_wconf 89' lang='lat' dir='ltr'><strong><em>in</em></strong></span> <span class='ocrx_word' id='word_1_751' title='bbox 1008 2639 1129 2674; x_wconf 85' lang='lat' dir='ltr'><strong><em>pretioso</em></strong></span> <span class='ocrx_word' id='word_1_752' title='bbox 1141 2643 1168 2668; x_wconf 88' lang='lat' dir='ltr'><strong><em>et</em></strong></span> <span class='ocrx_word' id='word_1_753' title='bbox 1184 2647 1249 2667; x_wconf 89' lang='lat' dir='ltr'><strong><em>raro</em></strong></span> <span class='ocrx_word' id='word_1_754' title='bbox 1260 2640 1354 2668; x_wconf 84' lang='lat' dir='ltr'><strong><em>codice</em></strong></span> <span class='ocrx_word' id='word_1_755' title='bbox 1374 2639 1505 2669; x_wconf 85' lang='lat' dir='ltr'><strong><em>Vaticano</em></strong></span> <span class='ocrx_word' id='word_1_756' title='bbox 1519 2641 1684 2676; x_wconf 84' lang='lat' dir='ltr'><strong><em>deprehendi</em></strong></span> <span class='ocrx_word' id='word_1_757' title='bbox 1705 2642 1755 2677; x_wconf 82' lang='lat' dir='ltr'><strong><em>(b).</em></strong></span> 
     </span>
    </p>
   </div>
   <div class='ocr_carea' id='block_1_110' title="bbox 883 2685 1000 2713">
    <p class='ocr_par' dir='ltr' id='par_1_110' title="bbox 883 2685 1000 2713">
     <span class='ocr_line' id='line_1_110' title="bbox 883 2685 1000 2713; baseline 0.017 -2"><span class='ocrx_word' id='word_1_758' title='bbox 883 2685 1000 2713; x_wconf 57' lang='lat' dir='ltr'><strong><em>NOTAE.</em></strong></span> 
     </span>
    </p>
   </div>
   <div class='ocr_carea' id='block_1_111' title="bbox 159 2727 913 2763">
    <p class='ocr_par' dir='ltr' id='par_1_111' title="bbox 159 2727 913 2763">
     <span class='ocr_line' id='line_1_111' title="bbox 159 2727 913 2763; baseline 0.008 -11"><span class='ocrx_word' id='word_1_759' title='bbox 159 2728 199 2760; x_wconf 75' lang='grc' dir='ltr'><strong><em>(τι)</em></strong></span> <span class='ocrx_word' id='word_1_760' title='bbox 216 2727 263 2755; x_wconf 89' lang='lat' dir='ltr'><strong><em>Sic</em></strong></span> <span class='ocrx_word' id='word_1_761' title='bbox 290 2728 373 2755; x_wconf 88' lang='lat' dir='ltr'><strong><em>ctiam</em></strong></span> <span class='ocrx_word' id='word_1_762' title='bbox 395 2727 588 2763; x_wconf 70' lang='lat' dir='ltr'><strong><em>Armeniorum</em></strong></span> <span class='ocrx_word' id='word_1_763' title='bbox 615 2727 735 2756; x_wconf 75' lang='lat' dir='ltr'><strong><em>Ecclesia</em></strong></span> <span class='ocrx_word' id='word_1_764' title='bbox 745 2730 800 2763; x_wconf 87' lang='lat' dir='ltr'><strong><em>jam</em></strong></span> <span class='ocrx_word' id='word_1_765' title='bbox 817 2731 880 2759; x_wconf 82' lang='lat' dir='ltr'><strong><em>inde</em></strong></span> <span class='ocrx_word' id='word_1_766' title='bbox 897 2741 913 2760; x_wconf 84' lang='lat' dir='ltr'><strong><em>a</em></strong></span> 
     </span>
    </p>
   </div>
   <div class='ocr_carea' id='block_1_112' title="bbox 119 2761 914 2801">
    <p class='ocr_par' dir='ltr' id='par_1_112' title="bbox 119 2761 914 2801">
     <span class='ocr_line' id='line_1_112' title="bbox 119 2761 914 2801; baseline 0.006 -12"><span class='ocrx_word' id='word_1_767' title='bbox 119 2763 380 2801; x_wconf 64' lang='lat' dir='ltr'><strong><em>sui§__prituordiis.</em></strong></span> <span class='ocrx_word' id='word_1_768' title='bbox 398 2763 498 2791; x_wconf 78' lang='lat' dir='ltr'><strong><em>Confer</em></strong></span> <span class='ocrx_word' id='word_1_769' title='bbox 511 2761 609 2797; x_wconf 82' lang='lat' dir='ltr'><strong><em>Script.</em></strong></span> <span class='ocrx_word' id='word_1_770' title='bbox 627 2769 676 2790; x_wconf 81' lang='lat' dir='ltr'><strong><em>vet.</em></strong></span> <span class='ocrx_word' id='word_1_771' title='bbox 694 2770 713 2791; x_wconf 90' lang='lat' dir='ltr'><strong><em>t.</em></strong></span> <span class='ocrx_word' id='word_1_772' title='bbox 728 2761 760 2797; x_wconf 66' lang='grc' dir='ltr'>Χ.</span> <span class='ocrx_word' id='word_1_773' title='bbox 783 2771 853 2797; x_wconf 81' lang='lat' dir='ltr'><strong><em>part.</em></strong></span> <span class='ocrx_word' id='word_1_774' title='bbox 879 2775 914 2801; x_wconf 67' lang='grc' dir='ltr'><strong><em>τι..</em></strong></span> 
     </span>
    </p>
   </div>
   <div class='ocr_carea' id='block_1_113' title="bbox 121 2798 914 2868">
    <p class='ocr_par' dir='ltr' id='par_1_113' title="bbox 121 2798 914 2868">
     <span class='ocr_line' id='line_1_113' title="bbox 121 2798 914 2868; baseline 0.008 -10"><span class='ocrx_word' id='word_1_775' title='bbox 121 2805 151 2832; x_wconf 56' lang='grc' dir='ltr'><strong><em>μ’</em></strong></span> <span class='ocrx_word' id='word_1_776' title='bbox 159 2798 236 2868; x_wconf 54' lang='lat' dir='ltr'><strong><em>(illi.</em></strong></span> <span class='ocrx_word' id='word_1_777' title='bbox 247 2833 322 2861; x_wconf 83' lang='lat' dir='ltr'><strong><em>calce</em></strong></span> <span class='ocrx_word' id='word_1_778' title='bbox 329 2822 475 2861; x_wconf 87' lang='lat' dir='ltr'><strong><em>voluminis</em></strong></span> <span class='ocrx_word' id='word_1_779' title='bbox 484 2835 600 2863; x_wconf 77' lang='lat' dir='ltr'><strong><em>afﬁrmat</em></strong></span> <span class='ocrx_word' id='word_1_780' title='bbox 611 2837 733 2863; x_wconf 82' lang='lat' dir='ltr'><strong><em>Andreas</em></strong></span> <span class='ocrx_word' id='word_1_781' title='bbox 746 2835 914 2868; x_wconf 81' lang='lat' dir='ltr'><strong><em>Durmarius,</em></strong></span> 
     </span>
    </p>
   </div>
   <div class='ocr_carea' id='block_1_114' title="bbox 120 2868 915 2905">
    <p class='ocr_par' dir='ltr' id='par_1_114' title="bbox 120 2868 915 2905">
     <span class='ocr_line' id='line_1_114' title="bbox 120 2868 915 2905; baseline 0.004 -9"><span class='ocrx_word' id='word_1_782' title='bbox 120 2878 153 2897; x_wconf 73' lang='lat' dir='ltr'><strong><em>se</em></strong></span> <span class='ocrx_word' id='word_1_783' title='bbox 164 2869 347 2905; x_wconf 79' lang='lat' dir='ltr'><strong><em>descripsisse</em></strong></span> <span class='ocrx_word' id='word_1_784' title='bbox 359 2868 432 2898; x_wconf 91' lang='lat' dir='ltr'><strong><em>hunc</em></strong></span> <span class='ocrx_word' id='word_1_785' title='bbox 446 2869 567 2900; x_wconf 80' lang='lat' dir='ltr'><strong><em>codicem</em></strong></span> <span class='ocrx_word' id='word_1_786' title='bbox 580 2872 607 2899; x_wconf 91' lang='lat' dir='ltr'><strong><em>in</em></strong></span> <span class='ocrx_word' id='word_1_787' title='bbox 623 2871 804 2900; x_wconf 78' lang='lat' dir='ltr'><strong><em>Escuriatcusi</em></strong></span> <span class='ocrx_word' id='word_1_788' title='bbox 819 2872 915 2900; x_wconf 86' lang='lat' dir='ltr'><strong><em>biblio-</em></strong></span> 
     </span>
    </p>
   </div>
   <div class='ocr_carea' id='block_1_115' title="bbox 969 2733 1756 2769">
    <p class='ocr_par' dir='ltr' id='par_1_115' title="bbox 969 2733 1756 2769">
     <span class='ocr_line' id='line_1_115' title="bbox 969 2733 1756 2769; baseline 0.004 -9"><span class='ocrx_word' id='word_1_789' title='bbox 969 2735 1048 2762; x_wconf 85' lang='lat' dir='ltr'><strong><em>theca</em></strong></span> <span class='ocrx_word' id='word_1_790' title='bbox 1064 2733 1196 2769; x_wconf 85' lang='lat' dir='ltr'><strong><em>impensis</em></strong></span> <span class='ocrx_word' id='word_1_791' title='bbox 1222 2735 1320 2761; x_wconf 87' lang='lat' dir='ltr'><strong><em>summi</em></strong></span> <span class='ocrx_word' id='word_1_792' title='bbox 1340 2734 1391 2762; x_wconf 84' lang='lat' dir='ltr'><strong><em>viri</em></strong></span> <span class='ocrx_word' id='word_1_793' title='bbox 1413 2735 1524 2762; x_wconf 81' lang='lat' dir='ltr'><strong><em>Antonii</em></strong></span> <span class='ocrx_word' id='word_1_794' title='bbox 1538 2734 1692 2769; x_wconf 76' lang='lat' dir='ltr'><strong><em>Augustini,</em></strong></span> <span class='ocrx_word' id='word_1_795' title='bbox 1709 2736 1756 2768; x_wconf 82' lang='lat' dir='ltr'><strong><em>qui</em></strong></span> 
     </span>
    </p>
   </div>
   <div class='ocr_carea' id='block_1_116' title="bbox 969 2769 1755 2804">
    <p class='ocr_par' dir='ltr' id='par_1_116' title="bbox 969 2769 1755 2804">
     <span class='ocr_line' id='line_1_116' title="bbox 969 2769 1755 2804; baseline -0.001 -8"><span class='ocrx_word' id='word_1_796' title='bbox 969 2777 1065 2802; x_wconf 83' lang='lat' dir='ltr'><strong><em>reapse</em></strong></span> <span class='ocrx_word' id='word_1_797' title='bbox 1081 2769 1108 2796; x_wconf 91' lang='lat' dir='ltr'><strong><em>in</em></strong></span> <span class='ocrx_word' id='word_1_798' title='bbox 1126 2769 1246 2797; x_wconf 82' lang='lat' dir='ltr'><strong><em>editione</em></strong></span> <span class='ocrx_word' id='word_1_799' title='bbox 1264 2769 1380 2797; x_wconf 87' lang='lat' dir='ltr'><strong><em>anensi</em></strong></span> <span class='ocrx_word' id='word_1_800' title='bbox 1397 2777 1510 2804; x_wconf 88' lang='lat' dir='ltr'><strong><em>operutn</em></strong></span> <span class='ocrx_word' id='word_1_801' title='bbox 1526 2777 1649 2800; x_wconf 81' lang='lat' dir='ltr'><strong><em>suorum,</em></strong></span> <span class='ocrx_word' id='word_1_802' title='bbox 1665 2774 1686 2796; x_wconf 89' lang='lat' dir='ltr'><strong><em>t.</em></strong></span> <span class='ocrx_word' id='word_1_803' title='bbox 1702 2769 1755 2801; x_wconf 78' lang='lat' dir='ltr'>VII,</span> 
     </span>
    </p>
   </div>
   <div class='ocr_carea' id='block_1_117' title="bbox 970 2804 1756 2839">
    <p class='ocr_par' dir='ltr' id='par_1_117' title="bbox 970 2804 1756 2839">
     <span class='ocr_line' id='line_1_117' title="bbox 970 2804 1756 2839; baseline 0 -7"><span class='ocrx_word' id='word_1_804' title='bbox 970 2812 996 2839; x_wconf 80' lang='grc' dir='ltr'><strong><em>ρ,</em></strong></span> <span class='ocrx_word' id='word_1_805' title='bbox 1016 2804 1051 2832; x_wconf 74' lang='lat' dir='ltr'><strong><em>5t</em></strong></span> <span class='ocrx_word' id='word_1_806' title='bbox 1069 2811 1139 2839; x_wconf 83' lang='lat' dir='ltr'><strong><em>seq.,</em></strong></span> <span class='ocrx_word' id='word_1_807' title='bbox 1159 2805 1232 2832; x_wconf 86' lang='lat' dir='ltr'><strong><em>hunc</em></strong></span> <span class='ocrx_word' id='word_1_808' title='bbox 1248 2808 1381 2832; x_wconf 85' lang='lat' dir='ltr'><strong><em>memorat</em></strong></span> <span class='ocrx_word' id='word_1_809' title='bbox 1407 2805 1478 2832; x_wconf 89' lang='lat' dir='ltr'><strong><em>inter</em></strong></span> <span class='ocrx_word' id='word_1_810' title='bbox 1504 2804 1668 2832; x_wconf 83' lang='lat' dir='ltr'><strong><em>domesticos</em></strong></span> <span class='ocrx_word' id='word_1_811' title='bbox 1691 2812 1756 2832; x_wconf 85' lang='lat' dir='ltr'><strong><em>suos</em></strong></span> 
     </span>
    </p>
   </div>
   <div class='ocr_carea' id='block_1_118' title="bbox 970 2839 1755 2874">
    <p class='ocr_par' dir='ltr' id='par_1_118' title="bbox 970 2839 1755 2874">
     <span class='ocr_line' id='line_1_118' title="bbox 970 2839 1755 2874; baseline 0.001 -9"><span class='ocrx_word' id='word_1_812' title='bbox 970 2839 1219 2874; x_wconf 17' lang='lat' dir='ltr'><strong><em>codices,reju5quc</em></strong></span> <span class='ocrx_word' id='word_1_813' title='bbox 1234 2839 1370 2873; x_wconf 82' lang='lat' dir='ltr'><strong><em>rubricas,</em></strong></span> <span class='ocrx_word' id='word_1_814' title='bbox 1395 2847 1443 2867; x_wconf 76' lang='lat' dir='ltr'><strong><em>Seu</em></strong></span> <span class='ocrx_word' id='word_1_815' title='bbox 1459 2847 1548 2868; x_wconf 79' lang='lat' dir='ltr'><strong><em>rerum</em></strong></span> <span class='ocrx_word' id='word_1_816' title='bbox 1568 2843 1755 2867; x_wconf 79' lang='lat' dir='ltr'><strong><em>contentarutu</em></strong></span> 
     </span>
    </p>
   </div>
   <div class='ocr_carea' id='block_1_119' title="bbox 971 2873 1304 2906">
    <p class='ocr_par' dir='ltr' id='par_1_119' title="bbox 971 2873 1304 2906">
     <span class='ocr_line' id='line_1_119' title="bbox 971 2873 1304 2906; baseline 0 -4"><span class='ocrx_word' id='word_1_817' title='bbox 971 2875 1072 2906; x_wconf 84' lang='lat' dir='ltr'><strong><em>titulos.</em></strong></span> <span class='ocrx_word' id='word_1_818' title='bbox 1086 2873 1181 2903; x_wconf 80' lang='lat' dir='ltr'><strong><em>Latine</em></strong></span> <span class='ocrx_word' id='word_1_819' title='bbox 1199 2875 1304 2902; x_wconf 79' lang='lat' dir='ltr'><strong><em>recitat.</em></strong></span> 
     </span>
    </p>
   </div>
  </div>
