1960 3076
200 126 253 157 439

779 126 909 156 ΡΙΙΟΤΙΙ
931 126 1182 157 PATRIARCH/E
1199 128 1255 156 ΟΡ.

1783 127 1833 158 440

199 183 294 218 Neque
314 182 433 209 alienum
453 189 497 209 me
516 181 542 209 id
568 181 659 209 facere
683 185 750 216 pulo
770 181 796 207 in
818 181 871 208 hoc
891 181 991 215 praevio
1006 184 1032 214 Α
1083 181 1114 209 In
1126 183 1248 210 ciuilibus
1268 187 1357 210 autem
1369 183 1480 218 legibus,
1498 191 1649 219 quanquam
1663 193 1715 212 non
1737 187 1770 212 ad
1791 188 1834 213 tm-

201 235 329 257 sermone
348 228 382 255 ad
396 226 486 254 Photii
500 234 581 262 opus,
600 227 645 254 ubi
660 230 736 254 tanta
756 226 845 261 legum
863 225 986 254 civilium

176 269 183 275 “
201 274 234 301 ad
255 280 377 301 canones
396 273 517 301 accessio
533 272 572 299 ﬁt.
599 271 644 299 Sic
667 279 730 307 ergo
754 271 823 299 liber
844 271 993 307 synodicus

202 320 220 345 f.
241 319 292 346 102
304 325 380 353 seqq.
397 326 404 345 :
428 318 476 344 Ἐκ
490 317 518 344 δὲ
532 317 587 344 τῶν
611 316 759 344 πολιτικῶν
778 316 887 352 νόμων,
908 317 932 342 εί
947 316 994 343 καὶ

203 366 241 400 μὴ
255 365 294 400 τῷ
309 363 422 391 ἐκείνων
448 363 523 398 ζυγῷ
539 363 574 390 τὰ
596 362 816 398 ἑκκλησιαστικὰ
837 361 996 388 ταλαντεύε-

201 419 258 444 ται,
271 412 346 446 ὅμως
361 409 430 444 πρὸς
445 409 593 444 σαφήνειαν
600 408 755 444 τῶνίιρῶν,
775 409 800 435 εί
815 409 901 442 δοκεῖ,
918 407 996 435 κανό-

205 465 257 483 νων
272 456 308 483 τὰ
321 456 386 491 περὶ
402 456 453 490 τῆς
467 455 560 490 ψήφου
576 455 716 490 θεωρῆσαι
731 455 781 480 οὐκ
793 453 919 489 ἄκαιρον-
937 453 994 488 ἔχει

203 502 232 528 δὲ
244 503 258 528 ὁ
276 503 340 537 περὶ
357 501 460 537 ταύτης
473 501 554 536 νόμος
567 500 669 533 οὕτως·
689 510 698 527 ι
713 501 746 527 El
763 501 792 527 δὲ
806 502 830 526 οἱ
843 500 995 535 ὀφείλοντες

209 559 218 574 ι
239 549 273 575 τὰ
298 548 462 584 ψηφίσματα
485 549 581 581 ποιεῖν,
601 549 676 579 ὲντδς
696 547 790 583 μηνῶν
809 547 839 579 ἒξ
864 547 902 582 μὴ
917 546 995 582 ποιή-

209 604 218 620 ε
239 603 327 628 σουσι,
358 593 510 629 τηνικαῦτα
536 594 575 629 τῷ
599 593 715 628 κινδύνῳ
743 593 794 627 τῆς
823 592 890 624 ιδίας
906 592 996 627 ψυχῆς

210 653 218 668 ι
242 639 375 677 ἐκεῖνοςξῷ
388 642 502 678 ἁρμόζει
514 641 560 668 τὸν
572 642 721 669 ἐπίσκοπον
728 640 916 676 χειροτονείτω
923 640 969 676 (c).
984 649 993 666 ι

207 688 299 723 Σαφὴς
315 689 330 714 ό
345 688 424 722 λόγος
435 696 443 703 ·
463 688 537 715 ἄλλοι
552 687 607 722 γάρ
619 688 688 713 είσιν
699 687 725 713 οἱ
738 685 932 721 ψηφιζόμενοι,
949 685 996 712 καὶ

206 735 300 768 ἕτερος
316 735 330 760 ὀ
346 734 518 769 χειροτονῶν.
542 733 622 760 Ἀλλὰ
633 731 713 759 τοῦτο
730 731 775 758 διὰ
791 731 903 763 λαῖκοὺς
917 731 995 766 είρῆ-

208 780 270 806 σθαι
292 780 382 806 δοκεῖ’
404 779 522 810 ἐκείνοις
539 778 593 813 γὰρ
608 779 622 805 ό
637 778 719 813 νόμος
745 777 795 808 τὰς
817 777 924 812 ψήφους
944 777 997 803 ἀπ-

1046 235 1106 253 rum
1120 227 1223 254 lancem
1239 228 1427 255 ecclesiastica:
1444 237 1484 255 res
1500 228 1647 263 librantur,
1664 231 1833 259 nihilominus

1044 272 1078 298 ad
1094 273 1270 300 illustrandae
1286 274 1310 300 si
1324 273 1411 307 placet
1426 283 1550 306 canones,
1567 283 1597 302 ea
1614 283 1673 310 qute
1692 277 1724 303 de
1739 277 1835 310 stt/fra-

1043 317 1093 352 giis
1110 317 1164 344 sive
1177 318 1302 345 electione
1310 318 1446 351 dicuntur,
1455 320 1626 346 considerare
1635 325 1733 347 nonest
1744 322 1835 348 intem-

1043 362 1180 396 peslivum.
1202 362 1247 389 Sic
1266 370 1327 397 ergo
1343 363 1376 390 de
1399 363 1529 391 electione
1551 365 1593 391 lea:
1607 373 1616 391 :
1639 374 1648 390 ι
1668 365 1743 397 Quod
1765 367 1788 393 si
1807 368 1834 399 ii,

1045 407 1089 442 qui
1103 407 1236 442 suffragia
1247 409 1368 442 conferre
1388 409 1493 441 debent,
1513 410 1585 436 intra
1600 416 1723 437 semestre
1738 416 1836 445 tempus

1045 452 1074 479 id
1093 453 1203 480 minime
1216 453 1338 488 fecerint,
1363 460 1426 482 tunc
1441 456 1539 483 animte
1555 464 1610 483 sua:
1620 457 1749 491 periculo,
1763 457 1786 484 is
1804 458 1836 484 ad

1045 505 1121 532 quem
1133 499 1257 532 pertinet,
1276 500 1427 533 episcopum
1455 500 1569 526 ordinet.
1591 509 1601 526 ι
1620 500 1764 535 Perspicua
1781 509 1838 527 scn-

1048 544 1131 570 tentia
1143 548 1183 571 est
1199 552 1209 571 .'
1224 544 1320 571 etenim
1333 544 1382 570 alii
1397 549 1460 571 sunt
1475 546 1521 580 qui
1542 546 1674 580 suffragia
1689 546 1836 580 conferunt,

1047 588 1118 614 alius
1129 589 1174 623 qui
1187 589 1305 616 ordinat.
1330 588 1424 616 Verum
1442 589 1499 616 haec
1513 591 1546 618 de
1562 591 1641 619 laicis
1657 592 1730 618 dicta
1749 593 1837 618 viden-

1049 637 1109 665 tur;
1123 641 1234 668 namque
1248 633 1288 660 his
1302 633 1352 666 lex,
1376 639 1470 662 contra
1484 644 1617 663 canonum
1641 637 1837 668 auctoritatem,

1047 678 1178 713 suffragia
1191 680 1318 712 permittit
1334 688 1343 707 :
1359 687 1418 714 qua:
1443 689 1483 708 res
1503 686 1590 708 tamen
1609 682 1767 716 firmitatem
1782 683 1840 709 nul-

1048 723 1103 749 lam
1126 723 1252 756 obtinuit,
1274 725 1319 751 sed
1345 725 1372 751 in
1389 727 1495 760 scriptis
1522 727 1608 754 otiosa
1623 727 1694 762 jacet
1708 735 1717 754 :
1731 728 1838 762 frustra

1047 770 1116 796 enim
1138 769 1277 796 clamitant
1300 771 1377 805 leges,
1404 779 1543 807 propterea
1569 774 1638 808 quod
1655 772 1751 800 Patres
1766 782 1840 800 man-

208 825 332 855 εναντίας
347 824 401 850 τῶν
416 824 537 851 κανόνων
548 824 700 858 ἐπιτρέπει·
711 823 779 858 ὅπερ
788 822 917 849 οὐδέποτε
933 830 998 857 κρα-

1057 814 1112 841 lata
1135 814 1298 849 Itujusmodi,
1313 820 1439 851 tanquam
1455 817 1543 844 aliena
1565 823 1590 845 et
1605 818 1724 851 obtrusa,
1739 827 1772 845 ea:
1787 818 1840 846 Ec-

208 871 293 905 τῆσαν
318 871 454 905 φαίνεται,
483 870 584 897 ἁλλ’ὲν
617 869 764 905 γράμμασι
786 869 867 904 μόνον
898 869 996 898 κεῖται,

209 916 339 951 ἄπρακτα
363 916 539 950 κεκραγότων
555 915 655 946 αὐτῶν,
669 914 714 941 διὰ
726 915 757 941 τὸ
773 914 849 949 παρὰ
867 913 921 940 τῶν
943 914 998 940 [Ια-

210 963 296 998 τέρων
321 962 375 988 ἀπὸ
392 962 442 997 τῆς
457 961 619 997 Ἐκκλησίας
640 962 694 992 ἀεὶ,
716 961 754 992 ὡς
780 960 845 987 ἄλλο
872 959 956 988 ἄῡλόν
971 968 997 986 τι

211 1006 402 1040 ἐξελαύνεσθαι
421 1007 452 1033 τὸ
470 1006 590 1033 τοιοῦτον
606 1006 748 1040 ἐπίταγμα
759 1014 766 1021 ο
782 1006 858 1032 οὐδὲν
872 1006 926 1040 γὰρ
943 1013 1000 1032 κοι-

212 1054 257 1079 νὸν
276 1052 412 1087 πνεύματι
431 1053 478 1079 καὶ
493 1053 627 1088 μαχαίρᾳ.
642 1052 674 1078 Et
688 1053 717 1079 δὲ
734 1052 861 1087 καὶπερὶ
875 1052 930 1078 τῶν
939 1052 1000 1078 ὲπι-

213 1099 324 1126 σκόπων
348 1099 433 1133 λέγει,
455 1099 513 1126 ἀλλ’
528 1098 604 1125 οὐδὲν
623 1098 669 1125 διὰ
691 1098 772 1125 τοῦτο
800 1100 832 1133 τῇ
852 1097 1002 1132 Ἐκκλησία

214 1145 374 1180 πρόκριμα·
396 1143 528 1170 ἀδύνατον
550 1142 604 1178 γὰρ
623 1142 685 1178 δίχα
696 1143 872 1177 ψηφίσματος
888 1143 1002 1168 ἐπισκο-

214 1190 295 1217 πικοῠ
313 1189 480 1225 χειροτονίαν
488 1189 623 1224 προϐῆναι
633 1196 640 1204 ’
655 1188 724 1220 τέως
736 1188 764 1215 δὲ
779 1188 859 1215 τοῦτο
874 1188 1003 1223 περὶτῶν

214 1235 362 1262 πολιτικῶν
377 1235 478 1270 νόμων.
495 1234 527 1261 Et
543 1235 598 1270 γὰρ
610 1234 669 1265 ἑνὸς
687 1234 839 1260 ἐπισκόπου
852 1233 868 1269 ἢ
882 1234 1003 1269 πρεσϐυ-

215 1282 296 1318 τέρου
322 1282 338 1317 ἢ
354 1282 479 1308 διακόνου
495 1281 584 1316 ψῆφον
599 1281 650 1307 οὐκ
664 1281 808 1316 ἀνέχονται
822 1281 848 1307 oi
865 1280 933 1307 θεῖοι
948 1281 1004 1306 Πα-

215 1329 293 1363 τέρες
304 1328 380 1362 παρὰ
393 1327 496 1354 λαῖχῶν
512 1327 657 1362 προὸἧναι,
674 1327 733 1359 πῶς
750 1326 1006 1361 ὑποστήσονταιαύ-

215 1374 264 1410 τὴν
277 1375 385 1409 ἐκείνην
403 1373 454 1409 τὴν
475 1373 524 1405 τὰς
543 1373 651 1408 ψήφους
671 1373 718 1400 καὶ
741 1373 908 1408 χειροτονίας
931 1373 1006 1405 ὅπως

215 1420 369 1455 ὀφείλουσιν
376 1419 498 1454 γίνεσθαι
510 1419 672 1454 νομοθεσίαν
686 1419 733 1445 καὶ
743 1418 918 1446 διδασκαλίαν
929 1418 1006 1453 παρὰ

1049 861 1130 887 clesia
1148 860 1312 894 repulerunt.
1325 862 1385 889 Non
1400 864 1468 890 enim
1484 865 1629 899 quidquam
1644 873 1780 892 commune
1793 865 1841 892 ha-

1049 906 1108 932 bent
1134 907 1243 940 spiritus
1258 912 1284 934 et
1305 908 1421 942 gladius.
1439 909 1515 941 Quod
1532 910 1555 936 si
1576 910 1646 945 forte
1669 911 1701 937 de
1715 911 1841 945 episcopis

1049 953 1167 988 loquitur
1181 954 1233 986 (ex,
1248 953 1353 980 nullum
1367 954 1429 981 hinc
1445 956 1630 990 prtejudicium
1641 962 1734 984 contra
1753 956 1842 984 Eccle—

1050 998 1119 1025 siam
1132 999 1275 1032 conﬂatur,
1292 1001 1504 1036 quandoquidem
1516 1002 1571 1029 sine
1583 1003 1726 1036 episcopali
1742 1003 1842 1037 suﬂ'ra-

1050 1043 1093 1078 gio
1107 1043 1241 1070 ordinatio
1253 1043 1332 1070 nulla
1346 1047 1495 1080 peragitur.
1510 1045 1562 1073 Sed
1585 1047 1714 1074 hactenus
1727 1049 1759 1073 de
1775 1048 1841 1074 civi-

1052 1088 1120 1115 libus
1132 1087 1243 1123 legibus.
1259 1087 1332 1114 Nunt
1349 1090 1372 1116 si
1387 1090 1425 1117 vel
1441 1091 1520 1117 unius
1535 1091 1659 1126 episcopi,
1676 1097 1721 1118 aut
1735 1092 1843 1126 presby-

1053 1137 1102 1164 teri
1122 1142 1168 1163 aut
1185 1137 1292 1164 diaconi
1312 1137 1462 1164 electionem
1480 1145 1530 1163 non
1550 1138 1689 1171 patiuntur
1714 1137 1808 1165 Patres
1828 1148 1844 1165 ιι

1054 1183 1130 1210 laici:
1144 1185 1294 1217 procedere,
1309 1183 1439 1218 quomodo
1454 1183 1481 1209 lti
1503 1182 1586 1218 legem
1606 1183 1644 1210 vel
1666 1185 1816 1210 doctrinam
1828 1193 1845 1210 α

1054 1230 1131 1256 laieis
1146 1230 1259 1264 proponi
1279 1229 1435 1261 tolerarent,
1453 1237 1513 1264 quw
1528 1230 1684 1256 electionum
1702 1235 1780 1265 atque
1799 1239 1845 1257 or-

1055 1275 1224 1302 dinationum
1237 1283 1357 1301 normam
1372 1275 1556 1310 praescriberet
1569 1275 1580 1301 .9
1599 1274 1629 1302 Si
1643 1277 1712 1303 enim
1727 1276 1775 1303 hoc
1787 1284 1845 1303 ene-

1056 1321 1133 1352 niret,
1145 1321 1202 1355 jam
1215 1328 1268 1348 non
1282 1321 1449 1355 spiritaliter,
1465 1321 1510 1348 sed
1523 1321 1677 1348 humanitus
1693 1330 1732 1349 res
1750 1322 1847 1349 divinw

1058 1366 1333 1399 administrarentur;
1357 1367 1487 1401 siquidem
1512 1367 1605 1394 exinde
1623 1373 1678 1394 tum
1708 1367 1845 1394 electiones

1058 1416 1146 1436 onmes
1161 1414 1217 1435 tum
1227 1409 1406 1436 ordinationes
1419 1409 1543 1436 humanis
1556 1418 1607 1437 non
1621 1410 1716 1436 diuinis
1727 1408 1845 1444 jussibus

218 1467 319 1493 λαῖκῶν
343 1466 527 1501 ἐκτιθεμένων
556 1464 823 1498 παραδέξασθαι;Εί
848 1464 903 1499 γὰρ
927 1463 1006 1490 τοῦτο

1059 1456 1162 1490 ﬁerent.
1183 1455 1225 1482 Ea:
1242 1463 1292 1490 quo
1310 1455 1365 1482 alia
1383 1464 1484 1491 quoque
1500 1460 1674 1483 consectanea
1688 1456 1847 1482 deduceren-

216 1511 345 1547 δειχθείη,
359 1512 390 1538 οὐ
409 1510 602 1545 πνευματικῶς
620 1510 739 1542 πάντως,
755 1508 813 1535 ἀλλ’
831 1508 1009 1544 ἀνθρωπίνως

217 1558 252 1584 τὰ
265 1557 325 1584 θεῖα
345 1553 565 1593 πραχθήσονται,’
574 1556 629 1582 τῶν
644 1555 840 1590 ψηφιζομένων
859 1555 907 1581 καὶ
921 1563 1011 1590 χειρο-

219 1603 390 1639 τονουμένων
418 1604 451 1630 ὲκ
477 1603 537 1630 τότε
561 1603 670 1629 πάντων
697 1601 883 1636 ἀνθρωπίνοις
911 1601 959 1628 καὶ¹
980 1601 1010 1627 οὑ

220 1651 302 1682 θείοις
321 1650 471 1685 ὲντάλμασι
497 1648 683 1683 τελουμένων·
714 1647 743 1680 ἐξ
767 1644 797 1674 οὗ
826 1647 873 1673 καὶ
899 1647 964 1674 ἄλλο
985 1655 1011 1673 τι

221 1695 400 1731 συμϐήσεται.
420 1693 480 1720 Τῶν
504 1694 558 1728 γὰρ
583 1691 819 1728 μεταγενεστέρων
854 1691 920 1723 ἴσως
949 1691 1012 1718 δυσ-

221 1748 336 1775 σρεστου
341 1739 428 1774 μένων
442 1739 489 1765 ἐπὶ
498 1739 555 1770 τοῖς
567 1738 632 1773 περὶ
643 1737 877 1771 ὲκκλησιαστικῶν
890 1745 1014 1772 γεγραμ-

225 1786 326 1820 μένοις,
342 1785 400 1811 εῐτε
427 1785 471 1811 διὰ
493 1784 659 1819 φιλοτιμίαν,
682 1783 763 1818 τυχδν
776 1783 804 1809 δὲ
822 1783 871 1809 καὶ
884 1782 929 1809 διὰ
942 1781 1011 1816 γνώ-

225 1841 277 1867 μην
291 1832 341 1858 οὐκ
355 1831 452 1866 εὐαγῆ,
467 1830 598 1857 θελόντων
609 1830 694 1865 φῦρειι
709 1829 755 1856 καὶ
771 1829 888 1864 συγχέαι
900 1829 934 1855 τὰ
947 1829 1012 1864 περὶ

223 1879 273 1913 τῆς
298 1878 418 1908 πίστεως
433 1875 510 1912 ήμῶν
539 1876 600 1903 θεῖα
623 1875 791 1910 διδάγματα,
819 1874 1012 1910 λαμϐανόντων

225 1923 353 1958 ἀφορμὴν
367 1923 400 1948 ὲκ
420 1921 467 1948 τοῦ
488 1921 593 1958 γράψαι
612 1920 689 1953 τινὰς
702 1920 758 1947 τῶν
773 1921 826 1956 πρὸ
839 1920 929 1947 αὐτῶν
948 1919 1013 1955 περὶ

225 1969 337 2001 τούτων,
351 1968 561 2004 νομοθετήσουσι
576 1967 623 1993 καὶ
638 1967 716 1993 αὐτοὶ
729 1966 788 1997 πῶς
808 1967 858 2001 μὲν
870 1966 972 1999 ὀφείλει
983 1965 1014 1991 τὸ

228 2016 370 2050 βάπτισμα
389 2014 525 2049 γίνεσθαι,
542 2013 580 2045 ὡς
592 2013 642 2040 οὐκ
655 2011 779 2048 ἀρεστῶς
793 2012 885 2043 αὐτοῖς
897 2012 960 2047 ἄρτι
972 2020 1013 2038 τε-

228 2061 376 2096 ;.ουμένου-”
394 2060 452 2090 πῶς
466 2059 494 2085 δὲ
513 2060 530 2094 ή
545 2059 594 2094 τῆς
610 2058 684 2089 θείας
698 2057 893 2093 μυσταγωγίας
912 2058 1015 2092 ίερουρυ

227 2108 273 2140 γία
298 2105 555 2140 ἐπιτελεσθήσεται·
587 2105 635 2131 καὶ
652 2104 731 2135 ἄλλος
761 2103 825 2138 περὶ
853 2103 945 2135 ἄλλου,
967 2103 1015 2129 καὶ

1063 1507 1107 1530 tur
1121 1509 1129 1528 :
1145 1501 1260 1536 fortasse
1279 1502 1347 1529 enim
1363 1503 1462 1537 posteri
1477 1503 1561 1529 nostri
1584 1510 1651 1538 (egre
1678 1503 1790 1537 ferentes
1817 1509 1849 1528 ea

1061 1556 1120 1583 qute
1133 1549 1161 1575 in
1171 1548 1234 1583 jure
1246 1547 1424 1575 ecclesiastico
1439 1549 1539 1583 scripta
1549 1553 1622 1581 sunt,
1633 1548 1687 1575 sive
1704 1548 1849 1574 ambitione

1061 1593 1161 1627 inﬂati,
1183 1593 1237 1620 sive
1260 1592 1341 1620 etiam
1362 1593 1393 1619 ob
1418 1594 1513 1620 mentis
1536 1593 1654 1628 aliquam
1679 1594 1852 1628 pravitatem,

1062 1638 1219 1673 perturbare
1231 1643 1256 1665 et
1281 1638 1444 1673 confundere
1463 1639 1565 1666 divinos
1579 1640 1640 1673 ﬁdei
1667 1645 1763 1666 nostra:
1785 1638 1855 1666 arti-

1064 1684 1137 1711 culos
1156 1684 1260 1716 nolent;
1289 1689 1476 1719 captantesque
1501 1693 1594 1711 ansam
1615 1692 1648 1712 es;
1666 1685 1700 1713 iis
1724 1686 1770 1721 qui
1795 1691 1855 1713 ante

1064 1731 1135 1764 ipsos
1159 1731 1334 1765 scripserunt,
1354 1730 1422 1766 leges
1450 1736 1475 1758 et
1503 1731 1555 1765 ipsi
1571 1735 1703 1764 statuent,
1724 1733 1855 1767 quomodo

1065 1776 1196 1810 baptisma
1216 1776 1403 1803 administrari
1426 1776 1528 1808 debeat,
1551 1784 1596 1803 ceu
1616 1777 1640 1804 si
1664 1778 1770 1805 minime
1790 1778 1855 1813 ipsis

1064 1823 1178 1857 placeret
1200 1823 1270 1857 quod
1294 1824 1420 1849 hactenus
1444 1828 1482 1850 est
1505 1823 1660 1858 [actitatum
1684 1831 1693 1850 :
1717 1824 1781 1852 item
1806 1832 1857 1859 quo

1065 1868 1119 1894 ritu
1134 1875 1219 1894 sacra:
1242 1868 1330 1894 missa:
1352 1867 1490 1903 liturgiam
1503 1869 1594 1902 perﬁci
1612 1873 1751 1904 oporteat;
1769 1870 1858 1905 sicque

1065 1913 1136 1940 alius
1151 1913 1206 1939 alia
1220 1913 1411 1947 prtescriberet,
1440 1915 1578 1950 cunctique
1597 1916 1629 1942 de
1651 1916 1775 1943 omnibus
1800 1922 1858 1943 sta-

1067 1964 1138 1986 tuere
1154 1959 1259 1986 vellent.
1278 1959 1371 1994 Neque
1394 1961 1465 1987 enim
1480 1961 1550 1988 ullus
1572 1966 1639 1989 esset
1663 1961 1728 1989 mali
1743 1963 1820 1996 ﬁnis,
1838 1963 1860 1989 si

1066 2005 1114 2032 hoc
1131 2004 1276 2032 absurdum
1296 2005 1403 2031 initium
1414 2005 1499 2039 fieret,
1522 2007 1604 2034 donec
1628 2008 1714 2042 ipsum
1730 2009 1860 2035 audacter

1066 2050 1227 2085 suﬂ'oderent
1251 2049 1392 2078 Trinitatis
1417 2053 1583 2086 mysterium,
1606 2058 1683 2088 atque
1711 2055 1861 2081 universam

1067 2097 1183 2124 delerent
1203 2097 1367 2132 religionem.
1384 2096 1560 2129 Quamobrem
1585 2107 1616 2125 ne
1643 2100 1709 2126 talia
1725 2101 1861 2134 eveniant,

228 2152 328 2184 πάντες
355 2151 421 2187 περὶ¹
453 2151 563 2177 πάντων
575 2158 582 2165 ο
607 2150 638 2176 οὐ
656 2149 710 2184 γὰρ
726 2149 856 2183 στήσεται
875 2148 906 2174 τὸ
921 2148 1005 2175 κακὸν

1071 2143 1174 2169 nullam
1187 2143 1291 2177 uspiam
1309 2143 1365 2169 ullo
1383 2148 1498 2177 tempore
1521 2145 1623 2172 civilem
1645 2146 1726 2181 legem
1737 2146 1863 2174 domina-

228 2200 316 2233 ἀρχῆς
328 2196 452 2231 δοθείσης
472 2196 586 2227 ἀτόπου,
604 2194 700 2230 μέχρις
716 2193 749 2221 ἂν
773 2193 935 2228 ὑπορύττειν
953 2192 1019 2219 αὐτὸ

228 2244 259 2270 τὸ
279 2243 330 2278 τῆς
340 2242 455 2278 Τριάδος
467 2242 515 2268 καὶ
539 2240 764 2276 παραχαράττειν
784 2239 951 2274 τολμήσουσι
970 2239 1019 2273 τῆς

230 2288 372 2319 εὐσεσείας
389 2288 556 2322 μυστήριον·
584 2286 642 2313 ἀνθ’
658 2282 696 2312 ὧν
714 2286 758 2312 ἵνα
780 2286 817 2321 μὴ
838 2285 926 2312 ταῦτα
939 2285 1020 2320 γένη-

229 2343 285 2366 ται,
299 2333 386 2364 οὐδείς
409 2341 461 2359 που
480 2333 562 2367 νόμος
585 2331 723 2362 πολιτικὸς
743 2331 869 2366 οὐδαμῶς
887 2330 1019 2357 οὐδέποτε

231 2379 277 2406 τοῦ
301 2378 462 2414 Πνεύματος
486 2377 677 2413 περιεγένετο·
702 2377 762 2404 ἀλλ’
776 2376 871 2411 ὥσπερ
885 2376 920 2403 τὰ
933 2376 1020 2412 νεκρὰ

232 2423 439 2459 κυοφορούμενα
454 2423 553 2459 βρέφη,
569 2423 663 2454 αὑταῖς
679 2421 879 2456 ἐναποθνήσκει
894 2423 954 2453 ταῖς
969 2422 1021 2456 μή-

231 2470 418 2506 τραις,οὓτως
430 2471 476 2496 καὶ
505 2469 559 2496 τῶν
585 2468 733 2495 πολιτικῶν
757 2468 848 2502 νόμων
876 2467 933 2493 ὅσοι
966 2468 1021 2498 τοῖς

233 2515 280 2542 τοῦ
297 2516 456 2551 Πνεύματος
472 2514 709 2549 ἀντιφθέγγονται,
725 2514 816 2548 νεκροὶ
831 2512 878 2539 καὶ
891 2512 1021 2539 ἁνεϐιαῖοι

233 2561 346 2588 αὐτόθεν
356 2560 386 2594 ἐξ
401 2561 486 2596 αὐτῆς
502 2559 588 2595 ἀρχῆς
603 2559 776 2594 ὲκφέρονται.

1071 2189 1096 2215 ri
1121 2189 1229 2223 spiritui
1244 2197 1397 2216 concessum
1413 2189 1487 2224 fuit;
1501 2190 1546 2217 sed
1569 2191 1649 2218 veluti
1670 2194 1787 2220 emortui
1802 2201 1864 2220 con~

1070 2240 1158 2269 ceptus
1175 2235 1202 2261 in
1216 2235 1279 2269 ipsis
1293 2236 1498 2271 exstinguuntur
1522 2237 1615 2270 uteris,
1638 2239 1676 2264 sic
1699 2246 1865 2274 quotcunque

1069 2280 1157 2307 ciuiles
1171 2280 1238 2315 leges
1256 2281 1362 2314 spiritui
1377 2281 1572 2313 contradicunt;
1591 2290 1675 2310 cassae
1693 2282 1794 2310 viribus
1807 2284 1865 2318 jam

1071 2334 1152 2360 usque
1165 2326 1198 2352 ab
1213 2325 1313 2360 origine
1324 2330 1485 2360 mortumque
1498 2327 1651 2360 pariuntur.

1105 2366 1279 2398 Postremum
1305 2371 1440 2398 monitum
1461 2371 1494 2398 ad
1518 2371 1647 2399 lectorem
1676 2373 1722 2406 sit,
1745 2374 1816 2402 nihil
1839 2374 1866 2401 in

1071 2415 1160 2443 Photii
1177 2415 1351 2451 Sgntagmate
1372 2424 1433 2444 esse
1446 2417 1666 2452 schismaticum,
1684 2420 1751 2447 nillil
1778 2421 1867 2448 studio

1074 2462 1193 2497 partium
1217 2462 1339 2495 dictum;
1359 2462 1445 2497 prisci
1469 2463 1542 2490 enim
1566 2466 1757 2493 tantummodo
1773 2467 1866 2494 Eccle-

1073 2509 1122 2536 sia}
1144 2516 1265 2536 canones
1281 2502 1457 2542 recitantur';
1478 2516 1513 2536 ne
1530 2511 1593 2545 quis
1620 2511 1690 2540 forte
1708 2512 1863 2549 imperitus,

1075 2555 1171 2583 autlito
1190 2555 1302 2583 nomine
1315 2555 1417 2589 Pliotii,
1438 2561 1548 2592 repente
1566 2557 1706 2593 pallescat.

987 2648 1092 2677 ΝΟΤᾸΕ
1097 2669 1103 2676 .

272 2728 306 2763 (09
320 2729 399 2765 Apud
413 2739 462 2758 nos
478 2729 505 2757 in
522 2730 707 2766 Syntngmate,
729 2737 753 2764 p.
772 2729 806 2756 49
820 2737 852 2756 ex
874 2729 1003 2756 Novellis.
