1951 3081
108 149 155 181 4-H

565 149 764 181 SYN‘I‘AGMA
783 150 1101 182 CANONUM.—HT.
1123 150 1149 188 Ι,
1169 149 1248 181 CAP.
1270 150 1298 180 Ι.

1689 147 1743 181 442

110 222 1742 241 W

749 311 1085 390 PHOTII

341 457 743 505 PATBIABCHIE
782 454 1513 504 CONSTANTINOPOLITANI

513 570 656 630 SYN
670 571 918 628 TAGMA
957 570 1331 629 CANONUM.

778 763 981 808 ΤΓΓΛΟΣ
1017 761 1077 807 Α’.

249 855 330 882 ΠΕΡΙ
344 855 543 890 ΘΕΟΛΟΓῙΔΣ,
553 856 614 883 ΚΑΙ
624 856 823 884 ΟΡΘΟΔΟΞΟΥ
834 856 990 888 ΠΙΣΤΕΩΣ,
1003 857 1065 884 ΚΑΙ
1079 856 1257 889 ΚΔΝΟΝΩΝ,
1273 856 1333 884 ΚΑΙ
1346 854 1591 884 ΧΕΙΡΟΤΟΝΙΩΝ.

754 1020 1019 1065 TITULUS
1056 1022 1098 1065 Ι.

229 1111 272 1137 DE
289 1110 496 1146 THEOLOGIA,
515 1112 560 1139 ET
575 1111 653 1140 FIDE
668 1111 894 1145 ORTIIODOXA,
907 1111 952 1138 ET
966 1111 1163 1140 CANONIBUS
1192 1111 1313 1146 ATQUE
1325 1111 1631 1141 ORDINATIONIBUS.

151 1222 352 1249 ΚΕΦΑΛΑΙΟΝ
370 1223 522 1251 ΠΡΩΤΟΝ.
541 1239 575 1244 -
589 1224 661 1258 Περὶ
674 1225 830 1259 θεολογίας
857 1224 906 1252 καὶ
922 1245 927 1256 λ

995 1225 1017 1259 ι
1031 1223 1145 1252 CAPUT
1155 1222 1300 1251 PRIMUM.
1314 1237 1349 1244 -—
1360 1222 1396 1250 De
1415 1222 1546 1258 theologia
1557 1227 1582 1250 et
1593 1223 1646 1257 [ide
1660 1222 1752 1251 ortho-

112 1268 274 1303 ι’ρθοόόξου
284 1268 424 1301 πίστεως.

286 1314 482 1342 Ἀποστόλων
514 1315 615 1342 κανὼν
641 1314 747 1350 μθ,ν¹.

147 1359 201 1394 μθ¹.
212 1359 248 1385 Et
259 1368 300 1391 τις
314 1359 462 1391 ἐπίσκοπος
472 1360 488 1395 ἢ
506 1360 702 1396 πρεσϐύτερος.
715 1361 786 1388 κατὰ
799 1361 849 1396 τὴν
859 1361 906 1389 τοῦ

112 1404 214 1440 Κυρίου
232 1405 365 1437 διάταξιν,
383 1405 420 1440 μὴ
434 1405 559 1440 βαπτίσει
576 1407 615 1434 εἰς
633 1406 752 1441 Πατέρα,
769 1407 818 1434 καὶ
827 1407 903 1439 Υίὸν,

113 1452 159 1477 καὶ
171 1452 251 1486 ἅγιον
280 1451 405 1486 Πνεῦμα,
435 1451 493 1478 ἀλλ’
507 1452 548 1484 είς
573 1453 649 1487 τρεῖς
671 1453 818 1488 ἀνάρχους,
835 1453 852 1489 ἦ
867 1454 907 1485 εἰς

112 1498 185 1532 τρεῖς
209 1497 302 1530 υίοὺς,
338 1497 355 1532 ἢ
392 1497 433 1529 είς
460 1498 535 1534 τρεῖς
565 1498 780 1534 παρακλήτους,
814 1498 909 1526 καθαι-

114 1543 221 1578 ρείσθω.

147 1589 181 1616 ν’.
200 1589 236 1616 Εἴ
261 1598 302 1622 τις
332 1589 513 1625 ἐπίσκοποςῆ
545 1590 743 1627 πρεσϐύτερος,
774 1591 811 1627 μὴ
845 1591 909 1628 τρία

113 1636 292 1672 βαπτίσματα
308 1637 373 1672 μιᾶς
392 1637 519 1672 μυήσεως
540 1637 702 1669 ἐπιτελέσει,
729 1637 787 1665 ἀλλ’
810 1638 839 1665 ἓν
862 1638 911 1673 βά-

112 1694 219 1720 πτισμα
237 1686 269 1711 τὸ
292 1686 332 1717 εἰς
354 1685 400 1712 τὶν
429 1685 543 1712 θάνατον
558 1685 606 1711 τοῦ
628 1684 732 1719 Κυρίου
759 1684 909 1720 διδόμενον,

113 1730 302 1766 καθαιρείσθω
314 1738 321 1745 ο
339 1730 370 1756 οὐ
394 1730 450 1765 γὰρ
469 1727 545 1756 εἶπεν
564 1730 579 1756 ὁ
595 1729 698 1764 Κύριος
711 1749 718 1762 ,
737 1728 785 1760 Εἰς
798 1729 845 1756 τὸν
863 1729 911 1756 θά-

113 1776 192 1802 νατόν
207 1784 262 1810 μου
277 1774 437 1809 βαπτίσατε·
451 1774 532 1808 ἀλλὰ,
553 1774 752 1808 Πορευθέντες
762 1774 911 1808 μαθητεύι

114 1829 185 1848 σατε
196 1821 299 1848 πάντα
314 1821 350 1847 τὰ
366 1820 438 1854 ἔθνη
451 1841 458 1853 ,
476 1819 675 1853 βαπτίζοντες
691 1820 803 1852 αὐτοὺς
820 1822 863 1853 εὶς
877 1820 911 1847 τὸ

114 1866 206 1902 ὄνομα
234 1865 292 1893 τοῦ
317 1865 444 1900 Πατρὸς,
465 1865 581 1893 καὶτοῦ
599 1865 677 1898 Υὶοῦ,
693 1864 807 1892 καὶτοῦ
823 1865 910 1900 ἁγίου

115 1913 304 1947 Πνεύματος.

149 1958 255 1985 Συνόδ
256 1966 293 1985 ου
310 1956 659 1989 Κωνσταντινουπόλεως
674 1955 776 1983 κανὼν
789 1959 815 1982 a’
825 1976 832 1989 ,
843 1959 875 1983 ε’.

149 2005 183 2031 α’.
198 2004 246 2039 Μὴ
263 2003 421 2030 ἀθετεῖσθαι
442 2003 491 2038 τὴν
513 2003 604 2029 πίστιν
617 2002 672 2030 τῶν
695 2002 838 2037 Πατέρων,
858 2002 912 2029 τῶν

117 2055 178 2088 τιη’,
192 2052 248 2079 τῶν
260 2053 292 2078 ἐν
307 2051 410 2086 Νικαίᾳ
425 2051 475 2085 τῆς
494 2050 622 2082 Βιθυνίας
636 2049 827 2082 συνελθόντων,
845 2050 913 2076 ἀλλὰ

119 2099 208 2134 μένειν
225 2098 337 2132 ὲκείνην
350 2096 459 2131 κυρίαν,
484 2096 532 2123 καὶ
551 2095 803 2130 ἀναθεματισοῆναι
821 2096 913 2123 πᾶσαν

118 2145 224 2179 αἵρεσιν
240 2153 248 2160 ·
277 2143 328 2170 καὶ
354 2142 516 2176 ίδιδιῶς,τὴν
541 2141 596 2168 τῶν
613 2140 797 2176 Εὑνομιανῶν,
824 2142 913 2168 εῐτουν

117 2190 277 2226 Ἀνομοίων·
292 2190 339 2216 καὶ
353 2189 402 2225 τὴν
411 2189 465 2216 τῶν
473 2188 630 2224 Ἀριανῶν,
639 2188 727 2214 show
734 2187 911 2219 Εὑδοξιανῶνπ

117 2237 162 2263 καὶ
179 2237 230 2272 τὴν
258 2235 315 2262 τῶν
335 2235 503 2273 Ἥημιαρείων
514 2255 521 2266 ,
539 2235 627 2260 εῐτουν
647 2233 889 2269 Πιευματομάχων
904 2240 912 2248 ·

118 2284 163 2310 καὶ
171 2283 220 2318 τὴν
227 2283 286 2312 τῶν
295 2280 493 2312 Σαϐελλιανῶν,
505 2280 552 2308 καὶ
565 2280 615 2315 τὴν
623 2280 677 2306 τῶν
686 2279 912 2315 Μαρκελλιανῶν,

118 2329 163 2355 καὶ
179 2329 230 2363 τὴν
246 2328 305 2355 τῶν
328 2327 526 2359 Φωτεινιανῶν,
549 2327 597 2354 καὶ
619 2325 669 2362 τὴν
693 2325 748 2353 τῶν
770 2325 913 2352 ’Δπολινα-

119 2374 229 2409 ριανῶν.

152 2419 183 2446 ε’.
195 2419 264 2455 Περὶ
280 2418 328 2445 τοῦ
341 2419 426 2453 τόμου
439 2418 493 2445 τῶν
510 2418 632 2445 Δυτικῶν
643 2417 691 2444 καὶ
705 2417 756 2452 τῆς
767 2417 915 2449 ὲνῖἋντιο-

118 2465 187 2500 χείᾳ,
202 2464 399 2499 ἀπεδεξάμεθα
415 2465 479 2496 τοὺς
502 2464 566 2499 μίαν
581 2462 781 2499 ὁμολογοῦντας
797 2461 913 2497 Πατρὶς,

118 2511 163 2537 καὶ
178 2510 258 2545 Υίοῦ,
275 2510 325 2538 καὶ
336 2509 415 2544 ἁγίου
432 2509 591 2544 [Ινεὺματος
604 2508 732 2542 θεότητα.

284 2565 422 2593 Συνόδου
448 2564 575 2599 Ἐφέσου
595 2563 696 2590 κανὼν
712 2562 744 2595 ζ’.

153 2611 187 2644 ζ’.
203 2611 318 2639 Τούτων
330 2610 421 2637 τοίνυν
446 2609 686 2644 ἀναγνωσθέντων,
699 2607 799 2643 ὥρισεν
814 2607 831 2642 ἠ
847 2606 913 2640 ἁγία

935 1286 938 1288 ~
961 1270 1041 1298 doma.

1133 1315 1325 1351 Apostolorum
1339 1323 1452 1342 canones
1465 1315 1509 1347 ιθ,
1527 1314 1572 1342 50.

993 1361 1037 1389 49.
1054 1360 1112 1397 [48]
1128 1360 1157 1387 Si
1175 1360 1238 1395 quis
1254 1360 1403 1395 episcopus
1427 1360 1469 1387 vel
1488 1360 1631 1405 presbyter
1651 1367 1683 1386 ex
1697 1359 1753 1387 Do-

958 1407 1025 1434 mini
1039 1406 1211 1434 ordinatione
1227 1413 1280 1433 nou
1290 1405 1506 1441 baptizuveritin
1520 1407 1632 1434 nomine
1648 1406 1750 1439 Patris,

957 1458 985 1481 et
999 1453 1072 1486 Filii,
1088 1457 1115 1480 et
1128 1452 1248 1487 Spiritus
1259 1453 1358 1485 sancti,
1369 1453 1415 1480 sed
1431 1453 1458 1479 in
1471 1452 1553 1479 trium
1564 1453 1688 1487 principii
1703 1461 1753 1479 ex-

959 1499 1090 1535 pertium,
1102 1499 1144 1526 vel
1160 1498 1241 1525 trium
1255 1498 1384 1531 ﬁliorum,
1394 1499 1436 1526 vel
1447 1499 1528 1526 trium
1540 1498 1753 1533 paraclelorum,

959 1544 1125 1579 deponatur.

996 1589 1040 1616 50.
1055 1588 1112 1625 [49]
1125 1588 1154 1616 Si
1167 1589 1230 1624 quis
1245 1589 1393 1624 episcopus
1407 1589 1449 1616 vel
1469 1589 1622 1624 presbyter,
1638 1596 1693 1616 non
1703 1589 1754 1617 tria

962 1635 1046 1664 unius
1077 1636 1200 1671 mysterii
1227 1635 1390 1670 baptismata
1413 1635 1573 1670 perfecerit,
1598 1636 1644 1663 sed
1669 1644 1754 1662 unum

961 1685 1137 1719 baptismum,
1149 1682 1196 1717 qui
1209 1682 1290 1709 datur
1306 1682 1333 1708 in
1358 1687 1473 1709 mortem
1491 1681 1611 1715 Domini,
1633 1682 1753 1716 depona-

962 1735 1016 1758 tur.
1035 1730 1097 1757 Non
1119 1730 1191 1757 enim
1211 1729 1280 1756 dixit
1300 1728 1432 1756 Dominus
1455 1739 1461 1756 :
1480 1729 1508 1756 In
1525 1733 1642 1756 mortem
1665 1736 1755 1756 meam

962 1777 1097 1812 baptizata
1119 1777 1199 1809 :sed,
1229 1775 1403 1803 Ambulantes
1428 1777 1518 1803 docete
1541 1783 1630 1802 omnes
1652 1779 1755 1809 gentes.

962 1823 1127 1855 baptizantes
1139 1823 1208 1857 ipso:
1226 1823 1254 1849 in
1279 1823 1384 1850 nomine
1398 1821 1501 1855 Patris,
1517 1826 1542 1848 et
1557 1820 1636 1852 Filii,
1649 1826 1674 1848 et
1696 1819 1758 1854 Spi-

961 1869 1030 1896 ritus
1045 1869 1132 1896 sancti
1149 1871 1169 1895 ‘.

1039 1957 1154 1985 σωιεὶίίί
1172 1955 1465 1990 Constantinopolitani
1483 1963 1596 1982 canones
1610 1954 1637 1986 1,
1657 1954 1685 1982 5.

1000 2005 1026 2033 1.
1036 2004 1235 2031 Trecenlorum
1249 2002 1343 2030 decem
1358 2007 1385 2030 et
1401 2007 1463 2029 octo
1475 2001 1587 2028 Patrum
1602 2001 1649 2034 qui
1662 2000 1759 2028 Nicmm

963 2052 1152 2077 convenerunt
1171 2048 1250 2075 ﬁdem
1274 2055 1329 2074 non
1355 2047 1493 2082 abrogari,
1523 2045 1572 2074 sed
1599 2046 1706 2072 ﬁrmam
1725 2053 1757 2073 ac

963 2095 1089 2123 stabilem
1103 2101 1214 2122 manere
1228 2097 1366 2128 oportere,
1385 2097 1412 2120 et
1424 2099 1533 2118 omnem
1551 2091 1677 2118 haeresim
1692 2099 1759 2119 ana-

964 2140 1148 2172 thematizari,
1185 2143 1212 2166 et
1223 2138 1379 2172 specialiter
1410 2137 1645 2164 Ennomianorum
1664 2156 1671 2168 ,
1702 2136 1759 2162 sive

964 2188 1168 2219 Anomazorum,
1184 2190 1212 2212 et
1223 2185 1400 2216 Arianorum,
1412 2184 1437 2218 2
1451 2183 1509 2210 sive
1524 2182 1757 2213 Eurloxiauorum,

964 2237 991 2260 ct
1008 2231 1253 2262 Semiariauorum,
1281 2230 1339 2256 sive
1368 2228 1490 2264 Spiritus
1506 2227 1592 2255 sancti
1628 2228 1758 2254 adversa-

965 2278 1081 2307 riorum,
1107 2280 1134 2303 et
1162 2275 1454 2307 Marcelliauorum,et
1477 2273 1716 2304 Pinotinianorum,
1732 2276 1759 2297 «ιι

965 2322 1240 2358 Apollinaristarum.

999 2412 1028 2440 5.
1037 2411 1173 2440 Deiibello
1187 2410 1225 2445 (l)
1240 2408 1468 2443 Occidentalium,
1479 2409 1560 2436 etiam
1575 2416 1622 2436 eos
1635 2407 1758 2442 suscepi-

964 2467 1036 2491 mus,
1048 2458 1094 2493 qui
1109 2456 1263 2485 Antiochiaz
1277 2463 1358 2483 unam
1375 2455 1475 2489 Putris,
1490 2459 1517 2482 et
1533 2454 1595 2482 Filii
1625 2459 1653 2482 et
1670 2453 1758 2489 Spiri-

969 2511 1013 2534 tus
1024 2505 1112 2533 sancti
1123 2504 1252 2531 deitatem
1270 2502 1446 2530 conﬁtentur.

1041 2583 1043 2585 .
1169 2556 1281 2585 Concilii
1298 2556 1422 2590 Ep/tesini
1436 2564 1519 2583 canon
1538 2555 1564 2582 7.

1001 2605 1027 2632 7.
1039 2604 1086 2633 liis
1094 2604 1177 2640 igitur
1185 2603 1325 2638 perlectis,
1336 2603 1431 2630 statuit
1442 2607 1535 2630 sancta
1548 2601 1680 2637 synodus.
1691 2600 1762 2626 alte-

120 2639 229 2689 σύνοδος
253 2656 353 2692 ἑτέραν
367 2655 461 2682 πίστιν
478 2639 577 2691 pilam
602 2639 704 2688 ἐξεῖναι
724 2639 914 2689 προσφέρειν.

970 2658 1028 2679 ram
1045 2639 1127 2679 ﬁdem
1142 2649 1246 2677 nemini
1259 2649 1342 2678 licere
1355 2647 1490 2685 proferre,
1506 2652 1551 2674 aut
1568 2645 1752 2678 conscribere,

158 2745 165 2760 ‘
184 2743 282 2771 Matth.
297 2749 391 2775 xxvul,
408 2741 453 2770 l9.

882 2796 1001 2825 NOTE.

159 2868 196 2903 (ι)
213 2867 403 2896 Delii-titionem
420 2866 540 2903 intelligi:
552 2866 613 2896 ﬁdei
630 2865 746 2895 Nicaena!
763 2865 796 2894 ab
806 2864 943 2903 episcopis
956 2863 1050 2894 Occid.
1065 2863 1186 2893 Sardicze
1197 2863 1345 2896 ﬁrmatam,
1360 2864 1428 2889 teste
1444 2858 1622 2886 Balsamone.
