1960 3076
200 125 253 160 443

783 127 916 160 ΡΗΟΤΙῘ
935 127 1189 162 PATRIARCH/E
1208 132 1262 164 ΟΡ.

1776 131 1828 164 444

200 193 250 216 aut
269 195 444 223 componere.
465 192 563 223 praeter
584 188 724 216 deﬁnitam
740 196 756 217 a
783 187 887 216 sanctis
900 187 987 215 Patri-

1041 188 1123 223 ηγουν
1131 190 1301 224 συγγράφειν
1310 190 1328 226 ἢ
1344 189 1509 223 συντιθέναι,
1518 190 1594 226 παρὰ
1607 190 1656 226 τὴν
1672 190 1830 226 ὁρισθεῖσαν

200 234 253 262 bus
280 233 327 267 qui
350 233 378 261 in
400 232 491 261 Nicaea
510 241 573 262 cum
590 233 691 269 Spiritu
716 238 812 262 sancto
831 233 989 269 congregati

200 279 320 306 luerunt.

342 324 457 352 Com-itii
476 325 694 361 Carthaginensis
712 332 798 352 canon
814 325 842 352 2.

236 371 264 397 ‘2.
282 370 319 397 De
327 370 458 399 Trinitate
470 373 649 407 pradicanda,
669 372 828 400 universum
844 370 991 398 concilium

199 417 291 444 dixit:
312 417 366 446 Deo
382 419 520 454 propitio,
542 419 599 454 pari
618 418 791 454 professione
813 418 880 445 ﬁdes
904 418 992 445 eccle-

200 463 327 496 siastica,
342 471 402 498 qua:
419 471 468 499 per
486 472 535 492 nos
547 464 665 492 traditur
687 465 714 491 in
731 465 783 491 hoc
796 468 869 491 coetu
889 463 989 498 glorio-

201 515 232 535 so
243 528 252 540 ,
267 509 396 543 primitus
412 509 566 537 conﬁtenda
581 514 639 544 est;
658 513 724 537 tunc
737 510 847 537 demum
867 509 934 536 ordo
947 516 991 536 ec-

200 554 371 583 clesiasticus
390 556 561 590 singulorum
584 563 618 583 ex
641 563 777 583 consensu
801 555 924 582 omnium
948 558 991 582 est

200 601 395 629 asservandus.
418 602 460 629 Ad
480 602 699 630 corroborandas
717 607 807 629 autem
826 601 939 628 fratrum
962 606 989 629 et

200 646 424 682 coepiscoporum
439 652 597 675 nostrorum
615 655 704 682 nuper
716 652 901 682 promotorutn
914 655 990 674 men-

201 695 261 724 tes,
286 699 318 718 ea
334 693 510 727 proponenda
532 697 612 724 sunt,
637 699 699 726 quae
723 699 737 719 a
762 691 890 719 Patribus
915 697 990 718 certa

200 737 382 772 dispositione
396 739 563 773 accepimus,
576 743 606 766 ut
620 737 764 765 Trinitatis
777 756 785 768 .
796 745 876 772 quam
888 737 990 764 nostris

202 783 230 810 in
244 784 372 812 sensibus
386 789 572 812 consecratam
587 785 747 816 retinemus,
764 783 863 816 Patris,
879 787 906 810 et
917 782 987 814 Filii,

202 834 230 856 et
250 828 369 864 Spiritus
383 830 471 858 sancti
491 831 643 862 unitatem,
667 837 728 865 quae
744 829 846 856 nullam
866 829 990 857 noscitur

201 874 302 902 habere
315 875 493 903 differentiam
505 896 512 908 ,
530 876 611 904 sicuti
627 876 789 907 didicimus.
815 875 851 902 ita
874 876 919 902 Dei
937 883 986 909 po-

202 920 281 954 pulos
315 921 496 948 instruamus.
532 920 597 947 ltem
626 920 660 947 ab
688 920 823 947 universis
850 920 1005 954 episcopis.

203 972 290 999 nuper
302 965 435 1000 promotis
450 965 551 993 dictum
572 969 614 993 est
629 974 636 992 :
658 964 742 992 Plane
757 965 797 992 sic
814 964 986 998 accepimus,

201 1008 242 1036 sic
258 1013 382 1037 tenemus
395 1028 403 1041 ,
420 1010 460 1036 sic
470 1009 617 1040 docemus,
635 1009 713 1036 ﬁdem
726 1008 909 1044 evangelicam
924 1015 986 1035 cum

201 1057 291 1082 vestra
307 1053 430 1081 doctrina
445 1057 600 1088 sequentes.

271 1153 384 1182 Concilit‘
408 1154 560 1181 mcumem’ci
583 1161 608 1180 vt
632 1161 743 1180 canones
759 1153 768 1179 1
782 1173 789 1185 ,
805 1153 855 1186 73,
872 1152 916 1180 81.

238 1200 263 1226 1.
279 1199 353 1227 Ordo
363 1204 404 1227 est
417 1200 537 1234 optimus
546 1199 582 1231 ei,
591 1199 638 1234 qui
645 1205 753 1226 omnem
766 1199 917 1226 orationem
925 1203 952 1227 et
961 1199 987 1235 3

202 1253 259 1272 rem
273 1245 377 1279 incipit.
389 1249 416 1272 et
428 1253 443 1272 a
460 1245 516 1272 Deo
534 1245 692 1279 incipere,et
707 1245 734 1271 in
753 1245 836 1272 Deum
852 1245 985 1278 desinere,

203 1289 308 1317 utdicit
320 1289 487 1325 Theologus.
505 1289 639 1322 Quocirca
659 1297 721 1317 cum
735 1294 763 1317 et
782 1290 868 1324 pietas
882 1297 897 1316 a
909 1291 988 1318 nobis

201 1336 276 1363 clare
302 1336 474 1371 praedicetur,
493 1339 520 1363 et
536 1335 668 1369 Ecclesia,
683 1335 710 1363 in
727 1343 780 1371 qua
802 1336 928 1363 Christus
945 1341 989 1363 est

203 1381 423 1414 fundamentum,
447 1382 557 1410 assidue
576 1386 720 1417 augeatur,
735 1389 768 1409 ac
784 1387 987 1416 promoventur,
1011 1378 1013 1380 ’

203 1431 233 1454 ut
249 1435 279 1455 ea
295 1435 377 1462 supra
394 1428 492 1455 cedros
515 1427 612 1455 Libani
635 1428 782 1455 extollatur
799 1437 805 1456 :
823 1432 851 1455 et
859 1435 931 1455 nunc
945 1435 989 1455 sa-
1007 1431 1010 1432 '

202 1481 264 1501 eros
274 1481 393 1502 canones
402 1474 550 1506 ordientes,
564 1474 710 1502 statuimus
720 1473 799 1501 iidem
812 1482 827 1501 a
839 1473 922 1501 Verbi
937 1475 990 1501 mi.
1013 1476 1015 1481 ‘

1044 235 1119 270 παρὰ
1143 235 1198 262 τῶν
1228 237 1314 270 ἁγίων
1347 236 1477 271 Πατὲρων
1500 236 1554 263 τῶν
1582 237 1611 263 ὲν
1644 238 1677 272 τῇ
1704 237 1830 264 Νικαέων

1043 280 1230 316 συναχθέντων
1255 282 1304 308 σὺν
1316 281 1386 316 ἁγίῳ
1398 281 1547 316 Πνεύματι.

1165 327 1300 354 Συνόδου
1324 326 1532 361 Καρθαγέννης
1552 326 1652 353 κανὼν
1666 325 1707 359 β’.

1077 371 1110 406 β’.
1121 373 1190 407 Περὶ
1203 372 1369 406 κηρυκι-ἔας
1384 372 1439 406 τῆς
1451 373 1537 406 ἁγίας
1555 372 1684 406 Τριάδος,
1698 371 1828 406 σύμπασα

1040 418 1058 454 ἡ
1077 417 1184 449 σύνοδος
1196 416 1284 444 εἶπεν·
1300 418 1429 449 Θέλοντος
1447 417 1494 444 τοῦ
1517 417 1596 450 Θεοῦ,
1611 418 1655 453 fon
1670 417 1798 452 ὁμολογίᾳ
1811 418 1828 452 ὴ

1041 463 1256 499 ἐκκλησιαστικὴ
1280 463 1370 494 πίστις
1397 464 1413 499 ἡ
1431 463 1465 490 δι’
1478 463 1557 499 ἡμῶν
1581 463 1782 498 παραδιδομένη
1799 463 1828 489 ἐν

1039 510 1126 546 ταύτῃ
1141 511 1174 544 τῇ
1187 509 1283 543 ἐνδόξῳ
1293 509 1448 536 συνελεύσει
1459 508 1645 544 πρωτοτὺπως
1660 508 1828 544 ὀμολογητέα

1041 552 1110 580 ἐστί.
1140 553 1313 584 Βιϐαιωτέας
1344 553 1373 580 δέ
1403 553 1453 584 τὰς
1476 553 1530 579 τῶν
1545 552 1668 587 ἀδελφῶν
1695 554 1742 580 καὶ
1767 562 1829 580 συν-

1041 598 1197 625 επισκόπων
1209 599 1298 634 ἡμῶν.
1311 598 1364 625 τῶν
1379 598 1493 633 ἔναγχος
1509 599 1751 633 χειροτονηθέντων
1769 600 1828 626 δια-

1040 644 1113 675 νοίας
1129 652 1137 659 ⁸
1155 644 1241 671 ταῦτα
1252 644 1292 670 δεῖ
1305 644 1465 679 προσθεῖναι
1479 644 1497 671 ἃ
1515 645 1590 679 παρὰ
1615 644 1670 671 τῶν
1698 645 1828 679 Πατέρων

1041 689 1138 725 βεϐαίᾳ
1151 690 1317 716 διατυπώσει
1335 689 1538 725 παρελάϐομεν,
1556 689 1626 716 ὥστε
1638 690 1687 723 τῆς
1701 690 1827 724 Τριάδος,

1039 735 1161 762 τουτέστι
1184 735 1232 762 τοῦ
1255 736 1372 771 Πατρδς,
1398 735 1446 762 καὶ
1464 735 1512 762 τοῦ
1530 735 1607 768 Υίοῢ,
1623 735 1669 762 ml.
1686 735 1732 762 τοῦ
1750 735 1828 769 ἁγίου

1040 781 1197 815 Πνεύματος
1209 782 1259 816 τὴν
1270 782 1448 816 ἐνότητα,τὴν
1462 781 1595 817 μηδεμίαν
1609 781 1681 816 ἔχειν
1697 781 1828 816 διαφορὰν

1045 827 1251 862 γινωσκομένην
1265 835 1273 843 ·
1291 828 1324 862 ἥν
1340 828 1399 859 ταῖς
1415 828 1564 862 ἡμετέραις
1584 827 1714 858 διανοίαις
1727 827 1828 860 ἐγκαθ-

1041 872 1200 907 ιερωθεῖσαν
1216 873 1367 908 κατέχομεν
1385 882 1392 888 ·
1409 873 1458 899 καὶ
1478 872 1572 904 καθὼς
1597 872 1746 907 ἐμάθομεν,
1757 871 1828 898 οὕτω

1036 919 1101 950 τοὺς
1114 918 1195 950 λαοὺς
1203 918 1251 945 τοῦ
1266 918 1334 944 Θεοῦ
1348 918 1508 952 διδάξωμεν.
1526 917 1642 952 Ὁμοίως
1655 917 1710 944 ἀπὸ
1721 918 1829 944 πάντων

1036 963 1090 990 τῶν
1108 964 1266 990 ἐπισκόπων
1286 963 1340 990 τῶν
1360 963 1475 998 ἔναγχος
1498 963 1702 998 προαχθέντων,
1728 962 1827 997 ἐλέχθη

1038 1009 1164 1044 φανερῶς
1177 1017 1184 1023 ·
1203 1008 1296 1039 Οὕτως
1311 1008 1456 1043 δεχόμεθα,
1466 1008 1552 1040 οὕτως
1567 1008 1729 1043 κατέχομεν,
1743 1007 1829 1040 οὕτως

1037 1054 1210 1089 διδάσκομεν,
1224 1056 1257 1090 τῇ
1264 1054 1354 1082 πίστει
1365 1056 1399 1091 τῇ
1412 1055 1580 1091 εὑαγγελικῇ
1595 1055 1653 1091 ἃμα
1666 1056 1699 1090 τῇ
1708 1055 1829 1090 ὑμετέρᾳ

1036 1101 1197 1137 διδασκαλίᾳ
1217 1102 1356 1137 ἑπόμενοι.

1072 1158 1208 1186 Συνόδου
1221 1158 1433 1193 οίκουμενικῆς
1450 1161 1487 1191 ς’,
1501 1157 1601 1185 κανὼν
1616 1161 1652 1191 a',
1668 1157 1720 1193 o7",
1732 1157 1791 1185 ad.

1073 1207 1108 1232 α’.
1126 1204 1209 1236 Τάξις
1229 1204 1328 1239 ἀρίστη
1344 1203 1443 1235 παντὸς
1458 1203 1609 1239 ἀρχομένου
1626 1203 1672 1230 καὶ
1685 1203 1763 1238 λόγου
1782 1203 1829 1230 καὶ

1038 1250 1211 1285 πράγματος,
1229 1250 1261 1276 ἐκ
1277 1249 1346 1277 Θεοῦ
1362 1259 1391 1277 τε
1403 1250 1534 1285 ἄρχεσθαι
1551 1251 1599 1276 καὶ
1616 1250 1656 1281 είς
1671 1249 1737 1276 Θεὸν
1762 1250 1828 1277 ἀνα-

1038 1295 1182 1326 παύεσθαι,
1196 1296 1268 1322 κατὰ
1283 1296 1333 1331 τὴν
1349 1296 1473 1328 θεολόγον
1489 1297 1581 1331 φωνήν
1596 1305 1602 1311 ·
1621 1295 1682 1323 ὅθεν
1711 1296 1759 1322 καὶ
1780 1296 1828 1331 τῆς

1038 1341 1178 1374 εὐσεϐείας
1197 1341 1245 1376 ὑφ’
1257 1341 1336 1377 ἡμῶν
1355 1341 1404 1377 ἤδη
1428 1342 1596 1376 διαπρυσίως
1613 1342 1827 1377 κηρυττομένης,

1038 1387 1085 1414 καὶ
1107 1387 1159 1422 τῆς
1193 1386 1358 1422 Ἐκκλησίας
1382 1384 1457 1424 ἐφ’ᾖ
1480 1387 1597 1422 Χριστὸς
1621 1387 1827 1422 τεοεμελίωται,

1037 1432 1168 1468 διηνεκῶς
1178 1433 1347 1467 αὐξανούσης
1363 1433 1412 1459 καὶ
1424 1432 1647 1468 προκοπτούσης,
1664 1433 1702 1465 ὼς
1714 1433 1768 1459 τῶν
1782 1433 1829 1460 τοῠ

1038 1478 1156 1506 Λιϐάνου
1181 1479 1284 1512 κέδρων
1299 1478 1401 1513 ταύτην
1428 1478 1672 1513 ὑπερεκτείνεσθαι
1685 1486 1692 1493 ·
1718 1478 1765 1504 καὶ
1781 1478 1829 1504 νῦν

203 1518 307 1549 ηἰειι·ῖε.
325 1519 427 1553 quique
457 1519 545 1553 ipsum
565 1519 623 1546 suis
644 1519 731 1546 oculis
762 1519 899 1550 viderunt,
931 1525 958 1547 et
974 1527 988 1546 a

1041 1524 1128 1559 ἀρχὴν
1152 1524 1206 1551 τῶν
1224 1524 1305 1559 ἱερῶν
1338 1524 1496 1558 ποιούμενοι
1523 1523 1620 1557 λόγων,
1649 1523 1740 1559 χάριτι
1770 1523 1830 1560 θείᾳ

203 1566 259 1592 Deo
270 1565 347 1592 electi
364 1569 437 1597 sunt,
452 1565 584 1600 apostolis
609 1564 747 1597 traditam,
763 1565 830 1592 citra
846 1564 929 1591 ullam
943 1565 988 1592 iu-

202 1612 375 1639 novationem
388 1611 651 1646 immutabiliterque
673 1619 705 1639 ac
723 1611 915 1638 inviolabiliter
926 1619 988 1639 esse

202 1657 377 1685 servandam.
393 1657 528 1685 Praeterea
544 1662 635 1684 autem
652 1662 679 1684 et
696 1662 878 1684 trecentorum
894 1658 988 1685 decem

201 1709 230 1731 ct
243 1708 307 1731 octo
321 1708 478 1731 sanctorum
492 1703 603 1730 Patrum
618 1704 664 1738 qui
683 1703 780 1730 Nicaeae
801 1709 990 1732 convenerunt

202 1751 254 1778 sub
267 1750 456 1783 Constantino,
475 1750 520 1783 qui
541 1750 592 1777 fuit
607 1755 699 1777 noster
714 1750 875 1784 imperator,
893 1750 989 1777 adver-

203 1803 250 1823 sus
262 1795 374 1830 impium
383 1795 489 1827 Arium,
498 1795 659 1830 etgeutilem
670 1795 706 1822 ab
716 1802 749 1821 co
760 1795 988 1829 dogmatizantem

202 1840 312 1868 deitatis
328 1841 524 1872 diversitatem,
540 1841 581 1867 vel
599 1841 710 1867 deorum
730 1840 834 1874 potius,
854 1844 884 1867 ut
898 1840 989 1875 aptius

203 1887 303 1918 dicam,
337 1886 537 1914 multitudinem
562 1895 569 1914 :
594 1886 640 1920 qui
671 1886 750 1913 nobis
775 1886 896 1913 unanimi
928 1887 989 1913 ﬁdei

203 1931 341 1967 agnitione
370 1931 697 1963 consubstantialitatem,
728 1931 757 1958 in
780 1931 868 1959 tribus
891 1932 990 1959 divinis

203 1983 308 2006 natura
320 1977 534 2006 consistentibus
551 1977 687 2012 personis,
705 1981 733 2004 et
751 1977 951 2008 revelaverunt,
963 1982 991 2005 et

201 2024 386 2057 declararunt,
396 2024 466 2051 hanc
474 2024 526 2052 sub
533 2024 692 2058 ignorantiae
703 2023 796 2050 modio
802 2025 988 2051 absconditam

201 2077 263 2098 esse
278 2077 332 2097 non
347 2070 539 2103 sinentes;sed
555 2069 674 2101 Patrem.
689 2073 717 2097 et
736 2068 846 2102 Filium,
862 2074 890 2096 et
902 2069 988 2104 Spirio

201 2119 258 2143 tum
272 2120 396 2143 sanctum
411 2123 465 2142 una
480 2115 639 2142 adoratiouc
655 2115 748 2142 ﬁdeles
765 2115 881 2142 adorare
897 2120 990 2150 aperte

201 2162 348 2196 docentes;
365 2165 393 2189 et
409 2161 444 2189 ab
464 2161 600 2189 haereticis
624 2169 658 2189 ex
675 2169 757 2189 arena
770 2166 927 2190 constructa
939 2163 988 2190 ad-

1038 1569 1166 1606 ὁρίζομεν
1177 1569 1379 1604 ἀκαινοτόμητά
1389 1569 1472 1595 τεκαὶ
1483 1569 1668 1604 ἀπαράτρωτα
1685 1569 1830 1603 φυλάττειν

1039 1616 1088 1652 τὴν
1103 1615 1301 1651 παραδοθεῖσαν
1314 1615 1405 1642 πίστιν
1424 1615 1489 1650 ἡμῖν
1505 1614 1558 1641 ὑπό
1574 1623 1603 1640 τε
1620 1614 1674 1641 τῶν
1685 1614 1829 1641 αὐτοπτῶν

1040 1663 1087 1689 καὶ
1101 1662 1246 1698 ὑπηρετῶν
1257 1661 1304 1688 τοῦ
1321 1661 1417 1695 Λόγου,
1430 1661 1485 1688 τῶν
1497 1661 1646 1696 θεοκρίτων
1660 1661 1829 1693 ἀποστόλων,

1039 1708 1079 1735 ἔτι
1090 1708 1118 1735 δὲ
1136 1708 1183 1735 καὶ
1194 1708 1248 1734 τῶν
1257 1706 1309 1742 τιη¹
1323 1707 1408 1741 ἁγίων
1417 1707 1463 1733 καὶ
1479 1706 1622 1742 μακαρίων
1638 1706 1766 1741 Πατέρων
1776 1707 1830 1733 τῶν

1041 1755 1069 1780 ἐν
1085 1754 1187 1788 Νικαίᾳ
1200 1753 1390 1786 συνελθόντων,
1407 1753 1453 1779 ἐπὶ
1474 1752 1680 1779 Κωνσταντίνου
1693 1753 1739 1779 τοῦ
1754 1761 1831 1786 γενο-

1041 1799 1122 1834 μένου
1132 1799 1211 1834 ἡμῶν
1224 1798 1365 1834 βασιλέως,
1379 1797 1451 1824 κατὰ
1472 1798 1578 1833 Ἀρείου
1595 1797 1642 1824 τοῦ
1670 1797 1829 1830 δυσσεϐοῦς,

1039 1845 1148 1880 καὶτῆς
1161 1845 1225 1879 παρ’
1242 1844 1324 1871 αὐτοῦ
1343 1844 1573 1879 δογματισοείσης
1599 1844 1710 1879 ἐθνικῆς
1736 1844 1830 1880 ἑτερο-

1040 1889 1152 1924 θεΐας,ἢ
1168 1889 1312 1921 πολυθεῖας
1327 1890 1414 1916 εἰπεῖν
1427 1889 1601 1924 οἰκειότερον,
1617 1889 1643 1915 οἳ
1659 1890 1692 1925 τῇ
1707 1891 1831 1924 ὁμογνω-

1041 1934 1144 1969 μοσύνῃ
1157 1934 1207 1969 τῆς
1227 1934 1354 1966 πίστεως,
1380 1934 1410 1960 τὸ
1435 1933 1577 1968 δμοούσιον
1605 1935 1672 1969 ἡμῖν
1703 1934 1749 1960 ἐπὶ
1777 1934 1831 1961 τῶν

1038 1979 1124 2013 τριῶν
1137 1979 1186 2013 τῆς
1201 1979 1351 2014 θεαρχικῆς
1377 1978 1485 2013 φύσεως
1512 1978 1697 2010 ὕποστάσεων,
1724 1979 1830 2005 ἀπεκά-

1039 2024 1126 2060 λυψαν
1147 2033 1177 2052 τε
1198 2025 1245 2052 καὶ
1262 2025 1446 2060 διετράνωσαν
1463 2033 1470 2040 ·
1497 2025 1534 2061 μὴ
1561 2025 1764 2060 ὲπικεκρύφθαι
1791 2025 1831 2060 τῷ
1881 2029 1884 2035 ‘

1041 2071 1124 2106 μοδίῳ
1132 2072 1181 2106 τῆς
1190 2071 1326 2105 ἀγνωσίας
1337 2071 1416 2098 τοῦτο
1429 2072 1690 2107 παραχωρήσαντες,
1701 2071 1769 2098 ἀλλὰ
1784 2072 1830 2098 τὸν

1039 2116 1162 2152 Πατέρα,
1175 2116 1224 2143 καὶ
1238 2117 1285 2143 τὸν
1309 2116 1383 2149 Υἱὸν,
1398 2117 1446 2144 καὶ
1461 2117 1492 2143 τὸ
1514 2117 1592 2151 ἅγιον
1609 2117 1730 2153 Πνεῦμα,
1747 2126 1832 2154 προσ-

1039 2163 1132 2189 κυνεῖν
1148 2163 1198 2198 μιᾷ
1219 2163 1421 2197 προσκυνήσει,
1444 2163 1507 2194 τοὺς
1538 2163 1652 2194 πιστοὺς
1679 2163 1831 2198 ἀναφανδὸν

201 2215 297 2236 versus
307 2212 409 2236 rectam
423 2208 580 2243 opinionem
596 2208 711 2242 puerilia
726 2207 842 2236 ludibria
856 2209 989 2244 dejicien-

1041 2208 1240 2241 ἐκδιδάξαντες,
1270 2208 1317 2235 καὶ
1336 2210 1385 2244 τήν
1400 2217 1429 2235 τε
1443 2209 1500 2235 τῶν
1516 2209 1616 2235 ἀνίσων
1642 2209 1756 2244 βαθμῶν
1780 2211 1830 2245 τῆς

201 2258 242 2282 tce
265 2259 293 2282 et
322 2255 522 2283 subvertentes.
553 2255 687 2282 Similiter
715 2259 742 2283 et
765 2263 837 2288 eam,
857 2263 919 2291 quae
938 2256 990 2284 sub

201 2301 355 2331 Theodosio
369 2301 483 2335 majore,
500 2301 547 2336 qui
560 2301 611 2329 fuit
625 2302 884 2337 nosterimperator,
896 2310 910 2329 ε
923 2310 989 2330 cen-

201 2351 258 2374 tum
278 2347 475 2383 quinquaginta
487 2348 589 2375 sanctis
602 2347 740 2382 Patribus,
755 2349 801 2383 qui
820 2348 847 2375 in
860 2349 913 2376 ltac
922 2349 990 2376 urbe

202 2393 352 2428 imperante
367 2398 564 2424 convenerunt,
588 2393 736 2428 praedicata
753 2398 805 2428 est,
825 2395 904 2421 ﬁdem
923 2403 990 2422 con-

202 2439 358 2471 lirmamus,
370 2439 403 2466 de
425 2439 527 2474 Spiritu
550 2444 646 2467 sancto
660 2447 741 2468 vocas
756 2448 816 2474 qum
827 2447 888 2467 eum
902 2441 987 2468 Deum

201 2492 262 2513 csse
286 2489 418 2515 statuunt.
435 2485 641 2519 amplectentes,
655 2489 682 2512 et
702 2486 846 2520 profanum
864 2485 989 2514 Macedo-

202 2531 277 2558 nium
293 2538 346 2557 ttna
361 2538 423 2558 cum
440 2530 580 2565 prioribus
591 2531 714 2558 veritatis
726 2532 844 2559 inimicis
852 2533 989 2566 expellen-

203 2581 261 2610 tes;
274 2581 305 2604 ut
315 2577 360 2612 qui
372 2585 435 2605 eum
460 2577 507 2612 qui
519 2577 685 2609 dominatur,
696 2585 805 2605 servum
817 2586 878 2606 esse
892 2579 988 2606 decer-

201 2631 266 2651 nere
281 2631 366 2651 ausus
391 2623 444 2656 sit;
469 2628 497 2651 et.
520 2624 671 2651 insectilem
690 2624 821 2651 unitatem
844 2632 939 2652 secare
961 2625 989 2661 ᾖ,

202 2669 338 2705 praedonis
349 2674 423 2697 more
436 2669 563 2702 voluerit,
576 2674 667 2696 utnon
679 2674 751 2697 esset
762 2669 913 2704 perfectum
926 2670 988 2697 ﬁdei

203 2715 248 2751 [Ο.
268 2715 337 2752 spei]
367 2721 468 2743 nostrae
485 2716 644 2751 mysterium
661 2725 668 2742 :
682 2723 736 2744 una
760 2716 841 2743 etiam
855 2723 917 2743 cum
934 2717 989 2743 isto

204 2763 298 2790 odioso
316 2770 347 2790 ac
375 2762 545 2794 detestabili,
569 2762 671 2796 quique
690 2762 820 2789 adversus
846 2762 988 2790 veritatem

203 2808 255 2835 fuit
268 2809 343 2836 rabie
376 2809 512 2844 percitus,
547 2808 630 2835 etiam
654 2808 838 2842 Apollinarem
865 2808 989 2843 ejusdem

203 2854 354 2890 iniquitatis
370 2859 477 2891 mystcn
504 2862 558 2882 una
583 2855 796 2883 coudcmuantcs
812 2864 818 2882 :
835 2856 882 2889 qui
900 2855 991 2883 Domi-

1039 2256 1167 2291 θεότητος
1180 2255 1267 2288 δόξαν,
1283 2255 1444 2287 καθελόντες
1457 2255 1505 2282 καὶ
1520 2255 1720 2287 διασπάσαντες
1730 2263 1737 2271 ·
1751 2256 1786 2282 τά
1801 2264 1831 2282 τε

1039 2303 1092 2330 ὑπὸ
1104 2303 1159 2329 τῶν
1181 2302 1327 2338 αίρετικῶν
1345 2302 1481 2329 συστάντα
1499 2302 1531 2327 ὲκ
1549 2301 1663 2337 ψάμμου
1685 2302 1754 2328 κατὰ
1780 2302 1831 2337 τῆς

1038 2347 1193 2383 ὸρθοδόξίας
1206 2347 1375 2383 μειρακιώδη
1396 2347 1553 2382 ἀθύρματα,
1573 2347 1772 2379 καταϐαλόντες
1783 2350 1831 2374 καὶ

1039 2394 1250 2430 ἀνατρέψαντες.
1267 2393 1407 2425 Ὡσαύτως
1420 2393 1448 2419 δὲ
1457 2393 1503 2419 καὶ
1517 2394 1568 2428 τὴν
1581 2394 1627 2420 ἐπὶ
1649 2394 1695 2420 τοῦ
1711 2393 1830 2428 μεγάλου

1038 2440 1178 2467 Θεοδοσίου
1196 2439 1245 2466 τοῦ
1259 2439 1407 2473 γενομένου
1425 2439 1505 2473 ἡμῶν
1530 2439 1673 2474 βασιλέως,
1700 2439 1753 2465 ὑπὸ
1775 2439 1831 2465 τῶν

1039 2487 1068 2513 ὲν
1080 2485 1166 2521 ταύτῃ
1182 2485 1297 2520 βασιλίδι
1313 2484 1389 2511 πόλει
1408 2484 1595 2519 συναχθέντων
1611 2483 1649 2520 ρν¹
1673 2484 1761 2518 ἁγίων
1775 2485 1831 2511 Πα-

1038 2532 1125 2567 τέρων
1151 2531 1336 2566 κηρυχθείσαν
1365 2530 1467 2562 πίστιν,
1495 2530 1685 2565 κρατύνομεν”
1701 2530 1750 2561 τὰς
1771 2530 1831 2556 οεο-

1039 2577 1136 2612 λόγους
1147 2577 1212 2611 περὶ
1230 2575 1278 2603 τοῦ
1304 2577 1384 2610 ἁγίου
1410 2576 1568 2611 ΙΙνεύματος
1597 2576 1689 2610 φωνὰς
1711 2576 1831 2607 ἀσπαζό-

1043 2631 1129 2658 μενοι.
1155 2623 1203 2649 καὶ
1223 2622 1268 2648 τὸν
1293 2622 1405 2656 βέϐηλον
1434 2622 1599 2649 Μακεδόνιον
1613 2622 1669 2653 τοῖς
1688 2622 1832 2657 προτέροις

1041 2669 1148 2704 ἐχθροῖς
1163 2669 1213 2703 τῆς
1228 2669 1356 2703 ἀληθείας
1369 2667 1608 2700 συνεξελαύνοντες
1618 2687 1626 2700 ,
1643 2667 1681 2699 ὡς
1695 2667 1789 2694 δοῦλον
1802 2668 1833 2694 τὸ

1041 2715 1170 2748 δεσπόζον
1187 2715 1312 2747 αὐθαδῶς
1331 2715 1441 2748 δοξάσαι
1453 2714 1639 2749 τολμήσαντα,
1666 2716 1713 2741 καὶ
1739 2714 1832 2749 σχίσαι

1041 2762 1090 2797 τὴν
1109 2761 1231 2797 ἄτμητον
1247 2761 1352 2796 Τριάδα
1364 2761 1520 2796 λῃστρικῶς
1536 2760 1732 2796 προελόμενον·
1747 2760 1786 2792 ὡς
1799 2760 1834 2787 ἂν

1044 2810 1081 2844 μὴ
1096 2808 1202 2840 ἐντελὲς
1215 2808 1280 2843 ἡμῖν
1298 2807 1329 2834 τὺ
1339 2808 1388 2842 τῆς
1410 2807 1517 2838 ἐλπίδος
1539 2807 1581 2842 εἴη
1605 2807 1756 2842 μυστήριον
1770 2813 1778 2819 ·
1793 2806 1833 2839 mp

1044 2854 1163 2891 βδελυρῷ
1184 2853 1271 2890 τούτῳ
1287 2855 1334 2882 καὶ
1349 2852 1422 2881 κατὰ
1435 2852 1486 2888 τῆς
1507 2853 1637 2888 ἀληθείας
1658 2852 1835 2887 λυιτήσαντι,
