1960 3076
146 133 192 165 445

593 130 796 167 ΒΥΝΤᾹΕΜΔ
809 131 1005 163 CANONUM.
1015 131 1124 164 —T[T-
1142 133 1166 168 Ι,
1182 133 1262 163 CAP.
1276 133 1302 163 Ι.

1707 134 1762 168 ιιδ

145 188 186 214 καὶ
206 183 394 220 ’Δπολινάριον
414 183 462 212 τὸν
481 185 532 220 τῆς
545 185 646 217 κακίας
661 187 768 222 μύστην
783 189 920 220 συγκατα-

974 193 1040 213 ηυηι
1072 193 1173 221 corpus
1209 190 1300 214 mente
1334 190 1361 213 et
1391 185 1485 214 anima
1526 193 1581 213 non
1618 185 1762 221 pmditum

146 232 285 270 κρίνοντες,
307 231 336 263 ὃς
355 230 436 258 ἄνουν
461 230 508 257 τδν
522 230 626 265 Κύριον
641 231 817 267 ἀνειληφέναι
832 231 923 266 σῶμα,

145 277 272 309 δυσσεϐῶς
305 276 481 312 ὲξηρεύξατο.
516 276 656 304 Ἐντεῦθεν
682 277 730 304 καὶ
754 274 833 309 οὗτος
858 278 926 313 ἡμῖν

146 324 219 360 ἁτελῆ
234 324 285 359 τὴν
295 323 435 359 σωτηρίαν
450 322 577 358 γενέσθαι
597 323 821 360 συλλογιζόμενος
832 332 840 340 ⁸
858 324 927 351 ἀλλά

145 370 191 407 μὴν
204 371 250 398 καὶ
261 370 298 397 τὰ
309 370 386 406 παρὰ
399 369 454 396 τῶν
466 370 496 396 ὲν
504 371 538 405 τῇ
555 369 688 404 Ἐφεσίων
707 370 784 397 πόλει
803 369 835 396 τδ
859 369 926 406 πρό-

142 425 211 451 τερον
233 416 433 452 συναχθέντων,
456 416 505 443 ἐπὶ
520 416 660 443 Θεοδοσίου
672 416 719 444 τοῦ
738 416 797 444 υἱοῦ
825 416 925 452 ’Δρκα-

141 463 202 495 δίου,
215 463 362 498 γενομένου
379 462 458 498 ἡμῶν
470 462 613 496 βασιλέως,
627 462 772 490 διακοσίων
787 462 926 498 θεοφόρων

142 508 263 543 Πατέρων
273 507 422 535 ἐκτεθέντα
440 507 602 543 διδάγματα,
627 508 665 540 ὡς
685 508 787 543 κράτος
803 508 926 543 ἀρῤαγὲς

140 554 185 588 τῆς
195 553 336 585 εὐσεϐείας
351 553 598 589 ὲπισφραγίζομεν,
611 553 660 580 ἕνα
676 553 796 588 Χριστὸν
806 553 852 580 τὸν
861 553 925 580 Υίὸν

140 599 183 626 τοῦ
205 598 272 626 Θεοῦ
303 599 351 625 καὶ
375 598 553 633 σαρκωθέντσ.
580 599 761 634 κηρύττοντες
775 607 783 615 ·
809 599 856 626 καὶ
874 599 925 635 τὴν

139 645 215 672 αὑτὸν
239 645 371 680 ἀσπόρως
392 644 528 671 τεκοῦσαν
552 645 687 680 ἄχραντον
705 645 749 671 ἀεὶ
773 644 924 679 Παρθένον,

139 691 236 726 κυρίως
249 691 297 718 καὶ
311 690 384 718 κατὰ
396 690 536 725 ἀλήθειαν,
549 690 684 718 Θεοτόκον
695 690 862 723 δοξάζοντες·
877 690 926 717 καὶ

138 736 294 772 τὴνληρώδη
306 736 355 763 τοῦ
368 735 518 771 Νεότορίου
527 736 672 771 διαίρεσιν,
680 736 718 768 ὡς
729 736 925 772 ἀπῳκισμένην

138 782 207 814 θείας
224 782 321 818 μοίρας
350 782 548 813 ἀποδιώκοντες
562 801 570 814 ,
597 781 741 817 ἄνθρωπον
761 781 864 814 ίδικῶς,
878 781 925 808 καὶ

136 828 199 855 θεὸν
212 828 313 860 ίδικῶς,
322 828 369 855 τὸν
375 828 420 854 ἕνα
437 828 557 863 Χριστὸν
571 827 797 863 δογματίζοντος,
813 827 861 855 καὶ
874 827 924 863 τὴν

144 874 290 909 Ἰουδαῖκὴν
301 873 479 905 ἀνανεοῦντος
492 873 651 901 δυσσέϐειαν
663 882 670 890 ·
683 874 713 901 οὺ
729 874 783 910 μὴν
796 873 865 901 ἀλλά
876 874 924 901 καὶ

135 920 182 956 τὴν
193 921 223 947 ἐν
234 919 430 955 Χαλκηδονίων
443 919 609 955 μητροπόλει
623 919 671 947 ἐπὶ
689 919 862 955 Μαρκιανοῦ,
877 920 924 947 καὶ

135 965 216 992 αὑτοῦ
231 966 377 1000 γενομένου
394 965 473 1001 ἡμῶν
489 965 632 1000 βασιλέως,
656 965 710 992 τῶν
725 965 764 1000 χλ¹
776 965 924 1001 θεοκρίτων

136 1012 262 1047 Πατέρων
278 1012 549 1048 στηλογραφηθεῖσαν
560 1012 816 1048 πίστιν,ὀρθοδόξως
827 1014 924 1040 ἐπικυ-

135 1059 253 1094 ροῦμεν·
279 1059 340 1094 ἥτις
361 1058 408 1085 τὸν
432 1058 480 1086 ἕνα
509 1059 628 1094 Χριστὸν
644 1058 690 1086 τὸν
710 1059 774 1085 Υίὺν
785 1059 831 1086 τοῦ
843 1058 922 1092 Θεοῦ,

133 1105 165 1130 ὲκ
192 1104 240 1130 δύο
266 1103 428 1130 συντεθέντα
457 1103 512 1130 τῶν
536 1104 656 1138 φύσεων,
685 1105 733 1131 καὶ
759 1105 789 1131 ὲν
800 1104 848 1131 δύο
862 1106 923 1137 ταῖς

133 1150 227 1180 αὐταῖς
235 1147 416 1184 δοξαζόμενον
424 1148 533 1183 φύσεσι,
548 1149 749 1184 μεγαλοφώνως
759 1152 816 1182 τοῖς
823 1150 922 1186 πέρασι

133 1196 323 1231 παραδέδωκε·
349 1196 398 1223 καὶ
423 1196 548 1232 Εὑτυχέα
573 1197 620 1224 τὸν
652 1198 858 1233 ματαιόφρονα,
877 1198 923 1226 τὸν

132 1244 240 1279 δοκήσει
266 1243 299 1270 τὸ
331 1243 403 1279 μέγα
428 1243 480 1278 τῆς
504 1244 661 1279 οἰκονομίας
695 1245 846 1280 μυστήριον
879 1253 923 1271 τε-

131 1289 260 1325 λεσθῆναι
299 1290 522 1325 ἀποφηνάμενον,
547 1291 585 1322 ὡς
613 1291 800 1326 ἀποτρόπαιον
820 1300 846 1318 τι
875 1292 923 1318 καὶ

133 1336 254 1371 μίασμα,
268 1335 324 1362 τῶν
347 1337 429 1372 ιερῶν
449 1336 500 1371 τῆς
521 1336 684 1372 Ἐκκλησίας
700 1337 851 1373 περιϐόλων
869 1338 923 1364 ἀπ-

130 1383 213 1418 ήλασε
224 1390 231 1397 ο
247 1383 296 1409 σὺν
311 1383 385 1418 αὺτῷ
395 1382 424 1409 δὲ
439 1383 485 1410 καὶ
497 1383 645 1418 Νεστόριον
657 1383 703 1410 καὶ
714 1383 868 1418 Διόσκορον,
876 1383 922 1410 τὸν

131 1428 181 1462 μὲν
196 1427 247 1462 τῆς
275 1428 451 1464 διαιρέσεως,
479 1429 525 1455 τὸν
547 1429 575 1456 δὲ
600 1429 650 1464 τῆς
676 1428 845 1464 συγχύσεως,
869 1429 921 1456 ὑπ-

129 1474 300 1510 ερασπιστήν
314 1482 343 1500 τε
357 1474 405 1500 καὶ
414 1475 572 1510 πρόμαχον,
584 1475 647 1506 τοὺς
660 1475 692 1502 ὲκ
705 1475 852 1510 διαμέτρου
871 1474 922 1510 τῆς

129 1518 258 1551 ἀ.εϐείας
288 1520 357 1554 πρὸς
384 1519 413 1545 ἓν
448 1520 661 1551 ἐκπεπτωκότας
697 1520 834 1551 ἀπωλείας
871 1520 918 1547 καὶ

127 1564 276 1600 ἀθεότητος
302 1565 459 1601 βάραθρον·
483 1566 551 1592 ἀλλὰ
581 1574 613 1600 γε
644 1566 692 1592 καὶ
713 1566 763 1598 τὰς
797 1565 919 1597 εὐσεϐεῖς

128 1611 223 1645 φωνὰς
247 1611 303 1638 τῶν
317 1610 370 1647 ρξε’
388 1611 524 1647 θεοφόρων
550 1612 693 1647 μακαρίων
715 1612 844 1647 Πατέρων
867 1612 922 1638 τῶν

127 1656 200 1683 κατὰ
216 1656 318 1692 ταύτην
345 1658 395 1692 τὴν
416 1657 539 1693 βασιλίδα
557 1657 634 1683 πόλιν
668 1658 920 1692 συναγηγερμένων

127 1700 176 1727 ἐπὶ
193 1701 381 1728 ἰουστινιανοῦ
393 1701 440 1728 τοῦ
452 1702 500 1737 τῆς
510 1701 639 1733 εὐσεϐοῦς
656 1701 759 1737 λήξεως
772 1703 920 1737 γενομένου

127 1747 207 1783 ἡμῶν
224 1747 366 1783 βασιλέως,
382 1748 419 1780 ὡς
430 1749 482 1775 ὑπὸ
503 1748 550 1775 τοῦ
563 1748 722 1784 Πνεύματος
735 1749 920 1784 ἐξενεχθείσας

125 1788 310 1829 γὶνώσκομεν,
335 1795 382 1821 καὶ
403 1795 467 1826 τοὺς
495 1795 540 1829 ὑφ’
566 1795 638 1829 ἡμᾶς
661 1795 857 1830 ὲκδιδάσκομεν
871 1803 878 1810 ·
895 1795 920 1822 οἳ

124 1840 268 1876 Θ;έδιυρον
282 1841 328 1867 τιν
350 1840 540 1876 Μοψουεστίας
565 1841 611 1868 τὸν
625 1840 774 1876 Νεστορίου
792 1841 920 1868 διδάσκα-

124 1887 185 1919 λον,
207 1887 347 1923 Ὠριγένην
363 1896 405 1920 τε,
420 1888 468 1914 καὶ
489 1887 615 1923 Δίδυμον,
634 1889 680 1915 καὶ
695 1889 842 1924 Εὑάγριον,
857 1888 921 1920 τοὺς

124 1933 177 1963 τὰς
211 1932 371 1968 Ἑλληνικὰς
389 1932 634 1967 ἀναπλασαμένους
663 1932 836 1968 μυθοποιίας,
872 1933 921 1961 καὶ

125 1980 263 2013 σωμάτων
288 1979 371 2006 τινῶν
398 1979 448 2006 καὶ
476 1979 570 2014 ψυχῶν
605 1980 670 2014 ἡμῖν
703 1979 845 2014 περιόδους
871 1981 919 2006 καὶ

68 2018 71 2019 ν
124 2025 284 2058 ἀλλοιώσεις
295 2026 381 2054 ἀναπε
387 2026 549 2060 μπάσαντας
563 2027 622 2056 ταῖς
630 2025 677 2051 τοῦ
685 2024 732 2051 νοῦ
747 2027 921 2061 παραφοραῖς

121 2081 154 2099 τε
170 2072 218 2099 καὶ
228 2071 394 2108 ὀνειρώξεσι,
407 2072 455 2098 καὶ
468 2073 508 2104 είς
524 2072 573 2107 τὴν
589 2071 643 2098 τῶν
655 2071 762 2106 νεκρῶν
778 2071 920 2103 δυσσεϐῶς

123 2118 386 2154 ὲμτίαροινήσαντας
405 2118 564 2150 ἀναϐίωσιν,
586 2117 662 2144 τάτε
682 2117 823 2152 γραφέντα
844 2117 920 2153 παρὰ

122 2163 301 2199 θεοδωρήτου
323 2163 395 2190 κατὰ
411 2163 461 2198 τῆς
487 2162 570 2198 ὀρθῆς
595 2163 714 2195 πίστεως
738 2163 785 2190 καὶ
804 2163 859 2190 τῶν
884 2163 919 2198 ιβ’

975 232 1124 266 sumpsisse
1154 231 1238 267 impie
1261 231 1406 264 cruciavit,
1433 231 1497 258 binc
1527 239 1637 267 quoque
1661 236 1689 260 et
1710 232 1763 260 iste

975 276 1162 313 imperfectam
1189 277 1269 305 nobis
1294 276 1395 304 factam
1427 277 1544 304 salutem
1583 278 1762 306 ratiocinans.

974 320 1035 348 Jam
1057 328 1122 349 vero
1139 326 1166 349 et
1192 329 1253 357 quae
1277 321 1304 348 in
1325 320 1506 356 Ephesiorum
1532 321 1644 349 civitate
1669 329 1684 349 a
1714 323 1764 349 du-

975 372 1064 400 centis
1089 372 1191 400 divinis
1224 372 1356 400 Patribus
1384 372 1435 400 sub
1472 372 1628 401 Theodosio
1655 372 1764 400 Arcadii

975 417 1031 445 tilio
1055 418 1218 453 imperatore
1249 423 1342 446 nostro
1370 418 1502 454 expositae
1526 423 1601 451 sunt,
1624 417 1765 446 doctrinas

979 468 1108 499 tanquam
1138 463 1285 491 infractum
1321 464 1429 499 pietatis
1459 463 1545 491 robur
1574 463 1764 499 obsignamus,

975 517 1060 537 unum
1089 509 1229 538 Christum
1258 509 1359 537 Filium
1388 510 1436 538 Dei
1456 514 1484 538 et
1502 510 1674 537 incarnatum
1695 516 1765 544 pra:-

975 555 1113 589 dicantes;
1127 560 1155 583 et
1171 563 1234 591 quae
1253 555 1342 588 ipsum
1370 555 1430 583 sine
1455 555 1561 583 semine
1576 554 1692 589 peperit,
1714 554 1765 581 im-

975 602 1106 637 pollutam
1116 610 1222 637 semper
1234 601 1385 638 Virginem,
1398 602 1507 636 proprie
1515 605 1542 628 et
1550 609 1612 628 vere
1621 600 1766 635 Deiparani

983 648 1177 681 decernentes;
1202 651 1229 675 et
1244 648 1361 682 ineptam
1378 647 1498 675 Nestorii
1514 646 1688 678 divisionem,
1704 650 1765 673 tan-

980 702 1063 730 quam
1078 702 1093 721 a
1106 694 1197 721 divina
1212 699 1285 722 sorte
1303 698 1435 722 semotam
1454 697 1660 728 persequentes,
1675 691 1766 719 homi-

984 748 1046 767 nem
1062 740 1208 775 separatim
1223 744 1250 767 et
1267 739 1352 767 Deum
1369 739 1516 774 separatim
1529 747 1614 766 unum
1623 738 1765 765 Christum

976 786 1163 819 decernentis,
1185 791 1214 813 et
1232 786 1399 820 impietatem
1424 784 1566 812 Judaicam
1595 783 1764 811 renovantis.

977 832 1047 865 Quin
1064 833 1145 859 etiam
1160 839 1236 864 eam,
1254 839 1314 867 quae
1332 831 1359 858 in
1382 829 1648 858 Cbalcedonensium
1665 833 1766 857 metro—

979 877 1034 912 poli
1048 877 1100 904 sub
1111 876 1260 909 Marciano,
1271 876 1318 911 qui
1328 875 1379 903 fuit
1387 880 1413 903 et
1425 876 1482 910 ipse
1497 875 1646 910 imperator
1660 879 1765 906 noster,

978 931 994 951 a
1010 922 1147 950 sexcentis
1164 923 1275 958 triginta
1296 922 1431 956 descripta
1453 925 1498 948 est
1520 920 1665 952 Patribus,
1685 919 1765 947 [idem

975 969 1128 997 orthodoxe
1144 968 1340 997 conﬁrmamus
1358 976 1365 995 :
1382 974 1443 1002 quae
1458 974 1542 994 unum
1558 966 1698 994 Christum
1719 964 1766 991 Fi-

978 1014 1046 1042 lium
1059 1014 1118 1047 Dei,
1131 1022 1165 1042 ex
1179 1014 1285 1043 duabus
1298 1014 1404 1041 naturis
1415 1013 1610 1048 compositum,
1621 1017 1649 1040 et
1659 1012 1687 1039 in
1697 1012 1766 1039 dua-

977 1061 1030 1089 bus
1048 1061 1153 1089 eisdem
1173 1061 1278 1088 naturis
1295 1060 1426 1088 creditum
1440 1078 1448 1091 ,
1467 1066 1566 1095 magna
1595 1065 1629 1086 ac
1656 1057 1766 1086 sublimi

974 1115 1041 1136 voce
1061 1112 1195 1135 terrarum
1210 1107 1310 1135 linibns
1324 1106 1453 1139 tradidit;
1480 1110 1508 1134 et
1524 1105 1607 1133 stulte
1623 1112 1655 1132 ac
1674 1105 1767 1140 inepte

973 1154 1136 1183 sentientem
1149 1153 1310 1188 Eutychem,
1326 1153 1373 1188 qui
1389 1160 1519 1187 magnum
1532 1151 1694 1179 (economize
1707 1159 1766 1187 my-

974 1200 1087 1227 sterium
1098 1199 1256 1235 apparentia
1265 1199 1416 1234 perfectum
1427 1206 1488 1226 esse
1500 1197 1618 1229 dicebat,
1633 1202 1764 1232 tanquam

973 1246 1153 1273 avertendum
1174 1244 1285 1280 aliquod
1300 1249 1457 1280 portentum
1479 1248 1632 1279 tetramqne
1649 1248 1765 1278 pestem,

972 1299 1007 1319 ex
1022 1292 1109 1319 sacris
1118 1291 1247 1319 Ecclesia
1261 1291 1413 1318 antbitibus
1425 1289 1593 1317 exturbavit.
1605 1289 1664 1317 Una
1673 1294 1764 1316 autem

972 1343 1035 1364 cum
1052 1344 1086 1364 eo
1103 1337 1184 1363 etiam
1205 1335 1358 1363 Nestorium
1387 1340 1414 1363 et
1432 1329 1615 1367 Dioscornm,
1645 1342 1763 1370 quarunt

973 1382 1018 1409 ille
1032 1381 1142 1417 quidem
1154 1381 1309 1414 divisionis,
1325 1381 1370 1408 hic
1389 1388 1455 1408 vero
1474 1380 1647 1407 confusionis
1667 1379 1764 1406 defen-

975 1436 1021 1456 sor
1035 1431 1095 1455 erat
1120 1431 1148 1454 ct
1177 1432 1336 1463 pugnator:
1363 1426 1409 1461 qui
1434 1426 1545 1461 quidem
1569 1434 1602 1453 ex
1620 1426 1766 1461 impietatis

972 1474 1105 1502 diametro
1124 1475 1158 1502 ad
1174 1482 1258 1501 unum
1275 1473 1435 1509 perditionis
1455 1477 1482 1500 et
1509 1473 1698 1508 abnegalionis
1718 1473 1765 1500 Dei

974 1521 1130 1548 barathrum
1145 1521 1310 1548 deciderant.
1328 1519 1381 1547 Sed
1404 1523 1430 1547 et
1447 1519 1473 1554 5
1486 1523 1595 1546 centum
1622 1519 1765 1554 sexaginta

977 1569 1098 1603 quinque
1117 1567 1272 1602 divinorum
1284 1565 1399 1593 Patrum
1430 1565 1457 1592 in
1476 1565 1527 1593 bac
1545 1565 1655 1592 civitate
1678 1564 1766 1599 impe-

976 1614 1075 1641 ratrice
1084 1618 1311 1648 congregatorum
1325 1611 1376 1640 sub
1385 1611 1541 1638 Justioiano
1554 1611 1605 1646 piae
1615 1611 1765 1643 memorim,

975 1658 1021 1693 qui
1037 1658 1087 1685 fuit
1107 1658 1254 1693 imperator
1272 1662 1375 1690 noster,
1389 1656 1448 1691 pias
1472 1663 1553 1683 voces
1578 1660 1609 1682 ut
1630 1663 1645 1682 a
1663 1654 1766 1690 Spiritu

974 1705 1063 1732 editas
1075 1704 1276 1738 COgnoseimus,
1304 1708 1332 1731 et
1354 1708 1478 1738 posteros
1497 1707 1608 1730 nostros
1624 1703 1765 1734 docemus,

962 1740 1021 1784 “qui
1037 1749 1211 1776 Theodorum
1230 1747 1403 1783 Mopsuestia!
1415 1747 1532 1775 Nestorii
1551 1747 1724 1782 magistrum,
1740 1751 1768 1774 et

975 1796 1132 1829 Origenem,
1146 1799 1173 1822 et
1193 1794 1349 1830 Didymum,
1367 1799 1394 1821 et
1409 1793 1569 1829 Evagrium,
1589 1793 1635 1828 qui
1652 1793 1766 1828 gentiles

975 1841 1083 1869 fabulas
1097 1848 1196 1868 rursus
1215 1840 1293 1868 [ictas
1307 1839 1470 1870 retulerunt,
1495 1843 1521 1866 et
1535 1846 1680 1873 corporum
1694 1845 1766 1872 quo~

975 1888 1101 1916 rumdam
1116 1892 1143 1915 et
1158 1887 1314 1914 animarum
1329 1885 1507 1913 circuitiones
1518 1889 1545 1912 et
1560 1885 1767 1913 inunutationcs

974 1942 1021 1962 seu
1035 1933 1291 1969 transmigrationes
1310 1932 1460 1967 deintegro
1475 1932 1695 1963 ruminavernnt,
1707 1931 1767 1958 suis

974 1979 1139 2015 quibusdam
1158 1979 1259 2005 nientis
1283 1977 1389 2005 deliriis
1404 1985 1435 2004 ac
1451 1976 1566 2004 somniis
1581 1984 1588 2002 :
1605 1980 1632 2002 et
1649 1975 1675 2002 in
1691 1983 1767 2002 mor-

974 2030 1084 2053 tuorum
1099 2025 1328 2053 resurrectionem
1345 2023 1429 2058 impie
1445 2030 1478 2050 ac
1506 2021 1704 2050 contumeliose
1723 2021 1766 2047 in-

974 2073 1111 2100 sultarunt
1125 2079 1132 2099 :
1148 2076 1175 2099 et
1191 2079 1252 2106 quae
1267 2078 1282 2097 a
1309 2069 1484 2096 Theodoreto
1512 2068 1613 2103 scripta
1637 2072 1702 2095 sunt
1715 2067 1764 2094 ad-

973 2126 1071 2146 versus
1107 2121 1209 2145 rectam
1240 2116 1320 2143 ﬁdem
1346 2119 1373 2142 et
1402 2114 1545 2142 duodecim
1564 2113 1635 2140 beati
1666 2112 1764 2147 Cyrilli

973 2164 1074 2200 capita,
1090 2168 1117 2191 et
1131 2172 1190 2191 eam
1206 2170 1267 2198 qua:
1282 2162 1381 2189 dicitur
1394 2160 1446 2188 Iba:
1463 2160 1617 2195 epistolam,
1634 2158 1766 2194 synodico

123 2209 283 2243 κεφαλαίων
305 2208 353 2235 τοῦ
378 2209 515 2244 μακαρίου
544 2209 689 2244 Κυρίλλου,
708 2210 756 2237 καὶ
778 2210 827 2245 τὴν
848 2209 920 2244 λεγο,

978 2211 1242 2239 anathematizarunt
1267 2215 1295 2238 et
1322 2208 1457 2238 exsecrati
1474 2211 1549 2235 Sunt.
1572 2206 1658 2234 Porro
1680 2209 1765 2233 sexta)

123 2257 212 2293 μένην
241 2256 302 2284 ἰϐα
327 2256 489 2292 ἐπιστολὴν,
507 2257 653 2288 συνοδικῶς
671 2257 869 2292 ἀνεθεμάτισαν
886 2265 915 2284 τε

121 2303 172 2330 καὶ
187 2302 363 2335 ἐϐδελὺξαντο
374 2310 380 2316 ·
403 2303 449 2329 καὶ
466 2302 514 2337 τὴν
529 2302 581 2328 ὑπὸ
595 2303 645 2338 τῆς
667 2302 780 2338 ἑναγχός
804 2311 834 2337 γε
852 2312 916 2329 aov-

120 2348 316 2385 αοροισθείσης
341 2348 412 2374 κατὰ
431 2349 534 2383 ταύτην
552 2347 602 2383 τὴν
617 2348 742 2382 βασιλίδα
754 2347 841 2381 πόλιν,
871 2348 917 2374 ἐπὶ

119 2396 170 2423 τοῦ
186 2396 217 2422 ὲν
232 2394 293 2431 θείᾳ
305 2396 339 2431 τῇ
353 2395 429 2431 λήξει
439 2394 586 2430 γενομένου
598 2394 676 2430 ἡμῶν
691 2394 823 2429 βασιλέως
840 2395 917 2421 Κων-

120 2441 266 2469 σταντίνου
288 2442 320 2468 ἐκ
336 2441 387 2476 τῆς
408 2442 488 2475 ἁγίας
507 2441 615 2468 συνόδου
634 2441 736 2474 πίστιν,
754 2440 771 2476 ἠ
786 2440 917 2476 μειζόνως

119 2487 154 2514 τὺ
167 2487 252 2523 κῦρος
265 2487 386 2519 ἐδέξατο,
412 2486 445 2513 δι’
458 2482 495 2514 ὦν
515 2487 529 2513 6
554 2485 668 2521 εὐσεϐὴς
683 2485 810 2520 βασιλεὺς
829 2494 915 2521 σφρα-

120 2535 182 2567 γῖσι
193 2534 256 2564 τοὺς
278 2532 380 2568 ταύτης
399 2533 499 2568 τόμους
524 2532 757 2566 κατησφαλίσατο,
779 2531 848 2566 πρὸς
866 2532 916 2566 τὴν

118 2581 152 2607 ὲν
166 2580 208 2615 τῷ
223 2580 304 2606 παντὶ
314 2579 393 2607 αιῶνι
403 2578 563 2613 ἀσφάλειαν,
577 2579 622 2604 καὶ
636 2578 713 2609 αὖθις
730 2577 916 2613 ὁμολογοῦμεν

119 2626 269 2660 φυλάττειν
277 2625 513 2660 ἀπαρεγχείρητον
528 2632 536 2640 ο
555 2625 572 2658 ἢ
587 2623 633 2650 δύο
644 2623 761 2658 φυσικὰς
777 2624 914 2659 θελήσεις,

119 2674 184 2707 ﬁmi.
212 2671 364 2706 θελήματα,
380 2671 427 2698 καὶ
441 2671 489 2697 δύο
502 2671 619 2704 φυσικὰς
634 2670 785 2705 ἐνεργείας,
804 2670 851 2696 ἐπὶ
866 2670 916 2704 τῆς

118 2718 257 2753 ἐνσάρκου
277 2716 434 2751 οἰκονομίας
458 2716 506 2743 τοῦ
531 2716 591 2748 ἑνὸς
609 2717 712 2751 Κυρίου
727 2716 805 2751 ἡμῶν
825 2716 915 2751 Ἰησοῦ

120 2763 243 2799 Χριστοῦ
259 2762 307 2790 τοῦ
317 2762 445 2798 ἀληθινοῦ
463 2762 542 2794 Θεοῦ,
555 2762 676 2794 δοξάζειν
690 2763 765 2797 ἡμᾶς
782 2762 915 2797 θεοφιλῶς

118 2808 272 2844 διεσάφησε
284 2815 291 2823 ³
305 2808 367 2839 τοὺς
376 2807 407 2834 τὸ
421 2807 498 2839 eoos;
511 2808 560 2842 τῆς
576 2807 705 2843 ἀληθείας
715 2807 803 2843 δόγμα
825 2816 915 2844 παρα-

120 2855 307 2892 χαράξαντας,
320 2855 366 2883 καὶ
374 2854 403 2882 ἓν
422 2854 530 2891 θέλημα
538 2854 584 2882 καὶ
601 2854 666 2890 μίαν
689 2855 842 2890 ἐνέργειαν,
867 2854 915 2882 ἐπὶ

972 2265 1080 2294 quoque
1091 2263 1192 2284 sanctae
1204 2256 1312 2292 synodi,
1327 2263 1387 2290 qua:
1398 2254 1425 2282 in
1440 2255 1491 2281 hac
1503 2253 1613 2280 civitate
1625 2251 1761 2287 imperiali

970 2304 1022 2331 sub
1038 2304 1107 2330 diva:
1123 2303 1263 2329 memoriae
1279 2302 1443 2336 imperatore
1463 2305 1559 2326 nostro
1582 2297 1762 2326 Constantino

969 2350 1072 2385 pridem
1085 2352 1247 2384 congregata
1272 2347 1370 2380 fuerat,
1387 2347 1479 2378 tidem,
1495 2353 1556 2381 qua:
1579 2345 1711 2379 majorem
1727 2352 1760 2372 ex

967 2404 1002 2424 eo
1018 2395 1174 2424 [trinitatem
1195 2394 1318 2430 accepit,
1346 2393 1430 2438 quod”
1443 2392 1505 2428 pius
1529 2392 1679 2427 imperator
1699 2399 1760 2418 eam

968 2442 1096 2477 scriptam
1126 2448 1177 2469 suo
1210 2440 1352 2475 signaculo
1378 2436 1477 2466 rndhiit
1511 2439 1544 2465 ad
1575 2437 1696 2465 futuram
1731 2437 1759 2463 in

967 2488 1060 2515 omnia
1078 2487 1178 2515 saecula
1196 2487 1381 2518 securitatem,
1394 2493 1449 2512 non
1464 2485 1627 2512 movendam
1642 2491 1690 2512 nec
1702 2483 1760 2519 agi-

967 2535 1078 2562 tandam
1097 2541 1147 2561 nos
1166 2540 1279 2560 servare
1297 2540 1392 2559 rursus
1408 2531 1583 2566 proﬁtentur;
1607 2538 1668 2566 qua:
1690 2530 1757 2558 duas

966 2580 1105 2608 naturales
1111 2580 1264 2607 voluntates
1274 2586 1321 2605 seu
1328 2578 1482 2609 volitiories.
1489 2578 1612 2612 duasque
1621 2577 1759 2604 naturales

965 2627 1140 2661 operationes
1156 2625 1183 2651 in
1201 2625 1341 2652 incarnata
1361 2624 1443 2651 unius
1461 2623 1569 2651 Domini
1591 2623 1678 2651 nostri
1694 2621 1759 2650 Jesu

965 2672 1068 2700 Christi
1082 2671 1138 2698 veri
1156 2670 1203 2698 Dei
1218 2670 1371 2698 oeconomia
1399 2677 1449 2697 nos
1464 2670 1510 2704 pic
1534 2669 1642 2703 opinari
1661 2667 1760 2695 debere

966 2722 1061 2753 aperte
1079 2718 1190 2751 docuit;
1213 2717 1247 2745 iis
1267 2717 1313 2752 qui
1340 2721 1446 2744 rectum
1471 2716 1594 2743 veritatis
1619 2715 1759 2742 decretum

965 2763 1198 2796 adulteraverant,
1210 2767 1237 2790 et
1250 2769 1331 2789 uuam
1346 2762 1514 2789 voluntatem
1528 2768 1561 2788 ac
1570 2759 1758 2796 operationem

966 2817 1049 2838 unam
1075 2810 1102 2836 in
1122 2817 1178 2837 uno
1195 2809 1311 2837 Domino
1328 2813 1424 2836 nostro
1438 2807 1503 2836 Jesu
1517 2806 1628 2834 Christo
1643 2805 1758 2840 populos

966 2855 1126 2889 docuerant,
1147 2855 1192 2891 pia
1216 2855 1352 2883 sententia
1366 2851 1556 2886 condemnatis
1569 2873 1577 2886 ,
1601 2850 1756 2884 Theodoro,
