1960 3076
1720 104 1735 111 κ

217 164 269 196 U7
736 176 739 179 λ
807 166 938 197 ΡΗΟΤΙΙ
958 168 1209 199 PATRIARCHxE
1223 170 1277 200 CP.
1787 166 1840 198 448

211 219 387 248 sacerdotalis
419 216 534 252 ordinis,
558 219 604 254 qui
629 223 818 254 transgressus
851 226 893 249 est
923 230 985 250 eum

1066 223 1096 250 οὗ
1125 223 1184 254 ἑνὸς
1217 223 1319 259 Κυρίου
1343 222 1390 250 τοῦ
1415 222 1483 250 Θεοῦ
1513 222 1593 258 ἡμῶν
1610 221 1698 256 Ἰησου
1720 222 1839 257 Χριστοῦ

210 264 754 301 1ηηυ11ηιιε,ΡΙι;ιι·ίιιι,(ὶγι-οΔΙθκοιιιΙιιίω,
768 265 889 294 Honorio
899 268 1002 295 Romae.
1054 269 1116 300 τοὺς
1136 269 1215 300 λαοὺς
1242 269 1444 301 ἑκδιδάξαντας·
1459 270 1492 303 τῇ
1516 269 1567 303 τῆς
1595 262 1736 299 εὐσεϐείας
1759 268 1842 303 ψήφῳ

211 311 317 345 Sergio,
331 311 359 346 6
372 310 489 346 Pyrrho,
500 310 595 343 Paulo,
615 309 710 342 Petro,
724 311 770 346 qui
788 312 817 338 in
832 313 883 340 hac
899 321 913 340 a
933 313 985 341 Dec

1067 314 1259 341 ταταδικάσασα
1269 322 1275 329 ·
1289 315 1379 349 φαμὲν
1394 315 1530 349 Θεόδωρον
1549 313 1594 340 τὺν
1606 315 1655 349 τῆς
1668 314 1770 349 Φαρὰν,
1785 315 1841 341 Κῦ-

211 361 318 384 servata
335 356 446 384 civitate
458 357 661 391 praesederunt;
677 356 806 389 Macario,
819 359 866 392 qui
881 359 931 386 fuit
947 360 985 387 An

1065 369 1099 386 >ov
1129 359 1174 386 τὸν
1198 359 1408 394 Ἀλεξανδρείας,
1428 359 1557 393 Ὀνώριον
1578 359 1625 385 τὸν
1649 358 1760 395 Ῥώμης
1781 359 1839 394 (5),

211 406 392 433 tiochensium
410 406 555 441 cpiscopus
565 426 572 439 ,
586 405 726 440 Stephano
736 406 794 440 ejus
813 405 961 440 discipulo,
979 416 985 433 ι

1065 406 1175 440 ἒέργιον,
1206 404 1322 440 Πύρρον,
1349 405 1465 438 Παῦλον,
1495 405 1609 441 Πέτρον,
1627 405 1691 436 τοὺς
1710 406 1739 432 ἐν
1754 405 1839 441 ταύτῃ

213 452 357 486 insipiente
371 451 574 487 Polychronio;
590 451 643 479 hac
664 452 772 479 ratione
788 452 889 478 intacto
902 456 929 479 et
949 452 986 478 illi

1068 451 1083 484 ᾖ
1112 450 1287 485 θεοφυ).άκτῳ
1311 450 1546 485 προεδρεύσαντας
1572 450 1659 482 πόλει,
1686 450 1839 486 Μακάρων.

212 499 276 525 bato
289 498 550 532 communicorpore
562 497 671 524 Domini
682 497 767 524 nostri
778 496 841 524 Jesu
853 496 954 524 Christi
968 505 982 524 a

1069 494 1098 521 ὸν
1115 495 1260 530 γενόμενον
1268 496 1318 530 τῆς
1345 496 1504 530 Ἀντιοχέων
1527 495 1687 527 ἐπίσκοπον,
1704 496 1839 529 Στέφανον

212 544 252 571 eis
270 549 388 571 servato.
405 543 503 578 Atque,
515 548 545 570 ut
559 543 644 570 semel
656 543 791 574 dicamus,
810 543 934 570 omnium
955 551 986 577 qu

1065 540 1096 567 κον
1109 540 1191 567 αὑτοῦ
1209 541 1344 576 μαθητὴν,
1368 542 1414 567 καὶ
1433 541 1478 567 τὸν
1507 541 1611 576 ἄφρονα
1640 541 1820 576 Πολυχρόνιον
1833 550 1839 558 ·

213 589 241 616 in
259 589 306 616 Dei
326 588 447 616 Ecclesia
470 588 569 615 decora
593 593 809 621 ornamentaque
839 587 958 620 fuerunt,
974 596 987 615 ε

1067 586 1175 612 ντεῦθεν
1190 586 1327 621 ἀνέπαφον
1341 586 1461 622 τηροῦσα
1475 587 1506 612 τὸ
1522 587 1610 613 κοινὸν
1624 587 1703 621 σῶμα
1722 587 1840 621 Χριστοῦ

214 635 362 662 luminaria
378 635 405 662 iu
424 634 538 665 mundo,
551 635 613 661 vitze
628 634 760 661 rationem
776 634 938 667 obtinentia,
954 634 987 661 ﬁr

1067 631 1098 657 οὔ
1109 631 1176 658 Θεοῦ
1192 631 1287 667 ἡμῶν·
1304 633 1351 658 καὶ
1368 631 1504 658 συνελόντι
1521 632 1604 666 φάναι
1621 632 1731 659 πάντων
1748 632 1802 659 τῶν
1813 633 1841 658 ὲν

215 689 287 708 mam
304 681 382 708 [idem
396 680 496 712 valere,
521 685 550 707 et
564 687 650 715 usque
665 680 697 707 ad
715 680 806 707 saeculi
823 687 989 707 consumma

1067 677 1083 712 ῇ
1098 676 1144 703 τοῦ
1156 677 1224 703 Θεοῦ
1245 677 1393 713 Ἐκκλησία
1407 677 1450 704 δια
1456 677 1617 713 πρεψάντων
1630 677 1746 713 ἀνδρῶν,
1757 677 1782 704 οἱ
1792 685 1840 711 γε·

217 726 316 752 tionem
346 725 596 754 inconcussam'ac
631 725 811 753 illabel'actam
841 734 991 761 per-manem

1067 722 1163 749 ‘6vactv
1177 724 1206 749 ὲν
1232 723 1327 758 κόσμῳ
1347 723 1500 758 φωστῆρες,
1518 723 1596 757 λόγον
1611 723 1684 758 ζωῆς
1697 723 1841 759 ἐπέχοντες

215 769 364 801 sancimus,
393 777 543 805 eorumque
569 771 671 806 scripta
695 779 727 798 ac
743 772 851 799 decreta
867 772 989 799 divinitu:

1067 768 1099 800 ὴν
1110 768 1202 794 πίστιν
1227 770 1337 804 κρατεῖν
1353 768 1463 804 βεϐαίαν
1482 778 1489 785 ·
1515 770 1560 796 καὶ¹
1579 769 1661 804 μέχρι
1684 769 1839 800 συντελείας

215 814 314 840 tradita
336 823 343 840 :
365 814 520 849 rejicientes
547 823 645 844 omnes
673 821 699 844 et
722 818 987 845 anathematizantes

1063 813 1097 840 οῦ
1111 814 1210 845 αἰῶνος
1224 814 1371 841 ἀσάλευτον
1395 815 1534 850 διαμένειν
1553 814 1729 849 θεσπίζομεν,
1746 815 1792 841 xal.
1804 815 1837 841 τὰ

214 867 284 892 quos
303 859 458 893 reiecerunt
478 864 504 887 et
532 861 813 895 anathematizarunt,
830 867 861 890 ut
876 863 988 890 veritati:

1061 859 1141 886 ιὺτῶν
1159 859 1345 894 θεοπαράδοτα
1360 860 1564 895 συγγράμματά
1582 867 1612 885 τε
1634 859 1680 885 καὶ
1692 859 1814 894 δόγματα
1828 867 1835 874 ·

214 902 354 935 inimicos,
371 907 399 930 et
419 904 465 937 qui
484 904 615 931 adversus
641 904 725 931 Deum
743 906 861 932 inaniter
876 905 988 933 fremue-

1065 903 1155 936 ιάντας
1165 892 1379 940 ἀποϐαλλόμενοί
1389 892 1422 931 τε
1488 892 1732 939 ἀναθεματίζοντες
1744 892 1782 935 th;
1791 905 1839 939 τῆς

213 953 288 980 runt.
303 953 330 975 et
344 948 515 983 iniquitatem
531 949 557 976 in
573 949 657 976 altqu
672 951 793 978 meditati
804 955 877 978 sunt.
895 951 922 978 Si
937 952 987 986 qui:

1065 949 1178 984 ιληθείας
1190 950 1313 985 ἐχθροὺς,
1326 951 1374 976 καὶ
1390 951 1461 977 κατὰ
1471 950 1539 977 Θεοῦ
1550 950 1757 985 φρυαξαμένους
1764 951 1839 981 κενὰ,

213 999 304 1021 autem
324 1001 356 1020 ex
376 994 505 1022 omnibus
522 994 651 1028 praedicta
676 995 786 1029 pietatis
807 996 916 1024 decreta
943 1004 987 1024 not

1065 995 1096 1022 αὶ
1107 996 1212 1022 ἀδικίαν
1227 997 1268 1027 είς
1285 996 1352 1031 ὕψος
1374 996 1622 1032 ἐκμελετήσαντας.
1648 997 1678 1022 Εἰ
1691 996 1719 1022 δέ
1734 1005 1776 1027 τις
1786 996 1839 1022 τῶν

211 1041 284 1065 tenet
299 1042 325 1065 et
338 1037 522 1072 amplectitur,
540 1040 635 1074 sicque
660 1039 787 1073 Opinatur
808 1044 834 1067 et
857 1041 985 1075 praedicat

1060 1041 1196 1068 ὶπάντων’
1223 1042 1269 1068 καὶ
1295 1042 1330 1069 τὰ
1355 1042 1545 1078 προειρημένα
1558 1042 1607 1076 τῆς
1625 1042 1770 1073 εὐσεϐείας
1787 1041 1834 1068 δό-

211 1083 258 1111 sed
276 1083 309 1111 iis
327 1088 422 1111 contra
439 1085 578 1112 adversari
590 1090 715 1117 conatur,
733 1085 769 1112 sit
783 1085 939 1118 anathema,
955 1094 985 1114 se

1073 1096 1146 1122 ματα
1157 1089 1268 1122 κρατεῖν
1285 1088 1448 1119 ἀσπάζεται.
1458 1088 1506 1114 καὶ
1526 1087 1611 1118 οὕτως
1626 1087 1730 1119 δοξάζει
1746 1095 1776 1112 τε
1794 1087 1840 1112 καὶ

210 1130 331 1157 eundum
349 1131 424 1164 prius
447 1131 601 1165 expositam
626 1131 826 1159 declaratorum
842 1137 984 1160 sanctorum

1064 1133 1190 1168 εηρύττει,
1212 1133 1269 1160 ἀλλ’
1285 1133 1314 1166 ἐξ
1335 1133 1461 1166 ἐναντίας
1487 1134 1557 1160 ἰέναι
1573 1133 1677 1160 τούτων
1694 1132 1838 1168 ἐπιχειρεῖ,

208 1181 237 1203 et
251 1176 392 1203 beatorum
410 1176 521 1204 Patrum
538 1177 678 1204 decretum
689 1199 696 1210 ,
717 1185 733 1204 a
754 1177 914 1205 Christiano
930 1187 982 1213 quo

1066 1187 1120 1205 στω
1140 1179 1274 1214 ἀνάθεμα,
1287 1179 1358 1206 κατὰ
1371 1179 1416 1206 τὸν
1431 1180 1482 1214 ἠδη
1496 1179 1697 1215 προεκτεθέντα
1709 1179 1772 1213 ὅρον
1787 1178 1840 1204 ὑπ’)

209 1228 263 1254 que
283 1220 409 1255 catalogo
426 1225 456 1247 ut
473 1221 579 1248 alienus
595 1221 758 1248 extrudatur
771 1225 798 1247 et
810 1221 930 1248 excidat.
943 1221 983 1248 No

1066 1224 1104 1250 ὦν
1119 1224 1348 1259 προδηλωθέντων
1362 1225 1448 1259 ἁγίων
1469 1225 1517 1251 καὶ
1534 1225 1678 1260 μακαρίων
1692 1224 1839 1260 Πατέρων.

207 1266 280 1293 enim
295 1267 372 1301 juxta
389 1267 465 1301 prius
480 1267 588 1294 deﬁnita
617 1275 706 1301 neque
733 1266 836 1301 aliquid
865 1266 981 1299 adjicere

1066 1271 1097 1296 al.
1112 1270 1160 1296 τοῦ
1188 1270 1359 1305 Χριστιανῶν
1381 1271 1534 1305 καταλόγου
1555 1270 1593 1302 ὡς
1620 1271 1761 1305 ἀλλότριος
1794 1270 1840 1303 ὲξ-

209 1319 295 1347 neque
303 1313 453 1347 quidquam
462 1313 582 1340 adimere
591 1313 703 1344 omnino
712 1312 871 1346 statuimus,
886 1312 927 1341 vel
942 1313 983 1340 ιιΙΙ‹

1068 1314 1181 1341 υθείσθω
1199 1315 1247 1341 καὶ
1266 1315 1447 1349 ἐκριπτέσθω.
1471 1316 1566 1350 Ἡμεῖς
1592 1315 1647 1350 γὰρ
1668 1315 1730 1342 οὗτε
1755 1324 1842 1351 προσ-

209 1359 291 1387 modo
304 1360 456 1394 potuimus.

1067 1361 1151 1388 ιθέναι
1164 1369 1200 1391 τι,
1217 1359 1279 1387 οὗτε
1300 1361 1352 1396 μὴν
1367 1361 1492 1396 ὑφαιρεῖν
1507 1361 1577 1388 κατὰ
1588 1362 1622 1388 τὰ
1635 1361 1840 1397 προορισθέντα,

1049 1406 1187 1438 παντελῶς
1201 1406 1397 1442 διεγνώκαμεν,
1415 1408 1431 1443 ἢ
1446 1407 1507 1434 καθ’
1524 1407 1662 1435 ὁντιναοῦν
1676 1407 1844 1444 δεδυνήμεθα

1048 1453 1138 1488 λόγον.

244 1507 287 1535 73.
303 1507 371 1535 Cum
386 1515 452 1535 crux
472 1507 554 1535 nobis
567 1507 674 1535 viviﬁca
694 1512 816 1537 samtare
832 1509 993 1542 ostenderit,

1080 1510 1130 1545 ογ’.
1147 1510 1201 1537 Τοῦ
1212 1509 1344 1543 ζωοποιοΰ
1362 1511 1479 1546 σταυροῦ
1501 1510 1642 1544 δείξαντος
1661 1511 1729 1546 ἡμῖν
1743 1511 1775 1538 τὸ
1791 1520 1843 1538 σω-

208 1562 259 1582 nos
278 1554 302 1589 7
316 1562 423 1581 omnem
439 1554 606 1589 diligentiam
627 1555 757 1582 adhibere
781 1560 898 1590 oportet,
914 1560 943 1583 ut
957 1556 981 1582 ei

1068 1557 1153 1592 ἠριον,
1170 1557 1261 1584 πᾶσαν
1279 1557 1398 1592 σπουδὴν
1413 1558 1487 1592 ἡμᾶς
1500 1557 1605 1583 τιθέναι
1621 1559 1675 1592 χρὴ
1691 1557 1738 1583 τοῦ
1758 1558 1842 1594 τιμὴν

209 1606 256 1633 per
275 1606 356 1633 quant
378 1599 413 1625 ab
434 1599 548 1634 antiquo
574 1599 650 1634 lapsu
676 1600 773 1627 salvati
798 1607 907 1632 sumus,
933 1608 983 1627 eun

1069 1603 1096 1638 ὴν
1109 1603 1189 1635 ἀξίαν
1204 1603 1359 1630 ἀποδιδόναι
1369 1603 1408 1638 τῷ
1416 1604 1450 1630 δι’
1459 1601 1489 1631 οὗ
1499 1603 1661 1638 σεσώσμεθα
1669 1603 1716 1630 τοῦ
1728 1604 1843 1631 παλαιοῦ

208 1652 289 1678 quem
308 1652 357 1678 par
371 1649 413 1672 est
434 1645 567 1672 honorem
589 1645 748 1673 habeamus.
772 1645 956 1678 Quamobrem
973 1655 982 1674 ί

1071 1648 1274 1684 αραπτώματος
1287 1658 1295 1666 ·
1311 1649 1373 1676 ὅθεν
1388 1650 1435 1676 καὶ
1446 1649 1485 1684 νῷ
1495 1650 1542 1676 καὶ
1559 1649 1631 1684 λόγῳ
1645 1650 1693 1676 καὶ
1708 1650 1843 1685 αισθήσει,

209 1694 309 1722 mente,
326 1693 353 1716 et
374 1697 512 1722 sermone,
541 1694 568 1717 et
581 1697 665 1717 sensu
691 1690 880 1717 adorationem
907 1691 932 1718 ei
949 1691 983 1718 tri

1071 1695 1098 1731 ὴν
1125 1695 1315 1730 προσκύνησιν
1338 1695 1413 1730 αὐτῷ
1439 1695 1634 1730 ἀπονέμοντες,
1663 1696 1727 1727 τοὺς
1756 1696 1785 1723 ὲν
1807 1696 1845 1731 τῷ

209 1734 334 1767 buentes,
361 1735 452 1761 crucis
470 1734 582 1769 ﬁguras,
610 1742 670 1768 quae
694 1742 709 1762 a
737 1735 876 1762 nonnullis
896 1735 923 1762 in
942 1736 981 1763 sol

1072 1740 1142 1774 ῑςὶφει
1155 1740 1203 1766 τοῦ
1217 1741 1337 1776 σταυροῦ
1353 1740 1455 1772 τύπους
1471 1740 1524 1766 ὑπό
1539 1749 1620 1766 τινων
1638 1741 1846 1773 κατασκευαζο-

209 1787 242 1806 ac
266 1779 421 1813 pavimento
449 1779 527 1812 ﬁunt,
554 1780 666 1807 omnino
700 1780 785 1807 deleri
798 1780 938 1814 jubemus,
967 1789 983 1808 n

1073 1785 1159 1818 ένους,
1176 1785 1387 1820 ὲξαφανίζεσθαι
1403 1786 1539 1817 παντοίως
1563 1786 1790 1822 προστάσσομενκ
1809 1787 1847 1819 ὡς

209 1825 392 1852 incedentium
425 1825 636 1853 couculcatione
668 1826 793 1853 victoria:
830 1826 910 1853 nobis
940 1831 982 1854 tro

1073 1840 1083 1857 ν
1097 1831 1135 1867 μὴ
1147 1832 1180 1867 τῇ
1199 1831 1253 1858 τῶν
1271 1831 1435 1866 βαδιζόντων
1445 1832 1646 1867 καταπατήσει,
1664 1833 1694 1859 τὺ
1708 1833 1757 1868 τῆς
1768 1833 1847 1867 νίκης

210 1879 296 1906 parum
312 1871 411 1906 injuria
431 1871 574 1899 afficiatur.
599 1872 653 1899 Eos
670 1872 773 1908 itaque,
799 1873 845 1907 qui
869 1873 982 1908 deincep

1073 1878 1115 1912 μῖν
1130 1877 1259 1913 τρόπαιον
1285 1878 1454 1914 ἐξυϐρίζοιτο
1467 1885 1473 1892 ·
1491 1879 1555 1910 τοὺς
1579 1875 1626 1905 οὖν
1646 1879 1700 1905 ἀπὸ
1722 1879 1768 1906 τοῦ
1799 1878 1847 1906 νῦν

210 1916 300 1944 erucis
319 1916 428 1951 signum
441 1917 468 1944 in
485 1918 544 1945 solo
556 1922 730 1952 construunt,
746 1918 884 1953 segregari
901 1919 984 1946 deeer

1069 1922 1169 1957 ταυροῢ
1207 1922 1293 1950 τύπον
1328 1922 1375 1950 ἐπὶ
1410 1923 1525 1957 ἐδάφους
1565 1924 1843 1957 κατασκευάζοντας,

211 1962 315 1989 nimus.
740 1974 769 1988 ι..

740 1974 769 1988 ...
1050 1966 1178 2002 ὁρίζομεν
1199 1967 1389 2002 ἀφορίζεσθαι.

244 2028 288 2057 81.
309 2028 445 2061 Quoniam
467 2029 494 2056 in
527 2029 668 2057 nonnullis
703 2029 771 2057 locis
796 2029 941 2058 didicimus
967 2031 995 2058 in

1085 2033 1141 2062 παῖ.
1164 2033 1329 2070 Ἐπειδήπερ
1348 2033 1377 2061 ἐν
1395 2042 1451 2061 τισι
1467 2033 1568 2070 χώραις
1584 2033 1800 2070 μεμαθήκαμεν.
1814 2035 1843 2061 ὲν

209 2074 320 2109 hymno,
331 2082 386 2109 quo
407 2080 447 2102 ter
465 2081 576 2103 sanctus
604 2077 721 2108 canitur,
740 2077 918 2104 additamenti
935 2078 983 2104 1οω

1072 2079 1085 2114 ᾖ
1107 2079 1247 2114 Τρισαγίῳ
1278 2079 1363 2114 ὕμνῳ,
1388 2079 1417 2106 ὲν
1431 2079 1591 2115 προσθήκης
1613 2080 1691 2115 μέρει
1714 2081 1846 2115 ἐκφωνεῖ-

207 2120 259 2147 dici
285 2125 346 2154 post
369 2120 446 2152 illud,
488 2121 605 2149 Sanctus
632 2122 806 2155 immortalis,
844 2122 907 2155 hoc,
940 2121 981 2155 Qu

1071 2125 1110 2151 )αι
1127 2125 1197 2159 μετὰ
1207 2125 1247 2158 τὸ,
1261 2124 1356 2159 Ἄγιος
1366 2125 1507 2158 ἀθάνατος,
1517 2127 1531 2152 ὁ
1543 2125 1710 2160 σταυρωθεὶς
1720 2126 1752 2152 δι’
1761 2127 1845 2161 ἡμᾶς,

208 2166 356 2193 erucilixus
375 2174 405 2193 es
431 2174 480 2201 pro
504 2167 592 2200 nobis,
623 2168 753 2195 miserere
788 2169 884 2196 nostri.
901 2169 928 2195 ld
948 2176 981 2196 au

1072 2171 1158 2206 ιὲησον
1172 2171 1257 2205 ἡμᾶς.
1275 2170 1360 2196 Τοῦτό
1379 2179 1409 2196 τε
1435 2170 1488 2197 ὑπὸ
1504 2171 1559 2197 τῶν
1580 2171 1664 2198 πάλαι
1685 2171 1770 2205 ἁγίων
1788 2172 1846 2197 Πα-

209 2216 262 2239 tem
276 2212 310 2239 ab
324 2212 445 2247 antiquis
464 2213 566 2241 sanctis
583 2213 718 2246 Patribus,
737 2219 766 2241 ut
781 2222 795 2241 a
811 2215 913 2249 pietate
930 2215 983 2242 alie

1071 2216 1144 2250 ἑρων,
1160 2216 1198 2248 ὡς
1211 2216 1261 2251 τῆς
1284 2215 1427 2248 εὐσεϐείας
1449 2216 1591 2252 ἀλλότριον
1606 2218 1639 2244 ἐκ
1661 2217 1707 2244 τοῦ
1724 2217 1845 2244 τοιούτου

209 2265 285 2290 Imm,
301 2265 333 2284 ex
361 2258 413 2285 hoc
430 2258 531 2293 hymno
557 2259 675 2293 ejectum
703 2266 745 2287 est
771 2267 834 2287 cum
865 2259 983 2287 scelerati

1071 2262 1176 2298 πηλάθη
1195 2261 1291 2296 ὕμνου,
1310 2262 1359 2289 σὺν
1375 2262 1414 2298 τῷ
1430 2263 1483 2298 τὴν
1505 2263 1634 2298 τοιαύτην
1648 2263 1740 2298 φωνὴν
1764 2271 1845 2289 καιν-

208 2302 338 2330 heretico
354 2303 403 2338 (2),
419 2304 466 2338 qui
484 2304 554 2331 hanc
570 2312 665 2332 vocem
683 2305 822 2332 innovavit
839 2315 846 2333 ;
864 2313 915 2333 nos
930 2314 982 2341 quo

1071 2309 1210 2344 ιργήσαντι
1225 2308 1376 2344 παρανόμῳ
1402 2309 1550 2344 αἱρετικῷ”
1565 2310 1612 2336 καὶ
1625 2310 1706 2344 ἡμεῖς
1729 2309 1845 2344 κυροῦν-

211 2356 265 2383 que
286 2350 482 2377 continuantes
501 2357 546 2383 ea,
563 2358 624 2385 quae
640 2358 655 2377 a
671 2352 775 2379 sanctis
791 2352 893 2379 nostris
908 2352 984 2379 Patri

1071 2362 1092 2385 ις
1111 2354 1144 2380 τὰ
1157 2354 1223 2389 περὶ
1239 2353 1293 2380 τῶν
1308 2354 1394 2388 ἁγίων
1410 2355 1542 2390 Πατέρων
1554 2354 1632 2390 ἡμῶν
1647 2355 1711 2389 πρὶν
1724 2354 1845 2386 εὐσεὸὦς

207 2394 259 2422 bus
285 2395 362 2429 prius
387 2395 430 2430 pie
450 2397 602 2424 constituta
629 2402 704 2430 sunt,
733 2398 981 2425 anathematizaqu

1070 2399 1296 2434 εσμοθετηθέντα,
1312 2399 1548 2435 ἀναθεματίζομεν
1567 2400 1630 2432 τοὺς
1652 2399 1693 2426 ἔτι
1711 2399 1780 2434 μετὰ
1798 2398 1844 2426 τὸν

205 2446 264 2469 cus,
289 2440 335 2474 qui
355 2447 416 2475 post
437 2449 558 2476 presens
580 2442 720 2470 decretum
742 2443 878 2477 ejusmodi
903 2451 979 2471 vocet

1071 2444 1172 2479 αρόντα
1197 2445 1261 2480 ὃρον
1285 2444 1524 2480 παραδεχομένους
1546 2445 1596 2480 τὴν
1620 2445 1749 2480 τοιαύτην
1772 2444 1845 2472 οὕτω

205 2484 356 2513 admittunt
379 2487 407 2513 in
423 2488 558 2519 ecclesiis,
581 2489 624 2516 vel
644 2489 738 2523 aliquo
764 2489 818 2516 alio
836 2489 915 2516 modo
932 2497 979 2517 sau

1071 2489 1142 2525 ωνὴν
1165 2490 1209 2516 ἐπ’
1235 2489 1404 2525 ἐκκλησίαις,
1419 2490 1436 2526 ἢ
1452 2490 1541 2522 ἄλλως
1561 2498 1619 2522 πως
1640 2490 1680 2526 τῷ
1703 2489 1845 2526 Τρισαγίῳ

205 2531 328 2560 ctissime
344 2532 446 2568 hymno
457 2533 619 2569 adjuugunt.
633 2534 665 2561 Et
680 2535 702 2562 si
715 2539 758 2563 est
772 2535 883 2570 quidem
902 2543 978 2563 sacer

1070 2545 1127 2572 μνῳ
1150 2538 1346 2568 συνάπτοντας.
1371 2536 1426 2563 Καὶ
1445 2537 1469 2563 εί
1492 2537 1543 2572 μὲν
1572 2537 1709 2572 ίερατικός
1737 2537 1811 2562 ἐστιν
1829 2537 1844 2562 ὁ

979 2625 1094 2656 NOTAE.

240 2703 280 2739 (3)
312 2703 350 2743 De
373 2704 555 2743 qualicunque
586 2706 699 2734 Honorii
727 2707 753 2734 in
781 2711 858 2735 sexta
888 2707 993 2743 synodo
1047 2707 1074 2734 in
1092 2707 1141 2743 (tot
1162 2707 1224 2735 aliis
1240 2708 1379 2743 synodicis
1401 2707 1626 2736 damnationibus
1649 2706 1843 2734 monothelita-

203 2739 389 2778 damnatione,
409 2739 514 2767 diutius
533 2742 851 2779 uenandis-putandum
864 2739 926 2779 post
941 2743 993 2779 Ba-
1047 2750 1108 2769 rum
1123 2742 1222 2779 sergii,
1239 2739 1350 2778 P'yrrhi,
1370 2748 1398 2770 et
1419 2743 1494 2779 Cyri,
1513 2743 1625 2779 Honorii
1645 2749 1743 2779 nomen
1761 2749 1841 2779 ριίοττ

204 2774 312 2801 ronium
324 2779 542 2813 consecutusque
550 2774 925 2813 polemicos’plurimos.Ego
941 2778 992 2806 hoc
1047 2785 1095 2805 sus
1108 2774 1392 2813 reticéturfquazres
1415 2774 1476 2807 sine
1488 2774 1622 2813 veritatis
1646 2774 1766 2811 impulsu
1781 2777 1839 2803 tieri

206 2817 290 2848 unum
305 2810 468 2848 _aduo_l_abo,_
484 2811 558 2844 quod
585 2819 694 2848 nempe_
708 2810 741 2848 in
756 2813 846 2840 libello
860 2810 992 2848 synodico
1047 2816 1101 2848 tam
1120 2810 1290 2842 concorditer
1301 2822 1318 2842 a
1337 2813 1450 2848 Graecis,
1466 2813 1539 2841 Italis
1575 2810 1703 2848 Afrisque
1717 2818 1772 2839 non
1788 2819 1840 2846 ρος

207 2843 279 2878 apud
301 2843 444 2872 Justcllum
458 2843 513 2880 jur.
529 2853 590 2874 can.
609 2843 655 2882 gr."
673 2846 705 2874 T.
726 2847 756 2879 Il,
775 2855 791 2882 p
826 2843 991 2875 1203-1109.
1049 2847 1112 2875 tuit.
