1951 3081
106 189 160 222 4ί9

556 191 755 222 SYNTAGMA
769 189 963 222 CANONUM.
982 202 1017 209 —
1034 190 1108 220 TIT.
1122 189 1243 226 I,-CAP.
1263 189 1305 220 II.

1685 188 1739 223 450

117 247 284 284 παρασάτης
297 247 352 275 τῶν
373 241 548 283 δρισθέντων,
567 247 790 283 ἀπογυμνοῦσθαι
809 245 898 273 τοῦτον

953 244 1037 272 dotali
1057 245 1187 279 dignitate
1201 244 1302 279 privari
1314 243 1444 278 jubemus
1460 252 1467 272 :
1483 243 1527 272 sin
1543 248 1633 272 autem
1650 244 1737 271 laicus

106 294 156 329 τῆς
171 294 312 329 ῐερατικῆς
334 293 413 326 ἀξίας
433 293 655 329 προστάσσομεν·
673 293 699 320 εί
720 293 750 320 δὲ
767 292 862 324 λαῖκὺς
875 292 893 328 ἢ

108 339 235 375 μοναχδς,
249 339 437 374 ἀφορίζεσθαι.

161 385 268 412 Βιϐλίον
280 386 320 418 A',
332 386 386 414 τίτ.
403 385 438 418 α’,
455 385 575 418 διάταξις
587 387 623 417 α’,
643 384 675 417 ε’,
691 387 717 417 ς’
728 403 736 417 ν
753 384 786 417 ξ’,
801 386 838 416 η’-

141 430 268 457 ΚΕΦΔΛ.
279 431 317 458 Β’.
330 447 365 454 ——
374 431 481 464 Ποίους
489 431 536 458 δεῖ
544 431 674 463 κανόνας
684 430 816 464 κρατεῖν.

271 518 384 545 Συνόδου
398 519 570 555 Χαλκηδόνος
585 520 676 547 κανὼν
689 523 724 548 α’.

142 567 177 591 α’.
191 565 260 597 Τοὺς
279 565 355 601 παρὰ
370 566 423 592 τῶν
446 566 533 600 ἁγίων
548 566 679 602 Πατέρων
695 566 757 594 καθ’
772 566 890 601 ἑκάστην

106 610 215 638 σύνοδον
237 612 299 647 ἀχρι
316 612 363 639 τοῦ
377 612 425 640 νῦν
444 612 603 645 ὲκτεθέντας
627 613 755 647 κανόνας,
779 615 890 649 κρατεῖν

105 656 314 692 ὲδικαιώσαμεν.

247 703 380 731 Συνόὸου
395 703 603 739 Καρθαγνέννης
616 704 716 732 κανὼν
732 707 766 733 α’.

142 746 176 775 α’.
199 749 292 776 Ταῦτα
320 749 406 781 οὕτως
425 751 491 785 παρ’
510 751 576 785 ἡμῖν
593 750 687 786 ἔχοντα
712 751 747 777 τὰ
765 750 810 777 ῐσα
835 750 890 778 τῶν

105 795 278 830 δρισθέντων,
292 795 363 831 ἅπερ
389 796 449 822 τότε
464 797 488 823 οἱ
509 797 630 832 Πατὲρες
650 797 728 832 ἡμῶν
743 798 775 824 ὲκ
794 797 843 832 τῆς
860 798 889 825 ὲν

105 841 207 877 Nimia
219 842 326 868 συνόδου
343 842 402 878 μεθ’
421 843 527 870 έαυτῶν
545 844 718 878 κατήγαγον·
735 841 770 881 ἦς
784 843 829 870 τὸν
840 843 889 870 τύ-

106 895 157 912 πον
180 885 348 920 φυλάττοντα
373 888 406 914 τὰ
435 888 557 923 ἑπόμενα
580 889 628 916 καὶ
656 888 802 925 ὁρισθέντα
824 889 888 925 παρ’

105 931 194 967 ἡμῶν,
213 932 397 967 βεϐαιωθέντα
412 933 595 969 φυλαχθῶσιν.

210 980 346 1006 Συνόδου
361 980 570 1015 οίκουμενικῆς
587 984 624 1014 ς’,
639 981 740 1009 κανὼν
754 980 786 1016 β’.

138 1023 271 1059 β’.Ἕδοξε
290 1025 318 1051 δὲ
335 1026 382 1053 καὶ
394 1026 472 1053 τοῦτο
488 1029 521 1062 τῇ
533 1027 599 1063 ἁγίᾳ
613 1027 699 1063 ταύτῃ
713 1027 814 1062 συνόδῳ
826 1026 893 1054 κάλ-

103 1071 182 1097 λιστά
198 1079 227 1097 τε
251 1071 299 1098 καὶ
326 1072 533 1104 σπουδαιότατα,
549 1071 619 1100 ὥστε
649 1074 739 1108 μένειν
766 1073 812 1100 καὶ
839 1073 893 1100 ἀπὸ

103 1117 151 1142 τοῦ
167 1117 215 1143 νῦν
237 1117 362 1152 βεὸαίους
375 1119 434 1145 -καὶ
448 1119 593 1153 ἀσφαλεῖς,
612 1119 681 1154 πρὸς
695 1119 788 1154 ψυχῶν
810 1118 892 1154 θερα-

104 1163 184 1189 πείαν
200 1163 248 1189 καὶ
264 1163 384 1198 ἰατρείαν
407 1164 515 1196 παθῶν,
528 1165 591 1196 τοὺς
612 1164 665 1191 ὑπὸ
679 1165 734 1191 τῶν
748 1165 801 1200 πρὸ
815 1165 894 1201 ἡμῶν

105 1206 191 1239 ἁγίων
208 1207 254 1232 καὶ
268 1207 412 1243 μακαρίων
433 1209 563 1244 Πατέρων
577 1208 721 1244 λεχθέντας
735 1210 782 1236 καὶ
801 1218 894 1245 κυρω-

105 1252 212 1284 θέντας,
233 1252 302 1280 ἁλλὰ
325 1253 379 1288 μὴν
393 1253 445 1289 καὶ,
466 1254 668 1290 παραδοθέντας
688 1256 763 1291 ἡμῖν,
781 1256 893 1290 ὀνόματι

103 1298 160 1324 τῶν
185 1297 270 1331 ἁγίων
292 1299 340 1325 καὶ
370 1299 484 1332 ἐνδόξων
505 1300 679 1334 ἀποστόλων,
697 1300 740 1328 πε’
765 1301 892 1334 κανόνας.

113 1343 223 1380 Ἐπειδὴ
236 1345 264 1371 δὲ
275 1346 306 1372 ὲν
317 1345 422 1378 τούτοις
440 1346 497 1378 τοῖς
511 1347 621 1374 κανόσιν
638 1347 806 1380 ὶντέταλται,
817 1347 894 1383 δέχε-

105 1388 170 1416 σθαι
183 1391 256 1424 ἡμᾶς
268 1390 318 1422 τὰς
328 1391 382 1418 τῶν
395 1392 583 1434 αὐτῶνγὰγίων
596 1393 752 1420 ἀποστόλων
763 1394 808 1420 διὰ
821 1393 894 1429 Κλή-

105 1443 202 1470 μεντος
213 1436 358 1470 διατάξεις,
367 1435 469 1464 αἷστισι
494 1438 576 1465 πάλαι
591 1439 644 1465 ὑπὸ
657 1439 712 1465 τῶν
721 1439 892 1475 ἑτεροδόξων,

103 1481 152 1507 ιπι
165 1481 238 1517 λύμῃ
253 1483 303 1518 τῆς
321 1482 496 1519 Ἐκκλησίας,
512 1484 577 1511 νόθα
590 1484 652 1511 τινὰ
670 1484 733 1517 ξένα
753 1486 802 1520 τῆς
814 1485 892 1512 εὺσεο

103 1525 182 1558 δείας
197 1528 427 1563 παρενετὲθησαν,
439 1529 469 1556 τὸ
483 1530 620 1567 εὐπρεπὲς
634 1531 732 1564 κάλλος
746 1532 799 1558 τῶν
814 1532 893 1561 θείων

102 1572 246 1621 δογμάτων
259 1575 328 1621 ἡμῖν
338 1575 548 1611 ἁμαυρώσαντα,
561 1578 610 1612 τὴν
624 1577 678 1604 τῶν
693 1577 821 1605 τοιούτων
832 1578 888 1605 δια·
904 1588 928 1621 c

101 1617 208 1657 τάξεων
224 1619 538 1658 προσφόρωςλὰποὸολὴν
559 1622 733 1658 πεποιήμεθα
753 1623 820 1658 πρὸς
840 1624 889 1658 τὴν

101 1655 150 1678 τοῦ
189 1655 446 1688 χριστιανικωτάτου
492 1655 617 1691 ποιμνίου
653 1655 801 1694 οἰκοδομὴν
844 1655 892 1685 κάι

101 1697 273 1731 ἀσφάλειαν,
307 1699 432 1735 οὐδαμῶς
467 1701 641 1737 ἐγκρίνοντες
676 1703 710 1730 τὰ
735 1703 786 1738 τῆς
816 1704 892 1739 αἱρε-

101 1743 182 1778 τικῆς
207 1743 380 1780 ψευδολογίας
408 1747 545 1782 κυήματα,
573 1748 620 1775 καὶ
649 1750 682 1785 τῇ
706 1750 806 1786 γνησίᾳ
837 1750 892 1777 τῶν

100 1789 260 1816 ἀποστόλων
278 1791 325 1817 καὶ
339 1791 478 1828 ὁλοκλήρῳ
487 1793 580 1829 διδαχῇ
594 1795 809 1830 παρενείροντες.
818 1796 893 1823 Ἐπι-

101 1835 292 1870 σφραγίζομεν
311 1836 339 1863 δὲ
359 1837 407 1864 καὶ
438 1839 505 1870 τοὺς
525 1839 634 1871 λοιποὺς
662 1841 765 1873 πάντας
803 1841 892 1877 ἱεροὺς

100 1878 230 1912 κανόνας,
257 1880 309 1907 ὑπὸ
330 1881 385 1908 τῶν
414 1882 498 1917 ἁγίων
523 1884 570 1910 καὶ
594 1886 738 1921 μακαρίων
763 1886 892 1921 Πατέρων

100 1925 182 1960 ἡμῶν
208 1926 386 1960 ἑκτεθέντας,
405 1929 528 1956 τουτέστι
546 1930 600 1957 τῶν
614 1939 644 1957 τε
667 1932 696 1958 ὲν
711 1932 812 1967 Nini;
828 1941 891 1959 συν-

99 1972 136 1997 αθ
139 1971 215 2006 ροισο
219 1971 301 1999 έντων
309 1973 363 2009 τιη¹
371 1973 456 2008 ἁγίων
463 1975 534 2002 Πατέ
537 1984 602 2010 ρων,
611 1976 717 2004 καὶτῶν
724 1978 753 2004 ὲν
761 1978 892 2014 Ἀγκύρᾳ,

99 2016 141 2042 ετι
149 2016 203 2051 μὴν
211 2017 319 2044 καὶτῶν
329 2019 358 2046 ὲν
368 2019 578 2056 Νεοκαισαρείᾳ,
597 2021 727 2054 ὡσαύτως
739 2023 785 2049 καὶ
796 2023 850 2049 τῶν
862 2023 890 2050 ὲν

100 2060 253 2096 Γάγγραις,
267 2062 336 2098 πρὸς
346 2063 374 2090 δὲ
385 2064 432 2090 καὶ
445 2065 500 2091 τῶν
509 2065 539 2092 ἑν
559 2065 709 2102 ’Δντιοχείᾳ
719 2067 768 2102 τῆς
779 2068 889 2103 Συρίας,

98 2106 172 2133 ἀλλὰ
184 2107 238 2142 μὴν
248 2108 296 2134 καὶ
306 2108 360 2135 τῶν
371 2110 400 2135 ὲν
408 2110 554 2146 Λαοδικείᾳ
563 2111 613 2145 τῆς
623 2112 752 2148 Φρυγίας,
760 2113 891 2146 ὡσαύτως

98 2153 147 2179 καὶ
161 2152 217 2179 τῶν
230 2154 259 2180 ὲν
272 2154 401 2191 Μρδικῇ,
414 2156 454 2183 ἔτι
470 2156 522 2192 μὴν
536 2157 582 2185 καὶ
594 2158 648 2186 τῶν
660 2159 688 2186 ὲν
699 2159 889 2196 Καρθαγέννῃ,

100 2197 215 2232 προσέτι
233 2199 281 2225 καὶ
305 2199 360 2226 τῶν
376 2199 416 2236 ρν¹
431 2201 487 2228 τῶν
502 2202 531 2228 ὲν
551 2202 638 2238 ταύτῃ
659 2205 692 2240 τῇ
716 2204 890 2241 θεοφυλάκτῳ

99 2245 149 2272 καὶ
164 2245 280 2280 βασιλίδι
300 2247 480 2276 συνελθόντων
498 2249 584 2284 πόλει,
605 2251 651 2278 ἐπὶ
665 2251 818 2287 Νεκταρίου
841 2253 887 2279 τοῦ

98 2290 149 2326 τῆς
162 2291 298 2326 βασιλίδος
307 2293 409 2329 ταύτης
421 2295 525 2327 πόλεως
538 2296 681 2332 προέδρου,
693 2298 741 2324 καὶ
752 2298 884 2334 Τιμοθέου

96 2336 147 2363 τοῦ
164 2338 311 2372 γενομένου
337 2339 541 2376 Ἀλεξανδρείας
564 2343 797 2378 ἀρχιεπισκόπου’
817 2344 886 2373 ἀλλά

99 2382 156 2416 μὴν
178 2382 226 2408 καὶ
251 2383 315 2415 τοὺς
334 2385 471 2412 Διονυσίου
496 2387 709 2423 ἀρχιεπισκόπου
738 2389 884 2425 γενομένου

96 2426 150 2462 τῆς
171 2427 367 2465 Ἀλεξανδρέων
381 2432 597 2467 μεγαλοπόλεως,
615 2434 662 2462 καὶ
687 2435 791 2471 Πέτρου
804 2437 885 2472 ἀρχι-

96 2474 251 2500 επισκόπου
273 2476 322 2511 τῆς
345 2477 431 2513 αὐτῆς
454 2479 649 2516 ’Δλεξανδρέων
671 2482 717 2509 καὶ
736 2482 884 2518 μάρτυρος,

96 2519 252 2555 Γρηγορίου
265 2521 415 2550 ἐπισκόπου
437 2526 587 2560 γενομένου
603 2527 818 2563 Νεοκαισαρείας
837 2529 884 2557 τοῦ

95 2565 326 2602 Θαυματουργοῦ,
347 2569 504 2598 Ἀθανασίου
525 2572 740 2607 ἁρχιεπισκόπου
761 2574 885 2608 Ἀλεξαν-

95 2610 351 2645 δρεία;,”Βασιλείου
361 2615 575 2651 ἁρχιεπισκόπου
588 2619 755 2656 Καισαρείας
766 2621 885 2648 Καππα-

94 2656 201 2702 δοκίας,
217 2658 366 2694 Γρηγορίου
381 2662 530 2689 ἐπισκόπου
538 2663 659 2700 Νύσσης,
674 2665 823 2702 Γρηγορίου
834 2667 882 2694 τοῦ

95 2701 248 2749 Θεολόγου,
271 2703 445 2741 Ἀμφιλοχίου
470 2708 517 2734 τοῦ
538 2709 659 2743 Ἰκονίου,
673 2711 805 2746 Τιμοθέου
830 2713 881 2749 ἁρ-

93 2747 279 2781 χιεπισκόπου
298 2752 444 2789 γενομένου
464 2752 665 2788 Ἀλεξανδρείας
676 2754 723 2781 τοῦ
736 2747 881 2792 προτέρου,

946 289 990 317 vel
1005 289 1169 322 monachus,
1186 287 1331 323 segregari.

1032 382 1114 409 Liber
1129 381 1150 415 Ι,
1164 382 1205 409 tit.
1222 390 1253 415 ιι,
1268 382 1428 409 constitutio
1447 383 1472 414 Ι,
1492 382 1518 415 5,
1536 382 1562 416 6,
1575 384 1601 414 7.
1617 383 1644 410 8.

979 427 1057 455 CAP.
1075 428 1108 456 ll.
1123 443 1155 448 —
1177 428 1275 461 ρυαιεε
1292 436 1403 456 canones
1421 433 1538 461 oporteat
1549 429 1736 456 auctoritatem

944 475 1065 502 retinere.

1092 520 1315 548 Chalcedonensis
1338 520 1442 548 concilii
1456 528 1541 547 canon
1557 520 1583 547 1.

980 567 1006 594 1.
1023 566 1103 600 Quia
1124 567 1226 594 sanctis
1258 566 1383 594 Patribus
1394 567 1421 593 in
1447 574 1611 601 unaquaque
1631 566 1735 602 synodo

944 612 1088 647 hucusque
1100 612 1217 646 expositi
1233 617 1308 644 sunt,
1331 612 1472 640 observari
1487 619 1609 640 canones
1624 619 1733 648 aequum

943 659 1112 686 censuimus.

1091 704 1205 732 Concilii
1228 704 1441 740 Carthaginensis
1462 713 1546 732 canon
1561 706 1586 732 l.

979 748 1004 775 Ι.
1021 749 1143 776 Aurelius
1161 750 1295 784 episcopus
1311 750 1379 776 dixit
1395 749 1450 783 (1’)“)
1465 758 1471 777 :
1486 750 1515 785 8
1529 749 1590 777 llaec
1609 750 1644 776 ita
1661 749 1732 784 apud

944 802 994 822 nos
1007 795 1142 822 habentur
1155 795 1321 830 exemplaria
1339 800 1515 827 statutorum,
1529 803 1590 830 qua:
1604 800 1667 822 tunc
1682 795 1732 822 Pa-

943 844 997 867 tres
1012 841 1097 867 nostri
1111 841 1144 868 de
1161 841 1279 868 concilio
1307 841 1417 868 Nicaeno
1433 849 1527 869 secum
1551 842 1708 869 detulerunt
1723 848 1731 868 :

942 886 1022 920 cujus
1041 886 1155 913 fortunam
1174 891 1326 919 servantes.
1347 888 1404 914 haec
1422 895 1483 922 qua:
1495 892 1648 922 sequuntur
1664 895 1732 915 con-

902 921 927 951 Β
945 932 1042 960 stiluta
1055 952 1063 965 ,
1084 932 1190 959 ﬁrmata
1204 939 1218 959 a
1236 932 1315 959 nobis
1335 921 1535 961 custodientur.

1093 977 1208 1005 Concilii
1221 978 1372 1005 mcumenici
1388 986 1426 1010 vr,
1442 986 1527 1005 canon
1542 978 1570 1005 2.

975 1024 1003 1050 2.
1022 1023 1079 1051 Hoc
1102 1031 1210 1059 quoque
1228 1024 1291 1051 huic
1307 1029 1410 1051 sancta:
1430 1024 1534 1059 synodo
1550 1023 1730 1058 pulcherrime

941 1073 968 1096 et
983 1068 1178 1097 honestissime
1206 1069 1318 1104 placuit,
1339 1074 1368 1096 ut
1398 1069 1434 1096 ab
1453 1070 1504 1096 hoc
1519 1077 1592 1096 nunc
1609 1074 1730 1104 tempore

942 1114 1069 1149 deinceps
1081 1114 1113 1141 ad
1131 1114 1286 1142 animarum
1307 1115 1439 1142 medelam
1456 1120 1482 1142 et
1493 1115 1728 1150 perturbationum

942 1161 1109 1187 curationem
1126 1160 1196 1188 tirmi
1207 1160 1375 1196 stabilesque
1389 1165 1526 1194 maneant,
1541 1161 1587 1195 qui
1603 1168 1617 1187 a
1628 1161 1729 1188 sanctis

943 1206 1072 1234 Patribus
1087 1207 1132 1241 qui
1151 1214 1203 1234 nos
1218 1211 1430 1241 praecesserunt,
1447 1207 1566 1242 suscepti
1584 1215 1615 1234 ac
1629 1207 1729 1234 contir-

943 1252 1007 1278 mati
1015 1257 1088 1285 sunt,
1096 1258 1178 1287 atque
1184 1252 1251 1279 adeo
1262 1253 1340 1280 nobis
1347 1253 1427 1279 etiam
1437 1253 1526 1279 traditi
1536 1257 1610 1285 sunt,
1618 1257 1730 1280 sancto—

943 1305 1005 1324 rum
1020 1302 1047 1325 et
1061 1297 1241 1333 gloriosorum
1267 1298 1450 1333 apostolorum
1467 1299 1577 1325 nomine
1591 1299 1727 1333 octoginta

943 1343 1064 1378 quinque
1075 1351 1203 1372 canones.
1217 1344 1352 1376 Quoniam
1363 1349 1453 1371 autem
1465 1344 1493 1371 in
1503 1344 1544 1372 his
1553 1344 1632 1371 nobis
1645 1351 1728 1371 cano-

943 1389 1023 1417 nibus
1030 1395 1194 1424 praeceptum
1201 1395 1285 1423 est,ut
1291 1391 1448 1417 eorumdem
1457 1395 1612 1417 sanctorum
1622 1395 1726 1425 aposto-

942 1435 1030 1462 lorum
1051 1443 1097 1470 pcr
1107 1435 1272 1463 Clementem
1291 1437 1504 1464 constitutiones
1525 1436 1728 1471 susciperemus

943 1479 1044 1514 quibus
1062 1479 1118 1514 jam
1135 1479 1201 1506 olim
1226 1479 1260 1506 ab
1274 1479 1307 1507 iis
1325 1479 1371 1515 qui
1387 1479 1440 1507 ﬁde
1459 1480 1546 1507 aliena
1562 1481 1682 1507 sentiunt
1695 1480 1728 1507 ad

942 1525 1029 1552 labem
1048 1524 1176 1553 Ecclesiae
1194 1526 1407 1560 aspergendam,
1433 1526 1584 1553 adulterina
1605 1527 1728 1561 quaedam

944 1575 971 1598 et
989 1578 1002 1596 a
1016 1571 1117 1606 pietate
1136 1571 1224 1598 aliena
1240 1571 1394 1598 introducta
1413 1576 1486 1603 sunt,
1500 1579 1560 1606 quae
1575 1572 1728 1599 divinorum

945 1616 1026 1644 nobis
1045 1617 1218 1644 decretorum
1234 1617 1383 1652 elegantem
1407 1624 1439 1644 ac
1461 1617 1587 1644 decoram
1611 1618 1728 1652 speciem

943 1662 1141 1694 obscurarum,
1168 1663 1218 1689 has
1233 1662 1441 1690 constitutiones
1452 1662 1485 1690 ad
1509 1662 1728 1690 christianissimi

943 1708 1031 1743 gregis
1045 1707 1253 1735 aediﬁcationem
1276 1715 1308 1735 ac
1325 1708 1500 1735 securitatem
1521 1708 1729 1736 conducibiliter

943 1753 1106 1788 rejecimus,
1135 1753 1267 1780 haeretica:
1295 1752 1423 1781 falsitatis
1452 1753 1522 1780 fetus
1555 1760 1728 1787 nequaquam

946 1797 1127 1826 admittentes
1143 1819 1151 1832 ,
1166 1803 1193 1826 et
1206 1807 1343 1834 germanae
1357 1806 1389 1826 ac
1410 1799 1520 1833 integra:
1543 1799 1728 1833 apostolomm

943 1843 1075 1871 doctrinae
1095 1844 1256 1872 inserentes.
1290 1845 1473 1880 Obsignamus
1497 1845 1578 1872 etiam
1610 1845 1729 1880 reliquos

943 1893 1039 1914 omnes
1054 1894 1184 1920 canones,
1200 1888 1248 1923 qui
1267 1896 1282 1916 a
1300 1889 1402 1917 sanctis
1415 1894 1441 1916 et
1457 1889 1543 1917 beatis
1561 1890 1661 1917 nostris
1676 1889 1728 1916 Pa-

941 1931 1030 1959 tribus
1046 1932 1163 1966 expositi
1176 1937 1258 1966 sunt,
1277 1933 1303 1960 id
1325 1937 1379 1966 est,
1394 1941 1409 1961 a
1432 1934 1559 1961 trecentis
1583 1934 1677 1961 decem
1701 1939 1728 1961 et

942 1981 1003 2004 octo
1019 1978 1123 2004 sanctis
1139 1985 1170 2006 ac
1181 1977 1307 2006 deil‘eris
1324 1978 1464 2012 Patribus,
1481 1980 1527 2014 qui
1545 1979 1641 2007 Nicaeae
1659 1987 1728 2006 con-

943 2030 1093 2057 venerunt;
1110 2024 1197 2060 iisque
1211 2025 1257 2060 qui
1272 2025 1403 2061 Ancyrae;
1420 2029 1447 2052 et
1461 2025 1495 2053 iis
1506 2025 1587 2052 etiam
1602 2026 1647 2060 qui
1658 2025 1728 2052 Neo-

942 2079 1086 2105 cazsareae;
1103 2072 1229 2099 similiter
1241 2076 1268 2099 et
1281 2072 1329 2107 qui
1347 2071 1483 2106 Gangris;
1501 2077 1631 2106 praeterea
1651 2075 1678 2098 et
1694 2071 1727 2098 iis

940 2117 987 2152 qui
1002 2117 1029 2143 in
1045 2117 1189 2145 Antiochia
1206 2117 1307 2154 Syriae;
1325 2122 1407 2152 atque
1419 2117 1452 2144 iis
1468 2118 1548 2144 etiam
1557 2117 1604 2152 qui
1618 2117 1644 2143 in
1658 2116 1726 2143 Lao-

940 2163 1018 2190 dicea
1035 2163 1158 2198 Phrygia:
1174 2173 1181 2191 :
1198 2167 1326 2198 praeterea
1341 2163 1468 2198 autems
1483 2168 1509 2190 et
1522 2166 1631 2190 centum
1646 2162 1726 2197 quin-

941 2209 1067 2243 quaginta
1081 2208 1207 2237 Patrihus
1220 2229 1228 2241 ,
1248 2209 1295 2244 qui
1315 2209 1342 2236 in
1363 2210 1414 2236 hac
1433 2217 1448 2236 a
1468 2209 1523 2236 Deo
1538 2201 1724 2237 conservanda

904 2254 926 2282 Ι)
941 2259 968 2282 et
980 2254 1114 2289 imperiali
1128 2254 1237 2282 civitate
1252 2261 1456 2288 convenerunt;
1480 2260 1507 2282 et
1520 2256 1656 2288 ducentis,
1676 2256 1724 2291 qui

939 2298 965 2325 in
979 2297 1158 2332 Ephesiorum
1171 2300 1315 2334 metropoli
1333 2300 1408 2334 prius
1424 2300 1513 2328 coacti
1528 2305 1610 2334 sunt;
1622 2305 1648 2328 et
1661 2310 1724 2329 sex-

938 2343 1026 2371 centis
1041 2344 1151 2379 triginta
1165 2345 1269 2373 sanctis
1288 2349 1315 2372 et
1326 2346 1412 2373 beatis
1426 2346 1562 2380 Pati-ibus,
1575 2347 1622 2382 qui
1640 2346 1723 2375 Chal-

938 2390 1060 2418 cedone:
1079 2390 1205 2418 similiter
1219 2396 1246 2419 et
1264 2392 1297 2419 iis
1315 2391 1362 2427 qui
1375 2391 1494 2420 Sardica:
1511 2400 1518 2420 :
1537 2397 1564 2421 et
1590 2394 1637 2429 qui
1653 2393 1722 2421 Car-

940 2435 1058 2470 thagine,
1072 2441 1097 2463 et
1111 2436 1158 2471 qui
1171 2444 1268 2464 rursus
1291 2436 1319 2463 in
1336 2437 1388 2464 hac
1402 2436 1449 2464 Dei
1465 2438 1578 2466 cultrice
1593 2442 1620 2466 et
1636 2439 1722 2473 impe-

937 2482 1036 2509 ratrice
1047 2482 1112 2509 urbe
1121 2487 1306 2510 convenerunt
1316 2483 1368 2510 sub
1376 2482 1513 2516 Nectario,
1520 2485 1567 2519 qni
1577 2484 1721 2519 imperanti

939 2527 1004 2555 huic
1030 2528 1133 2555 civitati
1161 2528 1345 2564 praesidebat;
1374 2534 1401 2557 et
1424 2529 1575 2565 Theophila
1599 2531 1645 2566 qui
1670 2531 1722 2558 fuit

937 2573 1107 2601 Alexandria:
1133 2574 1366 2609 archiepiscopus.
1398 2575 1468 2609 Quin
1495 2577 1577 2603 etiam
1602 2583 1722 2604 canones

937 2617 1072 2654 Dionysii,
1099 2618 1144 2654 qui
1173 2618 1224 2646 l'uit
1240 2619 1463 2654 archiepiscopus
1479 2627 1584 2655 magna:
1600 2619 1720 2646 Alexan-

936 2665 1077 2693 drinorum
1097 2665 1236 2693 civitatis:
1253 2671 1279 2693 et
1303 2665 1386 2699 Petri,
1408 2667 1454 2702 qui
1483 2667 1535 2694 fuit
1548 2666 1720 2694 Alexandriae

935 2711 1157 2747 archiepiscopus
1186 2716 1214 2739 et
1237 2718 1340 2748 martyr
1359 2721 1366 2739 :
1387 2711 1508 2748 Gregorii
1535 2712 1718 2740 Neocaesarere

935 2758 1055 2793 episcopi
1071 2757 1269 2794 Thaumaturgi
1285 2769 1291 2786 :
1306 2757 1450 2786 Athanasii
1471 2758 1645 2786 Alexandrini
1673 2765 1718 2784 ar-

875 2817 993 2845 NOTAE.

130 2856 186 2890 (5")
202 2856 229 2883 In
245 2864 286 2885 ms
302 2857 435 2885 Aurelius.
