1960 3076
220 165 271 198 451

803 167 934 198 ΡΗΟΤΙΙ
950 165 1202 198 ΡΑΤΗῙᾹΒΟΠᾸΞ
1219 165 1275 196 CP.
1308 173 1311 178 '

1800 165 1853 198 452

221 224 409 260 chiepiscopl;
427 223 520 252 Basilii
534 223 734 260 archiepiscopi
750 223 883 252 Ctesareze
901 223 1007 259 Cappa-

1061 223 1201 258 Θεοφίλου,
1218 220 1436 258 ἀρχιεπισκόπου
1447 220 1497 256 τῆς
1518 219 1721 255 ’Δλεξανδρέων
1737 222 1853 257 μεγαλα.

221 271 321 298 ἀοοίιεε
333 271 456 306 Gregorii
472 271 592 306 episcopi
607 271 711 307 Nyssae,
727 270 850 305 Gregorii
866 269 1009 306 Theologi,

221 316 404 351 Amphilochii
420 316 515 348 lconii,
528 316 662 344 Timothei
679 316 778 352 prioris
790 337 797 349 ,
813 315 1009 351 archiepiscopi

220 362 428 395 Alexandricae;
473 361 618 397 Theophili
651 361 846 397 archiepiscopi
886 361 1009 396 ejusdem

221 408 392 436 Alexandriae
406 417 413 436 :
425 407 520 443 Cyrilli
547 407 671 442 eiusdem
688 407 858 435 Alexandria:
875 406 1012 441 archiepi-

221 455 314 489 scopi,
330 458 358 481 et
374 453 518 487 Gennadii,
532 453 578 488 qui
593 453 644 481 fuit
657 453 812 488 patriarcha
828 453 910 488 hujus
925 461 940 480 a
954 452 1010 480 Deo

221 500 362 527 servanda:
378 504 406 527 et
428 500 589 535 imperantis
604 499 734 527 civitatis.
758 498 891 526 Praeterea
904 506 969 525 vero
984 502 1011 526 et

221 553 236 572 a
248 545 397 581 Cypriane,
410 546 457 581 qui
473 545 603 574 Afrorum
619 545 740 581 regionis
762 545 813 572 fuit
827 545 1010 580 archiepisco-

220 597 271 624 pus
286 594 313 617 et
327 595 440 626 martyr,
458 595 484 618 et
504 590 608 625 synodo
633 597 694 624 qua:
708 590 759 618 sub
772 590 832 625 ipso
847 590 909 621 fuit,
924 589 1010 617 emis-

221 643 282 663 sum
296 643 441 669 canonem,
454 637 500 672 qui
523 637 552 664 in
571 637 763 671 praedictorum
780 636 926 671 praesulum
943 635 1010 663 locis

221 683 317 715 solus,
337 683 488 710 secundum
502 683 630 711 traditam
645 683 686 711 eis
703 683 938 715 consuetudinem,
952 689 1010 710 scr-

220 734 301 756 vatus
313 734 366 757 est.
385 728 418 756 Et
434 730 500 757 nulli
524 730 607 758 licere
622 729 699 765 prius
714 729 867 756 declaratos
889 735 1009 755 canones

220 775 385 808 adulterare,
400 775 444 802 vel
464 782 519 802 non
535 775 689 808 admittere,
706 774 748 802 vel
767 774 835 801 alios
853 779 951 808 praeter
965 773 1009 800 hic

220 821 377 855 propositos
401 821 523 856 recipere
547 828 687 854 canones,
711 828 726 848 a
751 819 915 855 quibusdam
939 818 1008 847 falsa

220 865 324 900 adjecta
340 867 520 901 inscriptione
534 867 715 901 compositos,
727 867 773 901 qui
790 866 928 893 veritatem
940 872 1009 892 eau-

218 913 314 946 pouari
327 914 417 940 conati
431 917 504 940 sunt.
521 912 551 940 Si
567 913 628 948 quis
644 917 749 945 autem,
772 912 845 947 quod
862 912 1006 947 pnedicto-
1024 903 1045 931 Β

219 965 279 985 rum
303 966 439 986 canonum
470 959 588 993 aliquem
619 958 751 986 innovare
780 958 823 986 vel
850 958 1008 985 subvertere

1061 268 1178 301 πόλεως,
1200 268 1249 295 καὶ
1272 266 1421 303 Κυρίλλου,
1438 266 1486 293 καὶ
1514 266 1656 294 Γενναδίου
1680 267 1852 303 πατριάρχου

1060 315 1206 350 γενομένου
1231 314 1280 349 τῆς
1303 312 1489 348 θεοφυλάκτου
1511 313 1613 348 ταύτης
1640 313 1688 340 καὶ
1718 313 1854 348 βασιλίδος

1060 360 1174 394 πόλεως,
1191 359 1231 387 ἔτι
1245 360 1299 396 μὴν
1315 359 1364 387 καὶ
1383 359 1430 388 τὸν
1451 359 1506 387 ὑπὸ
1525 359 1686 395 Κυπριανοῦ
1702 359 1750 386 τοῦ
1776 367 1854 394 γενο-

1061 407 1146 443 μένου
1164 407 1380 443 ἁρχιεπισκόπου
1403 406 1453 441 τῆς
1475 405 1586 440 ’Δφρῶν
1608 404 1701 441 χώρας
1722 405 1771 432 nul.
1784 405 1854 440 μάρ-

1060 461 1152 489 τυρος,
1166 453 1268 487 καὶτῆς
1286 452 1347 480 κατ’
1356 453 1436 479 αὑτὸν
1446 452 1554 479 συνόδου
1568 451 1716 478 ἐκτεθέντα
1731 451 1831 478 κανόνα
1843 459 1852 468 ο

1060 498 1090 531 ὃς
1104 500 1133 525 ὲν
1146 500 1202 531 τοῖς
1216 499 1271 526 τῶν
1296 498 1505 534 προειρημένων
1524 497 1665 533 προέδρων
1686 497 1782 529 τόποις
1805 497 1853 524 καὶ

1061 545 1152 580 μόνον,
1169 545 1241 572 κατὰ
1256 544 1287 571 τὺ
1300 544 1454 581 παραδοθὲν
1464 544 1558 576 αὐτοῖς
1572 543 1634 575 ἔθος
1647 543 1793 579 ἐκράτησε,
1805 543 1853 570 καὶ

1062 591 1157 627 μηδενὶ
1181 590 1281 623 ἐξεῖναι
1305 591 1369 623 τοὺς
1383 590 1609 626 προδηλωθέντας
1629 589 1852 625 παραχαράττειν

1060 637 1177 668 κανόνας
1192 637 1210 672 ἦ
1227 632 1347 669 ἆθετεῖν,
1365 636 1382 673 ἢ
1395 635 1507 673 ἑτέρους
1521 635 1597 671 παρὰ
1618 636 1682 667 τοὺς
1697 635 1852 671 προκειμὲ-

1059 690 1121 714 νους
1150 682 1354 718 παραδέχεσθαι
1385 682 1521 715 κανόνας,
1547 681 1777 716 ψευδεπιγράφως
1799 680 1852 707 ὑπό

1058 734 1141 754 τινων
1163 727 1356 760 συντεθέντας,
1381 735 1438 754 των
1458 726 1508 762 τὴν
1533 726 1663 760 ἀλήθειαν
1684 724 1852 760 καπηλεύειν

1059 773 1303 808 ἐπιχειρησάντων.
1318 773 1350 799 El.
1365 772 1393 799 δέ
1405 781 1446 804 τις
1459 772 1516 807 ἁλῷ
1525 772 1627 799 κανόνα
1642 771 1703 799 τινὰ
1713 771 1768 798 τῶν
1778 772 1854 806 εῑρη-

1061 819 1150 855 μένων
1167 820 1352 855 καινοτομῶν,
1370 820 1389 855 ἢ
1407 819 1573 854 ἀνατρέπειν
1589 818 1748 854 ἐπιχειρῶν,
1765 817 1851 845 ὑπεύ-

1061 865 1140 898 θυνος
1156 866 1233 893 ἔσται
1254 865 1327 893 κατὰ
1350 865 1396 892 τὸν
1423 865 1543 892 τοιοῦτον
1566 865 1667 892 κανόνα
1684 873 1690 880 ·
1711 864 1749 896 ὡς
1771 864 1853 895 αὐτὸς

1060 912 1228 947 διαγορεύει,
1252 912 1302 948 τὴν
1325 912 1468 948 ἐπιτιμίαν
1482 911 1638 946 δεχόμενος,
1656 910 1704 937 καὶ
1720 910 1753 937 δι’
1769 909 1852 936 αὐτοῦ

1061 958 1090 985 ὲν
1110 955 1187 994 ᾧπερ
1200 958 1292 985 πταίει
1306 958 1534 994 θεραπευόμενος.

217 1009 342 1037 conetur,
360 1005 502 1034 conviclus
519 1005 611 1039 fuerit,
624 1012 687 1032 reus
706 1005 759 1032 erit
776 1004 927 1032 secundum
943 1011 1005 1031 eum
1021 1012 1166 1038 canonem,
1180 1009 1211 1033 ut
1232 1005 1294 1041 ipso
1320 1006 1483 1041 pronuntiat
1505 1012 1606 1038 canon,
1627 1010 1735 1040 pteuam
1763 1002 1852 1034 luens,

217 1054 244 1077 et
258 1058 306 1085 per
329 1049 417 1084 ipsum
446 1050 473 1077 in
505 1058 548 1082 eo,
565 1051 607 1083 {in
634 1058 689 1085 quo
707 1050 831 1083 oﬂendit,
858 1050 993 1078 medelam
1012 1051 1176 1086 suscipiens.
1614 1050 1621 1056 ’

317 1088 438 1122 Ὀοηεὶίὶε
453 1093 557 1122 Nil-aeni
575 1099 606 1122 'n
627 1103 739 1122 canones
757 1094 781 1127 l,
799 1094 827 1124 2.

253 1139 280 1166 1.
301 1138 337 1166 lis
350 1140 397 1174 qui
423 1140 622 1167 sacerdotalem
643 1141 802 1175 dignitatem
825 1140 915 1168 sortiti
931 1144 1006 1174 sunt,

217 1185 374 1212 testimonia
407 1189 435 1212 et
465 1185 499 1212 ad
536 1191 609 1214 recte
640 1193 670 1214 se
700 1185 848 1222 gerendum
882 1186 1006 1214 instituta

216 1233 282 1257 sunt
315 1230 512 1257 canonicarum
540 1231 768 1259 constitutionum
798 1231 1006 1266 descriptiones.

218 1275 271 1310 ιο
282 1275 356 1309 Quas
369 1283 431 1302 cum
449 1275 619 1311 diviniloquo
633 1276 719 1304 David
735 1276 860 1304 lubenter
875 1277 1008 1312 recipien-

218 1327 275 1354 tes,
307 1321 340 1348 ad
370 1320 516 1349 Dominum
547 1327 711 1356 cantamus,
739 1322 935 1350 dicentes:1n
963 1323 1007 1350 via

216 1367 405 1393 mandatorum
420 1372 525 1394 tuorum
537 1367 642 1395 [artatus
654 1376 723 1400 sum,
740 1373 867 1403 tanquam
878 1368 906 1395 in
921 1369 1007 1395 omni-

217 1411 265 1438 bus
277 1412 379 1439 divitiis
391 1412 402 1428 ⁸
420 1422 426 1440 :
443 1417 480 1445 et,
494 1412 630 1440 Mandasti
640 1413 780 1447 justitiam
796 1413 946 1440 testimonia
960 1419 1007 1440 tua

215 1457 244 1483 in
266 1455 394 1485 stecnlum
406 1458 416 1474 ³
431 1467 438 1485 :
453 1474 488 1478 —
504 1458 670 1486 Intellectum
687 1459 722 1486 da
743 1458 819 1491 mihi,
845 1463 870 1486 et
892 1459 973 1486 vitam
983 1459 1005 1487 ⁸.

215 1502 251 1530 Et
269 1503 292 1531 si
310 1504 337 1530 in
359 1505 490 1532 saeculum
513 1505 654 1539 uosjubet
677 1512 729 1532 vos
747 1505 907 1540 prophetica
928 1505 1006 1533 testi-

216 1550 307 1578 monia
321 1550 367 1577 Dei
384 1558 504 1584 servare,
531 1555 559 1579 et
575 1552 603 1578 in
623 1551 665 1579 eis
680 1551 783 1584 vivere,
802 1552 888 1588 liquet
904 1559 936 1579 ea
959 1559 1007 1578 ne-

215 1603 355 1631 quaquam
383 1596 582 1629 concutienda,
607 1597 738 1632 nullaque
769 1597 877 1625 ratione
906 1595 1008 1624 labefa‘

214 1642 314 1670 ctanda
330 1649 491 1677 permanere
508 1651 515 1669 :
532 1650 596 1669 nam
610 1646 637 1669 et
651 1643 825 1670 venerandus
844 1642 952 1678 Moyses
967 1642 1007 1670 sic

215 1688 255 1714 ait
270 1697 276 1714 :
295 1687 341 1714 Eis
361 1695 412 1714 non
427 1687 486 1714 licet
509 1687 615 1720 addere,
641 1695 686 1715 nec
700 1688 738 1715 eis
756 1687 815 1715 licet
836 1688 972 1715 detrahere
984 1689 1005 1716 ⁵.

216 1734 251 1760 Ει
265 1733 375 1761 divinus
391 1733 532 1768 apostolus
550 1733 648 1761 Petrus
670 1734 697 1761 in
726 1734 759 1761 iis
774 1733 898 1768 glorians
912 1734 1005 1761 excla-
1020 1726 1042 1755 (ἶ

218 1782 275 1805 mat
292 1787 299 1804 :
317 1778 357 1805 Ad
375 1786 434 1813 qua:
459 1779 546 1814 angeli
566 1779 701 1806 declinare
714 1779 867 1806 desiderant
879 1780 899 1806 ⁸.
918 1779 1008 1814 Atque

216 1823 300 1850 etiam
312 1823 503 1858 dicit_Paulus:
517 1823 631 1851 Etiamsi
643 1832 690 1851 nos
701 1826 739 1851 vel
751 1824 859 1860 angelus
869 1825 1009 1851 annuntiat

217 1870 289 1897 vobis
313 1869 399 1903 aliud,
422 1878 503 1905 quam
528 1870 598 1897 vobis
626 1871 852 1904 annuntiavimus,
879 1871 914 1898 sit
941 1878 1009 1897 ana-

218 1916 334 1944 thema".
360 1916 428 1944 Cum
450 1917 508 1944 inec
535 1924 600 1951 ergo
626 1917 663 1944 ita
690 1924 720 1944 se
742 1917 871 1950 habeant,
903 1920 930 1944 et
953 1916 1008 1943 sint

215 1962 297 1990 nobis
325 1967 435 1994 testata,
465 1963 499 1990 iis
524 1962 705 1996 exsultantes,
735 1967 765 1990 ut
789 1963 811 1990 si
829 1963 891 1998 quis
921 1962 1007 1990 multa

213 2008 304 2044 spolia
332 2008 475 2040 invenerit,
492 2007 601 2036 divinos
624 2015 745 2036 canones
762 2008 880 2036 libenter
904 2009 1008 2043 amplc-

213 2055 327 2087 ctimur,
344 2062 495 2090 eorumque
507 2055 733 2082 constitutionem
750 2053 883 2089 integram
902 2058 929 2081 et
945 2054 1008 2081 illa-

216 2100 407 2128 bel'actabilem
430 2100 640 2133 confirmamus,
666 2108 728 2135 qum
754 2101 828 2128 edita
854 2100 965 2128 fuerunt
991 2107 1006 2127 a

214 2147 304 2175 sancti
322 2146 443 2182 Spiritus
466 2147 550 2179 tubis,
573 2147 648 2174 omni
677 2155 710 2175 ex
729 2152 807 2181 parle
835 2146 1007 2174 celebrandis

213 2194 364 2230 apostolis,
392 2197 419 2221 et
442 2201 490 2221 sex
519 2194 623 2221 sanctis
647 2193 851 2221 uuiversalihus
877 2193 1005 2228 synodis,

214 2239 304 2274 iisque
326 2247 388 2274 quae
414 2239 447 2266 ad
470 2239 609 2274 ejusmodi
634 2239 807 2266 decretorum
832 2239 1005 2266 traditionem

209 2285 405 2319 provinciatim
433 2290 534 2312 coacta
559 2284 686 2318 fuerunt,
714 2289 741 2312 et
768 2285 872 2312 nostris
902 2284 1006 2312 sanctis

210 2329 352 2357 Patribus.
370 2330 409 2357 Ex
438 2338 493 2357 uno
516 2331 590 2358 enim
608 2337 705 2358 omnes
725 2331 879 2366 eodemque
902 2330 1006 2365 Spiritu

209 2375 373 2409 illuminati,
394 2384 455 2411 quae
477 2381 556 2404 erant
580 2376 657 2404 utilia
674 2377 854 2404 decreverunt
868 2385 875 2403 :
890 2381 916 2403 et
933 2384 1003 2411 quos
1019 2397 1041 2425 Β

207 2422 381 2449 anathemati
395 2422 505 2457 quidem
522 2423 723 2455 transmittunt,
739 2430 789 2449 nos
803 2429 914 2457 quoque
929 2430 1001 2449 ana-

208 2467 423 2496 thematizamus
438 2477 444 2496 :
461 2476 531 2503 quos
550 2476 614 2496 vero
628 2468 804 2504 depositioni,
821 2475 871 2496 nos
887 2475 1001 2503 quoque

209 2512 373 2549 deponimus
388 2523 395 2542 :
411 2521 481 2549 quos
499 2518 589 2541 autem
608 2513 801 2550 segregationi,
826 2520 877 2540 nos
904 2513 999 2541 itidem

208 2568 388 2596 κει-οεδιπυς
402 2570 409 2588 ε
421 2569 493 2596 quos
509 2567 600 2589 autem
617 2569 705 2597 poena:
719 2561 842 2593 tradunt,
860 2567 910 2588 “05
927 2567 1000 2596 quo-

208 2615 265 2642 que
282 2607 408 2635 similiter
426 2607 600 2642 subiicimus.
622 2607 661 2634 Ab
672 2607 787 2634 avaritia
813 2606 887 2635 enim
916 2606 998 2634 alieni

209 2660 297 2680 more:
321 2653 390 2686 sint,
409 2653 583 2688 prmentibus
608 2654 723 2681 contenti
734 2653 757 2686 ³,
773 2653 797 2680 is
816 2653 862 2687 qui
890 2652 1000 2680 tertium

208 2698 309 2727 caelum
329 2699 498 2731 conscendit,
513 2702 540 2726 et
553 2706 654 2726 arcana
667 2699 749 2726 verba
763 2698 880 2732 audivit,
896 2697 1000 2726 Paulus

207 2743 318 2772 divinus
336 2745 476 2780 apostolus
491 2749 585 2779 aperte
603 2743 783 2772 vociferatur.

243 2844 336 2874 'Psal.
353 2853 450 2880 cxvul,
468 2845 511 2873 Η.
542 2843 626 2873 'ibid.
643 2843 703 2872 l38.
724 2843 744 2888 ί·
756 2843 822 2873 ibid.
842 2843 901 2872 in.
942 2843 952 2860 ⁸
965 2843 1044 2872 Deut.

209 2887 268 2913 seq.

1097 1096 1234 1124 Συνόδου
1246 1097 1372 1129 Νικαίας
1384 1097 1418 1124 τὸ
1438 1096 1589 1130 δεύτερον,
1610 1094 1712 1122 κανὼν
1730 1094 1765 1127 α’,
1782 1093 1816 1129 β’.

1092 1144 1117 1167 α’
1129 1141 1194 1173 Τοῖς
1207 1141 1258 1177 τὴν
1274 1141 1415 1177 ἱερατικὴν
1429 1140 1558 1176 λαχοῦσιν
1573 1139 1663 1172 ἀξίαν,
1680 1138 1853 1174 μαρτύριάτι

1059 1187 1106 1214 καὶ
1121 1188 1334 1223 κατορθώματα,
1347 1187 1375 1214 αι
1394 1186 1449 1214 τῶν
1458 1185 1609 1213 κανονικῶν
1623 1184 1772 1216 διατάξεων
1790 1185 1854 1211 ὑπο-

1044 1232 1194 1265 ’τυπὼσεις
1214 1234 1286 1260 εἰσίν
1298 1242 1306 1250 ·
1328 1233 1362 1265 ἃς
1381 1233 1522 1268 δεχόμενοι
1538 1231 1678 1267 ἀσμένως,
1710 1231 1780 1266 μετὰ
1803 1230 1853 1257 τοῦ

1058 1279 1237 1315 θεοφάντορος
1263 1279 1347 1306 Δαϐὶδ
1374 1279 1473 1315 ᾄδομεν
1488 1279 1557 1314 πρὸς
1569 1278 1616 1305 τδν
1626 1279 1766 1312 Δεσπότην
1782 1277 1855 1304 Θεὸν

1057 1325 1245 1360 λέγοντες-Ἑν
1252 1325 1289 1360 τῇ
1295 1325 1353 1358 ὀδῷ
1361 1325 1420 1352 τῶν
1425 1325 1656 1360 μαρτυρίωνσου
1662 1323 1807 1358 ἐτέρφθην
1814 1323 1855 1357 ὡς

1057 1371 1106 1398 ἐπὶ
1117 1371 1205 1398 tl:an
1216 1372 1346 1404 πλούτῳ·
1357 1372 1416 1404 καὶ,
1426 1371 1582 1399 Ἐνετείλω
1595 1371 1642 1397 ml
1652 1370 1854 1403 δικαιοσύνην·

1057 1417 1094 1443 τὰ
1102 1417 1251 1452 μαρτύριά
1265 1424 1323 1444 σου
1336 1418 1380 1450 εἰς
1395 1417 1450 1444 τὸν
1457 1415 1560 1444 αίῶνα.
1578 1415 1746 1443 Συνέτισόν
1756 1423 1794 1449 με
1804 1415 1855 1442 καὶ

1057 1462 1152 1498 ζῆσόν
1162 1471 1207 1497 με·
1215 1463 1262 1490 καὶ
1268 1464 1310 1495 είς
1315 1463 1362 1490 τδν
1370 1463 1457 1490 αἰῶνα
1464 1464 1481 1498 ὴ
1491 1463 1647 1499 προφητικὴ
1654 1461 1730 1497 φωνὴ
1739 1461 1858 1488 ἐντέλλε-

1055 1516 1103 1536 ται
1120 1509 1188 1544 ἡμῖν
1202 1509 1349 1543 φυλάττειν
1364 1508 1400 1536 τὰ
1415 1508 1608 1544 μαρτύριατοῦ
1619 1507 1753 1540 Θεοῦ,καὶ
1766 1507 1816 1542 ζῇν
1827 1508 1858 1534 ὲν

1057 1555 1160 1588 αὐτοῖς,
1177 1555 1255 1590 δῆλον
1273 1555 1431 1591 ἀκράδαντα
1445 1555 1492 1581 καὶ
1507 1554 1645 1582 ἀσάλευτα
1659 1553 1834 1588 διαμένουσιν
1846 1560 1854 1568 ο

1057 1601 1098 1628 ὅτι
1114 1601 1162 1628 καὶ
1175 1602 1189 1628 ό
1205 1601 1324 1635 θεόπτης
1340 1600 1463 1635 Μωῦσῆς
1475 1599 1548 1626 οὕτω
1561 1599 1644 1634 φησίν
1655 1606 1663 1614 ·
1692 1598 1741 1625 Ἐν
1752 1597 1857 1630 αὐτοῖς

1058 1646 1114 1673 οὐκ
1127 1645 1194 1673 ἐστι
1208 1646 1395 1681 προσθεῖναι,
1424 1645 1475 1672 καί
1497 1644 1548 1672 ἀπ’
1572 1643 1673 1671 αὐτῶν
1692 1644 1748 1671 οὐκ
1769 1643 1856 1670 ἔστιν

1058 1692 1215 1727 ἀφαιρεῒνσ
1237 1692 1285 1719 καὶ
1299 1693 1313 1719 ό
1337 1692 1409 1724 θεῖος
1432 1691 1582 1723 ἀπδστολος
1602 1691 1705 1725 Πέτρος
1718 1690 1748 1716 ἐν
1763 1690 1858 1720 αὐτοῖς

1059 1737 1269 1773 ὲγκαυχώμενος
1295 1738 1364 1774 βοᾷο
1391 1737 1444 1771 Eli;
1460 1737 1480 1764 ἁ
1505 1736 1707 1771 ἐπιθυμοῦσιν
1733 1735 1858 1770 ἄγγελοι

1059 1785 1252 1819 παρακύψαι·
1275 1784 1324 1811 καὶ
1347 1785 1361 1811 ό
1385 1783 1493 1815 Παῢλός
1519 1791 1587 1818 φησι
1602 1790 1609 1798 ·
1629 1782 1695 1809 Κᾶν
1721 1781 1809 1816 ἡμεῖς
1836 1780 1858 1815 ἣ

1058 1832 1188 1867 ἅγγελος
1206 1829 1429 1866 edam-adlata:
1449 1828 1521 1864 ὑμῖν
1529 1829 1598 1862 παρ’
1620 1827 1636 1855 ὃ
1661 1826 1858 1862 παρελάϐετε,

1059 1877 1192 1912 ἀνάθεμα
1201 1878 1289 1905 ἔστω.
1302 1876 1412 1904 Τούτων
1426 1875 1473 1903 οὖν
1485 1875 1571 1906 οὕτως
1582 1874 1666 1901 ὀντων
1678 1874 1727 1900 καὶ
1737 1873 1860 1908 διαμαρ-

1058 1924 1215 1959 τυρομένων
1227 1924 1305 1960 ἡμῖν,
1319 1922 1520 1958 ἀγαλλιώμενοι
1537 1921 1580 1948 ἐπ’
1592 1920 1693 1953 αὐτοῖς,
1710 1920 1749 1951 ὡς
1771 1919 1798 1945 εί
1809 1927 1854 1950 τις

1059 1968 1230 2004 εὓροισκύλα
1255 1967 1351 2001 πολλὰ,
1368 1966 1510 1998 ἀσπασίως
1535 1965 1600 1996 τοὺς
1625 1963 1716 1994 θείους
1738 1962 1858 1993 κανόνας

1059 2013 1298 2050 ἐνστερνιζόμεθα,
1317 2014 1364 2040 καὶ
1382 2012 1530 2047 ὁλόκληρον
1541 2011 1591 2046 τὴν
1617 2009 1706 2036 αὐτῶν
1723 2007 1858 2042 διαταγὴν

1058 2061 1106 2086 καὶ
1126 2059 1275 2086 ἀσάλευτον
1286 2055 1544 2094 κρατύνομεν,“τῶν
1559 2063 1588 2082 τε
1613 2053 1779 2081 ἐκτεθέντων
1801 2051 1858 2078 ὑπὸ

1057 2105 1111 2132 τῶν
1126 2105 1210 2139 ἁγίων
1224 2104 1383 2138 σαλπίγγων
1408 2101 1457 2130 τοῦ
1483 2101 1645 2136 Πνεύματος
1664 2099 1856 2133 πανευφήμων

1058 2151 1227 2183 ἀποστόλων,
1244 2151 1298 2177 τῶν
1312 2158 1343 2177 τε
1364 2150 1392 2183 ἓξ
1407 2149 1493 2184 ἁγίων
1506 2146 1705 2182 οίκουμενικῶν
1724 2144 1854 2176 συνόδων,

1057 2198 1106 2225 καὶ
1130 2197 1185 2223 τῶν
1211 2196 1331 2228 τοπικῶς
1367 2193 1616 2231 συναθροισοεισῶν
1657 2192 1704 2219 ἐπὶ
1746 2190 1854 2218 ἐκδόσει

1057 2242 1186 2270 τοιούτων
1224 2241 1493 2278 διαταγμάτων,καὶ⁴
1518 2240 1574 2267 τῶν
1603 2239 1690 2273 ἁγίων
1719 2237 1856 2273 Πατέρων

1057 2288 1137 2324 ἡμῶν
1147 2296 1155 2304 ·
1169 2288 1198 2321 ἐξ
1214 2288 1274 2320 ένδς
1287 2287 1341 2323 γὰρ
1357 2287 1476 2319 ἅπαντες
1486 2286 1534 2313 καὶ
1547 2285 1593 2312 τοῦ
1601 2284 1684 2312 αὑτοῦ
1693 2283 1858 2319 Πνεύματος

1058 2333 1252 2368 αὑγασθέντες,
1280 2332 1385 2368 ὥρισαν
1404 2332 1439 2359 τὰ
1465 2331 1650 2366 συμφέροντα.
1664 2328 1718 2356 Καὶ
1737 2328 1784 2360 οὓς
1801 2327 1858 2362 μὲν

1057 2379 1096 2414 τῷ
1108 2379 1260 2414 ἀναθέματι
1281 2379 1510 2414 παραπέμπουσι,
1525 2377 1572 2403 καὶ
1585 2377 1669 2412 ἡμεῖς
1689 2373 1860 2410 ἀναθεματί-

1056 2426 1139 2461 ζομεν
1153 2434 1160 2441 ·
1175 2425 1222 2457 οὓς
1241 2425 1269 2452 δὲ
1298 2427 1332 2461 τῇ
1351 2425 1523 2461 καθαιρέσει,
1538 2423 1586 2450 καὶ
1605 2423 1686 2458 ἡμεῖς
1701 2421 1859 2457 καθαιροῦ-

1057 2480 1108 2507 μεν
1120 2479 1127 2487 ·
1144 2471 1191 2503 οὓς
1205 2471 1234 2498 δὲ
1252 2470 1292 2506 τῷ
1307 2470 1466 2507 ἁφορισμῷ,
1492 2469 1540 2497 καὶ
1557 2469 1639 2504 ἡμεῖς
1659 2467 1829 2503 ἀφορίζομεν
1840 2483 1857 2496 .

1055 2517 1103 2549 οὓς
1118 2517 1147 2544 δὲ
1173 2517 1305 2553 ἐπιτιμίῳ
1326 2516 1516 2552 παραδιδόασι,
1543 2515 1591 2542 καὶ
1611 2515 1693 2551 ἡμεῖς
1719 2512 1857 2549 ὡσαύτως

1055 2562 1256 2597 ύποδάλλομεν.
1276 2561 1494 2597 Ἀφιλάργυρος
1508 2561 1563 2596 γὰρ
1577 2562 1593 2588 ό
1607 2560 1729 2594 τρόπος,
1739 2559 1857 2593 ἀρκού-

1051 2617 1137 2645 μενοι
1149 2608 1211 2642 τοῖς
1223 2608 1384 2643 παροῦσιν,
1395 2609 1410 2636 ό
1426 2606 1548 2644 βεϐηκὼς
1565 2607 1606 2638 είς
1620 2605 1713 2641 τρίτον
1723 2606 1854 2641 οὐρανὸν,

1053 2654 1101 2681 καὶ
1120 2654 1240 2685 ἀκούσας
1262 2654 1372 2690 apsqu
1387 2653 1510 2690 ῥήματα,
1525 2652 1632 2685 Παῦλος
1650 2653 1665 2679 δ
1686 2651 1760 2684 θεῖος
1783 2652 1859 2679 ἀπό-

1055 2700 1158 2732 στολος,
1180 2699 1330 2735 διαρρήδην
1346 2699 1405 2736 βοᾷ.

1060 2851 1096 2876 ιν,
1114 2843 1142 2870 2.
1180 2843 1209 2870 ⁸1
1224 2842 1296 2872 Pctr.
1311 2850 1331 2877 ι,
1353 2848 1386 2871 I2
1404 2843 1427 2867 ἓν
1437 2842 1526 2870 Galat.
1545 2849 1566 2875 ι,
1582 2841 1609 2868 8.
1643 2841 1654 2856 ⁸
1666 2840 1747 2869 Hebr.
1766 2849 1823 2873 xui,
1835 2842 1851 2869 ι
