1951 3081
105 171 152 203 453

528 170 728 202 SYNTAGMA
741 170 813 202 CAN
821 169 944 202 ONUM.
965 180 1000 188 ὀ
1018 170 1092 201 ΤΙΤ.
1113 171 1137 200 Ι.
1155 171 1233 201 CA‘P.
1249 170 1291 201 ΙῙ.

1672 173 1725 206 454

106 225 220 266 ὀτι-δεῖ
241 226 296 254 τὸν
303 227 572 266 χειροτονούμενον
599 227 768 266 ἐπίσκοποτς
780 226 889 266 ,ἀσφα-

941 227 991 262 ιι
1009 228 1086 266 Quod
1109 227 1273 254 ordinandus
1293 227 1429 262 episcopul
1461 215 1533 266 certo
1553 229 1646 257 debeat
1661 239 1726 266 pro-

132 261 193 294 ,ιὼς
212 261 452 295 συντάσσεσθαι,
477 261 548 296 τοὺς
562 265 692 295 nat-orae
705 261 869 296 φυλάττειν
881 269 888 277 ·

135 299 159 324 ει
171 297 203 323 δὲ
214 296 256 332 μή
275 305 319 331 γε,
334 297 379 332 μὴ
398 297 642 332 χειροτονεῖσθαι.

138 353 168 388 β’.
176 352 338 388 Ἐπειδήπερ
349 352 495 387 ψάλλοντες
511 351 713 386 σνντασσὸμεθα
719 349 890 387 τῷθεῷ,Ἕν

105 397 161 430 τοῖς
177 397 353 432 δικαιώμασί
376 405 434 425 σου
448 397 619 432 μελετήσω,
632 398 688 424 οὐκ.
705 396 889 430 ἐπιλήσομαι

103 444 158 472 τῶν
170 445 270 479 λόγων
283 452 352 472 σου·
367 444 473 476 πάντας
487 444 538 479 μὲν
553 444 731 480 Χριστιανοὺς
747 442 826 470 τοῦτο
839 451 890 477 φυ-

103 490 174 517 λάττε
179 499 203 516 ιν
213 490 356 526 σωτήριον,
366 492 428 518 κατ’
438 490 578 526 ἐξαίρετον
584 490 613 516 δὲ
620 490 682 521 τοὺς
689 490 738 525 τὴν
747 488 889 525 ἱερατικὴν

102 537 304 573 ἀμπεχομένους
338 536 428 569 ἀξίαν.
458 536 540 563 Ὅθεν
565 535 694 572 ὁρίζομεν
724 535 813 561 πάντα
842 535 888 562 τὸν

103 582 266 617 προάγεσθαι
278 582 410 618 μέλλοντα
424 582 464 613 εἰς
479 581 524 608 τὸν
542 581 593 616 τῆς
609 579 762 615 ἐπισκοπῆς
780 579 887 615 θρόνον,

102 629 204 660 πάντως
216 627 343 663 ψαλτῆρα
359 627 504 662 γινώσκειν
520 634 529 643 ι
546 627 591 653 ἶνα
612 627 650 659 ὼς
668 627 701 652 ὲκ
717 625 825 657 τούτου,
840 625 888 652 καὶ

101 675 186 702 πάντα
219 675 264 701 τὸν
299 674 360 701 κατ’
394 673 475 701 αὑτὸν
516 673 636 709 κλῆρον,
666 672 738 699 οὕτω
772 671 886 707 νουθετῇ

102 719 223 754 μυεῖσθαι
236 728 242 734 ·
259 719 491 755 ἁνακρίνεσθαιδὲ
504 718 632 753 ἀσφαλῶς
651 718 703 744 ὑπὸ
719 715 766 744 τοῦ
784 725 888 752 μητροο

102 765 204 792 πολίτου
217 785 225 797 ,
250 766 275 792 τί
301 765 450 801 προθύμως
466 764 523 800 ἔχει
538 763 749 798 ἀναγινώσκειν,
775 763 887 798 ἐρευνη-

100 811 176 843 τικῶς
192 811 238 838 καὶ
254 811 284 837 οὐ
301 810 512 846 παροδευτικῶς,
525 809 589 842 τούς
602 818 633 837 τε
647 810 737 845 ίεροὺς
756 808 887 841 κανόνας,

99 858 128 883 τὸ
151 857 228 891 ἅγιον
244 856 418 891 Εὐαγγέλιον,
432 857 484 891 τήν
507 864 538 882 τε
551 855 599 882 τοῦ
625 855 701 882 θείου
725 853 886 882 ’Δποστόλου

978 263 1080 289 mittere
1103 271 1130 289 se
1155 271 1267 290 annonec
1286 268 1472 298 servaturum,
1496 265 1537 291 sin
1563 263 1728 294 minas'noa

976 302 1172 332 promoveatur.

974 352 1001 379 2.
1021 351 1156 386 Quoniam
1179 352 1328 388 psallentes
1347 352 1403 380 Deo
1428 353 1596 388 spondemus
1611 362 1620 382 :
1634 353 1668 381 In
1678 354 1727 389 ju-

939 397 1145 432 stiﬁcationibus
1161 398 1214 424 tuis
1228 397 1384 431 meditabor,
1401 406 1452 425 non
1470 398 1612 426 obliviscar
1627 407 1728 427 sermo—

939 450 984 469 nes
1012 442 1106 469 tuos”
1121 451 1128 469 :
1144 450 1241 470 omnes
1269 443 1380 478 quidem
1406 441 1580 472 Christianos
1606 443 1728 472 salutare

938 493 981 515 est
994 488 1045 515 hoc
1062 495 1181 520 servare,
1199 495 1248 516 eos
1270 493 1362 515 autem
1381 489 1518 524 praecipue
1535 491 1583 525 qui
1597 491 1727 519 sacerdo-

940 534 1021 562 talem
1046 535 1207 570 dignitatem
1233 534 1368 562 obtinent.
1394 534 1579 568 Quamobrem
1603 536 1727 564 decerni-

938 588 1001 608 mus
1028 580 1184 614 quemlibet,
1211 580 1258 615 qui
1282 580 1316 607 ad
1339 580 1520 616 episcopalem
1546 582 1660 616 gradum
1685 586 1728 609 est

937 626 1138 662 provehendus,
1161 627 1322 661 psalterium
1348 627 1460 654 omnino
1482 634 1573 660 nosse,
1592 631 1623 655 ut
1646 635 1727 655 exeo

938 680 1047 700 omnem
1069 680 1179 708 quoque
1201 680 1284 700 suum
1311 673 1440 700 clericum
1465 672 1503 700 ita
1527 672 1636 701 institui
1664 681 1727 701 mo-

938 723 1011 746 neat.
1030 719 1054 745 A
1072 718 1285 753 metropolitano
1306 722 1399 746 autem
1414 719 1483 746 bene
1501 719 1669 752 examinari,
1689 726 1725 746 an

938 765 971 792 ad
995 773 1090 793 sacros
1111 773 1231 793 canones
1255 764 1410 800 diligenter,
1431 773 1463 793 ac
1483 773 1546 793 cum
1568 770 1726 801 perscruta-

938 811 1030 844 tione,
1060 819 1114 838 non
1148 816 1240 838 autem
1271 812 1361 839 obiter
1392 812 1550 847 cursimque
1576 812 1723 847 legendos.

938 862 1063 891 prompto
1090 862 1241 892 paratoque
1270 858 1307 885 sit
1333 858 1436 890 animo,
1457 863 1485 886 et
1509 865 1619 886 sacrum
1642 859 1724 886 etiam

100 902 200 937 βίϐλον,
215 903 263 929 καὶ
286 902 376 929 πᾶσαν
398 902 448 937 τὴν
461 901 538 928 θείαν
554 901 683 937 Γραφήν·
704 900 752 927 καὶ
767 899 838 926 κατὰ
851 899 887 925 τὰ

940 902 1127 938 Evangelium,
1143 907 1171 930 et
1185 903 1285 930 librum
1303 903 1388 931 divini
1407 904 1544 939 Apostoli,
1558 911 1725 940 omnemque

100 947 154 974 θεῖα
174 948 332 983 ἐντάλματα
359 947 589 982 ἀναστρέφεσθαι,
612 947 659 973 καὶ
677 946 814 973 διδάσκειν
838 945 883 972 τὸν

99 995 154 1021 κατ’
166 995 249 1022 αὐτὸν
263 994 337 1021 λαόν.
352 995 438 1021 Οὐσία
452 994 506 1029 γὰρ
518 993 568 1028 τῆς
582 992 646 1020 καθ’
656 993 729 1028 ἡμᾶς
741 991 883 1027 ιεραρχίας

98 1041 151 1068 ἐστι
177 1041 211 1068 τὰ
239 1039 425 1076 θεοπαρέιδοτα
457 1040 545 1074 λόγια,
577 1039 662 1074 ἧγουν
686 1039 703 1074 ὴ
728 1037 783 1064 τῶν
803 1037 883 1064 θείων

98 1086 206 1121 Γραφῶν
218 1086 333 1123 ἀληθινὴ
351 1086 504 1121 ἐπιστήμη,
524 1084 617 1116 καθὼς
633 1084 648 1110 ὁ
673 1084 759 1119 μέγας
773 1083 884 1119 ἀπεφή-

98 1140 156 1158 νατο
167 1131 315 1163 Διονύσιος.
331 1132 363 1158 Et
377 1131 406 1158 δὲ
422 1129 610 1166 ἁμφισΰητοίη
625 1129 673 1156 καὶ
687 1128 725 1164 μὴ
739 1127 883 1163 ἁσμενίζοι

97 1177 163 1205 οὕτω
181 1179 269 1204 ποιεῖν
296 1185 326 1204 τε
354 1179 400 1203 καὶ
422 1175 569 1207 διδάσκειν,
588 1173 625 1210 μὴ
645 1173 860 1209 χειροτονεῖσθαι
874 1178 883 1187 ⁸

97 1223 146 1259 ἔφη
158 1224 211 1260 γὰρ
227 1223 405 1259 προφητικῶς
415 1223 429 1249 ὁ
437 1221 505 1253 Θεός
519 1228 526 1236 ⁸
541 1220 583 1247 Σὺ
591 1220 753 1254 ἐπίγνωσιν
763 1218 883 1251 ἀπώσω,

99 1269 172 1303 κάγὼ
187 1268 346 1304 ἀπώσομαι
368 1275 405 1295 σε
421 1267 473 1294 τοῦ
482 1265 525 1302 μὴ
538 1265 702 1301 ιερατσύειν
711 1273 773 1300 μοι.

935 949 1056 976 divinam
1080 948 1262 984 Scripturam,
1279 954 1305 976 et
1326 950 1354 976 in
1370 950 1470 978 divinis
1495 951 1638 986 prmeeptis
1659 958 1723 978 ver-

936 995 1003 1026 sari,
1033 999 1062 1022 et
1095 995 1227 1030 populum
1255 1002 1336 1022 suum
1373 995 1481 1023 docere.
1512 995 1619 1023 Nostra:
1648 997 1722 1023 enim

937 1040 1102 1068 hierarchite
1123 1041 1276 1068 substantia
1296 1045 1361 1068 sunt
1382 1042 1489 1077 eloquia
1514 1042 1646 1070 divinitus
1671 1047 1724 1070 tra-

936 1088 1002 1121 dita,
1015 1088 1170 1119 divinarum
1183 1087 1288 1115 scilicet
1300 1087 1506 1122 Scripturarum
1518 1095 1580 1115 vera
1595 1089 1722 1121 scientia,

936 1133 1009 1161 sicut
1029 1141 1145 1168 magnus
1167 1134 1206 1160 ait
1221 1132 1369 1168 Dionysius
1381 1133 1414 1160 ¹¹.
1433 1132 1462 1160 Si
1478 1135 1541 1168 quis
1565 1139 1655 1161 autem
1670 1134 1723 1161 du-

936 1179 998 1207 bius
1017 1179 1101 1206 animi
1137 1178 1230 1211 fuerit,
1252 1184 1280 1206 et
1302 1186 1357 1206 non
1381 1179 1505 1206 lubenter
1520 1179 1578 1206 haec
1593 1179 1682 1207 facere
1695 1183 1724 1207 et

935 1225 1034 1252 docere
1058 1224 1186 1256 voluerit.
1214 1231 1268 1250 non
1293 1224 1447 1251 ordinetur.
1469 1223 1630 1259 Prophetice
1649 1226 1722 1252 enim

934 1272 1001 1299 dicit
1017 1271 1090 1299 Deus
1105 1279 1113 1297 :
1131 1270 1169 1297 Tu
1191 1270 1311 1305 repulisti
1330 1270 1479 1303 scientiam,
1491 1274 1516 1297 et
1533 1278 1579 1305 ego
1595 1276 1620 1297 te
1637 1271 1722 1306 repel-

934 1317 999 1350 lam,
1013 1325 1044 1344 ne
1055 1317 1092 1344 sit
1107 1316 1172 1343 mihi
1188 1315 1311 1343 sacerdos
1324 1315 1357 1342 ¹¹.

130 1383 250 1411 canone;
275 1382 301 1410 hi
315 1383 368 1410 duo
387 1383 414 1409 in
438 1381 558 1417 margine
579 1381 678 1413 adiecti
690 1385 765 1409 erant
780 1388 797 1407 a
819 1377 962 1406 recentiore
982 1382 1075 1406 manu,
1091 1373 1141 1399 etsi
1159 1372 1191 1399 ob
1207 1376 1342 1399 attonsam
1358 1371 1539 1399 membranam
1552 1373 1722 1406 aliquantum

97 1431 190 1458 mutili.
207 1430 262 1458 Hos
277 1438 345 1457 nunc
360 1430 525 1457 restituimtu
539 1435 571 1456 ex
586 1427 746 1456 Leunclauio
757 1426 818 1454 Jur.
834 1424 882 1454 Gr.
898 1423 979 1450 Rom.
997 1419 1129 1448 108.109.
1145 1419 1190 1446 ubi
1210 1419 1297 1453 iacent
1314 1419 1341 1445 in
1354 1426 1461 1454 corpore
1474 1419 1571 1446 decreti
1585 1419 1722 1453 synodali:

97 1477 158 1511 περὶ
172 1477 307 1507 ἐνώσεωέ.

194 1533 332 1561 Συγόδου
356 1532 408 1567 τῆς
433 1533 567 1566 ἑνὼσεως
581 1531 682 1560 κανὼν
694 1530 726 1563 δ’,
743 1530 777 1563 ζ’.

128 1577 157 1605 δι.
176 1578 303 1605 ’Ἂπαντα
313 1578 347 1605 τὰ
371 1579 447 1614 παρᾶ
467 1579 516 1614 τὴν
543 1577 774 1613 ὲκκλησιαστικὴν
793 1574 884 1610 παρά-

96 1622 164 1650 δοσιν
190 1626 239 1652 καὶ
269 1625 318 1661 τὴν
340 1624 516 1652 διδασκαλίαν
545 1624 594 1651 καὶ
630 1622 804 1650 ὑποτύπωσιν
828 1622 883 1649 τῶν

96 1669 176 1703 ἁγίων
191 1672 240 1698 καὶ
267 1671 411 1706 μακαρίων
430 1671 559 1705 Πατέρων
581 1669 812 1704 καινοτομηθέντα
835 1668 882 1694 καὶ

97 1714 249 1749 πραχθέντα
273 1714 290 1750 ἢ
319 1715 389 1751 μετὰ
425 1714 504 1742 τοῦτο
542 1714 758 1750 πραχθησόμενα
773 1732 781 1746 ,
811 1713 879 1740 ἀνά·
892 1729 914 1760 C

97 1759 172 1796 θεμα.

127 1816 158 1847 ζ’,
172 1817 232 1850 Tol,-
247 1818 278 1844 ἂν
284 1818 485 1854 καταφρονήσει
496 1817 648 1850 τιθεμένοις
659 1816 723 1848 τοὺς
734 1816 824 1852 ἱεροὺς
834 1815 883 1842 καὶ

94 1860 179 1894 θείους
195 1863 312 1894 κανόνας
325 1863 380 1890 τῶν
394 1864 538 1899 μακαρίων
555 1863 684 1898 Ιιατέρων
699 1862 777 1897 ἡμῶν
793 1861 819 1888 οἲ
836 1861 883 1887 καὶ

92 1907 138 1942 τὴν
153 1909 232 1942 ἁγίαν
257 1909 418 1945 Ἐκκλησίαν
430 1910 612 1946 ὑπερείδουσι,
625 1910 672 1936 καὶ
685 1908 751 1944 ὅλην
757 1907 805 1943 τὴν
816 1907 884 1942 Χρι-

94 1955 231 1990 στιανικὴν
249 1955 387 1982 πολιτείαν
396 1955 562 1991 κοσμοῦντες
570 1955 639 1991 πρὸς
649 1954 724 1982 θείαν
737 1953 880 1989 ὁδηγοῦσιν

93 1997 240 2032 εὐλάϐειαν,
257 1999 393 2036 ἀνάθεμα.

1114 1510 1224 1539 Concilii
1236 1511 1341 1537 unionis
1352 1518 1467 1537 canones
1481 1511 1508 1544 4,
1522 1511 1549 1537 7.

969 1558 997 1586 4.
1015 1558 1191 1592 Quaecunque
1215 1561 1310 1584 contra
1323 1556 1499 1583 traditionem
1515 1556 1655 1588 Ecclesiae,
1671 1556 1724 1584 do-

934 1605 1050 1632 ctrinam
1071 1607 1100 1630 et
1126 1602 1259 1629 formulas
1282 1607 1440 1629 sanctorum
1460 1610 1492 1630 ac
1512 1603 1654 1630 beatorum
1672 1603 1722 1630 Pa-

935 1655 1007 1678 trum
1030 1650 1235 1677 innovabantur
1258 1650 1301 1677 vel
1316 1657 1413 1684 reapse
1429 1657 1478 1685 per
1499 1649 1557 1677 sive
1570 1654 1615 1677 est
1636 1649 1723 1677 citum

933 1697 1072 1725 habebant
1086 1696 1233 1724 anathema
1250 1696 1296 1723 sit.

967 1800 995 1826 7.
1007 1799 1171 1834 Quicunque
1188 1806 1281 1826 sacros
1293 1806 1325 1826 ac
1342 1797 1453 1826 diuinos
1465 1805 1586 1826 canones
1601 1806 1615 1826 a
1634 1799 1722 1827 beatis

933 1845 1062 1874 Patribus
1086 1845 1261 1873 transmissos
1283 1848 1561 1880 spernat,negantcs
1584 1845 1644 1872 illos
1660 1852 1722 1872 esse

932 1892 1020 1920 fulcra
1035 1896 1136 1919 sancta:
1149 1891 1278 1918 Ecclesize
1294 1895 1321 1918 et
1340 1891 1424 1919 duces
1450 1890 1667 1918 Christianorum
1687 1891 1722 1918 ad

936 1938 984 1966 Dei
1001 1938 1139 1970 timorem,
1158 1937 1305 1964 anathema
1320 1937 1367 1965 sit.

127 2054 170 2082 Ita
184 2055 354 2083 concluditur
363 2055 542 2090 fragmentum
555 2064 572 2082 a
587 2054 748 2082 Leunclatn’o
764 2053 814 2082 Ioc.
828 2054 896 2081 diei.
907 2053 1059 2080 recitatum.
1075 2050 1106 2078 In
1121 2051 1212 2079 codice
1226 2056 1316 2078 autem
1333 2049 1394 2078 Vat.
1408 2051 1527 2086 sequitur
1539 2053 1632 2086 synodi
1643 2054 1719 2081 clau-

93 2103 149 2130 sula
163 2104 267 2130 inedita
284 2110 343 2137 qua:
359 2102 397 2129 ita
413 2111 440 2129 se
459 2102 548 2130 habet.

123 2160 232 2188 Τούτων
250 2160 340 2192 οὕτως
367 2161 551 2197 διωρισμένων
568 2162 635 2200 πρὸς
661 2161 810 2196 ἀσφάλειαν
830 2162 880 2196 τῆς

91 2205 166 2239 ἁγίας
192 2207 377 2241 Ἐκκλησίας,
402 2207 450 2233 τοῦ
467 2208 601 2242 ἀμέτοχον
627 2206 696 2235 εἶναι
722 2208 753 2234 τὸ
768 2208 879 2240 εὐσεϐὲς

89 2251 140 2277 τῶν
164 2251 338 2287 Χριστιανῶν
365 2251 501 2287 πλήρωμα
516 2252 571 2278 τῶν
583 2253 612 2286 ἐξ
623 2252 760 2287 ἀθεμίτων
780 2253 878 2289 γάμων

91 2298 189 2332 ρὑων,
205 2299 323 2335 δεόμεθα
337 2300 386 2335 τῆς
403 2301 453 2336 σῆς
467 2300 644 2336 ἁγαθὸτητος,
658 2302 760 2337 Χριστὲ
777 2302 791 2328 ό
811 2302 878 2334 Θεὸς

90 2344 174 2379 ἡμῶν,
192 2346 232 2372 ἔτι
250 2346 300 2373 καὶ
312 2346 457 2378 διαπαντὸς
474 2348 529 2374 πᾶν
545 2347 704 2380 σκάνδαλον,
719 2349 808 2375 πᾶσαν
818 2349 878 2376 δια-

91 2391 223 2426 μερισμοῦ
235 2391 397 2426 αίτίαν,τῆς
410 2392 458 2427 σῆς
474 2393 627 2426 ἐξελαύνειν
644 2394 817 2429 Ἐκκλησίας,
831 2395 879 2421 καὶ

90 2438 230 2472 συντηρεῖν
259 2437 331 2472 αὐτῇ
354 2437 406 2472 τὴν
428 2437 568 2473 εἰρηναίαν
600 2439 782 2472 κατάστασιν,
810 2448 876 2475 πρε-

90 2481 190 2514 σὸείαις
202 2482 253 2518 τῆς
277 2483 425 2517 Δεσποίνης
453 2484 531 2519 ἡμῶν
547 2484 594 2511 καὶ
613 2485 745 2520 ἀχράντου
760 2485 881 2521 Μητρὸς,

968 2158 1076 2192 Quibus
1100 2158 1137 2186 ita
1155 2158 1273 2186 deﬁnitis
1298 2157 1331 2185 ad
1349 2158 1526 2186 securitatem
1549 2164 1651 2189 sanctae
1666 2161 1721 2190 Ec-

933 2205 1033 2237 clesim,
1049 2209 1076 2232 et
1101 2208 1130 2231 ut
1146 2204 1254 2239 pietatis
1275 2203 1442 2239 perfectione
1459 2210 1585 2232 arceatur
1600 2208 1719 2241 nequitia

933 2251 1094 2286 nnptialium
1122 2251 1263 2284 sordium;
1290 2258 1436 2285 precamur
1460 2251 1609 2280 licuitatem
1631 2258 1718 2287 tuam,

931 2297 1041 2325 Christe
1071 2297 1143 2324 Deus
1167 2302 1270 2329 noster,
1296 2301 1325 2323 ut
1347 2297 1475 2332 deinceps
1498 2306 1579 2326 omne
1605 2307 1720 2335 prorsus

930 2342 1102 2375 scandalum,
1114 2350 1277 2377 omnemque
1296 2343 1403 2370 dissidii
1418 2351 1529 2372 causam
1547 2345 1581 2373 ab
1596 2345 1718 2375 Ecclesia

932 2392 980 2416 tua
999 2389 1092 2421 tollas,
1111 2394 1139 2416 et
1161 2395 1309 2416 conserves
1333 2389 1371 2415 illi
1387 2389 1528 2424 paciﬁcam
1546 2393 1719 2422 constitutio-

934 2441 1007 2465 nem,
1025 2433 1209 2461 intercedente
1222 2433 1422 2469 gloriosissima
1436 2435 1552 2465 Domina
1569 2444 1663 2467 nostra
1693 2446 1721 2468 et

935 2479 1046 2507 sublimi
1060 2479 1146 2507 Matre
1163 2484 1220 2514 tua.
1238 2487 1270 2508 ac
1285 2481 1480 2510 sacratissimis
1494 2483 1638 2520 discipulis
1664 2488 1721 2515 tuis

89 2526 141 2554 τῶν
156 2529 297 2562 πανιέρων
319 2535 366 2554 σου
388 2529 516 2564 μαθητῶν
536 2531 583 2556 καὶ
614 2531 782 2564 ἀποστόλων,
795 2531 828 2558 δι’
843 2528 880 2558 ὧν

940 2530 959 2553 tt
975 2526 1116 2561 apostolis,
1136 2533 1184 2562 per
1198 2533 1268 2561 quos
1287 2526 1314 2554 in
1339 2529 1413 2554 omni
1428 2532 1504 2556 terra
1524 2538 1622 2564 pacem
1643 2536 1718 2560 tuam

90 2571 117 2599 ἐν
131 2574 206 2609 πάσῃ
230 2575 265 2608 τῇ
286 2575 434 2611 οἰκουμένῃ
450 2575 499 2611 τὴν
515 2576 564 2612 σὴν
579 2576 785 2610 κατεφύτευσας
803 2578 880 2614 ειρή-

91 2627 156 2653 νην,
177 2620 226 2646 καὶ
251 2620 362 2647 πάντων
390 2617 430 2653 οἷς
459 2621 490 2654 ἐξ
516 2621 613 2654 αἰῶνος
650 2622 880 2658 εὐαρεστοὺμενος

91 2662 182 2699 ὤφθης
200 2664 302 2699 ἁγίοις.
319 2665 416 2701 Ἀμήν.

129 2721 162 2748 Ἦ
175 2722 259 2758 τρίτη
271 2721 393 2755 διάταξις
407 2722 454 2749 τοῦ
466 2722 488 2757 β’
505 2723 596 2750 τίτλου
611 2724 665 2750 τῶν
681 2724 806 2761 Νεαρῶν,
817 2726 881 2758 τοὺς

90 2765 141 2792 τῶν
158 2767 301 2806 τεσσάρων
316 2767 431 2796 συνόδων
447 2768 561 2800 κανόνας
571 2767 641 2798 θέλει
656 2771 778 2804 κρατεῖν,
788 2770 880 2798 καὶτὰ

91 2812 212 2847 δόγματα
233 2812 335 2846 αὐτῶν,
355 2811 393 2844 ὡς
406 2814 455 2845 τὰς
471 2813 547 2845 θείας
566 2813 585 2840 Γ
587 2815 686 2850 ραφὰς.
704 2815 748 2843 Ἐν
764 2817 792 2843 δὲ
807 2817 845 2852 τῷ
855 2817 879 2852 β’

123 2869 144 2884 °‘
164 2869 239 2898 Psal.

933 2572 1111 2608 implantasti.
1130 2580 1192 2600 cum
1207 2573 1334 2601 omnibus
1351 2575 1456 2604 sanctis
1483 2576 1550 2610 illis,
1574 2578 1602 2606 in
1618 2579 1721 2615 quibus

933 2625 949 2646 a
964 2618 1072 2647 saeculis
1092 2618 1168 2647 visus
1182 2626 1213 2647 es
1229 2619 1280 2647 tibi
1296 2620 1504 2656 complacnisse.
1521 2623 1622 2652 Amen.

971 2728 1078 2757 Tactus.
1095 2729 1263 2758 Constitutio
1276 2731 1304 2764 5,
1323 2731 1366 2759 tit.
1384 2731 1414 2765 2,
1442 2731 1632 2767 Novellarum,
1659 2742 1722 2770 sep-

935 2779 989 2802 tem
1009 2775 1188 2803 conciliorum
1215 2783 1346 2811 canones,
1358 2785 1510 2813 eorumque
1531 2779 1643 2814 placita,
1658 2785 1722 2808 tau-

933 2825 1015 2853 quam
1049 2828 1143 2849 sacras
1167 2820 1324 2857 Scriptores
1349 2823 1408 2851 vult
1437 2823 1537 2851 valere.
1567 2823 1666 2853 Verum
1693 2826 1723 2854 in

288 2871 320 2896 ".
333 2870 371 2898 De
388 2870 480 2899 eccm.
497 2870 571 2898 Hier.
588 2880 649 2908 cap.
667 2876 692 2902 Ι.
731 2875 754 2892 ¹²
764 2874 832 2903 Osce
852 2882 889 2909 tv,
907 2877 933 2904 6.
