1951 3081
194 175 247 208 455

780 168 910 202 ΡΗΟΤῘΙ
930 167 1183 198 PATRIARCHIE
1196 169 1250 200 CP.

1776 174 1822 207 456

195 237 271 264 2lib.
283 234 408 269 Codicis,
423 234 465 263 tit.
477 235 508 268 3,
525 233 635 263 constil.
654 232 698 264 14,
710 235 737 259 et
752 230 780 257 in
794 238 801 256 l
819 228 871 256 ett
881 225 988 255 t‘OHSIl-

1046 223 1135 260 Βιϐλίῳ
1147 225 1195 252 τοῦ
1208 225 1341 266 Κὼδικος,
1351 226 1404 254 τίτ.
1415 230 1451 262 γ’,
1467 227 1587 261 διατάξει
1607 228 1638 255 ιδ’
1652 228 1725 264 καὶὴ
1741 233 1765 257 α’
1781 233 1822 258 καὶ

197 283 311 315 latione,
322 283 366 310 tit.
381 282 407 314 1,
420 281 603 312 Novellarum,
619 279 718 315 partim
740 283 858 304 canones
870 279 899 301 ut
915 274 988 308 leges

197 330 298 361 valere,
312 328 411 364 partim
427 328 500 362 leges
530 327 607 362 sequi
632 331 751 353 canones
778 320 940 359 [traditur].
955 319 989 347 Et

198 375 246 402 lib.
265 376 291 406 l.
308 375 349 402 tit.
364 374 392 408 2,
409 378 499 402 const.
516 373 558 406 l2,
575 371 757 407 pragmaticas
785 369 898 401 formas,
927 375 989 403 quae

198 421 353 449 canonibus
365 421 558 452 adversantur,
568 418 661 446 irritas
675 424 735 445 esse
749 415 861 452 [habet].

237 508 287 542 12
304 507 379 535 CAP.
395 506 440 534 Ill.
457 521 492 528 —
511 505 589 539 Quod
605 505 784 533 ecclesiastica
810 502 986 533 consuetudo,

198 554 308 581 etiamsi
328 561 381 580 non
406 553 517 588 scripta,
543 553 629 579 instar
653 551 717 586 legis
741 550 870 578 servanda
892 551 947 582 sit;
964 553 989 576 et

199 600 269 635 quod
298 600 405 627 minime
438 607 542 627 necesse
573 599 606 626 sit
635 598 782 625 Mosaicam
812 597 895 632 legem
924 597 989 624 reti-

200 654 270 673 nere.

327 691 438 720 Consilii
469 691 621 719 weumenici
645 699 672 718 vr
699 698 781 718 canon
812 690 856 717 82.

235 748 282 776 82.
296 747 326 775 In
338 748 477 775 nonnullis
487 748 681 775 venerabilium
701 747 849 782 imaginum
864 747 989 782 picturis,

201 801 288 829 agnus
321 795 367 829 qui
398 794 483 829 digito
515 793 698 821 Praecursoris
728 797 909 826 monstratur,
943 792 990 820 de-

200 839 333 875 pingitur,
358 840 405 873 qui
432 839 466 866 ad
491 839 586 874 gratiae
614 839 728 873 ﬁgurant
754 844 913 873 assumptus
937 842 988 870 est,

1039 269 1057 302 ή
1068 269 1219 302 δ’διάταξις
1229 270 1276 296 τοῦ
1292 271 1413 297 α’τίτλου
1428 271 1482 298 τῶν
1498 272 1613 307 Νεαρῶν
1625 281 1633 288 ·
1652 273 1691 309 πῆ
1712 274 1772 310 μὲν,
1786 275 1822 303 ὅτι

1038 315 1064 341 οἱ
1079 315 1190 347 κανόνες
1204 316 1242 347 ὡς
1253 316 1330 351 νόμοι
1344 317 1485 352 κρατοῦσι,
1500 317 1538 353 πῆ
1546 318 1584 350 δὲ,
1599 319 1640 345 ὅτι
1654 321 1709 351 τοῖς
1719 321 1823 348 κανόσιν

1038 361 1064 387 oi.
1078 361 1154 396 νόμοι
1170 361 1348 388 ἀκολουθοῦσι
1363 370 1370 377 ·
1385 364 1432 389 καὶ
1447 363 1543 398 βιϐλίῳ
1566 367 1602 397 α’,
1617 365 1699 400 τίτλῳ
1717 365 1749 400 β’,
1769 367 1822 393 δια-

1039 407 1113 439 τάξει
1129 407 1162 442 ιβ¹
1180 408 1219 434 ὅτι
1231 409 1255 434 οί
1269 409 1326 440 τοῖς
1344 409 1455 436 κανόσιν
1471 411 1673 446 ἐναντιούμενοι
1700 420 1824 447 πραγμα-

1039 454 1119 485 τικοὶ,
1136 454 1232 489 ἄκυροι
1243 455 1322 482 εἰσιν.

1074 499 1095 524 Κ
1102 499 1201 525 ΕΦᾹΛ.
1214 500 1288 527 I".—-
1296 500 1367 534 Περὶ
1376 501 1429 527 τοῦ
1438 501 1643 535 φυλάττεσθαι
1652 501 1686 528 τὸ
1694 501 1824 536 ἄγραφον

1038 545 1297 580 ἐκκλησιαστικὸν·
1321 547 1407 580 ἔθος,
1438 548 1478 580 ὡς
1498 549 1592 582 νόμον
1607 555 1614 563 “
1632 548 1681 574 καὶ
1706 548 1750 574 ὅτι
1772 549 1823 575 οὐκ

1038 593 1149 626 ἔχομεν
1176 593 1316 628 ἀνάγκην
1344 593 1509 628 φῡλάττειν
1529 595 1565 621 τὰ
1587 594 1641 621 τοῦ
1667 595 1824 622 Μωσαϊκού

1040 641 1143 674 νόμου.

1127 686 1264 713 Συνόδου
1286 686 1496 721 οὶκουμενικῆς
1513 690 1540 720 ς’
1571 687 1673 715 κανὼν
1686 688 1740 723 πβ’.

1075 744 1124 779 np.
1141 744 1191 771 Ἔν
1208 753 1263 771 τισι
1280 745 1334 771 τῶν
1350 745 1457 772 σεπτῶν
1472 746 1584 773 εἰκόνων
1595 748 1724 782 γραφαῖς,
1745 747 1825 782 άμνίς

1040 788 1164 825 δακτύλῳ
1187 790 1234 817 τοῦ
1253 791 1411 826 Προδρόμου
1432 791 1606 827 δεικνύμενος
1620 792 1824 827 ἐγχαράττεται,

1039 835 1068 867 ὃς
1084 837 1124 868 εἰς
1137 835 1222 863 τύπον
1244 837 1406 873 παρελήφθη
1420 837 1470 872 τῆς
1495 839 1623 874 χάριτος,
1640 839 1685 865 τὸν
1704 839 1826 874 ἀληθινὸν

200 893 293 913 verum
311 885 390 913 nobis
422 893 522 920 agnum
549 893 597 920 per
619 885 705 920 legem
734 884 875 912 Christum
904 885 989 912 Deum

1046 882 1109 916 ἡμῖν
1132 881 1177 908 διὰ
1202 882 1285 918 νόμου
1303 885 1513 918 προῡποφαίνων
1528 884 1633 919 ἀμνὸν,
1653 885 1769 920 Χριστὸν
1783 885 1827 911 τὸν

201 936 326 959 nostrum
346 937 571 966 praemonstrans.
591 931 724 966 Antiquas
750 939 816 965 ergo
839 931 941 966 figuras
961 935 989 958 et

1046 927 1109 955 θεὸν
1142 928 1231 964 ἡμῶν.
1262 929 1331 961 Τοὺς
1353 929 1399 956 οὖν
1421 930 1555 962 παλαιοὺς
1580 930 1681 962 τύπους
1709 931 1757 958 καὶ
1780 932 1827 964 τὰς

200 978 322 1011 umbras,
340 982 370 1005 ut
393 978 515 1005 veritatis
537 978 614 1012 signa
631 983 658 1006 et
673 978 845 1005 characteres
859 976 989 1005 Ecclesiae

201 1024 324 1057 traditos,
348 1024 552 1058 amplectentes,
578 1025 694 1059 gratiam
713 1029 740 1051 et
755 1024 897 1052 veritatem
920 1031 990 1059 prte-

201 1069 341 1104 ponimus,
357 1077 417 1097 eam
436 1074 466 1097 ut
484 1070 553 1104 legis
572 1070 775 1104 implemcutum
795 1070 987 1104 suscipientes.

204 1114 238 1141 Ut
254 1122 319 1149 ergo
334 1115 405 1149 quod
431 1114 579 1149 perfectum
595 1120 648 1147 est,
673 1115 714 1141 vel
739 1115 862 1142 colorum
877 1122 990 1149 expres-

201 1161 327 1188 sionibus
344 1161 468 1188 omnium
486 1161 573 1188 oculis
591 1161 766 1196 subjiciatur,
781 1161 843 1195 ejus
857 1161 905 1196 qui
921 1161 990 1188 tollit

202 1212 314 1242 peccata
336 1207 442 1239 mundi,
458 1207 560 1234 Christi
579 1206 626 1234 Dei
651 1207 739 1234 nostri
757 1207 877 1234 humana
902 1206 989 1234 forma

203 1254 388 1281 characterem
404 1254 485 1281 etiam
508 1254 534 1280 in
552 1254 718 1289 imaginibus
735 1254 863 1289 deinceps
878 1262 927 1289 pro
943 1261 990 1281 ve-

203 1300 254 1327 tcri
270 1307 341 1335 agno
358 1300 425 1335 erigi
446 1307 478 1326 ac
492 1300 600 1335 depingi
615 1300 745 1335 jubemus
761 1309 767 1327 :
788 1305 817 1327 ut
830 1307 877 1335 per
898 1301 989 1335 ipsum

204 1344 249 1372 Dei
266 1344 347 1373 Verbi
372 1345 569 1373 lttttniliationis
595 1345 783 1374 celsitudinem
807 1350 898 1373 mente
914 1353 990 1372 com-

203 1392 415 1426 preltendentes,
436 1391 470 1418 ad
489 1391 648 1418 memoriam
665 1399 774 1425 quoque
789 1391 848 1425 ejus
866 1391 891 1417 in
907 1397 991 1418 carne

202 1437 431 1470 conversationis,
448 1437 563 1472 ejusque
582 1438 718 1472 passionis
733 1441 760 1464 et
775 1437 904 1465 salutaris
917 1445 991 1464 mor-

204 1484 240 1511 tis
253 1483 431 1517 deducantur,
447 1483 561 1518 ejusque
572 1491 632 1518 quae
649 1491 682 1510 ex
696 1491 728 1510 eo
746 1483 817 1510 facta
829 1488 871 1511 est
887 1483 990 1510 mundo

203 1529 411 1565 redemptionis.

204 1641 299 1680 Sancti
322 1642 420 1669 Basilii
439 1643 474 1680 ad
494 1643 640 1680 Diodorum
662 1643 816 1670 Tarsensem
835 1644 929 1680 der/tis
945 1645 991 1680 qui

240 1678 308 1704 duas
328 1686 430 1705 sorores
458 1679 568 1711 ducunt,
580 1679 619 1705 vel
632 1680 663 1705 tle
675 1680 730 1706 illis
742 1688 800 1714 quia
815 1679 916 1706 duobus
931 1678 991 1714 ['ra-

241 1713 326 1739 tribus
339 1714 509 1740 matrimonio
520 1714 679 1748 junguntur.

240 1768 381 1796 Venerunt
391 1770 471 1796 nobis
483 1770 579 1797 littera:
596 1770 706 1797 nomine
720 1769 829 1798 Diodori
843 1771 989 1806 inscriptae,

204 1819 232 1843 at
247 1816 273 1842 in
287 1816 401 1850 reliquis
420 1817 543 1851 quemvis
559 1817 642 1844 alium
655 1818 748 1852 potius
762 1818 889 1845 decentes
908 1825 990 1852 quam

204 1859 366 1886 Diodorum.
386 1859 500 1887 Videtur
520 1861 592 1888 enim
611 1864 719 1889 astutus
733 1861 832 1896 aliquis
845 1869 991 1896 personant

205 1911 281 1934 tuam
301 1907 351 1942 13
375 1907 504 1938 induens,
525 1907 565 1934 sic
580 1907 633 1935 sibi
656 1908 778 1936 voluisse
801 1909 991 1937 auctoritatem

204 1952 278 1988 apud
294 1953 432 1981 auditores
447 1954 629 1990 {comparate
655 1953 706 1987 Qui
723 1954 832 1989 quidem
851 1955 886 1983 ab
901 1956 992 1990 aliquo

206 1999 402 2033 interrogatus,
415 2007 449 2026 an
465 1999 517 2027 sibi
527 1999 621 2027 liceret
636 2005 751 2028 mortua:
762 2001 855 2028 uxoris
870 2008 992 2028 sororem

206 2044 234 2072 in
252 2045 458 2072 matrimonium
474 2045 586 2078 ducere,
605 2045 847 2081 interrogationem
860 2054 914 2074 non
929 2054 992 2082 per-

206 2090 324 2123 horruit,
335 2090 382 2118 sed
395 2090 500 2125 placide
515 2091 596 2118 etiam
612 2092 727 2125 audivit,
743 2099 776 2119 ac
791 2092 919 2120 lascivam
934 2092 981 2120 libi

205 2135 297 2164 dinem
313 2135 420 2164 fortiter
435 2145 548 2172 prorsus
562 2143 590 2165 et
603 2139 764 2173 pugnaciter
785 2138 900 2174 adjuvit.
915 2138 994 2172 Quod

206 2183 230 2212 si
252 2183 381 2211 adessent
401 2184 507 2218 litterae,
526 2192 573 2213 eas
591 2186 625 2212 ad
647 2190 673 2212 te
697 2186 846 2218 misissem,
872 2187 994 2221 satisque

207 2229 322 2256 haberes
337 2228 474 2258 facultatis
489 2235 516 2257 et
528 2231 561 2257 ad
576 2236 650 2258 tuam
661 2236 688 2258 et
701 2231 734 2259 ad
755 2232 877 2259 veritatis
901 2232 995 2260 defen-

207 2275 321 2302 sionem.
338 2273 390 2302 Sed
407 2275 471 2310 quia
492 2276 539 2310 qui
553 2276 612 2303 illas
630 2278 795 2310 ostenderat,
809 2286 907 2305 rursus
932 2279 995 2306 abs-

207 2320 280 2351 tulit,
300 2324 327 2348 et
351 2326 445 2348 contra
463 2318 586 2357 nos.'qui
604 2322 630 2349 id
651 2323 684 2350 ab
700 2323 777 2350 initio
791 2325 992 2358 prohibuimus,

207 2365 282 2392 velut
295 2369 426 2400 tropazum
452 2368 587 2402 quoddam
615 2369 791 2403 circumtulit,
809 2370 945 2397 licentiam
963 2377 993 2398 se

208 2411 309 2439 habere
339 2412 467 2440 dictitans
488 2414 591 2450 scripto
616 2415 791 2449 mandatam;
815 2424 887 2444 nunc
906 2417 939 2444 ad
968 2422 995 2445 te

207 2457 317 2492 scripsi,
339 2463 369 2485 ut
381 2458 483 2494 duplici
503 2467 586 2486 manu
610 2461 731 2495 spuriam
755 2461 828 2488 illam
849 2463 993 2496 epistolam

207 2510 414 2537 oppugnemus;
437 2511 487 2531 nec
501 2503 653 2539 quidquam
670 2504 694 2531 ei
720 2505 828 2532 roboris
854 2505 993 2540 relinqua-

207 2555 280 2582 mus,
300 2556 334 2576 ne
355 2548 435 2577 facile
451 2550 539 2585 possit
560 2550 712 2586 legentibus
738 2558 847 2578 nocere.
871 2550 994 2579 Primum

207 2595 310 2630 itaque,
337 2597 411 2631 quod
440 2596 468 2624 in
493 2596 630 2630 ejusmodi
662 2597 745 2625 rebus
776 2598 925 2625 maximum
942 2602 994 2631 est,

208 2649 312 2669 morem
336 2647 464 2670 nostrum
485 2643 604 2678 objicere
624 2651 782 2678 possumus,
800 2648 831 2671 ut
854 2643 908 2671 vim
927 2643 995 2679 legis

207 2689 363 2721 habentem,
387 2696 421 2716 eo
445 2689 518 2724 quod
538 2690 617 2717 nobis
640 2697 656 2717 a
670 2690 736 2717 viris
761 2690 865 2718 sanctis
889 2691 996 2718 tradita:

207 2736 262 2762 sint
276 2736 387 2771 regulae.
405 2735 463 2762 Mos
474 2741 564 2763 autem
580 2736 624 2763 ille
633 2740 674 2764 est
688 2736 836 2771 ejusmodi,
849 2741 879 2764 ut
894 2737 916 2765 si
933 2738 995 2772 quis

207 2779 372 2814 impuritatis
388 2780 456 2808 vitio
475 2781 622 2815 aliquando
637 2781 727 2809 victus
744 2782 771 2808 in
789 2782 912 2810 illicitam
927 2783 996 2810 dua-

207 2832 267 2851 rum
298 2833 424 2854 sororum
456 2827 677 2862 conjunctionem
702 2827 840 2862 inciderit,
865 2836 954 2863 neque
969 2829 995 2856 id

206 2871 412 2900 matrimonium
422 2872 694 2909 existimetur,neque
702 2874 815 2904 omnino
826 2875 852 2903 in
868 2874 995 2903 Ecclesiae

1044 974 1134 1007 σκιὰς,
1162 975 1199 1006 ὡς
1217 975 1266 1010 τῆς
1289 975 1417 1010 ἀληθείας
1449 976 1572 1010 σύμϐολα
1593 984 1623 1002 τε
1649 977 1697 1003 καὶ¹
1729 985 1828 1012 προχα-

1044 1020 1174 1055 ράγματα
1188 1022 1221 1056 τῇ
1241 1021 1388 1057 Ἐκκλησία
1406 1022 1640 1058 παραδεδομένους
1655 1023 1828 1055 κατασπαζό-

1045 1075 1131 1102 μενοι,
1149 1067 1199 1102 τὴν
1217 1068 1297 1103 χάριν
1315 1069 1493 1104 προτιμῶμεν
1508 1071 1556 1096 καὶ
1573 1069 1624 1105 τὴν
1639 1070 1777 1106 ἀλήθειαν¹
1793 1070 1829 1102 ὡς

1044 1112 1184 1148 πλήρωμα
1214 1114 1296 1148 νόμου
1319 1114 1421 1150 ταύτην
1445 1115 1651 1151 ὑποδεξάμενοι.
1674 1117 1716 1148 Ὠς
1739 1117 1771 1144 ἂν
1786 1116 1829 1143 οὖν

1043 1159 1147 1186 τέλειον
1161 1161 1212 1187 κὰν
1227 1161 1289 1192 ταῖς
1315 1162 1558 1198 χρωματουργίαις
1583 1163 1612 1189 ἐν
1624 1164 1686 1195 ταῖς
1704 1164 1829 1190 ἁπάντων

1043 1203 1137 1238 ὄψεσιν
1153 1205 1355 1240 ὑπογράφηται,
1371 1206 1417 1233 τὸν
1429 1206 1476 1233 τοῦ
1494 1207 1617 1242 αἴροντος
1633 1208 1682 1243 τὴν
1696 1209 1830 1244 ἁμαρτίαν

1043 1249 1089 1276 τοῦ
1105 1251 1209 1286 κόσμου
1231 1252 1319 1286 ἀμνοῦ
1337 1252 1456 1287 Χριστοῦ
1469 1253 1536 1279 Θεοῦ
1550 1253 1628 1289 ήμῶν
1648 1255 1718 1281 κατὰ
1731 1255 1775 1281 τὸν
1786 1255 1831 1281 ἁν-

1044 1296 1180 1333 θρώπινον
1195 1298 1369 1334 χαρακτῆρα,
1393 1300 1440 1326 καὶ
1461 1300 1491 1326 ὲν
1509 1301 1569 1332 ταῖς
1592 1300 1694 1327 εἰκόσιν
1704 1301 1758 1327 ἀπὸ
1783 1301 1830 1327 τοῦ

1044 1343 1092 1370 νῦν
1108 1343 1169 1370 ἀντὶ
1187 1344 1233 1370 τοῦ
1251 1344 1368 1371 παλαεοῦ
1385 1345 1483 1381 ἀμνοῦ,
1501 1346 1717 1381 ἀναστηλοῦσθαι
1741 1348 1830 1383 ὁρίζο-

1046 1400 1112 1426 μεν·
1128 1391 1162 1418 δι’
1181 1392 1264 1418 αὐτοῦ
1280 1392 1311 1418 τὸ
1331 1394 1379 1427 τῆς
1400 1393 1592 1426 ταπεινώσεως
1612 1393 1678 1429 ὕψος
1697 1394 1743 1421 τοῦ
1763 1395 1830 1422 Θεοῦ

1043 1438 1131 1472 Λόγου
1147 1439 1354 1470 κατανοοῦντες,
1373 1439 1421 1466 καὶ
1434 1440 1500 1474 πρὸς
1512 1440 1622 1475 μνήμην
1634 1441 1683 1476 τῆς
1699 1441 1830 1477 ὲνσάρκου

1045 1485 1192 1518 πολιτείας,
1218 1485 1264 1511 τοῦ
1292 1494 1322 1512 τε
1339 1485 1442 1518 πάθους
1459 1486 1542 1513 αὐτοῦ
1558 1487 1604 1514 τοῦ
1631 1487 1676 1514 καὶ
1697 1488 1830 1523 σωτηρίου

1045 1530 1161 1558 θανάτου
1185 1532 1448 1567 χειραγωγούμενοι,
1472 1533 1520 1559 καὶ
1538 1533 1589 1569 τῆς
1610 1533 1735 1561 ἐντεῦθεν
1756 1542 1832 1568 γενο-

1005 1578 1028 1609 c
1046 1576 1131 1611 μένης
1142 1577 1181 1611 τῷ
1197 1577 1292 1612 κόσμῳ
1305 1577 1531 1613 ἀπολυτρώσεως.

1045 1633 1100 1660 Τοῦ
1114 1633 1201 1672 ἁγίου
1212 1635 1375 1672 Βαᾳαείου
1396 1635 1471 1669 πρὸς
1488 1636 1634 1672 Διόδωρον
1648 1639 1702 1664 τὸν
1716 1637 1831 1672 Ταρσοῦ

1077 1669 1154 1707 κατᾲ
1164 1668 1223 1695 τῶν
1241 1669 1296 1707 δύο
1306 1668 1441 1705 ἀδελφάς
1458 1668 1642 1706 γαμούντων,
1655 1672 1674 1707 ἢ
1689 1668 1833 1707 ἀδελφοῖς

1076 1702 1147 1730 δυσὶ
1162 1705 1365 1739 γαμουμένων.

1085 1761 1210 1795 Ἀφίκετο
1227 1763 1294 1798 ἡμῖν
1308 1763 1461 1799 γράμματα
1481 1765 1532 1800 τὴν
1554 1765 1710 1802 ἐπιγραφὴν
1737 1766 1833 1802 ἔχοντα

1042 1808 1188 1844 Διοδώρου,
1208 1809 1242 1836 τὰ
1257 1810 1280 1836 δ’
1293 1810 1392 1846 ἑφεξῆς
1408 1812 1489 1839 ἄλλου
1513 1813 1586 1845 τινὸς
1601 1814 1741 1850 πρέποντα
1762 1812 1834 1841 εἶναι

1045 1854 1156 1890 μᾶλλον,
1176 1857 1192 1893 ἦ
1215 1857 1358 1892 Διοδώρου.
1382 1860 1462 1886 Δοκεῖ
1471 1860 1525 1895 γάρ
1543 1860 1588 1895 μοι
1604 1869 1647 1891 τις
1669 1861 1723 1887 τῶν
1744 1869 1837 1895 τεχνι-

1043 1902 1110 1934 κῶν,
1126 1902 1157 1929 τὸ
1172 1902 1217 1928 σὺν
1239 1904 1385 1939 πρόσωπον
1404 1905 1516 1939 ὑποδὺς,
1539 1905 1627 1938 οὕτως
1643 1906 1738 1932 ἑαυτὸν
1757 1906 1835 1938 ἀξιό-

1043 1956 1140 1975 πιστον
1164 1949 1291 1984 ἐθελῆσαι
1317 1950 1431 1986 ποιῆσαι
1447 1953 1504 1984 τοῖς
1525 1952 1711 1987 ἀκροωμένοις
1726 1959 1734 1967 ο
1753 1953 1783 1984 ὃς
1800 1960 1834 1986 γε

1043 1995 1193 2031 ἐρωτηθεὶς
1215 1997 1267 2023 ὑπό
1291 2006 1374 2029 τινος,
1393 1999 1418 2024 ει
1433 1997 1544 2032 θεμιτὸν
1561 1999 1644 2025 αὑτὸν
1657 1999 1725 2035 πρὸς
1743 2000 1836 2034 γάμον

1043 2042 1196 2076 ἀγαγέσθαι
1209 2043 1259 2078 τῆς
1275 2044 1405 2077 γυναικὸς
1424 2045 1626 2081 τελευτησάσης
1637 2046 1688 2081 τὴν
1703 2046 1836 2081 ἀδελφὴν,

1043 2088 1094 2115 οὐκ
1107 2088 1200 2125 ἔφριξε
1219 2089 1269 2125 τὴν
1296 2089 1441 2126 ἐρώτησιν,
1457 2091 1525 2117 ἀλλὰ
1547 2091 1594 2118 καὶ
1622 2092 1716 2127 πράως
1733 2093 1837 2127 ἤνεγκε

1043 2135 1093 2171 τὴν
1110 2136 1206 2171 ἀκοὴν,
1235 2137 1283 2164 καὶ
1305 2137 1334 2163 τὸ
1359 2137 1475 2172 ἀσελγὲς
1504 2137 1667 2173 ἐπιθύμημα
1684 2139 1838 2172 πάνυ.γεν-

1044 2181 1128 2213 ναίως
1153 2181 1228 2218 αὐτῷ
1253 2183 1299 2209 καὶ
1330 2183 1518 2216 ἀγωνιστικῶς
1544 2184 1778 2218 συγκατέπραξεν.
1805 2185 1838 2212 Εἰ

1047 2228 1098 2262 μὲν
1113 2226 1159 2255 οὖν
1174 2229 1264 2265 παρῆν
1282 2238 1327 2264 μοι
1339 2230 1369 2256 τὺ
1385 2230 1513 2265 γράμμα,
1529 2231 1595 2257 αὐτὸ
1620 2231 1653 2258 ἂν
1676 2231 1840 2265 ἀπέστειλα,

1047 2274 1094 2301 καὶ
1108 2275 1235 2311 ἐξήρκεις
1250 2276 1282 2303 ἂν
1302 2277 1394 2312 σαυτῷ
1408 2286 1438 2304 τε
1453 2277 1556 2313 ἀμῦναι
1578 2278 1626 2305 καὶ
1648 2279 1679 2313 τῇ
1708 2278 1839 2315 ἀληθείᾳ.

1051 2320 1127 2347 Ἐπεὶ
1150 2321 1178 2348 δὲ
1202 2322 1216 2348 ὁ
1241 2322 1332 2355 δείξας
1358 2322 1439 2350 πάλιν
1463 2323 1598 2358 ἀφείλετο,
1624 2324 1671 2350 καὶ
1691 2323 1786 2360 ὥσπερ
1811 2333 1842 2351 τι

1043 2368 1173 2402 τρόπαιον
1191 2367 1251 2396 καθ’
1279 2369 1359 2405 ἡμῶν
1386 2370 1533 2405 περιέφερε
1553 2369 1747 2397 κεκωλυκότων
1758 2369 1790 2396 τὺ
1808 2369 1842 2403 ἐξ

1044 2414 1142 2449 ἀρχῆς,
1153 2414 1292 2451 ἔγγραφον
1302 2414 1375 2450 ἔχειν
1386 2414 1472 2449 λέγων
1484 2416 1533 2450 τὴν
1544 2415 1678 2448 ἐξουσίαν,
1691 2415 1844 2442 ἐπέστειλα

1041 2459 1092 2491 ¹νῦν
1111 2468 1162 2487 σοι.
1181 2460 1262 2487 Ὥστε
1283 2460 1362 2496 διπλῇ
1377 2462 1410 2496 τῇ
1431 2461 1502 2496 χειρὶ
1518 2461 1592 2496 ἡμᾶς
1611 2461 1699 2487 ἐλθεῖν
1717 2461 1763 2487 ἐπὶ
1790 2461 1844 2486 τὸν

1044 2505 1233 2533 νᾶοονὲκεῖνον
1248 2505 1336 2540 λόγον,
1354 2505 1400 2532 καὶ
1418 2506 1555 2541 μηδεμίαν
1570 2505 1644 2541 αὺτῷ
1662 2506 1738 2541 ἰσχὺν
1754 2514 1846 2532 κατα-

1043 2549 1133 2578 λιπεῖν
1148 2560 1156 2568 ·
1173 2552 1216 2579 ἴνα
1230 2552 1268 2586 μὴ
1290 2552 1338 2588 ἔχῃ
1360 2552 1488 2587 βλάπτειν
1504 2552 1604 2587 ῥᾳδίως
1618 2552 1682 2584 τοὺς
1705 2552 1847 2587 ἐντυγχά-

1044 2605 1140 2630 νοντας
1150 2605 1157 2612 '
1174 2598 1282 2633 πρῶτον
1297 2598 1346 2633 μὲν
1361 2597 1407 2625 οὖν
1423 2599 1437 2625 ὃ
1448 2599 1576 2634 μέγιστον
1592 2598 1638 2624 ἐπὶ
1649 2598 1846 2624 τῶντοιούτων

1045 2643 1116 2676 ἐστὶ,
1136 2644 1166 2670 τὺ
1182 2645 1247 2679 παρ’
1264 2645 1330 2680 ἡμῖν
1342 2644 1403 2676 ἔθος
1417 2644 1431 2671 ὃ
1450 2644 1549 2680 ἔχομεν
1563 2644 1738 2679 προϐάλλειν,
1753 2643 1846 2678 νόμου

1044 2689 1159 2724 δύναμιν
1172 2689 1243 2724 ἔχον,
1259 2690 1302 2717 διὰ
1318 2690 1348 2716 τὺ
1364 2691 1408 2726 ὑφ’
1420 2691 1505 2725 ἁγίων
1520 2690 1624 2725 ἀνδρῶν
1640 2691 1703 2721 τοὺς
1719 2689 1848 2724 θεσμοὺς

1046 2736 1111 2770 ἡμῖν
1130 2736 1324 2771 παραδοθῆναι.
1344 2736 1429 2764 Τοῦτο
1444 2737 1473 2764 δὲ
1489 2735 1611 2764 τοιοῦτόν
1630 2738 1715 2768 ἐστιν,
1731 2736 1780 2761 ὲάν
1800 2743 1850 2767 τις

1046 2783 1127 2810 πάθει
1140 2783 1313 2819 ἀκαθαρσίας
1325 2783 1390 2810 ποτὲ
1408 2783 1554 2819 κρατηθεὶς
1566 2782 1670 2818 ἐκπέσῃ
1685 2781 1753 2815 πρὸς
1766 2781 1851 2808 δυοῖν

1046 2828 1168 2863 ἀδελφῶν
1185 2828 1304 2864 ἄθεσμον
1330 2829 1491 2862 κοινωνίαν,
1510 2829 1579 2864 μήτε
1604 2828 1692 2864 γάμον
1710 2827 1852 2862 ἡγεῖσθαι

1045 2874 1133 2909 τοῦτο,
1148 2875 1212 2911 μήθ’
1225 2876 1294 2908 ὅλως
1312 2876 1352 2907 είς
1372 2875 1536 2909 Ἐκκλησίας
1559 2875 1696 2908 πλήρωμα
1718 2875 1854 2908 παραδέ-
