  <div class='ocr_page' id='page_1' title='image "/cluster/home/n/w/nwhite01/storage/ocr_20150623/104/njp.32101077772885/234.png"; bbox 0 0 1951 3081; ppageno 0'>
   <div class='ocr_carea' id='block_1_1' title="bbox 117 215 169 248">
    <p class='ocr_par' dir='ltr' id='par_1_1' title="bbox 117 215 169 248">
     <span class='ocr_line' id='line_1_1' title="bbox 117 215 169 248; baseline 0 -1"><span class='ocrx_word' id='word_1_1' title='bbox 117 215 169 248; x_wconf 69' lang='grc'><strong>457</strong></span> 
     </span>
    </p>
   </div>
   <div class='ocr_carea' id='block_1_2' title="bbox 556 217 1333 256">
    <p class='ocr_par' dir='ltr' id='par_1_2' title="bbox 556 217 1333 256">
     <span class='ocr_line' id='line_1_2' title="bbox 556 217 1333 256; baseline 0.004 -9"><span class='ocrx_word' id='word_1_2' title='bbox 556 217 755 248; x_wconf 79' lang='lat' dir='ltr'><strong>SYNTAGMA</strong></span> <span class='ocrx_word' id='word_1_3' title='bbox 775 218 969 250; x_wconf 79' lang='lat' dir='ltr'><strong>CANONUM.</strong></span> <span class='ocrx_word' id='word_1_4' title='bbox 988 232 1022 236; x_wconf 75' lang='lat'><strong><em>—</em></strong></span> <span class='ocrx_word' id='word_1_5' title='bbox 1038 220 1113 250; x_wconf 82' lang='lat' dir='ltr'><strong>Tl&#39;l‘.</strong></span> <span class='ocrx_word' id='word_1_6' title='bbox 1133 220 1157 256; x_wconf 87' lang='lat' dir='ltr'><strong>l,</strong></span> <span class='ocrx_word' id='word_1_7' title='bbox 1175 221 1254 250; x_wconf 75' lang='lat' dir='ltr'><strong>CAP.</strong></span> <span class='ocrx_word' id='word_1_8' title='bbox 1276 221 1333 251; x_wconf 87' lang='lat' dir='ltr'><strong>IlI.</strong></span> 
     </span>
    </p>
   </div>
   <div class='ocr_carea' id='block_1_3' title="bbox 1682 223 1738 253">
    <p class='ocr_par' dir='ltr' id='par_1_3' title="bbox 1682 223 1738 253">
     <span class='ocr_line' id='line_1_3' title="bbox 1682 223 1738 253; baseline 0.018 -1"><span class='ocrx_word' id='word_1_9' title='bbox 1682 223 1738 253; x_wconf 66' lang='grc'><strong>458</strong></span> 
     </span>
    </p>
   </div>
   <div class='ocr_carea' id='block_1_4' title="bbox 117 271 904 311">
    <p class='ocr_par' dir='ltr' id='par_1_4' title="bbox 117 271 901 310">
     <span class='ocr_line' id='line_1_4' title="bbox 117 271 901 310; baseline 0.005 -13"><span class='ocrx_word' id='word_1_10' title='bbox 117 271 211 306; x_wconf 76' lang='grc' dir='ltr'>χεσθαι</span> <span class='ocrx_word' id='word_1_11' title='bbox 227 271 358 306; x_wconf 80' lang='grc' dir='ltr'>πρότερον</span> <span class='ocrx_word' id='word_1_12' title='bbox 370 279 376 286; x_wconf 88' lang='grc'><strong>·</strong></span> <span class='ocrx_word' id='word_1_13' title='bbox 402 271 418 307; x_wconf 83' lang='grc' dir='ltr'>ἢ</span> <span class='ocrx_word' id='word_1_14' title='bbox 435 271 559 299; x_wconf 77' lang='grc' dir='ltr'>διαλῦσαι</span> <span class='ocrx_word' id='word_1_15' title='bbox 578 273 676 305; x_wconf 77' lang='grc' dir='ltr'>αὐτοὺς</span> <span class='ocrx_word' id='word_1_16' title='bbox 702 274 748 300; x_wconf 77' lang='grc' dir='ltr'><strong>ἀπ’</strong></span> <span class='ocrx_word' id='word_1_17' title='bbox 769 274 901 310; x_wconf 76' lang='grc' dir='ltr'>ἀλλήλων,</span> 
     </span>
    </p>
   </div>
   <div class='ocr_carea' id='block_1_5' title="bbox 948 271 1735 311">
    <p class='ocr_par' dir='ltr' id='par_1_5' title="bbox 955 276 1735 311">
     <span class='ocr_line' id='line_1_5' title="bbox 955 276 1735 311; baseline 0.001 -9"><span class='ocrx_word' id='word_1_18' title='bbox 955 279 1055 303; x_wconf 76' lang='lat' dir='ltr'><strong>coetum</strong></span> <span class='ocrx_word' id='word_1_19' title='bbox 1075 276 1268 308; x_wconf 66' lang='lat' dir='ltr'><strong>admittuntur,</strong></span> <span class='ocrx_word' id='word_1_20' title='bbox 1290 276 1446 311; x_wconf 80' lang='lat' dir='ltr'><strong>priusquam</strong></span> <span class='ocrx_word' id='word_1_21' title='bbox 1464 283 1477 302; x_wconf 91' lang='lat' dir='ltr'><strong>a</strong></span> <span class='ocrx_word' id='word_1_22' title='bbox 1493 283 1521 303; x_wconf 89' lang='lat' dir='ltr'><strong>se</strong></span> <span class='ocrx_word' id='word_1_23' title='bbox 1535 276 1648 303; x_wconf 81' lang='lat' dir='ltr'><strong>invicem</strong></span> <span class='ocrx_word' id='word_1_24' title='bbox 1668 277 1735 303; x_wconf 87' lang='lat' dir='ltr'><strong>diri-</strong></span> 
     </span>
    </p>
   </div>
   <div class='ocr_carea' id='block_1_6' title="bbox 115 314 902 353">
    <p class='ocr_par' dir='ltr' id='par_1_6' title="bbox 115 314 902 353">
     <span class='ocr_line' id='line_1_6' title="bbox 115 314 902 353; baseline 0.005 -11"><span class='ocrx_word' id='word_1_25' title='bbox 115 314 185 342; x_wconf 79' lang='grc' dir='ltr'>ὦστε</span> <span class='ocrx_word' id='word_1_26' title='bbox 201 316 225 342; x_wconf 80' lang='grc' dir='ltr'>εἰ</span> <span class='ocrx_word' id='word_1_27' title='bbox 239 316 285 343; x_wconf 78' lang='grc' dir='ltr'>καὶ</span> <span class='ocrx_word' id='word_1_28' title='bbox 300 315 382 351; x_wconf 81' lang='grc' dir='ltr'>μηδὲν</span> <span class='ocrx_word' id='word_1_29' title='bbox 393 316 484 352; x_wconf 69' lang='grc' dir='ltr'>ἕτερον</span> <span class='ocrx_word' id='word_1_30' title='bbox 499 318 587 344; x_wconf 77' lang='grc' dir='ltr'>εἰπεῖν</span> <span class='ocrx_word' id='word_1_31' title='bbox 605 315 649 353; x_wconf 82' lang='grc' dir='ltr'>ἦν,</span> <span class='ocrx_word' id='word_1_32' title='bbox 670 317 782 353; x_wconf 79' lang='grc' dir='ltr'><strong>ἐξήρκει</strong></span> <span class='ocrx_word' id='word_1_33' title='bbox 798 319 828 346; x_wconf 78' lang='grc' dir='ltr'>τὸ</span> <span class='ocrx_word' id='word_1_34' title='bbox 841 319 902 351; x_wconf 75' lang='grc' dir='ltr'>ἔθος</span> 
     </span>
    </p>
   </div>
   <div class='ocr_carea' id='block_1_7' title="bbox 115 361 901 401">
    <p class='ocr_par' dir='ltr' id='par_1_7' title="bbox 115 361 901 401">
     <span class='ocr_line' id='line_1_7' title="bbox 115 361 901 401; baseline 0.008 -14"><span class='ocrx_word' id='word_1_35' title='bbox 115 361 183 396; x_wconf 79' lang='grc' dir='ltr'>πρὸς</span> <span class='ocrx_word' id='word_1_36' title='bbox 199 361 247 396; x_wconf 83' lang='grc' dir='ltr'>τὴν</span> <span class='ocrx_word' id='word_1_37' title='bbox 268 361 315 388; x_wconf 83' lang='grc' dir='ltr'>τοῦ</span> <span class='ocrx_word' id='word_1_38' title='bbox 343 362 430 388; x_wconf 79' lang='grc' dir='ltr'>κακοῦ</span> <span class='ocrx_word' id='word_1_39' title='bbox 447 363 581 399; x_wconf 67' lang='grc' dir='ltr'>φυλακήν.</span> <span class='ocrx_word' id='word_1_40' title='bbox 603 364 679 390; x_wconf 76' lang='grc' dir='ltr'>Ἐπεὶ</span> <span class='ocrx_word' id='word_1_41' title='bbox 695 365 722 391; x_wconf 82' lang='grc' dir='ltr'>δὲ</span> <span class='ocrx_word' id='word_1_42' title='bbox 742 366 755 392; x_wconf 82' lang='grc' dir='ltr'><strong>ὁ</strong></span> <span class='ocrx_word' id='word_1_43' title='bbox 771 365 821 401; x_wconf 85' lang='grc' dir='ltr'>τὴν</span> <span class='ocrx_word' id='word_1_44' title='bbox 839 366 901 392; x_wconf 83' lang='grc' dir='ltr'>ἐπι-</span> 
     </span>
    </p>
   </div>
   <div class='ocr_carea' id='block_1_8' title="bbox 116 406 902 446">
    <p class='ocr_par' dir='ltr' id='par_1_8' title="bbox 116 406 902 446">
     <span class='ocr_line' id='line_1_8' title="bbox 116 406 902 446; baseline 0.009 -14"><span class='ocrx_word' id='word_1_45' title='bbox 116 406 210 442; x_wconf 80' lang='grc' dir='ltr'>στολὴν</span> <span class='ocrx_word' id='word_1_46' title='bbox 221 407 340 442; x_wconf 77' lang='grc' dir='ltr'><strong>γράψας,</strong></span> <span class='ocrx_word' id='word_1_47' title='bbox 355 408 552 444; x_wconf 72' lang='grc' dir='ltr'>ἐπιχειρήματι</span> <span class='ocrx_word' id='word_1_48' title='bbox 563 410 679 446; x_wconf 82' lang='grc' dir='ltr'>κιϐδήλῳ</span> <span class='ocrx_word' id='word_1_49' title='bbox 685 411 769 438; x_wconf 72' lang='grc' dir='ltr'>κακὸν</span> <span class='ocrx_word' id='word_1_50' title='bbox 776 412 902 439; x_wconf 82' lang='grc' dir='ltr'>τοσοῦτον</span> 
     </span>
    </p>
   </div>
   <div class='ocr_carea' id='block_1_9' title="bbox 113 452 903 494">
    <p class='ocr_par' dir='ltr' id='par_1_9' title="bbox 113 452 903 494">
     <span class='ocr_line' id='line_1_9' title="bbox 113 452 903 494; baseline 0.01 -16"><span class='ocrx_word' id='word_1_51' title='bbox 113 452 246 487; x_wconf 70' lang='grc' dir='ltr'>ἐπειράθη</span> <span class='ocrx_word' id='word_1_52' title='bbox 261 452 299 487; x_wconf 83' lang='grc' dir='ltr'>τῷ</span> <span class='ocrx_word' id='word_1_53' title='bbox 308 452 359 489; x_wconf 81' lang='grc' dir='ltr'><strong>βίῳ</strong></span> <span class='ocrx_word' id='word_1_54' title='bbox 368 455 532 488; x_wconf 76' lang='grc' dir='ltr'>ἐπαγαγεῖν,</span> <span class='ocrx_word' id='word_1_55' title='bbox 547 455 653 492; x_wconf 81' lang='grc' dir='ltr'><strong>ἀνάγκη</strong></span> <span class='ocrx_word' id='word_1_56' title='bbox 673 457 742 492; x_wconf 80' lang='grc' dir='ltr'>μηδὲ</span> <span class='ocrx_word' id='word_1_57' title='bbox 762 458 835 493; x_wconf 77' lang='grc' dir='ltr'>ἡμᾶς</span> <span class='ocrx_word' id='word_1_58' title='bbox 854 460 903 494; x_wconf 78' lang='grc' dir='ltr'><strong>τῆς</strong></span> 
     </span>
    </p>
   </div>
   <div class='ocr_carea' id='block_1_10' title="bbox 113 498 901 539">
    <p class='ocr_par' dir='ltr' id='par_1_10' title="bbox 113 498 901 539">
     <span class='ocr_line' id='line_1_10' title="bbox 113 498 901 539; baseline 0.01 -16"><span class='ocrx_word' id='word_1_59' title='bbox 113 498 145 524; x_wconf 82' lang='grc' dir='ltr'>ὲκ</span> <span class='ocrx_word' id='word_1_60' title='bbox 157 499 211 524; x_wconf 89' lang='grc' dir='ltr'><strong>τῶν</strong></span> <span class='ocrx_word' id='word_1_61' title='bbox 220 498 359 534; x_wconf 84' lang='grc' dir='ltr'><strong>λογισμῶν</strong></span> <span class='ocrx_word' id='word_1_62' title='bbox 378 499 504 535; x_wconf 85' lang='grc' dir='ltr'><strong>βοηθείας</strong></span> <span class='ocrx_word' id='word_1_63' title='bbox 519 501 643 536; x_wconf 79' lang='grc' dir='ltr'>ὑφέσθαι.</span> <span class='ocrx_word' id='word_1_64' title='bbox 664 503 718 529; x_wconf 84' lang='grc' dir='ltr'>Καί</span> <span class='ocrx_word' id='word_1_65' title='bbox 738 504 781 530; x_wconf 85' lang='grc' dir='ltr'><strong>τοί</strong></span> <span class='ocrx_word' id='word_1_66' title='bbox 796 512 829 539; x_wconf 84' lang='grc' dir='ltr'><strong>γε</strong></span> <span class='ocrx_word' id='word_1_67' title='bbox 853 505 901 531; x_wconf 76' lang='grc' dir='ltr'><strong>ἐπὶ</strong></span> 
     </span>
    </p>
   </div>
   <div class='ocr_carea' id='block_1_11' title="bbox 112 544 901 586">
    <p class='ocr_par' dir='ltr' id='par_1_11' title="bbox 112 544 901 586">
     <span class='ocr_line' id='line_1_11' title="bbox 112 544 901 586; baseline 0.01 -16"><span class='ocrx_word' id='word_1_68' title='bbox 112 544 166 570; x_wconf 81' lang='grc' dir='ltr'><strong>τῶν</strong></span> <span class='ocrx_word' id='word_1_69' title='bbox 179 545 282 581; x_wconf 66' lang='grc' dir='ltr'>σφόδρα</span> <span class='ocrx_word' id='word_1_70' title='bbox 301 546 433 581; x_wconf 82' lang='grc' dir='ltr'><strong>ἐναργῶν,</strong></span> <span class='ocrx_word' id='word_1_71' title='bbox 448 546 548 582; x_wconf 87' lang='grc' dir='ltr'>μείζων</span> <span class='ocrx_word' id='word_1_72' title='bbox 562 547 622 574; x_wconf 72' lang='grc' dir='ltr'>ἐστὶ</span> <span class='ocrx_word' id='word_1_73' title='bbox 636 548 682 575; x_wconf 81' lang='grc' dir='ltr'>τοῦ</span> <span class='ocrx_word' id='word_1_74' title='bbox 699 549 778 584; x_wconf 84' lang='grc' dir='ltr'><strong>λόγου</strong></span> <span class='ocrx_word' id='word_1_75' title='bbox 793 550 810 586; x_wconf 83' lang='grc' dir='ltr'><strong>ἡ</strong></span> <span class='ocrx_word' id='word_1_76' title='bbox 836 551 901 585; x_wconf 81' lang='grc' dir='ltr'>παρ’</span> 
     </span>
    </p>
   </div>
   <div class='ocr_carea' id='block_1_12' title="bbox 112 590 901 632">
    <p class='ocr_par' dir='ltr' id='par_1_12' title="bbox 112 590 901 632">
     <span class='ocr_line' id='line_1_12' title="bbox 112 590 901 632; baseline 0.01 -16"><span class='ocrx_word' id='word_1_77' title='bbox 112 590 220 625; x_wconf 79' lang='grc' dir='ltr'><strong>ἑκάστῳ</strong></span> <span class='ocrx_word' id='word_1_78' title='bbox 268 592 414 628; x_wconf 75' lang='grc' dir='ltr'><strong>πρόληψις.</strong></span> <span class='ocrx_word' id='word_1_79' title='bbox 452 594 628 629; x_wconf 74' lang='grc' dir='ltr'><strong>Γέγραπται,</strong></span> <span class='ocrx_word' id='word_1_80' title='bbox 653 596 754 630; x_wconf 76' lang='grc' dir='ltr'>φησὶν,</span> <span class='ocrx_word' id='word_1_81' title='bbox 797 596 827 624; x_wconf 83' lang='grc' dir='ltr'>ὲν</span> <span class='ocrx_word' id='word_1_82' title='bbox 861 597 901 632; x_wconf 86' lang='grc' dir='ltr'>τῷ</span> 
     </span>
    </p>
   </div>
   <div class='ocr_carea' id='block_1_13' title="bbox 114 635 898 677">
    <p class='ocr_par' dir='ltr' id='par_1_13' title="bbox 114 635 898 677">
     <span class='ocr_line' id='line_1_13' title="bbox 114 635 898 677; baseline 0.013 -16"><span class='ocrx_word' id='word_1_83' title='bbox 114 635 249 671; x_wconf 79' lang='grc' dir='ltr'>Λευῖτικῷ</span> <span class='ocrx_word' id='word_1_84' title='bbox 262 646 269 652; x_wconf 92' lang='grc'><strong>·</strong></span> <span class='ocrx_word' id='word_1_85' title='bbox 286 637 420 665; x_wconf 80' lang='grc' dir='ltr'><strong>Γυναῖκα</strong></span> <span class='ocrx_word' id='word_1_86' title='bbox 440 638 487 665; x_wconf 80' lang='grc' dir='ltr'><strong>ἐπ’</strong></span> <span class='ocrx_word' id='word_1_87' title='bbox 502 640 620 675; x_wconf 59' lang='grc' dir='ltr'>ἀδελφῇ</span> <span class='ocrx_word' id='word_1_88' title='bbox 635 640 731 675; x_wconf 84' lang='grc' dir='ltr'>αὐτῆς</span> <span class='ocrx_word' id='word_1_89' title='bbox 746 642 783 670; x_wconf 84' lang='grc' dir='ltr'>οὐ</span> <span class='ocrx_word' id='word_1_90' title='bbox 794 642 898 677; x_wconf 77' lang='grc' dir='ltr'><strong>λήψῃ·</strong></span> 
     </span>
    </p>
   </div>
   <div class='ocr_carea' id='block_1_14' title="bbox 111 680 927 728">
    <p class='ocr_par' dir='ltr' id='par_1_14' title="bbox 111 680 927 728">
     <span class='ocr_line' id='line_1_14' title="bbox 111 680 927 728; baseline 0.012 -22"><span class='ocrx_word' id='word_1_91' title='bbox 111 680 269 728; x_wconf 49' lang='lat' dir='ltr'><strong>circumiere</strong></span> <span class='ocrx_word' id='word_1_92' title='bbox 283 683 478 718; x_wconf 72' lang='grc' dir='ltr'><strong>ἀποκαλύψαι</strong></span> <span class='ocrx_word' id='word_1_93' title='bbox 490 685 548 719; x_wconf 81' lang='grc' dir='ltr'><strong>τὴν</strong></span> <span class='ocrx_word' id='word_1_94' title='bbox 567 686 789 721; x_wconf 78' lang='grc' dir='ltr'><strong>ἀσχημοσύνην</strong></span> <span class='ocrx_word' id='word_1_95' title='bbox 804 688 901 723; x_wconf 82' lang='grc' dir='ltr'>αὐτῆς</span> <span class='ocrx_word' id='word_1_96' title='bbox 922 724 927 728; x_wconf 27' lang='grc' dir='ltr'><strong><em>Α</em></strong></span> 
     </span>
    </p>
   </div>
   <div class='ocr_carea' id='block_1_15' title="bbox 111 725 900 767">
    <p class='ocr_par' dir='ltr' id='par_1_15' title="bbox 111 725 900 767">
     <span class='ocr_line' id='line_1_15' title="bbox 111 725 900 767; baseline 0.013 -16"><span class='ocrx_word' id='word_1_97' title='bbox 111 725 157 751; x_wconf 74' lang='grc' dir='ltr'><strong>ἐπ’</strong></span> <span class='ocrx_word' id='word_1_98' title='bbox 171 726 258 761; x_wconf 74' lang='grc' dir='ltr'>αὐτῇ.</span> <span class='ocrx_word' id='word_1_99' title='bbox 278 727 323 755; x_wconf 73' lang='grc' dir='ltr'>ἔτι</span> <span class='ocrx_word' id='word_1_100' title='bbox 346 728 441 764; x_wconf 80' lang='grc' dir='ltr'><strong>ζώσης</strong></span> <span class='ocrx_word' id='word_1_101' title='bbox 466 730 569 765; x_wconf 80' lang='grc' dir='ltr'><strong>αὐτῆς.</strong></span> <span class='ocrx_word' id='word_1_102' title='bbox 587 732 672 767; x_wconf 83' lang='grc' dir='ltr'>Δῆλον</span> <span class='ocrx_word' id='word_1_103' title='bbox 693 733 722 759; x_wconf 85' lang='grc' dir='ltr'>δὲ</span> <span class='ocrx_word' id='word_1_104' title='bbox 743 734 776 760; x_wconf 86' lang='grc' dir='ltr'>ὲκ</span> <span class='ocrx_word' id='word_1_105' title='bbox 803 734 900 761; x_wconf 77' lang='grc' dir='ltr'>τούτου</span> 
     </span>
    </p>
   </div>
   <div class='ocr_carea' id='block_1_16' title="bbox 111 769 899 814">
    <p class='ocr_par' dir='ltr' id='par_1_16' title="bbox 111 769 899 814">
     <span class='ocr_line' id='line_1_16' title="bbox 111 769 899 814; baseline 0.013 -17"><span class='ocrx_word' id='word_1_106' title='bbox 111 769 181 798; x_wconf 73' lang='grc' dir='ltr'>εἶναι</span> <span class='ocrx_word' id='word_1_107' title='bbox 199 773 291 807; x_wconf 81' lang='grc' dir='ltr'>φησὶν,</span> <span class='ocrx_word' id='word_1_108' title='bbox 319 775 359 801; x_wconf 83' lang='grc' dir='ltr'>ὃτι</span> <span class='ocrx_word' id='word_1_109' title='bbox 381 777 564 812; x_wconf 84' lang='grc' dir='ltr'>συγχωρεῐται</span> <span class='ocrx_word' id='word_1_110' title='bbox 594 777 745 812; x_wconf 85' lang='grc' dir='ltr'>λαμϐάνειν</span> <span class='ocrx_word' id='word_1_111' title='bbox 770 779 899 814; x_wconf 85' lang='grc' dir='ltr'>τελευτη-</span> 
     </span>
    </p>
   </div>
   <div class='ocr_carea' id='block_1_17' title="bbox 113 818 898 861">
    <p class='ocr_par' dir='ltr' id='par_1_17' title="bbox 113 818 898 861">
     <span class='ocr_line' id='line_1_17' title="bbox 113 818 898 861; baseline 0.01 -16"><span class='ocrx_word' id='word_1_112' title='bbox 113 818 209 854; x_wconf 76' lang='grc' dir='ltr'>σάσης.</span> <span class='ocrx_word' id='word_1_113' title='bbox 229 820 301 855; x_wconf 77' lang='grc' dir='ltr'>Πρὸς</span> <span class='ocrx_word' id='word_1_114' title='bbox 316 820 348 855; x_wconf 85' lang='grc' dir='ltr'>δὴ</span> <span class='ocrx_word' id='word_1_115' title='bbox 368 821 449 848; x_wconf 83' lang='grc' dir='ltr'>τοῦτο</span> <span class='ocrx_word' id='word_1_116' title='bbox 463 822 571 857; x_wconf 88' lang='grc' dir='ltr'>πρῶτον</span> <span class='ocrx_word' id='word_1_117' title='bbox 593 824 643 859; x_wconf 81' lang='grc' dir='ltr'>μὲν</span> <span class='ocrx_word' id='word_1_118' title='bbox 660 826 748 852; x_wconf 73' lang='grc' dir='ltr'>ἐκεῖνο</span> <span class='ocrx_word' id='word_1_119' title='bbox 767 826 834 861; x_wconf 76' lang='grc' dir='ltr'>ἐρῶ,</span> <span class='ocrx_word' id='word_1_120' title='bbox 857 826 898 853; x_wconf 80' lang='grc' dir='ltr'>ὅτι</span> 
     </span>
    </p>
   </div>
   <div class='ocr_carea' id='block_1_18' title="bbox 111 863 899 904">
    <p class='ocr_par' dir='ltr' id='par_1_18' title="bbox 111 863 899 904">
     <span class='ocr_line' id='line_1_18' title="bbox 111 863 899 904; baseline 0.01 -14"><span class='ocrx_word' id='word_1_121' title='bbox 111 863 161 890; x_wconf 80' lang='grc' dir='ltr'>ὅσα</span> <span class='ocrx_word' id='word_1_122' title='bbox 176 865 190 890; x_wconf 85' lang='grc' dir='ltr'><strong>δ</strong></span> <span class='ocrx_word' id='word_1_123' title='bbox 204 864 285 900; x_wconf 89' lang='grc' dir='ltr'>νόμος</span> <span class='ocrx_word' id='word_1_124' title='bbox 298 865 382 900; x_wconf 81' lang='grc' dir='ltr'>λέγει,</span> <span class='ocrx_word' id='word_1_125' title='bbox 396 869 452 898; x_wconf 81' lang='grc' dir='ltr'>τοῖς</span> <span class='ocrx_word' id='word_1_126' title='bbox 463 868 492 894; x_wconf 75' lang='grc' dir='ltr'><strong>εν</strong></span> <span class='ocrx_word' id='word_1_127' title='bbox 502 868 540 903; x_wconf 84' lang='grc' dir='ltr'><strong>τῷ</strong></span> <span class='ocrx_word' id='word_1_128' title='bbox 550 868 624 904; x_wconf 80' lang='grc' dir='ltr'>νόμῳ</span> <span class='ocrx_word' id='word_1_129' title='bbox 637 869 712 904; x_wconf 80' lang='grc' dir='ltr'>λέγει</span> <span class='ocrx_word' id='word_1_130' title='bbox 728 877 736 885; x_wconf 74' lang='grc'><strong><em>⁸</em></strong></span> <span class='ocrx_word' id='word_1_131' title='bbox 753 871 813 897; x_wconf 79' lang='grc' dir='ltr'>ἐπεὶ</span> <span class='ocrx_word' id='word_1_132' title='bbox 827 871 899 898; x_wconf 85' lang='grc' dir='ltr'>οὕτω</span> 
     </span>
    </p>
   </div>
   <div class='ocr_carea' id='block_1_19' title="bbox 112 910 898 951">
    <p class='ocr_par' dir='ltr' id='par_1_19' title="bbox 112 910 898 951">
     <span class='ocr_line' id='line_1_19' title="bbox 112 910 898 951; baseline 0.013 -17"><span class='ocrx_word' id='word_1_133' title='bbox 112 917 143 942; x_wconf 87' lang='grc' dir='ltr'><strong>γε</strong></span> <span class='ocrx_word' id='word_1_134' title='bbox 156 910 203 935; x_wconf 70' lang='grc' dir='ltr'>καὶ</span> <span class='ocrx_word' id='word_1_135' title='bbox 219 912 352 947; x_wconf 82' lang='grc' dir='ltr'><strong>περιτομῇ</strong></span> <span class='ocrx_word' id='word_1_136' title='bbox 368 913 416 939; x_wconf 72' lang='grc' dir='ltr'>καὶ</span> <span class='ocrx_word' id='word_1_137' title='bbox 433 913 561 948; x_wconf 80' lang='grc' dir='ltr'>σαϐϐάτῳ</span> <span class='ocrx_word' id='word_1_138' title='bbox 575 914 622 941; x_wconf 80' lang='grc' dir='ltr'>καὶ</span> <span class='ocrx_word' id='word_1_139' title='bbox 639 915 728 951; x_wconf 83' lang='grc' dir='ltr'><strong>ἀποχῇ</strong></span> <span class='ocrx_word' id='word_1_140' title='bbox 746 915 898 951; x_wconf 84' lang='grc' dir='ltr'><strong>βρωμάτων</strong></span> 
     </span>
    </p>
   </div>
   <div class='ocr_carea' id='block_1_20' title="bbox 111 954 898 997">
    <p class='ocr_par' dir='ltr' id='par_1_20' title="bbox 111 954 898 997">
     <span class='ocr_line' id='line_1_20' title="bbox 111 954 898 997; baseline 0.013 -17"><span class='ocrx_word' id='word_1_141' title='bbox 111 954 322 990; x_wconf 86' lang='grc' dir='ltr'>ὑποκεισόμεθα.</span> <span class='ocrx_word' id='word_1_142' title='bbox 341 956 378 983; x_wconf 80' lang='grc' dir='ltr'><strong>Οὐ</strong></span> <span class='ocrx_word' id='word_1_143' title='bbox 394 958 447 993; x_wconf 89' lang='grc' dir='ltr'><strong>γὰρ</strong></span> <span class='ocrx_word' id='word_1_144' title='bbox 463 958 495 993; x_wconf 78' lang='grc' dir='ltr'>δὴ</span> <span class='ocrx_word' id='word_1_145' title='bbox 511 959 558 985; x_wconf 74' lang='grc' dir='ltr'><strong>ἐὰν</strong></span> <span class='ocrx_word' id='word_1_146' title='bbox 580 959 630 995; x_wconf 83' lang='grc' dir='ltr'><strong>μέν</strong></span> <span class='ocrx_word' id='word_1_147' title='bbox 642 969 668 987; x_wconf 85' lang='grc' dir='ltr'><strong>τι</strong></span> <span class='ocrx_word' id='word_1_148' title='bbox 693 960 818 997; x_wconf 79' lang='grc' dir='ltr'><strong>εὕρωμεν</strong></span> <span class='ocrx_word' id='word_1_149' title='bbox 834 971 898 989; x_wconf 88' lang='grc' dir='ltr'>συν-</span> 
     </span>
    </p>
   </div>
   <div class='ocr_carea' id='block_1_21' title="bbox 109 1000 897 1042">
    <p class='ocr_par' dir='ltr' id='par_1_21' title="bbox 109 1000 897 1042">
     <span class='ocr_line' id='line_1_21' title="bbox 109 1000 897 1042; baseline 0.013 -16"><span class='ocrx_word' id='word_1_150' title='bbox 109 1000 206 1036; x_wconf 79' lang='grc' dir='ltr'>τρέχον</span> <span class='ocrx_word' id='word_1_151' title='bbox 220 1001 299 1036; x_wconf 79' lang='grc' dir='ltr'>ἡμῶν</span> <span class='ocrx_word' id='word_1_152' title='bbox 314 1004 374 1034; x_wconf 77' lang='grc' dir='ltr'>ταῖς</span> <span class='ocrx_word' id='word_1_153' title='bbox 388 1004 503 1038; x_wconf 78' lang='grc' dir='ltr'><strong>ἡδοναῖς,</strong></span> <span class='ocrx_word' id='word_1_154' title='bbox 519 1005 558 1040; x_wconf 83' lang='grc' dir='ltr'>τῷ</span> <span class='ocrx_word' id='word_1_155' title='bbox 569 1005 644 1042; x_wconf 80' lang='grc' dir='ltr'>ζυγῷ</span> <span class='ocrx_word' id='word_1_156' title='bbox 654 1007 705 1042; x_wconf 84' lang='grc' dir='ltr'>τῆς</span> <span class='ocrx_word' id='word_1_157' title='bbox 718 1007 840 1041; x_wconf 78' lang='grc' dir='ltr'>δουλείας</span> <span class='ocrx_word' id='word_1_158' title='bbox 851 1009 897 1036; x_wconf 84' lang='grc' dir='ltr'><strong>τοῦ</strong></span> 
     </span>
    </p>
   </div>
   <div class='ocr_carea' id='block_1_22' title="bbox 111 1047 897 1090">
    <p class='ocr_par' dir='ltr' id='par_1_22' title="bbox 111 1047 897 1090">
     <span class='ocr_line' id='line_1_22' title="bbox 111 1047 897 1090; baseline 0.013 -18"><span class='ocrx_word' id='word_1_159' title='bbox 111 1047 194 1081; x_wconf 84' lang='grc' dir='ltr'>νόμου</span> <span class='ocrx_word' id='word_1_160' title='bbox 209 1047 320 1080; x_wconf 77' lang='grc' dir='ltr'>ἑαυτοὺς</span> <span class='ocrx_word' id='word_1_161' title='bbox 339 1048 519 1085; x_wconf 82' lang='grc' dir='ltr'>ὑποθήσομεν.</span> <span class='ocrx_word' id='word_1_162' title='bbox 543 1052 606 1078; x_wconf 83' lang='grc' dir='ltr'>Ἐὰν</span> <span class='ocrx_word' id='word_1_163' title='bbox 628 1052 657 1078; x_wconf 81' lang='grc' dir='ltr'><strong>δέ</strong></span> <span class='ocrx_word' id='word_1_164' title='bbox 685 1061 712 1079; x_wconf 83' lang='grc' dir='ltr'><strong>τι</strong></span> <span class='ocrx_word' id='word_1_165' title='bbox 737 1055 808 1089; x_wconf 85' lang='grc' dir='ltr'>φανῇ</span> <span class='ocrx_word' id='word_1_166' title='bbox 828 1054 897 1090; x_wconf 84' lang='grc' dir='ltr'>βαρὺ</span> 
     </span>
    </p>
   </div>
   <div class='ocr_carea' id='block_1_23' title="bbox 110 1091 898 1136">
    <p class='ocr_par' dir='ltr' id='par_1_23' title="bbox 110 1091 898 1136">
     <span class='ocr_line' id='line_1_23' title="bbox 110 1091 898 1136; baseline 0.014 -19"><span class='ocrx_word' id='word_1_167' title='bbox 110 1091 164 1118; x_wconf 77' lang='grc' dir='ltr'><strong>τῶν</strong></span> <span class='ocrx_word' id='word_1_168' title='bbox 177 1092 310 1128; x_wconf 84' lang='grc' dir='ltr'>νομίμων,</span> <span class='ocrx_word' id='word_1_169' title='bbox 331 1094 392 1121; x_wconf 83' lang='grc' dir='ltr'>τότε</span> <span class='ocrx_word' id='word_1_170' title='bbox 411 1096 479 1130; x_wconf 81' lang='grc' dir='ltr'>πρὸς</span> <span class='ocrx_word' id='word_1_171' title='bbox 493 1096 542 1132; x_wconf 85' lang='grc' dir='ltr'>τὴν</span> <span class='ocrx_word' id='word_1_172' title='bbox 556 1098 585 1124; x_wconf 82' lang='grc' dir='ltr'>ὲν</span> <span class='ocrx_word' id='word_1_173' title='bbox 610 1098 720 1134; x_wconf 78' lang='grc' dir='ltr'>Χριστῷ</span> <span class='ocrx_word' id='word_1_174' title='bbox 743 1099 898 1136; x_wconf 77' lang='grc' dir='ltr'>ἐλευθερίαν</span> 
     </span>
    </p>
   </div>
   <div class='ocr_carea' id='block_1_24' title="bbox 110 1138 897 1182">
    <p class='ocr_par' dir='ltr' id='par_1_24' title="bbox 110 1138 897 1182">
     <span class='ocr_line' id='line_1_24' title="bbox 110 1138 897 1182; baseline 0.011 -18"><span class='ocrx_word' id='word_1_175' title='bbox 110 1138 353 1174; x_wconf 79' lang='grc' dir='ltr'>ἁποδραμούμεθα.</span> <span class='ocrx_word' id='word_1_176' title='bbox 386 1141 583 1178; x_wconf 83' lang='grc' dir='ltr'>Ἦρωτήθημεν</span> <span class='ocrx_word' id='word_1_177' title='bbox 601 1144 626 1170; x_wconf 86' lang='grc' dir='ltr'><strong>εί</strong></span> <span class='ocrx_word' id='word_1_178' title='bbox 646 1145 803 1180; x_wconf 85' lang='grc' dir='ltr'>γέγραπται</span> <span class='ocrx_word' id='word_1_179' title='bbox 825 1145 897 1182; x_wconf 88' lang='grc' dir='ltr'>λαμ-</span> 
     </span>
    </p>
   </div>
   <div class='ocr_carea' id='block_1_25' title="bbox 111 1183 898 1227">
    <p class='ocr_par' dir='ltr' id='par_1_25' title="bbox 111 1183 898 1227">
     <span class='ocr_line' id='line_1_25' title="bbox 111 1183 898 1227; baseline 0.013 -18"><span class='ocrx_word' id='word_1_180' title='bbox 111 1183 203 1210; x_wconf 68' lang='grc' dir='ltr'>ϐάνειν</span> <span class='ocrx_word' id='word_1_181' title='bbox 216 1186 335 1218; x_wconf 79' lang='grc' dir='ltr'>γυναῖκα</span> <span class='ocrx_word' id='word_1_182' title='bbox 347 1186 390 1212; x_wconf 77' lang='grc' dir='ltr'><strong>ἐπ’</strong></span> <span class='ocrx_word' id='word_1_183' title='bbox 405 1187 507 1224; x_wconf 81' lang='grc' dir='ltr'>ἀδελφῇ</span> <span class='ocrx_word' id='word_1_184' title='bbox 521 1197 527 1203; x_wconf 90' lang='grc'>·</span> <span class='ocrx_word' id='word_1_185' title='bbox 544 1189 658 1224; x_wconf 74' lang='grc' dir='ltr'>εἴπομεν</span> <span class='ocrx_word' id='word_1_186' title='bbox 681 1191 752 1227; x_wconf 78' lang='grc' dir='ltr'>ὅπερ</span> <span class='ocrx_word' id='word_1_187' title='bbox 778 1191 898 1226; x_wconf 81' lang='grc' dir='ltr'>ἀσφαλὲς</span> 
     </span>
    </p>
   </div>
   <div class='ocr_carea' id='block_1_26' title="bbox 110 1230 898 1272">
    <p class='ocr_par' dir='ltr' id='par_1_26' title="bbox 110 1230 898 1272">
     <span class='ocr_line' id='line_1_26' title="bbox 110 1230 898 1272; baseline 0.011 -17"><span class='ocrx_word' id='word_1_188' title='bbox 110 1230 232 1264; x_wconf 80' lang='grc' dir='ltr'>ἡμῖνκαὶ</span> <span class='ocrx_word' id='word_1_189' title='bbox 245 1231 354 1266; x_wconf 79' lang='grc' dir='ltr'>ἀληθὲς,</span> <span class='ocrx_word' id='word_1_190' title='bbox 370 1232 411 1259; x_wconf 85' lang='grc' dir='ltr'>ὅτι</span> <span class='ocrx_word' id='word_1_191' title='bbox 424 1233 455 1259; x_wconf 76' lang='grc' dir='ltr'>οὐ</span> <span class='ocrx_word' id='word_1_192' title='bbox 472 1234 639 1269; x_wconf 81' lang='grc' dir='ltr'>γέγραπται.</span> <span class='ocrx_word' id='word_1_193' title='bbox 653 1235 689 1262; x_wconf 82' lang='grc' dir='ltr'><strong>Τὸ</strong></span> <span class='ocrx_word' id='word_1_194' title='bbox 703 1236 731 1264; x_wconf 79' lang='grc' dir='ltr'>δὲ</span> <span class='ocrx_word' id='word_1_195' title='bbox 744 1237 776 1263; x_wconf 76' lang='grc' dir='ltr'>ὲκ</span> <span class='ocrx_word' id='word_1_196' title='bbox 789 1237 839 1272; x_wconf 86' lang='grc' dir='ltr'>τῆς</span> <span class='ocrx_word' id='word_1_197' title='bbox 849 1236 898 1264; x_wconf 79' lang='grc' dir='ltr'><strong>τοῦ</strong></span> 
     </span>
    </p>
   </div>
   <div class='ocr_carea' id='block_1_27' title="bbox 111 1275 897 1317">
    <p class='ocr_par' dir='ltr' id='par_1_27' title="bbox 111 1275 897 1317">
     <span class='ocr_line' id='line_1_27' title="bbox 111 1275 897 1317; baseline 0.014 -17"><span class='ocrx_word' id='word_1_198' title='bbox 111 1275 258 1302; x_wconf 74' lang='grc' dir='ltr'>ἀκολούθου</span> <span class='ocrx_word' id='word_1_199' title='bbox 286 1277 420 1313; x_wconf 73' lang='grc' dir='ltr'>ἐπιφορᾶς</span> <span class='ocrx_word' id='word_1_200' title='bbox 446 1279 477 1306; x_wconf 79' lang='grc' dir='ltr'>τὸ</span> <span class='ocrx_word' id='word_1_201' title='bbox 506 1281 645 1316; x_wconf 84' lang='grc' dir='ltr'>σιωπηθὲν</span> <span class='ocrx_word' id='word_1_202' title='bbox 682 1282 897 1317; x_wconf 77' lang='grc' dir='ltr'>συλλογίζεσθαι,</span> 
     </span>
    </p>
   </div>
   <div class='ocr_carea' id='block_1_28' title="bbox 109 1319 895 1362">
    <p class='ocr_par' dir='ltr' id='par_1_28' title="bbox 109 1319 895 1362">
     <span class='ocr_line' id='line_1_28' title="bbox 109 1319 895 1362; baseline 0.013 -17"><span class='ocrx_word' id='word_1_203' title='bbox 109 1319 317 1355; x_wconf 83' lang='grc' dir='ltr'>νομοθετοῦντος</span> <span class='ocrx_word' id='word_1_204' title='bbox 348 1323 434 1356; x_wconf 76' lang='grc' dir='ltr'>ἐστὶν,</span> <span class='ocrx_word' id='word_1_205' title='bbox 461 1324 491 1350; x_wconf 87' lang='grc' dir='ltr'>οὐ</span> <span class='ocrx_word' id='word_1_206' title='bbox 516 1325 552 1352; x_wconf 77' lang='grc' dir='ltr'><strong>τὰ</strong></span> <span class='ocrx_word' id='word_1_207' title='bbox 567 1325 614 1352; x_wconf 78' lang='grc' dir='ltr'>τοῦ</span> <span class='ocrx_word' id='word_1_208' title='bbox 640 1326 724 1362; x_wconf 84' lang='grc' dir='ltr'>νόμου</span> <span class='ocrx_word' id='word_1_209' title='bbox 751 1327 895 1362; x_wconf 84' lang='grc' dir='ltr'>λέγοντος·</span> 
     </span>
    </p>
   </div>
   <div class='ocr_carea' id='block_1_29' title="bbox 109 1366 897 1411">
    <p class='ocr_par' dir='ltr' id='par_1_29' title="bbox 109 1366 897 1411">
     <span class='ocr_line' id='line_1_29' title="bbox 109 1366 897 1411; baseline 0.014 -19"><span class='ocrx_word' id='word_1_210' title='bbox 109 1367 172 1393; x_wconf 75' lang='grc' dir='ltr'>ἐπεὶ</span> <span class='ocrx_word' id='word_1_211' title='bbox 182 1366 269 1399; x_wconf 80' lang='grc' dir='ltr'>οὕτως</span> <span class='ocrx_word' id='word_1_212' title='bbox 286 1377 317 1402; x_wconf 90' lang='grc' dir='ltr'>γε</span> <span class='ocrx_word' id='word_1_213' title='bbox 332 1369 440 1401; x_wconf 79' lang='grc' dir='ltr'><strong>ἐξέσται</strong></span> <span class='ocrx_word' id='word_1_214' title='bbox 457 1370 496 1406; x_wconf 86' lang='grc' dir='ltr'>τῷ</span> <span class='ocrx_word' id='word_1_215' title='bbox 511 1372 664 1409; x_wconf 80' lang='grc' dir='ltr'>βουλομένῳ</span> <span class='ocrx_word' id='word_1_216' title='bbox 681 1375 897 1411; x_wconf 79' lang='grc' dir='ltr'>κατατολμῆσαι,</span> 
     </span>
    </p>
   </div>
   <div class='ocr_carea' id='block_1_30' title="bbox 109 1413 896 1460">
    <p class='ocr_par' dir='ltr' id='par_1_30' title="bbox 109 1413 896 1460">
     <span class='ocr_line' id='line_1_30' title="bbox 109 1413 896 1460; baseline 0.014 -22"><span class='ocrx_word' id='word_1_217' title='bbox 109 1413 158 1460; x_wconf 54' lang='grc' dir='ltr'>καὶ</span> <span class='ocrx_word' id='word_1_218' title='bbox 171 1413 211 1460; x_wconf 74' lang='grc' dir='ltr'>ἔτι</span> <span class='ocrx_word' id='word_1_219' title='bbox 222 1413 312 1449; x_wconf 82' lang='grc' dir='ltr'>ζώσης</span> <span class='ocrx_word' id='word_1_220' title='bbox 324 1416 373 1460; x_wconf 74' lang='grc' dir='ltr'>τῆς</span> <span class='ocrx_word' id='word_1_221' title='bbox 386 1417 524 1450; x_wconf 80' lang='grc' dir='ltr'>γυναικὸς,</span> <span class='ocrx_word' id='word_1_222' title='bbox 537 1418 685 1453; x_wconf 87' lang='grc' dir='ltr'>λαμϐάνειν</span> <span class='ocrx_word' id='word_1_223' title='bbox 700 1420 749 1456; x_wconf 83' lang='grc' dir='ltr'>τὴν</span> <span class='ocrx_word' id='word_1_224' title='bbox 768 1421 896 1457; x_wconf 84' lang='grc' dir='ltr'>ἀδελφήν.</span> 
     </span>
    </p>
   </div>
   <div class='ocr_carea' id='block_1_31' title="bbox 108 1457 896 1502">
    <p class='ocr_par' dir='ltr' id='par_1_31' title="bbox 108 1457 896 1502">
     <span class='ocr_line' id='line_1_31' title="bbox 108 1457 896 1502; baseline 0.015 -19"><span class='ocrx_word' id='word_1_225' title='bbox 108 1457 146 1484; x_wconf 67' lang='lat' dir='ltr'><strong>To</strong></span> <span class='ocrx_word' id='word_1_226' title='bbox 159 1459 213 1493; x_wconf 85' lang='grc' dir='ltr'>γὰρ</span> <span class='ocrx_word' id='word_1_227' title='bbox 226 1459 291 1486; x_wconf 80' lang='grc' dir='ltr'>αὐτὸ</span> <span class='ocrx_word' id='word_1_228' title='bbox 302 1457 381 1488; x_wconf 78' lang='grc' dir='ltr'>τοῦτο</span> <span class='ocrx_word' id='word_1_229' title='bbox 394 1462 524 1499; x_wconf 77' lang='grc' dir='ltr'>σόφισμα,</span> <span class='ocrx_word' id='word_1_230' title='bbox 538 1465 584 1491; x_wconf 72' lang='grc' dir='ltr'>καὶ</span> <span class='ocrx_word' id='word_1_231' title='bbox 599 1465 642 1491; x_wconf 82' lang='grc' dir='ltr'><strong>ἐπ’</strong></span> <span class='ocrx_word' id='word_1_232' title='bbox 657 1466 762 1493; x_wconf 75' lang='grc' dir='ltr'>ἐκείνου</span> <span class='ocrx_word' id='word_1_233' title='bbox 772 1467 896 1502; x_wconf 72' lang='grc' dir='ltr'>ἁρμόζει.</span> 
     </span>
    </p>
   </div>
   <div class='ocr_carea' id='block_1_32' title="bbox 108 1503 898 1546">
    <p class='ocr_par' dir='ltr' id='par_1_32' title="bbox 108 1503 898 1546">
     <span class='ocr_line' id='line_1_32' title="bbox 108 1503 898 1546; baseline 0.013 -16"><span class='ocrx_word' id='word_1_234' title='bbox 108 1503 265 1540; x_wconf 83' lang='grc' dir='ltr'>Γέγραπται</span> <span class='ocrx_word' id='word_1_235' title='bbox 294 1507 359 1542; x_wconf 85' lang='grc' dir='ltr'>γὰρ,</span> <span class='ocrx_word' id='word_1_236' title='bbox 379 1509 471 1544; x_wconf 83' lang='grc' dir='ltr'>φησὶν,</span> <span class='ocrx_word' id='word_1_237' title='bbox 492 1509 631 1545; x_wconf 66' lang='grc' dir='ltr'><strong>οὑλήψῃ</strong></span> <span class='ocrx_word' id='word_1_238' title='bbox 654 1511 812 1546; x_wconf 80' lang='grc' dir='ltr'>ἁντίζηλον</span> <span class='ocrx_word' id='word_1_239' title='bbox 829 1521 835 1528; x_wconf 92' lang='grc'>·</span> <span class='ocrx_word' id='word_1_240' title='bbox 860 1513 898 1545; x_wconf 83' lang='grc' dir='ltr'><strong>ὡς</strong></span> 
     </span>
    </p>
   </div>
   <div class='ocr_carea' id='block_1_33' title="bbox 107 1550 897 1593">
    <p class='ocr_par' dir='ltr' id='par_1_33' title="bbox 107 1550 897 1593">
     <span class='ocr_line' id='line_1_33' title="bbox 107 1550 897 1593; baseline 0.013 -18"><span class='ocrx_word' id='word_1_241' title='bbox 107 1550 159 1584; x_wconf 79' lang='grc' dir='ltr'>τήν</span> <span class='ocrx_word' id='word_1_242' title='bbox 172 1558 204 1583; x_wconf 86' lang='grc' dir='ltr'>γε</span> <span class='ocrx_word' id='word_1_243' title='bbox 216 1550 268 1584; x_wconf 76' lang='grc' dir='ltr'>ἔξω</span> <span class='ocrx_word' id='word_1_244' title='bbox 280 1552 327 1578; x_wconf 82' lang='grc' dir='ltr'>τοῦ</span> <span class='ocrx_word' id='word_1_245' title='bbox 341 1553 433 1588; x_wconf 80' lang='grc' dir='ltr'>ζήλου,</span> <span class='ocrx_word' id='word_1_246' title='bbox 462 1554 556 1581; x_wconf 84' lang='grc' dir='ltr'>λαϐεῖν</span> <span class='ocrx_word' id='word_1_247' title='bbox 583 1557 634 1583; x_wconf 82' lang='grc' dir='ltr'>οὐκ</span> <span class='ocrx_word' id='word_1_248' title='bbox 661 1556 779 1584; x_wconf 83' lang='grc' dir='ltr'>ἐκώλυεν</span> <span class='ocrx_word' id='word_1_249' title='bbox 795 1566 801 1573; x_wconf 91' lang='grc'>·</span> <span class='ocrx_word' id='word_1_250' title='bbox 824 1559 839 1584; x_wconf 85' lang='grc' dir='ltr'>ὁ</span> <span class='ocrx_word' id='word_1_251' title='bbox 864 1559 897 1593; x_wconf 87' lang='grc' dir='ltr'>δὴ</span> 
     </span>
    </p>
   </div>
   <div class='ocr_carea' id='block_1_34' title="bbox 955 321 1736 356">
    <p class='ocr_par' dir='ltr' id='par_1_34' title="bbox 955 321 1736 356">
     <span class='ocr_line' id='line_1_34' title="bbox 955 321 1736 356; baseline 0.001 -8"><span class='ocrx_word' id='word_1_252' title='bbox 955 326 1076 349; x_wconf 81' lang='lat' dir='ltr'><strong>tuantur.</strong></span> <span class='ocrx_word' id='word_1_253' title='bbox 1089 322 1180 355; x_wconf 80' lang='lat' dir='ltr'><strong>Quare</strong></span> <span class='ocrx_word' id='word_1_254' title='bbox 1193 323 1300 350; x_wconf 87' lang='lat' dir='ltr'><strong>etiamsi</strong></span> <span class='ocrx_word' id='word_1_255' title='bbox 1316 322 1381 348; x_wconf 83' lang='lat' dir='ltr'><strong>nihil</strong></span> <span class='ocrx_word' id='word_1_256' title='bbox 1397 322 1469 348; x_wconf 83' lang='lat' dir='ltr'><strong>aliud</strong></span> <span class='ocrx_word' id='word_1_257' title='bbox 1485 321 1538 348; x_wconf 87' lang='lat' dir='ltr'><strong>diei</strong></span> <span class='ocrx_word' id='word_1_258' title='bbox 1556 327 1656 356; x_wconf 85' lang='lat' dir='ltr'><strong>posset,</strong></span> <span class='ocrx_word' id='word_1_259' title='bbox 1670 323 1736 349; x_wconf 83' lang='lat' dir='ltr'><strong>satis</strong></span> 
     </span>
    </p>
   </div>
   <div class='ocr_carea' id='block_1_35' title="bbox 954 367 1737 403">
    <p class='ocr_par' dir='ltr' id='par_1_35' title="bbox 954 367 1737 403">
     <span class='ocr_line' id='line_1_35' title="bbox 954 367 1737 403; baseline 0.001 -9"><span class='ocrx_word' id='word_1_260' title='bbox 954 373 1026 395; x_wconf 85' lang='lat' dir='ltr'><strong>esset</strong></span> <span class='ocrx_word' id='word_1_261' title='bbox 1041 368 1098 402; x_wconf 84' lang='lat' dir='ltr'><strong>ipsa</strong></span> <span class='ocrx_word' id='word_1_262' title='bbox 1110 368 1279 396; x_wconf 74' lang='lat' dir='ltr'><strong>consuetudo</strong></span> <span class='ocrx_word' id='word_1_263' title='bbox 1294 368 1328 395; x_wconf 91' lang='lat' dir='ltr'><strong>ad</strong></span> <span class='ocrx_word' id='word_1_264' title='bbox 1343 367 1407 395; x_wconf 89' lang='lat' dir='ltr'><strong>boni</strong></span> <span class='ocrx_word' id='word_1_265' title='bbox 1424 367 1586 395; x_wconf 77' lang='lat' dir='ltr'><strong>custodiam.</strong></span> <span class='ocrx_word' id='word_1_266' title='bbox 1604 367 1656 395; x_wconf 86' lang='lat' dir='ltr'><strong>Sed</strong></span> <span class='ocrx_word' id='word_1_267' title='bbox 1673 369 1737 403; x_wconf 88' lang='lat' dir='ltr'><strong>quia</strong></span> 
     </span>
    </p>
   </div>
   <div class='ocr_carea' id='block_1_36' title="bbox 953 413 1737 448">
    <p class='ocr_par' dir='ltr' id='par_1_36' title="bbox 953 413 1737 448">
     <span class='ocr_line' id='line_1_36' title="bbox 953 413 1737 448; baseline 0.001 -9"><span class='ocrx_word' id='word_1_268' title='bbox 953 413 999 448; x_wconf 87' lang='lat' dir='ltr'><strong>qui</strong></span> <span class='ocrx_word' id='word_1_269' title='bbox 1012 413 1083 440; x_wconf 84' lang='lat' dir='ltr'><strong>hanc</strong></span> <span class='ocrx_word' id='word_1_270' title='bbox 1104 413 1212 448; x_wconf 76' lang='lat' dir='ltr'><strong>scripsit</strong></span> <span class='ocrx_word' id='word_1_271' title='bbox 1228 413 1381 448; x_wconf 79' lang='lat' dir='ltr'><strong>epistolam,</strong></span> <span class='ocrx_word' id='word_1_272' title='bbox 1410 413 1561 440; x_wconf 86' lang='lat' dir='ltr'><strong>adulterino</strong></span> <span class='ocrx_word' id='word_1_273' title='bbox 1577 417 1737 447; x_wconf 80' lang='lat' dir='ltr'><strong>argumento</strong></span> 
     </span>
    </p>
   </div>
   <div class='ocr_carea' id='block_1_37' title="bbox 953 458 1737 487">
    <p class='ocr_par' dir='ltr' id='par_1_37' title="bbox 953 458 1737 487">
     <span class='ocr_line' id='line_1_37' title="bbox 953 458 1737 487; baseline -0.001 -1"><span class='ocrx_word' id='word_1_274' title='bbox 953 459 1055 486; x_wconf 88' lang='lat' dir='ltr'><strong>malum</strong></span> <span class='ocrx_word' id='word_1_275' title='bbox 1073 464 1177 486; x_wconf 86' lang='lat' dir='ltr'><strong>tantum</strong></span> <span class='ocrx_word' id='word_1_276' title='bbox 1195 465 1309 487; x_wconf 86' lang='lat' dir='ltr'><strong>conatus</strong></span> <span class='ocrx_word' id='word_1_277' title='bbox 1325 464 1367 487; x_wconf 90' lang='lat' dir='ltr'><strong>est</strong></span> <span class='ocrx_word' id='word_1_278' title='bbox 1383 459 1410 486; x_wconf 93' lang='lat' dir='ltr'><strong>in</strong></span> <span class='ocrx_word' id='word_1_279' title='bbox 1426 466 1515 486; x_wconf 91' lang='lat' dir='ltr'><strong>mores</strong></span> <span class='ocrx_word' id='word_1_280' title='bbox 1535 458 1676 486; x_wconf 82' lang='lat' dir='ltr'><strong>hominum</strong></span> <span class='ocrx_word' id='word_1_281' title='bbox 1693 459 1737 486; x_wconf 88' lang='lat' dir='ltr'><strong>in-</strong></span> 
     </span>
    </p>
   </div>
   <div class='ocr_carea' id='block_1_38' title="bbox 953 504 1736 537">
    <p class='ocr_par' dir='ltr' id='par_1_38' title="bbox 953 504 1736 537">
     <span class='ocr_line' id='line_1_38' title="bbox 953 504 1736 537; baseline 0 -5"><span class='ocrx_word' id='word_1_282' title='bbox 953 504 1064 536; x_wconf 86' lang='lat' dir='ltr'><strong>ducere,</strong></span> <span class='ocrx_word' id='word_1_283' title='bbox 1086 512 1197 532; x_wconf 88' lang='lat' dir='ltr'><strong>necesse</strong></span> <span class='ocrx_word' id='word_1_284' title='bbox 1216 509 1267 537; x_wconf 86' lang='lat' dir='ltr'><strong>est,</strong></span> <span class='ocrx_word' id='word_1_285' title='bbox 1294 509 1326 532; x_wconf 93' lang='lat' dir='ltr'><strong>ut</strong></span> <span class='ocrx_word' id='word_1_286' title='bbox 1347 512 1399 532; x_wconf 91' lang='lat' dir='ltr'><strong>nec</strong></span> <span class='ocrx_word' id='word_1_287' title='bbox 1416 505 1655 532; x_wconf 88' lang='lat' dir='ltr'><strong>ratiocinationum</strong></span> <span class='ocrx_word' id='word_1_288' title='bbox 1669 505 1736 532; x_wconf 76' lang='lat' dir='ltr'><strong>sub~</strong></span> 
     </span>
    </p>
   </div>
   <div class='ocr_carea' id='block_1_39' title="bbox 952 550 1737 585">
    <p class='ocr_par' dir='ltr' id='par_1_39' title="bbox 952 550 1737 585">
     <span class='ocr_line' id='line_1_39' title="bbox 952 550 1737 585; baseline 0 -8"><span class='ocrx_word' id='word_1_289' title='bbox 952 550 1053 577; x_wconf 89' lang='lat' dir='ltr'><strong>sidium</strong></span> <span class='ocrx_word' id='word_1_290' title='bbox 1073 550 1240 583; x_wconf 87' lang='lat' dir='ltr'><strong>omittamus,</strong></span> <span class='ocrx_word' id='word_1_291' title='bbox 1253 558 1420 585; x_wconf 79' lang='lat' dir='ltr'><strong>quanquam,</strong></span> <span class='ocrx_word' id='word_1_292' title='bbox 1438 550 1465 577; x_wconf 93' lang='lat' dir='ltr'><strong>in</strong></span> <span class='ocrx_word' id='word_1_293' title='bbox 1481 550 1562 578; x_wconf 83' lang='lat' dir='ltr'><strong>rebus</strong></span> <span class='ocrx_word' id='word_1_294' title='bbox 1577 550 1655 578; x_wconf 80' lang='lat' dir='ltr'><strong>valde</strong></span> <span class='ocrx_word' id='word_1_295' title='bbox 1671 558 1737 578; x_wconf 86' lang='lat' dir='ltr'><strong>eon-</strong></span> 
     </span>
    </p>
   </div>
   <div class='ocr_carea' id='block_1_40' title="bbox 951 595 1737 631">
    <p class='ocr_par' dir='ltr' id='par_1_40' title="bbox 951 595 1737 631">
     <span class='ocr_line' id='line_1_40' title="bbox 951 595 1737 631; baseline 0.001 -9"><span class='ocrx_word' id='word_1_296' title='bbox 951 596 1064 631; x_wconf 85' lang='lat' dir='ltr'><strong>spicuis,</strong></span> <span class='ocrx_word' id='word_1_297' title='bbox 1084 596 1322 630; x_wconf 74' lang='lat' dir='ltr'><strong>argumentatione</strong></span> <span class='ocrx_word' id='word_1_298' title='bbox 1348 595 1436 631; x_wconf 89' lang='lat' dir='ltr'><strong>potior</strong></span> <span class='ocrx_word' id='word_1_299' title='bbox 1453 599 1496 623; x_wconf 88' lang='lat' dir='ltr'><strong>est</strong></span> <span class='ocrx_word' id='word_1_300' title='bbox 1519 596 1737 631; x_wconf 85' lang='lat' dir='ltr'><strong>uniuscujusque</strong></span> 
     </span>
    </p>
   </div>
   <div class='ocr_carea' id='block_1_41' title="bbox 952 641 1737 678">
    <p class='ocr_par' dir='ltr' id='par_1_41' title="bbox 952 641 1737 678">
     <span class='ocr_line' id='line_1_41' title="bbox 952 641 1737 678; baseline -0.001 -9"><span class='ocrx_word' id='word_1_301' title='bbox 952 643 1094 677; x_wconf 64' lang='lat' dir='ltr'><strong>praenotio.</strong></span> <span class='ocrx_word' id='word_1_302' title='bbox 1108 642 1244 678; x_wconf 74' lang='lat' dir='ltr'><strong>Scriptum</strong></span> <span class='ocrx_word' id='word_1_303' title='bbox 1256 647 1307 674; x_wconf 85' lang='lat' dir='ltr'><strong>est,</strong></span> <span class='ocrx_word' id='word_1_304' title='bbox 1317 642 1414 677; x_wconf 90' lang='lat' dir='ltr'><strong>inquit,</strong></span> <span class='ocrx_word' id='word_1_305' title='bbox 1429 642 1455 669; x_wconf 93' lang='lat' dir='ltr'><strong>in</strong></span> <span class='ocrx_word' id='word_1_306' title='bbox 1469 641 1605 670; x_wconf 83' lang='lat' dir='ltr'><strong>Levitico:</strong></span> <span class='ocrx_word' id='word_1_307' title='bbox 1621 641 1737 668; x_wconf 72' lang='lat' dir='ltr'><strong>Uxorem</strong></span> 
     </span>
    </p>
   </div>
   <div class='ocr_carea' id='block_1_42' title="bbox 951 688 1736 723">
    <p class='ocr_par' dir='ltr' id='par_1_42' title="bbox 951 688 1736 723">
     <span class='ocr_line' id='line_1_42' title="bbox 951 688 1736 723; baseline -0.003 -7"><span class='ocrx_word' id='word_1_308' title='bbox 951 697 1030 723; x_wconf 79' lang='lat' dir='ltr'><strong>super</strong></span> <span class='ocrx_word' id='word_1_309' title='bbox 1044 696 1134 716; x_wconf 69' lang='lat' dir='ltr'><strong>sorore</strong></span> <span class='ocrx_word' id='word_1_310' title='bbox 1146 689 1215 722; x_wconf 73' lang='lat' dir='ltr'><strong>ejus,</strong></span> <span class='ocrx_word' id='word_1_311' title='bbox 1224 696 1275 715; x_wconf 87' lang='lat' dir='ltr'><strong>non</strong></span> <span class='ocrx_word' id='word_1_312' title='bbox 1295 689 1407 723; x_wconf 80' lang='lat' dir='ltr'><strong>accipies</strong></span> <span class='ocrx_word' id='word_1_313' title='bbox 1418 688 1552 719; x_wconf 77' lang='lat' dir='ltr'><strong>wmulam,</strong></span> <span class='ocrx_word' id='word_1_314' title='bbox 1566 688 1600 714; x_wconf 85' lang='lat' dir='ltr'><strong>ad</strong></span> <span class='ocrx_word' id='word_1_315' title='bbox 1617 689 1719 714; x_wconf 79' lang='lat' dir='ltr'><strong>retlelan</strong></span> <span class='ocrx_word' id='word_1_316' title='bbox 1728 701 1736 708; x_wconf 92' lang='lat'><strong><em>-</em></strong></span> 
     </span>
    </p>
   </div>
   <div class='ocr_carea' id='block_1_43' title="bbox 953 733 1736 768">
    <p class='ocr_par' dir='ltr' id='par_1_43' title="bbox 953 733 1736 768">
     <span class='ocr_line' id='line_1_43' title="bbox 953 733 1736 768; baseline -0.001 -7"><span class='ocrx_word' id='word_1_317' title='bbox 953 735 1013 761; x_wconf 60' lang='lat' dir='ltr'><strong>iam</strong></span> <span class='ocrx_word' id='word_1_318' title='bbox 1039 735 1228 768; x_wconf 81' lang='lat' dir='ltr'><strong>turpitudinem</strong></span> <span class='ocrx_word' id='word_1_319' title='bbox 1252 734 1309 768; x_wconf 72' lang='lat' dir='ltr'><strong>ejus</strong></span> <span class='ocrx_word' id='word_1_320' title='bbox 1333 742 1411 767; x_wconf 80' lang='lat' dir='ltr'><strong>super</strong></span> <span class='ocrx_word' id='word_1_321' title='bbox 1438 741 1507 765; x_wconf 82' lang='lat' dir='ltr'><strong>eam,</strong></span> <span class='ocrx_word' id='word_1_322' title='bbox 1528 733 1615 760; x_wconf 82' lang='lat' dir='ltr'><strong>adhuc</strong></span> <span class='ocrx_word' id='word_1_323' title='bbox 1638 734 1736 761; x_wconf 78' lang='lat' dir='ltr'><strong>vivente</strong></span> 
     </span>
    </p>
   </div>
   <div class='ocr_carea' id='block_1_44' title="bbox 949 779 1736 815">
    <p class='ocr_par' dir='ltr' id='par_1_44' title="bbox 949 779 1736 815">
     <span class='ocr_line' id='line_1_44' title="bbox 949 779 1736 815; baseline -0.003 -8"><span class='ocrx_word' id='word_1_324' title='bbox 949 788 981 807; x_wconf 88' lang='lat' dir='ltr'><strong>ea</strong></span> <span class='ocrx_word' id='word_1_325' title='bbox 993 779 1026 808; x_wconf 81' lang='grc'><strong>¹².</strong></span> <span class='ocrx_word' id='word_1_326' title='bbox 1044 779 1108 807; x_wconf 88' lang='lat' dir='ltr'><strong>Inde</strong></span> <span class='ocrx_word' id='word_1_327' title='bbox 1122 779 1204 815; x_wconf 79' lang='lat' dir='ltr'><strong>igitur</strong></span> <span class='ocrx_word' id='word_1_328' title='bbox 1218 779 1393 807; x_wconf 84' lang='lat' dir='ltr'><strong>manifestum</strong></span> <span class='ocrx_word' id='word_1_329' title='bbox 1409 786 1468 807; x_wconf 89' lang='lat' dir='ltr'><strong>esse</strong></span> <span class='ocrx_word' id='word_1_330' title='bbox 1483 779 1548 806; x_wconf 91' lang='lat' dir='ltr'><strong>dicit</strong></span> <span class='ocrx_word' id='word_1_331' title='bbox 1565 782 1679 806; x_wconf 76' lang='lat' dir='ltr'><strong>mortua:</strong></span> <span class='ocrx_word' id='word_1_332' title='bbox 1693 786 1736 806; x_wconf 90' lang='lat' dir='ltr'><strong>so-</strong></span> 
     </span>
    </p>
   </div>
   <div class='ocr_carea' id='block_1_45' title="bbox 949 824 1735 860">
    <p class='ocr_par' dir='ltr' id='par_1_45' title="bbox 949 824 1735 860">
     <span class='ocr_line' id='line_1_45' title="bbox 949 824 1735 860; baseline -0.001 -8"><span class='ocrx_word' id='word_1_333' title='bbox 949 831 1040 852; x_wconf 86' lang='lat' dir='ltr'><strong>rorem</strong></span> <span class='ocrx_word' id='word_1_334' title='bbox 1056 824 1177 860; x_wconf 87' lang='lat' dir='ltr'><strong>accipere</strong></span> <span class='ocrx_word' id='word_1_335' title='bbox 1192 825 1284 852; x_wconf 86' lang='lat' dir='ltr'><strong>licere.</strong></span> <span class='ocrx_word' id='word_1_336' title='bbox 1303 824 1354 860; x_wconf 65' lang='grc' dir='ltr'><strong>ιῆ.</strong></span> <span class='ocrx_word' id='word_1_337' title='bbox 1368 825 1408 851; x_wconf 78' lang='lat' dir='ltr'><strong>Ad</strong></span> <span class='ocrx_word' id='word_1_338' title='bbox 1423 825 1475 852; x_wconf 90' lang='lat' dir='ltr'><strong>hoc</strong></span> <span class='ocrx_word' id='word_1_339' title='bbox 1488 824 1607 859; x_wconf 88' lang='lat' dir='ltr'><strong>primum</strong></span> <span class='ocrx_word' id='word_1_340' title='bbox 1625 824 1735 859; x_wconf 83' lang='lat' dir='ltr'><strong>quidem</strong></span> 
     </span>
    </p>
   </div>
   <div class='ocr_carea' id='block_1_46' title="bbox 949 869 1736 906">
    <p class='ocr_par' dir='ltr' id='par_1_46' title="bbox 949 869 1736 906">
     <span class='ocr_line' id='line_1_46' title="bbox 949 869 1736 906; baseline -0.001 -8"><span class='ocrx_word' id='word_1_341' title='bbox 949 870 1049 905; x_wconf 87' lang='lat' dir='ltr'><strong>dicam,</strong></span> <span class='ocrx_word' id='word_1_342' title='bbox 1074 878 1243 906; x_wconf 61' lang='lat' dir='ltr'><strong>quaecunque</strong></span> <span class='ocrx_word' id='word_1_343' title='bbox 1262 871 1305 898; x_wconf 81' lang='lat' dir='ltr'><strong>lex</strong></span> <span class='ocrx_word' id='word_1_344' title='bbox 1323 871 1402 901; x_wconf 85' lang='lat' dir='ltr'><strong>dicit,</strong></span> <span class='ocrx_word' id='word_1_345' title='bbox 1420 869 1454 898; x_wconf 93' lang='lat' dir='ltr'><strong>iis</strong></span> <span class='ocrx_word' id='word_1_346' title='bbox 1471 870 1519 904; x_wconf 89' lang='lat' dir='ltr'><strong>qui</strong></span> <span class='ocrx_word' id='word_1_347' title='bbox 1545 870 1573 897; x_wconf 91' lang='lat' dir='ltr'><strong>in</strong></span> <span class='ocrx_word' id='word_1_348' title='bbox 1595 869 1653 905; x_wconf 83' lang='lat' dir='ltr'><strong>lege</strong></span> <span class='ocrx_word' id='word_1_349' title='bbox 1672 873 1736 897; x_wconf 84' lang='lat' dir='ltr'><strong>sunt</strong></span> 
     </span>
    </p>
   </div>
   <div class='ocr_carea' id='block_1_47' title="bbox 950 915 1737 952">
    <p class='ocr_par' dir='ltr' id='par_1_47' title="bbox 950 915 1737 952">
     <span class='ocr_line' id='line_1_47' title="bbox 950 915 1737 952; baseline -0.004 -7"><span class='ocrx_word' id='word_1_350' title='bbox 950 917 1062 950; x_wconf 85' lang='lat' dir='ltr'><strong>dicere;</strong></span> <span class='ocrx_word' id='word_1_351' title='bbox 1078 917 1191 952; x_wconf 91' lang='lat' dir='ltr'><strong>&#39;alioqui</strong></span> <span class='ocrx_word' id='word_1_352' title='bbox 1210 916 1251 945; x_wconf 86' lang='lat' dir='ltr'><strong>sic</strong></span> <span class='ocrx_word' id='word_1_353' title='bbox 1271 921 1298 944; x_wconf 88' lang='lat' dir='ltr'><strong>et</strong></span> <span class='ocrx_word' id='word_1_354' title='bbox 1313 916 1515 944; x_wconf 89' lang='lat' dir='ltr'><strong>circumcisioni</strong></span> <span class='ocrx_word' id='word_1_355' title='bbox 1535 920 1562 943; x_wconf 87' lang='lat' dir='ltr'><strong>et</strong></span> <span class='ocrx_word' id='word_1_356' title='bbox 1576 915 1696 944; x_wconf 86' lang='lat' dir='ltr'><strong>Sabbato</strong></span> <span class='ocrx_word' id='word_1_357' title='bbox 1709 920 1737 942; x_wconf 89' lang='lat' dir='ltr'><strong>et</strong></span> 
     </span>
    </p>
   </div>
   <div class='ocr_carea' id='block_1_48' title="bbox 949 953 1736 997">
    <p class='ocr_par' dir='ltr' id='par_1_48' title="bbox 949 953 1736 997">
     <span class='ocr_line' id='line_1_48' title="bbox 949 953 1736 997; baseline -0.004 -6"><span class='ocrx_word' id='word_1_358' title='bbox 949 963 1119 992; x_wconf 66' lang='lat' dir='ltr'><strong>abstinentiae</strong></span> <span class='ocrx_word' id='word_1_359' title='bbox 1144 963 1266 991; x_wconf 86' lang='lat' dir='ltr'><strong>ciborum</strong></span> <span class='ocrx_word' id='word_1_360' title='bbox 1288 953 1474 997; x_wconf 54' lang='lat' dir='ltr'><strong>subjicie&#39;mur.</strong></span> <span class='ocrx_word' id='word_1_361' title='bbox 1498 961 1591 996; x_wconf 85' lang='lat' dir='ltr'><strong>Neque</strong></span> <span class='ocrx_word' id='word_1_362' title='bbox 1609 962 1681 989; x_wconf 88' lang='lat' dir='ltr'><strong>enim</strong></span> <span class='ocrx_word' id='word_1_363' title='bbox 1711 962 1736 989; x_wconf 87' lang='lat' dir='ltr'><strong>si</strong></span> 
     </span>
    </p>
   </div>
   <div class='ocr_carea' id='block_1_49' title="bbox 948 1007 1733 1044">
    <p class='ocr_par' dir='ltr' id='par_1_49' title="bbox 948 1007 1733 1044">
     <span class='ocr_line' id='line_1_49' title="bbox 948 1007 1733 1044; baseline -0.004 -7"><span class='ocrx_word' id='word_1_364' title='bbox 948 1009 1013 1044; x_wconf 89' lang='lat' dir='ltr'><strong>quid</strong></span> <span class='ocrx_word' id='word_1_365' title='bbox 1041 1009 1213 1036; x_wconf 85' lang='lat' dir='ltr'><strong>inveniamus</strong></span> <span class='ocrx_word' id='word_1_366' title='bbox 1236 1008 1389 1044; x_wconf 86' lang='lat' dir='ltr'><strong>appositum</strong></span> <span class='ocrx_word' id='word_1_367' title='bbox 1414 1007 1521 1035; x_wconf 85' lang='lat' dir='ltr'><strong>nostris</strong></span> <span class='ocrx_word' id='word_1_368' title='bbox 1536 1007 1733 1042; x_wconf 79' lang='lat' dir='ltr'><strong>voluptatibus,</strong></span> 
     </span>
    </p>
   </div>
   <div class='ocr_carea' id='block_1_50' title="bbox 947 1053 1734 1091">
    <p class='ocr_par' dir='ltr' id='par_1_50' title="bbox 947 1053 1734 1091">
     <span class='ocr_line' id='line_1_50' title="bbox 947 1053 1734 1091; baseline -0.004 -8"><span class='ocrx_word' id='word_1_369' title='bbox 947 1055 1014 1091; x_wconf 83' lang='lat' dir='ltr'><strong>jugo</strong></span> <span class='ocrx_word' id='word_1_370' title='bbox 1028 1055 1168 1083; x_wconf 87' lang='lat' dir='ltr'><strong>servitutis</strong></span> <span class='ocrx_word' id='word_1_371' title='bbox 1193 1055 1261 1090; x_wconf 82' lang='lat' dir='ltr'><strong>legis</strong></span> <span class='ocrx_word' id='word_1_372' title='bbox 1276 1062 1327 1082; x_wconf 88' lang='lat' dir='ltr'><strong>nos</strong></span> <span class='ocrx_word' id='word_1_373' title='bbox 1343 1054 1394 1089; x_wconf 88' lang='lat' dir='ltr'><strong>ipsi</strong></span> <span class='ocrx_word' id='word_1_374' title='bbox 1411 1053 1588 1088; x_wconf 86' lang='lat' dir='ltr'><strong>subjiciemus</strong></span> <span class='ocrx_word' id='word_1_375' title='bbox 1602 1062 1609 1080; x_wconf 84' lang='lat'><strong>:</strong></span> <span class='ocrx_word' id='word_1_376' title='bbox 1623 1053 1646 1081; x_wconf 88' lang='lat' dir='ltr'><strong>si</strong></span> <span class='ocrx_word' id='word_1_377' title='bbox 1667 1053 1734 1088; x_wconf 89' lang='lat' dir='ltr'><strong>quid</strong></span> 
     </span>
    </p>
   </div>
   <div class='ocr_carea' id='block_1_51' title="bbox 950 1097 1734 1134">
    <p class='ocr_par' dir='ltr' id='par_1_51' title="bbox 950 1097 1734 1134">
     <span class='ocr_line' id='line_1_51' title="bbox 950 1097 1734 1134; baseline -0.004 -7"><span class='ocrx_word' id='word_1_378' title='bbox 950 1104 1040 1127; x_wconf 88' lang='lat' dir='ltr'><strong>autem</strong></span> <span class='ocrx_word' id='word_1_379' title='bbox 1053 1099 1142 1127; x_wconf 92' lang='lat' dir='ltr'><strong>visum</strong></span> <span class='ocrx_word' id='word_1_380' title='bbox 1158 1099 1240 1127; x_wconf 81' lang='lat' dir='ltr'><strong>fuerit</strong></span> <span class='ocrx_word' id='word_1_381' title='bbox 1255 1105 1336 1134; x_wconf 77' lang='lat' dir='ltr'><strong>grave</strong></span> <span class='ocrx_word' id='word_1_382' title='bbox 1359 1099 1386 1125; x_wconf 91' lang='lat' dir='ltr'><strong>in</strong></span> <span class='ocrx_word' id='word_1_383' title='bbox 1407 1097 1549 1134; x_wconf 75' lang='lat' dir='ltr'><strong>legalibus,</strong></span> <span class='ocrx_word' id='word_1_384' title='bbox 1570 1103 1635 1125; x_wconf 86' lang='lat' dir='ltr'><strong>tunc</strong></span> <span class='ocrx_word' id='word_1_385' title='bbox 1651 1098 1683 1124; x_wconf 91' lang='lat' dir='ltr'><strong>ad</strong></span> <span class='ocrx_word' id='word_1_386' title='bbox 1702 1097 1734 1124; x_wconf 91' lang='lat' dir='ltr'><strong>li-</strong></span> 
     </span>
    </p>
   </div>
   <div class='ocr_carea' id='block_1_52' title="bbox 949 1142 1734 1180">
    <p class='ocr_par' dir='ltr' id='par_1_52' title="bbox 949 1142 1734 1180">
     <span class='ocr_line' id='line_1_52' title="bbox 949 1142 1734 1180; baseline -0.005 -7"><span class='ocrx_word' id='word_1_387' title='bbox 949 1145 1092 1178; x_wconf 87' lang='lat' dir='ltr'><strong>bertatem,</strong></span> <span class='ocrx_word' id='word_1_388' title='bbox 1104 1152 1165 1180; x_wconf 62' lang='lat' dir='ltr'><strong>qua;</strong></span> <span class='ocrx_word' id='word_1_389' title='bbox 1182 1145 1210 1172; x_wconf 91' lang='lat' dir='ltr'><strong>in</strong></span> <span class='ocrx_word' id='word_1_390' title='bbox 1224 1144 1335 1172; x_wconf 87' lang='lat' dir='ltr'><strong>Christo</strong></span> <span class='ocrx_word' id='word_1_391' title='bbox 1355 1147 1406 1176; x_wconf 87' lang='lat' dir='ltr'><strong>est,</strong></span> <span class='ocrx_word' id='word_1_392' title='bbox 1427 1142 1626 1178; x_wconf 83' lang='lat' dir='ltr'><strong>conlugiemus.</strong></span> <span class='ocrx_word' id='word_1_393' title='bbox 1647 1142 1734 1170; x_wconf 88' lang='lat' dir='ltr'><strong>lntcr-</strong></span> 
     </span>
    </p>
   </div>
   <div class='ocr_carea' id='block_1_53' title="bbox 948 1189 1735 1228">
    <p class='ocr_par' dir='ltr' id='par_1_53' title="bbox 948 1189 1735 1228">
     <span class='ocr_line' id='line_1_53' title="bbox 948 1189 1735 1228; baseline -0.005 -9"><span class='ocrx_word' id='word_1_394' title='bbox 948 1192 1036 1228; x_wconf 77' lang='lat' dir='ltr'><strong>rogati</strong></span> <span class='ocrx_word' id='word_1_395' title='bbox 1059 1199 1154 1219; x_wconf 88' lang='lat' dir='ltr'><strong>sumus</strong></span> <span class='ocrx_word' id='word_1_396' title='bbox 1174 1199 1209 1218; x_wconf 90' lang='lat' dir='ltr'><strong>an</strong></span> <span class='ocrx_word' id='word_1_397' title='bbox 1234 1190 1364 1226; x_wconf 88' lang='lat' dir='ltr'><strong>scriptum</strong></span> <span class='ocrx_word' id='word_1_398' title='bbox 1383 1191 1429 1222; x_wconf 87' lang='lat' dir='ltr'><strong>sit,</strong></span> <span class='ocrx_word' id='word_1_399' title='bbox 1449 1193 1480 1217; x_wconf 93' lang='lat' dir='ltr'><strong>ut</strong></span> <span class='ocrx_word' id='word_1_400' title='bbox 1500 1189 1651 1224; x_wconf 84' lang='lat' dir='ltr'><strong>accipiatur</strong></span> <span class='ocrx_word' id='word_1_401' title='bbox 1665 1196 1735 1216; x_wconf 84' lang='lat' dir='ltr'><strong>uxor</strong></span> 
     </span>
    </p>
   </div>
   <div class='ocr_carea' id='block_1_54' title="bbox 948 1235 1733 1273">
    <p class='ocr_par' dir='ltr' id='par_1_54' title="bbox 948 1235 1733 1273">
     <span class='ocr_line' id='line_1_54' title="bbox 948 1235 1733 1273; baseline -0.004 -9"><span class='ocrx_word' id='word_1_402' title='bbox 948 1243 1012 1273; x_wconf 89' lang='lat' dir='ltr'><strong>post</strong></span> <span class='ocrx_word' id='word_1_403' title='bbox 1029 1237 1116 1273; x_wconf 84' lang='lat' dir='ltr'><strong>ipsius</strong></span> <span class='ocrx_word' id='word_1_404' title='bbox 1136 1244 1269 1265; x_wconf 84' lang='lat' dir='ltr'><strong>sororem.</strong></span> <span class='ocrx_word' id='word_1_405' title='bbox 1295 1236 1426 1268; x_wconf 89' lang='lat' dir='ltr'><strong>Dicimus,</strong></span> <span class='ocrx_word' id='word_1_406' title='bbox 1451 1235 1525 1271; x_wconf 87' lang='lat' dir='ltr'><strong>quod</strong></span> <span class='ocrx_word' id='word_1_407' title='bbox 1541 1239 1629 1262; x_wconf 88' lang='lat' dir='ltr'><strong>totum</strong></span> <span class='ocrx_word' id='word_1_408' title='bbox 1653 1235 1733 1262; x_wconf 89' lang='lat' dir='ltr'><strong>nobis</strong></span> 
     </span>
    </p>
   </div>
   <div class='ocr_carea' id='block_1_55' title="bbox 948 1280 1733 1317">
    <p class='ocr_par' dir='ltr' id='par_1_55' title="bbox 948 1280 1733 1317">
     <span class='ocr_line' id='line_1_55' title="bbox 948 1280 1733 1317; baseline -0.005 -7"><span class='ocrx_word' id='word_1_409' title='bbox 948 1287 990 1310; x_wconf 88' lang='lat' dir='ltr'><strong>est</strong></span> <span class='ocrx_word' id='word_1_410' title='bbox 1006 1286 1033 1310; x_wconf 92' lang='lat' dir='ltr'><strong>et</strong></span> <span class='ocrx_word' id='word_1_411' title='bbox 1045 1290 1151 1314; x_wconf 85' lang='lat' dir='ltr'><strong>verum,</strong></span> <span class='ocrx_word' id='word_1_412' title='bbox 1171 1281 1224 1309; x_wconf 90' lang='lat' dir='ltr'><strong>hoc</strong></span> <span class='ocrx_word' id='word_1_413' title='bbox 1240 1281 1371 1317; x_wconf 87' lang='lat' dir='ltr'><strong>scriptum</strong></span> <span class='ocrx_word' id='word_1_414' title='bbox 1384 1289 1439 1308; x_wconf 92' lang='lat' dir='ltr'><strong>non</strong></span> <span class='ocrx_word' id='word_1_415' title='bbox 1461 1288 1531 1309; x_wconf 87' lang='lat' dir='ltr'><strong>esse.</strong></span> <span class='ocrx_word' id='word_1_416' title='bbox 1546 1280 1624 1313; x_wconf 83' lang='lat' dir='ltr'><strong>Quod</strong></span> <span class='ocrx_word' id='word_1_417' title='bbox 1642 1284 1733 1307; x_wconf 89' lang='lat' dir='ltr'><strong>autem</strong></span> 
     </span>
    </p>
   </div>
   <div class='ocr_carea' id='block_1_56' title="bbox 948 1326 1734 1365">
    <p class='ocr_par' dir='ltr' id='par_1_56' title="bbox 948 1326 1734 1365">
     <span class='ocr_line' id='line_1_56' title="bbox 948 1326 1734 1365; baseline -0.004 -9"><span class='ocrx_word' id='word_1_418' title='bbox 948 1329 1058 1357; x_wconf 87' lang='lat' dir='ltr'><strong>silentio</strong></span> <span class='ocrx_word' id='word_1_419' title='bbox 1088 1329 1302 1365; x_wconf 68' lang='lat' dir='ltr'><strong>praetermissum</strong></span> <span class='ocrx_word' id='word_1_420' title='bbox 1325 1333 1377 1359; x_wconf 91' lang='lat' dir='ltr'><strong>est,</strong></span> <span class='ocrx_word' id='word_1_421' title='bbox 1406 1327 1433 1355; x_wconf 91' lang='lat' dir='ltr'><strong>id</strong></span> <span class='ocrx_word' id='word_1_422' title='bbox 1459 1334 1506 1363; x_wconf 84' lang='lat' dir='ltr'><strong>per</strong></span> <span class='ocrx_word' id='word_1_423' title='bbox 1533 1326 1734 1355; x_wconf 79' lang='lat' dir='ltr'><strong>consecutiOnis</strong></span> 
     </span>
    </p>
   </div>
   <div class='ocr_carea' id='block_1_57' title="bbox 949 1372 1732 1409">
    <p class='ocr_par' dir='ltr' id='par_1_57' title="bbox 949 1372 1732 1409">
     <span class='ocr_line' id='line_1_57' title="bbox 949 1372 1732 1409; baseline -0.005 -7"><span class='ocrx_word' id='word_1_424' title='bbox 949 1375 1099 1402; x_wconf 88' lang='lat' dir='ltr'><strong>illationem</strong></span> <span class='ocrx_word' id='word_1_425' title='bbox 1130 1374 1267 1409; x_wconf 69' lang='lat' dir='ltr'><strong>colligere,</strong></span> <span class='ocrx_word' id='word_1_426' title='bbox 1297 1372 1462 1409; x_wconf 78' lang='lat' dir='ltr'><strong>legislatoris</strong></span> <span class='ocrx_word' id='word_1_427' title='bbox 1489 1377 1542 1404; x_wconf 89' lang='lat' dir='ltr'><strong>est,</strong></span> <span class='ocrx_word' id='word_1_428' title='bbox 1567 1380 1623 1400; x_wconf 92' lang='lat' dir='ltr'><strong>non</strong></span> <span class='ocrx_word' id='word_1_429' title='bbox 1646 1372 1732 1405; x_wconf 68' lang='lat' dir='ltr'><strong>legem</strong></span> 
     </span>
    </p>
   </div>
   <div class='ocr_carea' id='block_1_58' title="bbox 950 1416 1733 1454">
    <p class='ocr_par' dir='ltr' id='par_1_58' title="bbox 950 1416 1733 1454">
     <span class='ocr_line' id='line_1_58' title="bbox 950 1416 1733 1454; baseline -0.006 -7"><span class='ocrx_word' id='word_1_430' title='bbox 950 1420 1088 1453; x_wconf 75' lang='lat' dir='ltr'><strong>recitantis</strong></span> <span class='ocrx_word' id='word_1_431' title='bbox 1103 1428 1110 1453; x_wconf 89' lang='lat'>;</span> <span class='ocrx_word' id='word_1_432' title='bbox 1133 1419 1265 1454; x_wconf 89' lang='lat' dir='ltr'><strong>siquidem</strong></span> <span class='ocrx_word' id='word_1_433' title='bbox 1282 1418 1333 1446; x_wconf 90' lang='lat' dir='ltr'><strong>hoe</strong></span> <span class='ocrx_word' id='word_1_434' title='bbox 1350 1422 1430 1454; x_wconf 88' lang='lat' dir='ltr'><strong>pacto</strong></span> <span class='ocrx_word' id='word_1_435' title='bbox 1445 1417 1537 1445; x_wconf 83' lang='lat' dir='ltr'><strong>licebit</strong></span> <span class='ocrx_word' id='word_1_436' title='bbox 1550 1417 1649 1444; x_wconf 77' lang='lat' dir='ltr'><strong>volenti</strong></span> <span class='ocrx_word' id='word_1_437' title='bbox 1665 1416 1733 1442; x_wconf 82' lang='lat' dir='ltr'><strong>faci-</strong></span> 
     </span>
    </p>
   </div>
   <div class='ocr_carea' id='block_1_59' title="bbox 948 1463 1733 1502">
    <p class='ocr_par' dir='ltr' id='par_1_59' title="bbox 948 1463 1733 1502">
     <span class='ocr_line' id='line_1_59' title="bbox 948 1463 1733 1502; baseline -0.008 -8"><span class='ocrx_word' id='word_1_438' title='bbox 948 1475 1000 1494; x_wconf 84' lang='lat' dir='ltr'><strong>nus</strong></span> <span class='ocrx_word' id='word_1_439' title='bbox 1015 1466 1136 1502; x_wconf 79' lang='lat' dir='ltr'><strong>aggredi,</strong></span> <span class='ocrx_word' id='word_1_440' title='bbox 1162 1466 1244 1493; x_wconf 87' lang='lat' dir='ltr'><strong>etiam</strong></span> <span class='ocrx_word' id='word_1_441' title='bbox 1261 1465 1351 1493; x_wconf 89' lang='lat' dir='ltr'><strong>adhuc</strong></span> <span class='ocrx_word' id='word_1_442' title='bbox 1366 1464 1482 1492; x_wconf 82' lang='lat' dir='ltr'><strong>viventis</strong></span> <span class='ocrx_word' id='word_1_443' title='bbox 1498 1463 1594 1491; x_wconf 84' lang='lat' dir='ltr'><strong>uxoris</strong></span> <span class='ocrx_word' id='word_1_444' title='bbox 1608 1463 1733 1498; x_wconf 79' lang='lat' dir='ltr'><strong>accipere</strong></span> 
     </span>
    </p>
   </div>
   <div class='ocr_carea' id='block_1_60' title="bbox 947 1509 1730 1546">
    <p class='ocr_par' dir='ltr' id='par_1_60' title="bbox 947 1509 1730 1546">
     <span class='ocr_line' id='line_1_60' title="bbox 947 1509 1730 1546; baseline -0.009 -6"><span class='ocrx_word' id='word_1_445' title='bbox 947 1520 1080 1540; x_wconf 84' lang='lat' dir='ltr'><strong>sororem.</strong></span> <span class='ocrx_word' id='word_1_446' title='bbox 1095 1511 1161 1539; x_wconf 83' lang='lat' dir='ltr'><strong>Nam</strong></span> <span class='ocrx_word' id='word_1_447' title='bbox 1178 1511 1267 1546; x_wconf 86' lang='lat' dir='ltr'><strong>ipsum</strong></span> <span class='ocrx_word' id='word_1_448' title='bbox 1287 1510 1353 1538; x_wconf 88' lang='lat' dir='ltr'><strong>illud</strong></span> <span class='ocrx_word' id='word_1_449' title='bbox 1368 1509 1508 1545; x_wconf 83' lang='lat' dir='ltr'><strong>sophisma</strong></span> <span class='ocrx_word' id='word_1_450' title='bbox 1521 1509 1604 1537; x_wconf 87' lang='lat' dir='ltr'><strong>etiam</strong></span> <span class='ocrx_word' id='word_1_451' title='bbox 1622 1509 1656 1536; x_wconf 85' lang='lat' dir='ltr'><strong>ad</strong></span> <span class='ocrx_word' id='word_1_452' title='bbox 1670 1515 1730 1535; x_wconf 85' lang='lat' dir='ltr'><strong>eam</strong></span> 
     </span>
    </p>
   </div>
   <div class='ocr_carea' id='block_1_61' title="bbox 947 1553 1730 1593">
    <p class='ocr_par' dir='ltr' id='par_1_61' title="bbox 947 1553 1730 1593">
     <span class='ocr_line' id='line_1_61' title="bbox 947 1553 1730 1593; baseline -0.008 -7"><span class='ocrx_word' id='word_1_453' title='bbox 947 1567 1005 1586; x_wconf 89' lang='lat' dir='ltr'><strong>rem</strong></span> <span class='ocrx_word' id='word_1_454' title='bbox 1025 1558 1176 1593; x_wconf 89' lang='lat' dir='ltr'><strong>appositum</strong></span> <span class='ocrx_word' id='word_1_455' title='bbox 1196 1562 1247 1585; x_wconf 82' lang='lat' dir='ltr'><strong>est.</strong></span> <span class='ocrx_word' id='word_1_456' title='bbox 1264 1556 1401 1592; x_wconf 87' lang='lat' dir='ltr'><strong>Scriptum</strong></span> <span class='ocrx_word' id='word_1_457' title='bbox 1413 1560 1465 1589; x_wconf 83' lang='lat' dir='ltr'><strong>est,</strong></span> <span class='ocrx_word' id='word_1_458' title='bbox 1479 1555 1579 1591; x_wconf 84' lang='lat' dir='ltr'><strong>inquit,</strong></span> <span class='ocrx_word' id='word_1_459' title='bbox 1598 1553 1659 1581; x_wconf 87' lang='lat' dir='ltr'><strong>Non</strong></span> <span class='ocrx_word' id='word_1_460' title='bbox 1684 1562 1730 1580; x_wconf 85' lang='lat' dir='ltr'><strong>ac-</strong></span> 
     </span>
    </p>
   </div>
   <div class='ocr_carea' id='block_1_62' title="bbox 109 1597 904 1647">
    <p class='ocr_par' dir='ltr' id='par_1_62' title="bbox 109 1597 898 1647">
     <span class='ocr_line' id='line_1_62' title="bbox 109 1597 898 1647; baseline 0.013 -26"><span class='ocrx_word' id='word_1_461' title='bbox 109 1597 319 1647; x_wconf 42' lang='lat' dir='ltr'><strong>fifvnYO-pﬁil-ttz)</strong></span> <span class='ocrx_word' id='word_1_462' title='bbox 329 1599 423 1631; x_wconf 86' lang='grc' dir='ltr'>πάθει,</span> <span class='ocrx_word' id='word_1_463' title='bbox 438 1600 607 1636; x_wconf 80' lang='grc' dir='ltr'>ἀζηλότυπον</span> <span class='ocrx_word' id='word_1_464' title='bbox 626 1600 696 1629; x_wconf 81' lang='grc' dir='ltr'>εἶναι</span> <span class='ocrx_word' id='word_1_465' title='bbox 714 1603 854 1639; x_wconf 87' lang='grc' dir='ltr'>διοριεῖται</span> <span class='ocrx_word' id='word_1_466' title='bbox 867 1605 898 1631; x_wconf 81' lang='grc' dir='ltr'><strong>τδ</strong></span> 
     </span>
    </p>
   </div>
   <div class='ocr_carea' id='block_1_63' title="bbox 948 1597 1716 1647">
    <p class='ocr_par' dir='ltr' id='par_1_63' title="bbox 950 1600 1716 1640">
     <span class='ocr_line' id='line_1_63' title="bbox 950 1600 1716 1640; baseline -0.008 -8"><span class='ocrx_word' id='word_1_467' title='bbox 950 1605 1029 1640; x_wconf 77' lang='lat' dir='ltr'><strong>cipies</strong></span> <span class='ocrx_word' id='word_1_468' title='bbox 1045 1605 1190 1632; x_wconf 63' lang='lat' dir='ltr'><strong>ramulum:</strong></span> <span class='ocrx_word' id='word_1_469' title='bbox 1216 1603 1329 1638; x_wconf 87' lang='lat' dir='ltr'><strong>proinde</strong></span> <span class='ocrx_word' id='word_1_470' title='bbox 1349 1601 1434 1636; x_wconf 84' lang='lat' dir='ltr'><strong>accipi</strong></span> <span class='ocrx_word' id='word_1_471' title='bbox 1451 1608 1510 1629; x_wconf 86' lang='lat' dir='ltr'><strong>eam</strong></span> <span class='ocrx_word' id='word_1_472' title='bbox 1529 1606 1605 1628; x_wconf 76' lang='lat' dir='ltr'><strong>extra</strong></span> <span class='ocrx_word' id='word_1_473' title='bbox 1620 1600 1716 1627; x_wconf 84' lang='lat' dir='ltr'><strong>aemula</strong></span> 
     </span>
    </p>
   </div>
   <div class='ocr_carea' id='block_1_64' title="bbox 107 1640 898 1683">
    <p class='ocr_par' dir='ltr' id='par_1_64' title="bbox 107 1640 898 1683">
     <span class='ocr_line' id='line_1_64' title="bbox 107 1640 898 1683; baseline 0.011 -15"><span class='ocrx_word' id='word_1_474' title='bbox 107 1640 174 1677; x_wconf 80' lang='grc' dir='ltr'>ἦθος</span> <span class='ocrx_word' id='word_1_475' title='bbox 187 1643 241 1669; x_wconf 85' lang='grc' dir='ltr'><strong>τῶν</strong></span> <span class='ocrx_word' id='word_1_476' title='bbox 254 1644 386 1679; x_wconf 83' lang='grc' dir='ltr'>ἀδελφῶν.</span> <span class='ocrx_word' id='word_1_477' title='bbox 407 1646 595 1682; x_wconf 76' lang='grc' dir='ltr'>Ἀνῃρημὲνης</span> <span class='ocrx_word' id='word_1_478' title='bbox 613 1647 660 1674; x_wconf 82' lang='grc' dir='ltr'>οὖν</span> <span class='ocrx_word' id='word_1_479' title='bbox 673 1649 722 1683; x_wconf 86' lang='grc' dir='ltr'>τῆς</span> <span class='ocrx_word' id='word_1_480' title='bbox 745 1649 846 1682; x_wconf 75' lang='grc' dir='ltr'>αἰτίας,</span> <span class='ocrx_word' id='word_1_481' title='bbox 864 1651 898 1677; x_wconf 83' lang='grc' dir='ltr'>δι’</span> 
     </span>
    </p>
   </div>
   <div class='ocr_carea' id='block_1_65' title="bbox 107 1688 898 1730">
    <p class='ocr_par' dir='ltr' id='par_1_65' title="bbox 107 1688 898 1730">
     <span class='ocr_line' id='line_1_65' title="bbox 107 1688 898 1730; baseline 0.01 -15"><span class='ocrx_word' id='word_1_482' title='bbox 107 1688 142 1723; x_wconf 74' lang='grc' dir='ltr'>ἢν</span> <span class='ocrx_word' id='word_1_483' title='bbox 164 1689 339 1725; x_wconf 79' lang='grc' dir='ltr'>ἀπηγόρευσε</span> <span class='ocrx_word' id='word_1_484' title='bbox 360 1692 409 1727; x_wconf 82' lang='grc' dir='ltr'>τὴν</span> <span class='ocrx_word' id='word_1_485' title='bbox 436 1693 599 1729; x_wconf 81' lang='grc' dir='ltr'>ἀμφοτέρων</span> <span class='ocrx_word' id='word_1_486' title='bbox 624 1695 798 1730; x_wconf 86' lang='grc' dir='ltr'>συνοίκησιν,</span> <span class='ocrx_word' id='word_1_487' title='bbox 816 1696 842 1722; x_wconf 89' lang='grc' dir='ltr'><strong>τί</strong></span> <span class='ocrx_word' id='word_1_488' title='bbox 866 1696 898 1723; x_wconf 80' lang='grc' dir='ltr'><strong>τδ</strong></span> 
     </span>
    </p>
   </div>
   <div class='ocr_carea' id='block_1_66' title="bbox 107 1733 897 1775">
    <p class='ocr_par' dir='ltr' id='par_1_66' title="bbox 107 1733 897 1775">
     <span class='ocr_line' id='line_1_66' title="bbox 107 1733 897 1775; baseline 0.009 -15"><span class='ocrx_word' id='word_1_489' title='bbox 107 1733 213 1761; x_wconf 76' lang='grc' dir='ltr'>&gt;ωλῦον</span> <span class='ocrx_word' id='word_1_490' title='bbox 229 1734 305 1762; x_wconf 82' lang='grc' dir='ltr'>ἔσται</span> <span class='ocrx_word' id='word_1_491' title='bbox 328 1736 476 1771; x_wconf 76' lang='grc' dir='ltr'>λαμϐάνειν</span> <span class='ocrx_word' id='word_1_492' title='bbox 498 1738 548 1770; x_wconf 81' lang='grc' dir='ltr'><strong>τὰς</strong></span> <span class='ocrx_word' id='word_1_493' title='bbox 561 1738 694 1774; x_wconf 82' lang='grc' dir='ltr'>ἀδελφάς;</span> <span class='ocrx_word' id='word_1_494' title='bbox 715 1740 786 1766; x_wconf 84' lang='grc' dir='ltr'>Ἀλλ’</span> <span class='ocrx_word' id='word_1_495' title='bbox 801 1741 831 1767; x_wconf 84' lang='grc' dir='ltr'>οὐ</span> <span class='ocrx_word' id='word_1_496' title='bbox 849 1741 897 1775; x_wconf 77' lang='grc' dir='ltr'>γό-</span> 
     </span>
    </p>
   </div>
   <div class='ocr_carea' id='block_1_67' title="bbox 107 1781 895 1822">
    <p class='ocr_par' dir='ltr' id='par_1_67' title="bbox 107 1781 895 1822">
     <span class='ocr_line' id='line_1_67' title="bbox 107 1781 895 1822; baseline 0.009 -16"><span class='ocrx_word' id='word_1_497' title='bbox 107 1787 230 1815; x_wconf 87' lang='grc' dir='ltr'>γραπται</span> <span class='ocrx_word' id='word_1_498' title='bbox 245 1781 342 1813; x_wconf 78' lang='grc' dir='ltr'>ταῦτα,</span> <span class='ocrx_word' id='word_1_499' title='bbox 358 1783 481 1818; x_wconf 85' lang='grc' dir='ltr'>φήσομεν</span> <span class='ocrx_word' id='word_1_500' title='bbox 494 1791 501 1798; x_wconf 93' lang='grc'><strong>·</strong></span> <span class='ocrx_word' id='word_1_501' title='bbox 514 1784 571 1811; x_wconf 79' lang='grc' dir='ltr'>ἀλλ’</span> <span class='ocrx_word' id='word_1_502' title='bbox 583 1784 645 1811; x_wconf 80' lang='grc' dir='ltr'>οὐδὲ</span> <span class='ocrx_word' id='word_1_503' title='bbox 659 1785 750 1812; x_wconf 84' lang='grc' dir='ltr'>ἐκεῖνα</span> <span class='ocrx_word' id='word_1_504' title='bbox 764 1786 878 1822; x_wconf 85' lang='grc' dir='ltr'>ὥρισται</span> <span class='ocrx_word' id='word_1_505' title='bbox 888 1795 895 1803; x_wconf 74' lang='grc'><em>’</em></span> 
     </span>
    </p>
   </div>
   <div class='ocr_carea' id='block_1_68' title="bbox 107 1825 896 1867">
    <p class='ocr_par' dir='ltr' id='par_1_68' title="bbox 107 1825 896 1867">
     <span class='ocr_line' id='line_1_68' title="bbox 107 1825 896 1867; baseline 0.01 -17"><span class='ocrx_word' id='word_1_506' title='bbox 107 1826 124 1860; x_wconf 78' lang='grc' dir='ltr'><strong>ἡ</strong></span> <span class='ocrx_word' id='word_1_507' title='bbox 139 1825 168 1851; x_wconf 78' lang='grc' dir='ltr'>δὲ</span> <span class='ocrx_word' id='word_1_508' title='bbox 186 1825 274 1852; x_wconf 79' lang='grc' dir='ltr'>ἔννοια</span> <span class='ocrx_word' id='word_1_509' title='bbox 288 1826 336 1853; x_wconf 83' lang='grc' dir='ltr'>τοῦ</span> <span class='ocrx_word' id='word_1_510' title='bbox 362 1827 508 1855; x_wconf 68' lang='grc' dir='ltr'>ἀκολούθου</span> <span class='ocrx_word' id='word_1_511' title='bbox 533 1829 634 1862; x_wconf 78' lang='grc' dir='ltr'>ὁμοίιος</span> <span class='ocrx_word' id='word_1_512' title='bbox 655 1830 820 1866; x_wconf 75' lang='grc' dir='ltr'>ἀμφοτέροις</span> <span class='ocrx_word' id='word_1_513' title='bbox 847 1832 896 1867; x_wconf 82' lang='grc' dir='ltr'>τὴν</span> 
     </span>
    </p>
   </div>
   <div class='ocr_carea' id='block_1_69' title="bbox 107 1870 896 1912">
    <p class='ocr_par' dir='ltr' id='par_1_69' title="bbox 107 1870 896 1912">
     <span class='ocr_line' id='line_1_69' title="bbox 107 1870 896 1912; baseline 0.011 -16"><span class='ocrx_word' id='word_1_514' title='bbox 107 1870 200 1897; x_wconf 73' lang='grc' dir='ltr'>ἄδειαν</span> <span class='ocrx_word' id='word_1_515' title='bbox 215 1871 331 1899; x_wconf 77' lang='grc' dir='ltr'>δίδωσιν.</span> <span class='ocrx_word' id='word_1_516' title='bbox 352 1873 425 1900; x_wconf 85' lang='grc' dir='ltr'>Ἔδει</span> <span class='ocrx_word' id='word_1_517' title='bbox 437 1873 466 1900; x_wconf 78' lang='grc' dir='ltr'>δὲ</span> <span class='ocrx_word' id='word_1_518' title='bbox 481 1875 578 1910; x_wconf 81' lang='grc' dir='ltr'>μικρὸν</span> <span class='ocrx_word' id='word_1_519' title='bbox 597 1876 643 1902; x_wconf 76' lang='grc' dir='ltr'>ἐπὶ</span> <span class='ocrx_word' id='word_1_520' title='bbox 660 1876 694 1904; x_wconf 81' lang='grc' dir='ltr'><strong>τὰ</strong></span> <span class='ocrx_word' id='word_1_521' title='bbox 709 1878 825 1904; x_wconf 79' lang='grc' dir='ltr'>κατόπιν</span> <span class='ocrx_word' id='word_1_522' title='bbox 846 1879 896 1912; x_wconf 80' lang='grc' dir='ltr'>τῆς</span> 
     </span>
    </p>
   </div>
   <div class='ocr_carea' id='block_1_70' title="bbox 106 1916 893 1958">
    <p class='ocr_par' dir='ltr' id='par_1_70' title="bbox 106 1916 893 1958">
     <span class='ocr_line' id='line_1_70' title="bbox 106 1916 893 1958; baseline 0.014 -18"><span class='ocrx_word' id='word_1_523' title='bbox 106 1916 267 1950; x_wconf 80' lang='grc' dir='ltr'>νομοθεσίας</span> <span class='ocrx_word' id='word_1_524' title='bbox 280 1918 517 1953; x_wconf 75' lang='grc' dir='ltr'>ὲπαναδραμόντα,</span> <span class='ocrx_word' id='word_1_525' title='bbox 526 1920 698 1956; x_wconf 82' lang='grc' dir='ltr'>ἀπηλλάχθαι</span> <span class='ocrx_word' id='word_1_526' title='bbox 711 1923 893 1958; x_wconf 63' lang='grc' dir='ltr'>πραγμάτων</span> 
     </span>
    </p>
   </div>
   <div class='ocr_carea' id='block_1_71' title="bbox 106 1958 892 2000">
    <p class='ocr_par' dir='ltr' id='par_1_71' title="bbox 106 1958 892 2000">
     <span class='ocr_line' id='line_1_71' title="bbox 106 1958 892 2000; baseline 0.009 -15"><span class='ocrx_word' id='word_1_527' title='bbox 106 1958 180 1986; x_wconf 72' lang='grc' dir='ltr'>ἔοικε</span> <span class='ocrx_word' id='word_1_528' title='bbox 195 1960 249 1996; x_wconf 75' lang='grc' dir='ltr'><strong>γὰρ</strong></span> <span class='ocrx_word' id='word_1_529' title='bbox 259 1962 290 1988; x_wconf 86' lang='grc' dir='ltr'>οὐ</span> <span class='ocrx_word' id='word_1_530' title='bbox 305 1963 360 1988; x_wconf 76' lang='grc' dir='ltr'>πᾶν</span> <span class='ocrx_word' id='word_1_531' title='bbox 372 1962 442 1994; x_wconf 83' lang='grc' dir='ltr'>εἶδος</span> <span class='ocrx_word' id='word_1_532' title='bbox 457 1963 662 1999; x_wconf 81' lang='grc' dir='ltr'>ἁμαρτημάτων</span> <span class='ocrx_word' id='word_1_533' title='bbox 677 1965 892 2000; x_wconf 84' lang='grc' dir='ltr'>περιλαμϐάνειν</span> 
     </span>
    </p>
   </div>
   <div class='ocr_carea' id='block_1_72' title="bbox 105 2005 896 2046">
    <p class='ocr_par' dir='ltr' id='par_1_72' title="bbox 105 2005 896 2046">
     <span class='ocr_line' id='line_1_72' title="bbox 105 2005 896 2046; baseline 0.01 -15"><span class='ocrx_word' id='word_1_534' title='bbox 105 2005 121 2031; x_wconf 85' lang='grc' dir='ltr'>ὁ</span> <span class='ocrx_word' id='word_1_535' title='bbox 136 2006 294 2042; x_wconf 76' lang='grc' dir='ltr'>νομοθέτης,</span> <span class='ocrx_word' id='word_1_536' title='bbox 312 2007 371 2034; x_wconf 72' lang='grc' dir='ltr'>ἀλλ’</span> <span class='ocrx_word' id='word_1_537' title='bbox 387 2009 460 2041; x_wconf 85' lang='grc' dir='ltr'>ἰδίως</span> <span class='ocrx_word' id='word_1_538' title='bbox 478 2009 659 2046; x_wconf 79' lang='grc' dir='ltr'>ἀπαγορεύειν</span> <span class='ocrx_word' id='word_1_539' title='bbox 679 2011 713 2038; x_wconf 79' lang='grc' dir='ltr'><strong>τὰ</strong></span> <span class='ocrx_word' id='word_1_540' title='bbox 743 2011 797 2038; x_wconf 86' lang='grc' dir='ltr'><strong>τῶν</strong></span> <span class='ocrx_word' id='word_1_541' title='bbox 813 2013 896 2046; x_wconf 78' lang='grc' dir='ltr'>Αἰγυ-</span> 
     </span>
    </p>
   </div>
   <div class='ocr_carea' id='block_1_73' title="bbox 106 2051 893 2090">
    <p class='ocr_par' dir='ltr' id='par_1_73' title="bbox 106 2051 893 2090">
     <span class='ocr_line' id='line_1_73' title="bbox 106 2051 893 2090; baseline 0.009 -13"><span class='ocrx_word' id='word_1_542' title='bbox 106 2051 272 2084; x_wconf 83' lang='grc' dir='ltr'>πτίων,ὃθεν</span> <span class='ocrx_word' id='word_1_543' title='bbox 287 2053 392 2089; x_wconf 82' lang='grc' dir='ltr'>ἀπῆρεν</span> <span class='ocrx_word' id='word_1_544' title='bbox 402 2055 415 2080; x_wconf 86' lang='grc' dir='ltr'>ὁ</span> <span class='ocrx_word' id='word_1_545' title='bbox 428 2053 543 2090; x_wconf 83' lang='grc' dir='ltr'>Ἰσραὴλ,</span> <span class='ocrx_word' id='word_1_546' title='bbox 559 2055 605 2082; x_wconf 80' lang='grc' dir='ltr'><strong>καὶ</strong></span> <span class='ocrx_word' id='word_1_547' title='bbox 615 2055 650 2082; x_wconf 85' lang='grc' dir='ltr'><strong>τὰ</strong></span> <span class='ocrx_word' id='word_1_548' title='bbox 661 2056 715 2082; x_wconf 88' lang='grc' dir='ltr'><strong>τῶν</strong></span> <span class='ocrx_word' id='word_1_549' title='bbox 725 2057 893 2090; x_wconf 82' lang='grc' dir='ltr'>Χαναναίων,</span> 
     </span>
    </p>
   </div>
   <div class='ocr_carea' id='block_1_74' title="bbox 106 2098 895 2138">
    <p class='ocr_par' dir='ltr' id='par_1_74' title="bbox 106 2098 895 2138">
     <span class='ocr_line' id='line_1_74' title="bbox 106 2098 895 2138; baseline 0.009 -14"><span class='ocrx_word' id='word_1_550' title='bbox 106 2098 177 2133; x_wconf 77' lang='grc' dir='ltr'>πρὸς</span> <span class='ocrx_word' id='word_1_551' title='bbox 190 2098 235 2130; x_wconf 86' lang='grc' dir='ltr'><strong>οὒς</strong></span> <span class='ocrx_word' id='word_1_552' title='bbox 254 2099 431 2133; x_wconf 87' lang='grc' dir='ltr'>μεθίσταται·</span> <span class='ocrx_word' id='word_1_553' title='bbox 449 2100 505 2136; x_wconf 80' lang='grc' dir='ltr'>εχει</span> <span class='ocrx_word' id='word_1_554' title='bbox 521 2101 575 2137; x_wconf 79' lang='grc' dir='ltr'>γὰρ</span> <span class='ocrx_word' id='word_1_555' title='bbox 586 2101 672 2134; x_wconf 77' lang='grc' dir='ltr'>οὕτως</span> <span class='ocrx_word' id='word_1_556' title='bbox 689 2104 705 2138; x_wconf 83' lang='grc' dir='ltr'><strong>ἡ</strong></span> <span class='ocrx_word' id='word_1_557' title='bbox 719 2103 801 2136; x_wconf 77' lang='grc' dir='ltr'>λέξις·</span> <span class='ocrx_word' id='word_1_558' title='bbox 815 2105 895 2131; x_wconf 81' lang='grc' dir='ltr'><em>Κατὰ</em></span> 
     </span>
    </p>
   </div>
   <div class='ocr_carea' id='block_1_75' title="bbox 104 2142 894 2183">
    <p class='ocr_par' dir='ltr' id='par_1_75' title="bbox 104 2142 894 2183">
     <span class='ocr_line' id='line_1_75' title="bbox 104 2142 894 2183; baseline 0.01 -15"><span class='ocrx_word' id='word_1_559' title='bbox 104 2142 144 2169; x_wconf 77' lang='grc' dir='ltr'>τὰ</span> <span class='ocrx_word' id='word_1_560' title='bbox 157 2142 376 2178; x_wconf 75' lang='grc' dir='ltr'>ἐπιτηδεύματα</span> <span class='ocrx_word' id='word_1_561' title='bbox 395 2144 450 2179; x_wconf 77' lang='grc' dir='ltr'><strong>τῆς</strong></span> <span class='ocrx_word' id='word_1_562' title='bbox 459 2146 621 2181; x_wconf 77' lang='grc' dir='ltr'>Αἰγύπτου.</span> <span class='ocrx_word' id='word_1_563' title='bbox 629 2145 688 2183; x_wconf 83' lang='grc' dir='ltr'><strong>ὲνῇ</strong></span> <span class='ocrx_word' id='word_1_564' title='bbox 695 2149 894 2182; x_wconf 81' lang='grc' dir='ltr'>παρφκήσατε</span> 
     </span>
    </p>
   </div>
   <div class='ocr_carea' id='block_1_76' title="bbox 103 2187 893 2229">
    <p class='ocr_par' dir='ltr' id='par_1_76' title="bbox 103 2187 893 2229">
     <span class='ocr_line' id='line_1_76' title="bbox 103 2187 893 2229; baseline 0.01 -15"><span class='ocrx_word' id='word_1_565' title='bbox 103 2187 153 2215; x_wconf 70' lang='grc' dir='ltr'><strong>ἐπ’</strong></span> <span class='ocrx_word' id='word_1_566' title='bbox 162 2188 268 2222; x_wconf 83' lang='grc' dir='ltr'><strong>αὐτῆς,</strong></span> <span class='ocrx_word' id='word_1_567' title='bbox 283 2190 466 2223; x_wconf 80' lang='grc' dir='ltr'>οὺποιήσετε</span> <span class='ocrx_word' id='word_1_568' title='bbox 479 2200 484 2206; x_wconf 92' lang='grc'><strong>·</strong></span> <span class='ocrx_word' id='word_1_569' title='bbox 499 2192 547 2218; x_wconf 74' lang='grc' dir='ltr'>καὶ</span> <span class='ocrx_word' id='word_1_570' title='bbox 557 2192 593 2219; x_wconf 84' lang='grc' dir='ltr'>τὰ</span> <span class='ocrx_word' id='word_1_571' title='bbox 603 2192 822 2228; x_wconf 80' lang='grc' dir='ltr'>ἐπιτηδεύματα</span> <span class='ocrx_word' id='word_1_572' title='bbox 836 2194 893 2229; x_wconf 75' lang='grc' dir='ltr'>γῆς</span> 
     </span>
    </p>
   </div>
   <div class='ocr_carea' id='block_1_77' title="bbox 104 2233 891 2273">
    <p class='ocr_par' dir='ltr' id='par_1_77' title="bbox 104 2233 891 2273">
     <span class='ocr_line' id='line_1_77' title="bbox 104 2233 891 2273; baseline 0.011 -15"><span class='ocrx_word' id='word_1_573' title='bbox 104 2233 229 2259; x_wconf 77' lang='grc' dir='ltr'><strong>Χαναὰν</strong></span> <span class='ocrx_word' id='word_1_574' title='bbox 241 2235 284 2267; x_wconf 80' lang='grc' dir='ltr'><strong>εις</strong></span> <span class='ocrx_word' id='word_1_575' title='bbox 293 2234 332 2269; x_wconf 76' lang='grc' dir='ltr'><strong>ῆν</strong></span> <span class='ocrx_word' id='word_1_576' title='bbox 338 2235 395 2270; x_wconf 72' lang='grc' dir='ltr'><strong>ἐγὼ</strong></span> <span class='ocrx_word' id='word_1_577' title='bbox 406 2236 517 2269; x_wconf 74' lang='grc' dir='ltr'><strong>εἰσάξω</strong></span> <span class='ocrx_word' id='word_1_578' title='bbox 525 2237 601 2272; x_wconf 82' lang='grc' dir='ltr'><strong>ὑμᾶς</strong></span> <span class='ocrx_word' id='word_1_579' title='bbox 607 2238 680 2271; x_wconf 76' lang='grc' dir='ltr'>ἐκεῖ,</span> <span class='ocrx_word' id='word_1_580' title='bbox 689 2239 725 2265; x_wconf 67' lang='lat' dir='ltr'><strong>of)</strong></span> <span class='ocrx_word' id='word_1_581' title='bbox 739 2239 891 2273; x_wconf 74' lang='grc' dir='ltr'>ποιήσετε,</span> 
     </span>
    </p>
   </div>
   <div class='ocr_carea' id='block_1_78' title="bbox 952 1645 1733 1684">
    <p class='ocr_par' dir='ltr' id='par_1_78' title="bbox 952 1645 1733 1684">
     <span class='ocr_line' id='line_1_78' title="bbox 952 1645 1733 1684; baseline -0.009 -7"><span class='ocrx_word' id='word_1_582' title='bbox 952 1651 1052 1677; x_wconf 85' lang='lat' dir='ltr'><strong>tionem</strong></span> <span class='ocrx_word' id='word_1_583' title='bbox 1069 1656 1122 1677; x_wconf 91' lang='lat' dir='ltr'><strong>non</strong></span> <span class='ocrx_word' id='word_1_584' title='bbox 1140 1648 1289 1684; x_wconf 87' lang='lat' dir='ltr'><strong>prohibuit.</strong></span> <span class='ocrx_word' id='word_1_585' title='bbox 1306 1647 1358 1681; x_wconf 86' lang='lat' dir='ltr'><strong>Qui</strong></span> <span class='ocrx_word' id='word_1_586' title='bbox 1383 1651 1472 1674; x_wconf 88' lang='lat' dir='ltr'><strong>autem</strong></span> <span class='ocrx_word' id='word_1_587' title='bbox 1493 1645 1598 1673; x_wconf 83' lang='lat' dir='ltr'><strong>libidini</strong></span> <span class='ocrx_word' id='word_1_588' title='bbox 1613 1645 1733 1679; x_wconf 86' lang='lat' dir='ltr'><strong>patroci-</strong></span> 
     </span>
    </p>
   </div>
   <div class='ocr_carea' id='block_1_79' title="bbox 950 1690 1732 1728">
    <p class='ocr_par' dir='ltr' id='par_1_79' title="bbox 950 1690 1732 1728">
     <span class='ocr_line' id='line_1_79' title="bbox 950 1690 1732 1728; baseline -0.008 -6"><span class='ocrx_word' id='word_1_589' title='bbox 950 1695 1071 1727; x_wconf 87' lang='lat' dir='ltr'><strong>nabitur,</strong></span> <span class='ocrx_word' id='word_1_590' title='bbox 1091 1693 1275 1722; x_wconf 69' lang='lat' dir='ltr'><strong>aemulationis</strong></span> <span class='ocrx_word' id='word_1_591' title='bbox 1290 1697 1427 1728; x_wconf 79' lang='lat' dir='ltr'><strong>expertem</strong></span> <span class='ocrx_word' id='word_1_592' title='bbox 1452 1698 1512 1719; x_wconf 86' lang='lat' dir='ltr'><strong>esse</strong></span> <span class='ocrx_word' id='word_1_593' title='bbox 1528 1690 1673 1718; x_wconf 77' lang='lat' dir='ltr'><strong>aliirmabit</strong></span> <span class='ocrx_word' id='word_1_594' title='bbox 1689 1690 1732 1717; x_wconf 90' lang='lat' dir='ltr'><strong>iu-</strong></span> 
     </span>
    </p>
   </div>
   <div class='ocr_carea' id='block_1_80' title="bbox 950 1736 1732 1772">
    <p class='ocr_par' dir='ltr' id='par_1_80' title="bbox 950 1736 1732 1772">
     <span class='ocr_line' id='line_1_80' title="bbox 950 1736 1732 1772; baseline -0.009 -4"><span class='ocrx_word' id='word_1_595' title='bbox 950 1740 1038 1768; x_wconf 90' lang='lat' dir='ltr'><strong>dolem</strong></span> <span class='ocrx_word' id='word_1_596' title='bbox 1063 1747 1198 1768; x_wconf 90' lang='lat' dir='ltr'><strong>sororum.</strong></span> <span class='ocrx_word' id='word_1_597' title='bbox 1225 1738 1315 1772; x_wconf 83' lang='lat' dir='ltr'><strong>Quare</strong></span> <span class='ocrx_word' id='word_1_598' title='bbox 1338 1737 1443 1765; x_wconf 87' lang='lat' dir='ltr'><strong>sublata</strong></span> <span class='ocrx_word' id='word_1_599' title='bbox 1470 1743 1563 1769; x_wconf 86' lang='lat' dir='ltr'><strong>causa,</strong></span> <span class='ocrx_word' id='word_1_600' title='bbox 1591 1736 1625 1762; x_wconf 92' lang='lat' dir='ltr'><strong>ob</strong></span> <span class='ocrx_word' id='word_1_601' title='bbox 1650 1742 1732 1770; x_wconf 90' lang='lat' dir='ltr'><strong>quam</strong></span> 
     </span>
    </p>
   </div>
   <div class='ocr_carea' id='block_1_81' title="bbox 950 1780 1732 1818">
    <p class='ocr_par' dir='ltr' id='par_1_81' title="bbox 950 1780 1732 1818">
     <span class='ocr_line' id='line_1_81' title="bbox 950 1780 1732 1818; baseline -0.009 -5"><span class='ocrx_word' id='word_1_602' title='bbox 950 1786 1093 1813; x_wconf 86' lang='lat' dir='ltr'><strong>ambarum</strong></span> <span class='ocrx_word' id='word_1_603' title='bbox 1107 1784 1274 1813; x_wconf 91' lang='lat' dir='ltr'><strong>connubium</strong></span> <span class='ocrx_word' id='word_1_604' title='bbox 1283 1782 1432 1818; x_wconf 87' lang='lat' dir='ltr'><strong>prohibuit,</strong></span> <span class='ocrx_word' id='word_1_605' title='bbox 1447 1781 1512 1816; x_wconf 88' lang='lat' dir='ltr'><strong>quid</strong></span> <span class='ocrx_word' id='word_1_606' title='bbox 1525 1780 1653 1816; x_wconf 85' lang='lat' dir='ltr'><strong>impediet</strong></span> <span class='ocrx_word' id='word_1_607' title='bbox 1663 1787 1732 1815; x_wconf 89' lang='lat' dir='ltr'><strong>quo-</strong></span> 
     </span>
    </p>
   </div>
   <div class='ocr_carea' id='block_1_82' title="bbox 949 1826 1732 1863">
    <p class='ocr_par' dir='ltr' id='par_1_82' title="bbox 949 1826 1732 1863">
     <span class='ocr_line' id='line_1_82' title="bbox 949 1826 1732 1863; baseline -0.009 -4"><span class='ocrx_word' id='word_1_608' title='bbox 949 1831 1039 1859; x_wconf 86' lang='lat' dir='ltr'><strong>minus</strong></span> <span class='ocrx_word' id='word_1_609' title='bbox 1063 1837 1172 1858; x_wconf 85' lang='lat' dir='ltr'><strong>sorores</strong></span> <span class='ocrx_word' id='word_1_610' title='bbox 1194 1828 1381 1863; x_wconf 80' lang='lat' dir='ltr'><strong>accipiantur?</strong></span> <span class='ocrx_word' id='word_1_611' title='bbox 1405 1827 1458 1855; x_wconf 85' lang='lat' dir='ltr'><strong>Sed</strong></span> <span class='ocrx_word' id='word_1_612' title='bbox 1485 1827 1542 1854; x_wconf 63' lang='lat' dir='ltr'><strong>hate</strong></span> <span class='ocrx_word' id='word_1_613' title='bbox 1556 1826 1656 1860; x_wconf 86' lang='lat' dir='ltr'><strong>scripta</strong></span> <span class='ocrx_word' id='word_1_614' title='bbox 1678 1833 1732 1852; x_wconf 88' lang='lat' dir='ltr'><strong>non</strong></span> 
     </span>
    </p>
   </div>
   <div class='ocr_carea' id='block_1_83' title="bbox 949 1872 1733 1911">
    <p class='ocr_par' dir='ltr' id='par_1_83' title="bbox 949 1872 1733 1911">
     <span class='ocr_line' id='line_1_83' title="bbox 949 1872 1733 1911; baseline -0.008 -6"><span class='ocrx_word' id='word_1_615' title='bbox 949 1882 1024 1910; x_wconf 83' lang='lat' dir='ltr'><strong>sunt,</strong></span> <span class='ocrx_word' id='word_1_616' title='bbox 1037 1877 1169 1905; x_wconf 88' lang='lat' dir='ltr'><strong>dicemus.</strong></span> <span class='ocrx_word' id='word_1_617' title='bbox 1187 1876 1239 1904; x_wconf 88' lang='lat' dir='ltr'><strong>Sed</strong></span> <span class='ocrx_word' id='word_1_618' title='bbox 1257 1883 1345 1911; x_wconf 88' lang='lat' dir='ltr'><strong>neque</strong></span> <span class='ocrx_word' id='word_1_619' title='bbox 1359 1875 1403 1903; x_wconf 83' lang='lat' dir='ltr'><strong>illa</strong></span> <span class='ocrx_word' id='word_1_620' title='bbox 1423 1877 1524 1902; x_wconf 81' lang='lat' dir='ltr'><strong>statuta</strong></span> <span class='ocrx_word' id='word_1_621' title='bbox 1538 1877 1613 1901; x_wconf 89' lang='lat' dir='ltr'><strong>sunt.</strong></span> <span class='ocrx_word' id='word_1_622' title='bbox 1629 1872 1733 1901; x_wconf 84' lang='lat' dir='ltr'><strong>Conse-</strong></span> 
     </span>
    </p>
   </div>
   <div class='ocr_carea' id='block_1_84' title="bbox 949 1918 1731 1957">
    <p class='ocr_par' dir='ltr' id='par_1_84' title="bbox 949 1918 1731 1957">
     <span class='ocr_line' id='line_1_84' title="bbox 949 1918 1731 1957; baseline -0.01 -5"><span class='ocrx_word' id='word_1_623' title='bbox 949 1924 1065 1952; x_wconf 88' lang='lat' dir='ltr'><strong>cutionis</strong></span> <span class='ocrx_word' id='word_1_624' title='bbox 1087 1927 1177 1951; x_wconf 88' lang='lat' dir='ltr'><strong>autem</strong></span> <span class='ocrx_word' id='word_1_625' title='bbox 1194 1922 1368 1957; x_wconf 80' lang='lat' dir='ltr'><strong>intelligentia</strong></span> <span class='ocrx_word' id='word_1_626' title='bbox 1383 1921 1484 1956; x_wconf 87' lang='lat' dir='ltr'><strong>pariter</strong></span> <span class='ocrx_word' id='word_1_627' title='bbox 1496 1918 1627 1947; x_wconf 87' lang='lat' dir='ltr'><strong>ambabus</strong></span> <span class='ocrx_word' id='word_1_628' title='bbox 1646 1918 1731 1945; x_wconf 86' lang='lat' dir='ltr'><strong>licen-</strong></span> 
     </span>
    </p>
   </div>
   <div class='ocr_carea' id='block_1_85' title="bbox 948 1965 1732 2002">
    <p class='ocr_par' dir='ltr' id='par_1_85' title="bbox 948 1965 1732 2002">
     <span class='ocr_line' id='line_1_85' title="bbox 948 1965 1732 2002; baseline -0.01 -5"><span class='ocrx_word' id='word_1_629' title='bbox 948 1970 1015 1997; x_wconf 83' lang='lat' dir='ltr'><strong>tiam</strong></span> <span class='ocrx_word' id='word_1_630' title='bbox 1031 1969 1136 1997; x_wconf 85' lang='lat' dir='ltr'><strong>tribuit.</strong></span> <span class='ocrx_word' id='word_1_631' title='bbox 1152 1969 1251 1997; x_wconf 84' lang='lat' dir='ltr'><strong>V&#39;erum</strong></span> <span class='ocrx_word' id='word_1_632' title='bbox 1270 1967 1414 2002; x_wconf 84' lang='lat' dir='ltr'><strong>oportebat</strong></span> <span class='ocrx_word' id='word_1_633' title='bbox 1428 1965 1565 2001; x_wconf 85' lang='lat' dir='ltr'><strong>paulisper</strong></span> <span class='ocrx_word' id='word_1_634' title='bbox 1579 1965 1611 1991; x_wconf 87' lang='lat' dir='ltr'><strong>ad</strong></span> <span class='ocrx_word' id='word_1_635' title='bbox 1624 1971 1654 1991; x_wconf 88' lang='lat' dir='ltr'><strong>ea</strong></span> <span class='ocrx_word' id='word_1_636' title='bbox 1671 1971 1732 1998; x_wconf 65' lang='lat' dir='ltr'><strong>quae</strong></span> 
     </span>
    </p>
   </div>
   <div class='ocr_carea' id='block_1_86' title="bbox 948 2010 1729 2052">
    <p class='ocr_par' dir='ltr' id='par_1_86' title="bbox 948 2010 1729 2052">
     <span class='ocr_line' id='line_1_86' title="bbox 948 2010 1729 2052; baseline -0.012 -8"><span class='ocrx_word' id='word_1_637' title='bbox 948 2017 1034 2052; x_wconf 77' lang='lat' dir='ltr'><strong>legem</strong></span> <span class='ocrx_word' id='word_1_638' title='bbox 1059 2015 1216 2051; x_wconf 86' lang='lat' dir='ltr'><strong>praecedunt</strong></span> <span class='ocrx_word' id='word_1_639' title='bbox 1233 2013 1411 2045; x_wconf 86' lang='lat' dir='ltr'><strong>recurrendo,</strong></span> <span class='ocrx_word' id='word_1_640' title='bbox 1436 2011 1593 2040; x_wconf 76' lang='lat' dir='ltr'><strong>didicultate</strong></span> <span class='ocrx_word' id='word_1_641' title='bbox 1610 2010 1729 2037; x_wconf 86' lang='lat' dir='ltr'><strong>liberari.</strong></span> 
     </span>
    </p>
   </div>
   <div class='ocr_carea' id='block_1_87' title="bbox 948 2061 1731 2093">
    <p class='ocr_par' dir='ltr' id='par_1_87' title="bbox 948 2061 1731 2093">
     <span class='ocr_line' id='line_1_87' title="bbox 948 2061 1731 2093; baseline -0.011 -4"><span class='ocrx_word' id='word_1_642' title='bbox 948 2061 1060 2090; x_wconf 82' lang='lat' dir='ltr'><strong>Videtur</strong></span> <span class='ocrx_word' id='word_1_643' title='bbox 1086 2061 1158 2088; x_wconf 84' lang='lat' dir='ltr'><strong>enim</strong></span> <span class='ocrx_word' id='word_1_644' title='bbox 1181 2068 1236 2088; x_wconf 91' lang='lat' dir='ltr'><strong>non</strong></span> <span class='ocrx_word' id='word_1_645' title='bbox 1256 2067 1337 2088; x_wconf 86' lang='lat' dir='ltr'><strong>omne</strong></span> <span class='ocrx_word' id='word_1_646' title='bbox 1356 2062 1529 2093; x_wconf 73' lang='lat' dir='ltr'><strong>peccatorum</strong></span> <span class='ocrx_word' id='word_1_647' title='bbox 1556 2063 1641 2089; x_wconf 70' lang='lat' dir='ltr'><strong>genus</strong></span> <span class='ocrx_word' id='word_1_648' title='bbox 1656 2061 1731 2081; x_wconf 89' lang='lat' dir='ltr'><strong>com-</strong></span> 
     </span>
    </p>
   </div>
   <div class='ocr_carea' id='block_1_88' title="bbox 947 2099 1730 2142">
    <p class='ocr_par' dir='ltr' id='par_1_88' title="bbox 947 2099 1730 2142">
     <span class='ocr_line' id='line_1_88' title="bbox 947 2099 1730 2142; baseline -0.013 -7"><span class='ocrx_word' id='word_1_649' title='bbox 947 2106 1114 2142; x_wconf 87' lang='lat' dir='ltr'><strong>prehendere</strong></span> <span class='ocrx_word' id='word_1_650' title='bbox 1129 2105 1265 2140; x_wconf 77' lang='lat' dir='ltr'><strong>legislator</strong></span> <span class='ocrx_word' id='word_1_651' title='bbox 1275 2124 1283 2137; x_wconf 83' lang='lat'><strong>,</strong></span> <span class='ocrx_word' id='word_1_652' title='bbox 1299 2103 1345 2131; x_wconf 88' lang='lat' dir='ltr'><strong>sed</strong></span> <span class='ocrx_word' id='word_1_653' title='bbox 1356 2102 1528 2138; x_wconf 85' lang='lat' dir='ltr'><strong>peculiariter</strong></span> <span class='ocrx_word' id='word_1_654' title='bbox 1541 2099 1730 2134; x_wconf 69' lang='lat' dir='ltr'><strong>(Egyptiorum</strong></span> 
     </span>
    </p>
   </div>
   <div class='ocr_carea' id='block_1_89' title="bbox 947 2147 1731 2184">
    <p class='ocr_par' dir='ltr' id='par_1_89' title="bbox 947 2147 1731 2184">
     <span class='ocr_line' id='line_1_89' title="bbox 947 2147 1731 2184; baseline -0.013 -2"><span class='ocrx_word' id='word_1_655' title='bbox 947 2154 1020 2182; x_wconf 88' lang='lat' dir='ltr'><strong>unde</strong></span> <span class='ocrx_word' id='word_1_656' title='bbox 1031 2154 1111 2182; x_wconf 83' lang='lat' dir='ltr'><strong>Israel</strong></span> <span class='ocrx_word' id='word_1_657' title='bbox 1119 2153 1231 2184; x_wconf 72' lang='lat' dir='ltr'><strong>exierat,</strong></span> <span class='ocrx_word' id='word_1_658' title='bbox 1244 2156 1271 2179; x_wconf 89' lang='lat' dir='ltr'><strong>et</strong></span> <span class='ocrx_word' id='word_1_659' title='bbox 1282 2151 1498 2179; x_wconf 68' lang='lat' dir='ltr'><strong>Chananmorum</strong></span> <span class='ocrx_word' id='word_1_660' title='bbox 1515 2147 1547 2175; x_wconf 86' lang='lat' dir='ltr'><strong>ad</strong></span> <span class='ocrx_word' id='word_1_661' title='bbox 1560 2153 1630 2182; x_wconf 86' lang='lat' dir='ltr'><strong>quos</strong></span> <span class='ocrx_word' id='word_1_662' title='bbox 1641 2150 1731 2173; x_wconf 84' lang='lat' dir='ltr'><strong>trans-</strong></span> 
     </span>
    </p>
   </div>
   <div class='ocr_carea' id='block_1_90' title="bbox 947 2191 1730 2231">
    <p class='ocr_par' dir='ltr' id='par_1_90' title="bbox 947 2191 1730 2231">
     <span class='ocr_line' id='line_1_90' title="bbox 947 2191 1730 2231; baseline -0.011 -5"><span class='ocrx_word' id='word_1_663' title='bbox 947 2198 1096 2231; x_wconf 75' lang='lat' dir='ltr'><strong>ferebatur,</strong></span> <span class='ocrx_word' id='word_1_664' title='bbox 1118 2205 1208 2225; x_wconf 86' lang='lat' dir='ltr'><strong>mores</strong></span> <span class='ocrx_word' id='word_1_665' title='bbox 1230 2196 1401 2224; x_wconf 73' lang='lat' dir='ltr'><strong>interdicere.</strong></span> <span class='ocrx_word' id='word_1_666' title='bbox 1424 2194 1471 2222; x_wconf 89' lang='lat' dir='ltr'><strong>Sic</strong></span> <span class='ocrx_word' id='word_1_667' title='bbox 1488 2193 1560 2221; x_wconf 85' lang='lat' dir='ltr'><strong>enim</strong></span> <span class='ocrx_word' id='word_1_668' title='bbox 1587 2191 1668 2219; x_wconf 80' lang='lat' dir='ltr'><strong>habet</strong></span> <span class='ocrx_word' id='word_1_669' title='bbox 1695 2191 1730 2218; x_wconf 87' lang='lat' dir='ltr'><strong>ad</strong></span> 
     </span>
    </p>
   </div>
   <div class='ocr_carea' id='block_1_91' title="bbox 946 2237 1730 2274">
    <p class='ocr_par' dir='ltr' id='par_1_91' title="bbox 946 2237 1730 2274">
     <span class='ocr_line' id='line_1_91' title="bbox 946 2237 1730 2274; baseline -0.013 -2"><span class='ocrx_word' id='word_1_670' title='bbox 946 2245 1077 2272; x_wconf 87' lang='lat' dir='ltr'><strong>verbum:</strong></span> <span class='ocrx_word' id='word_1_671' title='bbox 1099 2244 1251 2271; x_wconf 84' lang='lat' dir='ltr'><strong>Secundum</strong></span> <span class='ocrx_word' id='word_1_672' title='bbox 1269 2242 1392 2269; x_wconf 77' lang='lat' dir='ltr'><strong>instituta</strong></span> <span class='ocrx_word' id='word_1_673' title='bbox 1409 2246 1486 2266; x_wconf 75' lang='lat' dir='ltr'><strong>terra-</strong></span> <span class='ocrx_word' id='word_1_674' title='bbox 1501 2238 1622 2274; x_wconf 69' lang='grc' dir='ltr'>Αἰθνριί,</span> <span class='ocrx_word' id='word_1_675' title='bbox 1634 2237 1661 2263; x_wconf 83' lang='lat' dir='ltr'><strong>in</strong></span> <span class='ocrx_word' id='word_1_676' title='bbox 1678 2244 1730 2271; x_wconf 84' lang='lat' dir='ltr'><strong>qua</strong></span> 
     </span>
    </p>
   </div>
   <div class='ocr_carea' id='block_1_92' title="bbox 103 2278 904 2323">
    <p class='ocr_par' dir='ltr' id='par_1_92' title="bbox 103 2278 894 2317">
     <span class='ocr_line' id='line_1_92' title="bbox 103 2278 894 2317; baseline 0.008 -11"><span class='ocrx_word' id='word_1_677' title='bbox 103 2278 234 2312; x_wconf 75' lang='grc' dir='ltr'>καὶτοῖς</span> <span class='ocrx_word' id='word_1_678' title='bbox 262 2281 397 2315; x_wconf 81' lang='grc' dir='ltr'>νομίμοις</span> <span class='ocrx_word' id='word_1_679' title='bbox 429 2282 527 2309; x_wconf 84' lang='grc' dir='ltr'>αὐτῶν</span> <span class='ocrx_word' id='word_1_680' title='bbox 551 2284 587 2309; x_wconf 88' lang='grc' dir='ltr'>οὺ</span> <span class='ocrx_word' id='word_1_681' title='bbox 620 2284 783 2317; x_wconf 71' lang='grc' dir='ltr'>πορεύεσθε</span> <span class='ocrx_word' id='word_1_682' title='bbox 797 2293 803 2300; x_wconf 93' lang='grc'><strong>·</strong></span> <span class='ocrx_word' id='word_1_683' title='bbox 823 2286 894 2312; x_wconf 84' lang='grc' dir='ltr'>ὥστε</span> 
     </span>
    </p>
   </div>
   <div class='ocr_carea' id='block_1_93' title="bbox 948 2278 1729 2323">
    <p class='ocr_par' dir='ltr' id='par_1_93' title="bbox 948 2282 1729 2323">
     <span class='ocr_line' id='line_1_93' title="bbox 948 2282 1729 2323; baseline -0.015 -4"><span class='ocrx_word' id='word_1_684' title='bbox 948 2291 1072 2319; x_wconf 73' lang='lat' dir='ltr'><strong>habitatis</strong></span> <span class='ocrx_word' id='word_1_685' title='bbox 1092 2291 1120 2317; x_wconf 78' lang='lat' dir='ltr'><strong>in</strong></span> <span class='ocrx_word' id='word_1_686' title='bbox 1137 2298 1179 2323; x_wconf 85' lang='lat' dir='ltr'><strong>ea,</strong></span> <span class='ocrx_word' id='word_1_687' title='bbox 1197 2297 1249 2316; x_wconf 85' lang='lat' dir='ltr'><strong>non</strong></span> <span class='ocrx_word' id='word_1_688' title='bbox 1264 2288 1386 2323; x_wconf 74' lang='lat' dir='ltr'><strong>facietis:</strong></span> <span class='ocrx_word' id='word_1_689' title='bbox 1400 2290 1424 2312; x_wconf 85' lang='lat' dir='ltr'><strong>et</strong></span> <span class='ocrx_word' id='word_1_690' title='bbox 1444 2284 1586 2311; x_wconf 77' lang='lat' dir='ltr'><strong>secundant</strong></span> <span class='ocrx_word' id='word_1_691' title='bbox 1605 2282 1729 2309; x_wconf 77' lang='lat' dir='ltr'><strong>instituta</strong></span> 
     </span>
    </p>
   </div>
   <div class='ocr_carea' id='block_1_94' title="bbox 102 2323 893 2366">
    <p class='ocr_par' dir='ltr' id='par_1_94' title="bbox 102 2323 893 2366">
     <span class='ocr_line' id='line_1_94' title="bbox 102 2323 893 2366; baseline 0.01 -17"><span class='ocrx_word' id='word_1_692' title='bbox 102 2323 186 2350; x_wconf 73' lang='grc' dir='ltr'>τοῦτο</span> <span class='ocrx_word' id='word_1_693' title='bbox 200 2325 273 2356; x_wconf 76' lang='grc' dir='ltr'>εἰκός</span> <span class='ocrx_word' id='word_1_694' title='bbox 293 2334 345 2352; x_wconf 86' lang='grc' dir='ltr'><strong>που</strong></span> <span class='ocrx_word' id='word_1_695' title='bbox 368 2327 398 2353; x_wconf 89' lang='grc' dir='ltr'><strong>τὺ</strong></span> <span class='ocrx_word' id='word_1_696' title='bbox 417 2325 486 2359; x_wconf 81' lang='grc' dir='ltr'>είδος</span> <span class='ocrx_word' id='word_1_697' title='bbox 503 2327 553 2362; x_wconf 82' lang='grc' dir='ltr'>τῆς</span> <span class='ocrx_word' id='word_1_698' title='bbox 573 2329 720 2363; x_wconf 83' lang='grc' dir='ltr'>ἁμαρτίας,</span> <span class='ocrx_word' id='word_1_699' title='bbox 745 2330 783 2365; x_wconf 83' lang='grc' dir='ltr'>μὴ</span> <span class='ocrx_word' id='word_1_700' title='bbox 807 2331 893 2366; x_wconf 77' lang='grc' dir='ltr'>ἐμπο-</span> 
     </span>
    </p>
   </div>
   <div class='ocr_carea' id='block_1_95' title="bbox 103 2368 893 2411">
    <p class='ocr_par' dir='ltr' id='par_1_95' title="bbox 103 2368 893 2411">
     <span class='ocr_line' id='line_1_95' title="bbox 103 2368 893 2411; baseline 0.01 -16"><span class='ocrx_word' id='word_1_701' title='bbox 103 2368 260 2397; x_wconf 81' lang='grc' dir='ltr'>λιτεύεσθαι</span> <span class='ocrx_word' id='word_1_702' title='bbox 271 2370 332 2397; x_wconf 79' lang='grc' dir='ltr'>τότε</span> <span class='ocrx_word' id='word_1_703' title='bbox 348 2372 424 2407; x_wconf 76' lang='grc' dir='ltr'>παρὰ</span> <span class='ocrx_word' id='word_1_704' title='bbox 438 2373 494 2404; x_wconf 86' lang='grc' dir='ltr'>τοῖς</span> <span class='ocrx_word' id='word_1_705' title='bbox 508 2373 608 2400; x_wconf 80' lang='grc' dir='ltr'>ἔθνεσι.</span> <span class='ocrx_word' id='word_1_706' title='bbox 630 2374 676 2401; x_wconf 70' lang='grc' dir='ltr'>Διὸ</span> <span class='ocrx_word' id='word_1_707' title='bbox 696 2375 764 2410; x_wconf 81' lang='grc' dir='ltr'>μηδὲ</span> <span class='ocrx_word' id='word_1_708' title='bbox 783 2376 833 2411; x_wconf 84' lang='grc' dir='ltr'>τῆς</span> <span class='ocrx_word' id='word_1_709' title='bbox 848 2377 893 2403; x_wconf 80' lang='grc' dir='ltr'><strong>ἐπ’</strong></span> 
     </span>
    </p>
   </div>
   <div class='ocr_carea' id='block_1_96' title="bbox 103 2414 892 2456">
    <p class='ocr_par' dir='ltr' id='par_1_96' title="bbox 103 2414 892 2456">
     <span class='ocr_line' id='line_1_96' title="bbox 103 2414 892 2456; baseline 0.01 -16"><span class='ocrx_word' id='word_1_710' title='bbox 103 2414 182 2449; x_wconf 82' lang='grc' dir='ltr'>αὐτῷ</span> <span class='ocrx_word' id='word_1_711' title='bbox 201 2415 324 2451; x_wconf 74' lang='grc' dir='ltr'>φυλακῆς</span> <span class='ocrx_word' id='word_1_712' title='bbox 350 2417 550 2453; x_wconf 82' lang='grc' dir='ltr'>προσδεηθῆναι</span> <span class='ocrx_word' id='word_1_713' title='bbox 577 2419 624 2446; x_wconf 81' lang='grc' dir='ltr'>τὸν</span> <span class='ocrx_word' id='word_1_714' title='bbox 645 2420 804 2456; x_wconf 83' lang='grc' dir='ltr'>νομοθέτην,</span> <span class='ocrx_word' id='word_1_715' title='bbox 835 2421 892 2448; x_wconf 79' lang='grc' dir='ltr'>ἀλλ’</span> 
     </span>
    </p>
   </div>
   <div class='ocr_carea' id='block_1_97' title="bbox 103 2461 893 2501">
    <p class='ocr_par' dir='ltr' id='par_1_97' title="bbox 103 2461 893 2501">
     <span class='ocr_line' id='line_1_97' title="bbox 103 2461 893 2501; baseline 0.01 -15"><span class='ocrx_word' id='word_1_716' title='bbox 103 2461 275 2495; x_wconf 47' lang='grc' dir='ltr'>ἀρυσθῆναι</span> <span class='ocrx_word' id='word_1_717' title='bbox 291 2462 331 2496; x_wconf 85' lang='grc' dir='ltr'>τῷ</span> <span class='ocrx_word' id='word_1_718' title='bbox 344 2462 479 2499; x_wconf 83' lang='grc' dir='ltr'>ἁδιδάκτῳ</span> <span class='ocrx_word' id='word_1_719' title='bbox 492 2463 558 2497; x_wconf 75' lang='grc' dir='ltr'>ἔθει,</span> <span class='ocrx_word' id='word_1_720' title='bbox 577 2465 645 2499; x_wconf 80' lang='grc' dir='ltr'>πρὸς</span> <span class='ocrx_word' id='word_1_721' title='bbox 660 2465 709 2501; x_wconf 81' lang='grc' dir='ltr'>τὴν</span> <span class='ocrx_word' id='word_1_722' title='bbox 726 2466 772 2493; x_wconf 83' lang='grc' dir='ltr'>τοῦ</span> <span class='ocrx_word' id='word_1_723' title='bbox 791 2467 893 2501; x_wconf 83' lang='grc' dir='ltr'>μύσους</span> 
     </span>
    </p>
   </div>
   <div class='ocr_carea' id='block_1_98' title="bbox 101 2505 893 2547">
    <p class='ocr_par' dir='ltr' id='par_1_98' title="bbox 101 2505 893 2547">
     <span class='ocr_line' id='line_1_98' title="bbox 101 2505 893 2547; baseline 0.011 -16"><span class='ocrx_word' id='word_1_724' title='bbox 101 2505 241 2542; x_wconf 81' lang='grc' dir='ltr'>διαϐολήν.</span> <span class='ocrx_word' id='word_1_725' title='bbox 258 2508 319 2539; x_wconf 82' lang='grc' dir='ltr'>Πῶς</span> <span class='ocrx_word' id='word_1_726' title='bbox 335 2508 381 2534; x_wconf 86' lang='grc' dir='ltr'>οὖν</span> <span class='ocrx_word' id='word_1_727' title='bbox 400 2509 429 2535; x_wconf 79' lang='grc' dir='ltr'>τὸ</span> <span class='ocrx_word' id='word_1_728' title='bbox 446 2510 537 2544; x_wconf 76' lang='grc' dir='ltr'>μεῖζον</span> <span class='ocrx_word' id='word_1_729' title='bbox 552 2512 754 2547; x_wconf 77' lang='grc' dir='ltr'>ἀπαγορεύσας,</span> <span class='ocrx_word' id='word_1_730' title='bbox 770 2513 800 2540; x_wconf 81' lang='grc' dir='ltr'>τὸ</span> <span class='ocrx_word' id='word_1_731' title='bbox 815 2513 893 2540; x_wconf 75' lang='grc' dir='ltr'>ἔλατ-</span> 
     </span>
    </p>
   </div>
   <div class='ocr_carea' id='block_1_99' title="bbox 101 2552 893 2594">
    <p class='ocr_par' dir='ltr' id='par_1_99' title="bbox 101 2552 893 2594">
     <span class='ocr_line' id='line_1_99' title="bbox 101 2552 893 2594; baseline 0.011 -17"><span class='ocrx_word' id='word_1_732' title='bbox 101 2559 151 2578; x_wconf 82' lang='grc' dir='ltr'><strong>τον</strong></span> <span class='ocrx_word' id='word_1_733' title='bbox 166 2552 339 2588; x_wconf 70' lang='grc' dir='ltr'>ὲσιώπησενς</span> <span class='ocrx_word' id='word_1_734' title='bbox 360 2555 420 2582; x_wconf 79' lang='grc' dir='ltr'>Ὀτι</span> <span class='ocrx_word' id='word_1_735' title='bbox 429 2555 517 2583; x_wconf 79' lang='grc' dir='ltr'>ἐδόκει</span> <span class='ocrx_word' id='word_1_736' title='bbox 530 2556 642 2588; x_wconf 80' lang='grc' dir='ltr'>πολλοὺς</span> <span class='ocrx_word' id='word_1_737' title='bbox 655 2557 708 2584; x_wconf 84' lang='grc' dir='ltr'><strong>τῶν</strong></span> <span class='ocrx_word' id='word_1_738' title='bbox 721 2559 893 2594; x_wconf 79' lang='grc' dir='ltr'>φιλοσάρκων</span> 
     </span>
    </p>
   </div>
   <div class='ocr_carea' id='block_1_100' title="bbox 101 2597 893 2639">
    <p class='ocr_par' dir='ltr' id='par_1_100' title="bbox 101 2597 893 2639">
     <span class='ocr_line' id='line_1_100' title="bbox 101 2597 893 2639; baseline 0.01 -17"><span class='ocrx_word' id='word_1_739' title='bbox 101 2597 175 2632; x_wconf 72' lang='grc' dir='ltr'>πρὸς</span> <span class='ocrx_word' id='word_1_740' title='bbox 189 2597 219 2624; x_wconf 81' lang='grc' dir='ltr'>τὸ</span> <span class='ocrx_word' id='word_1_741' title='bbox 235 2598 335 2630; x_wconf 76' lang='grc' dir='ltr'>ζώει-αις</span> <span class='ocrx_word' id='word_1_742' title='bbox 360 2600 487 2634; x_wconf 83' lang='grc' dir='ltr'>ἀδελφαῖς</span> <span class='ocrx_word' id='word_1_743' title='bbox 515 2604 659 2634; x_wconf 85' lang='grc' dir='ltr'>συνοικεῖν,</span> <span class='ocrx_word' id='word_1_744' title='bbox 689 2602 719 2629; x_wconf 77' lang='grc' dir='ltr'>τὸ</span> <span class='ocrx_word' id='word_1_745' title='bbox 742 2603 893 2639; x_wconf 81' lang='grc' dir='ltr'>ὑπόδειγμα</span> 
     </span>
    </p>
   </div>
   <div class='ocr_carea' id='block_1_101' title="bbox 101 2642 891 2682">
    <p class='ocr_par' dir='ltr' id='par_1_101' title="bbox 101 2642 891 2682">
     <span class='ocr_line' id='line_1_101' title="bbox 101 2642 891 2682; baseline 0.008 -16"><span class='ocrx_word' id='word_1_746' title='bbox 101 2642 236 2676; x_wconf 80' lang='grc' dir='ltr'>βλάπτειν</span> <span class='ocrx_word' id='word_1_747' title='bbox 251 2642 298 2669; x_wconf 80' lang='grc' dir='ltr'>τοῦ</span> <span class='ocrx_word' id='word_1_748' title='bbox 313 2645 492 2680; x_wconf 73' lang='grc' dir='ltr'>πατριάρχου.</span> <span class='ocrx_word' id='word_1_749' title='bbox 516 2645 604 2680; x_wconf 81' lang='grc' dir='ltr'><strong>Ἦμᾶς</strong></span> <span class='ocrx_word' id='word_1_750' title='bbox 623 2646 651 2672; x_wconf 80' lang='grc' dir='ltr'>δὲ</span> <span class='ocrx_word' id='word_1_751' title='bbox 671 2645 698 2672; x_wconf 88' lang='grc' dir='ltr'><strong>τί</strong></span> <span class='ocrx_word' id='word_1_752' title='bbox 714 2645 766 2682; x_wconf 81' lang='grc' dir='ltr'><strong>χρὴ</strong></span> <span class='ocrx_word' id='word_1_753' title='bbox 789 2648 891 2680; x_wconf 84' lang='grc' dir='ltr'>ποιεῖν;</span> 
     </span>
    </p>
   </div>
   <div class='ocr_carea' id='block_1_102' title="bbox 99 2687 894 2728">
    <p class='ocr_par' dir='ltr' id='par_1_102' title="bbox 99 2687 894 2728">
     <span class='ocr_line' id='line_1_102' title="bbox 99 2687 894 2728; baseline 0.008 -15"><span class='ocrx_word' id='word_1_754' title='bbox 99 2687 138 2714; x_wconf 73' lang='grc' dir='ltr'><strong>τὰ</strong></span> <span class='ocrx_word' id='word_1_755' title='bbox 150 2689 331 2723; x_wconf 83' lang='grc' dir='ltr'>γεγραμμένα</span> <span class='ocrx_word' id='word_1_756' title='bbox 350 2690 450 2724; x_wconf 82' lang='grc' dir='ltr'>λέγειν,</span> <span class='ocrx_word' id='word_1_757' title='bbox 464 2691 480 2725; x_wconf 85' lang='grc' dir='ltr'>ἦ</span> <span class='ocrx_word' id='word_1_758' title='bbox 498 2690 532 2717; x_wconf 79' lang='grc' dir='ltr'><strong>τὰ</strong></span> <span class='ocrx_word' id='word_1_759' title='bbox 553 2691 725 2726; x_wconf 79' lang='grc' dir='ltr'>σιωπηθέντα</span> <span class='ocrx_word' id='word_1_760' title='bbox 742 2694 894 2728; x_wconf 83' lang='grc' dir='ltr'>προσεργά-</span> 
     </span>
    </p>
   </div>
   <div class='ocr_carea' id='block_1_103' title="bbox 100 2732 892 2773">
    <p class='ocr_par' dir='ltr' id='par_1_103' title="bbox 100 2732 892 2773">
     <span class='ocr_line' id='line_1_103' title="bbox 100 2732 892 2773; baseline 0.009 -15"><span class='ocrx_word' id='word_1_761' title='bbox 100 2732 218 2765; x_wconf 78' lang='grc' dir='ltr'>ζεσθαι;</span> <span class='ocrx_word' id='word_1_762' title='bbox 243 2733 347 2760; x_wconf 83' lang='grc' dir='ltr'>Αὐτίκα</span> <span class='ocrx_word' id='word_1_763' title='bbox 376 2735 407 2761; x_wconf 72' lang='grc' dir='ltr'><strong>τὸ</strong></span> <span class='ocrx_word' id='word_1_764' title='bbox 422 2736 459 2770; x_wconf 86' lang='grc' dir='ltr'>μὴ</span> <span class='ocrx_word' id='word_1_765' title='bbox 475 2736 529 2762; x_wconf 87' lang='grc' dir='ltr'>δεῖν</span> <span class='ocrx_word' id='word_1_766' title='bbox 545 2737 594 2771; x_wconf 82' lang='grc' dir='ltr'><strong>μιᾷ</strong></span> <span class='ocrx_word' id='word_1_767' title='bbox 618 2737 715 2772; x_wconf 64' lang='grc' dir='ltr'>ἑταίρᾳ</span> <span class='ocrx_word' id='word_1_768' title='bbox 742 2738 892 2773; x_wconf 79' lang='grc' dir='ltr'>κεχρῆσθαι</span> 
     </span>
    </p>
   </div>
   <div class='ocr_carea' id='block_1_104' title="bbox 101 2779 893 2819">
    <p class='ocr_par' dir='ltr' id='par_1_104' title="bbox 101 2779 893 2819">
     <span class='ocr_line' id='line_1_104' title="bbox 101 2779 893 2819; baseline 0.009 -15"><span class='ocrx_word' id='word_1_769' title='bbox 101 2779 214 2814; x_wconf 74' lang='grc' dir='ltr'>πατέρα</span> <span class='ocrx_word' id='word_1_770' title='bbox 230 2779 277 2805; x_wconf 71' lang='grc' dir='ltr'>καὶ</span> <span class='ocrx_word' id='word_1_771' title='bbox 291 2781 359 2812; x_wconf 75' lang='grc' dir='ltr'>υίὸν,</span> <span class='ocrx_word' id='word_1_772' title='bbox 375 2781 404 2806; x_wconf 84' lang='grc' dir='ltr'>ὲν</span> <span class='ocrx_word' id='word_1_773' title='bbox 423 2782 473 2815; x_wconf 83' lang='grc' dir='ltr'>μὲν</span> <span class='ocrx_word' id='word_1_774' title='bbox 492 2783 548 2813; x_wconf 76' lang='grc' dir='ltr'>τοῖς</span> <span class='ocrx_word' id='word_1_775' title='bbox 565 2783 657 2817; x_wconf 89' lang='grc' dir='ltr'>νόμοις</span> <span class='ocrx_word' id='word_1_776' title='bbox 674 2783 778 2816; x_wconf 79' lang='grc' dir='ltr'>τούτοις</span> <span class='ocrx_word' id='word_1_777' title='bbox 799 2786 830 2811; x_wconf 82' lang='grc' dir='ltr'>οὐ</span> <span class='ocrx_word' id='word_1_778' title='bbox 847 2786 893 2819; x_wconf 77' lang='grc' dir='ltr'><strong>γὲ‹</strong></span> 
     </span>
    </p>
   </div>
   <div class='ocr_carea' id='block_1_105' title="bbox 101 2827 894 2869">
    <p class='ocr_par' dir='ltr' id='par_1_105' title="bbox 101 2827 894 2869">
     <span class='ocr_line' id='line_1_105' title="bbox 101 2827 894 2869; baseline 0.014 -19"><span class='ocrx_word' id='word_1_779' title='bbox 101 2831 227 2869; x_wconf 63' lang='grc' dir='ltr'>γραπται</span> <span class='ocrx_word' id='word_1_780' title='bbox 240 2835 247 2842; x_wconf 85' lang='grc'>·</span> <span class='ocrx_word' id='word_1_781' title='bbox 261 2827 339 2862; x_wconf 84' lang='grc' dir='ltr'>παρὰ</span> <span class='ocrx_word' id='word_1_782' title='bbox 348 2828 376 2854; x_wconf 73' lang='grc' dir='ltr'>δὲ</span> <span class='ocrx_word' id='word_1_783' title='bbox 391 2829 430 2864; x_wconf 83' lang='grc' dir='ltr'>τῷ</span> <span class='ocrx_word' id='word_1_784' title='bbox 447 2830 574 2866; x_wconf 78' lang='grc' dir='ltr'>προφήτῃ</span> <span class='ocrx_word' id='word_1_785' title='bbox 589 2830 720 2865; x_wconf 78' lang='grc' dir='ltr'>μεγίστης</span> <span class='ocrx_word' id='word_1_786' title='bbox 728 2834 894 2869; x_wconf 83' lang='grc' dir='ltr'>κατηγορίας</span> 
     </span>
    </p>
   </div>
   <div class='ocr_carea' id='block_1_106' title="bbox 93 2868 894 2912">
    <p class='ocr_par' dir='ltr' id='par_1_106' title="bbox 93 2868 894 2912">
     <span class='ocr_line' id='line_1_106' title="bbox 93 2868 894 2912; baseline 0.016 -20"><span class='ocrx_word' id='word_1_787' title='bbox 93 2868 223 2909; x_wconf 15' lang='grc' dir='ltr'>γὴξέωται</span> <span class='ocrx_word' id='word_1_788' title='bbox 241 2877 248 2883; x_wconf 91' lang='grc'><strong>·</strong></span> <span class='ocrx_word' id='word_1_789' title='bbox 267 2873 332 2904; x_wconf 73' lang='grc' dir='ltr'><strong>Υιὸς</strong></span> <span class='ocrx_word' id='word_1_790' title='bbox 360 2873 425 2906; x_wconf 79' lang='grc' dir='ltr'>γὰρ,</span> <span class='ocrx_word' id='word_1_791' title='bbox 443 2873 519 2908; x_wconf 70' lang='grc' dir='ltr'>φησὶ,</span> <span class='ocrx_word' id='word_1_792' title='bbox 547 2874 595 2900; x_wconf 79' lang='grc' dir='ltr'>καὶ</span> <span class='ocrx_word' id='word_1_793' title='bbox 625 2875 721 2910; x_wconf 79' lang='grc' dir='ltr'>πατὴρ</span> <span class='ocrx_word' id='word_1_794' title='bbox 741 2878 814 2910; x_wconf 70' lang='grc' dir='ltr'><strong>πρὸς</strong></span> <span class='ocrx_word' id='word_1_795' title='bbox 834 2868 894 2912; x_wconf 62' lang='grc' dir='ltr'><strong>τὴν</strong></span> 
     </span>
    </p>
   </div>
   <div class='ocr_carea' id='block_1_107' title="bbox 142 2913 611 2948">
    <p class='ocr_par' dir='ltr' id='par_1_107' title="bbox 142 2913 611 2948">
     <span class='ocr_line' id='line_1_107' title="bbox 142 2913 611 2948; baseline 0.019 -9"><span class='ocrx_word' id='word_1_796' title='bbox 142 2914 166 2930; x_wconf 87' lang='grc'><strong>¹³</strong></span> <span class='ocrx_word' id='word_1_797' title='bbox 183 2913 273 2942; x_wconf 87' lang='lat' dir='ltr'><strong>Levit.</strong></span> <span class='ocrx_word' id='word_1_798' title='bbox 289 2923 367 2948; x_wconf 81' lang='lat' dir='ltr'><strong>xvm,</strong></span> <span class='ocrx_word' id='word_1_799' title='bbox 389 2918 430 2945; x_wconf 78' lang='lat' dir='ltr'><strong>t8.</strong></span> <span class='ocrx_word' id='word_1_800' title='bbox 467 2919 490 2934; x_wconf 80' lang='lat'>“</span> <span class='ocrx_word' id='word_1_801' title='bbox 506 2920 570 2948; x_wconf 91' lang='lat' dir='ltr'><strong>ibid.</strong></span> <span class='ocrx_word' id='word_1_802' title='bbox 586 2921 611 2948; x_wconf 80' lang='grc'><strong>5.</strong></span> 
     </span>
    </p>
   </div>
   <div class='ocr_carea' id='block_1_108' title="bbox 255 2961 554 2997">
    <p class='ocr_par' dir='ltr' id='par_1_108' title="bbox 255 2961 554 2997">
     <span class='ocr_line' id='line_1_108' title="bbox 255 2961 554 2997; baseline 0.023 -7"><span class='ocrx_word' id='word_1_803' title='bbox 255 2961 391 2992; x_wconf 76' lang='lat' dir='ltr'><strong>Pnuoc.</strong></span> <span class='ocrx_word' id='word_1_804' title='bbox 408 2964 465 2994; x_wconf 77' lang='lat' dir='ltr'><strong>Gn.</strong></span> <span class='ocrx_word' id='word_1_805' title='bbox 478 2965 554 2997; x_wconf 87' lang='lat' dir='ltr'><strong>CIV.</strong></span> 
     </span>
    </p>
   </div>
   <div class='ocr_carea' id='block_1_109' title="bbox 946 2328 1728 2369">
    <p class='ocr_par' dir='ltr' id='par_1_109' title="bbox 946 2328 1728 2369">
     <span class='ocr_line' id='line_1_109' title="bbox 946 2328 1728 2369; baseline -0.015 -5"><span class='ocrx_word' id='word_1_806' title='bbox 946 2343 1024 2364; x_wconf 78' lang='lat' dir='ltr'><strong>terra:</strong></span> <span class='ocrx_word' id='word_1_807' title='bbox 1034 2335 1175 2367; x_wconf 83' lang='lat' dir='ltr'><strong>Chanaan,</strong></span> <span class='ocrx_word' id='word_1_808' title='bbox 1187 2336 1216 2361; x_wconf 79' lang='lat' dir='ltr'><strong>in</strong></span> <span class='ocrx_word' id='word_1_809' title='bbox 1231 2340 1368 2369; x_wconf 82' lang='lat' dir='ltr'><strong>quamch</strong></span> <span class='ocrx_word' id='word_1_810' title='bbox 1384 2331 1506 2359; x_wconf 77' lang='lat' dir='ltr'><strong>inducam</strong></span> <span class='ocrx_word' id='word_1_811' title='bbox 1524 2337 1567 2357; x_wconf 77' lang='lat' dir='ltr'><strong>vos</strong></span> <span class='ocrx_word' id='word_1_812' title='bbox 1584 2328 1659 2359; x_wconf 79' lang='lat' dir='ltr'><strong>illuc,</strong></span> <span class='ocrx_word' id='word_1_813' title='bbox 1677 2335 1728 2353; x_wconf 81' lang='lat' dir='ltr'><strong>non</strong></span> 
     </span>
    </p>
   </div>
   <div class='ocr_carea' id='block_1_110' title="bbox 945 2373 1727 2418">
    <p class='ocr_par' dir='ltr' id='par_1_110' title="bbox 945 2373 1727 2418">
     <span class='ocr_line' id='line_1_110' title="bbox 945 2373 1727 2418; baseline -0.013 -8"><span class='ocrx_word' id='word_1_814' title='bbox 945 2383 1060 2418; x_wconf 70' lang='lat' dir='ltr'><strong>facietis,</strong></span> <span class='ocrx_word' id='word_1_815' title='bbox 1085 2390 1165 2416; x_wconf 82' lang='lat' dir='ltr'><strong>neque</strong></span> <span class='ocrx_word' id='word_1_816' title='bbox 1188 2381 1215 2408; x_wconf 77' lang='lat' dir='ltr'><strong>in</strong></span> <span class='ocrx_word' id='word_1_817' title='bbox 1239 2379 1362 2415; x_wconf 71' lang='lat' dir='ltr'><strong>legitimis</strong></span> <span class='ocrx_word' id='word_1_818' title='bbox 1385 2385 1474 2405; x_wconf 81' lang='lat' dir='ltr'><strong>eorum</strong></span> <span class='ocrx_word' id='word_1_819' title='bbox 1496 2374 1665 2403; x_wconf 78' lang='lat' dir='ltr'><strong>ambulabitis</strong></span> <span class='ocrx_word' id='word_1_820' title='bbox 1693 2373 1727 2400; x_wconf 74' lang='lat'><strong>“.</strong></span> 
     </span>
    </p>
   </div>
   <div class='ocr_carea' id='block_1_111' title="bbox 945 2420 1728 2460">
    <p class='ocr_par' dir='ltr' id='par_1_111' title="bbox 945 2420 1728 2460">
     <span class='ocr_line' id='line_1_111' title="bbox 945 2420 1728 2460; baseline -0.013 -4"><span class='ocrx_word' id='word_1_821' title='bbox 945 2428 1100 2456; x_wconf 79' lang='lat' dir='ltr'><strong>Verisimile</strong></span> <span class='ocrx_word' id='word_1_822' title='bbox 1122 2432 1164 2454; x_wconf 89' lang='lat' dir='ltr'><strong>est</strong></span> <span class='ocrx_word' id='word_1_823' title='bbox 1189 2427 1241 2454; x_wconf 90' lang='lat' dir='ltr'><strong>hoe</strong></span> <span class='ocrx_word' id='word_1_824' title='bbox 1259 2425 1310 2460; x_wconf 80' lang='lat'><strong>15</strong></span> <span class='ocrx_word' id='word_1_825' title='bbox 1333 2424 1436 2460; x_wconf 87' lang='lat' dir='ltr'><strong>peccati</strong></span> <span class='ocrx_word' id='word_1_826' title='bbox 1462 2430 1547 2458; x_wconf 77' lang='lat' dir='ltr'><strong>genus</strong></span> <span class='ocrx_word' id='word_1_827' title='bbox 1567 2425 1632 2448; x_wconf 89' lang='lat' dir='ltr'><strong>tunc</strong></span> <span class='ocrx_word' id='word_1_828' title='bbox 1656 2420 1728 2447; x_wconf 89' lang='lat' dir='ltr'><strong>inter</strong></span> 
     </span>
    </p>
   </div>
   <div class='ocr_carea' id='block_1_112' title="bbox 944 2463 1727 2507">
    <p class='ocr_par' dir='ltr' id='par_1_112' title="bbox 944 2463 1727 2507">
     <span class='ocr_line' id='line_1_112' title="bbox 944 2463 1727 2507; baseline -0.013 -8"><span class='ocrx_word' id='word_1_829' title='bbox 944 2477 1037 2507; x_wconf 78' lang='lat' dir='ltr'><strong>gentes</strong></span> <span class='ocrx_word' id='word_1_830' title='bbox 1057 2478 1109 2499; x_wconf 92' lang='lat' dir='ltr'><strong>non</strong></span> <span class='ocrx_word' id='word_1_831' title='bbox 1133 2471 1264 2504; x_wconf 82' lang='lat' dir='ltr'><strong>viguisse.</strong></span> <span class='ocrx_word' id='word_1_832' title='bbox 1280 2469 1451 2503; x_wconf 80' lang='lat' dir='ltr'><strong>Quapropter</strong></span> <span class='ocrx_word' id='word_1_833' title='bbox 1465 2473 1534 2501; x_wconf 88' lang='lat' dir='ltr'><strong>opus</strong></span> <span class='ocrx_word' id='word_1_834' title='bbox 1548 2473 1602 2491; x_wconf 85' lang='lat' dir='ltr'><strong>non</strong></span> <span class='ocrx_word' id='word_1_835' title='bbox 1623 2463 1673 2490; x_wconf 81' lang='lat' dir='ltr'><strong>fuit</strong></span> <span class='ocrx_word' id='word_1_836' title='bbox 1687 2464 1727 2490; x_wconf 90' lang='lat' dir='ltr'><strong>le-</strong></span> 
     </span>
    </p>
   </div>
   <div class='ocr_carea' id='block_1_113' title="bbox 944 2510 1727 2553">
    <p class='ocr_par' dir='ltr' id='par_1_113' title="bbox 944 2510 1727 2553">
     <span class='ocr_line' id='line_1_113' title="bbox 944 2510 1727 2553; baseline -0.011 -8"><span class='ocrx_word' id='word_1_837' title='bbox 944 2518 1076 2553; x_wconf 72' lang='lat' dir='ltr'><strong>gislatori,</strong></span> <span class='ocrx_word' id='word_1_838' title='bbox 1092 2521 1122 2544; x_wconf 91' lang='lat' dir='ltr'><strong>ut</strong></span> <span class='ocrx_word' id='word_1_839' title='bbox 1141 2516 1206 2543; x_wconf 89' lang='lat' dir='ltr'><strong>illud</strong></span> <span class='ocrx_word' id='word_1_840' title='bbox 1230 2515 1381 2543; x_wconf 81' lang='lat' dir='ltr'><strong>cavendum</strong></span> <span class='ocrx_word' id='word_1_841' title='bbox 1401 2516 1530 2541; x_wconf 83' lang='lat' dir='ltr'><strong>curaret:</strong></span> <span class='ocrx_word' id='word_1_842' title='bbox 1549 2511 1595 2538; x_wconf 88' lang='lat' dir='ltr'><strong>sed</strong></span> <span class='ocrx_word' id='word_1_843' title='bbox 1614 2510 1681 2537; x_wconf 82' lang='lat' dir='ltr'><strong>satis</strong></span> <span class='ocrx_word' id='word_1_844' title='bbox 1701 2510 1727 2536; x_wconf 88' lang='lat' dir='ltr'><strong>ci</strong></span> 
     </span>
    </p>
   </div>
   <div class='ocr_carea' id='block_1_114' title="bbox 945 2556 1726 2592">
    <p class='ocr_par' dir='ltr' id='par_1_114' title="bbox 945 2556 1726 2592">
     <span class='ocr_line' id='line_1_114' title="bbox 945 2556 1726 2592; baseline -0.012 -2"><span class='ocrx_word' id='word_1_845' title='bbox 945 2563 996 2590; x_wconf 85' lang='lat' dir='ltr'><strong>fuit</strong></span> <span class='ocrx_word' id='word_1_846' title='bbox 1018 2570 1078 2590; x_wconf 89' lang='lat' dir='ltr'><strong>mos</strong></span> <span class='ocrx_word' id='word_1_847' title='bbox 1093 2570 1146 2589; x_wconf 89' lang='lat' dir='ltr'><strong>non</strong></span> <span class='ocrx_word' id='word_1_848' title='bbox 1165 2561 1262 2589; x_wconf 90' lang='lat' dir='ltr'><strong>doctus</strong></span> <span class='ocrx_word' id='word_1_849' title='bbox 1287 2559 1322 2587; x_wconf 88' lang='lat' dir='ltr'><strong>ad</strong></span> <span class='ocrx_word' id='word_1_850' title='bbox 1346 2559 1457 2587; x_wconf 86' lang='lat' dir='ltr'><strong>sceleris</strong></span> <span class='ocrx_word' id='word_1_851' title='bbox 1476 2556 1726 2592; x_wconf 74' lang='lat' dir='ltr'><strong>reprehensionem.</strong></span> 
     </span>
    </p>
   </div>
   <div class='ocr_carea' id='block_1_115' title="bbox 944 2601 1727 2642">
    <p class='ocr_par' dir='ltr' id='par_1_115' title="bbox 944 2601 1727 2642">
     <span class='ocr_line' id='line_1_115' title="bbox 944 2601 1727 2642; baseline -0.011 -6"><span class='ocrx_word' id='word_1_852' title='bbox 944 2607 1086 2641; x_wconf 86' lang='lat' dir='ltr'><strong>Quomodo</strong></span> <span class='ocrx_word' id='word_1_853' title='bbox 1101 2607 1184 2642; x_wconf 81' lang='lat' dir='ltr'><strong>igitur</strong></span> <span class='ocrx_word' id='word_1_854' title='bbox 1198 2606 1300 2641; x_wconf 84' lang='lat' dir='ltr'><strong>majore</strong></span> <span class='ocrx_word' id='word_1_855' title='bbox 1323 2604 1415 2636; x_wconf 87' lang='lat' dir='ltr'><strong>vetito,</strong></span> <span class='ocrx_word' id='word_1_856' title='bbox 1431 2605 1520 2630; x_wconf 86' lang='lat' dir='ltr'><strong>minus</strong></span> <span class='ocrx_word' id='word_1_857' title='bbox 1535 2601 1703 2637; x_wconf 80' lang='lat' dir='ltr'><strong>praetermisit</strong></span> <span class='ocrx_word' id='word_1_858' title='bbox 1716 2601 1727 2627; x_wconf 68' lang='grc' dir='ltr'><strong>’ἔ</strong></span> 
     </span>
    </p>
   </div>
   <div class='ocr_carea' id='block_1_116' title="bbox 944 2649 1727 2686">
    <p class='ocr_par' dir='ltr' id='par_1_116' title="bbox 944 2649 1727 2686">
     <span class='ocr_line' id='line_1_116' title="bbox 944 2649 1727 2686; baseline -0.009 -6"><span class='ocrx_word' id='word_1_859' title='bbox 944 2653 1012 2686; x_wconf 89' lang='lat' dir='ltr'><strong>Quia</strong></span> <span class='ocrx_word' id='word_1_860' title='bbox 1025 2653 1167 2680; x_wconf 85' lang='lat' dir='ltr'><strong>videbatur</strong></span> <span class='ocrx_word' id='word_1_861' title='bbox 1190 2652 1283 2679; x_wconf 86' lang='lat' dir='ltr'><strong>multis</strong></span> <span class='ocrx_word' id='word_1_862' title='bbox 1301 2651 1377 2679; x_wconf 84' lang='lat' dir='ltr'><strong>t‘arni</strong></span> <span class='ocrx_word' id='word_1_863' title='bbox 1394 2649 1607 2685; x_wconf 81' lang='lat' dir='ltr'><strong>indulgentibus,</strong></span> <span class='ocrx_word' id='word_1_864' title='bbox 1620 2653 1650 2674; x_wconf 93' lang='lat' dir='ltr'><strong>ut</strong></span> <span class='ocrx_word' id='word_1_865' title='bbox 1664 2654 1727 2674; x_wconf 86' lang='lat' dir='ltr'><strong>cum</strong></span> 
     </span>
    </p>
   </div>
   <div class='ocr_carea' id='block_1_117' title="bbox 946 2692 1727 2724">
    <p class='ocr_par' dir='ltr' id='par_1_117' title="bbox 946 2692 1727 2724">
     <span class='ocr_line' id='line_1_117' title="bbox 946 2692 1727 2724; baseline -0.009 0"><span class='ocrx_word' id='word_1_866' title='bbox 946 2696 1088 2724; x_wconf 83' lang='lat' dir='ltr'><strong>sororibus</strong></span> <span class='ocrx_word' id='word_1_867' title='bbox 1099 2696 1188 2723; x_wconf 87' lang='lat' dir='ltr'><strong>adhuc</strong></span> <span class='ocrx_word' id='word_1_868' title='bbox 1201 2694 1530 2723; x_wconf 83' lang='lat' dir='ltr'><strong>viventibushabitarent,</strong></span> <span class='ocrx_word' id='word_1_869' title='bbox 1546 2692 1654 2719; x_wconf 71' lang='lat' dir='ltr'><strong>noxium</strong></span> <span class='ocrx_word' id='word_1_870' title='bbox 1666 2698 1727 2718; x_wconf 85' lang='lat' dir='ltr'><strong>esse</strong></span> 
     </span>
    </p>
   </div>
   <div class='ocr_carea' id='block_1_118' title="bbox 943 2737 1727 2777">
    <p class='ocr_par' dir='ltr' id='par_1_118' title="bbox 943 2737 1727 2777">
     <span class='ocr_line' id='line_1_118' title="bbox 943 2737 1727 2777; baseline -0.01 -8"><span class='ocrx_word' id='word_1_871' title='bbox 943 2743 1098 2777; x_wconf 81' lang='lat' dir='ltr'><strong>exemplum</strong></span> <span class='ocrx_word' id='word_1_872' title='bbox 1135 2741 1306 2777; x_wconf 66' lang='lat' dir='ltr'><strong>patriarchae.</strong></span> <span class='ocrx_word' id='word_1_873' title='bbox 1336 2741 1390 2768; x_wconf 88' lang='lat' dir='ltr'><strong>Nos</strong></span> <span class='ocrx_word' id='word_1_874' title='bbox 1422 2745 1511 2767; x_wconf 64' lang='lat' dir='ltr'><strong>autem</strong></span> <span class='ocrx_word' id='word_1_875' title='bbox 1542 2737 1607 2773; x_wconf 90' lang='lat' dir='ltr'><strong>quid</strong></span> <span class='ocrx_word' id='word_1_876' title='bbox 1636 2737 1727 2763; x_wconf 80' lang='lat' dir='ltr'><strong>facere</strong></span> 
     </span>
    </p>
   </div>
   <div class='ocr_carea' id='block_1_119' title="bbox 946 2781 1725 2823">
    <p class='ocr_par' dir='ltr' id='par_1_119' title="bbox 946 2781 1725 2823">
     <span class='ocr_line' id='line_1_119' title="bbox 946 2781 1725 2823; baseline -0.012 -7"><span class='ocrx_word' id='word_1_877' title='bbox 946 2788 1076 2823; x_wconf 83' lang='lat' dir='ltr'><strong>oportet?</strong></span> <span class='ocrx_word' id='word_1_878' title='bbox 1092 2786 1158 2821; x_wconf 83' lang='lat' dir='ltr'><strong>Qua:</strong></span> <span class='ocrx_word' id='word_1_879' title='bbox 1175 2788 1275 2822; x_wconf 89' lang='lat' dir='ltr'><strong>scripta</strong></span> <span class='ocrx_word' id='word_1_880' title='bbox 1292 2791 1356 2814; x_wconf 89' lang='lat' dir='ltr'><strong>sunt</strong></span> <span class='ocrx_word' id='word_1_881' title='bbox 1369 2786 1470 2816; x_wconf 81' lang='lat' dir='ltr'><strong>dicere.</strong></span> <span class='ocrx_word' id='word_1_882' title='bbox 1491 2792 1524 2812; x_wconf 84' lang='lat' dir='ltr'><strong>an</strong></span> <span class='ocrx_word' id='word_1_883' title='bbox 1545 2781 1725 2818; x_wconf 76' lang='lat' dir='ltr'><strong>praetermissa</strong></span> 
     </span>
    </p>
   </div>
   <div class='ocr_carea' id='block_1_120' title="bbox 948 2826 1725 2863">
    <p class='ocr_par' dir='ltr' id='par_1_120' title="bbox 948 2826 1725 2863">
     <span class='ocr_line' id='line_1_120' title="bbox 948 2826 1725 2863; baseline -0.012 -2"><span class='ocrx_word' id='word_1_884' title='bbox 948 2834 1103 2862; x_wconf 80' lang='lat' dir='ltr'><strong>accuratius</strong></span> <span class='ocrx_word' id='word_1_885' title='bbox 1132 2834 1270 2861; x_wconf 84' lang='lat' dir='ltr'><strong>scrutari?</strong></span> <span class='ocrx_word' id='word_1_886' title='bbox 1297 2833 1434 2863; x_wconf 81' lang='lat' dir='ltr'><strong>Protinus,</strong></span> <span class='ocrx_word' id='word_1_887' title='bbox 1458 2838 1511 2858; x_wconf 85' lang='lat' dir='ltr'><strong>non</strong></span> <span class='ocrx_word' id='word_1_888' title='bbox 1536 2833 1660 2863; x_wconf 88' lang='lat' dir='ltr'><strong>oportere</strong></span> <span class='ocrx_word' id='word_1_889' title='bbox 1685 2826 1725 2853; x_wconf 84' lang='lat' dir='ltr'><strong>uti</strong></span> 
     </span>
    </p>
   </div>
   <div class='ocr_carea' id='block_1_121' title="bbox 946 2870 1724 2914">
    <p class='ocr_par' dir='ltr' id='par_1_121' title="bbox 946 2870 1724 2914">
     <span class='ocr_line' id='line_1_121' title="bbox 946 2870 1724 2914; baseline -0.01 -8"><span class='ocrx_word' id='word_1_890' title='bbox 946 2887 998 2906; x_wconf 87' lang='lat' dir='ltr'><strong>una</strong></span> <span class='ocrx_word' id='word_1_891' title='bbox 1018 2878 1113 2914; x_wconf 87' lang='lat' dir='ltr'><strong>pellice</strong></span> <span class='ocrx_word' id='word_1_892' title='bbox 1139 2882 1242 2913; x_wconf 86' lang='lat' dir='ltr'><strong>patrem</strong></span> <span class='ocrx_word' id='word_1_893' title='bbox 1263 2882 1290 2905; x_wconf 91' lang='lat' dir='ltr'><strong>ct</strong></span> <span class='ocrx_word' id='word_1_894' title='bbox 1307 2876 1402 2908; x_wconf 80' lang='lat' dir='ltr'><strong>tiliitm,</strong></span> <span class='ocrx_word' id='word_1_895' title='bbox 1426 2876 1453 2902; x_wconf 91' lang='lat' dir='ltr'><strong>in</strong></span> <span class='ocrx_word' id='word_1_896' title='bbox 1476 2875 1518 2901; x_wconf 88' lang='lat' dir='ltr'><strong>his</strong></span> <span class='ocrx_word' id='word_1_897' title='bbox 1536 2872 1640 2907; x_wconf 79' lang='lat' dir='ltr'><strong>legibus</strong></span> <span class='ocrx_word' id='word_1_898' title='bbox 1656 2870 1724 2898; x_wconf 83' lang='lat' dir='ltr'><strong>scri-</strong></span> 
     </span>
    </p>
   </div>
   <div class='ocr_carea' id='block_1_122' title="bbox 1459 2968 1495 3002">
    <p class='ocr_par' dir='ltr' id='par_1_122' title="bbox 1459 2968 1495 3002">
     <span class='ocr_line' id='line_1_122' title="bbox 1459 2968 1495 3002; baseline 0.111 -4"><span class='ocrx_word' id='word_1_899' title='bbox 1459 2968 1495 3002; x_wconf 75' lang='lat'><strong>15.</strong></span> 
     </span>
    </p>
   </div>
  </div>
