1951 3081
213 215 264 245 άῦῧ

787 213 916 244 ΡΗΟΤΙῙ
933 214 1183 245 ΡΑΤΗῙΑΗΟΗΚΕ
1203 216 1256 246 CP.

1788 219 1838 250 460

214 275 414 308 piumnonest,
434 269 566 304 sedame
587 270 745 305 prophetam
765 270 873 297 crimini
886 270 1001 298 maxime

1056 272 1163 305 αὐτὴνΒ
1182 272 1346 306 παιδίσκην
1374 273 1611 307 εἰσεπορεύοντο.
1633 274 1708 301 Πόσα
1736 275 1763 301 δὲ
1784 276 1837 311 sitit}

214 319 303 346 datur.
324 317 412 344 Filius
437 318 517 348 enim,
546 317 645 350 inquit,
675 321 700 342 et
723 320 798 350 pater
823 316 858 342 ad
881 317 999 343 eamdem

215 364 331 398 puellam
353 363 568 398 ingrediebantur
583 363 615 389 ¹⁸.
636 361 706 395 Quot
718 367 807 389 autem
826 363 876 389 alia
892 363 999 397 cupidi-

213 413 301 436 tatum
329 409 496 443 impurarum
511 415 608 443 genera
633 407 785 434 daemonum
814 408 922 443 quidem
952 408 1001 435 do-

216 455 302 482 ctrina
319 454 492 488 excogitavit,
502 453 588 481 tacuit
602 461 666 481 vero
684 454 774 481 divina
790 453 940 489 Scriptura.
951 454 1000 480 ho-

216 504 349 528 nestatem
383 507 460 527 suam
499 507 589 527 rerum
624 500 744 535 turpium
772 499 1000 534 appellationibus

217 547 319 574 foedare
335 547 439 579 nolens,
465 546 513 574 sed
536 546 684 582 generatim
710 546 878 579 impuritates
896 545 1000 579 Vitupe-

216 592 300 619 ravit!
327 592 403 618 Sit-ut
429 595 454 618 et
480 591 620 625 apostolus
641 590 742 616 Paulus
764 589 802 616 ait
820 597 826 615 :
846 588 999 615 Fornicatio

216 642 304 664 anteiit
317 642 339 664 et
356 637 439 663 onmis
457 636 625 663 immunditia
645 643 676 662 ne
687 636 836 661 nominetur
850 634 955 669 quidem
972 634 1000 660 in

215 684 296 715 vobis,
324 684 390 710 sicut
417 682 487 709 (locet
505 687 610 709 sanctos
627 682 665 708 ‘5:
690 680 868 708 immunditia‘.
891 679 1001 706 nomine

216 734 274 757 tum
287 729 407 756 virorum
424 734 480 755 tum
494 729 636 755 mulierum
649 728 777 755 obscaena
791 726 909 753 facinora
925 733 1000 753 eom-

215 776 397 811 prehendens.
413 775 503 808 Quare
513 782 568 801 non
582 773 693 801 omnino
707 773 844 800 silentium
862 771 999 799 licentiam

215 823 261 849 dat.
282 821 454 856 voluptariis.
482 820 537 855 Ego
564 824 655 846 autem
680 826 769 853 neque
796 818 905 844 tacitam
926 817 999 844 illam

215 872 320 902 partem
336 867 420 894 fuisse
437 866 517 893 dico:
543 865 598 891 imo
614 865 696 892 etiam
713 872 728 891 a
742 864 898 898 legislatorc
920 863 1002 890 vehe-

214 917 320 939 menter
341 911 487 938 admodum
513 910 597 937 fuisse
624 909 797 944 prohibitam.
822 908 891 935 lllnd
914 909 999 940 enim,

1050 318 1104 344 τῶν
1119 318 1287 354 ἀκαθάρτων
1304 319 1397 346 παθῶν
1414 320 1490 354 ἄλλα,
1519 320 1549 346 τὸ
1570 319 1620 355 μὲν
1639 321 1692 348 τῶν
1709 321 1838 356 δαιμόνων

1049 363 1233 390 διδασκαλεῖον
1245 364 1364 401 ἐξεῦρεν,
1381 367 1398 402 ὴ
1412 366 1440 392 δὲ
1457 366 1516 392 θεία
1533 366 1629 401 Γραφὴ
1653 367 1837 403 ἀπεσιώπησε,

1049 409 1080 435 τὸ
1098 411 1196 445 σεμνὸν
1218 412 1317 446 ἑαυτῆς
1332 413 1392 443 ταῖς
1413 412 1465 438 τῶν
1481 413 1603 448 αἰσχρῶν
1621 413 1780 447 ὀνομασίαις
1788 423 1836 440 κα·

1049 457 1243 492 ταρῤυπαίνειν
1259 458 1308 492 οὐχ
1322 458 1471 494 αἱρουμένη
1482 479 1489 491 ,
1504 459 1572 486 ἀλλὰ
1589 460 1707 493 γενικοίς
1727 459 1835 494 ὀνόμασι

1050 501 1099 533 τὰς
1110 501 1282 536 ἀκαθαρσίας
1307 503 1430 530 διέϐαλεν
1443 513 1449 519 ·
1463 504 1500 535 ὡς
1512 505 1558 530 καὶ
1577 505 1591 530 ὁ
1609 505 1758 535 ἀπόστολος
1772 505 1839 531 Παῦ-

1050 545 1095 578 λος
1123 548 1199 582 φησὶ,
1216 549 1345 581 Πορνεία
1360 548 1394 574 δὲ
1414 550 1461 576 καὶ
1478 549 1645 583 ἀκαθαρσία
1666 549 1750 577 πᾶσα
1767 548 1840 584 μηδέ

1052 590 1239 625 ὀνομαζέσθω
1255 592 1337 626 ὑμῖν,
1358 593 1455 626 καθὼς
1472 594 1577 627 πρέπει
1601 594 1708 628 ἁγίοις,
1726 595 1764 629 τῷ
1791 595 1836 629 τῆς

1050 637 1221 672 ἀκαθαρσίας
1249 638 1362 673 ὀνόματι
1385 639 1435 670 τὰς
1458 648 1487 665 τε
1505 639 1560 666 τῶν
1584 640 1708 676 ἀρρένων
1722 641 1837 675 ἀρρητο-

1051 683 1141 714 ποιῖας
1157 684 1205 710 καὶ
1218 684 1268 715 τὰς
1276 684 1328 710 τῶν
1348 684 1463 719 θηλειῶν
1480 685 1704 720 περιλαμϐάνων,
1719 685 1798 711 Ὥστε
1809 685 1836 711 οὐ

1051 727 1159 758 πάντως
1179 728 1194 762 ἡ
1211 727 1299 762 σιωπὴ
1312 727 1403 754 ἄδειαν
1418 728 1496 764 φέρει
1516 730 1570 760 τοῖς
1584 729 1746 764 φιληδόνοις.
1772 729 1839 762 Ἐγὼ

1050 771 1077 797 δὲ
1089 771 1149 798 οὐδὲ
1162 772 1351 806 σεσιωπῆσθαι
1365 773 1395 798 τὸ
1414 773 1497 808 μέρος
1519 774 1598 800 τοῦτο
1617 775 1700 809 φημὶ,
1721 773 1788 800 ἀλλὰ
1799 775 1841 800 καὶ

1051 817 1121 843 πάνυ
1135 818 1256 852 σφοδρῶς
1273 818 1493 853 άπηγορευκέναι
1506 820 1550 846 τὸν
1568 820 1726 854 νομοθέτηψ
1739 821 1768 848 τὸ
1777 822 1839 855 γὰρ,

1052 862 1110 890 Οὺκ
1132 864 1294 897 εἷσελεύσῃ
1305 864 1381 898 πρὸς
1401 864 1500 891 πάντα
1523 865 1634 892 οἰκεῖον
1653 868 1766 900 σαρκός
1786 874 1841 894 σου

1051 909 1247 943 ἀποκαλύψαι
1263 910 1488 944 ἀσχημοσύνην
1508 910 1619 943 αὐτῶν,
1634 912 1842 948 ὲμπεριεκτικὸν

215 957 277 984 Non
298 957 450 992 ingredieria
466 956 500 982 ad
529 963 630 982 omnem
655 955 743 982 carnis
764 960 817 981 tua:
843 955 943 989 amnem
963 954 998 980 ad

1053 955 1111 980 ἐστι
1124 955 1171 981 καὶ
1182 954 1276 982 τούτου
1287 955 1335 982 τοῦ
1349 956 1436 988 εἴδους
1451 958 1500 992 τῆς
1512 957 1688 993 οἰκειότητος.
1701 959 1734 985 Τί
1746 960 1799 994 γὰρ
1811 960 1843 986 ἂν

214 1003 380 1030 revelandam
413 1010 504 1029 eorum
535 1001 726 1036 turpitudinem
753 1001 785 1032 ‘7,
814 1001 884 1028 hanc
915 1000 998 1038 etiam

214 1049 355 1076 affinitatis
373 1049 490 1084 speciem
513 1047 711 1082 complectitur.
738 1047 842 1074 Etenim
860 1046 924 1080 quid
941 1046 1000 1072 viro

215 1095 298 1122 afﬁne
319 1094 405 1129 magis
421 1098 462 1120 est
486 1099 567 1128 quam
584 1099 632 1119 sua
651 1092 738 1126 ipsius
754 1099 833 1123 uxor,
851 1091 905 1116 imo
916 1098 997 1125 quam

214 1148 263 1167 sua
279 1140 365 1174 ipsius
382 1139 463 1166 caro?
477 1137 535 1165 Non
560 1138 632 1165 enim
653 1138 770 1172 amplius
786 1136 847 1163 duae
862 1141 936 1167 sunt,
953 1136 1000 1162 sed

216 1193 268 1212 una
286 1193 363 1212 caro.
385 1185 477 1218 Itaque
500 1191 547 1218 per
571 1189 683 1209 uxorem
699 1189 777 1209 soror
790 1181 823 1208 ad
844 1181 895 1207 viri
911 1180 1000 1207 afﬁni-

216 1237 296 1259 tatem
315 1231 422 1257 transit.
440 1229 673 1262 Quemadmodum
691 1227 762 1254 enim
777 1231 890 1254 matrem
906 1226 1000 1254 uxoris

215 1286 269 1305 non
297 1282 428 1307 aSsumet,
450 1282 537 1310 neque
562 1275 643 1301 ﬁliam
659 1273 712 1309 16
730 1273 833 1305 uxoris,
858 1277 999 1307 propterea

214 1322 284 1357 quod
309 1329 396 1356 neque
421 1328 500 1347 suam
530 1320 617 1355 ipsius
643 1325 769 1351 matrem,
803 1325 890 1353 neque
922 1325 999 1345 suam

215 1369 301 1402 :psius
326 1367 427 1397 ﬁliam;
449 1367 484 1393 ita
509 1373 559 1394 nec
586 1366 680 1392 uxoris
694 1372 828 1397 sororem,
856 1368 1000 1399 propterea

214 1413 286 1448 quoi
304 1420 391 1447 neqth
418 1418 495 1438 suam
522 1410 608 1445 ipsius
628 1417 759 1438 sororem.
782 1408 813 1435 Et
832 1409 891 1436 vice
911 1415 999 1441 versa,

215 1466 301 1493 neque
318 1458 394 1484 uxori
417 1457 508 1484 licebit
523 1464 582 1483 sese
596 1456 646 1483 viri
673 1455 803 1483 afﬁnibus
819 1455 995 1490 conjungere.

215 1505 286 1530 Sunt
302 1504 372 1530 enim
387 1503 513 1537 utrinque
528 1502 685 1529 communia
701 1501 845 1528 afﬁnitatis
857 1501 930 1535 jura.
948 1499 1002 1534 Ego

215 1558 295 1585 porro
309 1549 418 1577 cuilibet
435 1549 468 1575 de
484 1548 586 1582 nuptiis
601 1548 756 1575 consulenti
775 1547 916 1579 testiﬁcor,
929 1554 1000 1581 prte-

215 1597 297 1623 terire
314 1597 426 1630 ﬁguram
445 1594 528 1629 hujus
544 1594 650 1627 mundi,
669 1598 696 1620 et
713 1598 821 1628 tempus
836 1593 917 1620 breve
928 1600 998 1625 esse,

1052 999 1155 1032 γένοιτο
1165 1000 1328 1036 οἰκειότερον
1338 1001 1414 1036 ἀνδρὶ
1424 1002 1474 1036 τῆς
1485 1002 1581 1028 ἑαυτοῦ
1591 1004 1716 1037 γυναικός
1727 1012 1734 1036 ;
1748 1004 1844 1038 μᾶλλον

1055 1045 1081 1071 δὲ
1090 1045 1138 1079 τῆς
1155 1045 1251 1072 ἑαυτοῦ
1266 1047 1365 1079 σαρκός
1377 1056 1384 1080 ;
1401 1048 1438 1074 Οὑ
1448 1047 1501 1083 γὰρ
1510 1048 1549 1074 ἔτι
1564 1050 1617 1075 εἰσὶ
1630 1049 1687 1081 δύο,
1696 1050 1764 1077 ἀλλὰ
1779 1051 1846 1087 σὰρξ

1052 1090 1101 1125 μία
1117 1099 1123 1104 ·
1139 1091 1209 1117 ὥστε
1223 1091 1266 1117 διὰ
1281 1092 1329 1126 τῆς
1345 1093 1473 1126 γυναικὸς
1494 1094 1510 1128 ἡ
1527 1093 1629 1130 ἀδελφὴ
1645 1095 1713 1130 πρὸς
1731 1096 1780 1130 τὴν
1792 1097 1838 1123 τοῦ

1050 1134 1146 1170 ἀνδρὸς
1179 1136 1331 1170 οἱκειϐτητα
1370 1137 1536 1171 μεταῦαίνει.
1578 1138 1622 1169 Ὠς
1653 1139 1708 1174 γάρ
1743 1140 1846 1175 μητέρα

1050 1181 1178 1214 γυναικὸς
1193 1182 1224 1208 οὐ
1245 1181 1369 1217 λήψεται,
1399 1183 1468 1217 οὐδὲ,
1483 1183 1621 1219 θυγατέρα
1636 1185 1685 1219 τῆς
1704 1186 1842 1219 γυναικὸς.

1050 1226 1116 1252 διότι
1135 1227 1201 1262 μηδὲ
1230 1227 1278 1262 τὴν
1311 1228 1408 1254 ἑαυτοῦ
1438 1230 1556 1264 μητέρα,
1584 1230 1650 1266 μηδὲ
1672 1231 1722 1267 τὴν
1748 1232 1844 1258 ἑαυτοῦ

1051 1272 1198 1307 θυγατέρα,
1215 1272 1301 1304 οὕτως
1318 1273 1378 1301 οὐδὲ
1393 1274 1509 1309 ἀδελφὴν
1535 1276 1673 1308 γυναικὸς,
1700 1276 1767 1304 διότι
1789 1286 1844 1312 μη-

1051 1317 1080 1343 δὲ
1102 1318 1218 1353 ἀδελφὴν
1248 1318 1364 1345 ἐαυτοῦλ
1393 1319 1439 1346 καὶ
1458 1320 1538 1347 τοῦτο
1552 1321 1697 1354 ἀνάπαλιν,
1723 1323 1783 1348 οὐδὲ
1810 1325 1842 1359 τῇ

1051 1364 1161 1397 γυναικὶ
1180 1364 1287 1396 ἐξέσται
1299 1366 1356 1396 τοῖς
1373 1365 1483 1397 οἰκείοις
1507 1366 1554 1392 τοῦ
1581 1367 1677 1401 ἀνδρὸς
1700 1370 1844 1400 συνοικεῖν,

1053 1410 1128 1436 κοινὰ
1145 1410 1198 1445 γάρ
1215 1411 1257 1436 ἐπ’
1275 1411 1440 1446 ἀμφοτέροις
1456 1412 1506 1446 τῆς
1517 1413 1678 1446 συγγενείας
1693 1414 1726 1440 τὰ
1742 1414 1842 1440 δίκαια·

1053 1455 1108 1489 ἐγὼ
1122 1456 1149 1482 δὲ
1167 1456 1249 1482 παντὶ
1272 1457 1310 1492 τῷ
1330 1457 1394 1492 περὶ
1416 1458 1506 1493 γάμου
1525 1458 1680 1494 βουλομένῳ
1692 1459 1844 1495 διαμαρτύ-

1055 1508 1146 1535 ρομαι,
1163 1502 1204 1527 ὅτι
1236 1502 1352 1537 παράγει
1381 1503 1410 1528 τὸ
1437 1503 1530 1538 σχῆμα
1543 1504 1589 1530 τοῦ
1617 1504 1718 1538 κόσμου
1740 1505 1845 1536 τούτου,

1054 1548 1102 1573 καὶ
1129 1547 1143 1573 ὁ
1167 1548 1263 1582 καιρὸς
1293 1549 1505 1583 συνεσταλμένος
1536 1549 1629 1575 ἐστίν·
1659 1550 1725 1577 "Ira
1752 1551 1800 1577 καὶ
1816 1552 1845 1577 οἱ

1054 1592 1337 1627 ἓχοντεςγξυνίιῖκας,
1352 1594 1390 1626 ὡς
1398 1594 1442 1628 μὴ
1451 1594 1572 1628 ἔχοντες
1585 1594 1672 1622 ὦσιν.
1686 1595 1752 1622 Ἐάν
1762 1596 1790 1622 δέ
1802 1605 1847 1631 μοι

217 1641 251 1669 L't
269 1642 416 1676 quibat/ent
432 1648 528 1667 uxores
554 1644 678 1674 tanquam
699 1647 751 1665 non
770 1638 891 1665 habentes
904 1639 999 1665 sint”.

1053 1638 1283 1674 παραναγινώσκῃ
1304 1638 1349 1672 τὸ,
1369 1627 1543 1671 Λιῦξάιλὲσθε
1571 1641 1620 1667 καὶ
1644 1627 1847 1674 πληθύνεσθε,

215 1688 293 1722 Quod
310 1687 333 1714 si
347 1687 411 1713 mihi
429 1693 569 1721 perperam
586 1685 656 1719 legat
672 1685 736 1712 illud
750 1693 756 1711 :
773 1684 886 1712 Crescite
898 1689 922 1711 et
934 1685 1002 1711 mul-

217 1733 373 1768 tipt’icamini
399 1733 441 1759 "z
464 1732 538 1759 rideo
556 1732 645 1766 legum
668 1735 788 1765 tempora
815 1738 869 1757 non
898 1730 1003 1758 discer—

216 1785 337 1806 nentem.
357 1777 559 1804 Fornieationis
576 1776 728 1803 remedium
745 1775 846 1810 nuptiae
862 1775 1000 1806 secundae.

216 1833 270 1851 non
285 1823 392 1851 occasio
408 1823 536 1850 lasnivim.
556 1821 584 1848 Si
601 1829 630 1849 se
646 1828 699 1848 non
714 1822 867 1854 continent,
885 1822 1001 1851 nubant,

218 1870 306 1905 inquit
319 1869 353 1902 ὀ,
371 1876 422 1895 non
438 1876 503 1896 vero
515 1872 542 1895 et
560 1868 696 1895 nubentes
714 1868 798 1903 legem
823 1867 934 1894 violent.
955 1866 1001 1894 lsti

216 1921 318 1949 autem,
343 1922 459 1950 quorum
484 1914 593 1941 animus
616 1914 683 1940 vitio
707 1913 884 1948 turpitudinis
912 1912 1002 1947 lippus

216 1968 267 1996 est,
287 1970 319 1989 uc
339 1962 371 1988 ad
396 1966 523 1988 naturam
549 1960 660 1995 quidem
688 1960 848 1994 respiciunt,
867 1967 927 1994 quae
945 1959 1002 1994 jam

216 2009 278 2035 olim
291 2007 398 2042 generis
411 2007 523 2034 nomina
537 2006 675 2034 discrevit.
692 2006 730 2032 Ex
745 2013 797 2039 qua
813 2005 887 2031 enim
904 2011 1004 2039 cogua.

216 2056 289 2082 tione
314 2058 393 2081 natos
409 2053 605 2088 appellabunt?
626 2051 782 2083 Fratrcsne,
805 2058 839 2077 an
861 2050 1002 2078 consobri-

215 2109 266 2129 nos
285 2100 442 2128 vocabuat?
467 2099 603 2134 siquidem
630 2106 729 2126 nomen
746 2102 894 2132 utrumque
909 2097 948 2125 eis
969 2097 1004 2124 ob

215 2146 403 2174 confusionem
417 2145 554 2180 congruit.
569 2144 608 2172 Ne
625 2144 721 2176 facias,
744 2151 760 2171 ο
774 2144 866 2175 homo,
893 2143 1002 2170 amitam

217 2200 361 2220 novercam
387 2191 552 2224 infantium;
574 2199 624 2218 nec
636 2198 697 2225 qua:
718 2190 745 2216 in
761 2189 857 2216 matris
881 2189 943 2216 loco
966 2188 1005 2215 fo-

216 2245 279 2265 vere
293 2238 381 2270 debet,
399 2245 459 2265 eam
473 2236 647 2264 aemulatione
661 2235 825 2270 implacabili
841 2235 1001 2262 armaveris.

216 2283 283 2311 Nam
297 2284 383 2311 solum
399 2289 581 2310 novercarum
602 2288 687 2316 genus
702 2281 784 2308 etiam
801 2285 863 2315 post
886 2285 1002 2308 mortem

216 2330 307 2357 odium
330 2337 361 2357 ac
388 2328 561 2356 inimicitiam
588 2327 719 2354 extendit.
743 2327 800 2354 lmo
826 2326 872 2353 alii
897 2325 1002 2353 inimici

217 2376 334 2403 mortuis
353 2375 579 2407 reconciliantur;
607 2380 729 2401 noverca:
758 2373 820 2400 odia
841 2376 904 2406 post
930 2378 1004 2398 mor-

216 2427 271 2449 tem
286 2421 431 2456 incipiunt.
447 2420 559 2447 Summa
584 2419 718 2446 dictorum
736 2419 794 2445 haec
815 2422 876 2445 est:
897 2417 926 2444 Si
941 2416 1003 2450 quis

217 2469 336 2504 legitime
362 2467 472 2501 nuptias
490 2466 604 2501 appetit,
629 2470 703 2493 totus
718 2465 792 2492 orbis
805 2468 940 2490 terrarum
955 2470 1003 2498 pa-

218 2521 273 2543 tet:
291 2516 332 2542 sin
349 2514 461 2540 libidine
476 2512 632 2547 impellitur,
653 2511 688 2538 ob
705 2511 731 2538 id
753 2510 839 2544 magis
857 2509 939 2536 etiam
955 2516 1003 2535 ex-

217 2561 354 2592 cludatur,
378 2559 411 2586 Ut
422 2559 507 2585 discat
532 2566 577 2585 eos
598 2565 674 2583 suum
687 2557 818 2591 possidere
835 2555 861 2581 in
882 2554 1003 2588 sanctiﬁ-

218 2607 319 2634 catione
334 2610 358 2633 et
381 2606 488 2638 honore,
507 2612 557 2630 non
581 2604 607 2630 in
622 2603 743 2638 passione
767 2601 890 2628 desiderii
905 2601 938 2627 ".
965 2599 1006 2628 Me

217 2654 295 2688 plura
320 2652 409 2680 dicere
447 2654 586 2684 parantem
615 2648 712 2675 modus
738 2646 858 2682 cpistola:
883 2645 1004 2672 cohibet.

219 2699 320 2727 Precor
334 2703 435 2728 autem.
456 2701 484 2723 ut
507 2695 557 2730 17
573 2695 613 2721 vel
634 2698 727 2721 nostra
743 2692 893 2720 admonitio
909 2691 1005 2718 vitium

220 2751 340 2782 superet,
360 2745 400 2772 vel
416 2751 469 2770 non
497 2746 589 2776 serpat
604 2741 631 2767 in
654 2730 778 2767 nostram
799 2739 935 2774 regionem
954 2737 1006 2763 hoc

219 2791 376 2825 piaculum;
397 2788 444 2816 sed
469 2788 496 2815 in
513 2786 613 2822 quibus
637 2785 785 2812 admissum
805 2789 847 2812 est
874 2784 951 2814 locis,
977 2782 1005 2809 in

223 2836 264 2864 his
281 2839 447 2870 permaneat.

259 2938 279 2953 ”
297 2937 334 2963 An
347 2945 376 2962 (τά
391 2945 420 2965 ιι,
437 2936 463 2963 7.
504 2937 524 2951 ’⁸
541 2935 639 2969 Ephcs.
656 2942 683 2968 ν,
702 2934 728 2961 ὗ.
771 2934 790 2950 ιτ
807 2931 893 2960 Levit.
913 2937 989 2963 mn,
1002 2931 1027 2957 (ἱ.

224 2979 269 3003 vn,
285 2974 312 2999 υ.
349 2972 368 2986 ²¹
388 2971 395 2997 l
410 2971 505 2999 Thess.
522 2979 557 3003 ιν,
575 2971 602 2998 4.

1053 1683 1194 1718 καταγελῶ
1218 1685 1263 1710 τοῦ
1276 1685 1329 1711 τῶν
1342 1685 1508 1720 νομοθεσιῶν
1521 1686 1584 1718 τοὺς
1599 1687 1712 1722 καιροὺς
1734 1687 1772 1722 μὴ
1787 1687 1848 1714 δια-

1052 1730 1199 1764 κρίνοντος.
1224 1731 1354 1766 Πορνείας
1375 1731 1535 1767 παραμυθία
1560 1731 1712 1767 ὁδεύτερος
1738 1733 1848 1767 γάμος,

1056 1776 1117 1810 οὐχὶ
1132 1776 1236 1810 ἑφόδιον
1267 1778 1307 1808 είς
1331 1777 1486 1811 ἀσέλγειαν.
1507 1778 1537 1804 Ei
1553 1779 1603 1804 οὐκ
1620 1778 1849 1814 ἐγκρατεύονται,

1053 1822 1265 1856 γαμησάτωσαν,
1291 1823 1383 1857 φησὶν,
1412 1823 1472 1858 οὐχὶ
1493 1824 1521 1850 δὲ
1549 1824 1702 1860 γαμοῦντες
1725 1833 1848 1860 παρανο-

1054 1867 1199 1901 μείτωσαν.
1216 1869 1246 1894 Oi
1263 1868 1291 1894 δὲ
1304 1868 1364 1895 οὐδὲ
1376 1869 1443 1904 πρὸς
1459 1869 1508 1904 τὴν
1530 1869 1610 1904 φύσιν
1633 1870 1848 1902 ἀποϐλέπουσιν,

1052 1913 1076 1939 οι
1087 1913 1135 1948 τὴν
1149 1913 1238 1949 ψυχὴν
1251 1913 1392 1948 λημῶντες
1407 1913 1447 1949 τῷ
1461 1914 1541 1941 πάθει
1557 1914 1607 1950 τῆς
1621 1915 1734 1950 ἀτιμίας
1746 1935 1753 1946 ,
1763 1915 1852 1942 πάλαι

1053 1958 1228 1993 διακρίνασαν
1241 1960 1292 1992 τὰς
1307 1960 1354 1986 τοῦ
1370 1960 1465 1993 γένους
1477 1961 1677 1996 προσηγορίας.
1701 1961 1748 1987 Ἐκ
1768 1960 1852 1992 ποίας

1054 2006 1212 2039 συγγενείας
1246 2006 1309 2038 τοὺς
1345 2007 1526 2043 γεννηθέντας
1560 2008 1850 2043 προσαγορεύσουσιν;

1054 2051 1186 2085 ἀδελφοὺς
1206 2052 1304 2083 αὐτοὺς
1317 2053 1440 2088 ἀλλήλων
1451 2074 1457 2085 ,
1473 2053 1490 2088 ἢ
1508 2053 1635 2088 ἀνεψιοὺς
1651 2053 1850 2089 προσεροῦσιν;

1053 2097 1196 2131 ἀμφότερα
1222 2097 1276 2132 γὰρ
1303 2099 1395 2129 αὐτοῖς
1422 2100 1610 2135 προσαρμόσει
1638 2099 1682 2125 διὰ
1707 2099 1757 2134 τὴν
1780 2098 1853 2131 σύγ-

1054 2152 1142 2178 χυσιν.
1159 2143 1204 2178 Μὴ
1222 2144 1350 2179 ποιήσῃς,
1367 2141 1389 2170 ὦ
1404 2144 1533 2180 ἄνθρωπε
1546 2165 1554 2177 ,
1567 2146 1614 2181 τὴν
1629 2145 1705 2171 θείαν
1722 2144 1853 2180 μητρυὰν

1054 2190 1109 2216 τῶν
1126 2191 1241 2225 νηπίων,
1260 2191 1329 2225 μήτε
1344 2191 1372 2217 δὲ
1391 2191 1440 2226 τὴν
1457 2193 1559 2227 μητρὶς
1573 2191 1648 2224 τάξει
1667 2191 1853 2227 περιθάλπειν

1054 2236 1225 2270 ὀφείλουσαν.
1241 2237 1343 2272 ταύτην
1357 2237 1506 2273 ὲφοπλίσῃς
1518 2239 1578 2269 ταῖς
1590 2238 1758 2272 ἁμειλῖκτοις
1768 2237 1854 2271 ζηλο-

1055 2284 1173 2315 τυπίαις.
1202 2283 1290 2310 Μόνον
1309 2284 1362 2319 γὰρ
1389 2284 1420 2310 τὸ
1450 2286 1527 2319 μῖσος
1555 2285 1609 2311 τῶν
1634 2284 1774 2320 μητρυῶν,
1804 2285 1856 2311 καὶ

1057 2328 1125 2363 μετὰ
1142 2328 1257 2355 θάνατον
1273 2329 1379 2356 ὲλαύνει
1394 2329 1443 2365 τὴν
1458 2329 1569 2364 ἔχθραν,
1592 2329 1693 2364 μᾶλλον
1706 2329 1734 2355 δὲ
1752 2329 1776 2355 οἱ
1801 2329 1856 2363 μὲν

1055 2374 1142 2406 ἄλλως
1167 2375 1302 2409 πολέμιοι,
1328 2375 1383 2406 τοῖς
1401 2374 1544 2409 τεθνηκόσι
1563 2374 1741 2401 σπένδονται·
1769 2373 1799 2399 αἱ
1824 2373 1858 2400 δὲ

1057 2421 1186 2455 μητρυιαὶ
1201 2420 1247 2447 τοῦ
1272 2420 1367 2455 μίσους
1377 2421 1446 2455 μετὰ
1465 2420 1580 2447 θάνατον
1597 2420 1737 2455 ἄρχονται.
1755 2420 1857 2453 Κεφά-

1055 2466 1130 2493 λαιον
1145 2466 1174 2492 δὲ
1189 2467 1246 2492 τῶν
1261 2467 1425 2501 εἰρημένων,
1446 2466 1531 2501 εἰμὲν
1546 2466 1621 2500 νόμῳ
1640 2466 1760 2501 ὁρμᾶται
1782 2464 1859 2498 πρὸς

1055 2512 1101 2538 τὴν
1114 2512 1213 2547 γάμον,
1230 2512 1354 2546 ἦνοικται
1368 2512 1442 2537 πᾶσα
1462 2512 1478 2547 ἡ
1494 2511 1651 2546 οἰκουμένη.
1669 2512 1700 2537 Εἰ
1715 2510 1743 2536 δὲ
1760 2510 1859 2544 ἐμπα-

1060 2558 1126 2593 σθὴς
1141 2558 1214 2592 αὐτῷ
1229 2559 1244 2592 ἡ
1265 2557 1366 2592 σπουδὴ
1377 2577 1384 2589 ,
1401 2557 1445 2584 διὰ
1462 2558 1541 2585 τοῦτο
1557 2558 1604 2584 καὶ
1627 2557 1708 2584 πλέον
1722 2555 1859 2583 ἀποκλει-

1060 2604 1151 2639 σθήτω
1162 2611 1169 2619 σ
1198 2603 1264 2631 Ἵνα
1282 2604 1360 2637 μάθῃ
1373 2603 1406 2630 τὸ
1426 2603 1537 2631 ἑαυτοῦ
1551 2603 1662 2636 σκεῦος
1675 2603 1804 2630 κτᾶσθαι
1821 2601 1862 2628 ἐν

1060 2649 1209 2684 ἁγιασμῷ,
1236 2649 1278 2684 μὴ
1311 2650 1345 2676 ἐν
1367 2649 1455 2677 πάθει
1479 2650 1649 2685 ἐπιθυμίας.
1680 2648 1798 2676 Πλείονά
1823 2656 1862 2682 με

1060 2695 1150 2729 λέγειν
1166 2696 1342 2731 ὡρμημένον,
1359 2696 1388 2722 τὸ
1405 2696 1505 2732 μέτρον
1521 2696 1613 2731 ἐπέχει
1631 2695 1681 2729 τῆς
1694 2694 1864 2728 ὲπιστολῆςμ

1060 2741 1181 2776 Εὔχομαι
1199 2741 1244 2774 δὲ,
1275 2741 1356 2777 ἢτὴν
1381 2742 1543 2776 παραίνεσιν
1573 2740 1651 2776 ἡμῶν
1675 2739 1871 2775 ἰσχυροτέραν

1060 2787 1106 2813 τοῦ
1132 2787 1236 2818 πάθους
1272 2787 1488 2823 ἀποδειχθῆναι·
1509 2787 1526 2822 ἢ
1557 2787 1594 2822 μὴ
1621 2785 1796 2821 ἐπιδημῆσαι
1821 2783 1862 2817 τῇ

1059 2833 1182 2869 ἡμετέρᾳ
1196 2833 1226 2859 τὸ
1238 2833 1303 2867 ἄγος
1312 2833 1401 2868 τοῦτο,
1412 2833 1468 2860 ἀλλ’
1480 2833 1508 2860 ὲν
1518 2830 1557 2864 οἷς
1570 2832 1602 2859 ἂν
1615 2830 1749 2866 ἐτολμήθη
1759 2827 1865 2858 τόποις

1060 2880 1245 2914 ἒναπομεῖναι.

1068 2930 1089 2945 ’⁸
1105 2929 1114 2956 Ι
1132 2928 1194 2956 Cor.
1218 2936 1266 2961 vn,
1287 2928 1332 2956 ‘29.
1373 2928 1393 2944 ¹⁹
1409 2927 1476 2956 Gen.
1493 2935 1512 2958 ι,
1535 2924 1580 2958 28;
1599 2931 1636 2955 Ix,
1654 2921 1680 2948 I.
1718 2920 1741 2936 ‘°
1759 2920 1768 2946 Ι
1785 2920 1864 2947 Cor.

1373 2928 1393 2944 ¹⁹
1409 2927 1476 2956 Gen.
1493 2935 1512 2958 ι,
1535 2924 1580 2958 28;
1599 2931 1636 2955 ix,
1654 2921 1680 2948 1.
