1951 3081
147 207 198 241 461

552 209 752 241 SYNTAG'MA
770 208 964 240 CANONUM-
985 219 1020 225 -
1037 208 1110 238 ΤΙΤ.
1131 208 1155 245 Ι,
1177 208 1255 238 CAP.
1275 208 1332 238 ΙΙΙ.

1718 208 1770 240 462

150 267 206 294 Τοῦ
219 265 313 293 αὑτοῦ
327 265 361 293 ἐκ
382 266 434 293 τοῦ
457 266 499 299 κζ’
526 266 690 300 κεφαλαίου
706 266 765 294 τῶν
790 265 859 300 περὶ
878 261 932 293 τοῦ

985 263 1113 299 Ejusdem
1126 272 1158 291 ea:
1170 265 1254 299 capite
1267 263 1303 290 27
1320 271 1410 291 eorum
1428 272 1486 299 quw
1507 264 1539 291 de
1560 263 1662 298 Spiritu
1682 271 1773 293 sancto

182 301 268 335 ἁγίου
291 301 464 336 Πνεύματος
474 302 548 335 πρὸς
563 303 617 328 τὸν
629 301 778 336 μακάριον
794 300 932 335 Ἀμφιλό-

182 345 251 371 χιον
270 337 491 371 γεγῬαμμένων.

181 381 242 409 Τῶν
254 383 282 408 ἐν
296 384 329 418 τῇ
358 382 504 418 Ἐκκλησία
528 383 744 416 πεφυλαγμένων
773 381 930 415 δογμάτων,

148 428 182 454 τὰ
199 428 248 462 μὲν
264 428 296 454 ἐκ
320 428 370 462 τῆς
396 428 535 462 ἐγγράφου
566 427 740 459 διδασκαλίας
768 427 866 462 ἔχομεν
878 434 885 442 ο
899 425 933 452 τὰ.

146 472 174 499 δέ
188 473 219 498 ἐκ
234 472 287 498 τῶν
299 472 456 499 ἀποστόλων
473 472 647 508 παραδόσεως
666 472 821 499 διαδοθέντα
835 473 862 498 ἐν
880 479 931 506 μυ-

147 517 250 552 στηρίῳ
274 517 499 553 παρεδεξάμεοα”
515 517 586 553 ἅπερ
604 518 748 553 ἀμφότερα
767 518 817 553 τὴν
846 519 932 555 αὐτὴν

148 563 225 598 ἰσχὺν
244 563 298 598 ἔχει
316 564 383 599 πρὸς
409 563 457 599 τὴν
478 563 629 591 εὐσέϐειαν.
646 564 701 591 Καὶ
722 564 828 596 τούτοις
844 565 931 597 οὐδεὶς

146 609 264 644 ἀντερεῖ,
275 610 303 641 ὃς
317 610 358 641 τίς
385 618 427 644 γε,
447 609 497 636 κᾶν
529 610 600 637 κατὰ
626 611 722 646 μικρὸν
738 611 802 644 γοῦν
823 611 931 646 θεσμῶν

145 655 380 690 ἐκκλησιαστικῶν
401 656 576 691 πεπείραται.
593 657 624 683 Ei
639 657 692 692 γὰρ
704 657 931 693 ἐπιχειρήσαιμεν

145 700 180 726 τὰ
204 700 315 736 ἄγραφα
332 701 387 727 τῶν
404 701 485 734 ἐθῶν,
502 702 540 733 ὡς
568 702 604 737 μὴ
624 703 745 738 μεγάλην
769 703 866 738 ἔχοντα
882 703 930 739 τὴν

145 745 259 781 δύναμιν
286 746 503 782 παραιτεῖσθαι,
530 747 661 783 λάθοιμεν
677 748 710 775 ἂν
733 748 772 780 εἰς
800 749 868 775 αὐτὰ
895 748 930 775 τὰ

146 791 241 827 καίρια
276 791 436 827 ζημιοῦντες
457 793 487 819 τὸ
514 793 679 827 Εὑαγγέλιον
695 815 702 827 ,
720 794 827 829 ’μᾶλλον
842 794 870 820 δὲ
891 795 931 826 είς

146 837 231 873 ὄνομα
259 839 336 872 ψιλὸν
358 839 552 875 περιϊστῶντες
571 840 602 866 τὸ
629 840 759 876 κήρυγμα
775 849 781 855 ·
797 839 863 874 οἷον,
883 841 927 868 ἵνα

145 883 192 910 τοῦ
221 884 329 919 πρώτου
359 885 407 912 καὶ
435 885 591 912 κοινοτάτου
617 886 726 922 πρῶτον
751 886 873 922 μνησθῶ,
889 887 928 922 τῷ

144 929 222 964 τύπῳ
234 929 280 956 τοῦ
294 930 411 965 σταυροῦ
420 930 483 962 τοὺς
493 932 531 962 είς
546 932 576 958 τὺ
589 932 673 966 δνομα
683 931 728 958 τοῦ
741 932 842 967 Κυρίου
853 932 930 968 ἡμῶν
947 937 966 964 Β

150 975 238 1010 Ἰησοῦ
262 976 381 1011 Χριστοῦ
409 976 559 1011 ὴλπικότας
573 978 836 1013 κατασημαίνεσθαι,
851 977 894 1010 τίς
917 979 931 1004 ὁ

144 1020 189 1047 διὰ
196 1021 358 1057 γράμματος
371 1022 479 1055 διδάξις
490 1033 496 1056 ;
507 1024 543 1050 Τὸ
553 1024 622 1060 πρὸς
636 1024 767 1056 ἀνατολὰς
779 1025 929 1059 τετράφθαι

145 1066 217 1093 κατὰ
232 1066 281 1102 τὴν
303 1068 456 1103 προσευχὴν
468 1090 475 1101 ,
493 1070 567 1095 ποῖον
584 1070 658 1104 ἡμᾶς
673 1069 777 1102 ἐδίδαξε
795 1071 928 1106 ψάμμας

144 1111 187 1138 Τὰ
209 1112 257 1147 τῆς
278 1112 447 1148 ἐπικλήσεως
466 1114 575 1149 ῥήματα
591 1114 638 1141 ἐπὶ
663 1115 696 1149 τῇ
727 1114 860 1148 ἀναδείξει
883 1115 930 1142 τοῦ

144 1156 228 1192 ἄρτου
241 1157 291 1191 τῆς
314 1158 487 1194 εὐχαριστίας
512 1159 620 1186 καὶτοῦ
642 1159 774 1195 ποτηρίου
788 1161 836 1196 τῆς
855 1161 931 1187 εὐλο-

144 1202 217 1236 γίας,
232 1202 273 1234 τίς
287 1203 340 1229 τῶν
353 1203 437 1237 ἁγίων
453 1204 598 1239 ἐγγράφως
623 1205 689 1241 ἡμῖν
714 1206 906 1233 καταλέλοιπεν
921 1215 928 1240 ;

145 1247 183 1273 Οὐ
201 1248 256 1283 γὰρ
273 1248 305 1284 δὴ
321 1249 425 1282 τούτοις
444 1249 615 1285 ἀρκούμεθα,
631 1247 669 1278 ὧν
692 1252 706 1278 ὁ
735 1252 896 1284 ’Λπόστολος
911 1253 928 1288 ἢ

144 1292 175 1319 τὸ
192 1293 357 1327 Εὑαγγέλιον
371 1295 539 1331 ἐπεμνήσθη,
555 1296 622 1323 ἀλλὰ
637 1296 684 1323 καὶ
697 1298 865 1334 προλέγομεν
883 1299 930 1325 καὶ

144 1338 306 1374 ἐπιλέγομεν
327 1339 417 1375 ἕτερα,
431 1340 469 1372 ὡς
478 1342 599 1377 μεγάλην
624 1342 720 1378 ἔχοντα
744 1344 825 1379 πρδςί
833 1345 863 1371 τὸ
879 1354 930 1381 μυ-

146 1386 257 1420 στήριον
287 1386 335 1421 τὴν
355 1387 441 1420 ἰσχὺν,
467 1387 499 1413 ἐκ
521 1388 570 1422 τῆς
600 1388 723 1423 ἀγράφου
753 1389 927 1422 διδασκαλίας

145 1431 359 1466 παραλαϐόντες.
375 1432 544 1468 Εὐλογοῦμεν
560 1433 588 1460 δὲ
603 1433 633 1460 τὸ
658 1433 730 1470 ὕδωρ
752 1435 798 1460 τοῦ
817 1435 930 1469 βαπτίσ-

102 1500 107 1503 ,
147 1486 242 1513 ματος,
255 1479 301 1504 καὶ
318 1479 348 1504 τὺ
370 1478 458 1505 ἔλαιον
477 1480 526 1514 τῆς
539 1480 666 1515 κρίσεως,
683 1481 730 1507 καὶ
752 1480 864 1515 προσέτι
881 1482 929 1507 αὺ-

145 1523 191 1550 τὸν
210 1523 255 1549 τὸν
272 1523 467 1558 βαπτιζόμενον
483 1533 490 1541 ·
516 1526 570 1552 ἀπὸ
594 1526 678 1552 ποίων
700 1527 864 1561 ἐγγράῳων;
880 1527 930 1554 οὐκ

145 1569 200 1596 ἀπὸ
211 1569 260 1604 τῆς
278 1571 459 1605 σιωπωμένης
475 1571 522 1598 καὶ
548 1572 681 1606 μυστικῆς
698 1572 872 1607 παραδόσεως
884 1581 891 1606 ;
903 1573 929 1600 τί

145 1614 174 1640 δέ.
186 1623 193 1646 ;
205 1615 290 1650 αὐτὴν
303 1616 349 1642 τοῦ
367 1616 455 1642 ἐλαίου
472 1616 521 1651 τὴν
548 1617 637 1652 χρίσιν
655 1618 696 1649 τίς
715 1617 792 1652 λόγος
807 1627 931 1654 γεγραμ-
945 1611 965 1638 C

148 1659 228 1693 μένος
241 1660 342 1692 ἐδίδαξε
354 1669 360 1692 ;
377 1660 406 1686 τὸ
419 1661 446 1686 δὲ
458 1662 518 1695 τρὶς
531 1661 711 1696 βαπτίζεσθαι
724 1663 769 1689 τὸν
788 1662 931 1698 ἄνθρωπον

146 1704 229 1731 πόθεν
244 1713 251 1737 ;
267 1705 333 1732 ἄλλα
350 1706 378 1732 δὲ
393 1706 443 1732 ὅσα
453 1707 517 1741 περὶ
528 1707 558 1732 τὸ
568 1707 718 1741 βάπτισμα,
730 1709 932 1736 ἀποτάσσεσθαι

144 1751 185 1786 τῷ
204 1752 312 1787 Σατανᾷ
331 1753 377 1778 καὶ
402 1753 458 1784 τοῖς
480 1753 606 1787 ἀγγέλοις
622 1754 716 1787 αὑτοῦ,
729 1755 760 1781 ἐκ
778 1754 857 1786 ποίας
874 1755 932 1782 ἐστὶ

145 1800 271 1834 γραφῆς
289 1800 338 1826 οὐκ
358 1800 390 1827 ἐκ
402 1800 452 1835 τῆς
461 1800 657 1836 ἀδημοσιεύτου
672 1803 774 1838 ταύτης
787 1803 834 1829 καὶ
847 1804 933 1840 ἀπορσ

146 1845 229 1879 ῥήτου
258 1844 452 1878 διδασκαλίας,
480 1846 514 1881 ἣν
536 1846 565 1872 ἐν
587 1846 861 1884 ἀπολυπροιγμονήτῳ
884 1849 932 1877 καὶ

145 1890 357 1925 ἁπεριεργάστῳ
373 1892 435 1926 σιγῇ
450 1892 475 1917 οἱ
492 1892 609 1926 πατέρες
620 1894 697 1928 ἡμῶν
710 1894 866 1929 ego-.3115“;
883 1904 931 1922 κα-

144 1934 198 1965 λῶς
213 1935 301 1962 ἐκεῖνο
324 1935 520 1971 δεδιδαγμένοι,
537 1938 592 1964 τῶν
616 1940 773 1974 μυστηρίων
792 1940 826 1967 τὰ
844 1942 930 1976 σεμνά

145 1981 236 2016 σιωπῇ
258 1980 438 2013 διασώζεσθαι
454 1991 461 1997 ·
480 1982 498 2010 ἃ.
518 1984 572 2018 γὰρ
593 1984 653 2010 οὺδέ
667 1985 828 2012 ἐποπτεύειν
842 1987 929 2021 ἔξεστι

1123 299 1158 325 ad
1172 299 1274 326 beatum
1290 299 1500 334 Amphilochium
1513 299 1632 333 scripsit.

1019 374 1059 401 Ex
1078 375 1228 402 asservatis
1253 375 1279 402 in
1297 375 1416 403 Ecclesra
1433 375 1608 410 dogmatibus
1622 380 1652 403 et:
1672 377 1774 411 praedi-

983 418 1148 449 eationibus.
1166 418 1219 445 alia
1234 419 1342 453 quidem
1366 419 1500 447 habemus
1523 427 1538 447 e
1561 420 1689 448 doctrina
1704 421 1774 448 scri-

982 468 1029 498 pto
1052 463 1175 498 prodita;
1204 463 1256 490 alia
1285 471 1349 491 vero
1377 464 1496 492 nobisin
1516 466 1645 501 mysterio
1672 466 1774 494 tradita

983 507 1139 541 recepimus
1168 514 1201 534 ex
1227 507 1374 535 traditione
1409 509 1617 543 apostolorum:
1655 517 1774 545 quorum

983 557 1098 586 utraque
1119 552 1172 580 vim
1192 552 1315 580 eamdem
1339 553 1440 581 habent
1455 554 1487 581 ad
1506 555 1654 588 pietatem;
1673 563 1724 583 nec
1739 555 1773 584 iis

985 595 1132 630 quisquam
1148 596 1337 623 contradieet:
1359 597 1451 624 nullus
1472 602 1556 629 certe,
1572 599 1618 633 qui
1636 599 1677 626 vel
1699 600 1774 628 tenui

983 639 1153 673 experientia
1177 640 1285 667 noverit
1314 648 1375 675 qua:
1400 640 1455 668 sint
1479 640 1607 669 Ecclesiae
1634 642 1771 670 instituta.

982 683 1050 711 Nam
1080 685 1103 712 si
1129 686 1343 713 consuetudines
1363 694 1423 720 quae
1449 687 1552 722 script‘o
1577 688 1693 722 prodita:
1716 697 1773 716 non

982 734 1056 760 sunt.
1072 734 1202 765 tanquam
1216 731 1286 758 haud
1303 732 1419 758 multum
1436 732 1567 760 habentes
1583 734 1713 761 momenti
1727 742 1773 769 ag-

981 776 1139 810 grediamur
1164 777 1287 812 rejicere.
1319 778 1506 812 imprudentes
1532 779 1708 814 Evangelium
1742 781 1770 808 in

980 820 1048 855 ipsis
1065 821 1150 848 rebus
1166 822 1310 856 praecipuis
1334 823 1473 856 laedemus,
1497 824 1552 850 imo
1568 825 1659 859 porius
1679 825 1772 859 praedi.

980 866 1115 894 cationem
1140 867 1173 894 ad
1200 868 1303 895 nudum
1325 876 1424 896 nomen
1455 870 1661 898 contrahemus.
1686 869 1770 898 Verbi

981 910 1079 945 gratia.
1096 915 1126 937 ut
1143 910 1202 945 ejus
1224 912 1297 946 quod
1314 913 1431 946 primum
1455 918 1535 941 estet
1550 915 1771 948 Vulgatissimum

985 955 1073 989 primo
1096 955 1157 983 loco
1180 963 1410 985 commemorem:
1431 964 1460 985 ut
1476 959 1553 993 signo
1569 961 1659 987 crucis
1674 968 1706 987 eo
1723 962 1771 995 qui

985 1007 1060 1034 spem
1085 1001 1220 1028 collocant
1245 1002 1272 1029 in
1289 1002 1400 1031 Christo
1419 1003 1568 1039 signemus.
1590 1006 1653 1040 quis
1668 1007 1770 1041 scripto

984 1044 1094 1071 docuit?
1117 1044 1152 1072 Ut
1169 1046 1201 1073 ad
1222 1047 1352 1075 orientem
1372 1049 1444 1075 versi
1473 1056 1625 1082 precemur,
1643 1057 1704 1084 qua:
1719 1057 1769 1077 nos

984 1089 1076 1116 docuit
1089 1089 1230 1125 Scriptura
1241 1091 1252 1118 ?
1263 1091 1446 1120 lnvocationis
1458 1093 1540 1121 verba
1552 1101 1614 1121 cum
1625 1095 1770 1122 coniicitur

984 1136 1062 1170 panis
1087 1135 1268 1165 Eucharistiae
1284 1143 1311 1166 et
1333 1139 1461 1173 poculum
1478 1140 1686 1174 benedictionis,
1705 1141 1769 1175 quis

984 1185 1140 1208 sanctorum
1153 1181 1179 1208 in
1204 1183 1308 1217 scripto
1329 1184 1405 1211 nobis
1418 1184 1546 1219 reliquit?
1560 1184 1616 1213 Nec
1636 1187 1708 1213 enim
1726 1186 1769 1213 his

983 1227 1103 1253 contenti
1130 1235 1236 1261 sumus,
1260 1236 1319 1263 quae
1341 1234 1537 1257 commemorat
1551 1231 1696 1266 Apostolus
1722 1236 1771 1259 aut

984 1270 1172 1306 Evangelinm,
1188 1280 1281 1300 verum
1294 1274 1346 1301 alia
1366 1282 1476 1310 quoque
1492 1281 1519 1302 et
1533 1281 1596 1303 ante
1615 1281 1642 1303 et
1657 1282 1717 1310 post
1727 1277 1770 1304 di-

984 1317 1081 1349 cimus,
1097 1310 1224 1353 tanqu-am
1244 1320 1359 1347 multum
1374 1321 1498 1348 habentia
1515 1321 1644 1349 momenti
1664 1323 1697 1350 ad
1710 1330 1770 1358 my-

985 1363 1109 1395 sterium,
1133 1372 1193 1399 quae
1207 1372 1240 1391 ex
1260 1365 1405 1393 traditione
1421 1374 1473 1393 non
1489 1367 1588 1402 scripta
1603 1369 1768 1402 accepimus.

984 1405 1173 1446 Benedicimus
1185 1412 1275 1436 autem
1291 1413 1318 1436 et
1331 1417 1428 1443 aquatn
1444 1410 1623 1444 baptismatis,
1639 1416 1665 1438 et
1678 1411 1770 1438 oleum

984 1450 1131 1482 unctionis,
1157 1451 1212 1478 imo
1234 1451 1322 1486 ipsum
1347 1454 1428 1479 etiam
1444 1453 1490 1487 qui
1515 1453 1680 1487 baptismum
1696 1455 1771 1482 acci-

984 1493 1033 1527 pit.
1050 1493 1088 1519 Ex
1104 1494 1203 1528 quibus
1232 1495 1358 1530 scriptis?
1374 1496 1468 1524 Nonne
1480 1504 1495 1523 a
1514 1497 1595 1524 tacita
1611 1503 1771 1533 secretaque

987 1539 1039 1573 18
1061 1539 1227 1567 traditione?
1251 1540 1338 1576 Ipsam
1361 1549 1425 1569 vero
1439 1542 1491 1569 olei
1517 1544 1684 1576 unctionem,
1708 1545 1772 1579 quis

984 1591 1075 1611 sermo
1099 1586 1200 1621 scripto
1225 1587 1350 1622 proditus
1366 1588 1478 1615 docuit?
1497 1588 1556 1616 Jam
1578 1594 1620 1617 ter
1646 1590 1771 1625 immergi

986 1630 1134 1664 hominem,
1151 1633 1222 1660 unde
1234 1634 1384 1661 haustum?
1399 1634 1513 1670 Reliqua
1527 1640 1617 1663 autem
1627 1643 1688 1671 qua:
1702 1635 1772 1663 ﬁunt

985 1675 1012 1702 in
1029 1675 1176 1711 baptismo,
1195 1679 1277 1706 veluti
1310 1681 1468 1708 renuntiare
1492 1681 1599 1708 Satanae
1619 1686 1646 1709 et
1668 1683 1772 1717 angelis

985 1720 1056 1754 ejus,
1071 1729 1102 1748 ex
1115 1729 1169 1756 qua
1185 1724 1319 1758 scriptura
1337 1725 1489 1752 habemus?
1502 1726 1599 1753 Nonne
1609 1735 1642 1753 ex
1659 1727 1773 1754 minime

985 1766 1123 1799 publicata
1137 1773 1164 1794 et
1183 1775 1282 1796 arcana
1299 1770 1350 1797 hac
1366 1770 1502 1803 doctrina,
1514 1779 1596 1806 quam
1614 1777 1705 1806 patres
1721 1780 1772 1799 no-

985 1811 1032 1837 stri
1049 1812 1157 1839 silentio
1171 1814 1263 1848 quieto
1280 1815 1446 1851 minimeque
1469 1817 1580 1845 curioso
1606 1818 1773 1846 servarunt?

989 1855 1096 1892 Quippe
1118 1859 1183 1886 illud
1197 1861 1282 1894 probe
1302 1861 1464 1894 didicerant,
1481 1863 1675 1899 mysteriorum
1694 1872 1773 1891 reve-

985 1903 1100 1930 rentiam
1128 1905 1236 1933 silentio
1257 1907 1426 1934 conservari.
1439 1907 1506 1935 Nam
1522 1916 1582 1943 qua:
1609 1916 1659 1936 nec
1674 1909 1773 1936 intueri

985 1947 1026 1975 las
1038 1954 1079 1976 est
1096 1957 1150 1977 non
1164 1951 1291 1985 initiatis,
1306 1953 1352 1988 qui
1364 1954 1543 1982 conveniebat
1555 1955 1652 1982 horum
1672 1955 1774 1982 doctri-

983 2001 1045 2020 nam
1061 1995 1172 2030 scriptis
1188 1998 1314 2033 vulgari?

145 2028 203 2060 τοῖς
221 2028 365 2064 ἀμυήτοις,
383 2029 484 2057 τούτων
498 2031 556 2063 πῶς
567 2031 601 2058 ἂν
615 2029 649 2067 ἦν
664 2032 737 2064 εἰκὸς
744 2034 793 2068 τὴν
804 2035 978 2065 διδασκαλίαν
993 2028 1170 2076 θριαμὸεάειν
1181 2045 1209 2072 ἐν
1224 2028 1404 2080 γράμμασι-νς

410 2076 464 2103 Καὶ
487 2077 551 2111 μεθ’
571 2076 666 2111 ἔτερα.

182 2116 267 2152 Οὗτος
291 2122 305 2148 ὁ
319 2121 397 2155 λόγος
409 2123 458 2158 τῆς
482 2123 535 2149 τῶν
547 2123 680 2159 ἀγράφων
697 2126 883 2162 παραδόσεως,
894 2129 931 2162 ὡς

147 2166 186 2202 μὴ
214 2168 450 2203 καταμεληθεῖσαν
471 2169 525 2196 τῶν
542 2170 685 2206 δογμάτων
702 2172 752 2207 τὴν
771 2174 872 2207 γνῶσιν
887 2176 932 2202 εὑ-

1271 2090 1305 2117 Ει
1333 2096 1391 2125 post
1423 2092 1488 2120 alia.

1021 2133 1083 2161 Haec
1099 2138 1142 2162 est
1162 2135 1239 2166 ratio,
1257 2143 1307 2163 cur
1327 2137 1453 2171 quatdam
1479 2137 1548 2164 citra
1563 2138 1695 2173 scriptum
1715 2143 1772 2166 tra-

985 2177 1041 2205 dita
1058 2179 1124 2210 sint,
1146 2187 1180 2206 ne
1202 2180 1358 2215 dogmatum
1381 2182 1476 2208 notitia
1501 2183 1633 2217 neglecta,
1661 2189 1773 2219 propter

144 2213 352 2248 καταφρόνητον
364 2215 420 2245 τοῖς
435 2214 542 2246 πολλοῖς
564 2216 690 2249 γενέσθαι
709 2217 753 2244 διὰ
779 2219 932 2254 συνήθειαν.

987 2223 1190 2251 assuetudinem
1212 2213 1294 2260 vulgo
1312 2226 1416 2254 veniret
1435 2228 1460 2254 in
1479 2233 1674 2262 contemptum.
1691 2229 1773 2257 Aliud

147 2258 231 2284 Ἀλλο
256 2257 311 2294 γὰρ
331 2259 419 2295 δόγμα
438 2260 485 2287 καὶ
507 2261 571 2288 ἄλλο
595 2263 742 2298 κήρυγμα·
759 2264 793 2290 τὰ
814 2265 861 2300 μὲν
878 2267 931 2302 γὰρ

145 2304 270 2339 δόγματα
296 2306 450 2338 σιωπᾶται,
460 2306 495 2333 τὰ
511 2307 538 2333 δὲ
550 2308 716 2343 κηρύγματα
731 2309 932 2345 ὃημοσιεύεται.

146 2350 257 2384 Σιωπῆς
276 2350 304 2376 δὲ
321 2348 390 2382 εἶδος
410 2352 456 2378 καὶ
473 2353 490 2387 ἡ
505 2353 634 2387 ἀσάφεια,
683 2356 809 2392 χρῆταιὴ
827 2357 932 2393 Γρατὴ,

145 2395 336 2431 δυσθεώρητον
360 2399 606 2431 κατασκευάζουσα
639 2400 693 2426 τῶν
721 2401 865 2436 δογμάτων
887 2405 933 2430 τὴν

144 2440 220 2473 νοῦν,
235 2441 303 2476 πρὸς
319 2442 349 2469 τὺ
374 2443 428 2470 τῶν
440 2443 675 2480 ’ξένπυγχανόντων
700 2447 849 2478 λυσιτελές.
866 2449 933 2475 Τού⁴

144 2495 195 2513 του
217 2488 298 2523 χάριν
328 2489 429 2521 πάντες
445 2490 494 2524 μὲν
518 2490 625 2526 ὁρῶμεν
642 2492 703 2518 κατ’
726 2493 857 2525 ἀνατολὰς
887 2495 934 2520 ἐπὶ

139 2533 202 2573 τῶν
225 2535 384 2570 προσευχῶν
402 2544 409 2551 ·
428 2536 514 2571 ὀλίγοι
533 2537 562 2568 δὲ
579 2537 666 2573 ἴσμεν,
683 2538 723 2565 ὃτι
743 2540 791 2575 τὴν
817 2541 933 2576 ἀρχαίαν

144 2578 331 2614 ἐπιζητοῦμεν
351 2582 469 2617 πατρίδα
484 2582 530 2610 τὸν
547 2583 723 2619 παράδεισον,
738 2585 768 2612 ὃν
783 2587 933 2620 ἐφύτευσεν

142 2625 159 2651 ὁ
172 2624 239 2665 Θεὸς
255 2627 284 2652 ἐν
307 2626 388 2662 Ἐδὲμ
400 2628 470 2654 κατὰ.
482 2628 625 2661 ἀνατολάς.
638 2630 693 2657 Καὶ
708 2631 783 2666 ὀρθοὶ
802 2632 852 2667 μὲν
864 2633 933 2668 πλη-

146 2669 249 2706 ροῦμεν
266 2672 315 2703 τὰς
337 2673 419 2708 εὐχὰς
433 2675 462 2700 ἐν
481 2676 514 2710 τῇ
531 2676 580 2710 μιᾷ.
595 2676 643 2703 τοῦ
671 2677 820 2710 σαϐϐάτου,
833 2679 879 2705 τὸν
905 2679 933 2706 δὲ

144 2715 226 2750 λόγον
245 2717 276 2744 οὐ
292 2718 392 2750 πάντες
418 2719 538 2755 οἴδαμεν.
560 2721 598 2747 Οὐ
621 2722 675 2758 γὰρ
700 2723 781 2758 μόνον
802 2724 840 2755 ὡς
870 2733 933 2751 συν-

144 2763 312 2796 αναστάντες
327 2765 447 2801 Χριστῷ,
456 2767 545 2794 καὶτὰ
554 2768 610 2795 ἄνω
623 2769 716 2804 ζητεῖν
731 2770 893 2805 ὀφείλοντες,
905 2773 933 2799 ἐν

143 2808 180 2853 τῇ
207 2809 385 2846 ἀναστασίμῳ
400 2812 493 2848 ἡμέρᾳ
506 2813 558 2847 τῆς
576 2814 721 2850 δεδομένης
735 2817 800 2851 ἡμῖν
812 2818 932 2853 χάριτος,

145 2852 191 2878 διὰ
198 2854 246 2887 τῆς
254 2856 324 2882 κατὰ
332 2857 380 2890 τὴν
387 2858 542 2894 προσευχὴν
560 2859 692 2894 στάσεως,
703 2862 815 2895 ἑαυτοὺς
833 2852 934 2898 ὑπομι-

184 2911 207 2927 ³⁸
223 2911 291 2940 Gen.
308 2921 340 2946 II,
357 2923 384 2942 x.

985 2268 1078 2303 utique
1099 2273 1141 2296 est
1155 2270 1264 2305 dogma.
1286 2272 1358 2299 aliud
1378 2273 1542 2305 praedicatio.
1559 2273 1626 2301 Nam
1644 2275 1773 2310 dogmata

984 2314 1110 2347 silentur,
1127 2317 1337 2350 praedicationes
1356 2326 1421 2345 vero
1447 2319 1630 2353 publicantur.
1649 2321 1698 2348 Est
1724 2330 1773 2352 an-

984 2365 1038 2387 tem
1065 2361 1166 2388 silcntii
1192 2363 1299 2396 species
1322 2363 1404 2390 etiam
1428 2365 1583 2393 obscuritas
1607 2374 1659 2401 qua
1686 2368 1774 2395 utitur

985 2404 1137 2440 Scriptura,
1176 2407 1311 2435 intellectu
1345 2409 1482 2436 dillicilem
1511 2411 1629 2439 reddens
1661 2413 1774 2448 dogma-

985 2456 1041 2478 tnm
1067 2453 1242 2485 sententiam,
1271 2454 1352 2489 idque
1378 2454 1412 2482 ad
1442 2456 1588 2492 legentium
1615 2459 1771 2487 utilitatem.

984 2495 1061 2524 lianc
1085 2498 1120 2525 ob
1147 2505 1260 2525 causam
1280 2506 1374 2527 omnes
1395 2505 1552 2535 spectamus
1569 2503 1602 2530 ad
1618 2504 1749 2532 orientem
1764 2524 1773 2536 .

984 2550 1045 2571 cum
1071 2551 1225 2578 precamur,
1257 2546 1337 2580 pauci
1366 2551 1456 2575 tamen
1481 2549 1618 2582 novimus,
1646 2552 1718 2585 quod
1745 2551 1773 2578 id

984 2588 1117 2617 facientes
1138 2591 1279 2626 antiquam
1308 2593 1477 2628 requirimus
1497 2596 1623 2630 patriam,
1648 2597 1775 2625 videlicet

984 2635 1152 2669 paradisum,
1166 2643 1246 2670 quem
1260 2638 1391 2673 plantavit
1405 2639 1479 2668 Deus
1492 2641 1518 2669 in
1533 2642 1607 2670 Eden
1627 2643 1660 2670 ad
1683 2644 1775 2678 orien~

984 2686 1037 2708 lem
1063 2682 1095 2708 ".
1115 2683 1204 2710 Erecti
1230 2683 1322 2711 itidem
1343 2686 1501 2721 perlicimus
1526 2689 1730 2724 deprecationes
1745 2690 1772 2717 in

985 2735 1039 2754 una
1056 2727 1180 2762 Sabbati,
1207 2730 1254 2757 sed
1279 2731 1412 2760 rationem
1440 2741 1493 2761 non
1510 2741 1607 2762 omnes
1636 2735 1773 2764 novimus.

984 2772 1044 2800 Non
1073 2774 1144 2800 enim
1173 2775 1261 2803 solum
1287 2778 1360 2812 quod
1376 2779 1458 2806 veluti
1479 2780 1560 2808 simul
1587 2788 1649 2808 cum
1665 2780 1776 2810 Christo

985 2819 1152 2852 resnseitati.
1171 2828 1231 2856 quae
1255 2830 1364 2851 sursum
1386 2830 1450 2852 sunt
1475 2833 1599 2861 quaerere
1613 2827 1774 2862 debeamus,

986 2865 1014 2892 in
1044 2865 1089 2894 die
1118 2868 1328 2896 resurrectionis
1355 2869 1424 2898 datae
1449 2872 1527 2900 nobis
1556 2874 1650 2908 gratiae
1677 2875 1776 2903 stando
