  <div class='ocr_page' id='page_1' title='image "/cluster/home/n/w/nwhite01/storage/ocr_20150623/104/njp.32101077772885/237.png"; bbox 0 0 1960 3076; ppageno 0'>
   <div class='ocr_carea' id='block_1_1' title="bbox 189 200 242 234">
    <p class='ocr_par' dir='ltr' id='par_1_1' title="bbox 189 200 242 234">
     <span class='ocr_line' id='line_1_1' title="bbox 189 200 242 234; baseline 0 0"><span class='ocrx_word' id='word_1_1' title='bbox 189 200 242 234; x_wconf 76' lang='grc'><strong>463</strong></span> 
     </span>
    </p>
   </div>
   <div class='ocr_carea' id='block_1_2' title="bbox 761 200 1225 246">
    <p class='ocr_par' dir='ltr' id='par_1_2' title="bbox 761 200 1225 246">
     <span class='ocr_line' id='line_1_2' title="bbox 761 200 1225 246; baseline -0.002 -15"><span class='ocrx_word' id='word_1_2' title='bbox 761 200 891 231; x_wconf 79' lang='grc' dir='ltr'><strong>ΡΗΟΤΙΙ</strong></span> <span class='ocrx_word' id='word_1_3' title='bbox 907 200 1160 246; x_wconf 60' lang='grc' dir='ltr'><strong>ΡΑΤΒῙᾼΒΟΗΛΕ</strong></span> <span class='ocrx_word' id='word_1_4' title='bbox 1172 201 1225 231; x_wconf 89' lang='lat' dir='ltr'><strong>CP.</strong></span> 
     </span>
    </p>
   </div>
   <div class='ocr_carea' id='block_1_3' title="bbox 1763 201 1816 233">
    <p class='ocr_par' dir='ltr' id='par_1_3' title="bbox 1763 201 1816 233">
     <span class='ocr_line' id='line_1_3' title="bbox 1763 201 1816 233; baseline 0.019 -1"><span class='ocrx_word' id='word_1_5' title='bbox 1763 201 1816 233; x_wconf 66' lang='grc'><strong>463,</strong></span> 
     </span>
    </p>
   </div>
   <div class='ocr_carea' id='block_1_4' title="bbox 188 253 972 291">
    <p class='ocr_par' dir='ltr' id='par_1_4' title="bbox 188 255 972 291">
     <span class='ocr_line' id='line_1_4' title="bbox 188 255 972 291; baseline 0 -9"><span class='ocrx_word' id='word_1_6' title='bbox 188 260 332 291; x_wconf 77' lang='lat' dir='ltr'><strong>precantes</strong></span> <span class='ocrx_word' id='word_1_7' title='bbox 347 255 530 291; x_wconf 67' lang='lat' dir='ltr'><strong>nosmetipsos</strong></span> <span class='ocrx_word' id='word_1_8' title='bbox 543 255 803 283; x_wconf 81' lang='lat' dir='ltr'><strong>eommonel‘acimus</strong></span> <span class='ocrx_word' id='word_1_9' title='bbox 814 276 820 287; x_wconf 87' lang='lat'>.</span> <span class='ocrx_word' id='word_1_10' title='bbox 841 256 887 284; x_wconf 87' lang='lat' dir='ltr'><strong>sed</strong></span> <span class='ocrx_word' id='word_1_11' title='bbox 904 256 972 291; x_wconf 88' lang='lat' dir='ltr'><strong>quod</strong></span> 
     </span>
    </p>
   </div>
   <div class='ocr_carea' id='block_1_5' title="bbox 1024 253 1817 291">
    <p class='ocr_par' dir='ltr' id='par_1_5' title="bbox 1032 253 1817 291">
     <span class='ocr_line' id='line_1_5' title="bbox 1032 253 1817 291; baseline 0.003 -10"><span class='ocrx_word' id='word_1_12' title='bbox 1032 255 1203 290; x_wconf 80' lang='grc' dir='ltr'>μνήσκομεν,</span> <span class='ocrx_word' id='word_1_13' title='bbox 1218 254 1275 281; x_wconf 85' lang='grc' dir='ltr'>ἀλλ’</span> <span class='ocrx_word' id='word_1_14' title='bbox 1297 253 1338 281; x_wconf 80' lang='grc' dir='ltr'><strong>ὅτι</strong></span> <span class='ocrx_word' id='word_1_15' title='bbox 1365 254 1440 281; x_wconf 85' lang='grc' dir='ltr'>δοκεῖ</span> <span class='ocrx_word' id='word_1_16' title='bbox 1454 263 1513 287; x_wconf 83' lang='grc' dir='ltr'><strong>πως</strong></span> <span class='ocrx_word' id='word_1_17' title='bbox 1526 255 1572 282; x_wconf 84' lang='grc' dir='ltr'>τοῦ</span> <span class='ocrx_word' id='word_1_18' title='bbox 1591 255 1817 291; x_wconf 79' lang='grc' dir='ltr'>προσδοκωμένου</span> 
     </span>
    </p>
   </div>
   <div class='ocr_carea' id='block_1_6' title="bbox 190 301 976 336">
    <p class='ocr_par' dir='ltr' id='par_1_6' title="bbox 190 301 976 336">
     <span class='ocr_line' id='line_1_6' title="bbox 190 301 976 336; baseline 0.001 -8"><span class='ocrx_word' id='word_1_19' title='bbox 190 303 213 329; x_wconf 98' lang='lat' dir='ltr'><strong>is</strong></span> <span class='ocrx_word' id='word_1_20' title='bbox 226 301 285 329; x_wconf 83' lang='lat' dir='ltr'><strong>dies</strong></span> <span class='ocrx_word' id='word_1_21' title='bbox 313 301 437 328; x_wconf 81' lang='lat' dir='ltr'><strong>videatur</strong></span> <span class='ocrx_word' id='word_1_22' title='bbox 450 301 541 336; x_wconf 89' lang='lat' dir='ltr'><strong>aliquo</strong></span> <span class='ocrx_word' id='word_1_23' title='bbox 553 301 632 329; x_wconf 89' lang='lat' dir='ltr'><strong>modo</strong></span> <span class='ocrx_word' id='word_1_24' title='bbox 651 301 740 336; x_wconf 80' lang='lat' dir='ltr'><strong>imago</strong></span> <span class='ocrx_word' id='word_1_25' title='bbox 754 301 859 329; x_wconf 87' lang='lat' dir='ltr'><strong>venturi</strong></span> <span class='ocrx_word' id='word_1_26' title='bbox 874 301 976 329; x_wconf 62' lang='lat' dir='ltr'><strong>saeculi.</strong></span> 
     </span>
    </p>
   </div>
   <div class='ocr_carea' id='block_1_7' title="bbox 195 347 976 382">
    <p class='ocr_par' dir='ltr' id='par_1_7' title="bbox 195 347 976 382">
     <span class='ocr_line' id='line_1_7' title="bbox 195 347 976 382; baseline 0 -8"><span class='ocrx_word' id='word_1_27' title='bbox 195 347 286 381; x_wconf 79' lang='lat' dir='ltr'><strong>quue</strong></span> <span class='ocrx_word' id='word_1_28' title='bbox 308 354 370 374; x_wconf 89' lang='lat' dir='ltr'><strong>cum</strong></span> <span class='ocrx_word' id='word_1_29' title='bbox 389 347 425 373; x_wconf 93' lang='lat' dir='ltr'><strong>sit</strong></span> <span class='ocrx_word' id='word_1_30' title='bbox 443 347 607 382; x_wconf 85' lang='lat' dir='ltr'><strong>principium</strong></span> <span class='ocrx_word' id='word_1_31' title='bbox 624 347 741 380; x_wconf 87' lang='lat' dir='ltr'><strong>dierum,</strong></span> <span class='ocrx_word' id='word_1_32' title='bbox 760 354 815 374; x_wconf 89' lang='lat' dir='ltr'><strong>non</strong></span> <span class='ocrx_word' id='word_1_33' title='bbox 833 347 938 381; x_wconf 87' lang='lat' dir='ltr'><strong>primus</strong></span> <span class='ocrx_word' id='word_1_34' title='bbox 962 355 976 374; x_wconf 88' lang='lat' dir='ltr'><strong>a</strong></span> 
     </span>
    </p>
   </div>
   <div class='ocr_carea' id='block_1_8' title="bbox 190 391 978 428">
    <p class='ocr_par' dir='ltr' id='par_1_8' title="bbox 190 391 978 428">
     <span class='ocr_line' id='line_1_8' title="bbox 190 391 978 428; baseline -0.004 -7"><span class='ocrx_word' id='word_1_35' title='bbox 190 394 291 428; x_wconf 78' lang='lat' dir='ltr'><strong>Moyse,</strong></span> <span class='ocrx_word' id='word_1_36' title='bbox 309 393 356 420; x_wconf 83' lang='lat' dir='ltr'><strong>sed</strong></span> <span class='ocrx_word' id='word_1_37' title='bbox 369 400 440 420; x_wconf 91' lang='lat' dir='ltr'><strong>unus</strong></span> <span class='ocrx_word' id='word_1_38' title='bbox 453 393 604 427; x_wconf 84' lang='lat' dir='ltr'><strong>appellatus</strong></span> <span class='ocrx_word' id='word_1_39' title='bbox 619 397 670 419; x_wconf 89' lang='lat' dir='ltr'><strong>est.</strong></span> <span class='ocrx_word' id='word_1_40' title='bbox 687 391 772 418; x_wconf 85' lang='lat' dir='ltr'><strong>Facta</strong></span> <span class='ocrx_word' id='word_1_41' title='bbox 786 396 823 418; x_wconf 78' lang='lat' dir='ltr'><strong>est</strong></span> <span class='ocrx_word' id='word_1_42' title='bbox 836 392 915 425; x_wconf 86' lang='lat' dir='ltr'><strong>enim,</strong></span> <span class='ocrx_word' id='word_1_43' title='bbox 937 392 978 418; x_wconf 78' lang='lat' dir='ltr'><strong>iu-</strong></span> 
     </span>
    </p>
   </div>
   <div class='ocr_carea' id='block_1_9' title="bbox 189 437 975 475">
    <p class='ocr_par' dir='ltr' id='par_1_9' title="bbox 189 437 975 475">
     <span class='ocr_line' id='line_1_9' title="bbox 189 437 975 475; baseline -0.004 -8"><span class='ocrx_word' id='word_1_44' title='bbox 189 441 258 475; x_wconf 84' lang='lat' dir='ltr'><strong>quit.</strong></span> <span class='ocrx_word' id='word_1_45' title='bbox 267 447 384 474; x_wconf 71' lang='lat' dir='ltr'><strong>vespera,</strong></span> <span class='ocrx_word' id='word_1_46' title='bbox 398 443 421 466; x_wconf 87' lang='lat' dir='ltr'><strong>et</strong></span> <span class='ocrx_word' id='word_1_47' title='bbox 432 439 530 473; x_wconf 79' lang='lat' dir='ltr'><strong>factum</strong></span> <span class='ocrx_word' id='word_1_48' title='bbox 540 443 578 465; x_wconf 77' lang='lat' dir='ltr'><strong>est</strong></span> <span class='ocrx_word' id='word_1_49' title='bbox 590 438 642 473; x_wconf 77' lang='lat'><strong>19</strong></span> <span class='ocrx_word' id='word_1_50' title='bbox 654 447 740 469; x_wconf 84' lang='lat' dir='ltr'><strong>mane,</strong></span> <span class='ocrx_word' id='word_1_51' title='bbox 750 437 804 464; x_wconf 80' lang='lat' dir='ltr'><strong>dies</strong></span> <span class='ocrx_word' id='word_1_52' title='bbox 821 446 889 465; x_wconf 78' lang='lat' dir='ltr'><strong>unus</strong></span> <span class='ocrx_word' id='word_1_53' title='bbox 899 438 975 464; x_wconf 77' lang='lat' dir='ltr'><strong>&quot;-&quot;z</strong></span> 
     </span>
    </p>
   </div>
   <div class='ocr_carea' id='block_1_10' title="bbox 189 483 976 520">
    <p class='ocr_par' dir='ltr' id='par_1_10' title="bbox 189 483 976 520">
     <span class='ocr_line' id='line_1_10' title="bbox 189 483 976 520; baseline -0.004 -7"><span class='ocrx_word' id='word_1_54' title='bbox 189 490 319 520; x_wconf 90' lang='lat' dir='ltr'><strong>tanquam</strong></span> <span class='ocrx_word' id='word_1_55' title='bbox 340 484 386 520; x_wconf 89' lang='lat' dir='ltr'><strong>qui</strong></span> <span class='ocrx_word' id='word_1_56' title='bbox 413 492 484 519; x_wconf 76' lang='lat' dir='ltr'><strong>saepe</strong></span> <span class='ocrx_word' id='word_1_57' title='bbox 501 489 636 512; x_wconf 74' lang='lat' dir='ltr'><strong>recurrat.</strong></span> <span class='ocrx_word' id='word_1_58' title='bbox 658 483 742 518; x_wconf 78' lang='lat' dir='ltr'><strong>igitur</strong></span> <span class='ocrx_word' id='word_1_59' title='bbox 755 491 824 511; x_wconf 90' lang='lat' dir='ltr'><strong>unus</strong></span> <span class='ocrx_word' id='word_1_60' title='bbox 839 488 882 511; x_wconf 90' lang='lat' dir='ltr'><strong>est</strong></span> <span class='ocrx_word' id='word_1_61' title='bbox 906 483 976 511; x_wconf 91' lang='lat' dir='ltr'><strong>idem</strong></span> 
     </span>
    </p>
   </div>
   <div class='ocr_carea' id='block_1_11' title="bbox 189 530 978 565">
    <p class='ocr_par' dir='ltr' id='par_1_11' title="bbox 189 530 978 565">
     <span class='ocr_line' id='line_1_11' title="bbox 189 530 978 565; baseline -0.003 -7"><span class='ocrx_word' id='word_1_62' title='bbox 189 535 217 558; x_wconf 88' lang='lat' dir='ltr'><strong>et</strong></span> <span class='ocrx_word' id='word_1_63' title='bbox 229 535 353 562; x_wconf 84' lang='lat' dir='ltr'><strong>octavus,</strong></span> <span class='ocrx_word' id='word_1_64' title='bbox 371 537 454 557; x_wconf 89' lang='lat' dir='ltr'><strong>unum</strong></span> <span class='ocrx_word' id='word_1_65' title='bbox 479 530 555 557; x_wconf 92' lang='lat' dir='ltr'><strong>illum</strong></span> <span class='ocrx_word' id='word_1_66' title='bbox 582 530 748 565; x_wconf 79' lang='lat' dir='ltr'><strong>singularem</strong></span> <span class='ocrx_word' id='word_1_67' title='bbox 764 537 797 557; x_wconf 90' lang='lat' dir='ltr'><strong>ac</strong></span> <span class='ocrx_word' id='word_1_68' title='bbox 816 537 912 557; x_wconf 86' lang='lat' dir='ltr'><strong>verum</strong></span> <span class='ocrx_word' id='word_1_69' title='bbox 934 537 978 556; x_wconf 86' lang='lat' dir='ltr'><strong>oc-</strong></span> 
     </span>
    </p>
   </div>
   <div class='ocr_carea' id='block_1_12' title="bbox 190 575 977 611">
    <p class='ocr_par' dir='ltr' id='par_1_12' title="bbox 190 575 977 611">
     <span class='ocr_line' id='line_1_12' title="bbox 190 575 977 611; baseline -0.004 -6"><span class='ocrx_word' id='word_1_70' title='bbox 190 582 292 610; x_wconf 88' lang='lat' dir='ltr'><strong>tavum,</strong></span> <span class='ocrx_word' id='word_1_71' title='bbox 315 577 394 611; x_wconf 85' lang='lat' dir='ltr'><strong>cujus</strong></span> <span class='ocrx_word' id='word_1_72' title='bbox 411 581 438 603; x_wconf 86' lang='lat' dir='ltr'><strong>et</strong></span> <span class='ocrx_word' id='word_1_73' title='bbox 466 576 606 611; x_wconf 84' lang='lat' dir='ltr'><strong>psalmista</strong></span> <span class='ocrx_word' id='word_1_74' title='bbox 631 576 658 603; x_wconf 90' lang='lat' dir='ltr'><strong>in</strong></span> <span class='ocrx_word' id='word_1_75' title='bbox 674 576 835 610; x_wconf 87' lang='lat' dir='ltr'><strong>quibusdam</strong></span> <span class='ocrx_word' id='word_1_76' title='bbox 858 575 977 610; x_wconf 80' lang='lat' dir='ltr'><strong>psalmo-</strong></span> 
     </span>
    </p>
   </div>
   <div class='ocr_carea' id='block_1_13' title="bbox 189 621 975 657">
    <p class='ocr_par' dir='ltr' id='par_1_13' title="bbox 189 621 975 657">
     <span class='ocr_line' id='line_1_13' title="bbox 189 621 975 657; baseline -0.003 -7"><span class='ocrx_word' id='word_1_77' title='bbox 189 631 248 651; x_wconf 93' lang='lat' dir='ltr'><strong>rum</strong></span> <span class='ocrx_word' id='word_1_78' title='bbox 264 622 491 657; x_wconf 77' lang='lat' dir='ltr'><strong>inscriptionibus</strong></span> <span class='ocrx_word' id='word_1_79' title='bbox 509 622 633 649; x_wconf 88' lang='lat' dir='ltr'><strong>meminit</strong></span> <span class='ocrx_word' id='word_1_80' title='bbox 648 622 685 653; x_wconf 75' lang='lat'><strong>&quot;.</strong></span> <span class='ocrx_word' id='word_1_81' title='bbox 698 629 746 656; x_wconf 88' lang='lat' dir='ltr'><strong>per</strong></span> <span class='ocrx_word' id='word_1_82' title='bbox 762 629 791 648; x_wconf 90' lang='lat' dir='ltr'><strong>se</strong></span> <span class='ocrx_word' id='word_1_83' title='bbox 807 621 975 656; x_wconf 79' lang='lat' dir='ltr'><strong>signiﬁcans,</strong></span> 
     </span>
    </p>
   </div>
   <div class='ocr_carea' id='block_1_14' title="bbox 188 667 976 702">
    <p class='ocr_par' dir='ltr' id='par_1_14' title="bbox 188 667 976 702">
     <span class='ocr_line' id='line_1_14' title="bbox 188 667 976 702; baseline -0.003 -6"><span class='ocrx_word' id='word_1_84' title='bbox 188 673 286 696; x_wconf 87' lang='lat' dir='ltr'><strong>statum</strong></span> <span class='ocrx_word' id='word_1_85' title='bbox 326 667 454 696; x_wconf 82' lang='lat' dir='ltr'><strong>videlicet</strong></span> <span class='ocrx_word' id='word_1_86' title='bbox 486 668 538 695; x_wconf 91' lang='lat' dir='ltr'><strong>hoc</strong></span> <span class='ocrx_word' id='word_1_87' title='bbox 573 673 680 702; x_wconf 83' lang='lat' dir='ltr'><strong>tempus</strong></span> <span class='ocrx_word' id='word_1_88' title='bbox 707 672 877 697; x_wconf 86' lang='lat' dir='ltr'><strong>secuturum.</strong></span> <span class='ocrx_word' id='word_1_89' title='bbox 904 667 976 694; x_wconf 87' lang='lat' dir='ltr'><strong>diem</strong></span> 
     </span>
    </p>
   </div>
   <div class='ocr_carea' id='block_1_15' title="bbox 190 712 978 747">
    <p class='ocr_par' dir='ltr' id='par_1_15' title="bbox 190 712 978 747">
     <span class='ocr_line' id='line_1_15' title="bbox 190 712 978 747; baseline -0.003 -6"><span class='ocrx_word' id='word_1_90' title='bbox 190 723 244 741; x_wconf 88' lang='lat' dir='ltr'><strong>non</strong></span> <span class='ocrx_word' id='word_1_91' title='bbox 268 714 432 744; x_wconf 85' lang='lat' dir='ltr'><strong>desiturum,</strong></span> <span class='ocrx_word' id='word_1_92' title='bbox 454 721 573 747; x_wconf 59' lang='lat' dir='ltr'><strong>vesperae</strong></span> <span class='ocrx_word' id='word_1_93' title='bbox 589 713 723 745; x_wconf 86' lang='lat' dir='ltr'><strong>nescium,</strong></span> <span class='ocrx_word' id='word_1_94' title='bbox 750 712 918 740; x_wconf 87' lang='lat' dir='ltr'><strong>successoris</strong></span> <span class='ocrx_word' id='word_1_95' title='bbox 929 720 978 739; x_wconf 73' lang='lat' dir='ltr'><strong>ex-</strong></span> 
     </span>
    </p>
   </div>
   <div class='ocr_carea' id='block_1_16' title="bbox 188 756 977 793">
    <p class='ocr_par' dir='ltr' id='par_1_16' title="bbox 188 756 977 793">
     <span class='ocr_line' id='line_1_16' title="bbox 188 756 977 793; baseline -0.004 -8"><span class='ocrx_word' id='word_1_96' title='bbox 188 763 303 793; x_wconf 86' lang='lat' dir='ltr'><strong>pertem,</strong></span> <span class='ocrx_word' id='word_1_97' title='bbox 326 765 412 785; x_wconf 82' lang='lat' dir='ltr'><strong>aevum</strong></span> <span class='ocrx_word' id='word_1_98' title='bbox 438 757 503 784; x_wconf 90' lang='lat' dir='ltr'><strong>illml</strong></span> <span class='ocrx_word' id='word_1_99' title='bbox 525 764 664 791; x_wconf 87' lang='lat' dir='ltr'><strong>nunquam</strong></span> <span class='ocrx_word' id='word_1_100' title='bbox 684 756 833 783; x_wconf 79' lang='lat' dir='ltr'><strong>ﬁniendum</strong></span> <span class='ocrx_word' id='word_1_101' title='bbox 859 763 909 784; x_wconf 89' lang='lat' dir='ltr'><strong>nec</strong></span> <span class='ocrx_word' id='word_1_102' title='bbox 927 764 977 783; x_wconf 88' lang='lat' dir='ltr'><strong>un-</strong></span> 
     </span>
    </p>
   </div>
   <div class='ocr_carea' id='block_1_17' title="bbox 188 801 976 839">
    <p class='ocr_par' dir='ltr' id='par_1_17' title="bbox 188 801 976 839">
     <span class='ocr_line' id='line_1_17' title="bbox 188 801 976 839; baseline -0.003 -8"><span class='ocrx_word' id='word_1_103' title='bbox 188 812 270 839; x_wconf 89' lang='lat' dir='ltr'><strong>quam</strong></span> <span class='ocrx_word' id='word_1_104' title='bbox 287 811 445 831; x_wconf 83' lang='lat' dir='ltr'><strong>senescens.</strong></span> <span class='ocrx_word' id='word_1_105' title='bbox 469 803 631 831; x_wconf 88' lang='lat' dir='ltr'><strong>Necessario</strong></span> <span class='ocrx_word' id='word_1_106' title='bbox 646 803 727 837; x_wconf 73' lang='lat' dir='ltr'><strong>igitur</strong></span> <span class='ocrx_word' id='word_1_107' title='bbox 743 803 770 830; x_wconf 90' lang='lat' dir='ltr'><strong>in</strong></span> <span class='ocrx_word' id='word_1_108' title='bbox 786 803 838 830; x_wconf 90' lang='lat' dir='ltr'><strong>hoc</strong></span> <span class='ocrx_word' id='word_1_109' title='bbox 856 802 900 830; x_wconf 85' lang='lat' dir='ltr'><strong>die</strong></span> <span class='ocrx_word' id='word_1_110' title='bbox 926 801 976 829; x_wconf 83' lang='lat' dir='ltr'><strong>Ec-</strong></span> 
     </span>
    </p>
   </div>
   <div class='ocr_carea' id='block_1_18' title="bbox 188 848 976 884">
    <p class='ocr_par' dir='ltr' id='par_1_18' title="bbox 188 848 976 884">
     <span class='ocr_line' id='line_1_18' title="bbox 188 848 976 884; baseline -0.003 -7"><span class='ocrx_word' id='word_1_111' title='bbox 188 849 269 877; x_wconf 85' lang='lat' dir='ltr'><strong>clesia</strong></span> <span class='ocrx_word' id='word_1_112' title='bbox 296 856 361 877; x_wconf 88' lang='lat' dir='ltr'><strong>suos</strong></span> <span class='ocrx_word' id='word_1_113' title='bbox 389 850 515 876; x_wconf 87' lang='lat' dir='ltr'><strong>alumnos</strong></span> <span class='ocrx_word' id='word_1_114' title='bbox 541 849 621 876; x_wconf 83' lang='lat' dir='ltr'><strong>docet</strong></span> <span class='ocrx_word' id='word_1_115' title='bbox 645 857 740 884; x_wconf 87' lang='lat' dir='ltr'><strong>preces</strong></span> <span class='ocrx_word' id='word_1_116' title='bbox 781 856 845 876; x_wconf 88' lang='lat' dir='ltr'><strong>suas</strong></span> <span class='ocrx_word' id='word_1_117' title='bbox 878 848 976 876; x_wconf 89' lang='lat' dir='ltr'><strong>stando</strong></span> 
     </span>
    </p>
   </div>
   <div class='ocr_carea' id='block_1_19' title="bbox 188 895 976 928">
    <p class='ocr_par' dir='ltr' id='par_1_19' title="bbox 188 895 976 928">
     <span class='ocr_line' id='line_1_19' title="bbox 188 895 976 928; baseline -0.003 -4"><span class='ocrx_word' id='word_1_118' title='bbox 188 896 341 927; x_wconf 82' lang='lat' dir='ltr'><strong>absolvere,</strong></span> <span class='ocrx_word' id='word_1_119' title='bbox 367 900 407 928; x_wconf 91' lang='lat' dir='ltr'><strong>ut,</strong></span> <span class='ocrx_word' id='word_1_120' title='bbox 427 896 538 923; x_wconf 90' lang='lat' dir='ltr'><strong>assidua</strong></span> <span class='ocrx_word' id='word_1_121' title='bbox 566 895 780 923; x_wconf 86' lang='lat' dir='ltr'><strong>eommonitione</strong></span> <span class='ocrx_word' id='word_1_122' title='bbox 807 895 869 922; x_wconf 64' lang='lat' dir='ltr'><strong>vita:</strong></span> <span class='ocrx_word' id='word_1_123' title='bbox 903 895 976 922; x_wconf 88' lang='lat' dir='ltr'><strong>illius</strong></span> 
     </span>
    </p>
   </div>
   <div class='ocr_carea' id='block_1_20' title="bbox 188 942 975 978">
    <p class='ocr_par' dir='ltr' id='par_1_20' title="bbox 188 942 975 978">
     <span class='ocr_line' id='line_1_20' title="bbox 188 942 975 978; baseline -0.003 -8"><span class='ocrx_word' id='word_1_124' title='bbox 188 950 327 978; x_wconf 84' lang='lat' dir='ltr'><strong>nunquam</strong></span> <span class='ocrx_word' id='word_1_125' title='bbox 343 942 481 975; x_wconf 66' lang='lat' dir='ltr'><strong>desiturae,</strong></span> <span class='ocrx_word' id='word_1_126' title='bbox 503 949 557 969; x_wconf 90' lang='lat' dir='ltr'><strong>non</strong></span> <span class='ocrx_word' id='word_1_127' title='bbox 573 942 742 976; x_wconf 77' lang='lat' dir='ltr'><strong>negligamus</strong></span> <span class='ocrx_word' id='word_1_128' title='bbox 758 942 790 969; x_wconf 89' lang='lat' dir='ltr'><strong>ad</strong></span> <span class='ocrx_word' id='word_1_129' title='bbox 811 950 871 969; x_wconf 79' lang='lat' dir='ltr'><strong>eam</strong></span> <span class='ocrx_word' id='word_1_130' title='bbox 888 942 975 969; x_wconf 90' lang='lat' dir='ltr'><strong>demi—</strong></span> 
     </span>
    </p>
   </div>
   <div class='ocr_carea' id='block_1_21' title="bbox 187 987 974 1025">
    <p class='ocr_par' dir='ltr' id='par_1_21' title="bbox 187 987 974 1025">
     <span class='ocr_line' id='line_1_21' title="bbox 187 987 974 1025; baseline 0 -10"><span class='ocrx_word' id='word_1_131' title='bbox 187 989 338 1025; x_wconf 73' lang='lat' dir='ltr'><strong>grationem</strong></span> <span class='ocrx_word' id='word_1_132' title='bbox 368 996 465 1023; x_wconf 84' lang='lat' dir='ltr'><strong>parare</strong></span> <span class='ocrx_word' id='word_1_133' title='bbox 489 987 630 1015; x_wconf 87' lang='lat' dir='ltr'><strong>viaticum.</strong></span> <span class='ocrx_word' id='word_1_134' title='bbox 652 987 723 1021; x_wconf 86' lang='lat' dir='ltr'><strong>Quin</strong></span> <span class='ocrx_word' id='word_1_135' title='bbox 748 993 774 1015; x_wconf 87' lang='lat' dir='ltr'><strong>et</strong></span> <span class='ocrx_word' id='word_1_136' title='bbox 803 993 888 1015; x_wconf 90' lang='lat' dir='ltr'><strong>totum</strong></span> <span class='ocrx_word' id='word_1_137' title='bbox 909 988 974 1015; x_wconf 90' lang='lat' dir='ltr'><strong>illud</strong></span> 
     </span>
    </p>
   </div>
   <div class='ocr_carea' id='block_1_22' title="bbox 187 1032 976 1069">
    <p class='ocr_par' dir='ltr' id='par_1_22' title="bbox 187 1032 976 1069">
     <span class='ocr_line' id='line_1_22' title="bbox 187 1032 976 1069; baseline 0.001 -10"><span class='ocrx_word' id='word_1_138' title='bbox 187 1033 384 1069; x_wconf 79' lang='lat' dir='ltr'><strong>quinquaginta</strong></span> <span class='ocrx_word' id='word_1_139' title='bbox 411 1033 516 1060; x_wconf 89' lang='lat' dir='ltr'><strong>dierum</strong></span> <span class='ocrx_word' id='word_1_140' title='bbox 537 1036 644 1067; x_wconf 84' lang='lat' dir='ltr'><strong>tempus</strong></span> <span class='ocrx_word' id='word_1_141' title='bbox 660 1032 812 1060; x_wconf 85' lang='lat' dir='ltr'><strong>admonitio</strong></span> <span class='ocrx_word' id='word_1_142' title='bbox 827 1037 870 1060; x_wconf 87' lang='lat' dir='ltr'><strong>est</strong></span> <span class='ocrx_word' id='word_1_143' title='bbox 883 1040 976 1060; x_wconf 85' lang='lat' dir='ltr'><strong>resur-</strong></span> 
     </span>
    </p>
   </div>
   <div class='ocr_carea' id='block_1_23' title="bbox 187 1079 974 1114">
    <p class='ocr_par' dir='ltr' id='par_1_23' title="bbox 187 1079 974 1114">
     <span class='ocr_line' id='line_1_23' title="bbox 187 1079 974 1114; baseline 0.001 -8"><span class='ocrx_word' id='word_1_144' title='bbox 187 1080 326 1112; x_wconf 78' lang='lat' dir='ltr'><strong>rectiOnis,</strong></span> <span class='ocrx_word' id='word_1_145' title='bbox 355 1087 437 1114; x_wconf 82' lang='lat' dir='ltr'><strong>quam</strong></span> <span class='ocrx_word' id='word_1_146' title='bbox 468 1079 495 1106; x_wconf 93' lang='lat' dir='ltr'><strong>in</strong></span> <span class='ocrx_word' id='word_1_147' title='bbox 526 1079 612 1106; x_wconf 87' lang='lat' dir='ltr'><strong>altero</strong></span> <span class='ocrx_word' id='word_1_148' title='bbox 645 1079 746 1106; x_wconf 80' lang='lat' dir='ltr'><strong>sacculo</strong></span> <span class='ocrx_word' id='word_1_149' title='bbox 773 1083 974 1114; x_wconf 83' lang='lat' dir='ltr'><strong>exspectamus.</strong></span> 
     </span>
    </p>
   </div>
   <div class='ocr_carea' id='block_1_24' title="bbox 185 1125 974 1160">
    <p class='ocr_par' dir='ltr' id='par_1_24' title="bbox 185 1125 974 1160">
     <span class='ocr_line' id='line_1_24' title="bbox 185 1125 974 1160; baseline -0.001 -7"><span class='ocrx_word' id='word_1_150' title='bbox 185 1125 245 1153; x_wconf 74' lang='lat' dir='ltr'><strong>Jam</strong></span> <span class='ocrx_word' id='word_1_151' title='bbox 269 1133 340 1153; x_wconf 89' lang='lat' dir='ltr'><strong>unus</strong></span> <span class='ocrx_word' id='word_1_152' title='bbox 354 1125 399 1152; x_wconf 90' lang='lat' dir='ltr'><strong>ille</strong></span> <span class='ocrx_word' id='word_1_153' title='bbox 415 1129 443 1152; x_wconf 85' lang='lat' dir='ltr'><strong>et</strong></span> <span class='ocrx_word' id='word_1_154' title='bbox 462 1125 568 1160; x_wconf 91' lang='lat' dir='ltr'><strong>primus</strong></span> <span class='ocrx_word' id='word_1_155' title='bbox 579 1125 638 1152; x_wconf 83' lang='lat' dir='ltr'><strong>dies</strong></span> <span class='ocrx_word' id='word_1_156' title='bbox 653 1125 754 1160; x_wconf 81' lang='lat' dir='ltr'><strong>septies</strong></span> <span class='ocrx_word' id='word_1_157' title='bbox 767 1125 974 1159; x_wconf 78' lang='lat' dir='ltr'><strong>multiplicatus,</strong></span> 
     </span>
    </p>
   </div>
   <div class='ocr_carea' id='block_1_25' title="bbox 186 1171 974 1206">
    <p class='ocr_par' dir='ltr' id='par_1_25' title="bbox 186 1171 974 1206">
     <span class='ocr_line' id='line_1_25' title="bbox 186 1171 974 1206; baseline 0 -8"><span class='ocrx_word' id='word_1_158' title='bbox 186 1175 289 1206; x_wconf 77' lang='lat' dir='ltr'><strong>septem</strong></span> <span class='ocrx_word' id='word_1_159' title='bbox 314 1178 399 1198; x_wconf 68' lang='lat' dir='ltr'><strong>sacrm</strong></span> <span class='ocrx_word' id='word_1_160' title='bbox 440 1175 612 1206; x_wconf 77' lang='lat' dir='ltr'><strong>pentecostes</strong></span> <span class='ocrx_word' id='word_1_161' title='bbox 638 1171 822 1198; x_wconf 73' lang='lat' dir='ltr'><strong>hebdomadas</strong></span> <span class='ocrx_word' id='word_1_162' title='bbox 848 1171 974 1198; x_wconf 79' lang='lat' dir='ltr'><strong>absolvit.</strong></span> 
     </span>
    </p>
   </div>
   <div class='ocr_carea' id='block_1_26' title="bbox 185 1216 975 1252">
    <p class='ocr_par' dir='ltr' id='par_1_26' title="bbox 185 1216 975 1252">
     <span class='ocr_line' id='line_1_26' title="bbox 185 1216 975 1252; baseline 0.001 -9"><span class='ocrx_word' id='word_1_163' title='bbox 185 1217 209 1244; x_wconf 82' lang='lat' dir='ltr'><strong>A</strong></span> <span class='ocrx_word' id='word_1_164' title='bbox 223 1217 311 1252; x_wconf 87' lang='lat' dir='ltr'><strong>primo</strong></span> <span class='ocrx_word' id='word_1_165' title='bbox 328 1216 401 1244; x_wconf 88' lang='lat' dir='ltr'><strong>enim</strong></span> <span class='ocrx_word' id='word_1_166' title='bbox 419 1216 564 1251; x_wconf 89' lang='lat' dir='ltr'><strong>incipiens,</strong></span> <span class='ocrx_word' id='word_1_167' title='bbox 591 1216 618 1243; x_wconf 89' lang='lat' dir='ltr'><strong>in</strong></span> <span class='ocrx_word' id='word_1_168' title='bbox 639 1217 765 1244; x_wconf 88' lang='lat' dir='ltr'><strong>eumdem</strong></span> <span class='ocrx_word' id='word_1_169' title='bbox 795 1217 905 1250; x_wconf 85' lang='lat' dir='ltr'><strong>desiuit,</strong></span> <span class='ocrx_word' id='word_1_170' title='bbox 927 1224 975 1252; x_wconf 88' lang='lat' dir='ltr'><strong>per</strong></span> 
     </span>
    </p>
   </div>
   <div class='ocr_carea' id='block_1_27' title="bbox 186 1262 974 1297">
    <p class='ocr_par' dir='ltr' id='par_1_27' title="bbox 186 1262 974 1297">
     <span class='ocr_line' id='line_1_27' title="bbox 186 1262 974 1297; baseline -0.001 -7"><span class='ocrx_word' id='word_1_171' title='bbox 186 1263 302 1294; x_wconf 84' lang='lat' dir='ltr'><strong>similes,</strong></span> <span class='ocrx_word' id='word_1_172' title='bbox 323 1263 369 1297; x_wconf 90' lang='lat' dir='ltr'><strong>qui</strong></span> <span class='ocrx_word' id='word_1_173' title='bbox 384 1263 410 1289; x_wconf 93' lang='lat' dir='ltr'><strong>in</strong></span> <span class='ocrx_word' id='word_1_174' title='bbox 436 1262 525 1289; x_wconf 90' lang='lat' dir='ltr'><strong>medio</strong></span> <span class='ocrx_word' id='word_1_175' title='bbox 550 1262 732 1294; x_wconf 81' lang='lat' dir='ltr'><strong>intercedunt,</strong></span> <span class='ocrx_word' id='word_1_176' title='bbox 758 1262 818 1290; x_wconf 81' lang='lat' dir='ltr'><strong>dies</strong></span> <span class='ocrx_word' id='word_1_177' title='bbox 837 1262 974 1297; x_wconf 82' lang='lat' dir='ltr'><strong>quinqua-</strong></span> 
     </span>
    </p>
   </div>
   <div class='ocr_carea' id='block_1_28' title="bbox 185 1308 975 1344">
    <p class='ocr_par' dir='ltr' id='par_1_28' title="bbox 185 1308 975 1344">
     <span class='ocr_line' id='line_1_28' title="bbox 185 1308 975 1344; baseline 0 -8"><span class='ocrx_word' id='word_1_178' title='bbox 185 1310 243 1344; x_wconf 72' lang='lat' dir='ltr'><strong>gies</strong></span> <span class='ocrx_word' id='word_1_179' title='bbox 266 1309 402 1336; x_wconf 82' lang='lat' dir='ltr'><strong>evolutus.</strong></span> <span class='ocrx_word' id='word_1_180' title='bbox 432 1308 509 1335; x_wconf 83' lang='lat' dir='ltr'><strong>Unde</strong></span> <span class='ocrx_word' id='word_1_181' title='bbox 538 1313 566 1335; x_wconf 91' lang='lat' dir='ltr'><strong>et</strong></span> <span class='ocrx_word' id='word_1_182' title='bbox 591 1309 770 1336; x_wconf 70' lang='lat' dir='ltr'><strong>aeternitatem</strong></span> <span class='ocrx_word' id='word_1_183' title='bbox 798 1309 975 1336; x_wconf 80' lang='lat' dir='ltr'><strong>similitudine</strong></span> 
     </span>
    </p>
   </div>
   <div class='ocr_carea' id='block_1_29' title="bbox 185 1354 973 1387">
    <p class='ocr_par' dir='ltr' id='par_1_29' title="bbox 185 1354 973 1387">
     <span class='ocr_line' id='line_1_29' title="bbox 185 1354 973 1387; baseline -0.001 -5"><span class='ocrx_word' id='word_1_184' title='bbox 185 1355 277 1387; x_wconf 80' lang='lat' dir='ltr'><strong>refert,</strong></span> <span class='ocrx_word' id='word_1_185' title='bbox 291 1355 357 1382; x_wconf 87' lang='lat' dir='ltr'><strong>dum</strong></span> <span class='ocrx_word' id='word_1_186' title='bbox 373 1354 446 1381; x_wconf 87' lang='lat' dir='ltr'><strong>velut</strong></span> <span class='ocrx_word' id='word_1_187' title='bbox 463 1354 490 1380; x_wconf 92' lang='lat' dir='ltr'><strong>in</strong></span> <span class='ocrx_word' id='word_1_188' title='bbox 507 1359 582 1380; x_wconf 88' lang='lat' dir='ltr'><strong>motu</strong></span> <span class='ocrx_word' id='word_1_189' title='bbox 594 1354 734 1387; x_wconf 86' lang='lat' dir='ltr'><strong>circulari,</strong></span> <span class='ocrx_word' id='word_1_190' title='bbox 759 1355 794 1382; x_wconf 87' lang='lat' dir='ltr'><strong>ab</strong></span> <span class='ocrx_word' id='word_1_191' title='bbox 813 1355 909 1382; x_wconf 93' lang='lat' dir='ltr'><strong>iisdem</strong></span> <span class='ocrx_word' id='word_1_192' title='bbox 926 1362 973 1381; x_wconf 93' lang='lat' dir='ltr'><strong>or-</strong></span> 
     </span>
    </p>
   </div>
   <div class='ocr_carea' id='block_1_30' title="bbox 185 1400 974 1436">
    <p class='ocr_par' dir='ltr' id='par_1_30' title="bbox 185 1400 974 1436">
     <span class='ocr_line' id='line_1_30' title="bbox 185 1400 974 1436; baseline 0 -8"><span class='ocrx_word' id='word_1_193' title='bbox 185 1409 233 1429; x_wconf 87' lang='lat' dir='ltr'><strong>sus</strong></span> <span class='ocrx_word' id='word_1_194' title='bbox 248 1401 334 1436; x_wconf 75' lang='lat' dir='ltr'><strong>signis</strong></span> <span class='ocrx_word' id='word_1_195' title='bbox 356 1401 383 1427; x_wconf 91' lang='lat' dir='ltr'><strong>in</strong></span> <span class='ocrx_word' id='word_1_196' title='bbox 400 1400 496 1428; x_wconf 83' lang='lat' dir='ltr'><strong>eadem</strong></span> <span class='ocrx_word' id='word_1_197' title='bbox 521 1400 631 1427; x_wconf 86' lang='lat' dir='ltr'><strong>desinit.</strong></span> <span class='ocrx_word' id='word_1_198' title='bbox 654 1400 715 1433; x_wconf 84' lang='lat' dir='ltr'><strong>Quo</strong></span> <span class='ocrx_word' id='word_1_199' title='bbox 732 1401 758 1427; x_wconf 93' lang='lat' dir='ltr'><strong>in</strong></span> <span class='ocrx_word' id='word_1_200' title='bbox 779 1401 834 1434; x_wconf 89' lang='lat' dir='ltr'><strong>die,</strong></span> <span class='ocrx_word' id='word_1_201' title='bbox 852 1401 974 1436; x_wconf 76' lang='lat' dir='ltr'><strong>corporis</strong></span> 
     </span>
    </p>
   </div>
   <div class='ocr_carea' id='block_1_31' title="bbox 183 1446 974 1481">
    <p class='ocr_par' dir='ltr' id='par_1_31' title="bbox 183 1446 974 1481">
     <span class='ocr_line' id='line_1_31' title="bbox 183 1446 974 1481; baseline 0 -7"><span class='ocrx_word' id='word_1_202' title='bbox 183 1451 275 1474; x_wconf 88' lang='lat' dir='ltr'><strong>erecto</strong></span> <span class='ocrx_word' id='word_1_203' title='bbox 308 1447 401 1474; x_wconf 87' lang='lat' dir='ltr'><strong>habitu</strong></span> <span class='ocrx_word' id='word_1_204' title='bbox 425 1446 531 1481; x_wconf 81' lang='lat' dir='ltr'><strong>precari</strong></span> <span class='ocrx_word' id='word_1_205' title='bbox 558 1446 648 1480; x_wconf 78' lang='lat' dir='ltr'><strong>potius</strong></span> <span class='ocrx_word' id='word_1_206' title='bbox 675 1454 725 1473; x_wconf 86' lang='lat' dir='ltr'><strong>nos</strong></span> <span class='ocrx_word' id='word_1_207' title='bbox 750 1447 878 1474; x_wconf 63' lang='lat' dir='ltr'><strong>Ecclesiae</strong></span> <span class='ocrx_word' id='word_1_208' title='bbox 906 1448 974 1475; x_wconf 89' lang='lat' dir='ltr'><strong>ritus</strong></span> 
     </span>
    </p>
   </div>
   <div class='ocr_carea' id='block_1_32' title="bbox 183 1492 974 1526">
    <p class='ocr_par' dir='ltr' id='par_1_32' title="bbox 183 1492 974 1526">
     <span class='ocr_line' id='line_1_32' title="bbox 183 1492 974 1526; baseline 0 -6"><span class='ocrx_word' id='word_1_209' title='bbox 183 1494 347 1525; x_wconf 88' lang='lat' dir='ltr'><strong>docuerunt,</strong></span> <span class='ocrx_word' id='word_1_210' title='bbox 378 1492 507 1519; x_wconf 87' lang='lat' dir='ltr'><strong>nimirum</strong></span> <span class='ocrx_word' id='word_1_211' title='bbox 532 1499 582 1526; x_wconf 87' lang='lat' dir='ltr'><strong>per</strong></span> <span class='ocrx_word' id='word_1_212' title='bbox 603 1492 755 1519; x_wconf 85' lang='lat' dir='ltr'><strong>evidentem</strong></span> <span class='ocrx_word' id='word_1_213' title='bbox 780 1493 974 1520; x_wconf 88' lang='lat' dir='ltr'><strong>commonitio-</strong></span> 
     </span>
    </p>
   </div>
   <div class='ocr_carea' id='block_1_33' title="bbox 183 1537 974 1573">
    <p class='ocr_par' dir='ltr' id='par_1_33' title="bbox 183 1537 974 1573">
     <span class='ocr_line' id='line_1_33' title="bbox 183 1537 974 1573; baseline -0.003 -7"><span class='ocrx_word' id='word_1_214' title='bbox 183 1547 244 1566; x_wconf 93' lang='lat' dir='ltr'><strong>nem</strong></span> <span class='ocrx_word' id='word_1_215' title='bbox 259 1539 337 1573; x_wconf 87' lang='lat' dir='ltr'><strong>quasi</strong></span> <span class='ocrx_word' id='word_1_216' title='bbox 352 1537 550 1565; x_wconf 82' lang='lat' dir='ltr'><strong>transferentes</strong></span> <span class='ocrx_word' id='word_1_217' title='bbox 563 1543 680 1565; x_wconf 85' lang='lat' dir='ltr'><strong>mentem</strong></span> <span class='ocrx_word' id='word_1_218' title='bbox 694 1542 814 1565; x_wconf 87' lang='lat' dir='ltr'><strong>nostram</strong></span> <span class='ocrx_word' id='word_1_219' title='bbox 825 1546 840 1565; x_wconf 72' lang='lat'><strong>3</strong></span> <span class='ocrx_word' id='word_1_220' title='bbox 856 1546 974 1573; x_wconf 71' lang='lat' dir='ltr'><strong>praesen-</strong></span> 
     </span>
    </p>
   </div>
   <div class='ocr_carea' id='block_1_34' title="bbox 1029 299 1818 338">
    <p class='ocr_par' dir='ltr' id='par_1_34' title="bbox 1029 299 1818 338">
     <span class='ocr_line' id='line_1_34' title="bbox 1029 299 1818 338; baseline 0.001 -11"><span class='ocrx_word' id='word_1_221' title='bbox 1029 301 1127 332; x_wconf 82' lang='grc' dir='ltr'>αἰῶνος</span> <span class='ocrx_word' id='word_1_222' title='bbox 1138 300 1207 328; x_wconf 84' lang='grc' dir='ltr'>εἶναι</span> <span class='ocrx_word' id='word_1_223' title='bbox 1219 300 1311 328; x_wconf 78' lang='grc' dir='ltr'>εἰκών.</span> <span class='ocrx_word' id='word_1_224' title='bbox 1328 300 1372 327; x_wconf 78' lang='grc' dir='ltr'><strong>Διὸ</strong></span> <span class='ocrx_word' id='word_1_225' title='bbox 1388 301 1436 327; x_wconf 75' lang='grc' dir='ltr'>καὶ</span> <span class='ocrx_word' id='word_1_226' title='bbox 1452 302 1524 338; x_wconf 77' lang='grc' dir='ltr'>ἀρχὴ</span> <span class='ocrx_word' id='word_1_227' title='bbox 1540 299 1608 329; x_wconf 82' lang='grc' dir='ltr'>οὖσα</span> <span class='ocrx_word' id='word_1_228' title='bbox 1618 302 1740 337; x_wconf 82' lang='grc' dir='ltr'>ἡμερῶν,</span> <span class='ocrx_word' id='word_1_229' title='bbox 1756 302 1818 337; x_wconf 76' lang='grc' dir='ltr'>οὐχὶ</span> 
     </span>
    </p>
   </div>
   <div class='ocr_carea' id='block_1_35' title="bbox 1029 347 1818 384">
    <p class='ocr_par' dir='ltr' id='par_1_35' title="bbox 1029 347 1818 384">
     <span class='ocr_line' id='line_1_35' title="bbox 1029 347 1818 384; baseline 0.001 -10"><span class='ocrx_word' id='word_1_230' title='bbox 1029 347 1124 384; x_wconf 81' lang='grc' dir='ltr'><strong>πρώτη</strong></span> <span class='ocrx_word' id='word_1_231' title='bbox 1135 348 1210 383; x_wconf 68' lang='grc' dir='ltr'>παρὰ</span> <span class='ocrx_word' id='word_1_232' title='bbox 1221 347 1439 380; x_wconf 77' lang='grc' dir='ltr'><strong>Μωῦσέως,ἁλ).ἁ</strong></span> <span class='ocrx_word' id='word_1_233' title='bbox 1451 348 1500 383; x_wconf 76' lang='grc' dir='ltr'><strong>μία</strong></span> <span class='ocrx_word' id='word_1_234' title='bbox 1508 347 1676 384; x_wconf 83' lang='grc' dir='ltr'>ὠνόμασται.</span> <span class='ocrx_word' id='word_1_235' title='bbox 1686 349 1818 383; x_wconf 74' lang='grc' dir='ltr'>Ἐγένετο</span> 
     </span>
    </p>
   </div>
   <div class='ocr_carea' id='block_1_36' title="bbox 1029 394 1818 429">
    <p class='ocr_par' dir='ltr' id='par_1_36' title="bbox 1029 394 1818 429">
     <span class='ocr_line' id='line_1_36' title="bbox 1029 394 1818 429; baseline 0.001 -9"><span class='ocrx_word' id='word_1_236' title='bbox 1029 394 1095 429; x_wconf 71' lang='grc' dir='ltr'>γὰρ,</span> <span class='ocrx_word' id='word_1_237' title='bbox 1124 394 1218 429; x_wconf 84' lang='grc' dir='ltr'>φησὶν,</span> <span class='ocrx_word' id='word_1_238' title='bbox 1245 394 1370 428; x_wconf 75' lang='grc' dir='ltr'>ἑσπέρα,</span> <span class='ocrx_word' id='word_1_239' title='bbox 1397 395 1445 421; x_wconf 80' lang='grc' dir='ltr'>καὶ</span> <span class='ocrx_word' id='word_1_240' title='bbox 1468 394 1586 429; x_wconf 72' lang='grc' dir='ltr'>ἐγένετο</span> <span class='ocrx_word' id='word_1_241' title='bbox 1607 394 1691 428; x_wconf 77' lang='grc' dir='ltr'>πρωῒ,</span> <span class='ocrx_word' id='word_1_242' title='bbox 1722 394 1818 428; x_wconf 74' lang='grc' dir='ltr'>ἡμέρα</span> 
     </span>
    </p>
   </div>
   <div class='ocr_carea' id='block_1_37' title="bbox 1025 439 1816 475">
    <p class='ocr_par' dir='ltr' id='par_1_37' title="bbox 1025 439 1816 475">
     <span class='ocr_line' id='line_1_37' title="bbox 1025 439 1816 475; baseline -0.001 -9"><span class='ocrx_word' id='word_1_243' title='bbox 1025 440 1092 474; x_wconf 82' lang='grc' dir='ltr'>μία,</span> <span class='ocrx_word' id='word_1_244' title='bbox 1114 439 1153 471; x_wconf 86' lang='grc' dir='ltr'>ὡς</span> <span class='ocrx_word' id='word_1_245' title='bbox 1172 439 1223 475; x_wconf 79' lang='grc' dir='ltr'>τῆς</span> <span class='ocrx_word' id='word_1_246' title='bbox 1237 440 1320 475; x_wconf 83' lang='grc' dir='ltr'>αὐτῆς</span> <span class='ocrx_word' id='word_1_247' title='bbox 1340 439 1580 475; x_wconf 76' lang='grc' dir='ltr'>ἀνακυκλουμένης</span> <span class='ocrx_word' id='word_1_248' title='bbox 1602 439 1741 471; x_wconf 80' lang='grc' dir='ltr'>πολλάκις.</span> <span class='ocrx_word' id='word_1_249' title='bbox 1762 440 1816 466; x_wconf 78' lang='grc' dir='ltr'>Καὶ</span> 
     </span>
    </p>
   </div>
   <div class='ocr_carea' id='block_1_38' title="bbox 1029 485 1817 522">
    <p class='ocr_par' dir='ltr' id='par_1_38' title="bbox 1029 485 1817 522">
     <span class='ocr_line' id='line_1_38' title="bbox 1029 485 1817 522; baseline -0.001 -10"><span class='ocrx_word' id='word_1_250' title='bbox 1029 486 1080 520; x_wconf 86' lang='grc' dir='ltr'><strong>μία</strong></span> <span class='ocrx_word' id='word_1_251' title='bbox 1093 485 1209 522; x_wconf 83' lang='grc' dir='ltr'>τοίνυνή</span> <span class='ocrx_word' id='word_1_252' title='bbox 1225 487 1293 520; x_wconf 86' lang='grc' dir='ltr'>αύτὴ</span> <span class='ocrx_word' id='word_1_253' title='bbox 1305 488 1352 513; x_wconf 83' lang='grc' dir='ltr'>καὶ</span> <span class='ocrx_word' id='word_1_254' title='bbox 1366 486 1458 521; x_wconf 85' lang='grc' dir='ltr'><strong>ὀγδόη,</strong></span> <span class='ocrx_word' id='word_1_255' title='bbox 1468 486 1517 522; x_wconf 82' lang='grc' dir='ltr'><strong>τὴν</strong></span> <span class='ocrx_word' id='word_1_256' title='bbox 1531 486 1597 521; x_wconf 86' lang='grc' dir='ltr'>μίαν</span> <span class='ocrx_word' id='word_1_257' title='bbox 1611 485 1696 516; x_wconf 74' lang='grc' dir='ltr'>ὅντως</span> <span class='ocrx_word' id='word_1_258' title='bbox 1707 485 1817 521; x_wconf 81' lang='grc' dir='ltr'>ἐκείνην</span> 
     </span>
    </p>
   </div>
   <div class='ocr_carea' id='block_1_39' title="bbox 1028 529 1816 568">
    <p class='ocr_par' dir='ltr' id='par_1_39' title="bbox 1028 529 1816 568">
     <span class='ocr_line' id='line_1_39' title="bbox 1028 529 1816 568; baseline -0.001 -10"><span class='ocrx_word' id='word_1_259' title='bbox 1028 532 1075 558; x_wconf 74' lang='grc' dir='ltr'><strong>καὶ</strong></span> <span class='ocrx_word' id='word_1_260' title='bbox 1088 531 1217 567; x_wconf 83' lang='grc' dir='ltr'>ἀληθινὴν</span> <span class='ocrx_word' id='word_1_261' title='bbox 1231 532 1338 567; x_wconf 80' lang='grc' dir='ltr'><strong>ὀγδόην,</strong></span> <span class='ocrx_word' id='word_1_262' title='bbox 1352 529 1386 568; x_wconf 81' lang='grc' dir='ltr'>ἦς</span> <span class='ocrx_word' id='word_1_263' title='bbox 1401 533 1447 559; x_wconf 82' lang='grc' dir='ltr'>καὶ</span> <span class='ocrx_word' id='word_1_264' title='bbox 1455 533 1470 558; x_wconf 74' lang='grc' dir='ltr'>ὁ</span> <span class='ocrx_word' id='word_1_265' title='bbox 1481 531 1627 567; x_wconf 77' lang='grc' dir='ltr'>ψαλμῳδδς</span> <span class='ocrx_word' id='word_1_266' title='bbox 1637 531 1666 558; x_wconf 75' lang='grc' dir='ltr'>ἐν</span> <span class='ocrx_word' id='word_1_267' title='bbox 1676 540 1747 558; x_wconf 83' lang='grc' dir='ltr'>τισιν</span> <span class='ocrx_word' id='word_1_268' title='bbox 1754 532 1816 557; x_wconf 80' lang='grc' dir='ltr'>ὲπι-</span> 
     </span>
    </p>
   </div>
   <div class='ocr_carea' id='block_1_40' title="bbox 1028 577 1817 613">
    <p class='ocr_par' dir='ltr' id='par_1_40' title="bbox 1028 577 1817 613">
     <span class='ocr_line' id='line_1_40' title="bbox 1028 577 1817 613; baseline -0.001 -9"><span class='ocrx_word' id='word_1_269' title='bbox 1028 578 1148 612; x_wconf 77' lang='grc' dir='ltr'>γραφαῖς</span> <span class='ocrx_word' id='word_1_270' title='bbox 1167 577 1221 604; x_wconf 82' lang='grc' dir='ltr'><strong>τῶν</strong></span> <span class='ocrx_word' id='word_1_271' title='bbox 1239 577 1354 613; x_wconf 81' lang='grc' dir='ltr'>ψαλμῶν</span> <span class='ocrx_word' id='word_1_272' title='bbox 1370 577 1530 613; x_wconf 79' lang='grc' dir='ltr'>ἐπεμνήσθη</span> <span class='ocrx_word' id='word_1_273' title='bbox 1546 585 1553 593; x_wconf 60' lang='grc' dir='ltr'><strong>υ</strong></span> <span class='ocrx_word' id='word_1_274' title='bbox 1568 577 1602 604; x_wconf 77' lang='grc' dir='ltr'><strong>δι’</strong></span> <span class='ocrx_word' id='word_1_275' title='bbox 1617 577 1717 612; x_wconf 78' lang='grc' dir='ltr'>ἑαυτῆς</span> <span class='ocrx_word' id='word_1_276' title='bbox 1727 578 1817 611; x_wconf 57' lang='grc' dir='ltr'>ἐμφα-</span> 
     </span>
    </p>
   </div>
   <div class='ocr_carea' id='block_1_41' title="bbox 1029 622 1816 659">
    <p class='ocr_par' dir='ltr' id='par_1_41' title="bbox 1029 622 1816 659">
     <span class='ocr_line' id='line_1_41' title="bbox 1029 622 1816 659; baseline -0.003 -11"><span class='ocrx_word' id='word_1_277' title='bbox 1029 622 1141 655; x_wconf 82' lang='grc' dir='ltr'>νίζουσα</span> <span class='ocrx_word' id='word_1_278' title='bbox 1151 622 1202 657; x_wconf 85' lang='grc' dir='ltr'>τὴν</span> <span class='ocrx_word' id='word_1_279' title='bbox 1216 623 1285 658; x_wconf 85' lang='grc' dir='ltr'>μετὰ</span> <span class='ocrx_word' id='word_1_280' title='bbox 1298 623 1344 650; x_wconf 75' lang='grc' dir='ltr'><strong>τὸν</strong></span> <span class='ocrx_word' id='word_1_281' title='bbox 1356 623 1451 659; x_wconf 78' lang='grc' dir='ltr'>χρόνον</span> <span class='ocrx_word' id='word_1_282' title='bbox 1465 623 1559 650; x_wconf 75' lang='grc' dir='ltr'>τοῦτον</span> <span class='ocrx_word' id='word_1_283' title='bbox 1575 622 1754 653; x_wconf 72' lang='grc' dir='ltr'>κατάστασιν,</span> <span class='ocrx_word' id='word_1_284' title='bbox 1767 623 1816 657; x_wconf 77' lang='grc' dir='ltr'><strong>τὴν</strong></span> 
     </span>
    </p>
   </div>
   <div class='ocr_carea' id='block_1_42' title="bbox 1027 667 1816 704">
    <p class='ocr_par' dir='ltr' id='par_1_42' title="bbox 1027 667 1816 704">
     <span class='ocr_line' id='line_1_42' title="bbox 1027 667 1816 704; baseline 0 -10"><span class='ocrx_word' id='word_1_285' title='bbox 1027 667 1167 694; x_wconf 72' lang='grc' dir='ltr'>ἄπαυστον</span> <span class='ocrx_word' id='word_1_286' title='bbox 1183 668 1299 702; x_wconf 79' lang='grc' dir='ltr'><strong>ἡμέραν,</strong></span> <span class='ocrx_word' id='word_1_287' title='bbox 1314 668 1364 703; x_wconf 83' lang='grc' dir='ltr'><strong>τὴν</strong></span> <span class='ocrx_word' id='word_1_288' title='bbox 1375 668 1536 704; x_wconf 79' lang='grc' dir='ltr'>ἀνέσπερον,</span> <span class='ocrx_word' id='word_1_289' title='bbox 1548 667 1597 703; x_wconf 83' lang='grc' dir='ltr'><strong>τὴν</strong></span> <span class='ocrx_word' id='word_1_290' title='bbox 1608 667 1759 702; x_wconf 86' lang='grc' dir='ltr'>ἀδιάδοχον,</span> <span class='ocrx_word' id='word_1_291' title='bbox 1770 668 1816 694; x_wconf 80' lang='grc' dir='ltr'>τὸν</span> 
     </span>
    </p>
   </div>
   <div class='ocr_carea' id='block_1_43' title="bbox 1027 710 1816 750">
    <p class='ocr_par' dir='ltr' id='par_1_43' title="bbox 1027 710 1816 750">
     <span class='ocr_line' id='line_1_43' title="bbox 1027 710 1816 750; baseline 0 -10"><span class='ocrx_word' id='word_1_292' title='bbox 1027 713 1144 748; x_wconf 75' lang='grc' dir='ltr'>ἄληκτον</span> <span class='ocrx_word' id='word_1_293' title='bbox 1169 713 1274 740; x_wconf 79' lang='grc' dir='ltr'>ἐκεῖνον</span> <span class='ocrx_word' id='word_1_294' title='bbox 1293 715 1340 740; x_wconf 76' lang='grc' dir='ltr'>καὶ</span> <span class='ocrx_word' id='word_1_295' title='bbox 1362 714 1460 750; x_wconf 82' lang='grc' dir='ltr'><strong>ἀγήρω</strong></span> <span class='ocrx_word' id='word_1_296' title='bbox 1478 714 1583 740; x_wconf 79' lang='grc' dir='ltr'>αἰῶνα·</span> <span class='ocrx_word' id='word_1_297' title='bbox 1601 713 1757 747; x_wconf 74' lang='grc' dir='ltr'><strong>ἀναγκαίως</strong></span> <span class='ocrx_word' id='word_1_298' title='bbox 1770 710 1816 739; x_wconf 83' lang='grc' dir='ltr'><strong>οὖν</strong></span> 
     </span>
    </p>
   </div>
   <div class='ocr_carea' id='block_1_44' title="bbox 1027 759 1816 795">
    <p class='ocr_par' dir='ltr' id='par_1_44' title="bbox 1027 759 1816 795">
     <span class='ocr_line' id='line_1_44' title="bbox 1027 759 1816 795; baseline 0 -10"><span class='ocrx_word' id='word_1_299' title='bbox 1027 759 1076 790; x_wconf 83' lang='grc' dir='ltr'>τὰς</span> <span class='ocrx_word' id='word_1_300' title='bbox 1090 760 1119 785; x_wconf 84' lang='grc' dir='ltr'>ἐν</span> <span class='ocrx_word' id='word_1_301' title='bbox 1135 759 1204 795; x_wconf 84' lang='grc' dir='ltr'><strong>αὑτῇ</strong></span> <span class='ocrx_word' id='word_1_302' title='bbox 1228 760 1382 795; x_wconf 81' lang='grc' dir='ltr'>προσευχὰς</span> <span class='ocrx_word' id='word_1_303' title='bbox 1405 760 1525 792; x_wconf 77' lang='grc' dir='ltr'><strong>ἑστῶτας</strong></span> <span class='ocrx_word' id='word_1_304' title='bbox 1552 759 1730 795; x_wconf 82' lang='grc' dir='ltr'><strong>ἀποπληροῦν</strong></span> <span class='ocrx_word' id='word_1_305' title='bbox 1753 759 1816 790; x_wconf 81' lang='grc' dir='ltr'>τοὺς</span> 
     </span>
    </p>
   </div>
   <div class='ocr_carea' id='block_1_45' title="bbox 1028 805 1814 841">
    <p class='ocr_par' dir='ltr' id='par_1_45' title="bbox 1028 805 1814 841">
     <span class='ocr_line' id='line_1_45' title="bbox 1028 805 1814 841; baseline -0.001 -10"><span class='ocrx_word' id='word_1_306' title='bbox 1028 805 1127 840; x_wconf 80' lang='grc' dir='ltr'>ἑαυτῆς</span> <span class='ocrx_word' id='word_1_307' title='bbox 1157 806 1309 841; x_wconf 71' lang='grc' dir='ltr'><strong>τροφίμους</strong></span> <span class='ocrx_word' id='word_1_308' title='bbox 1334 807 1350 840; x_wconf 80' lang='grc' dir='ltr'><strong>ἡ</strong></span> <span class='ocrx_word' id='word_1_309' title='bbox 1374 805 1523 841; x_wconf 77' lang='grc' dir='ltr'><strong>Ἐκκλησία</strong></span> <span class='ocrx_word' id='word_1_310' title='bbox 1554 805 1687 837; x_wconf 76' lang='grc' dir='ltr'><strong>παιδεύει,</strong></span> <span class='ocrx_word' id='word_1_311' title='bbox 1710 805 1754 831; x_wconf 81' lang='grc' dir='ltr'>ἵνα</span> <span class='ocrx_word' id='word_1_312' title='bbox 1779 805 1814 839; x_wconf 73' lang='grc' dir='ltr'>τῇ</span> 
     </span>
    </p>
   </div>
   <div class='ocr_carea' id='block_1_46' title="bbox 1029 850 1814 886">
    <p class='ocr_par' dir='ltr' id='par_1_46' title="bbox 1029 850 1814 886">
     <span class='ocr_line' id='line_1_46' title="bbox 1029 850 1814 886; baseline -0.001 -9"><span class='ocrx_word' id='word_1_313' title='bbox 1029 852 1137 886; x_wconf 83' lang='grc' dir='ltr'>συνεχεῖ</span> <span class='ocrx_word' id='word_1_314' title='bbox 1148 851 1298 886; x_wconf 78' lang='grc' dir='ltr'><strong>ὑπομνήσει</strong></span> <span class='ocrx_word' id='word_1_315' title='bbox 1311 851 1362 886; x_wconf 85' lang='grc' dir='ltr'><strong>τῆς</strong></span> <span class='ocrx_word' id='word_1_316' title='bbox 1377 851 1555 886; x_wconf 76' lang='grc' dir='ltr'><strong>ἀτελευτήτου</strong></span> <span class='ocrx_word' id='word_1_317' title='bbox 1569 851 1652 886; x_wconf 83' lang='grc' dir='ltr'>ζωῆς,</span> <span class='ocrx_word' id='word_1_318' title='bbox 1666 850 1721 877; x_wconf 81' lang='grc' dir='ltr'>τῶν</span> <span class='ocrx_word' id='word_1_319' title='bbox 1747 850 1814 885; x_wconf 71' lang='grc' dir='ltr'>πρὸς</span> 
     </span>
    </p>
   </div>
   <div class='ocr_carea' id='block_1_47' title="bbox 1027 896 1814 933">
    <p class='ocr_par' dir='ltr' id='par_1_47' title="bbox 1027 896 1814 933">
     <span class='ocr_line' id='line_1_47' title="bbox 1027 896 1814 933; baseline -0.001 -10"><span class='ocrx_word' id='word_1_320' title='bbox 1027 897 1076 933; x_wconf 85' lang='grc' dir='ltr'><strong>τὴν</strong></span> <span class='ocrx_word' id='word_1_321' title='bbox 1095 897 1262 932; x_wconf 79' lang='grc' dir='ltr'>μετάστασιν</span> <span class='ocrx_word' id='word_1_322' title='bbox 1274 897 1382 933; x_wconf 82' lang='grc' dir='ltr'>ἐκείνην</span> <span class='ocrx_word' id='word_1_323' title='bbox 1398 898 1511 931; x_wconf 65' lang='grc' dir='ltr'>ἐφοδίων</span> <span class='ocrx_word' id='word_1_324' title='bbox 1533 897 1570 933; x_wconf 83' lang='grc' dir='ltr'>μὴ</span> <span class='ocrx_word' id='word_1_325' title='bbox 1582 897 1730 932; x_wconf 81' lang='grc' dir='ltr'>ἀμελῶμεν</span> <span class='ocrx_word' id='word_1_326' title='bbox 1743 904 1750 911; x_wconf 84' lang='grc'><strong><em>⁸</em></strong></span> <span class='ocrx_word' id='word_1_327' title='bbox 1766 896 1814 923; x_wconf 73' lang='grc' dir='ltr'><strong>καὶ</strong></span> 
     </span>
    </p>
   </div>
   <div class='ocr_carea' id='block_1_48' title="bbox 1028 943 1814 979">
    <p class='ocr_par' dir='ltr' id='par_1_48' title="bbox 1028 943 1814 979">
     <span class='ocr_line' id='line_1_48' title="bbox 1028 943 1814 979; baseline -0.003 -9"><span class='ocrx_word' id='word_1_328' title='bbox 1028 943 1101 970; x_wconf 82' lang='grc' dir='ltr'>πᾶσα</span> <span class='ocrx_word' id='word_1_329' title='bbox 1113 943 1166 979; x_wconf 76' lang='grc' dir='ltr'><strong>δὲή</strong></span> <span class='ocrx_word' id='word_1_330' title='bbox 1181 944 1352 979; x_wconf 82' lang='grc' dir='ltr'>πεντηκοστὴ</span> <span class='ocrx_word' id='word_1_331' title='bbox 1364 944 1413 979; x_wconf 82' lang='grc' dir='ltr'>τῆς</span> <span class='ocrx_word' id='word_1_332' title='bbox 1426 945 1454 970; x_wconf 76' lang='grc' dir='ltr'>ἐν</span> <span class='ocrx_word' id='word_1_333' title='bbox 1476 944 1515 979; x_wconf 82' lang='grc' dir='ltr'>τῷ</span> <span class='ocrx_word' id='word_1_334' title='bbox 1529 944 1607 970; x_wconf 76' lang='grc' dir='ltr'>αἰῶνι</span> <span class='ocrx_word' id='word_1_335' title='bbox 1619 943 1814 978; x_wconf 78' lang='grc' dir='ltr'>προσδοκωμέ-</span> 
     </span>
    </p>
   </div>
   <div class='ocr_carea' id='block_1_49' title="bbox 1025 989 1815 1026">
    <p class='ocr_par' dir='ltr' id='par_1_49' title="bbox 1025 989 1815 1026">
     <span class='ocr_line' id='line_1_49' title="bbox 1025 989 1815 1026; baseline -0.001 -10"><span class='ocrx_word' id='word_1_336' title='bbox 1025 999 1074 1026; x_wconf 85' lang='grc' dir='ltr'><strong>νης</strong></span> <span class='ocrx_word' id='word_1_337' title='bbox 1094 991 1279 1022; x_wconf 78' lang='grc' dir='ltr'>ἀναστάσεως,</span> <span class='ocrx_word' id='word_1_338' title='bbox 1292 990 1399 1026; x_wconf 78' lang='grc' dir='ltr'>ἀληθῶς</span> <span class='ocrx_word' id='word_1_339' title='bbox 1417 992 1491 1016; x_wconf 81' lang='grc' dir='ltr'>ἐστιν</span> <span class='ocrx_word' id='word_1_340' title='bbox 1513 990 1674 1026; x_wconf 83' lang='grc' dir='ltr'>ὑπόμνημα.</span> <span class='ocrx_word' id='word_1_341' title='bbox 1706 989 1737 1015; x_wconf 79' lang='grc' dir='ltr'><strong>’Ιί</strong></span> <span class='ocrx_word' id='word_1_342' title='bbox 1759 989 1815 1023; x_wconf 82' lang='grc' dir='ltr'>γὰρ</span> 
     </span>
    </p>
   </div>
   <div class='ocr_carea' id='block_1_50' title="bbox 1027 1035 1814 1071">
    <p class='ocr_par' dir='ltr' id='par_1_50' title="bbox 1027 1035 1814 1071">
     <span class='ocr_line' id='line_1_50' title="bbox 1027 1035 1814 1071; baseline -0.003 -9"><span class='ocrx_word' id='word_1_343' title='bbox 1027 1036 1076 1071; x_wconf 83' lang='grc' dir='ltr'>μία.</span> <span class='ocrx_word' id='word_1_344' title='bbox 1089 1036 1181 1070; x_wconf 79' lang='grc' dir='ltr'>ἐκείνη</span> <span class='ocrx_word' id='word_1_345' title='bbox 1201 1036 1248 1062; x_wconf 75' lang='grc' dir='ltr'>καὶ</span> <span class='ocrx_word' id='word_1_346' title='bbox 1259 1035 1355 1071; x_wconf 81' lang='grc' dir='ltr'>πρώτη</span> <span class='ocrx_word' id='word_1_347' title='bbox 1370 1036 1460 1071; x_wconf 81' lang='grc' dir='ltr'>ἡμέρα</span> <span class='ocrx_word' id='word_1_348' title='bbox 1475 1036 1590 1067; x_wconf 79' lang='grc' dir='ltr'>ἑπτάκις</span> <span class='ocrx_word' id='word_1_349' title='bbox 1626 1035 1814 1062; x_wconf 80' lang='grc' dir='ltr'>ὲπταπλασια-</span> 
     </span>
    </p>
   </div>
   <div class='ocr_carea' id='block_1_51' title="bbox 1026 1080 1814 1117">
    <p class='ocr_par' dir='ltr' id='par_1_51' title="bbox 1026 1080 1814 1117">
     <span class='ocr_line' id='line_1_51' title="bbox 1026 1080 1814 1117; baseline -0.001 -9"><span class='ocrx_word' id='word_1_350' title='bbox 1026 1081 1130 1114; x_wconf 79' lang='grc' dir='ltr'>σθεῖσα,</span> <span class='ocrx_word' id='word_1_351' title='bbox 1149 1082 1198 1113; x_wconf 83' lang='grc' dir='ltr'>τὰς</span> <span class='ocrx_word' id='word_1_352' title='bbox 1214 1082 1284 1108; x_wconf 76' lang='grc' dir='ltr'>ἑπτὰ</span> <span class='ocrx_word' id='word_1_353' title='bbox 1299 1081 1349 1117; x_wconf 76' lang='grc' dir='ltr'>τῆς</span> <span class='ocrx_word' id='word_1_354' title='bbox 1364 1082 1440 1117; x_wconf 80' lang='grc' dir='ltr'>ίερᾶς</span> <span class='ocrx_word' id='word_1_355' title='bbox 1454 1081 1642 1116; x_wconf 77' lang='grc' dir='ltr'>πεντηκοστῆς</span> <span class='ocrx_word' id='word_1_356' title='bbox 1665 1080 1814 1116; x_wconf 77' lang='grc' dir='ltr'>ἑϐδομάδας</span> 
     </span>
    </p>
   </div>
   <div class='ocr_carea' id='block_1_52' title="bbox 1026 1126 1814 1163">
    <p class='ocr_par' dir='ltr' id='par_1_52' title="bbox 1026 1126 1814 1163">
     <span class='ocr_line' id='line_1_52' title="bbox 1026 1126 1814 1163; baseline -0.003 -9"><span class='ocrx_word' id='word_1_357' title='bbox 1026 1128 1161 1154; x_wconf 80' lang='grc' dir='ltr'>ἀποτελεῖ.</span> <span class='ocrx_word' id='word_1_358' title='bbox 1183 1127 1230 1154; x_wconf 83' lang='grc' dir='ltr'>Ἐκ</span> <span class='ocrx_word' id='word_1_359' title='bbox 1246 1128 1356 1163; x_wconf 78' lang='grc' dir='ltr'>πρώτης</span> <span class='ocrx_word' id='word_1_360' title='bbox 1373 1127 1427 1163; x_wconf 74' lang='grc' dir='ltr'><strong>γὰρ</strong></span> <span class='ocrx_word' id='word_1_361' title='bbox 1448 1127 1597 1163; x_wconf 78' lang='grc' dir='ltr'>ἀρχομένη,</span> <span class='ocrx_word' id='word_1_362' title='bbox 1609 1127 1649 1159; x_wconf 83' lang='grc' dir='ltr'><strong>είς</strong></span> <span class='ocrx_word' id='word_1_363' title='bbox 1662 1127 1710 1162; x_wconf 76' lang='grc' dir='ltr'><strong>τὴν</strong></span> <span class='ocrx_word' id='word_1_364' title='bbox 1728 1126 1814 1161; x_wconf 73' lang='grc' dir='ltr'>αὐτὴν</span> 
     </span>
    </p>
   </div>
   <div class='ocr_carea' id='block_1_53' title="bbox 1026 1172 1813 1209">
    <p class='ocr_par' dir='ltr' id='par_1_53' title="bbox 1026 1172 1813 1209">
     <span class='ocr_line' id='line_1_53' title="bbox 1026 1172 1813 1209; baseline -0.003 -9"><span class='ocrx_word' id='word_1_365' title='bbox 1026 1174 1186 1209; x_wconf 74' lang='grc' dir='ltr'>καταλήγει,</span> <span class='ocrx_word' id='word_1_366' title='bbox 1212 1173 1245 1200; x_wconf 81' lang='grc' dir='ltr'><strong>δι’</strong></span> <span class='ocrx_word' id='word_1_367' title='bbox 1270 1174 1371 1208; x_wconf 83' lang='grc' dir='ltr'>ὁμοίων</span> <span class='ocrx_word' id='word_1_368' title='bbox 1396 1173 1451 1200; x_wconf 78' lang='grc' dir='ltr'><strong>τῶν</strong></span> <span class='ocrx_word' id='word_1_369' title='bbox 1483 1174 1511 1199; x_wconf 75' lang='grc' dir='ltr'><strong>ἐν</strong></span> <span class='ocrx_word' id='word_1_370' title='bbox 1530 1173 1664 1208; x_wconf 69' lang='grc' dir='ltr'>τῷ,μέσῳ</span> <span class='ocrx_word' id='word_1_371' title='bbox 1679 1172 1813 1205; x_wconf 74' lang='grc' dir='ltr'>ἐξελιττο-</span> 
     </span>
    </p>
   </div>
   <div class='ocr_carea' id='block_1_54' title="bbox 1027 1219 1811 1255">
    <p class='ocr_par' dir='ltr' id='par_1_54' title="bbox 1027 1219 1811 1255">
     <span class='ocr_line' id='line_1_54' title="bbox 1027 1219 1811 1255; baseline -0.003 -9"><span class='ocrx_word' id='word_1_372' title='bbox 1027 1220 1094 1255; x_wconf 79' lang='grc' dir='ltr'>μένη</span> <span class='ocrx_word' id='word_1_373' title='bbox 1117 1221 1348 1254; x_wconf 85' lang='grc' dir='ltr'>πεντηκοντάκις⁸</span> <span class='ocrx_word' id='word_1_374' title='bbox 1376 1219 1416 1246; x_wconf 80' lang='grc' dir='ltr'><strong>διὸ</strong></span> <span class='ocrx_word' id='word_1_375' title='bbox 1438 1220 1485 1246; x_wconf 69' lang='grc' dir='ltr'><strong>καὶ</strong></span> <span class='ocrx_word' id='word_1_376' title='bbox 1513 1219 1599 1245; x_wconf 77' lang='grc' dir='ltr'>αίῶνα</span> <span class='ocrx_word' id='word_1_377' title='bbox 1627 1220 1750 1254; x_wconf 80' lang='grc' dir='ltr'>μιμεῖται</span> <span class='ocrx_word' id='word_1_378' title='bbox 1777 1219 1811 1253; x_wconf 83' lang='grc' dir='ltr'>τῇ</span> 
     </span>
    </p>
   </div>
   <div class='ocr_carea' id='block_1_55' title="bbox 1024 1263 1813 1300">
    <p class='ocr_par' dir='ltr' id='par_1_55' title="bbox 1024 1263 1813 1300">
     <span class='ocr_line' id='line_1_55' title="bbox 1024 1263 1813 1300; baseline -0.003 -8"><span class='ocrx_word' id='word_1_379' title='bbox 1024 1266 1173 1300; x_wconf 79' lang='grc' dir='ltr'>ὁμοιότητι,</span> <span class='ocrx_word' id='word_1_380' title='bbox 1188 1265 1283 1300; x_wconf 74' lang='grc' dir='ltr'>ὥσπερ</span> <span class='ocrx_word' id='word_1_381' title='bbox 1294 1267 1323 1292; x_wconf 78' lang='grc' dir='ltr'><strong>ὲν</strong></span> <span class='ocrx_word' id='word_1_382' title='bbox 1336 1265 1450 1300; x_wconf 78' lang='grc' dir='ltr'>κυκλικῇ</span> <span class='ocrx_word' id='word_1_383' title='bbox 1470 1264 1576 1300; x_wconf 78' lang='grc' dir='ltr'>κινήσει</span> <span class='ocrx_word' id='word_1_384' title='bbox 1585 1265 1639 1291; x_wconf 76' lang='grc' dir='ltr'>ἀπὸ</span> <span class='ocrx_word' id='word_1_385' title='bbox 1652 1265 1705 1291; x_wconf 86' lang='grc' dir='ltr'><strong>τῶν</strong></span> <span class='ocrx_word' id='word_1_386' title='bbox 1723 1263 1813 1290; x_wconf 68' lang='grc' dir='ltr'>αὐτῶν</span> 
     </span>
    </p>
   </div>
   <div class='ocr_carea' id='block_1_56' title="bbox 1024 1311 1811 1348">
    <p class='ocr_par' dir='ltr' id='par_1_56' title="bbox 1024 1311 1811 1348">
     <span class='ocr_line' id='line_1_56' title="bbox 1024 1311 1811 1348; baseline -0.003 -10"><span class='ocrx_word' id='word_1_387' title='bbox 1024 1312 1162 1348; x_wconf 78' lang='grc' dir='ltr'>ἀρχομένη</span> <span class='ocrx_word' id='word_1_388' title='bbox 1182 1312 1314 1346; x_wconf 78' lang='grc' dir='ltr'>σημείων,</span> <span class='ocrx_word' id='word_1_389' title='bbox 1334 1312 1379 1339; x_wconf 84' lang='grc' dir='ltr'><strong>καὶ</strong></span> <span class='ocrx_word' id='word_1_390' title='bbox 1400 1313 1440 1344; x_wconf 80' lang='grc' dir='ltr'><strong>είς</strong></span> <span class='ocrx_word' id='word_1_391' title='bbox 1460 1312 1494 1338; x_wconf 75' lang='grc' dir='ltr'>τὰ</span> <span class='ocrx_word' id='word_1_392' title='bbox 1521 1311 1590 1338; x_wconf 72' lang='grc' dir='ltr'>αὐτὰ</span> <span class='ocrx_word' id='word_1_393' title='bbox 1607 1311 1811 1346; x_wconf 77' lang='grc' dir='ltr'>καταλήγουσα.</span> 
     </span>
    </p>
   </div>
   <div class='ocr_carea' id='block_1_57' title="bbox 1031 1355 1812 1394">
    <p class='ocr_par' dir='ltr' id='par_1_57' title="bbox 1031 1355 1812 1394">
     <span class='ocr_line' id='line_1_57' title="bbox 1031 1355 1812 1394; baseline -0.003 -11"><span class='ocrx_word' id='word_1_394' title='bbox 1031 1358 1075 1384; x_wconf 84' lang='grc' dir='ltr'>Ἐν</span> <span class='ocrx_word' id='word_1_395' title='bbox 1124 1357 1154 1383; x_wconf 75' lang='grc' dir='ltr'><strong>τὸ</strong></span> <span class='ocrx_word' id='word_1_396' title='bbox 1179 1357 1269 1392; x_wconf 74' lang='grc' dir='ltr'>ὄρθιον</span> <span class='ocrx_word' id='word_1_397' title='bbox 1297 1358 1389 1392; x_wconf 81' lang='grc' dir='ltr'>σχῆμα</span> <span class='ocrx_word' id='word_1_398' title='bbox 1420 1358 1469 1392; x_wconf 78' lang='grc' dir='ltr'>τῆς</span> <span class='ocrx_word' id='word_1_399' title='bbox 1499 1357 1654 1392; x_wconf 76' lang='grc' dir='ltr'>προσευχῆς</span> <span class='ocrx_word' id='word_1_400' title='bbox 1677 1356 1812 1392; x_wconf 77' lang='grc' dir='ltr'>προτιμᾷν</span> 
     </span>
    </p>
   </div>
   <div class='ocr_carea' id='block_1_58' title="bbox 1023 1402 1812 1439">
    <p class='ocr_par' dir='ltr' id='par_1_58' title="bbox 1023 1402 1812 1439">
     <span class='ocr_line' id='line_1_58' title="bbox 1023 1402 1812 1439; baseline -0.001 -10"><span class='ocrx_word' id='word_1_401' title='bbox 1023 1404 1047 1430; x_wconf 86' lang='grc' dir='ltr'>οἱ</span> <span class='ocrx_word' id='word_1_402' title='bbox 1059 1403 1155 1438; x_wconf 69' lang='grc' dir='ltr'>θεσμοὶ</span> <span class='ocrx_word' id='word_1_403' title='bbox 1166 1404 1215 1438; x_wconf 77' lang='grc' dir='ltr'>τῆς</span> <span class='ocrx_word' id='word_1_404' title='bbox 1237 1403 1401 1439; x_wconf 70' lang='grc' dir='ltr'>Ἰικκλησίας</span> <span class='ocrx_word' id='word_1_405' title='bbox 1415 1404 1490 1438; x_wconf 75' lang='grc' dir='ltr'>ἡμᾶς</span> <span class='ocrx_word' id='word_1_406' title='bbox 1500 1403 1704 1436; x_wconf 79' lang='grc' dir='ltr'>ἐξεπαίδευσαν,</span> <span class='ocrx_word' id='word_1_407' title='bbox 1720 1403 1752 1428; x_wconf 81' lang='grc' dir='ltr'>ὲκ</span> <span class='ocrx_word' id='word_1_408' title='bbox 1763 1402 1812 1436; x_wconf 81' lang='grc' dir='ltr'>τῆς</span> 
     </span>
    </p>
   </div>
   <div class='ocr_carea' id='block_1_59' title="bbox 1024 1447 1811 1484">
    <p class='ocr_par' dir='ltr' id='par_1_59' title="bbox 1024 1447 1811 1484">
     <span class='ocr_line' id='line_1_59' title="bbox 1024 1447 1811 1484; baseline -0.003 -9"><span class='ocrx_word' id='word_1_409' title='bbox 1024 1449 1155 1484; x_wconf 69' lang='grc' dir='ltr'>ἐναργοῦς</span> <span class='ocrx_word' id='word_1_410' title='bbox 1171 1449 1349 1484; x_wconf 79' lang='grc' dir='ltr'>ὑπομνήσεως</span> <span class='ocrx_word' id='word_1_411' title='bbox 1362 1449 1443 1475; x_wconf 79' lang='grc' dir='ltr'>οἱονεὶ</span> <span class='ocrx_word' id='word_1_412' title='bbox 1459 1449 1660 1484; x_wconf 73' lang='grc' dir='ltr'>μετοικίζοντες</span> <span class='ocrx_word' id='word_1_413' title='bbox 1675 1447 1753 1483; x_wconf 77' lang='grc' dir='ltr'>ἡμῶν</span> <span class='ocrx_word' id='word_1_414' title='bbox 1766 1448 1811 1473; x_wconf 69' lang='grc' dir='ltr'>τὶν</span> 
     </span>
    </p>
   </div>
   <div class='ocr_carea' id='block_1_60' title="bbox 1024 1492 1811 1531">
    <p class='ocr_par' dir='ltr' id='par_1_60' title="bbox 1024 1492 1811 1531">
     <span class='ocr_line' id='line_1_60' title="bbox 1024 1492 1811 1531; baseline -0.004 -9"><span class='ocrx_word' id='word_1_415' title='bbox 1024 1495 1086 1522; x_wconf 70' lang='grc' dir='ltr'>νοῦν</span> <span class='ocrx_word' id='word_1_416' title='bbox 1103 1495 1156 1522; x_wconf 80' lang='grc' dir='ltr'><strong>ἀπὸ</strong></span> <span class='ocrx_word' id='word_1_417' title='bbox 1165 1495 1218 1521; x_wconf 82' lang='grc' dir='ltr'><strong>τῶν</strong></span> <span class='ocrx_word' id='word_1_418' title='bbox 1233 1496 1378 1531; x_wconf 81' lang='grc' dir='ltr'>παρόντων</span> <span class='ocrx_word' id='word_1_419' title='bbox 1394 1497 1439 1522; x_wconf 74' lang='grc' dir='ltr'>ἐπὶ</span> <span class='ocrx_word' id='word_1_420' title='bbox 1454 1496 1489 1522; x_wconf 74' lang='grc' dir='ltr'>τὰ</span> <span class='ocrx_word' id='word_1_421' title='bbox 1508 1495 1641 1530; x_wconf 75' lang='grc' dir='ltr'>μέλλοντα</span> <span class='ocrx_word' id='word_1_422' title='bbox 1657 1502 1663 1509; x_wconf 88' lang='grc'>·</span> <span class='ocrx_word' id='word_1_423' title='bbox 1681 1495 1728 1520; x_wconf 74' lang='grc' dir='ltr'><strong>καὶ</strong></span> <span class='ocrx_word' id='word_1_424' title='bbox 1749 1492 1811 1519; x_wconf 76' lang='grc' dir='ltr'>καθ’</span> 
     </span>
    </p>
   </div>
   <div class='ocr_carea' id='block_1_61' title="bbox 1024 1537 1811 1575">
    <p class='ocr_par' dir='ltr' id='par_1_61' title="bbox 1024 1537 1811 1575">
     <span class='ocr_line' id='line_1_61' title="bbox 1024 1537 1811 1575; baseline -0.004 -9"><span class='ocrx_word' id='word_1_425' title='bbox 1024 1540 1144 1575; x_wconf 77' lang='grc' dir='ltr'>ἑκάστην</span> <span class='ocrx_word' id='word_1_426' title='bbox 1156 1540 1184 1566; x_wconf 78' lang='grc' dir='ltr'>δὲ</span> <span class='ocrx_word' id='word_1_427' title='bbox 1205 1540 1380 1574; x_wconf 83' lang='grc' dir='ltr'>γονυκλισίαν</span> <span class='ocrx_word' id='word_1_428' title='bbox 1397 1541 1443 1566; x_wconf 73' lang='grc' dir='ltr'>καὶ</span> <span class='ocrx_word' id='word_1_429' title='bbox 1466 1540 1642 1566; x_wconf 77' lang='grc' dir='ltr'>διανάστασιν</span> <span class='ocrx_word' id='word_1_430' title='bbox 1656 1538 1729 1575; x_wconf 75' lang='grc' dir='ltr'>ἔργῳ</span> <span class='ocrx_word' id='word_1_431' title='bbox 1756 1537 1811 1565; x_wconf 81' lang='grc' dir='ltr'>δεί-</span> 
     </span>
    </p>
   </div>
   <div class='ocr_carea' id='block_1_62' title="bbox 182 1582 972 1626">
    <p class='ocr_par' dir='ltr' id='par_1_62' title="bbox 182 1583 970 1619">
     <span class='ocr_line' id='line_1_62' title="bbox 182 1583 970 1619; baseline 0 -7"><span class='ocrx_word' id='word_1_432' title='bbox 182 1586 256 1613; x_wconf 86' lang='lat' dir='ltr'><strong>tibus</strong></span> <span class='ocrx_word' id='word_1_433' title='bbox 271 1585 304 1612; x_wconf 90' lang='lat' dir='ltr'><strong>ad</strong></span> <span class='ocrx_word' id='word_1_434' title='bbox 319 1585 420 1612; x_wconf 79' lang='lat' dir='ltr'><strong>futura.</strong></span> <span class='ocrx_word' id='word_1_435' title='bbox 438 1583 552 1619; x_wconf 86' lang='lat' dir='ltr'><strong>Insuper</strong></span> <span class='ocrx_word' id='word_1_436' title='bbox 565 1588 591 1610; x_wconf 83' lang='lat' dir='ltr'><strong>et</strong></span> <span class='ocrx_word' id='word_1_437' title='bbox 606 1584 714 1618; x_wconf 80' lang='lat' dir='ltr'><strong>quoties</strong></span> <span class='ocrx_word' id='word_1_438' title='bbox 727 1591 814 1619; x_wconf 75' lang='lat' dir='ltr'><strong>genua</strong></span> <span class='ocrx_word' id='word_1_439' title='bbox 826 1584 970 1618; x_wconf 85' lang='lat' dir='ltr'><strong>ﬂectimus,</strong></span> 
     </span>
    </p>
   </div>
   <div class='ocr_carea' id='block_1_63' title="bbox 1024 1582 1812 1626">
    <p class='ocr_par' dir='ltr' id='par_1_63' title="bbox 1025 1582 1812 1620">
     <span class='ocr_line' id='line_1_63' title="bbox 1025 1582 1812 1620; baseline -0.005 -8"><span class='ocrx_word' id='word_1_440' title='bbox 1025 1593 1139 1619; x_wconf 80' lang='grc' dir='ltr'>κνυμεν,</span> <span class='ocrx_word' id='word_1_441' title='bbox 1153 1585 1193 1611; x_wconf 81' lang='grc' dir='ltr'><strong>ὅτι</strong></span> <span class='ocrx_word' id='word_1_442' title='bbox 1204 1586 1252 1612; x_wconf 69' lang='grc' dir='ltr'><strong>καὶ</strong></span> <span class='ocrx_word' id='word_1_443' title='bbox 1262 1585 1305 1611; x_wconf 80' lang='grc' dir='ltr'>διὰ</span> <span class='ocrx_word' id='word_1_444' title='bbox 1320 1585 1370 1620; x_wconf 76' lang='grc' dir='ltr'>τῆς</span> <span class='ocrx_word' id='word_1_445' title='bbox 1387 1585 1525 1620; x_wconf 82' lang='grc' dir='ltr'>ἁμαρτίας</span> <span class='ocrx_word' id='word_1_446' title='bbox 1536 1585 1576 1615; x_wconf 75' lang='grc' dir='ltr'>εἰς</span> <span class='ocrx_word' id='word_1_447' title='bbox 1590 1585 1641 1619; x_wconf 79' lang='grc' dir='ltr'>γῆν</span> <span class='ocrx_word' id='word_1_448' title='bbox 1659 1582 1812 1618; x_wconf 64' lang='grc' dir='ltr'>κατερρύη-</span> 
     </span>
    </p>
   </div>
   <div class='ocr_carea' id='block_1_64' title="bbox 182 1629 971 1666">
    <p class='ocr_par' dir='ltr' id='par_1_64' title="bbox 182 1629 971 1666">
     <span class='ocr_line' id='line_1_64' title="bbox 182 1629 971 1666; baseline -0.003 -7"><span class='ocrx_word' id='word_1_449' title='bbox 182 1637 209 1659; x_wconf 85' lang='lat' dir='ltr'><strong>et</strong></span> <span class='ocrx_word' id='word_1_450' title='bbox 230 1639 327 1659; x_wconf 87' lang='lat' dir='ltr'><strong>rursus</strong></span> <span class='ocrx_word' id='word_1_451' title='bbox 350 1631 496 1664; x_wconf 58' lang='lat' dir='ltr'><strong>erigimur;</strong></span> <span class='ocrx_word' id='word_1_452' title='bbox 516 1631 576 1664; x_wconf 90' lang='lat' dir='ltr'><strong>ipso</strong></span> <span class='ocrx_word' id='word_1_453' title='bbox 601 1629 674 1656; x_wconf 85' lang='lat' dir='ltr'><strong>facto</strong></span> <span class='ocrx_word' id='word_1_454' title='bbox 693 1630 872 1662; x_wconf 76' lang='lat' dir='ltr'><strong>ostendimus,</strong></span> <span class='ocrx_word' id='word_1_455' title='bbox 898 1630 971 1666; x_wconf 90' lang='lat' dir='ltr'><strong>quod</strong></span> 
     </span>
    </p>
   </div>
   <div class='ocr_carea' id='block_1_65' title="bbox 182 1676 972 1712">
    <p class='ocr_par' dir='ltr' id='par_1_65' title="bbox 182 1676 972 1712">
     <span class='ocr_line' id='line_1_65' title="bbox 182 1676 972 1712; baseline -0.003 -7"><span class='ocrx_word' id='word_1_456' title='bbox 182 1678 217 1705; x_wconf 88' lang='lat' dir='ltr'><strong>ob</strong></span> <span class='ocrx_word' id='word_1_457' title='bbox 236 1681 377 1712; x_wconf 89' lang='lat' dir='ltr'><strong>peccatum</strong></span> <span class='ocrx_word' id='word_1_458' title='bbox 405 1677 431 1703; x_wconf 93' lang='lat' dir='ltr'><strong>in</strong></span> <span class='ocrx_word' id='word_1_459' title='bbox 457 1681 558 1704; x_wconf 84' lang='lat' dir='ltr'><strong>terram</strong></span> <span class='ocrx_word' id='word_1_460' title='bbox 576 1676 681 1710; x_wconf 85' lang='lat' dir='ltr'><strong>delapsi</strong></span> <span class='ocrx_word' id='word_1_461' title='bbox 697 1683 801 1707; x_wconf 86' lang='lat' dir='ltr'><strong>sumus,</strong></span> <span class='ocrx_word' id='word_1_462' title='bbox 815 1681 841 1703; x_wconf 85' lang='lat' dir='ltr'><strong>et</strong></span> <span class='ocrx_word' id='word_1_463' title='bbox 853 1683 901 1710; x_wconf 83' lang='lat' dir='ltr'><strong>per</strong></span> <span class='ocrx_word' id='word_1_464' title='bbox 918 1677 972 1703; x_wconf 91' lang='lat' dir='ltr'><strong>hu-</strong></span> 
     </span>
    </p>
   </div>
   <div class='ocr_carea' id='block_1_66' title="bbox 183 1722 971 1758">
    <p class='ocr_par' dir='ltr' id='par_1_66' title="bbox 183 1722 971 1758">
     <span class='ocr_line' id='line_1_66' title="bbox 183 1722 971 1758; baseline -0.004 -7"><span class='ocrx_word' id='word_1_465' title='bbox 183 1725 341 1751; x_wconf 80' lang='lat' dir='ltr'><strong>manitatem</strong></span> <span class='ocrx_word' id='word_1_466' title='bbox 358 1723 417 1758; x_wconf 75' lang='lat' dir='ltr'><strong>ejus</strong></span> <span class='ocrx_word' id='word_1_467' title='bbox 430 1722 475 1757; x_wconf 91' lang='lat' dir='ltr'><strong>qui</strong></span> <span class='ocrx_word' id='word_1_468' title='bbox 494 1722 597 1750; x_wconf 89' lang='lat' dir='ltr'><strong>creavit</strong></span> <span class='ocrx_word' id='word_1_469' title='bbox 620 1729 670 1749; x_wconf 92' lang='lat' dir='ltr'><strong>nos</strong></span> <span class='ocrx_word' id='word_1_470' title='bbox 686 1722 713 1748; x_wconf 93' lang='lat' dir='ltr'><strong>in</strong></span> <span class='ocrx_word' id='word_1_471' title='bbox 736 1722 836 1749; x_wconf 86' lang='lat' dir='ltr'><strong>ecelum</strong></span> <span class='ocrx_word' id='word_1_472' title='bbox 852 1722 971 1749; x_wconf 72' lang='lat' dir='ltr'><strong>revocati</strong></span> 
     </span>
    </p>
   </div>
   <div class='ocr_carea' id='block_1_67' title="bbox 182 1767 972 1802">
    <p class='ocr_par' dir='ltr' id='par_1_67' title="bbox 182 1767 972 1802">
     <span class='ocr_line' id='line_1_67' title="bbox 182 1767 972 1802; baseline -0.001 -6"><span class='ocrx_word' id='word_1_473' title='bbox 182 1777 288 1796; x_wconf 79' lang='lat' dir='ltr'><strong>sumus.</strong></span> <span class='ocrx_word' id='word_1_474' title='bbox 306 1768 417 1796; x_wconf 81' lang='lat' dir='ltr'><strong>Deﬁciet</strong></span> <span class='ocrx_word' id='word_1_475' title='bbox 432 1775 476 1795; x_wconf 90' lang='lat' dir='ltr'><strong>me</strong></span> <span class='ocrx_word' id='word_1_476' title='bbox 497 1768 568 1799; x_wconf 89' lang='lat' dir='ltr'><strong>dies,</strong></span> <span class='ocrx_word' id='word_1_477' title='bbox 591 1768 614 1794; x_wconf 87' lang='lat' dir='ltr'><strong>si</strong></span> <span class='ocrx_word' id='word_1_478' title='bbox 633 1767 762 1795; x_wconf 73' lang='lat' dir='ltr'><strong>Ecclesiae</strong></span> <span class='ocrx_word' id='word_1_479' title='bbox 786 1768 914 1802; x_wconf 81' lang='lat' dir='ltr'><strong>mysteria</strong></span> <span class='ocrx_word' id='word_1_480' title='bbox 932 1768 972 1795; x_wconf 94' lang='lat' dir='ltr'><strong>ci-</strong></span> 
     </span>
    </p>
   </div>
   <div class='ocr_carea' id='block_1_68' title="bbox 181 1813 971 1849">
    <p class='ocr_par' dir='ltr' id='par_1_68' title="bbox 181 1813 971 1849">
     <span class='ocr_line' id='line_1_68' title="bbox 181 1813 971 1849; baseline -0.001 -7"><span class='ocrx_word' id='word_1_481' title='bbox 181 1819 223 1842; x_wconf 87' lang='lat' dir='ltr'><strong>tra</strong></span> <span class='ocrx_word' id='word_1_482' title='bbox 254 1814 386 1849; x_wconf 85' lang='lat' dir='ltr'><strong>scriptum</strong></span> <span class='ocrx_word' id='word_1_483' title='bbox 416 1814 511 1841; x_wconf 87' lang='lat' dir='ltr'><strong>tradita</strong></span> <span class='ocrx_word' id='word_1_484' title='bbox 541 1821 654 1848; x_wconf 74' lang='lat' dir='ltr'><strong>pergam</strong></span> <span class='ocrx_word' id='word_1_485' title='bbox 683 1821 836 1841; x_wconf 84' lang='lat' dir='ltr'><strong>recensere.</strong></span> <span class='ocrx_word' id='word_1_486' title='bbox 868 1813 971 1841; x_wconf 87' lang='lat' dir='ltr'><strong>Omitto</strong></span> 
     </span>
    </p>
   </div>
   <div class='ocr_carea' id='block_1_69' title="bbox 181 1858 970 1894">
    <p class='ocr_par' dir='ltr' id='par_1_69' title="bbox 181 1858 970 1894">
     <span class='ocr_line' id='line_1_69' title="bbox 181 1858 970 1894; baseline 0.001 -8"><span class='ocrx_word' id='word_1_487' title='bbox 181 1864 299 1887; x_wconf 76' lang='lat' dir='ltr'><strong>czetcra:</strong></span> <span class='ocrx_word' id='word_1_488' title='bbox 316 1860 401 1894; x_wconf 88' lang='lat' dir='ltr'><strong>ipsam</strong></span> <span class='ocrx_word' id='word_1_489' title='bbox 417 1859 478 1886; x_wconf 86' lang='lat' dir='ltr'><strong>ﬁdei</strong></span> <span class='ocrx_word' id='word_1_490' title='bbox 497 1858 695 1894; x_wconf 81' lang='lat' dir='ltr'><strong>professionem</strong></span> <span class='ocrx_word' id='word_1_491' title='bbox 711 1860 738 1887; x_wconf 90' lang='lat' dir='ltr'><strong>in</strong></span> <span class='ocrx_word' id='word_1_492' title='bbox 752 1859 909 1893; x_wconf 86' lang='lat' dir='ltr'><strong>Patrem,et</strong></span> <span class='ocrx_word' id='word_1_493' title='bbox 925 1860 970 1887; x_wconf 91' lang='lat' dir='ltr'><strong>Fi-</strong></span> 
     </span>
    </p>
   </div>
   <div class='ocr_carea' id='block_1_70' title="bbox 180 1906 971 1941">
    <p class='ocr_par' dir='ltr' id='par_1_70' title="bbox 180 1906 971 1941">
     <span class='ocr_line' id='line_1_70' title="bbox 180 1906 971 1941; baseline 0 -8"><span class='ocrx_word' id='word_1_494' title='bbox 180 1907 294 1939; x_wconf 86' lang='lat' dir='ltr'><strong>lium,et</strong></span> <span class='ocrx_word' id='word_1_495' title='bbox 309 1906 442 1940; x_wconf 88' lang='lat' dir='ltr'><strong>Spiritum</strong></span> <span class='ocrx_word' id='word_1_496' title='bbox 458 1911 595 1939; x_wconf 86' lang='lat' dir='ltr'><strong>sanctum,</strong></span> <span class='ocrx_word' id='word_1_497' title='bbox 612 1913 627 1933; x_wconf 88' lang='lat' dir='ltr'><strong>e</strong></span> <span class='ocrx_word' id='word_1_498' title='bbox 645 1906 746 1941; x_wconf 89' lang='lat' dir='ltr'><strong>quibus</strong></span> <span class='ocrx_word' id='word_1_499' title='bbox 760 1907 892 1934; x_wconf 90' lang='lat' dir='ltr'><strong>habemus</strong></span> <span class='ocrx_word' id='word_1_500' title='bbox 905 1907 971 1936; x_wconf 86' lang='lat' dir='ltr'><strong>seri-</strong></span> 
     </span>
    </p>
   </div>
   <div class='ocr_carea' id='block_1_71' title="bbox 179 1952 971 1987">
    <p class='ocr_par' dir='ltr' id='par_1_71' title="bbox 179 1952 971 1987">
     <span class='ocr_line' id='line_1_71' title="bbox 179 1952 971 1987; baseline 0.001 -8"><span class='ocrx_word' id='word_1_501' title='bbox 179 1952 254 1986; x_wconf 83' lang='lat' dir='ltr'><strong>ptis?</strong></span> <span class='ocrx_word' id='word_1_502' title='bbox 277 1952 384 1979; x_wconf 86' lang='lat' dir='ltr'><strong>Etenim</strong></span> <span class='ocrx_word' id='word_1_503' title='bbox 410 1952 432 1979; x_wconf 88' lang='lat' dir='ltr'><strong>si</strong></span> <span class='ocrx_word' id='word_1_504' title='bbox 455 1952 586 1986; x_wconf 88' lang='lat' dir='ltr'><strong>quoniam</strong></span> <span class='ocrx_word' id='word_1_505' title='bbox 614 1960 646 1979; x_wconf 80' lang='lat' dir='ltr'><strong>ex</strong></span> <span class='ocrx_word' id='word_1_506' title='bbox 673 1952 801 1987; x_wconf 86' lang='lat' dir='ltr'><strong>baptismi</strong></span> <span class='ocrx_word' id='word_1_507' title='bbox 827 1953 971 1980; x_wconf 83' lang='lat' dir='ltr'><strong>traditione</strong></span> 
     </span>
    </p>
   </div>
   <div class='ocr_carea' id='block_1_72' title="bbox 178 1998 968 2034">
    <p class='ocr_par' dir='ltr' id='par_1_72' title="bbox 178 1998 968 2034">
     <span class='ocr_line' id='line_1_72' title="bbox 178 1998 968 2034; baseline 0.003 -10"><span class='ocrx_word' id='word_1_508' title='bbox 178 1998 255 2033; x_wconf 81' lang='lat' dir='ltr'><strong>juxta</strong></span> <span class='ocrx_word' id='word_1_509' title='bbox 277 1998 386 2033; x_wconf 84' lang='lat' dir='ltr'><strong>pictatis</strong></span> <span class='ocrx_word' id='word_1_510' title='bbox 403 1998 458 2034; x_wconf 75' lang='lat'><strong>20</strong></span> <span class='ocrx_word' id='word_1_511' title='bbox 481 1999 716 2031; x_wconf 86' lang='lat' dir='ltr'><strong>consecutionem,</strong></span> <span class='ocrx_word' id='word_1_512' title='bbox 743 2002 773 2026; x_wconf 92' lang='lat' dir='ltr'><strong>ut</strong></span> <span class='ocrx_word' id='word_1_513' title='bbox 787 1999 968 2033; x_wconf 82' lang='lat' dir='ltr'><strong>baptizamur,</strong></span> 
     </span>
    </p>
   </div>
   <div class='ocr_carea' id='block_1_73' title="bbox 178 2044 971 2080">
    <p class='ocr_par' dir='ltr' id='par_1_73' title="bbox 178 2044 971 2080">
     <span class='ocr_line' id='line_1_73' title="bbox 178 2044 971 2080; baseline 0.001 -9"><span class='ocrx_word' id='word_1_514' title='bbox 178 2045 216 2072; x_wconf 88' lang='lat' dir='ltr'><strong>ita</strong></span> <span class='ocrx_word' id='word_1_515' title='bbox 236 2049 264 2072; x_wconf 93' lang='lat' dir='ltr'><strong>et</strong></span> <span class='ocrx_word' id='word_1_516' title='bbox 277 2045 389 2072; x_wconf 83' lang='lat' dir='ltr'><strong>credere</strong></span> <span class='ocrx_word' id='word_1_517' title='bbox 411 2045 554 2077; x_wconf 87' lang='lat' dir='ltr'><strong>debemus,</strong></span> <span class='ocrx_word' id='word_1_518' title='bbox 573 2044 691 2072; x_wconf 88' lang='lat' dir='ltr'><strong>similem</strong></span> <span class='ocrx_word' id='word_1_519' title='bbox 713 2045 848 2079; x_wconf 85' lang='lat' dir='ltr'><strong>baptismo</strong></span> <span class='ocrx_word' id='word_1_520' title='bbox 866 2044 971 2080; x_wconf 79' lang='lat' dir='ltr'><strong>profes-</strong></span> 
     </span>
    </p>
   </div>
   <div class='ocr_carea' id='block_1_74' title="bbox 180 2090 969 2123">
    <p class='ocr_par' dir='ltr' id='par_1_74' title="bbox 180 2090 969 2123">
     <span class='ocr_line' id='line_1_74' title="bbox 180 2090 969 2123; baseline 0.001 -6"><span class='ocrx_word' id='word_1_521' title='bbox 180 2091 286 2118; x_wconf 84' lang='lat' dir='ltr'><strong>sionem</strong></span> <span class='ocrx_word' id='word_1_522' title='bbox 317 2090 502 2118; x_wconf 70' lang='lat' dir='ltr'><strong>exhibemusv:</strong></span> <span class='ocrx_word' id='word_1_523' title='bbox 528 2090 680 2118; x_wconf 84' lang='lat' dir='ltr'><strong>concedant</strong></span> <span class='ocrx_word' id='word_1_524' title='bbox 707 2091 790 2118; x_wconf 89' lang='lat' dir='ltr'><strong>etiam</strong></span> <span class='ocrx_word' id='word_1_525' title='bbox 818 2091 909 2123; x_wconf 89' lang='lat' dir='ltr'><strong>nobis,</strong></span> <span class='ocrx_word' id='word_1_526' title='bbox 939 2095 969 2118; x_wconf 88' lang='lat' dir='ltr'><strong>ut</strong></span> 
     </span>
    </p>
   </div>
   <div class='ocr_carea' id='block_1_75' title="bbox 178 2136 968 2172">
    <p class='ocr_par' dir='ltr' id='par_1_75' title="bbox 178 2136 968 2172">
     <span class='ocr_line' id='line_1_75' title="bbox 178 2136 968 2172; baseline 0.001 -9"><span class='ocrx_word' id='word_1_527' title='bbox 178 2136 254 2171; x_wconf 77' lang='lat' dir='ltr'><strong>juxta</strong></span> <span class='ocrx_word' id='word_1_528' title='bbox 270 2136 394 2163; x_wconf 85' lang='lat' dir='ltr'><strong>eamdem</strong></span> <span class='ocrx_word' id='word_1_529' title='bbox 416 2136 641 2171; x_wconf 85' lang='lat' dir='ltr'><strong>consequentiam</strong></span> <span class='ocrx_word' id='word_1_530' title='bbox 662 2136 886 2172; x_wconf 79' lang='lat' dir='ltr'><strong>glorilicationem</strong></span> <span class='ocrx_word' id='word_1_531' title='bbox 905 2137 968 2164; x_wconf 71' lang='lat' dir='ltr'><strong>ﬁdei</strong></span> 
     </span>
    </p>
   </div>
   <div class='ocr_carea' id='block_1_76' title="bbox 179 2182 969 2217">
    <p class='ocr_par' dir='ltr' id='par_1_76' title="bbox 179 2182 969 2217">
     <span class='ocr_line' id='line_1_76' title="bbox 179 2182 969 2217; baseline 0.001 -8"><span class='ocrx_word' id='word_1_532' title='bbox 179 2182 349 2209; x_wconf 85' lang='lat' dir='ltr'><strong>consimilem</strong></span> <span class='ocrx_word' id='word_1_533' title='bbox 371 2183 571 2216; x_wconf 87' lang='lat' dir='ltr'><strong>persolvamus.</strong></span> <span class='ocrx_word' id='word_1_534' title='bbox 589 2182 668 2215; x_wconf 86' lang='lat' dir='ltr'><strong>Quod</strong></span> <span class='ocrx_word' id='word_1_535' title='bbox 680 2183 703 2210; x_wconf 88' lang='lat' dir='ltr'><strong>si</strong></span> <span class='ocrx_word' id='word_1_536' title='bbox 719 2182 891 2217; x_wconf 78' lang='lat' dir='ltr'><strong>gloriﬁcandi</strong></span> <span class='ocrx_word' id='word_1_537' title='bbox 907 2191 969 2210; x_wconf 90' lang='lat' dir='ltr'><strong>mo-</strong></span> 
     </span>
    </p>
   </div>
   <div class='ocr_carea' id='block_1_77' title="bbox 178 2227 968 2263">
    <p class='ocr_par' dir='ltr' id='par_1_77' title="bbox 178 2227 968 2263">
     <span class='ocr_line' id='line_1_77' title="bbox 178 2227 968 2263; baseline 0.001 -8"><span class='ocrx_word' id='word_1_538' title='bbox 178 2229 242 2256; x_wconf 89' lang='lat' dir='ltr'><strong>dqu</strong></span> <span class='ocrx_word' id='word_1_539' title='bbox 263 2230 346 2257; x_wconf 91' lang='lat' dir='ltr'><strong>veluti</strong></span> <span class='ocrx_word' id='word_1_540' title='bbox 369 2229 462 2263; x_wconf 84' lang='lat' dir='ltr'><strong>scripti</strong></span> <span class='ocrx_word' id='word_1_541' title='bbox 486 2236 541 2255; x_wconf 93' lang='lat' dir='ltr'><strong>non</strong></span> <span class='ocrx_word' id='word_1_542' title='bbox 563 2228 693 2254; x_wconf 88' lang='lat' dir='ltr'><strong>traditum</strong></span> <span class='ocrx_word' id='word_1_543' title='bbox 719 2228 858 2262; x_wconf 89' lang='lat' dir='ltr'><strong>rejiciunt,</strong></span> <span class='ocrx_word' id='word_1_544' title='bbox 878 2227 968 2262; x_wconf 78' lang='lat' dir='ltr'><strong>profc-</strong></span> 
     </span>
    </p>
   </div>
   <div class='ocr_carea' id='block_1_78' title="bbox 177 2270 1006 2309">
    <p class='ocr_par' dir='ltr' id='par_1_78' title="bbox 177 2270 1006 2309">
     <span class='ocr_line' id='line_1_78' title="bbox 177 2270 1006 2309; baseline 0.001 -9"><span class='ocrx_word' id='word_1_545' title='bbox 177 2279 239 2301; x_wconf 80' lang='lat' dir='ltr'><strong>rnut</strong></span> <span class='ocrx_word' id='word_1_546' title='bbox 256 2274 335 2302; x_wconf 89' lang='lat' dir='ltr'><strong>nobis</strong></span> <span class='ocrx_word' id='word_1_547' title='bbox 353 2278 380 2301; x_wconf 89' lang='lat' dir='ltr'><strong>et</strong></span> <span class='ocrx_word' id='word_1_548' title='bbox 401 2273 580 2309; x_wconf 78' lang='lat' dir='ltr'><strong>professionis</strong></span> <span class='ocrx_word' id='word_1_549' title='bbox 597 2272 660 2300; x_wconf 83' lang='lat' dir='ltr'><strong>ﬁdei</strong></span> <span class='ocrx_word' id='word_1_550' title='bbox 680 2277 706 2300; x_wconf 93' lang='lat' dir='ltr'><strong>et</strong></span> <span class='ocrx_word' id='word_1_551' title='bbox 730 2278 890 2300; x_wconf 77' lang='lat' dir='ltr'><strong>czrterorum</strong></span> <span class='ocrx_word' id='word_1_552' title='bbox 907 2282 968 2309; x_wconf 81' lang='lat' dir='ltr'><strong>qua:</strong></span> <span class='ocrx_word' id='word_1_553' title='bbox 985 2270 1006 2297; x_wconf 81' lang='grc'><strong>1)</strong></span> 
     </span>
    </p>
   </div>
   <div class='ocr_carea' id='block_1_79' title="bbox 177 2318 968 2353">
    <p class='ocr_par' dir='ltr' id='par_1_79' title="bbox 177 2318 968 2353">
     <span class='ocr_line' id='line_1_79' title="bbox 177 2318 968 2353; baseline -0.001 -6"><span class='ocrx_word' id='word_1_554' title='bbox 177 2319 452 2347; x_wconf 82' lang='lat' dir='ltr'><strong>commemoravimus</strong></span> <span class='ocrx_word' id='word_1_555' title='bbox 463 2318 653 2353; x_wconf 88' lang='lat' dir='ltr'><strong>probationem</strong></span> <span class='ocrx_word' id='word_1_556' title='bbox 665 2326 679 2344; x_wconf 89' lang='lat' dir='ltr'><strong>e</strong></span> <span class='ocrx_word' id='word_1_557' title='bbox 690 2318 849 2352; x_wconf 87' lang='lat' dir='ltr'><strong>Scripturis.</strong></span> <span class='ocrx_word' id='word_1_558' title='bbox 861 2319 900 2345; x_wconf 83' lang='lat' dir='ltr'><strong>Ad</strong></span> <span class='ocrx_word' id='word_1_559' title='bbox 911 2319 968 2346; x_wconf 66' lang='lat' dir='ltr'><strong>hmo</strong></span> 
     </span>
    </p>
   </div>
   <div class='ocr_carea' id='block_1_80' title="bbox 177 2364 966 2399">
    <p class='ocr_par' dir='ltr' id='par_1_80' title="bbox 177 2364 966 2399">
     <span class='ocr_line' id='line_1_80' title="bbox 177 2364 966 2399; baseline 0 -8"><span class='ocrx_word' id='word_1_560' title='bbox 177 2372 239 2392; x_wconf 89' lang='lat' dir='ltr'><strong>cum</strong></span> <span class='ocrx_word' id='word_1_561' title='bbox 256 2369 308 2390; x_wconf 88' lang='lat' dir='ltr'><strong>tam</strong></span> <span class='ocrx_word' id='word_1_562' title='bbox 325 2365 408 2390; x_wconf 84' lang='lat' dir='ltr'><strong>multa</strong></span> <span class='ocrx_word' id='word_1_563' title='bbox 424 2365 479 2391; x_wconf 89' lang='lat' dir='ltr'><strong>sint</strong></span> <span class='ocrx_word' id='word_1_564' title='bbox 493 2372 552 2398; x_wconf 74' lang='lat' dir='ltr'><strong>qua:</strong></span> <span class='ocrx_word' id='word_1_565' title='bbox 570 2364 673 2398; x_wconf 88' lang='lat' dir='ltr'><strong>scripto</strong></span> <span class='ocrx_word' id='word_1_566' title='bbox 697 2364 803 2399; x_wconf 83' lang='lat' dir='ltr'><strong>prodita</strong></span> <span class='ocrx_word' id='word_1_567' title='bbox 821 2372 874 2392; x_wconf 89' lang='lat' dir='ltr'><strong>non</strong></span> <span class='ocrx_word' id='word_1_568' title='bbox 891 2371 966 2398; x_wconf 84' lang='lat' dir='ltr'><strong>sunt,</strong></span> 
     </span>
    </p>
   </div>
   <div class='ocr_carea' id='block_1_81' title="bbox 176 2410 965 2446">
    <p class='ocr_par' dir='ltr' id='par_1_81' title="bbox 176 2410 965 2446">
     <span class='ocr_line' id='line_1_81' title="bbox 176 2410 965 2446; baseline 0.001 -9"><span class='ocrx_word' id='word_1_569' title='bbox 176 2415 203 2437; x_wconf 85' lang='lat' dir='ltr'><strong>et</strong></span> <span class='ocrx_word' id='word_1_570' title='bbox 223 2415 328 2437; x_wconf 87' lang='lat' dir='ltr'><strong>tantum</strong></span> <span class='ocrx_word' id='word_1_571' title='bbox 350 2411 451 2437; x_wconf 84' lang='lat' dir='ltr'><strong>habent</strong></span> <span class='ocrx_word' id='word_1_572' title='bbox 466 2410 596 2438; x_wconf 86' lang='lat' dir='ltr'><strong>momenti</strong></span> <span class='ocrx_word' id='word_1_573' title='bbox 613 2411 646 2438; x_wconf 89' lang='lat' dir='ltr'><strong>ad</strong></span> <span class='ocrx_word' id='word_1_574' title='bbox 673 2411 782 2445; x_wconf 83' lang='lat' dir='ltr'><strong>pietatis</strong></span> <span class='ocrx_word' id='word_1_575' title='bbox 794 2413 965 2446; x_wconf 85' lang='lat' dir='ltr'><strong>mysterium,</strong></span> 
     </span>
    </p>
   </div>
   <div class='ocr_carea' id='block_1_82' title="bbox 177 2456 966 2492">
    <p class='ocr_par' dir='ltr' id='par_1_82' title="bbox 177 2456 966 2492">
     <span class='ocr_line' id='line_1_82' title="bbox 177 2456 966 2492; baseline 0.001 -9"><span class='ocrx_word' id='word_1_576' title='bbox 177 2456 286 2483; x_wconf 77' lang='lat' dir='ltr'><strong>unicam</strong></span> <span class='ocrx_word' id='word_1_577' title='bbox 301 2457 498 2484; x_wconf 83' lang='lat' dir='ltr'><strong>dictiuneulam</strong></span> <span class='ocrx_word' id='word_1_578' title='bbox 513 2465 573 2492; x_wconf 74' lang='lat' dir='ltr'><strong>qua:</strong></span> <span class='ocrx_word' id='word_1_579' title='bbox 598 2464 612 2482; x_wconf 88' lang='lat' dir='ltr'><strong>a</strong></span> <span class='ocrx_word' id='word_1_580' title='bbox 631 2457 780 2491; x_wconf 83' lang='lat' dir='ltr'><strong>majoribus</strong></span> <span class='ocrx_word' id='word_1_581' title='bbox 804 2457 837 2484; x_wconf 90' lang='lat' dir='ltr'><strong>ad</strong></span> <span class='ocrx_word' id='word_1_582' title='bbox 855 2465 904 2484; x_wconf 89' lang='lat' dir='ltr'><strong>nos</strong></span> <span class='ocrx_word' id='word_1_583' title='bbox 917 2458 966 2484; x_wconf 83' lang='lat' dir='ltr'><strong>de-</strong></span> 
     </span>
    </p>
   </div>
   <div class='ocr_carea' id='block_1_83' title="bbox 176 2502 965 2537">
    <p class='ocr_par' dir='ltr' id='par_1_83' title="bbox 176 2502 965 2537">
     <span class='ocr_line' id='line_1_83' title="bbox 176 2502 965 2537; baseline 0 -7"><span class='ocrx_word' id='word_1_584' title='bbox 176 2503 260 2535; x_wconf 86' lang='lat' dir='ltr'><strong>vcnit,</strong></span> <span class='ocrx_word' id='word_1_585' title='bbox 275 2511 326 2530; x_wconf 85' lang='lat' dir='ltr'><strong>non</strong></span> <span class='ocrx_word' id='word_1_586' title='bbox 340 2502 500 2535; x_wconf 86' lang='lat' dir='ltr'><strong>concedent,</strong></span> <span class='ocrx_word' id='word_1_587' title='bbox 515 2510 597 2537; x_wconf 81' lang='lat' dir='ltr'><strong>quam</strong></span> <span class='ocrx_word' id='word_1_588' title='bbox 615 2511 665 2530; x_wconf 86' lang='lat' dir='ltr'><strong>nos</strong></span> <span class='ocrx_word' id='word_1_589' title='bbox 678 2511 710 2530; x_wconf 79' lang='lat' dir='ltr'><strong>ex</strong></span> <span class='ocrx_word' id='word_1_590' title='bbox 727 2504 881 2530; x_wconf 74' lang='lat' dir='ltr'><strong>inaffectata</strong></span> <span class='ocrx_word' id='word_1_591' title='bbox 899 2512 965 2530; x_wconf 84' lang='lat' dir='ltr'><strong>COII-</strong></span> 
     </span>
    </p>
   </div>
   <div class='ocr_carea' id='block_1_84' title="bbox 176 2549 966 2585">
    <p class='ocr_par' dir='ltr' id='par_1_84' title="bbox 176 2549 966 2585">
     <span class='ocr_line' id='line_1_84' title="bbox 176 2549 966 2585; baseline 0.001 -9"><span class='ocrx_word' id='word_1_592' title='bbox 176 2550 321 2577; x_wconf 86' lang='lat' dir='ltr'><strong>suetudine</strong></span> <span class='ocrx_word' id='word_1_593' title='bbox 341 2550 367 2576; x_wconf 91' lang='lat' dir='ltr'><strong>in</strong></span> <span class='ocrx_word' id='word_1_594' title='bbox 393 2549 531 2582; x_wconf 64' lang='lat' dir='ltr'><strong>iiceiesiis,</strong></span> <span class='ocrx_word' id='word_1_595' title='bbox 555 2558 616 2584; x_wconf 79' lang='lat' dir='ltr'><strong>qua:</strong></span> <span class='ocrx_word' id='word_1_596' title='bbox 637 2557 772 2584; x_wconf 70' lang='lat' dir='ltr'><strong>perversa:</strong></span> <span class='ocrx_word' id='word_1_597' title='bbox 786 2556 812 2576; x_wconf 89' lang='lat' dir='ltr'><strong>et</strong></span> <span class='ocrx_word' id='word_1_598' title='bbox 828 2555 966 2585; x_wconf 78' lang='lat' dir='ltr'><strong>corruptze</strong></span> 
     </span>
    </p>
   </div>
   <div class='ocr_carea' id='block_1_85' title="bbox 174 2595 965 2630">
    <p class='ocr_par' dir='ltr' id='par_1_85' title="bbox 174 2595 965 2630">
     <span class='ocr_line' id='line_1_85' title="bbox 174 2595 965 2630; baseline 0.001 -8"><span class='ocrx_word' id='word_1_599' title='bbox 174 2603 229 2623; x_wconf 87' lang='lat' dir='ltr'><strong>non</strong></span> <span class='ocrx_word' id='word_1_600' title='bbox 252 2601 324 2628; x_wconf 79' lang='lat' dir='ltr'><strong>sunt,</strong></span> <span class='ocrx_word' id='word_1_601' title='bbox 344 2601 546 2630; x_wconf 81' lang='lat' dir='ltr'><strong>perumnentem</strong></span> <span class='ocrx_word' id='word_1_602' title='bbox 571 2595 735 2628; x_wconf 77' lang='lat' dir='ltr'><strong>invenimus,</strong></span> <span class='ocrx_word' id='word_1_603' title='bbox 757 2596 829 2623; x_wconf 69' lang='lat' dir='ltr'><strong>haud</strong></span> <span class='ocrx_word' id='word_1_604' title='bbox 860 2598 965 2624; x_wconf 87' lang='lat' dir='ltr'><strong>medio-</strong></span> 
     </span>
    </p>
   </div>
   <div class='ocr_carea' id='block_1_86' title="bbox 174 2642 961 2678">
    <p class='ocr_par' dir='ltr' id='par_1_86' title="bbox 174 2642 961 2678">
     <span class='ocr_line' id='line_1_86' title="bbox 174 2642 961 2678; baseline 0.001 -10"><span class='ocrx_word' id='word_1_605' title='bbox 174 2649 248 2669; x_wconf 85' lang='lat' dir='ltr'><strong>crem</strong></span> <span class='ocrx_word' id='word_1_606' title='bbox 276 2642 406 2669; x_wconf 84' lang='lat' dir='ltr'><strong>rationem</strong></span> <span class='ocrx_word' id='word_1_607' title='bbox 432 2642 588 2672; x_wconf 83' lang='lat' dir='ltr'><strong>habentem.</strong></span> <span class='ocrx_word' id='word_1_608' title='bbox 615 2650 704 2677; x_wconf 89' lang='lat' dir='ltr'><strong>neque</strong></span> <span class='ocrx_word' id='word_1_609' title='bbox 723 2643 858 2670; x_wconf 87' lang='lat' dir='ltr'><strong>mediocre</strong></span> <span class='ocrx_word' id='word_1_610' title='bbox 883 2644 961 2678; x_wconf 80' lang='lat' dir='ltr'><strong>adju-</strong></span> 
     </span>
    </p>
   </div>
   <div class='ocr_carea' id='block_1_87' title="bbox 173 2687 752 2723">
    <p class='ocr_par' dir='ltr' id='par_1_87' title="bbox 173 2687 752 2723">
     <span class='ocr_line' id='line_1_87' title="bbox 173 2687 752 2723; baseline 0 -8"><span class='ocrx_word' id='word_1_611' title='bbox 173 2692 295 2715; x_wconf 87' lang='lat' dir='ltr'><strong>mcntum</strong></span> <span class='ocrx_word' id='word_1_612' title='bbox 313 2688 345 2714; x_wconf 83' lang='lat' dir='ltr'><strong>ad</strong></span> <span class='ocrx_word' id='word_1_613' title='bbox 364 2688 484 2723; x_wconf 79' lang='lat' dir='ltr'><strong>mysterii</strong></span> <span class='ocrx_word' id='word_1_614' title='bbox 499 2689 552 2715; x_wconf 86' lang='lat' dir='ltr'><strong>vim</strong></span> <span class='ocrx_word' id='word_1_615' title='bbox 570 2687 727 2715; x_wconf 65' lang='lat' dir='ltr'><strong>aifarentmn</strong></span> <span class='ocrx_word' id='word_1_616' title='bbox 742 2689 752 2715; x_wconf 74' lang='grc' dir='ltr'><em>ῗ</em></span> 
     </span>
    </p>
   </div>
   <div class='ocr_carea' id='block_1_88' title="bbox 239 2746 894 2782">
    <p class='ocr_par' dir='ltr' id='par_1_88' title="bbox 239 2746 894 2782">
     <span class='ocr_line' id='line_1_88' title="bbox 239 2746 894 2782; baseline 0.002 -9"><span class='ocrx_word' id='word_1_617' title='bbox 239 2746 365 2781; x_wconf 64' lang='lat' dir='ltr'><strong>Ejusdem</strong></span> <span class='ocrx_word' id='word_1_618' title='bbox 382 2756 413 2774; x_wconf 67' lang='lat' dir='ltr'><strong>ex</strong></span> <span class='ocrx_word' id='word_1_619' title='bbox 426 2748 511 2782; x_wconf 79' lang='lat' dir='ltr'><strong>capite</strong></span> <span class='ocrx_word' id='word_1_620' title='bbox 526 2747 560 2774; x_wconf 68' lang='lat'><strong>2‘.)</strong></span> <span class='ocrx_word' id='word_1_621' title='bbox 575 2746 606 2773; x_wconf 78' lang='lat' dir='ltr'><strong>de</strong></span> <span class='ocrx_word' id='word_1_622' title='bbox 619 2746 710 2773; x_wconf 79' lang='lat' dir='ltr'><strong>eodem</strong></span> <span class='ocrx_word' id='word_1_623' title='bbox 730 2751 894 2780; x_wconf 66' lang='lat' dir='ltr'><strong>art/inuento.</strong></span> 
     </span>
    </p>
   </div>
   <div class='ocr_carea' id='block_1_89' title="bbox 208 2824 959 2863">
    <p class='ocr_par' dir='ltr' id='par_1_89' title="bbox 208 2824 959 2863">
     <span class='ocr_line' id='line_1_89' title="bbox 208 2824 959 2863; baseline -0.004 -8"><span class='ocrx_word' id='word_1_624' title='bbox 208 2826 282 2856; x_wconf 82' lang='lat' dir='ltr'><strong>Sane</strong></span> <span class='ocrx_word' id='word_1_625' title='bbox 295 2831 390 2856; x_wconf 83' lang='lat' dir='ltr'><strong>contra</strong></span> <span class='ocrx_word' id='word_1_626' title='bbox 403 2827 428 2855; x_wconf 92' lang='lat' dir='ltr'><strong>id</strong></span> <span class='ocrx_word' id='word_1_627' title='bbox 445 2826 516 2863; x_wconf 88' lang='lat' dir='ltr'><strong>quod</strong></span> <span class='ocrx_word' id='word_1_628' title='bbox 539 2826 645 2858; x_wconf 83' lang='lat' dir='ltr'><strong>dicunt,</strong></span> <span class='ocrx_word' id='word_1_629' title='bbox 659 2824 884 2860; x_wconf 74' lang='lat' dir='ltr'><strong>gloriﬁcationcm</strong></span> <span class='ocrx_word' id='word_1_630' title='bbox 900 2834 959 2853; x_wconf 82' lang='lat' dir='ltr'><strong>cum</strong></span> 
     </span>
    </p>
   </div>
   <div class='ocr_carea' id='block_1_90' title="bbox 207 2915 726 2952">
    <p class='ocr_par' dir='ltr' id='par_1_90' title="bbox 207 2915 726 2952">
     <span class='ocr_line' id='line_1_90' title="bbox 207 2915 726 2952; baseline 0.006 -9"><span class='ocrx_word' id='word_1_631' title='bbox 207 2915 270 2933; x_wconf 56' lang='lat'><strong>&#39;1&#39;&quot;</strong></span> <span class='ocrx_word' id='word_1_632' title='bbox 285 2916 351 2944; x_wconf 82' lang='lat' dir='ltr'><strong>Gen.</strong></span> <span class='ocrx_word' id='word_1_633' title='bbox 373 2926 392 2952; x_wconf 84' lang='grc' dir='ltr'><strong>ι,</strong></span> <span class='ocrx_word' id='word_1_634' title='bbox 406 2917 431 2945; x_wconf 77' lang='grc'><strong>5.</strong></span> <span class='ocrx_word' id='word_1_635' title='bbox 471 2917 494 2934; x_wconf 86' lang='grc'><strong>¹⁹</strong></span> <span class='ocrx_word' id='word_1_636' title='bbox 507 2916 582 2944; x_wconf 60' lang='grc' dir='ltr'><strong>Ρμοῐ.</strong></span> <span class='ocrx_word' id='word_1_637' title='bbox 596 2924 620 2943; x_wconf 84' lang='lat' dir='ltr'><strong>\‘t</strong></span> <span class='ocrx_word' id='word_1_638' title='bbox 637 2921 664 2945; x_wconf 82' lang='lat' dir='ltr'><strong>et</strong></span> <span class='ocrx_word' id='word_1_639' title='bbox 679 2924 726 2946; x_wconf 71' lang='lat' dir='ltr'><strong>xu.</strong></span> 
     </span>
    </p>
   </div>
   <div class='ocr_carea' id='block_1_91' title="bbox 1025 1629 1809 1666">
    <p class='ocr_par' dir='ltr' id='par_1_91' title="bbox 1025 1629 1809 1666">
     <span class='ocr_line' id='line_1_91' title="bbox 1025 1629 1809 1666; baseline -0.004 -9"><span class='ocrx_word' id='word_1_640' title='bbox 1025 1639 1085 1666; x_wconf 89' lang='grc' dir='ltr'>μεν,</span> <span class='ocrx_word' id='word_1_641' title='bbox 1104 1631 1151 1657; x_wconf 74' lang='grc' dir='ltr'>καὶ</span> <span class='ocrx_word' id='word_1_642' title='bbox 1177 1630 1221 1656; x_wconf 70' lang='grc' dir='ltr'><strong>διὰ</strong></span> <span class='ocrx_word' id='word_1_643' title='bbox 1236 1631 1284 1664; x_wconf 75' lang='grc' dir='ltr'><strong>τῆς</strong></span> <span class='ocrx_word' id='word_1_644' title='bbox 1302 1631 1473 1666; x_wconf 79' lang='grc' dir='ltr'>ἀναμαρτίας</span> <span class='ocrx_word' id='word_1_645' title='bbox 1489 1629 1536 1656; x_wconf 81' lang='grc' dir='ltr'>τοῦ</span> <span class='ocrx_word' id='word_1_646' title='bbox 1564 1629 1706 1659; x_wconf 78' lang='grc' dir='ltr'>κτίσαντος</span> <span class='ocrx_word' id='word_1_647' title='bbox 1725 1629 1809 1663; x_wconf 74' lang='grc' dir='ltr'>ἡμᾶς,</span> 
     </span>
    </p>
   </div>
   <div class='ocr_carea' id='block_1_92' title="bbox 1023 1674 1809 1712">
    <p class='ocr_par' dir='ltr' id='par_1_92' title="bbox 1023 1674 1809 1712">
     <span class='ocr_line' id='line_1_92' title="bbox 1023 1674 1809 1712; baseline -0.006 -9"><span class='ocrx_word' id='word_1_648' title='bbox 1023 1678 1062 1708; x_wconf 87' lang='grc' dir='ltr'><strong>είς</strong></span> <span class='ocrx_word' id='word_1_649' title='bbox 1081 1676 1192 1712; x_wconf 63' lang='grc' dir='ltr'>οὐρανὸν</span> <span class='ocrx_word' id='word_1_650' title='bbox 1211 1676 1413 1711; x_wconf 77' lang='grc' dir='ltr'>ἁνεκλήθημεν.</span> <span class='ocrx_word' id='word_1_651' title='bbox 1437 1675 1586 1710; x_wconf 70' lang='grc' dir='ltr'>Ἐπιλείψει</span> <span class='ocrx_word' id='word_1_652' title='bbox 1614 1683 1646 1709; x_wconf 86' lang='grc' dir='ltr'><strong>με</strong></span> <span class='ocrx_word' id='word_1_653' title='bbox 1668 1675 1684 1709; x_wconf 76' lang='grc' dir='ltr'><strong>ὴ</strong></span> <span class='ocrx_word' id='word_1_654' title='bbox 1707 1674 1809 1709; x_wconf 82' lang='grc' dir='ltr'>ἡμέρα,</span> 
     </span>
    </p>
   </div>
   <div class='ocr_carea' id='block_1_93' title="bbox 1022 1719 1808 1757">
    <p class='ocr_par' dir='ltr' id='par_1_93' title="bbox 1022 1719 1808 1757">
     <span class='ocr_line' id='line_1_93' title="bbox 1022 1719 1808 1757; baseline -0.006 -8"><span class='ocrx_word' id='word_1_655' title='bbox 1022 1722 1056 1749; x_wconf 73' lang='grc' dir='ltr'>τὰ</span> <span class='ocrx_word' id='word_1_656' title='bbox 1070 1722 1181 1757; x_wconf 79' lang='grc' dir='ltr'>ἄγραφα</span> <span class='ocrx_word' id='word_1_657' title='bbox 1194 1722 1242 1757; x_wconf 81' lang='grc' dir='ltr'>τῆς</span> <span class='ocrx_word' id='word_1_658' title='bbox 1265 1721 1429 1757; x_wconf 85' lang='grc' dir='ltr'>Ἑκκλησίας</span> <span class='ocrx_word' id='word_1_659' title='bbox 1447 1721 1585 1756; x_wconf 80' lang='grc' dir='ltr'>μυστήρια</span> <span class='ocrx_word' id='word_1_660' title='bbox 1609 1719 1788 1754; x_wconf 78' lang='grc' dir='ltr'>διηγούμενον</span> <span class='ocrx_word' id='word_1_661' title='bbox 1800 1727 1808 1733; x_wconf 93' lang='grc'><strong>·</strong></span> 
     </span>
    </p>
   </div>
   <div class='ocr_carea' id='block_1_94' title="bbox 1022 1766 1811 1803">
    <p class='ocr_par' dir='ltr' id='par_1_94' title="bbox 1022 1766 1811 1803">
     <span class='ocr_line' id='line_1_94' title="bbox 1022 1766 1811 1803; baseline -0.005 -9"><span class='ocrx_word' id='word_1_662' title='bbox 1022 1768 1058 1794; x_wconf 79' lang='grc' dir='ltr'><strong>ὲῶ</strong></span> <span class='ocrx_word' id='word_1_663' title='bbox 1075 1768 1158 1795; x_wconf 81' lang='grc' dir='ltr'>τᾶλλα</span> <span class='ocrx_word' id='word_1_664' title='bbox 1174 1775 1180 1781; x_wconf 89' lang='grc'><strong>·</strong></span> <span class='ocrx_word' id='word_1_665' title='bbox 1198 1767 1282 1803; x_wconf 80' lang='grc' dir='ltr'>αὐτὴν</span> <span class='ocrx_word' id='word_1_666' title='bbox 1293 1768 1322 1794; x_wconf 79' lang='grc' dir='ltr'><strong>δὲ</strong></span> <span class='ocrx_word' id='word_1_667' title='bbox 1339 1768 1389 1803; x_wconf 88' lang='grc' dir='ltr'>τὴν</span> <span class='ocrx_word' id='word_1_668' title='bbox 1403 1767 1549 1802; x_wconf 83' lang='grc' dir='ltr'>ὁμολογίαν</span> <span class='ocrx_word' id='word_1_669' title='bbox 1561 1767 1610 1801; x_wconf 81' lang='grc' dir='ltr'>τῆς</span> <span class='ocrx_word' id='word_1_670' title='bbox 1623 1766 1751 1797; x_wconf 83' lang='grc' dir='ltr'>πίστεως,</span> <span class='ocrx_word' id='word_1_671' title='bbox 1766 1773 1811 1791; x_wconf 89' lang='grc' dir='ltr'>πι-</span> 
     </span>
    </p>
   </div>
   <div class='ocr_carea' id='block_1_95' title="bbox 1022 1812 1810 1850">
    <p class='ocr_par' dir='ltr' id='par_1_95' title="bbox 1022 1812 1810 1850">
     <span class='ocr_line' id='line_1_95' title="bbox 1022 1812 1810 1850; baseline -0.003 -10"><span class='ocrx_word' id='word_1_672' title='bbox 1022 1814 1128 1842; x_wconf 79' lang='grc' dir='ltr'>στεύειν</span> <span class='ocrx_word' id='word_1_673' title='bbox 1147 1816 1186 1847; x_wconf 84' lang='grc' dir='ltr'>εἰς</span> <span class='ocrx_word' id='word_1_674' title='bbox 1201 1815 1321 1850; x_wconf 83' lang='grc' dir='ltr'>Πατέρα,</span> <span class='ocrx_word' id='word_1_675' title='bbox 1333 1814 1380 1842; x_wconf 76' lang='grc' dir='ltr'>καὶ</span> <span class='ocrx_word' id='word_1_676' title='bbox 1395 1814 1469 1847; x_wconf 82' lang='grc' dir='ltr'>Υἱδν,</span> <span class='ocrx_word' id='word_1_677' title='bbox 1481 1814 1527 1840; x_wconf 70' lang='grc' dir='ltr'>καὶ</span> <span class='ocrx_word' id='word_1_678' title='bbox 1546 1813 1622 1848; x_wconf 74' lang='grc' dir='ltr'>ἅγιον</span> <span class='ocrx_word' id='word_1_679' title='bbox 1638 1812 1761 1847; x_wconf 84' lang='grc' dir='ltr'>Πνεῦμα,</span> <span class='ocrx_word' id='word_1_680' title='bbox 1778 1812 1810 1838; x_wconf 78' lang='grc' dir='ltr'>ὲκ</span> 
     </span>
    </p>
   </div>
   <div class='ocr_carea' id='block_1_96' title="bbox 1025 1857 1810 1896">
    <p class='ocr_par' dir='ltr' id='par_1_96' title="bbox 1025 1857 1810 1896">
     <span class='ocr_line' id='line_1_96' title="bbox 1025 1857 1810 1896; baseline -0.008 -6"><span class='ocrx_word' id='word_1_681' title='bbox 1025 1863 1108 1892; x_wconf 85' lang='grc' dir='ltr'>ποίων</span> <span class='ocrx_word' id='word_1_682' title='bbox 1132 1861 1303 1896; x_wconf 77' lang='grc' dir='ltr'>γραμμάτων</span> <span class='ocrx_word' id='word_1_683' title='bbox 1320 1860 1417 1896; x_wconf 73' lang='grc' dir='ltr'>ἔχομεν</span> <span class='ocrx_word' id='word_1_684' title='bbox 1429 1868 1436 1892; x_wconf 88' lang='lat'>;</span> <span class='ocrx_word' id='word_1_685' title='bbox 1449 1860 1480 1886; x_wconf 83' lang='grc' dir='ltr'><strong>Εἰ</strong></span> <span class='ocrx_word' id='word_1_686' title='bbox 1500 1859 1550 1894; x_wconf 81' lang='grc' dir='ltr'>μὲν</span> <span class='ocrx_word' id='word_1_687' title='bbox 1569 1859 1623 1894; x_wconf 74' lang='grc' dir='ltr'>γὰρ</span> <span class='ocrx_word' id='word_1_688' title='bbox 1647 1859 1679 1885; x_wconf 85' lang='grc' dir='ltr'>ὲκ</span> <span class='ocrx_word' id='word_1_689' title='bbox 1698 1858 1746 1893; x_wconf 86' lang='grc' dir='ltr'>τῆς</span> <span class='ocrx_word' id='word_1_690' title='bbox 1761 1857 1810 1884; x_wconf 85' lang='grc' dir='ltr'>τοῦ</span> 
     </span>
    </p>
   </div>
   <div class='ocr_carea' id='block_1_97' title="bbox 1022 1903 1811 1946">
    <p class='ocr_par' dir='ltr' id='par_1_97' title="bbox 1022 1903 1811 1946">
     <span class='ocr_line' id='line_1_97' title="bbox 1022 1903 1811 1946; baseline -0.009 -9"><span class='ocrx_word' id='word_1_691' title='bbox 1022 1910 1209 1946; x_wconf 62' lang='grc' dir='ltr'>βαπτίσματος</span> <span class='ocrx_word' id='word_1_692' title='bbox 1221 1907 1408 1943; x_wconf 60' lang='grc' dir='ltr'>παραδόπως.</span> <span class='ocrx_word' id='word_1_693' title='bbox 1421 1906 1530 1933; x_wconf 74' lang='grc' dir='ltr'>κατὰτὸ</span> <span class='ocrx_word' id='word_1_694' title='bbox 1543 1906 1591 1940; x_wconf 81' lang='grc' dir='ltr'>τῆς</span> <span class='ocrx_word' id='word_1_695' title='bbox 1601 1903 1811 1935; x_wconf 62' lang='grc' dir='ltr'>εὐσεϐείαςάκόα</span> 
     </span>
    </p>
   </div>
   <div class='ocr_carea' id='block_1_98' title="bbox 1020 1950 1810 1990">
    <p class='ocr_par' dir='ltr' id='par_1_98' title="bbox 1020 1950 1810 1990">
     <span class='ocr_line' id='line_1_98' title="bbox 1020 1950 1810 1990; baseline -0.009 -7"><span class='ocrx_word' id='word_1_696' title='bbox 1020 1957 1125 1988; x_wconf 83' lang='grc' dir='ltr'>λουοον,</span> <span class='ocrx_word' id='word_1_697' title='bbox 1139 1955 1175 1987; x_wconf 84' lang='grc' dir='ltr'>ὡς</span> <span class='ocrx_word' id='word_1_698' title='bbox 1192 1954 1389 1990; x_wconf 72' lang='grc' dir='ltr'>βαπτιζόμεοα,</span> <span class='ocrx_word' id='word_1_699' title='bbox 1398 1952 1469 1979; x_wconf 72' lang='grc' dir='ltr'>οὕτω</span> <span class='ocrx_word' id='word_1_700' title='bbox 1480 1953 1525 1979; x_wconf 68' lang='grc' dir='ltr'>καὶ</span> <span class='ocrx_word' id='word_1_701' title='bbox 1543 1952 1681 1978; x_wconf 71' lang='grc' dir='ltr'>πιστεύειν</span> <span class='ocrx_word' id='word_1_702' title='bbox 1691 1950 1810 1985; x_wconf 75' lang='grc' dir='ltr'>ὀφείλον-</span> 
     </span>
    </p>
   </div>
   <div class='ocr_carea' id='block_1_99' title="bbox 1019 1997 1810 2036">
    <p class='ocr_par' dir='ltr' id='par_1_99' title="bbox 1019 1997 1810 2036">
     <span class='ocr_line' id='line_1_99' title="bbox 1019 1997 1810 2036; baseline -0.008 -8"><span class='ocrx_word' id='word_1_703' title='bbox 1019 2010 1076 2034; x_wconf 77' lang='grc' dir='ltr'>τες,</span> <span class='ocrx_word' id='word_1_704' title='bbox 1094 2001 1191 2036; x_wconf 79' lang='grc' dir='ltr'>ὁμοίαν</span> <span class='ocrx_word' id='word_1_705' title='bbox 1211 1999 1250 2034; x_wconf 87' lang='grc' dir='ltr'>τῷ</span> <span class='ocrx_word' id='word_1_706' title='bbox 1274 1999 1443 2035; x_wconf 76' lang='grc' dir='ltr'>βαπτίσματι</span> <span class='ocrx_word' id='word_1_707' title='bbox 1460 1998 1509 2033; x_wconf 77' lang='grc' dir='ltr'><strong>τὴν</strong></span> <span class='ocrx_word' id='word_1_708' title='bbox 1524 1997 1669 2032; x_wconf 79' lang='grc' dir='ltr'>ὁμολογίαν</span> <span class='ocrx_word' id='word_1_709' title='bbox 1696 2005 1810 2023; x_wconf 86' lang='grc' dir='ltr'>κατατι-</span> 
     </span>
    </p>
   </div>
   <div class='ocr_carea' id='block_1_100' title="bbox 1021 2043 1810 2082">
    <p class='ocr_par' dir='ltr' id='par_1_100' title="bbox 1021 2043 1810 2082">
     <span class='ocr_line' id='line_1_100' title="bbox 1021 2043 1810 2082; baseline -0.008 -8"><span class='ocrx_word' id='word_1_710' title='bbox 1021 2046 1134 2082; x_wconf 80' lang='grc' dir='ltr'>θέμεθα,</span> <span class='ocrx_word' id='word_1_711' title='bbox 1152 2046 1408 2080; x_wconf 77' lang='grc' dir='ltr'>συγχωρησάτωσαν</span> <span class='ocrx_word' id='word_1_712' title='bbox 1421 2045 1488 2079; x_wconf 85' lang='grc' dir='ltr'>ἡμῖν</span> <span class='ocrx_word' id='word_1_713' title='bbox 1509 2045 1541 2070; x_wconf 79' lang='grc' dir='ltr'><strong>ὲκ</strong></span> <span class='ocrx_word' id='word_1_714' title='bbox 1562 2044 1612 2078; x_wconf 84' lang='grc' dir='ltr'>τῆς</span> <span class='ocrx_word' id='word_1_715' title='bbox 1630 2043 1715 2077; x_wconf 81' lang='grc' dir='ltr'>αὐτῆς</span> <span class='ocrx_word' id='word_1_716' title='bbox 1744 2044 1810 2069; x_wconf 80' lang='grc' dir='ltr'>ἁκο-</span> 
     </span>
    </p>
   </div>
   <div class='ocr_carea' id='block_1_101' title="bbox 1019 2087 1809 2127">
    <p class='ocr_par' dir='ltr' id='par_1_101' title="bbox 1019 2087 1809 2127">
     <span class='ocr_line' id='line_1_101' title="bbox 1019 2087 1809 2127; baseline -0.01 -7"><span class='ocrx_word' id='word_1_717' title='bbox 1019 2093 1137 2124; x_wconf 82' lang='grc' dir='ltr'>λουθίας,</span> <span class='ocrx_word' id='word_1_718' title='bbox 1151 2092 1246 2127; x_wconf 86' lang='grc' dir='ltr'>ὁμοίαν</span> <span class='ocrx_word' id='word_1_719' title='bbox 1264 2093 1297 2127; x_wconf 84' lang='grc' dir='ltr'>τῇ</span> <span class='ocrx_word' id='word_1_720' title='bbox 1318 2090 1409 2117; x_wconf 80' lang='grc' dir='ltr'>πίστει</span> <span class='ocrx_word' id='word_1_721' title='bbox 1426 2090 1475 2124; x_wconf 84' lang='grc' dir='ltr'>τὴν</span> <span class='ocrx_word' id='word_1_722' title='bbox 1498 2089 1577 2121; x_wconf 74' lang='grc' dir='ltr'>δόξαν</span> <span class='ocrx_word' id='word_1_723' title='bbox 1598 2088 1762 2115; x_wconf 76' lang='grc' dir='ltr'>ἀποδιδόναι.</span> <span class='ocrx_word' id='word_1_724' title='bbox 1778 2087 1809 2113; x_wconf 79' lang='lat' dir='ltr'><strong>El</strong></span> 
     </span>
    </p>
   </div>
   <div class='ocr_carea' id='block_1_102' title="bbox 1019 2134 1810 2174">
    <p class='ocr_par' dir='ltr' id='par_1_102' title="bbox 1019 2134 1810 2174">
     <span class='ocr_line' id='line_1_102' title="bbox 1019 2134 1810 2174; baseline -0.008 -9"><span class='ocrx_word' id='word_1_725' title='bbox 1019 2139 1048 2166; x_wconf 82' lang='grc' dir='ltr'><strong>δὲ</strong></span> <span class='ocrx_word' id='word_1_726' title='bbox 1062 2139 1107 2165; x_wconf 69' lang='grc' dir='ltr'><strong>τὸν</strong></span> <span class='ocrx_word' id='word_1_727' title='bbox 1124 2137 1224 2174; x_wconf 84' lang='grc' dir='ltr'>τρόπον</span> <span class='ocrx_word' id='word_1_728' title='bbox 1248 2136 1298 2172; x_wconf 76' lang='grc' dir='ltr'><strong>τῆς</strong></span> <span class='ocrx_word' id='word_1_729' title='bbox 1328 2135 1483 2170; x_wconf 74' lang='grc' dir='ltr'>δοξολογίας</span> <span class='ocrx_word' id='word_1_730' title='bbox 1508 2135 1545 2166; x_wconf 83' lang='grc' dir='ltr'>ὼς</span> <span class='ocrx_word' id='word_1_731' title='bbox 1565 2134 1690 2170; x_wconf 75' lang='grc' dir='ltr'>ἄγραφον</span> <span class='ocrx_word' id='word_1_732' title='bbox 1707 2142 1810 2169; x_wconf 84' lang='grc' dir='ltr'>παραι-</span> 
     </span>
    </p>
   </div>
   <div class='ocr_carea' id='block_1_103' title="bbox 1019 2179 1808 2217">
    <p class='ocr_par' dir='ltr' id='par_1_103' title="bbox 1019 2179 1808 2217">
     <span class='ocr_line' id='line_1_103' title="bbox 1019 2179 1808 2217; baseline -0.006 -7"><span class='ocrx_word' id='word_1_733' title='bbox 1019 2184 1139 2216; x_wconf 81' lang='grc' dir='ltr'>τοῦνται,</span> <span class='ocrx_word' id='word_1_734' title='bbox 1155 2183 1275 2210; x_wconf 74' lang='grc' dir='ltr'>δότωσαν</span> <span class='ocrx_word' id='word_1_735' title='bbox 1290 2183 1356 2217; x_wconf 83' lang='grc' dir='ltr'>ἡμῖν</span> <span class='ocrx_word' id='word_1_736' title='bbox 1370 2182 1420 2215; x_wconf 81' lang='grc' dir='ltr'><strong>τῆς</strong></span> <span class='ocrx_word' id='word_1_737' title='bbox 1431 2190 1461 2207; x_wconf 84' lang='grc' dir='ltr'><strong>τε</strong></span> <span class='ocrx_word' id='word_1_738' title='bbox 1479 2181 1551 2207; x_wconf 85' lang='grc' dir='ltr'><strong>κατὰ</strong></span> <span class='ocrx_word' id='word_1_739' title='bbox 1568 2181 1618 2215; x_wconf 83' lang='grc' dir='ltr'>τὴν</span> <span class='ocrx_word' id='word_1_740' title='bbox 1633 2179 1726 2206; x_wconf 81' lang='grc' dir='ltr'>πίστιν</span> <span class='ocrx_word' id='word_1_741' title='bbox 1741 2180 1808 2214; x_wconf 79' lang='grc' dir='ltr'>ὁμο-</span> 
     </span>
    </p>
   </div>
   <div class='ocr_carea' id='block_1_104' title="bbox 1019 2224 1810 2265">
    <p class='ocr_par' dir='ltr' id='par_1_104' title="bbox 1019 2224 1810 2265">
     <span class='ocr_line' id='line_1_104' title="bbox 1019 2224 1810 2265; baseline -0.006 -9"><span class='ocrx_word' id='word_1_742' title='bbox 1019 2230 1122 2265; x_wconf 83' lang='grc' dir='ltr'>λογίας,</span> <span class='ocrx_word' id='word_1_743' title='bbox 1138 2230 1184 2256; x_wconf 78' lang='grc' dir='ltr'>καὶ</span> <span class='ocrx_word' id='word_1_744' title='bbox 1198 2229 1250 2256; x_wconf 84' lang='grc' dir='ltr'>τῶν</span> <span class='ocrx_word' id='word_1_745' title='bbox 1263 2229 1364 2255; x_wconf 82' lang='grc' dir='ltr'>λοιπῶν</span> <span class='ocrx_word' id='word_1_746' title='bbox 1378 2224 1415 2255; x_wconf 82' lang='grc' dir='ltr'>ὧν</span> <span class='ocrx_word' id='word_1_747' title='bbox 1428 2226 1695 2263; x_wconf 76' lang='grc' dir='ltr'>ἁπηριθμησάμεοα,</span> <span class='ocrx_word' id='word_1_748' title='bbox 1709 2226 1810 2260; x_wconf 73' lang='grc' dir='ltr'>ἐγγρά-</span> 
     </span>
    </p>
   </div>
   <div class='ocr_carea' id='block_1_105' title="bbox 1021 2271 1807 2310">
    <p class='ocr_par' dir='ltr' id='par_1_105' title="bbox 1021 2271 1807 2310">
     <span class='ocr_line' id='line_1_105' title="bbox 1021 2271 1807 2310; baseline -0.006 -8"><span class='ocrx_word' id='word_1_749' title='bbox 1021 2285 1088 2310; x_wconf 83' lang='grc' dir='ltr'>φους</span> <span class='ocrx_word' id='word_1_750' title='bbox 1099 2275 1150 2306; x_wconf 78' lang='grc' dir='ltr'>τὰς</span> <span class='ocrx_word' id='word_1_751' title='bbox 1158 2275 1319 2308; x_wconf 75' lang='grc' dir='ltr'>ἀποδείξεις.</span> <span class='ocrx_word' id='word_1_752' title='bbox 1340 2272 1405 2300; x_wconf 77' lang='grc' dir='ltr'>Εἶτα</span> <span class='ocrx_word' id='word_1_753' title='bbox 1415 2273 1549 2300; x_wconf 80' lang='grc' dir='ltr'>τοσούτων</span> <span class='ocrx_word' id='word_1_754' title='bbox 1567 2273 1652 2299; x_wconf 74' lang='grc' dir='ltr'>ὄντων</span> <span class='ocrx_word' id='word_1_755' title='bbox 1664 2271 1807 2306; x_wconf 69' lang='grc' dir='ltr'>ἀγράφων,</span> 
     </span>
    </p>
   </div>
   <div class='ocr_carea' id='block_1_106' title="bbox 1021 2316 1809 2355">
    <p class='ocr_par' dir='ltr' id='par_1_106' title="bbox 1021 2316 1809 2355">
     <span class='ocr_line' id='line_1_106' title="bbox 1021 2316 1809 2355; baseline -0.006 -8"><span class='ocrx_word' id='word_1_756' title='bbox 1021 2321 1069 2348; x_wconf 78' lang='grc' dir='ltr'><strong>καὶ</strong></span> <span class='ocrx_word' id='word_1_757' title='bbox 1094 2320 1228 2355; x_wconf 79' lang='grc' dir='ltr'>τοσαύτην</span> <span class='ocrx_word' id='word_1_758' title='bbox 1253 2319 1369 2354; x_wconf 72' lang='grc' dir='ltr'>ἐχόντων</span> <span class='ocrx_word' id='word_1_759' title='bbox 1395 2319 1471 2354; x_wconf 73' lang='grc' dir='ltr'>ἰσχὺν</span> <span class='ocrx_word' id='word_1_760' title='bbox 1488 2318 1527 2350; x_wconf 83' lang='grc' dir='ltr'><strong>είς</strong></span> <span class='ocrx_word' id='word_1_761' title='bbox 1549 2318 1579 2344; x_wconf 74' lang='grc' dir='ltr'>τὸ</span> <span class='ocrx_word' id='word_1_762' title='bbox 1596 2317 1645 2352; x_wconf 81' lang='grc' dir='ltr'>τῆς</span> <span class='ocrx_word' id='word_1_763' title='bbox 1666 2316 1809 2347; x_wconf 76' lang='grc' dir='ltr'>εὐσεϐείας</span> 
     </span>
    </p>
   </div>
   <div class='ocr_carea' id='block_1_107' title="bbox 1022 2364 1809 2402">
    <p class='ocr_par' dir='ltr' id='par_1_107' title="bbox 1022 2364 1809 2402">
     <span class='ocr_line' id='line_1_107' title="bbox 1022 2364 1809 2402; baseline -0.006 -9"><span class='ocrx_word' id='word_1_764' title='bbox 1022 2367 1181 2402; x_wconf 79' lang='grc' dir='ltr'>μυστήριον,</span> <span class='ocrx_word' id='word_1_765' title='bbox 1201 2366 1265 2400; x_wconf 83' lang='grc' dir='ltr'>μίαν</span> <span class='ocrx_word' id='word_1_766' title='bbox 1285 2365 1357 2398; x_wconf 79' lang='grc' dir='ltr'>λέξιν</span> <span class='ocrx_word' id='word_1_767' title='bbox 1382 2365 1448 2399; x_wconf 82' lang='grc' dir='ltr'>ἡμῖν</span> <span class='ocrx_word' id='word_1_768' title='bbox 1469 2365 1501 2390; x_wconf 80' lang='grc' dir='ltr'><strong>ὲκ</strong></span> <span class='ocrx_word' id='word_1_769' title='bbox 1527 2364 1657 2398; x_wconf 77' lang='grc' dir='ltr'>Πατέρων</span> <span class='ocrx_word' id='word_1_770' title='bbox 1675 2364 1715 2394; x_wconf 83' lang='grc' dir='ltr'>εἰς</span> <span class='ocrx_word' id='word_1_771' title='bbox 1735 2364 1809 2397; x_wconf 74' lang='grc' dir='ltr'>ἡμᾶς</span> 
     </span>
    </p>
   </div>
   <div class='ocr_carea' id='block_1_108' title="bbox 1020 2410 1810 2446">
    <p class='ocr_par' dir='ltr' id='par_1_108' title="bbox 1020 2410 1810 2446">
     <span class='ocr_line' id='line_1_108' title="bbox 1020 2410 1810 2446; baseline -0.008 -6"><span class='ocrx_word' id='word_1_772' title='bbox 1020 2413 1150 2440; x_wconf 73' lang='grc' dir='ltr'>ἐλθοῦσαν</span> <span class='ocrx_word' id='word_1_773' title='bbox 1171 2413 1200 2438; x_wconf 78' lang='grc' dir='ltr'><strong>ού</strong></span> <span class='ocrx_word' id='word_1_774' title='bbox 1226 2412 1461 2446; x_wconf 75' lang='grc' dir='ltr'>συγχωρήσουσιν,</span> <span class='ocrx_word' id='word_1_775' title='bbox 1479 2411 1511 2446; x_wconf 74' lang='grc' dir='ltr'>ἣν</span> <span class='ocrx_word' id='word_1_776' title='bbox 1530 2411 1611 2445; x_wconf 84' lang='grc' dir='ltr'>ἡμεῖς</span> <span class='ocrx_word' id='word_1_777' title='bbox 1637 2411 1669 2436; x_wconf 79' lang='grc' dir='ltr'><strong>ὲκ</strong></span> <span class='ocrx_word' id='word_1_778' title='bbox 1685 2410 1734 2444; x_wconf 83' lang='grc' dir='ltr'>τῆς</span> <span class='ocrx_word' id='word_1_779' title='bbox 1761 2410 1810 2435; x_wconf 82' lang='grc' dir='ltr'><strong>ἁν-</strong></span> 
     </span>
    </p>
   </div>
   <div class='ocr_carea' id='block_1_109' title="bbox 1020 2454 1807 2494">
    <p class='ocr_par' dir='ltr' id='par_1_109' title="bbox 1020 2454 1807 2494">
     <span class='ocr_line' id='line_1_109' title="bbox 1020 2454 1807 2494; baseline -0.006 -10"><span class='ocrx_word' id='word_1_780' title='bbox 1020 2458 1195 2494; x_wconf 77' lang='grc' dir='ltr'>επιτηδεύτου</span> <span class='ocrx_word' id='word_1_781' title='bbox 1203 2457 1345 2491; x_wconf 75' lang='grc' dir='ltr'>συνηθείας</span> <span class='ocrx_word' id='word_1_782' title='bbox 1354 2458 1412 2488; x_wconf 80' lang='grc' dir='ltr'>ταῖς</span> <span class='ocrx_word' id='word_1_783' title='bbox 1427 2456 1617 2489; x_wconf 62' lang='grc' dir='ltr'>ἁδιαστρόφοις</span> <span class='ocrx_word' id='word_1_784' title='bbox 1628 2454 1681 2481; x_wconf 83' lang='grc' dir='ltr'>τῶν</span> <span class='ocrx_word' id='word_1_785' title='bbox 1691 2454 1807 2488; x_wconf 77' lang='grc' dir='ltr'>Ἐκκλη-</span> 
     </span>
    </p>
   </div>
   <div class='ocr_carea' id='block_1_110' title="bbox 1021 2500 1808 2538">
    <p class='ocr_par' dir='ltr' id='par_1_110' title="bbox 1021 2500 1808 2538">
     <span class='ocr_line' id='line_1_110' title="bbox 1021 2500 1808 2538; baseline -0.006 -8"><span class='ocrx_word' id='word_1_786' title='bbox 1021 2504 1086 2530; x_wconf 83' lang='grc' dir='ltr'>σιὼν</span> <span class='ocrx_word' id='word_1_787' title='bbox 1111 2502 1465 2538; x_wconf 71' lang='grc' dir='ltr'>ἐναπομείναοανεὕρομεν,</span> <span class='ocrx_word' id='word_1_788' title='bbox 1481 2501 1511 2527; x_wconf 79' lang='grc' dir='ltr'><strong>ού</strong></span> <span class='ocrx_word' id='word_1_789' title='bbox 1539 2501 1636 2536; x_wconf 67' lang='grc' dir='ltr'>μικρδν</span> <span class='ocrx_word' id='word_1_790' title='bbox 1657 2500 1704 2527; x_wconf 76' lang='grc' dir='ltr'><strong>τὸν</strong></span> <span class='ocrx_word' id='word_1_791' title='bbox 1728 2500 1808 2533; x_wconf 72' lang='grc' dir='ltr'>λόγον</span> 
     </span>
    </p>
   </div>
   <div class='ocr_carea' id='block_1_111' title="bbox 1019 2546 1808 2586">
    <p class='ocr_par' dir='ltr' id='par_1_111' title="bbox 1019 2546 1808 2586">
     <span class='ocr_line' id='line_1_111' title="bbox 1019 2546 1808 2586; baseline -0.008 -9"><span class='ocrx_word' id='word_1_792' title='bbox 1019 2551 1132 2586; x_wconf 75' lang='grc' dir='ltr'>ἔχουσαν</span> <span class='ocrx_word' id='word_1_793' title='bbox 1146 2550 1206 2577; x_wconf 74' lang='grc' dir='ltr'>οὐδὲ</span> <span class='ocrx_word' id='word_1_794' title='bbox 1228 2550 1356 2585; x_wconf 80' lang='grc' dir='ltr'>βραχεῖαν</span> <span class='ocrx_word' id='word_1_795' title='bbox 1376 2549 1542 2580; x_wconf 68' lang='grc' dir='ltr'>συντέλειαν,</span> <span class='ocrx_word' id='word_1_796' title='bbox 1559 2549 1598 2579; x_wconf 82' lang='grc' dir='ltr'>εἰς</span> <span class='ocrx_word' id='word_1_797' title='bbox 1613 2547 1662 2583; x_wconf 83' lang='grc' dir='ltr'><strong>τὴν</strong></span> <span class='ocrx_word' id='word_1_798' title='bbox 1684 2546 1730 2573; x_wconf 73' lang='grc' dir='ltr'>τοῦ</span> <span class='ocrx_word' id='word_1_799' title='bbox 1756 2554 1808 2580; x_wconf 74' lang='grc' dir='ltr'><strong>μ’)-</strong></span> 
     </span>
    </p>
   </div>
   <div class='ocr_carea' id='block_1_112' title="bbox 1020 2593 1496 2630">
    <p class='ocr_par' dir='ltr' id='par_1_112' title="bbox 1020 2593 1496 2630">
     <span class='ocr_line' id='line_1_112' title="bbox 1020 2593 1496 2630; baseline -0.004 -9"><span class='ocrx_word' id='word_1_800' title='bbox 1020 2595 1129 2630; x_wconf 75' lang='grc' dir='ltr'>στηρίου</span> <span class='ocrx_word' id='word_1_801' title='bbox 1143 2595 1256 2629; x_wconf 79' lang='grc' dir='ltr'>δύναμιν</span> <span class='ocrx_word' id='word_1_802' title='bbox 1281 2593 1496 2630; x_wconf 78' lang='grc' dir='ltr'>είσφερομένην;</span> 
     </span>
    </p>
   </div>
   <div class='ocr_carea' id='block_1_113' title="bbox 1021 2746 1806 2810">
    <p class='ocr_par' dir='ltr' id='par_1_113' title="bbox 1021 2746 1806 2810">
     <span class='ocr_line' id='line_1_113' title="bbox 1021 2746 1806 2810; baseline -0.004 -35"><span class='ocrx_word' id='word_1_803' title='bbox 1021 2748 1075 2775; x_wconf 79' lang='grc' dir='ltr'><strong>Τοῦ</strong></span> <span class='ocrx_word' id='word_1_804' title='bbox 1098 2748 1191 2775; x_wconf 81' lang='grc' dir='ltr'>αὑτοῦ</span> <span class='ocrx_word' id='word_1_805' title='bbox 1212 2749 1247 2776; x_wconf 66' lang='grc' dir='ltr'>ἐκ</span> <span class='ocrx_word' id='word_1_806' title='bbox 1270 2749 1323 2776; x_wconf 76' lang='grc' dir='ltr'>τοῦ</span> <span class='ocrx_word' id='word_1_807' title='bbox 1344 2750 1387 2775; x_wconf 82' lang='grc' dir='ltr'><strong>κο¹</strong></span> <span class='ocrx_word' id='word_1_808' title='bbox 1404 2748 1459 2810; x_wconf 44' lang='lat' dir='ltr'><strong>Si}?</strong></span> <span class='ocrx_word' id='word_1_809' title='bbox 1488 2748 1584 2782; x_wconf 79' lang='grc' dir='ltr'>αὐτῆς</span> <span class='ocrx_word' id='word_1_810' title='bbox 1603 2746 1806 2782; x_wconf 79' lang='grc' dir='ltr'>πραγματείας</span> 
     </span>
     <span class='ocr_line' id='line_1_114' title="bbox 1325 2793 1501 2810; baseline 0 0"><span class='ocrx_word' id='word_1_811' title='bbox 1325 2793 1411 2810; x_wconf 38' lang='lat' dir='ltr'><strong>aesar</strong></span> <span class='ocrx_word' id='word_1_812' title='bbox 1424 2793 1501 2810; x_wconf 82' lang='grc' dir='ltr'>ιιιου.</span> 
     </span>
    </p>
   </div>
   <div class='ocr_carea' id='block_1_114' title="bbox 1325 2793 1501 2818">
    <p class='ocr_par' dir='ltr' id='par_1_114' title="bbox 1325 2793 1501 2818">
     <span class='ocr_line' id='line_1_115' title="bbox 1325 2793 1501 2818; baseline 0 -7"><span class='ocrx_word' id='word_1_813' title='bbox 1325 2793 1501 2818; x_wconf 60' lang='grc' dir='ltr'>κεφανιιιιου.</span> 
     </span>
    </p>
   </div>
   <div class='ocr_carea' id='block_1_115' title="bbox 1053 2826 1803 2876">
    <p class='ocr_par' dir='ltr' id='par_1_115' title="bbox 1053 2826 1803 2876">
     <span class='ocr_line' id='line_1_116' title="bbox 1053 2826 1803 2876; baseline -0.004 -20"><span class='ocrx_word' id='word_1_814' title='bbox 1053 2830 1125 2865; x_wconf 79' lang='grc' dir='ltr'>Πρός</span> <span class='ocrx_word' id='word_1_815' title='bbox 1139 2838 1172 2873; x_wconf 65' lang='grc' dir='ltr'><strong>γε</strong></span> <span class='ocrx_word' id='word_1_816' title='bbox 1189 2829 1242 2876; x_wconf 64' lang='grc' dir='ltr'><strong>μὴν</strong></span> <span class='ocrx_word' id='word_1_817' title='bbox 1256 2830 1287 2857; x_wconf 75' lang='grc' dir='ltr'><strong>τὸ</strong></span> <span class='ocrx_word' id='word_1_818' title='bbox 1300 2830 1457 2866; x_wconf 71' lang='grc' dir='ltr'>ἀμάρτυρον</span> <span class='ocrx_word' id='word_1_819' title='bbox 1473 2828 1655 2874; x_wconf 49' lang='grc' dir='ltr'>καξᾶγραφον</span> <span class='ocrx_word' id='word_1_820' title='bbox 1666 2826 1737 2855; x_wconf 82' lang='grc' dir='ltr'>εἶναι</span> <span class='ocrx_word' id='word_1_821' title='bbox 1753 2826 1803 2860; x_wconf 73' lang='grc' dir='ltr'>τὴν</span> 
     </span>
    </p>
   </div>
  </div>
