1951 3081
138 149 190 185 465

559 155 760 188 SYNTAGMA
778 157 972 189 CANONUM-
990 171 1025 176 --
1043 160 1117 190 ΤΙΤ.
1138 158 1263 198 Ι,ὈΑΡ-
1284 161 1332 192 IV-

1706 156 1766 195 £66

139 211 187 236 σὺν
209 208 248 244 τῷ
267 209 406 245 Πνεύματι
426 211 594 246 ¹δοξολογίοιν,
617 215 704 242 ἐκεῖνο
724 215 841 252 λέγομεν
857 218 922 251 ’,ὅτι

979 216 1073 251 Spiritu
1088 226 1182 247 carere
1193 219 1359 251 testimonio,
1373 226 1421 246 nec
1438 218 1464 246 in
1479 218 1627 254 Scripturls
1639 226 1757 254 exstare,

139 255 224 289 εἰμὲν
240 256 323 291 μηδὲν
340 257 432 292 ἕτερον
455 258 588 294 ἄγραφον,
608 261 674 295 μηδὲ
700 261 780 288 τοῦτο
798 263 918 298 παραδε-

139 301 247 336 χθήτω·
260 303 284 328 εί
304 301 334 328 δὲ
355 302 390 329 τὰ
418 303 530 331 πλεῖστα
555 305 609 332 τῶν
637 307 776 340 μυστικῶν
789 309 920 344 ἀγράφως

139 347 203 382 ἡμῖν
214 347 431 382 ὲμπολιτεύεται,
450 350 518 385 μετὰ
534 351 639 379 πολλῶν
653 353 753 389 ἑτέρων
768 355 816 381 καὶ
842 354 921 382 τοῦτο

139 392 360 428 καταδεξώμεθα.
378 395 568 423 Ἀποστολικδν
589 398 618 424 δὲ
643 396 719 434 οἶμαι
742 402 789 427 καὶ
811 401 841 427 τὸ
862 403 923 433 ταῖς

138 437 272 472 ἀγράφοις
299 440 464 472 παραδόσεσι
490 443 669 477 παραμένειν.
699 445 829 472 Ἐπαινῶ
854 446 920 481 γὰρ,

140 483 230 517 φησὶν,
244 483 331 517 ὑμᾶς,
344 484 389 511 ὅτι
404 485 502 513 πάντα
509 496 568 521 μου
581 488 747 523 μέμνησθε,
763 492 812 518 καὶ
825 492 922 525 καθὼς

138 529 293 562 παρέδωκα
306 530 378 564 ὑμῖν
389 530 443 564 τὰς
453 532 635 567 παραδόσεις
648 535 787 570 κατέχετε
799 546 806 553 ·
825 539 871 564 καὶ
881 538 921 570 τὸ,

140 575 279 608 Κρατεῖτε
292 576 346 609 τὰς
360 577 540 612 παραδόσεις
552 579 588 612 ἂς
597 582 789 615 παρελάϐετε,
800 583 861 610 εἴτε
875 583 924 609 διὰ

138 622 243 654 λόγου,
252 622 311 648 εἴτε
326 622 362 648 δι’
374 623 548 658 ἐπιστολῆς·
563 623 600 652 ὧν
612 627 728 662 μάλιστα.
743 628 792 662 μία
804 629 862 655 ἐστὶ
874 630 923 656 καὶ

139 667 154 701 ἠ
171 668 295 702 παροῦσα
313 668 394 704 αὕτη,
411 670 444 704 ἢν
458 671 483 696 οἱ
497 672 525 704 ἐξ
537 672 625 706 ἀρχῆς
640 673 832 708 διαταξάμενοι
860 684 899 702 πα.
909 690 921 696 -

141 712 293 747 ραδιδόντες
306 715 363 746 τοῖς
377 715 485 750 ἑφεξῆς,
504 719 708 753 συμπροῖούσης
721 721 764 747 ἀεὶ
780 721 818 756 τῷ
833 721 921 757 χρόνῳ

139 761 188 794 τῆς
203 761 336 796 χρήσεως,
352 762 396 789 διὰ
410 764 519 798 μακρᾶς
531 765 581 799 τῆς
606 766 750 801 συνηθείας
775 770 835 801 ταῖς
860 769 924 796 Ἐκ-

139 805 265 840 κλησὶαις
290 808 602 846 ἐγκατερρίζωσανιᾶρ’
624 810 680 844 οὖν,
696 814 720 840 ει
737 813 775 844 ὡς
799 815 827 841 ὲν
850 814 925 842 δικα-

141 852 244 887 στηρίῳ
259 853 309 888 τῆς
326 853 370 881 διὰ
380 854 434 882 τῶν
451 856 596 891 ἐγγράφων
609 858 774 891 ἀποδείξεως
787 861 922 896 ἀποροῦν-

139 905 195 930 τες,
210 898 356 933 μαρτύρων
372 900 436 934 ὑμῖν
451 901 551 935 πλῆθος
569 904 813 938 παρεστησάμεθα,
825 905 875 932 οὐκ
890 905 923 932 ἂν

139 943 188 977 τῆς
199 943 323 979 ἀφιείσης
340 946 406 980 παρ’
422 946 499 981 ὑμῶν
515 947 606 982 ψήφου
623 948 751 984 τύχοιμεν
764 959 771 983 ;
792 951 862 985 Ἐγὼ
874 952 925 987 μὲν

106 1011 111 1017 ,
139 989 225 1022 οὕτως
235 989 311 1025 οἶμαι
327 999 334 1007 ·
352 992 398 1019 ἐπὶ
414 993 549 1028 στόματος
569 995 623 1031 γὰρ
641 995 687 1022 δύο
700 997 745 1023 καὶ
756 998 840 1033 τριῶν
853 1007 924 1034 μαρ-

141 1035 232 1069 τύρων
257 1036 422 1071 σταθήσεται
444 1038 498 1064 πᾶν
515 1039 600 1074 ῥῆμα.
616 1040 646 1066 Et
669 1040 697 1067 δὲ
711 1042 758 1067 καὶ
782 1043 827 1069 τὸν
841 1043 926 1070 πολὺν

140 1079 234 1114 χρόνον
248 1081 316 1114 πρὸς
333 1082 348 1115 ὴ
353 1081 410 1116 μῶν
426 1081 492 1108 ὄντα
506 1084 630 1119 ἐναργῶς
643 1084 707 1119 ὑμῖν
720 1086 924 1122 ἐπεδείκνυμεν,

94 1157 96 1161 ι
140 1125 189 1151 οὐκ
205 1125 239 1152 ἂν
258 1125 386 1160 ἐδόξαμεν
406 1127 471 1162 ὑμῖν
495 1128 588 1155 εἰκότα
602 1129 701 1163 λέγειν,
720 1130 757 1165 μὴ
775 1129 844 1158 εῖναι
863 1132 926 1159 καθ’

140 1170 219 1205 ἡμῶν
243 1171 292 1206 τὴν
313 1172 391 1207 δίκην
413 1174 600 1209 εἰσαγώγιμον
617 1175 927 1212 ταύτην;δυσωπητικὰ

139 1216 194 1251 γὰρ
207 1216 265 1248 πῶς
279 1217 311 1243 τὰ
324 1217 426 1244 παλαιὰ
440 1218 494 1244 τῶν
515 1218 668 1253 δογμάτων,
683 1221 765 1248 οἱονεὶ
779 1221 861 1258 πολιᾷ
873 1231 927 1249 τινι

141 1263 172 1298 τῇ
187 1262 346 1298 ἀρχαιότητι
362 1264 392 1290 τὸ
408 1263 549 1299 αἰδέσιμον
562 1265 669 1300 ἔχοντα.

176 1352 232 1379 Καὶ
244 1353 291 1379 ἐπὶ
306 1353 354 1380 τοῦ
376 1355 516 1382 πολιτικοῦ
533 1357 618 1392 νόμου
639 1357 670 1384 τὸ
687 1358 758 1392 ἔθος,
776 1360 814 1392 ὡς
840 1361 927 1396 ἄγρα-

141 1406 191 1432 φος
205 1399 286 1433 νόμος
301 1400 397 1434 ἰσχύει,
411 1401 456 1427 ὅτε
469 1402 497 1427 ὲν
517 1403 709 1440 δικαστηρίῳὴ
733 1406 860 1441 συνήθεια
880 1407 926 1442 ps.

141 1443 257 1480 σαιωθῇ,
273 1446 320 1471 καὶ
333 1446 378 1473 ὅτε
399 1447 436 1483 μὴ
451 1448 582 1484 ἐγγράφῳ
603 1450 678 1486 νόμῳ
700 1451 881 1480 ἐναντιοῦται.
896 1453 927 1480 El

140 1488 171 1515 δὲ
184 1489 212 1516 ἓν
234 1499 289 1518 τισι
304 1492 406 1525 τόποις,
425 1494 492 1529 μήτε
518 1496 664 1530 συνήθειαν
687 1497 735 1523 τοῦ
759 1497 926 1533 ζητουμένου

973 263 1039 291 illud
1061 264 1197 293 dicimus:
1214 266 1236 293 si
1254 266 1321 292 nihil
1340 264 1413 292 aliud
1430 269 1472 292 est
1496 269 1636 300 receptum
1657 266 1760 300 absque

973 309 1135 344 Scripturis,
1149 317 1184 337 ne
1202 311 1250 338 ltoc
1261 311 1370 345 quidem
1389 309 1551 344 recipiatur;
1575 310 1618 336 sin
1642 311 1758 344 plurima

973 363 1072 382 arcana
1084 356 1152 383 citra
1165 356 1297 390 scriptum
1317 359 1424 390 recepta
1440 360 1504 383 sunt
1522 356 1611 387 nobis,
1625 363 1686 382 cum
1700 355 1760 383 aliis

973 401 1096 434 pluribus
1113 406 1140 429 et
1166 403 1216 429 hoc
1231 402 1405 436 recipiemus.
1427 402 1550 428 Arbitror
1573 406 1663 428 autem
1694 409 1760 435 apo-

973 447 1099 474 stolicum
1116 455 1187 478 esse,
1198 447 1279 474 ctiam
1293 455 1345 474 non
1359 447 1468 481 scriptis
1497 448 1691 474 traditionibus
1719 447 1760 473 in-

974 493 1086 520 haerere.
1095 492 1188 519 Laudo
1208 493 1288 525 enim,
1308 493 1407 527 inquit,
1430 501 1484 525 vos,
1508 493 1576 527 quod
1591 493 1679 519 omnia
1702 500 1761 518 mea

973 537 1140 569 meministis,
1163 542 1188 563 et
1212 537 1430 571 quemadmodum
1448 537 1549 563 tradidi
1565 537 1648 568 vobis,
1674 537 1760 563 tradi-

974 582 1055 608 tiones
1081 582 1174 609 tenetis
1198 582 1230 608 '°.
1247 581 1280 609 Et
1299 582 1376 614 illud,
1405 581 1498 608 Tenete
1515 581 1670 608 traditiones
1695 589 1760 616 qua:

974 628 1184 661 accepistis,sive
1198 636 1244 662 per
1258 635 1412 660 sermonem,
1428 628 1481 655 sive
1502 635 1547 662 per
1565 627 1701 662 epistolam
1717 627 1758 654 “:

974 680 1089 708 quarum
1103 681 1157 700 una
1172 678 1214 701 est
1232 678 1259 701 et
1274 673 1332 701 haec
1343 673 1375 701 de
1389 681 1444 708 qua
1462 682 1535 701 nunc
1544 674 1660 709 agimus,
1676 680 1759 708 quam

974 719 1021 754 qui
1035 719 1069 746 ab
1082 719 1159 746 initio
1178 720 1415 754 prmscripserunt,
1432 720 1657 753 tradideruntque
1670 724 1760 754 poste-

974 764 1024 797 ris,
1041 773 1091 792 usn
1111 772 1219 800 semper
1237 766 1319 793 simul
1337 773 1401 793 cum
1417 770 1539 800 tempore
1559 765 1757 800 progrediente,

975 809 1063 844 ipsam
1079 810 1157 845 longa
1171 811 1370 838 consuetudine
1382 811 1408 838 in
1424 810 1553 838 Ecclesiis
1565 811 1758 838 irradicaruut.

976 856 1048 890 Ergo
1058 855 1080 883 si
1098 857 1171 883 velut
1193 856 1219 883 in
1236 857 1376 889 tribunali,
1404 857 1612 891 probationibus
1628 864 1643 884 e
1659 857 1761 891 scripto

976 902 1108 934 destituti,
1125 902 1225 929 multos
1244 903 1321 929 vobis
1340 907 1424 930 testes
1449 904 1643 937 producamus.
1669 909 1762 929 nonne

976 947 1027 981 21
1041 948 1202 975 sententiam
1217 948 1402 975 absolventem
1418 955 1434 975 a
1450 948 1526 975 vobis
1538 955 1739 981 consequentur
1749 947 1762 974 ’ί

976 993 1032 1028 Ego
1049 993 1159 1028 quidem
1178 993 1313 1021 arbitror:
1339 993 1372 1020 In
1386 1001 1430 1020 ore
1451 992 1579 1029 siquidem
1591 993 1704 1020 duorum
1729 1000 1761 1019 ac

977 1040 1058 1066 trium
1074 1040 1179 1067 testium
1192 1040 1270 1066 stabit
1285 1048 1361 1067 omne
1372 1040 1479 1067 verbum
1493 1040 1526 1066 ³³.
1543 1039 1621 1072 Quod
1641 1039 1663 1066 si
1678 1039 1761 1067 etiam

977 1086 1107 1120 temporis
1127 1085 1334 1112 diuturnitatem
1362 1093 1412 1120 pro
1425 1085 1503 1113 nobis
1523 1084 1669 1113 iacientem
1684 1085 1761 1112 vobis

976 1133 1115 1160 evidenter
1129 1133 1315 1166 ostendamus,
1330 1141 1420 1160 annon
1438 1133 1591 1160 videbimur
1606 1133 1684 1160 vobis
1699 1139 1762 1166 pro-

975 1178 1076 1206 babilia
1101 1179 1203 1212 dicere,
1228 1186 1281 1205 non
1307 1186 1388 1213 posse
1405 1179 1479 1206 litem
1505 1179 1583 1206 istam
1603 1178 1666 1213 jure
1682 1176 1779 1205 nobis‘

976 1224 1096 1252 intendi?
1110 1223 1268 1252 Veneranda
1282 1225 1354 1251 enim
1368 1229 1434 1252 sunt
1444 1224 1644 1259 quodammodo
1657 1227 1760 1251 vetusta

977 1271 1115 1306 dogmata.
1151 1279 1211 1306 quae
1253 1271 1288 1298 ob
1316 1271 1519 1306 antiquitatem,
1553 1278 1602 1298 ccu
1631 1269 1761 1297 canitiem

977 1317 1134 1353 quamdam,
1149 1317 1248 1345 habent
1262 1317 1390 1352 quiddam
1406 1317 1595 1345 reverendum.

1014 1362 1121 1389 Textus.
1137 1362 1170 1389 Et
1192 1362 1219 1389 in
1245 1362 1306 1396 jure
1335 1362 1407 1389 civili
1425 1361 1595 1389 consuetudo
1612 1360 1722 1395 quando
1735 1361 1762 1387 in

974 1407 1077 1442 judicio
1108 1408 1268 1435 conﬁrmata
1283 1412 1334 1440 est,
1356 1414 1406 1434 nec
1422 1408 1531 1442 scriptae
1544 1407 1595 1441 legi
1619 1409 1761 1441 repugnat.

977 1458 1008 1481 ut
1024 1454 1066 1481 lex
1083 1461 1137 1481 non
1152 1453 1252 1488 scripta
1265 1453 1345 1480 valet.
1361 1453 1399 1480 Ac
1411 1460 1475 1480 vero
1490 1452 1579 1480 sicubi
1591 1451 1762 1488 [propnsita-l

978 1499 1137 1533 qumstionis
1152 1499 1320 1526 consuetudo
1334 1506 1387 1524 non
1401 1497 1552 1528 invenitur.
1569 1502 1634 1524 tunc
1649 1504 1763 1523 consur-

141 1535 215 1562 ἑστιν
233 1537 334 1572 εὑρεῖν,
351 1539 411 1565 τότε
425 1539 464 1575 τῷ
477 1540 533 1567 ἔθει
558 1541 669 1577 Ῥώμης
686 1542 799 1570 ἕπεσθαι
821 1544 871 1577 δεῖ,
886 1545 924 1577 ὡς

980 1544 1098 1571 tudinem
1111 1543 1211 1579 [urbis]
1221 1543 1310 1570 Romae
1320 1543 1397 1577 sequi
1408 1546 1524 1576 oportet.
1535 1541 1763 1576 quemadmodum

140 1581 195 1608 τῶν
210 1583 346 1616 Διγέστων
363 1585 434 1619 βιὸλ.
450 1589 474 1613 α’
496 1587 549 1614 τίτ.
564 1591 588 1622 γ’
602 1589 711 1623 Διγέστ.
728 1589 766 1625 λβ¹
782 1591 822 1625 λγ
838 1590 874 1617 λδ¹
888 1591 925 1618 λε’

141 1626 185 1660 λς’
200 1627 241 1660 λζ’
256 1629 307 1663 λη’,
325 1631 371 1656 xal
398 1631 467 1666 βιὸλ.
485 1635 509 1667 η’
529 1633 576 1659 τοῦ
591 1634 668 1665 κώδ.,
683 1643 736 1662 τιτ.
751 1635 790 1670 νβ’
811 1636 881 1664 διατ.
902 1635 926 1662 α’

142 1673 165 1708 β’
195 1678 237 1708 γ’·
254 1675 361 1710 εἴρηται
377 1677 406 1703 δὲ
427 1678 474 1704 καὶ
492 1678 562 1713 etot.
580 1683 612 1711 v',
629 1680 681 1707 τίτ.
698 1681 729 1712 ιζ’
741 1681 844 1716 διγέστ.
863 1683 925 1718 ρπβ¹

141 1720 182 1745 ὅτι
195 1719 332 1756 δυσχερῶς
343 1722 403 1757 μὲν,
420 1723 496 1758 ὅμως
506 1724 534 1751 δὲ
550 1725 597 1751 τοῦ
612 1726 716 1754 δικαίου
734 1719 928 1762 ἀπαιτοῦντος,

142 1765 349 1801 παραϐαίνομεν
372 1768 422 1803 τὴν
435 1769 594 1805 συνήθειαν.

177 1811 302 1839 ΚΕΦΔΛ.
312 1813 451 1842 Δ”.-”οτι
466 1817 522 1850 οὐχ
530 1817 580 1851 ὑφ’
590 1817 659 1851 ἐνὸς
669 1818 847 1855 ἐπισκόπου,
859 1822 928 1849 ἀλλ’

141 1857 201 1885 ἀπὸ
230 1859 286 1893 τῆς
300 1861 473 1895 κοινότητος
486 1863 514 1889 οι
529 1864 655 1898 κανόνες
677 1865 852 1894 ἐκτίθενται.

353 1920 515 1948 Βασιλειου
536 1921 636 1948 κανὼν
660 1922 715 1958 μζν.

190 1964 364 2000 Ἐγκρατῖται
386 1967 433 1993 καὶ
460 1967 628 2003 Σακκοφόροι
657 1970 705 1996 καὶ
727 1969 929 2005 Ἀποτακτίται,

141 2010 182 2046 τῷ
190 2011 263 2046 αὑτῷ
276 2012 433 2040 ὑπόκεινται
445 2013 516 2049 λόγῳ
527 2010 549 2048 ᾦ
564 2015 610 2041 καὶ
618 2015 783 2042 Ναυατιανοί
797 2025 804 2032 ⁸
813 2017 854 2043 ὅτι
866 2018 930 2052 περὶΙ

142 2057 195 2091 μὲν
216 2057 338 2091 ἐκείνων,
355 2058 445 2085 κανὼν
473 2060 643 2096 ἐξεφωνήθη,
667 2062 691 2088 ἑξ
718 2062 765 2089 καὶ
790 2062 928 2097 διάφορος,

140 2103 177 2129 τὰ
193 2103 221 2129 δὲ
236 2104 305 2130 κατὰ
329 2104 439 2136 τούτους
454 2105 692 2142 ἀποσεσιώπηται.
708 2108 805 2144 Ἡμεῖς
824 2109 928 2144 μέντοι,

141 2148 185 2174 ἑνὶ
197 2148 269 2184 λόγῳ
290 2149 510 2186 ἁναὸαπτίζομεν
529 2153 592 2184 τοὺς
607 2153 755 2185 τοιούτους.
768 2155 799 2181 El
818 2154 847 2181 δὲ
864 2155 930 2190 παρ’

979 1589 1043 1616 lib.t
1060 1589 1160 1625 Digest.
1185 1589 1226 1617 tit.
1245 1589 1273 1621 5,
1290 1587 1390 1623 Digest.
1423 1588 1449 1620 4,
1473 1586 1518 1620 52,
1533 1587 1578 1618 55,
1598 1586 1642 1618 σι,
1658 1586 1702 1618 55,
1717 1585 1763 1619 56,

978 1635 1022 1668 37,
1040 1635 1084 1662 53.
1101 1639 1129 1662 et
1152 1635 1200 1662 lib.
1227 1641 1276 1661 vttt
1304 1633 1365 1661 cod.
1389 1633 1430 1660 tit.
1458 1631 1503 1664 ΒΞ,
1535 1635 1625 1659 const.
1646 1631 1713 1665 1,2,
1729 1631 1756 1663 3,

979 1678 1137 1715 [proditutn
1148 1677 1216 1714 est].
1240 1678 1347 1706 Dictum
1366 1683 1408 1704 est
1432 1676 1515 1704 ctiant
1530 1676 1585 1704 lib.
1608 1684 1635 1709 ιι,
1660 1676 1702 1702 tit.
1719 1676 1763 1706 l7.

979 1724 1080 1760 Digest.
1097 1724 1158 1757 102,
1176 1724 1248 1759 quod
1261 1731 1332 1759 aegre
1349 1723 1477 1758 aequitate
1497 1728 1587 1752 tamen
1598 1721 1764 1757 postulante.

979 1770 1202 1798 consuetudinem
1218 1769 1443 1804 transgredimur.

1014 1816 1090 1844 CAP.
1108 1815 1153 1843 Ν.
1169 1831 1203 1836 -
1217 1815 1292 1848 Quod
1306 1824 1356 1842 non
1377 1815 1408 1842 ab
1425 1823 1476 1842 uno
1491 1815 1622 1850 episcopo,
1636 1813 1680 1841 sed
1690 1821 1764 1840 cont-

979 1863 1052 1890 muni
1067 1862 1218 1890 antistitum
1234 1861 1347 1888 concilio
1364 1869 1476 1888 canones
1493 1861 1619 1888 eduntur.

1234 1920 1329 1948 Basilii
1354 1928 1438 1947 canon
1458 1920 1502 1948 47.

1016 1968 1158 1996 Εηοηιὶιω
1175 1987 1183 1999 .
1205 1971 1232 1994 et
1262 1967 1426 2001 Saccophori
1458 1972 1485 1993 et
1508 1965 1668 2000 Apotactitas
1701 1965 1767 1992 sub-

978 2015 1111 2050 jiciuntur
1141 2013 1229 2041 eidem
1260 2013 1370 2045 rationi,
1397 2012 1442 2039 cui
1475 2016 1502 2039 et
1522 2011 1676 2044 Novatiani,
1703 2011 1767 2046 quia

981 2061 1015 2088 de
1029 2061 1082 2088 illis
1097 2060 1188 2087 editus
1204 2066 1303 2090 canon,
1326 2057 1379 2086 etsi
1395 2057 1507 2091 varius;
1536 2066 1596 2092 quae
1618 2061 1710 2084 autem
1732 2056 1767 2083 ad

982 2108 1050 2134 istos
1065 2107 1210 2142 pertinent,
1227 2105 1337 2133 silentio
1353 2109 1417 2132 sunt
1433 2104 1628 2138 praetermissa.
1646 2102 1702 2130 Nos
1716 2110 1766 2146 an-

981 2158 1035 2180 tem
1055 2160 1108 2179 una
1122 2152 1227 2180 ratione
1251 2151 1318 2178 tales
1335 2151 1546 2184 rebaptizamus.
1563 2148 1640 2182 Quod
1654 2148 1677 2175 si
1695 2148 1768 2182 apud

141 2195 210 2230 ὑμῖν
226 2196 412 2231 ἀπηγόρευται
432 2197 463 2224 τὸ
477 2197 525 2224 τοῦ
543 2199 761 2236 ἀναόαπτισμοῦ,
773 2201 867 2237 ὥσπερ
883 2199 931 2229 οὗν

983 2207 1034 2235 vos
1048 2199 1183 2234 prohibita
1204 2203 1247 2226 est
1267 2197 1453 2232 rebaptizatio,
1478 2196 1550 2223 sicut
1570 2200 1597 2223 et
1613 2194 1684 2230 apud
1712 2193 1768 2221 Ilo-

141 2241 191 2268 m‘t
202 2241 278 2277 παρὰ
298 2242 443 2278 Ῥωμαίοις
458 2244 614 2279 οἰκονομίας
635 2246 708 2278 τινὸς
727 2246 809 2273 ἕνεκα.
826 2247 929 2275 ἀθετεῖ-

140 2295 188 2314 ται
197 2288 228 2314 τὸ
245 2287 386 2323 βάπτισμα
398 2289 499 2322 αὐτῶν,
511 2289 569 2317 ἀλλ’
583 2292 597 2318 ὁ
605 2291 738 2327 ἡμέτερος
749 2292 828 2327 λόγος
854 2295 929 2329 ἰσχὺν

140 2334 245 2368 ἐχέτω·
259 2335 300 2361 ὅτι
320 2336 414 2371 ἐπειδὴ
427 2336 521 2372 ὥσπερ
537 2337 752 2372 Μαρκιωνιστῶν
774 2340 847 2366 ἐστὶν
862 2341 930 2367 ἀπο-

142 2380 290 2416 ϐλάστημα
307 2381 323 2416 ἡ
338 2382 398 2408 κατ’
411 2382 509 2414 αὐτοὺς
521 2383 638 2418 αἵρεσις,
650 2383 868 2419 βδελυσσομένων
884 2385 930 2413 τὸν

140 2425 232 2460 γάμον
249 2427 296 2452 καὶ
308 2426 555 2462 ἀποστρεφομένων
571 2428 616 2454 τὸν
629 2426 710 2462 οἶνον,
724 2430 770 2456 καὶ
781 2429 830 2466 τὴν
841 2430 930 2458 κτίσιν

138 2471 191 2498 τοῦ
210 2471 278 2498 Θεοῦ
295 2473 485 2509 μεμιασμένην
500 2472 570 2500 εἶναι
586 2474 730 2509 λεγόντων,
743 2476 773 2502 οὗ
798 2476 932 2511 δεχόμεθα

140 2518 243 2549 αὐτοὺς
259 2519 299 2550 εἰς
313 2519 361 2554 τὴν
382 2519 556 2555 Ἐκκλησίαν,
570 2521 617 2548 ἐὰν
633 2521 670 2556 μὴ
692 2521 879 2556 βαπτισοῶσιν
892 2523 931 2554 εἰς

139 2562 173 2588 τὺ
185 2562 322 2598 ἡμέτερον
342 2563 497 2599 βάπτισμα·
517 2566 554 2600 μὴ
577 2566 630 2601 γὰρ
657 2567 809 2600 λεγέτωσαν
824 2568 867 2594 ὃτι
880 2569 932 2601 Εἰς

141 2607 270 2641 Πατέρα,
278 2607 327 2634 καὶ
339 2607 469 2640 Υίὸι·,καὶ
479 2609 564 2644 ἅγιον
572 2611 692 2646 Πνεῦμα
699 2611 931 2647 ἐϐαπτίσθημεν,

141 2652 170 2679 οἵ
195 2661 228 2685 γε
254 2653 349 2680 κακῶν
369 2654 483 2690 ποιητὴν
507 2655 696 2691 ὑποτιθέμενοι
712 2657 757 2682 τὸν
780 2657 857 2690 Θεὸν,
883 2658 932 2692 ἑφ-

142 2698 268 2732 αμίλλως
289 2698 328 2733 τῷ
344 2699 487 2733 Μαρκίωνι
502 2701 621 2732 καὶτοῖς
639 2701 746 2733 λοιπαῖς
770 2703 909 2737 αἱρέσεσιν
923 2711 930 2718 η

140 2743 214 2770 ὥστε
242 2743 290 2770 ἐὰν
304 2743 392 2780 ἀρέσῃ
407 2744 494 2777 τοῦτο,
507 2745 547 2771 δεῖ
570 2745 696 2777 πλείονας
723 2747 890 2778 ἐπισκόπους
903 2747 932 2773 ὲν

179 2854 225 2883 ³⁸1
238 2855 302 2884 Cor.
318 2864 357 2890 ιι,
377 2857 405 2884 2.
464 2857 484 2873 ³¹
504 2857 525 2884 ll
542 2857 640 2886 Thess.
661 2866 690 2890 ιι,
706 2858 747 2886 Η.

982 2252 1090 2276 manos,
1115 2244 1276 2272 mconomiae
1295 2243 1413 2278 alicujus
1428 2242 1526 2278 gratia,
1556 2246 1650 2268 nostra
1675 2245 1766 2267 tamen

981 2293 1052 2321 ratio
1079 2292 1134 2318 vim
1156 2291 1288 2318 obtineat.
1313 2290 1450 2323 Quoniam
1466 2289 1538 2316 enim
1556 2287 1638 2314 veluti
1654 2294 1767 2321 germen

981 2338 1204 2366 Marcionitarum
1221 2341 1263 2364 est
1278 2344 1371 2364 eorum
1390 2335 1443 2370 22
1463 2334 1585 2367 haeresis,
1602 2338 1631 2361 ut
1647 2333 1692 2368 qui
1717 2340 1769 2359 nu-

981 2385 1052 2421 ptias
1068 2384 1244 2415 abhorreant,
1266 2387 1293 2410 et
1314 2382 1409 2409 vinum
1435 2385 1606 2413 averscntur,
1631 2387 1663 2406 ac
1676 2378 1769 2406 dicant

982 2430 1030 2457 Dei
1045 2433 1198 2457 creaturam
1221 2427 1392 2462 inquinatam
1418 2434 1488 2458 esse.
1514 2426 1616 2453 idcirco
1637 2425 1711 2460 ipsos
1739 2424 1769 2452 in

981 2475 1128 2503 Ecclesium
1146 2482 1199 2502 non
1212 2473 1392 2505 admittimus;
1409 2472 1463 2499 nisi
1491 2472 1518 2498 in
1542 2476 1664 2498 ttostrum
1681 2469 1769 2504 bapti-

980 2527 1038 2547 sma
1052 2518 1152 2546 fuerint
1167 2518 1306 2552 baptizati.
1318 2517 1423 2544 Etenim
1434 2516 1583 2544 nedicant:
1599 2515 1631 2542 In
1647 2514 1766 2545 Patrem,

980 2569 1004 2591 et
1016 2563 1128 2596 Filium,
1137 2567 1162 2590 et
1174 2562 1305 2596 Spiritum
1317 2566 1437 2588 sanctum
1451 2561 1580 2595 baptiznti
1594 2567 1685 2586 sumus
1698 2578 1706 2590 ,
1720 2558 1768 2593 qtti

982 2609 1108 2639 videlicet
1132 2608 1215 2636 Deum
1241 2616 1301 2635 esse
1329 2608 1462 2634 malorum
1492 2607 1648 2634 cdt-olorem
1672 2605 1769 2632 existi-

983 2660 1068 2688 mant,
1085 2655 1211 2689 exemplo
1229 2654 1375 2681 Marcionis
1387 2657 1415 2681 ct
1433 2653 1600 2687 reliqum-um
1617 2651 1764 2678 hazresum.

982 2700 1178 2734 Quamobrem,
1201 2700 1224 2728 si
1253 2700 1305 2726 hoc
1326 2698 1467 2734 placuerit,
1491 2701 1599 2732 oportet
1622 2697 1765 2730 episcopos

983 2748 1073 2782 plures
1087 2747 1115 2774 itt
1128 2753 1213 2774 unum
1233 2745 1389 2778 convenire,
1406 2749 1433 2772 et
1453 2743 1490 2771 ita
1500 2744 1609 2771 demum
1632 2748 1766 2769 canonem

801 2859 824 2875 "
851 2858 929 2887 Dcttl.
948 2867 1005 2892 xu,
1025 2858 1067 2887 15.
