1960 3076
192 147 245 180 467

770 145 900 180 ΡΗΟΤΙῙ
919 147 1169 179 ΡΛΤΒΙΑΒΟΗΕ
1186 149 1239 178 CP.

1764 147 1816 180 463

193 204 286 237 edere,
314 207 345 231 ut
367 207 394 231 et
412 203 436 230 is
449 203 496 238 qui
520 203 585 238 agit,
613 202 735 237 periculo
760 207 863 237 careat,
884 208 912 232 et
932 211 969 239 qu

1031 203 1121 238 ταυτῷ
1129 202 1259 237 γενέσθαι
1272 210 1279 217 ’
1296 201 1343 228 καὶ
1353 200 1440 232 οὕτως
1453 199 1581 228 ἐκθέσθαι
1593 200 1639 226 τὸν
1650 199 1758 232 κανόνα,
1770 201 1815 229 ἵνα

193 249 350 285 respondet,
363 249 390 276 in
402 253 478 277 tanto
494 249 629 284 ejusmodi
637 249 834 284 quaestionibus
844 257 978 285 responso

193 295 381 323 auctoritatem
399 295 505 323 habeat.

228 384 304 411 (ZAP.
316 383 386 410 V.-—
394 384 430 410 De
445 383 613 418 patriarchis,
630 388 653 410 ct
669 383 887 418 metropolitanis,
904 387 929 410 et
946 383 977 410 de

196 430 229 456 iis
246 429 291 464 qui
310 429 434 455 dicuntur
447 428 570 462 primates
586 428 612 453 in
626 427 729 461 Africa.

413 474 596 508 Apostolorum
610 481 694 500 canon
709 472 753 500 54.

227 519 331 556 54[55].
358 520 504 554 Epist-epos
533 518 750 553 uniuscujusque
782 516 868 552 gentis
896 524 978 544 nosse

191 571 299 602 oportet
311 573 371 593 eum
387 566 433 600 qui
451 565 478 592 in
493 566 532 592 eis
547 569 589 592 est
603 564 718 598 primus,
735 567 761 590 et
777 562 934 590 existimare
948 566 978 589 ut

191 616 291 646 caput:
307 617 334 640 et
350 611 418 639 nihil
436 611 535 642 facere,
555 610 629 645 quod
645 610 680 636 sit
693 610 808 636 arduum
823 615 872 637 aut
886 608 977 642 magni

195 657 337 690 momenti,
356 662 453 691 praeter
475 656 548 682 illius
568 655 748 682 sententiam:
765 655 809 682 illa
826 659 918 682 autem
935 653 976 681 fa-

189 710 251 731 cere
267 709 501 737 unumquemque,
515 709 576 735 qum
594 701 626 727 ad
645 707 722 727 suam
739 700 895 734 parochiam
914 707 976 734 per-

189 748 288 780 tinent,
303 752 331 775 et
351 755 436 783 pagos
451 747 497 781 qui
520 747 545 774 ei
565 746 693 773 subsunt.
711 746 764 773 Sed
780 753 831 773 nee
851 745 896 773 ille
911 745 976 773 abs-

189 801 243 828 que
254 792 376 820 omnium
391 791 525 819 sententia
550 790 653 824 aliquid
677 793 749 825 agat.
767 790 812 817 Sic
830 790 903 817 enim
925 789 977 816 erit

189 838 347 870 concordia,
377 842 403 865 et
430 836 627 872 gloriﬁeabitur
653 835 725 863 Deus
752 843 800 870 per
827 835 974 862 Dominum

187 882 279 911 Iesum
298 882 448 911 Christum.

329 938 443 966 Concilii
460 937 563 965 Νἱειεηὶ
578 945 690 964 canones
714 937 741 969 ιι,
757 937 784 970 6,
806 937 832 963 7.

223 985 251 1012 ό.
264 983 427 1020 Episcopum
444 984 466 1000 ³³
479 988 586 1018 oportet
601 983 719 1010 maxime
739 983 848 1017 quidem
867 983 902 1010 ab
917 989 976 1009 om-

187 1032 269 1059 nibus
296 1030 342 1065 qui
367 1034 432 1058 sunt
450 1030 477 1056 in
495 1029 646 1064 provincia,
673 1028 812 1056 constitui.
829 1029 857 1055 Si
882 1033 974 1056 autem

187 1077 224 1105 sit
239 1078 291 1105 hoc
301 1076 420 1107 dillieile,
438 1076 479 1103 vel
495 1081 604 1110 propter
619 1077 759 1109 urgentem
773 1075 974 1107 necessitatem,

185 1123 229 1150 vel
237 1122 287 1149 vias
300 1121 507 1156 longitudinem,
519 1124 573 1147 tres
584 1119 696 1146 omnino
704 1119 828 1147 eumdem
843 1120 869 1146 in
885 1120 974 1147 locmn

186 1171 376 1202 congregatos,
402 1166 560 1193 absentibus
577 1172 687 1200 quoque
701 1163 859 1198 sullragium
885 1164 975 1192 feren-

186 1213 270 1246 tibus,
287 1212 451 1247 scriptisque
467 1211 691 1243 assentientibus,
707 1214 772 1238 tunc
787 1210 839 1245 23
858 1211 975 1238 electio—

186 1267 248 1287 nem
266 1259 334 1290 lieri,
350 1266 445 1285 eorum
456 1261 556 1284 autem
573 1264 633 1292 quae
645 1257 722 1289 liunt,
740 1256 974 1284 conﬁrmationem

189 1307 217 1333 in
233 1313 397 1340 unaquaque
410 1303 549 1339 provincia
569 1311 583 1330 a
600 1303 810 1337 metropolitano
825 1302 893 1330 ﬁeri.

221 1351 248 1379 6.
265 1351 475 1386 Antiquimores
485 1353 627 1377 serventur
641 1349 728 1383 “,qui
740 1348 836 1375 suntin
846 1348 973 1384 Egypto,

186 1396 320 1432 etLibya,
335 1403 361 1424 et
385 1395 535 1430 Pentapoli,
553 1400 583 1422 ut
604 1395 806 1422 Alexandrinus
830 1396 973 1430 episcopus

188 1444 286 1471 horum
303 1443 426 1470 omnium
444 1442 541 1469 habent
565 1445 736 1476 potestatem,
753 1442 972 1476 quandoquidem

185 1494 213 1518 et
225 1490 352 1524 episcopo
369 1489 493 1516 Romano
510 1489 562 1516 hoc
587 1492 627 1515 est
653 1493 825 1515 consuetum.
843 1487 973 1515 Similiter

183 1539 211 1562 et.
227 1535 254 1561 in
272 1534 428 1567 Antiochia,
444 1534 510 1561 etin
526 1533 588 1560 aliis
604 1533 753 1568 provinciis
766 1540 815 1560 sua
832 1533 971 1567 privilegia

184 1588 216 1608 ac
229 1589 285 1608 suze
307 1581 455 1616 dignitates
471 1585 499 1608 et
512 1580 689 1608 auctoritates
708 1579 838 1608 Ecclesiis
855 1587 967 1606 serven—

183 1630 238 1653 tur.
258 1625 326 1653 lllud
341 1630 431 1653 autem
453 1630 498 1653 est
517 1625 629 1653 omnino
645 1623 832 1657 manifestum,
852 1625 924 1660 quod
949 1626 972 1653 si

183 1673 246 1707 quis
261 1672 364 1707 absque
381 1672 583 1706 metropolitani
599 1672 732 1698 sententia
749 1671 835 1699 factus
863 1672 898 1698 sit
913 1672 970 1706 epi-

183 1726 294 1754 scOpus,
320 1726 383 1745 eum
413 1725 509 1753 magna
533 1717 656 1752 synodus
679 1717 802 1744 deﬁnivit
829 1726 883 1744 non
911 1725 973 1746 esse

183 1765 351 1800 episcopum.
371 1764 448 1797 Quod
467 1765 488 1780 ³⁵
504 1764 527 1791 si
547 1763 657 1798 quidem
685 1764 825 1791 communi
847 1765 971 1791 omnium

183 1810 322 1842 clectioni,
338 1817 399 1845 quae
413 1814 439 1837 et
455 1809 553 1836 rationi
573 1814 769 1842 consentanea,
784 1815 810 1837 et
824 1818 857 1837 ex
878 1811 971 1845 regula

183 1855 369 1883 ecclesiastica
384 1855 455 1882 facta
480 1859 532 1888 est,
551 1854 605 1882 duo
622 1854 664 1881 vel
687 1860 741 1881 trcs
756 1859 866 1889 propter
881 1862 970 1889 suam,

183 1909 238 1937 qua
261 1901 441 1933 delectantur,
464 1900 666 1928 contentionem
686 1900 885 1934 contradicant,
913 1902 972 1928 vin-

183 1953 246 1976 cant
258 1947 377 1981 plurium
397 1947 538 1982 sullragia.

215 1995 242 2022 7.
258 1994 392 2028 Quoniam
408 1994 527 2021 obtinuit
548 1995 718 2022 consuetudo
738 2000 765 2022 et
787 1997 900 2031 antiqua
914 2000 971 2023 tra-

182 2040 262 2072 ditio,
280 2045 311 2067 ut
332 2041 379 2076 qui
399 2045 440 2068 est
463 2040 490 2067 in
509 2039 582 2067 (Elia
605 2040 763 2076 episcopus,
792 2042 940 2069 honoretur
962 2050 969 2068 :

182 2085 283 2114 habeat
303 2085 415 2113 honoris
429 2086 669 2120 consequentiam,
693 2087 835 2122 metropoli
862 2088 970 2122 propria

181 2130 313 2166 dignitate
331 2136 449 2159 servata.

357 2175 470 2203 Concilii
486 2177 643 2204 Amice/teni
666 2185 750 2204 canon
768 2178 794 2205 9.

1029 249 1076 276 καὶ
1092 248 1131 280 τῷ
1144 248 1290 282 ποιήσαντι
1306 246 1337 273 τὸ
1365 243 1530 283 ἀκίνδυνονῇ
1544 253 1552 262 ·
1566 246 1613 272 καὶ
1633 245 1648 271 ὸ
1665 245 1814 281 ἀποκρινό-

1030 302 1109 330 μενος
1125 315 1132 327 ,
1153 293 1184 320 τὸ
1214 293 1370 326 ἀξιόπιστον
1401 291 1451 328 ἔχῃ
1476 292 1506 319 ὲν
1535 292 1568 326 τῇ
1598 291 1663 326 περὶ
1684 291 1813 320 τοιούτων

1028 339 1183 374 ἀποκρίσει.

1063 384 1189 410 ΚΕΦΑΛ.
1201 384 1239 410 Ε’-
1246 398 1282 403 -
1289 383 1358 417 Περὶ
1371 381 1562 417 πατριαρχῶν
1571 382 1620 409 καὶ
1633 384 1814 417 μητροπολί-

1028 429 1097 462 τῶν,
1107 430 1156 456 καὶ
1175 429 1231 456 τῶν
1249 430 1284 456 ἐν
1300 429 1418 463 Ἀφρικῇ
1430 428 1600 462 λεγομένων
1610 428 1769 463 πριμάτων.

1233 475 1425 502 Ἀποστόλων
1442 475 1542 501 κανὼν
1552 475 1600 502 λδ’.

1062 521 1094 548 δ’.
1110 521 1180 553 Τοὺς
1196 520 1363 552 ἐπισκόπους
1383 520 1498 547 ἑκάστου
1513 520 1607 551 ἔθνους
1617 539 1624 552 ,
1639 520 1738 547 ιίδέναι
1762 520 1813 556 χρὴ

1027 566 1072 594 τὸν
1085 567 1113 592 ὲν
1122 566 1212 598 αὐτοῖς
1223 566 1340 601 πρῶτον,
1353 566 1400 592 καὶ
1408 565 1533 602 ἡγεῖσθαι
1539 565 1621 592 αὑτὸν
1632 568 1670 597 ὼς
1678 566 1811 601 κεφαλὴν,

1027 613 1073 639 καὶ
1084 612 1166 647 μηδέν
1185 621 1212 638 τι
1235 612 1365 646 πράττειν
1389 612 1516 647 περιττὸν
1536 611 1601 638 ἄνευ
1629 611 1680 646 τῆς
1707 612 1812 638 ἐκείνου

1027 658 1150 693 γνώμης,
1168 658 1260 684 ἐκεῖνα
1274 657 1302 684 δὲ
1326 657 1394 692 μόνα
1414 658 1545 693 πράττειν
1568 659 1695 690 ἕκαστον,
1709 658 1759 684 ὅσα
1779 659 1812 694 τῇ

1027 703 1109 730 αὑτοῦ
1121 703 1250 738 παροικίᾳ
1263 702 1402 730 ἐπιϐάλλει
1417 704 1464 730 καὶ
1472 705 1531 735 ταῖς
1545 704 1591 730 ὑπ’
1602 703 1686 739 αὐτὴν
1698 703 1812 738 χώραις.

1033 750 1113 776 Ἀλλὰ
1129 749 1198 785 μηδὲ
1213 750 1316 781 ἐκεῖνος
1325 749 1389 776 ἄνευ
1400 750 1449 784 τῆς
1464 750 1573 778 πάντων
1582 749 1694 784 γνώμης
1704 749 1814 776 ποιείτω

1025 793 1161 827 ’τι-,οὓτω
1189 794 1243 829 γὰρ
1266 794 1378 829 ὁμόνοια
1403 794 1489 827 ἔσται,
1508 794 1556 820 καὶ
1581 793 1775 829 δοξασθήσεται
1800 794 1814 820 ὁ

1029 840 1136 876 Πατὴρ,
1154 841 1168 866 ὸ
1181 840 1254 873 Υίὺς,
1269 839 1316 867 καὶ
1328 839 1358 866 τδ
1373 840 1448 874 ἅγιον
1464 839 1584 874 Πνεῦμα.

1170 926 1304 953 Συνόδου
1317 925 1441 958 Νικαίας
1452 918 1551 953 achrth
1569 924 1590 952 δ’
1607 925 1634 958 ς’
1646 924 1679 957 ζ’.

1059 971 1080 998 δ’
1105 971 1269 998 Ἐπίσκοπον
1290 972 1423 1007 προσήκει
1440 972 1556 1007 μάλιστα
1573 971 1622 1006 μὲν
1637 971 1690 998 ὑπὸ
1704 972 1812 998 πάντων

1025 1019 1079 1046 τῶν
1104 1021 1133 1046 ὲν
1157 1021 1190 1055 τῇ
1220 1020 1338 1055 ἐπαρχίᾳ
1367 1019 1555 1046 καθίστασθαι.
1571 1019 1602 1046 Εἰ
1626 1019 1655 1045 δὲ
1683 1019 1813 1054 δυσχερὲς

1026 1067 1069 1101 εἴη
1091 1066 1121 1092 τὸ
1137 1066 1268 1098 τοιοῦτον,
1284 1067 1301 1100 ἢ
1326 1066 1372 1092 διὰ
1397 1066 1614 1100 κατεπείγουσαν
1642 1065 1778 1099 ἀνάγκην,
1793 1065 1811 1100 ἢ

1025 1111 1068 1138 διὰ
1094 1111 1182 1147 μῆκος
1200 1111 1259 1138 ὀδοῦ
1277 1111 1426 1144 ὲξὰπςιντος
1440 1113 1515 1146 τρεῖς
1530 1111 1576 1137 ἐπὶ
1592 1111 1622 1137 τὸ
1638 1111 1704 1137 αὐτὸ
1730 1119 1812 1137 συνα-

1025 1159 1168 1193 γομένους,
1185 1159 1339 1193 συμψήφων
1363 1158 1512 1193 γινομένων
1530 1158 1576 1184 καὶ
1594 1157 1648 1184 τῶν
1670 1157 1804 1189 ἀπόντων,

1025 1205 1071 1232 καὶ
1084 1204 1281 1240 συντιθεμένων
1295 1205 1337 1231 διὰ
1351 1204 1534 1240 γραμμάτων,
1547 1204 1607 1231 τότε
1619 1203 1667 1239 τὴν
1691 1212 1810 1238 χειροτο-

1025 1251 1084 1278 νίαν
1105 1251 1239 1278 ποιεῖσθαι
1255 1260 1261 1266 ·
1277 1251 1308 1278 τὸ
1320 1251 1348 1277 δὲ
1360 1251 1443 1286 κῦρος
1457 1250 1574 1277 δίδοσθαι
1587 1250 1642 1277 τῶν
1656 1250 1808 1285 γινομένων

1025 1298 1085 1324 καθ’
1102 1298 1221 1333 ἑκάστην
1236 1297 1370 1332 ἐπαρχίαν
1379 1297 1416 1332 τῷ
1434 1297 1631 1332 μητροπολίτῃ.

1060 1346 1097 1376 ς’.
1119 1343 1159 1370 Τὰ
1170 1343 1271 1378 ἀρχαῖα
1288 1342 1335 1378 ἔθη
1357 1343 1502 1378 κρατείτω,
1520 1342 1554 1368 τὰ
1572 1343 1600 1368 ὲν
1621 1341 1752 1375 Αίγύπτῳ
1766 1340 1812 1367 καὶ

1025 1388 1112 1423 Λιϐύῃ
1131 1389 1178 1414 καὶ
1196 1388 1373 1419 Πενταπόλει,
1389 1387 1460 1414 ὥστε
1487 1387 1533 1415 τὸν
1559 1388 1588 1414 ὲν
1621 1385 1811 1422 ’Λλεξανδρείᾳ

1024 1435 1174 1461 ἐπίσκοπον
1191 1454 1199 1467 ,
1226 1434 1336 1461 πάντων
1366 1434 1468 1460 τούτων
1493 1434 1564 1468 ἔχειν
1592 1435 1641 1468 τὴν
1664 1433 1810 1466 ἐξουσίαν,

1024 1480 1119 1515 ἐπειδὴ
1143 1480 1191 1507 καὶ
1207 1479 1246 1513 τῷ
1268 1481 1297 1506 ὲν
1319 1481 1352 1516 τῇ
1380 1479 1473 1515 Ῥώμῃ
1496 1480 1638 1514 ὲπισκόπῳ
1650 1479 1730 1505 τοῦτο
1750 1479 1812 1505 σύν-

1024 1527 1089 1562 ηθὲς
1115 1528 1208 1553 ἐστιν’
1223 1526 1324 1562 ὁμοίως
1342 1526 1370 1553 δὲ
1399 1527 1447 1553 καὶ
1465 1526 1503 1562 τῷ
1535 1527 1605 1553 κατὰ
1625 1526 1674 1562 τὴν
1706 1526 1810 1552 Ἀντιό-

1024 1581 1099 1608 χειαν
1113 1573 1180 1606 ,καὶ
1203 1574 1232 1600 ἐν
1260 1568 1321 1604 ταῖς
1338 1573 1432 1604 ἄλλαις
1455 1572 1654 1608 ὲπαρχίαις,τὰ
1680 1572 1812 1608 πρεσΰεῖα

1024 1619 1156 1651 σώζεσθαι
1177 1620 1237 1651 ταῖς
1248 1619 1441 1654 Ἐκκλησίαιςο
1474 1618 1588 1645 καθόλου
1621 1618 1651 1644 δὲ
1679 1617 1811 1653 πρόδηλον

1023 1666 1119 1697 ἐκεῖνο,
1135 1665 1176 1691 ὅτι
1191 1664 1218 1691 εί
1239 1673 1280 1696 τις
1294 1664 1378 1699 χωρὶς
1395 1663 1507 1700 γνώμης
1534 1664 1580 1691 τοῦ
1606 1663 1806 1699 μητροπολίτου

1024 1711 1130 1744 γένοιτο
1152 1710 1311 1743 ἐπίσκοπος,
1338 1710 1383 1736 τὸν
1402 1709 1523 1736 τοιοῦτον
1542 1710 1559 1744 ἡ
1586 1709 1690 1744 μεγάλη
1703 1708 1811 1740 σύνοδος

1023 1757 1106 1791 ὥρισε
1122 1757 1159 1791 μὴ
1172 1756 1225 1782 δεῖν
1234 1754 1303 1782 εἶναι
1313 1755 1471 1783 ἐπίσκοπον.
1490 1755 1553 1782 Ἐὰν
1567 1755 1617 1790 μέν
1634 1763 1676 1781 τοι
1686 1756 1719 1789 τῇ
1732 1755 1809 1789 κοινῇ

1023 1801 1131 1828 πάντων
1156 1800 1239 1836 ψήφῳ
1254 1800 1357 1835 εὐλόγῳ
1371 1799 1400 1826 οὗ
1406 1808 1439 1836 σῃ
1452 1800 1500 1826 καὶ⁹
1512 1800 1582 1826 κατὰ
1599 1800 1700 1826 κανόνα
1710 1800 1810 1833 ἐκκλη-

1024 1845 1172 1877 σιαστικὸν,
1187 1844 1260 1879 δύοῆ
1277 1845 1352 1880 τρεῖς
1369 1844 1403 1870 δι’
1417 1843 1521 1871 οἰκείαν
1532 1844 1697 1878 φιλονεικίαν
1707 1843 1812 1870 ἀντιλέ-

1022 1899 1103 1925 γωσι,
1119 1891 1254 1926 κρατείτω
1267 1891 1284 1924 ἡ
1298 1890 1353 1917 τῶν
1378 1890 1508 1916 πλειόνων
1531 1890 1631 1925 ψῆφος.

1058 2001 1090 2033 ζ’.
1111 2000 1219 2035 Ἐπειδὴ
1232 2000 1360 2035 συνήθεια
1371 2001 1527 2036 κεκράτηκε
1543 2001 1590 2028 καὶ
1600 2000 1749 2035 παράδοσις
1759 2001 1810 2036 ἀρ’

1023 2048 1097 2082 χαία,
1112 2047 1182 2073 ὥστε
1194 2047 1239 2073 τὺν
1261 2048 1291 2072 ἐν
1310 2047 1391 2081 Λίλίᾳ
1401 2047 1551 2073 ἐπίσκοπον
1567 2048 1711 2082 τιμᾶσθαι,
1725 2048 1810 2082 ἐχέτω

1021 2094 1070 2129 τὴν
1083 2093 1244 2120 ἀκολουθίαν
1261 2093 1309 2128 τῆς
1321 2093 1415 2128 τιμῆς,
1429 2094 1461 2128 τῇ
1475 2093 1642 2129 μητροπόλει
1653 2094 1809 2128 σωζομένου

1022 2139 1067 2166 τοῦ
1080 2139 1178 2166 οἰκείου
1194 2138 1357 2172 ἀξιώματος.

1163 2184 1297 2211 Συνόδου
1317 2185 1494 2219 Ἀντιοχείας
1514 2184 1616 2212 κανὼν
1632 2185 1664 2212 θ’.

217 2222 244 2249 9.
262 2222 410 2258 Episcopos
426 2223 474 2257 qui
495 2227 559 2250 sunt
583 2223 610 2250 in
631 2231 795 2259 unaquaque
817 2225 967 2260 provincia,

1057 2231 1166 2262 θ¹.Τοὺς
1184 2231 1243 2258 καθ’
1261 2231 1379 2266 ἑκάστην
1389 2217 1523 2267 ἐπαρχίαν
1534 2233 1697 2264 ἐπισκόπους
1712 2231 1810 2259 ειδέναι

181 2267 252 2294 scire
277 2272 385 2302 oportet
415 2269 585 2303 episcopum,
614 2270 660 2304 qui
689 2275 786 2304 praest
813 2272 968 2306 metropoli,

181 2313 263 2340 etiam
288 2321 383 2341 curam
406 2315 546 2349 suscipere
573 2314 656 2342 totius
675 2317 833 2350 provinciae,
850 2325 882 2345 eo
897 2318 968 2352 quod

182 2359 209 2386 in
227 2360 400 2395 tnetropolim
419 2362 601 2395 undequnque
625 2367 793 2389 concurrunt
813 2371 909 2391 omnes
923 2364 969 2398 qui

181 2405 283 2432 habent
297 2405 413 2439 negotia.
425 2405 503 2433 Unde
514 2406 601 2434 visum
616 2411 659 2434 est
671 2415 731 2434 eum
743 2416 851 2443 quoque
866 2412 970 2439 honore

180 2451 349 2485 priecedere:
374 2451 494 2486 reliquos
521 2457 611 2479 autent
633 2453 776 2488 episcopos
791 2454 857 2480 nihil
876 2456 965 2488 magni

181 2496 310 2523 momenti
327 2497 437 2531 aggredi
463 2498 523 2525 sine
541 2498 609 2532 ipso,
626 2502 656 2524 ut
676 2498 743 2531 vult,
758 2498 804 2533 qni
826 2499 860 2526 ab
877 2500 966 2533 ittitio,

180 2543 311 2575 obtinuit,
336 2542 448 2570 Patrum
465 2552 552 2572 canon
567 2554 574 2572 :
589 2545 632 2572 vel
650 2545 716 2578 sola,
743 2553 804 2580 qua:
819 2547 853 2573 ad
868 2547 966 2575 unius-

180 2588 317 2623 cujusque
332 2590 490 2624 parochiam
501 2591 659 2623 conferunt,
675 2596 702 2619 et
727 2592 851 2627 regiones
867 2602 928 2628 quae
942 2595 968 2622 ei

180 2635 307 2663 subsunt.
330 2635 558 2672 Unumqucmqne
584 2638 656 2664 enim
684 2638 842 2673 episcopum
870 2639 968 2667 habere

180 2689 237 2708 sua:
251 2682 387 2716 parochiac
406 2688 578 2718 potestatem,
591 2689 617 2711 et
631 2684 824 2712 administrate
843 2693 891 2720 pro
907 2686 968 2712 uni-

181 2728 281 2761 cuique
306 2729 488 2757 conveniente
514 2730 656 2764 religione,
682 2735 709 2757 et
735 2731 819 2758 totius
847 2731 968 2766 regionis

180 2780 276 2800 curam
298 2781 402 2809 gerere,
421 2784 480 2810 quo:
493 2783 549 2804 suo:
562 2777 621 2803 urbi
637 2777 742 2804 subest.
767 2776 799 2803 Ut
824 2779 903 2804 etiam
921 2785 966 2804 or-

215 2831 238 2868 ¹λ³
252 2834 344 2866 Apost.
364 2834 375 2860 1
393 2841 400 2863 ;
424 2833 508 2860 Lami.
537 2833 586 2861 τὶς
605 2833 732 2859 Antioch.
752 2833 800 2866 l9;
814 2834 899 2861 Alric.
913 2835 963 2868 l6;
987 2835 1073 2864 Tolet.
1091 2835 1132 2862 19.

180 2866 202 2881 "
218 2866 343 2894 Antioch.
370 2869 418 2899 18;
445 2868 535 2895 lunoc.
556 2868 593 2901 8;
614 2868 700 2895 Bonii.
724 2869 750 2900 i;
773 2868 870 2896 Leonis
889 2870 928 2897 lii.

1021 2276 1073 2311 χρὴ
1098 2275 1144 2302 τὸν
1162 2276 1190 2302 ὲν
1206 2277 1238 2310 τῇ
1265 2275 1429 2310 μητροπόλει
1460 2276 1618 2310 προεστῶτα
1651 2277 1808 2306 ἐπίσκοπον,

1025 2322 1072 2349 καὶ
1097 2321 1148 2356 τὴν
1172 2321 1301 2356 φροντίδα
1333 2321 1508 2356 ἀναδέχεσθαι
1538 2322 1628 2357 πάσης
1655 2322 1703 2357 τῆς
1727 2322 1812 2357 ἐπαρ-

1021 2366 1094 2402 χίας,
1104 2366 1147 2392 διὰ
1161 2366 1192 2392 τὺ
1200 2367 1228 2392 ὲν
1239 2367 1272 2401 τῇ
1289 2362 1455 2401 μητροπόλει
1470 2367 1640 2402 πανταχόθεν
1651 2367 1809 2402 συντρέχειν

1022 2412 1126 2442 πάντας
1143 2411 1204 2442 τοὺς
1220 2411 1254 2436 τὰ
1272 2411 1424 2446 πράγματα
1441 2412 1553 2446 ἔχοντας
1569 2419 1576 2426 θ
1592 2411 1653 2438 ὅθεν
1670 2410 1743 2442 ἔδοξε
1761 2410 1810 2437 καὶ

1021 2461 1053 2495 τῇ
1069 2460 1136 2494 τιμῇ
1151 2457 1332 2494 προηγεῖσθαι
1356 2457 1436 2483 αὑτὸν
1447 2479 1453 2489 ,
1474 2458 1557 2493 μηδὲν
1574 2467 1603 2484 τε
1618 2458 1747 2493 πράττειν
1762 2465 1812 2482 πε-

1023 2506 1111 2541 ριττὸν
1121 2505 1184 2536 τοὺς
1199 2504 1307 2535 λοιποὺς
1321 2503 1485 2536 ἐπισκόπους
1499 2505 1562 2531 ἄνευ
1577 2504 1670 2536 αὑτοῦ,
1683 2503 1754 2530 κατὰ
1763 2502 1810 2529 τὸν

1022 2552 1133 2587 ἀρχαῖον
1148 2551 1324 2585 κρατήσαντα
1335 2551 1367 2577 ὲκ
1378 2550 1431 2576 τῶν
1452 2550 1582 2584 Πατέρων
1598 2549 1676 2584 ἡμῶν
1689 2549 1788 2575 κανόνα
1800 2556 1809 2563 ⁸

1022 2597 1038 2631 ἦ
1055 2597 1142 2624 ταῦτα
1160 2596 1239 2631 μόνα,
1251 2597 1301 2623 ὃσα
1320 2597 1352 2631 τῇ
1375 2596 1491 2623 ἑκάστου
1513 2595 1653 2622 ἐπιϐάλλει
1665 2594 1809 2629 παροικίᾳ,

1023 2642 1068 2668 καὶ
1080 2642 1139 2672 ταῖς
1152 2641 1196 2667 ὑπ’
1206 2641 1292 2676 αὐτὴν
1306 2641 1419 2676 χώραις.
1433 2641 1570 2668 Ἕκαστον
1589 2640 1642 2675 γὰρ
1659 2640 1810 2666 ἐπίσκοπον

1021 2687 1146 2720 ἐξουσίαν
1159 2687 1231 2722 ἔχειν
1240 2688 1289 2722 τῆς
1300 2687 1398 2714 ἑαυτοῦ
1413 2687 1567 2722 παροικίας,
1579 2686 1690 2713 διοικεῖν
1697 2695 1725 2712 τε
1740 2685 1811 2713 κατὰ

1020 2733 1070 2768 τὴν
1092 2733 1200 2768 ἑκάστῳ
1216 2733 1415 2760 ἐπιϐάλλουσαν
1441 2731 1596 2764 εὐλάϐειαν,
1609 2732 1656 2758 καὶ
1680 2731 1811 2766 πρόνοιαν

1021 2779 1155 2806 ποιεῖσθαι
1168 2779 1258 2814 πάσης
1281 2780 1331 2814 τῆς
1344 2779 1434 2814 χώρας
1444 2779 1493 2813 τῆς
1506 2777 1559 2803 ὑπὸ
1577 2777 1626 2812 τὴν
1636 2776 1719 2803 αὐτοῦ
1733 2776 1811 2802 πόλιν

1187 2835 1210 2852 ³³
1233 2835 1328 2870 Apost.
1365 2835 1414 2869 55;
1443 2834 1571 2862 Antioch.
1589 2835 1625 2868 9;
1651 2834 1747 2862 Const“.
1779 2832 1810 2859 2.
