1951 3081
184 129 234 160 471

762 128 893 160 PHOTII
913 117 1165 160 PATRIABCHJ';
1187 130 1243 160 cr.

1766 129 1819 161 472

184 190 248 221 soli,
260 192 390 224 praeterea
401 186 521 222 episcopi
542 185 733 221 praedictarum
749 185 899 214 dimcesum
916 193 971 220 qua

1028 185 1079 212 λίδι
1100 185 1205 222 Ῥώμῃ,
1226 185 1272 212 καὶ
1284 185 1312 212 ἐν
1328 185 1384 218 τοῖς
1399 184 1646 220 ἐκκλησιαστικοῖς,
1661 183 1697 215 ὡς
1709 185 1817 220 ἐκείνην

185 240 250 263 sunt
264 235 334 262 inter
350 233 495 266 Barbaros,
508 241 522 259 a
537 233 666 267 praedicto
684 232 782 260 throno
795 232 975 259 sanctissimae

184 280 494 315 Constantinopolitanae
508 279 634 306 Ecclesiae
648 279 810 306 ordinentur
824 287 831 305 ε
847 285 976 311 unoquo-

185 334 239 361 que
254 326 357 353 scilicet
377 325 569 359 prmdictarum
593 324 743 352 dimcesum
766 323 975 358 metropolitano

185 382 248 401 cum
264 373 412 409 provinciae
432 373 568 408 episcopis
583 363 728 407 provincia:
740 371 885 406 episcopos
899 370 974 398 ordi-

183 422 277 449 nante,
298 417 527 452 quemadmodum
542 416 642 444 divinis
655 415 806 443 canonibus
824 419 866 442 est
882 414 971 442 tradi.

183 470 252 492 tum.
264 463 390 491 Ordinari
401 468 501 496 autem,
515 463 586 490 sicut
598 462 701 489 dictum
711 466 764 494 est,
781 460 973 495 prmdictarum

183 511 332 538 dimcesum
346 509 572 544 metropolitanos
593 516 608 535 a
619 507 921 541 Constantinopolitano
930 513 974 532 ar-

184 555 371 590 chiepiscopo,
388 554 615 582 convenientibus
629 552 663 580 de
675 559 752 579 more
769 551 848 579 iactis
861 550 975 578 electio-

184 602 277 633 ttibus,
293 605 319 628 et
336 601 370 628 ad
383 601 472 635 ipsum
488 599 592 628 relatis.

1029 231 1230 267 μεγαλύνεσθαι
1241 232 1397 267 πράγμασι,
1408 231 1536 266 δευτέραν
1551 230 1607 265 μετ’
1616 229 1722 265 ἐκείνην
1730 230 1819 266 ὑπάρ‹

1027 285 1127 311 χουσαν
1138 286 1145 292 ·
1154 277 1201 304 καὶ
1209 276 1279 303 ὥστε
1295 276 1358 308 τοὺς
1370 276 1418 310 τῆς
1426 276 1560 310 Ποντικῆς
1570 275 1617 302 καὶ
1629 275 1681 309 τῆς
1692 275 1818 310 ’Δσιανῆς

1026 322 1074 348 καὶ
1087 322 1135 357 τῆς
1149 321 1289 357 Θρᾳκικῆς
1307 321 1469 356 διοικήσεως
1492 320 1694 356 μητροπολίτας
1709 321 1817 356 μόνους,

1026 368 1067 394 ἔτι
1083 368 1111 394 δὲ
1128 368 1176 394 καὶ
1191 369 1254 399 τοὺς
1263 369 1292 394 ἐν
1311 368 1368 399 τοῖς
1386 367 1563 402 βαρὸαρικοῖς
1578 367 1744 400 ἐπισκόπους
1759 368 1815 395 τῶν

1026 413 1233 448 προειρημένων
1273 413 1436 448 διοικήσεων
1452 413 1665 448 χειροτονεῖσθαι
1691 413 1744 440 ὑπὸ
1769 414 1817 440 τοῦ

1029 457 1232 492 προειρημένου
1251 457 1403 492 ἀγιωτάτου
1418 456 1512 492 θρόνου
1529 459 1578 492 τῆς
1593 458 1663 484 κατά
1671 458 1817 485 Κώνσταν-

1027 503 1181 529 τινούπολιν
1194 503 1349 539 ἁγιωτάτης
1383 502 1546 538 Ἐκκλησίας
1563 512 1569 519 ·
1582 503 1682 539 δηλαδὴ
1699 504 1816 530 ἐκάστου

1030 549 1230 584 μητροπολίτω
1247 549 1302 576 τῶν
1325 549 1534 584 προειρημένων
1555 548 1714 584 διοικήσεων
1747 549 1817 584 μετὰ

1027 595 1082 621 τῶν
1105 595 1156 629 τῆς
1173 595 1308 630 ἐπαρχίας
1334 595 1493 621 ἐπισκόπων
1514 595 1730 630 χειροτονοῦντος
1753 595 1816 627 τοὺς

184 646 236 681 τῆς
279 646 413 682 ἐπαρχίας
450 645 616 676 ἐπισκόπους
636 664 645 677 ,
667 643 760 675 καθὼς
793 643 850 674 τοῖς
888 641 972 672 θείοις
991 640 1086 667 κανόσι
1100 640 1275 676 διηγόρευεαι
1292 649 1299 656 ·
1320 641 1530 676 χειροτονεῖσθαι
1554 641 1583 667 δέ
1611 640 1702 672 καθὼς
1741 642 1817 676 εῐρηο

182 700 228 719 ται
249 693 313 724 τοὺς
338 691 538 727 μητροπολίτας
560 690 613 717 τῶν
633 689 840 726 προειρημένων
862 687 1034 722 διοικήσεων,
1069 685 1143 720 παρὰ
1171 685 1218 712 τοῦ
1249 686 1561 718 Κωνσταντινουπόλεως
1585 686 1814 722 ἀρχιεπισκὸπου,

182 740 366 775 ψηφισμάτων
389 738 541 774 συμφώνων
568 737 639 765 κατὰ
666 737 697 764 τὸ
720 737 780 768 ἔθος
805 735 967 771 γινομένων,
987 732 1036 761 καὶ
1049 733 1093 759 ἐπ’
1110 733 1191 760 αὑτὸν
1204 734 1426 769 ἀναφερομένων.

296 783 408 811 ὒοηεὶιὶἰ
422 783 587 812 Sardicensis
603 792 714 811 canones
729 783 756 816 ’5,
773 783 801 816 4,
817 782 844 810 5.

215 831 243 858 5.
258 829 341 858 Osius
357 830 501 865 episcopus
513 830 581 857 dixit
598 838 606 857 :
627 829 686 857 Hoc
697 836 807 864 quoque
817 828 974 856 necessario

1129 779 1265 807 Συνόδου
1290 779 1440 814 Σαρδικῆς
1469 780 1569 806 κανὼν
1586 779 1610 814 γ’
1628 780 1648 806 δ’
1666 783 1697 807 ε’.

1061 827 1095 858 γ’.
1116 824 1208 856 Ὀσιος
1223 825 1371 856 ἐπίσκοπος
1387 823 1462 851 εἶπεν
1473 833 1480 841 ·
1498 825 1645 858 ἀναγκαῖον
1665 825 1713 852 καὶ
1734 825 1815 852 τοῦτο

183 881 225 904 est
241 875 445 911 adjiciendum.
473 880 503 903 ut
526 876 617 903 nullus
641 877 833 910 episcoporum
863 882 897 902 ex
923 881 971 901 sua

1026 870 1219 905 προστεθῆναι,
1239 870 1282 897 ἵνα
1293 871 1388 906 μηδεὶς
1405 871 1563 897 ἐπισκόπων
1580 871 1633 898 ἀπὺ
1647 871 1696 906 τῆς
1712 871 1812 898 ἐαυτοῦ

184 922 327 956 provincia
345 921 372 948 in
387 921 467 948 aliam
485 919 665 955 provinciam,
690 919 718 945 in
745 926 799 954 qua
826 923 891 945 sunt
913 917 972 952 epi-

184 967 271 1002 scopi,
290 970 426 999 transeat;
447 966 499 993 nisi
515 966 609 1000 utique
629 972 644 992 a
664 965 721 992 suis
745 963 878 991 fratribus
891 970 973 990 voce-

184 1019 244 1046 tur;
263 1020 297 1040 ne
308 1012 452 1040 videamur
473 1011 627 1038 dilectionis
653 1010 725 1038 l'orcs
752 1009 888 1037 claudere.
915 1007 973 1036 Hoc

183 1065 275 1086 autem
293 1059 376 1086 etiam
394 1057 523 1085 similiter
538 1057 736 1091 providendum
755 1060 808 1089 cst,
833 1060 864 1083 ut
896 1055 918 1082 si
945 1055 972 1081 itt

185 1106 276 1140 aliqua
301 1105 440 1140 provincia
461 1104 652 1139 episcoporum
676 1102 810 1138 quispiam
840 1102 972 1129 adversus

183 1151 297 1180 fratrem
315 1159 396 1179 suum
420 1155 448 1177 et
477 1150 668 1184 coepiscopum
691 1149 831 1184 negotium
862 1148 971 1181 habeat,

185 1202 282 1224 neuter
295 1203 389 1223 eorum
405 1195 451 1232 [ne
467 1203 538 1222 unus
552 1202 567 1222 e
582 1194 702 1230 duobus]
717 1202 751 1221 ex
763 1194 815 1221 alia
831 1193 972 1229 provincia

185 1243 331 1278 episcopos
345 1241 500 1276 cognitores
514 1245 619 1268 evocet.
633 1240 662 1268 Si
674 1241 736 1275 quis
755 1244 846 1267 autem
866 1240 973 1274 episco-

185 1297 282 1323 porum
292 1289 318 1315 itt
328 1289 419 1322 aliqtto
435 1288 545 1322 negotio
558 1286 783 1316 condemnandus
791 1285 867 1313 visus
879 1285 971 1318 fuerit,

185 1340 213 1362 et
230 1335 368 1362 existimet
385 1342 414 1362 se
440 1342 495 1362 non
517 1334 629 1366 malam,
661 1333 710 1360 sed
733 1333 833 1360 bonam
861 1338 971 1359 causam

185 1380 296 1412 habere,
311 1384 341 1406 ut
360 1380 442 1406 ctiattt
469 1386 566 1406 rursus
593 1378 728 1413 judicium
759 1381 927 1404 renovetur:
949 1376 973 1404 si

185 1430 283 1454 vestrze
297 1425 436 1453 dilectioni
453 1425 570 1456 videtur,
586 1423 657 1451 Petri
674 1423 790 1459 apostoli
813 1423 971 1450 memoriam

186 1473 362 1504 honoretnus,
379 1475 410 1499 ut
425 1471 459 1499 ab
483 1471 517 1499 iis
540 1471 587 1505 qui
605 1470 809 1506 iudicaverunt,
835 1470 973 1497 scribatur

184 1519 257 1546 Julio
279 1518 467 1546 Romanorum
498 1517 642 1553 episcopo;
668 1523 695 1544 et
726 1524 775 1552 per
804 1516 972 1551 propinquos

1025 915 1161 951 ἐπαρχίας
1173 917 1212 947 είς
1221 916 1317 949 ἑτέραν
1328 917 1473 952 ἐπαρχίαν,
1488 917 1517 943 ἐν
1527 914 1543 954 ᾖ
1554 917 1731 951 τυγχάνουσιν
1738 918 1814 950 ὅντες

1025 961 1180 994 ἐπίσκοποι,
1193 960 1336 987 διαϐαίνοι·
1346 962 1370 987 εἰ
1378 962 1414 997 μή
1424 970 1464 988 τοι
1475 962 1551 997 παρὰ
1558 961 1612 988 τῶν
1623 962 1745 996 ἀδελφῶν
1757 961 1815 989 τῶν

1024 1005 1122 1033 ἑαυτοῦ
1139 1005 1265 1041 κληθείη,
1279 1006 1323 1033 διὰ
1333 1006 1364 1033 τὸ
1380 1007 1417 1042 μὴ
1426 1007 1513 1033 δοκεῖν
1533 1007 1606 1043 ἡμᾶς
1619 1007 1668 1039 τὰς
1681 1008 1730 1042 τῆς
1745 1007 1815 1042 ἀγά-

1024 1061 1078 1087 πης
1086 1052 1241 1079 ἀποκλείειν
1254 1052 1340 1084 πύλας
1353 1061 1360 1069 ι
1369 1053 1503 1080 καὶτοῦτο
1513 1053 1542 1080 δέ
1555 1054 1685 1085 ὡσαύτως
1696 1062 1815 1090 προνοηη

1023 1099 1095 1131 τέον,
1110 1098 1181 1125 ὥστε
1208 1099 1256 1126 ἐὰν
1276 1107 1328 1125 τινι
1346 1099 1466 1135 ἐπαρχίᾳ
1478 1100 1647 1129 ,ἐπισκόπων
1668 1109 1710 1132 τις
1737 1100 1814 1127 ἀντι-

1024 1152 1092 1178 κρος
1103 1143 1217 1178 ἀδελφοῦ
1235 1143 1332 1170 ἑαυτοῦ
1352 1145 1550 1172 συνεπισκόπου
1576 1147 1692 1181 πρᾶγμα
1723 1146 1812 1181 σχοίη,

1025 1189 1127 1224 μηδένα
1155 1188 1248 1224 ἓτερον
1281 1189 1314 1216 ἐκ
1349 1189 1451 1216 τούτων
1475 1190 1528 1217 ἀπὸ
1552 1190 1647 1227 ἐτέρας
1680 1191 1815 1227 ἐπαρχίας

1024 1235 1191 1266 ἐπισκόπους
1214 1235 1406 1270 ἐπιγνώμονας
1431 1236 1627 1264 ἐπικαλεῖσθαι.
1653 1237 1684 1263 Εἰ
1704 1237 1732 1264 δέ
1758 1237 1814 1273 ἄρα
1837 1262 1849 1271 ,

1023 1288 1066 1311 τις
1089 1280 1245 1306 ἐπισκόπων
1269 1280 1297 1307 ἐν
1322 1289 1375 1307 τινι
1402 1281 1544 1316 πράγματι
1568 1281 1636 1314 δόξει
1654 1282 1815 1317 κατακρίνε-

1025 1326 1108 1359 σθαι,
1137 1326 1186 1352 xui.
1214 1326 1400 1361 ὑπολαμϐάνει
1433 1327 1527 1353 ἑαυτὸν
1556 1327 1593 1363 μὴ
1623 1327 1723 1363 σαθρὸν
1744 1328 1813 1355 ἀλλὰ

1024 1371 1106 1398 καλὸν
1117 1371 1190 1407 ἔχειν
1207 1372 1237 1398 τὸ
1251 1373 1379 1408 πρᾶγμα,
1393 1372 1437 1400 ἶνα
1452 1372 1500 1399 καὶ
1514 1370 1592 1404 αὖθις
1607 1374 1624 1408 ή
1643 1373 1734 1409 κρίσις
1746 1373 1813 1400 ἀνα·

1023 1416 1124 1453 νεωθῇ,
1142 1418 1167 1444 εί
1181 1418 1256 1445 δοκεῖ
1274 1418 1351 1453 ὑμῶν
1381 1420 1414 1454 τῇ
1429 1418 1535 1454 ἀγάπῃ,
1551 1419 1654 1454 Πέτρου
1673 1419 1720 1445 τοῦ
1747 1419 1814 1445 ἀπο-

1025 1463 1118 1490 στόλου
1129 1464 1179 1498 τὴν
1199 1464 1309 1499 μνήμην
1326 1465 1487 1500 τιμήσωμεν
1501 1473 1508 1480 ”
1521 1465 1568 1491 καὶ
1583 1466 1722 1500 γραφῆναι
1736 1465 1812 1500 παρά

1024 1509 1127 1536 τούτων
1144 1509 1199 1536 τῶν
1216 1509 1369 1545 κρινάντων
1396 1510 1498 1546 Ἰουλίῳ
1517 1510 1556 1546 τῷ
1579 1511 1723 1544 ἐπισκόπῳ
1745 1509 1814 1536 Ῥώ-

185 1565 332 1600 provinciae
346 1565 500 1599 episcopos,
524 1563 547 1591 si
565 1571 634 1598 opus
658 1564 704 1596 sit,
733 1562 866 1598 judicium
891 1570 971 1589 reno-

1026 1566 1077 1593 μης
1092 1566 1099 1573 ·
1113 1557 1185 1584 ὥστε
1195 1557 1240 1584 διά
1251 1557 1305 1585 τῶν
1324 1558 1502 1592 γειτνιώντων
1517 1559 1550 1594 τῇ
1567 1557 1686 1593 ἐπαρχίᾳ
1698 1556 1811 1583 ἐπισκό-

184 1614 279 1644 vetur;
295 1614 322 1637 et
336 1610 491 1645 cognitores
505 1609 562 1644 ipse
574 1609 702 1643 praebeat.
717 1607 745 1635 Si
757 1613 848 1635 autent
861 1608 972 1642 probari

184 1663 239 1684 non
259 1659 349 1691 potest
374 1662 485 1682 causam
502 1655 561 1689 ejus
577 1661 638 1681 esse
672 1653 753 1681 talem
777 1658 806 1680 ut
833 1661 892 1680 eam
919 1654 972 1689 27

184 1701 406 1736 rursusjudicari
423 1708 493 1736 opus
506 1701 558 1731 sit,
572 1707 633 1735 quae
658 1700 742 1727 semel
767 1704 831 1727 suttt
851 1700 972 1735 judicata

184 1754 239 1775 non
255 1746 436 1778 inﬁrmeutur,
452 1745 499 1774 sed
516 1749 575 1772 rata
590 1745 625 1772 sit
646 1745 700 1772 lata
716 1744 861 1772 sententia.

221 1836 248 1861 4.
264 1833 435 1861 Gaudentius
455 1833 599 1868 episcopus
629 1833 720 1860 dixit:
737 1832 766 1860 Si
789 1833 897 1861 videtur
923 1841 972 1862 ne-

185 1887 262 1907 cesse
276 1887 336 1907 esse
349 1879 429 1914 adjici
445 1878 509 1906 huic
526 1879 678 1911 sententiae,
698 1887 782 1914 quam
805 1879 911 1906 sincera
928 1879 972 1906 di-

185 1924 302 1952 lectione
322 1924 430 1959 plenam
459 1925 607 1960 protulisti,
636 1929 665 1952 ut
687 1925 709 1953 si
735 1926 797 1960 quis
826 1926 972 1961 cpiscopus

184 1971 268 1998 fuerit
281 1970 422 2005 depositus
435 1970 540 2006 judicio
561 1971 749 2006 episcoporum
782 1972 828 2006 qui
852 1977 916 1999 sunt
945 1972 972 1999 itt

183 2015 296 2048 vicinia,
312 2020 340 2042 et
357 2015 431 2042 dicat
445 2023 542 2043 rursus
561 2015 614 2042 sibi
635 2015 803 2043 defensionis
832 2017 971 2051 negotium

183 2068 359 2097 competere;
375 2069 429 2088 non
445 2061 521 2096 prius
539 2061 565 2088 in
586 2062 744 2089 cathedram
771 2063 842 2090 alius
871 2062 972 2090 substi-

183 2111 287 2139 tuatur,
311 2114 393 2141 quatn
418 2104 557 2134 Romanus
586 2108 731 2142 cpiscopus
753 2115 836 2135 causa
863 2109 971 2144 cognita

183 2154 345 2182 sententiam
360 2154 463 2181 tulerit.

221 2245 248 2271 5.
261 2242 343 2270 Osius
361 2243 507 2277 cpiscopus
532 2242 601 2270 dixit
630 2252 637 2269 :
663 2242 778 2276 Placuit,
805 2248 835 2271 ut
860 2244 884 2271 si
908 2245 971 2280 quis

183 2289 329 2323 episcopus
346 2288 453 2316 delatus
466 2289 558 2321 fuerit,
578 2293 605 2316 ct
618 2291 774 2325 congregati
789 2290 912 2325 ejusdem
925 2298 970 2318 re-

183 2334 274 2366 gionis
288 2334 408 2373 episcopi
424 2342 486 2362 euut
504 2335 589 2369 gradu
606 2336 756 2370 moverint;
780 2341 807 2363 ct
824 2336 905 2364 veluti
921 2344 969 2371 ap-

182 2378 288 2413 pellans
309 2379 464 2413 confugerit
485 2380 518 2406 ad
549 2380 737 2408 beatissimum
763 2381 892 2408 Romanae
919 2381 971 2409 Ec-

183 2423 273 2451 rlcsire
289 2424 459 2459 episcopum,
481 2430 507 2453 et
523 2427 587 2453 vclit
604 2427 693 2461 ipsum
705 2428 810 2460 audire,
828 2429 970 2463 ctjustunt

182 2477 244 2497 csse
255 2470 455 2498 existimaverit
481 2471 541 2506 ejus
568 2473 605 2499 rei
631 2473 862 2500 examittatiottem
890 2481 971 2502 reno-

182 2516 259 2549 vari;
275 2516 445 2551 coepiscopis
459 2516 577 2545 scribere
588 2517 725 2553 dignetur,
749 2518 796 2554 qui
811 2522 878 2546 sunt
905 2527 970 2554 pro-

181 2562 279 2597 pinqui
293 2562 453 2597 provinciae,
469 2567 499 2590 ut
511 2563 562 2598 ipsi
578 2562 724 2598 diligenter
735 2568 763 2592 et
774 2568 903 2592 accurate
914 2565 972 2592 sin-

182 2608 245 2644 gula
261 2613 479 2643 perscrutcntur,
493 2614 520 2636 et
532 2617 564 2636 ex
580 2610 705 2637 veritatis
721 2609 773 2637 ﬁde
793 2610 827 2638 de
854 2619 884 2638 re
910 2618 971 2638 sen-

183 2655 296 2682 tcntiattt
311 2654 407 2681 frrattt.
424 2655 452 2681 Si
469 2655 532 2689 quis
543 2661 634 2682 autent
651 2656 771 2690 postulet
788 2664 869 2683 suum
893 2665 972 2692 nego-

182 2703 252 2729 tiuttt
272 2710 369 2730 rutsus
391 2703 490 2734 audiri,
521 2708 549 2730 et
573 2703 607 2729 ad
637 2711 715 2730 sttam
745 2704 970 2738 supplicationem

182 2747 373 2776 Romanorum
388 2750 546 2783 episcopum
570 2747 696 2784 judicare
724 2748 856 2785 [movere]
883 2750 970 2778 visunt

183 2795 276 2829 fuerit,
298 2797 575 2833 utapropriolaterc
599 2798 773 2833 presbyteros
797 2799 886 2826 tnittat
913 2809 919 2826 :
945 2803 971 2826 et

185 2842 220 2869 sit
249 2843 434 2887 impotcstate
455 2844 540 2879 ipsius
566 2845 747 2880 quodcunque
773 2849 846 2873 recte
872 2845 971 2873 ltabccr

1024 1613 1093 1639 πων,
1110 1607 1135 1632 εί
1151 1603 1206 1633 δέοι
1229 1606 1426 1642 ἀνανεωθῆναι,
1444 1605 1475 1632 τὸ
1491 1605 1668 1641 δικαστήριον
1686 1606 1734 1632 καὶ
1747 1605 1809 1631 ἐπι-

1023 1652 1165 1687 γνώμονας
1192 1652 1273 1684 αὑτδς
1309 1653 1464 1688 παράσχοι·
1496 1653 1520 1679 εἰ
1547 1653 1576 1679 δὲ
1605 1652 1643 1688 μὴ
1681 1652 1812 1687 συστῆναι

1023 1696 1148 1731 δύναται,
1163 1698 1285 1725 τοιοῦτον
1300 1698 1382 1725 αὐτοῦ
1393 1695 1465 1725 εἶναι
1475 1697 1505 1724 τὸ
1523 1699 1642 1733 πρᾶγμα
1653 1698 1691 1729 ώς
1712 1698 1810 1725 παλιν-

1022 1743 1113 1775 δικίας
1138 1743 1258 1779 χρῄζειν,
1270 1743 1305 1771 τὰ
1324 1744 1397 1777 ἅπαξ
1414 1745 1566 1780 κεκριμένα
1582 1744 1620 1780 μὴ
1635 1744 1810 1778 ἀναλύεσθαι,

1023 1790 1057 1816 τὰ
1071 1789 1098 1815 δέ
1116 1790 1180 1816 ὄντα
1193 1789 1290 1825 βέὃαια
1301 1790 1458 1825 τυγχάνειν.

1057 1836 1088 1863 δ’,
1102 1836 1260 1868 Γαυδέντιος
1276 1836 1425 1868 ἐπίσκοπος
1436 1834 1530 1863 εἶπεν·
1548 1846 1557 1862 ι
1581 1837 1613 1862 El
1630 1837 1705 1863 δοκεῖ
1727 1838 1813 1872 ἀναγ·

1024 1883 1099 1909 καῖον
1109 1880 1290 1917 προστεθῆναι
1302 1881 1390 1919 ταύτῃ
1402 1884 1435 1918 τῇ
1455 1882 1602 1917 ἀποφάσει,
1614 1883 1648 1918 ἥν
1663 1891 1723 1909 τινα
1741 1883 1811 1916 ἀγά-

1023 1937 1078 1963 πης
1098 1927 1263 1964 εἰλικρινοῦς
1289 1928 1381 1964 πλήρη
1397 1928 1570 1964 ἐξενήνοχας,
1600 1928 1670 1955 ὥστε
1703 1930 1750 1955 ἐάν
1768 1937 1812 1960 τις

1023 1974 1170 2006 ἐπίσκοπος
1182 1974 1334 2010 καθαιρεθῇ
1350 1976 1382 2010 τῇ
1408 1974 1497 2010 κρίσει
1508 1974 1611 2001 τούτων
1627 1976 1681 2001 τῶν
1699 1975 1810 2002 ἐπισκό-

1024 2029 1082 2046 πων
1092 2020 1146 2047 τῶν
1167 2020 1197 2046 ὲν
1215 2019 1322 2055 γειτνίᾳ
1336 2020 1536 2055 τυγχανόντων,
1548 2021 1596 2047 καὶ
1609 2021 1702 2056 φάσκῃ
1727 2019 1809 2046 πάλιν

1024 2065 1115 2101 ἐαυτῷ
1130 2065 1281 2100 ἀπολογίας
1301 2067 1416 2101 πρᾶγμα
1437 2065 1603 2098 ἐπιϐάλλειν,
1620 2066 1657 2101 μὴ
1676 2066 1810 2101 πρότερον

1024 2113 1065 2143 είς
1076 2102 1134 2147 ¹τὴν
1154 2111 1289 2147 καθέδραν
1304 2111 1387 2138 αὑτοῦ
1407 2112 1501 2147 ἕτερον
1516 2112 1747 2147 ὑποκαταστῆναι,
1760 2113 1808 2139 ἐὰν

1025 2157 1063 2192 μὴ
1088 2158 1102 2183 ὸ
1120 2159 1171 2192 τῆς
1191 2157 1333 2193 Ῥωμαίων
1342 2158 1490 2189 ἐπίσκοπος
1508 2158 1646 2192 ἐπιγνοὺς,
1664 2158 1729 2194 περὶ
1745 2157 1795 2184 τοὺ

1022 2212 1069 2230 του
1081 2204 1143 2238 ὅρον
1157 2203 1297 2239 ἐξενέγκῃ.
1319 2213 1328 2230 t

1058 2252 1090 2278 ε’.
1109 2249 1202 2280 "Octo;
1212 2249 1361 2281 ἐπίσκοπος
1378 2248 1471 2276 εἶπεν·
1494 2260 1503 2276 ι
1521 2250 1649 2284 Ἦρεσεν,
1662 2250 1696 2276 ἶν’
1719 2249 1747 2276 ετ
1766 2257 1810 2281 τις

1022 2294 1172 2326 ἐπίσκοπος
1201 2294 1414 2330 καταγγελθείη,
1445 2296 1493 2322 καὶ
1520 2294 1762 2330 συναθροισθέντες
1784 2295 1810 2321 οἱ

1022 2341 1167 2367 ἐπίσκοποι
1178 2341 1228 2375 τῆς
1240 2341 1347 2377 ἐνορίας
1361 2341 1410 2376 τῆς
1425 2341 1521 2375 αὐτῆς,
1535 2341 1582 2367 τοῦ
1601 2340 1705 2376 βαθμοῦ
1729 2340 1810 2367 αὐτὸν

1022 2387 1221 2423 ἀποκινήσωσι,
1240 2386 1288 2414 καὶ¹
1304 2387 1333 2418 ὅς
1346 2395 1399 2423 περ
1417 2387 1638 2422 ἐκκαλεσάμενος
1662 2386 1809 2422 καταφύγῃ

1022 2434 1069 2460 ἐπὶ
1092 2433 1137 2460 τὸν
1169 2433 1377 2468 μακαριώτατον
1407 2433 1458 2467 τῆς
1489 2433 1632 2468 Ῥωμαίων
1643 2432 1810 2468 Ἐκκλησίας

1022 2480 1181 2513 ἐπίσκοπον,
1199 2479 1247 2506 καὶ
1264 2479 1408 2515 βουληθείη
1424 2479 1508 2506 αὐτοῦ
1532 2479 1686 2511 διακοῦσαι,
1703 2479 1809 2506 δίκαιόν

1022 2535 1051 2553 τε
1067 2523 1137 2553 εἶναι
1153 2525 1251 2561 νομίσῃ
1268 2524 1474 2553 ἀνανεώσασθαι
1500 2525 1584 2553 αὐτοῦ
1612 2525 1661 2559 τήν
1686 2525 1810 2558 ἐξέτασιν

1022 2570 1069 2598 τοῦ
1095 2571 1268 2606 πράγματος,
1299 2570 1415 2605 γράφειν
1437 2569 1544 2602 τούτοις
1570 2572 1626 2602 τοῖς
1649 2571 1810 2603 ἐπισκόποις

1023 2616 1180 2653 καταξιώσῃ
1197 2617 1253 2648 τοῖς
1266 2617 1459 2652 ἀγχιστεύουσι
1471 2619 1506 2653 τῇ
1520 2612 1654 2653 ἐπαρχίᾳ,⁸
1668 2618 1713 2644 ἴνα
1732 2618 1810 2644 αὐτοὶ

1022 2664 1159 2698 ἐπιμελῶς
1170 2664 1217 2689 καὶ
1229 2663 1299 2698 μετὰ
1314 2663 1465 2698 ἁκριδείας,
1481 2664 1584 2690 ἕκαστα
1595 2664 1808 2699 διερευνήσωσι·

1023 2710 1069 2736 καὶ
1082 2709 1154 2736 κατὰ
1167 2709 1215 2744 τὴν
1230 2708 1281 2743 τῆς
1293 2709 1421 2744 ἀληθείας
1447 2710 1548 2741 πίστιν,
1564 2709 1654 2744 ψῆφον
1673 2710 1738 2745 περὶ
1761 2709 1809 2736 τοῦ

1022 2755 1186 2790 πράγματος
1205 2755 1395 2789 ἐξενέγκωσιν.
1416 2755 1447 2781 El
1463 2756 1491 2782 δέ
1504 2764 1546 2786 τις
1562 2755 1646 2787 ἀξιῶν
1665 2756 1712 2782 καὶ
1727 2755 1807 2781 πάλιν

1025 2800 1107 2827 αὐτοῦ
1134 2800 1164 2827 τὸ
1195 2802 1311 2836 πρᾶγμα
1329 2790 1508 2835 ἀκουσθίῆναι,
1534 2801 1581 2828 καὶ
1606 2802 1640 2837 τῇ
1664 2801 1756 2837 δεήσει
1775 2801 1808 2835 τῇ

1024 2845 1121 2873 ἑαυτοῦ
1137 2847 1182 2873 τὸν
1198 2846 1342 2882 Ῥωμαίων
1360 2846 1509 2874 ἐπίσκοπον
1532 2847 1636 2882 κρίνειν
1650 2846 1731 2881 δόξει,
1755 2846 1810 2872 ἀπὸ
