1951 3081
102 137 156 170 473

517 142 716 174 SYNTAGMA
731 144 926 177 CANONUM-
947 158 982 165 —
998 147 1072 177 TIT-
1094 148 1118 185 Ι,
1139 148 1218 179 CAP-
1236 149 1284 179 IV-

1679 152 1730 185 ιιι

101 194 150 221 τοῦ
165 194 231 221 ἰδίου
246 194 363 229 πλευροῦ
387 195 590 231 πρεσϐυτέρους
611 198 776 231 ἀποστείλω,
792 200 837 227 ἴνα
860 200 888 227 ὲν

944 199 1115 234 probaverit;
1130 205 1158 228 et
1174 201 1196 228 si
1212 201 1365 230 decreverit
1379 207 1505 237 oportere
1517 210 1567 233 eos
1582 204 1666 239 mittl,
1680 208 1727 241 qui

97 242 130 277 τῇ
147 241 257 276 ἐξουσίᾳ
275 241 358 268 αὐτοῦ
385 242 433 269 τοῦ
461 243 627 277 ἐπισκόπου,
644 245 713 280 ὅπερ
738 246 771 272 ἂν
798 246 887 278 καλῶς

98 287 171 321 ἔχειν
187 287 323 322 δοκιμάσῃ
346 288 394 313 καὶ
421 289 500 324 ὁρίσῃ
513 309 520 321 ,
540 291 594 316 δεῖν
619 291 804 326 ἀποσταλῆναι
824 292 889 324 τοὺς

103 333 172 368 μετὰ
197 333 252 360 τῶν
278 334 435 360 ἐπισκόπων
458 336 628 370 κρινοῦντας,
643 336 753 372 ἔχοντάς
781 346 811 363 τε
837 339 887 373 τὴν

101 379 245 406 αὑθεντίαν
271 380 365 406 τούτου
389 380 455 415 παρ’
468 377 499 406 οὗ
513 382 705 417 ἀπεστάλησαν
717 391 724 398 ·
746 384 794 410 καὶ
806 383 886 410 τοῦτο

98 425 200 458 θετέον,
217 427 240 452 εὶ
260 426 288 452 δὲ
305 426 430 460 ἐξαρκεῖν
443 428 547 462 νομίζοι
568 428 636 464 πρὺς
660 429 709 464 τὴν
750 429 796 456 τοῦ
815 431 887 466 πρά-

98 479 203 505 γματος
215 472 360 505 ἐπίγνωσιν
372 476 417 499 καὶ
431 474 568 508 ἀπόφασιν
583 474 629 501 τοῦ
660 476 820 508 ἐπισκόπου,
829 485 889 503 ποι-

97 520 158 552 ήσει
177 517 246 552 ὅπερ
266 517 299 544 ἂν
315 519 348 554 τῇ
373 520 578 556 ὲμφρονεστάτῃ
591 520 673 547 αὑτοῦ
693 520 774 557 βουλῇ
797 521 888 553 καλῶς

99 563 172 598 ἔχειν
184 564 257 599 δόξῃ.

203 621 338 648 Συνόδου
349 622 557 658 Καρθαγέννης
567 624 668 651 κανὼν
679 625 722 656 ιζ’,
734 625 784 652 λθ¹.

97 666 189 693 Ὥστε
213 666 345 700 ἑκάστην
365 668 513 704 ἐπαρχίαν
541 668 590 696 διὰ
610 669 642 695 τὸ
681 669 884 704 μακροδαπὲς,

297 703 486 736 πρωτεύοντα
505 704 588 738 ἔχειν
602 703 690 731 ἵδιονζ

133 746 176 778 ιζ’.
193 748 309 782 Ἦρεσεν
320 748 383 783 ἵναή
395 749 565 783 Μαυριτανία
576 750 748 785 Σιτιφένσης,
759 750 796 782 ὼς
802 751 887 787 ᾔτησε

96 793 143 820 τὸν
161 793 335 829 πρωτεύοντα
347 793 396 828 τῆς
410 794 578 830 Νουμιδικῆς
593 795 695 831 χώρας,
716 794 749 832 ἦς
763 806 836 830 τινος
853 799 887 825 ὲκ

97 840 146 874 τῆς
175 839 283 866 συνόδου
311 839 490 874 κεχώρισται,
523 841 573 867 ῖδιο
600 841 667 879 ἔχῃν
701 843 885 878 πρωτεύοντα.

97 885 254 912 Συναινέσει
266 883 312 912 οὖν
330 886 437 912 πάντων
447 886 501 913 τῶν
512 887 705 922 πρωτευόντων
725 889 780 915 τῶν
789 889 884 924 Ἀςρρι-
899 899 920 926 Β

98 931 188 957 κανῶν
208 930 357 966 ἐπαρχιῶν,
371 931 419 957 καὶ
446 931 554 958 πάντων
570 933 625 960 τῶν
653 933 822 967 ἐπισκόπων,
840 936 885 963 διὰ

96 976 128 1003 τὸ
145 976 321 1010 μακροδαπὲς
337 976 409 1011 ἐχειν
424 977 578 1013 ἐπετράπη.

99 1036 170 1071 Περί
182 1035 235 1063 τοῦ
259 1036 321 1078 τὸιν·
336 1035 453 1078 θξρῶςρν
472 1037 644 1078 eali-mgna?-
668 1039 712 1078 μὴ
741 1047 892 1078 προσαγιο-

242 1071 385 1105 ρεύεσθαι
400 1071 531 1106 ἔξαρχον
545 1072 605 1099 τῶν
620 1071 730 1107 [spicata

136 1116 187 1143 λθ’.
206 1117 289 1144 Ὥστε
306 1116 351 1143 τὸν
366 1117 415 1152 τῆς
438 1118 551 1153 πρώτης
567 1120 703 1155 καθέδρας
729 1122 889 1157 ἐπίσκοπον,

101 1162 137 1197 μὴ
156 1162 283 1197 λέγεσθαι
298 1163 410 1198 ἔξαρχον
421 1163 476 1189 τῶν
492 1163 588 1199 ἱερέων
600 1185 608 1198 ,
630 1165 646 1201 ἥ
660 1166 743 1201 ἄκρον
765 1169 850 1204 ίερέα,
873 1170 890 1206 ἢ

97 1207 304 1243 τοιουτότροπόν
332 1208 358 1234 τί
378 1217 444 1235 ποτε
459 1230 466 1242 ,
483 1209 550 1236 ἀλλὰ
571 1210 651 1245 μόνον
674 1213 822 1241 ἐπίσκοπον
841 1215 891 1251 τῆς

100 1252 214 1288 πρώτης
226 1253 372 1288 καθέδρας.

165 1309 299 1336 Συνόδου
314 1310 523 1345 οίκουμενικῆς
537 1314 564 1344 ς’
576 1312 676 1340 κανὼν
697 1313 751 1348 λς’,
768 1314 815 1342 λθν.

136 1355 192 1387 λς’.
211 1356 416 1390 Ἀνανεούμενοι
432 1357 466 1382 τὰ
475 1358 549 1392 παρὰ
563 1358 616 1385 τῶν
631 1362 672 1394 ργ¹
697 1360 782 1395 ἁγίων
799 1362 888 1390 Πατὲ-

102 1410 167 1437 ρων,
185 1401 238 1427 τῶν
249 1402 277 1428 ἐν
290 1403 322 1436 τῇ
339 1402 513 1438 θεοιρυλάκτιε)
526 1406 612 1441 ταύτῃ
622 1406 668 1432 καὶ
679 1405 795 1441 βασιλίδι
811 1408 887 1435 πόλει

101 1447 294 1481 συνελθόντων,
311 1449 359 1475 καὶ
385 1449 439 1476 τῶν
458 1450 497 1484 χλ¹
516 1451 570 1477 τῶν
598 1452 627 1478 ὲν
651 1453 802 1488 Χαλκηδόνι
823 1463 888 1480 συν-

100 1493 299 1528 αθροισθέντων
325 1495 550 1530 νομοθετηθέντα,
573 1497 719 1533 ὁρίζομεν·
743 1498 814 1525 ὥστε
840 1499 886 1526 τὸν

100 1539 408 1571 Κωνσταντινουπᾶλεως
432 1540 525 1576 θρόνον
560 1542 614 1568 τῶν
644 1543 709 1569 ῐσων
733 1543 883 1571 ἀπολαύειν

101 1584 262 1618 πρεσϐείων,
283 1585 330 1611 τοῦ
357 1587 407 1620 τῆς
422 1587 609 1623 πρεσϐυτέρας
638 1589 747 1625 Ῥώμης
771 1589 885 1625 θρόνου·

101 1630 149 1656 καὶ
160 1631 187 1656 ὲν
200 1632 256 1662 τοῖς
267 1631 502 1666 ἐκκλησιαστικαῖς
514 1633 552 1664 ὡς
568 1634 671 1661 ὲκείνον
686 1635 886 1669 μεγαλύνεσθαι

102 1675 256 1710 πράγμασι,
279 1675 406 1711 δεύτερον
433 1678 492 1712 μετ’
516 1679 619 1706 ἐκεῖνον
633 1679 790 1716 ὑπάρχοντα
802 1689 808 1696 ·
826 1681 886 1716 μεθ’

100 1720 131 1746 ὃν
154 1721 168 1746 ὁ
186 1721 234 1756 τῆς
262 1721 457 1758 Ἀλεξανδρέων
484 1724 697 1758 μεγαλοπόλεως
714 1726 887 1761 ἀριθμείσθω

102 1764 199 1800 θρόνος
209 1774 215 1781 ·
242 1766 301 1793 εἶτα
322 1768 336 1793 ό
352 1768 401 1802 τῆς
425 1768 584 1805 ’Δντιοχέων
599 1771 807 1805 μεγαλοπόλεως
817 1781 824 1788 ·
840 1772 886 1800 καὶ

103 1810 174 1845 μετὰ
192 1811 296 1845 τοῦτον,
316 1813 330 1838 ὁ
347 1813 395 1847 τῆς
412 1813 634 1850 Ἱεροσολυμιτῶν
651 1816 766 1848 πόλεως.

138 1856 187 1882 λθ’.
202 1857 256 1883 Τοῦ
268 1858 381 1892 ἀδελφοῦ
398 1860 445 1885 καὶ
459 1859 666 1896 συλλειτουργοΰ
687 1862 766 1897 ἠμῶν
791 1858 896 1890 Ἰωάν-¹

101 1911 149 1928 νου
165 1902 210 1929 τοῦ
237 1904 369 1939 Κυπρίων
387 1905 469 1941 νήσου
487 1907 630 1941 προέδρου,
655 1908 713 1943 ἅμα
734 1908 773 1943 τῷ
795 1910 888 1945 οἰκείῳ

101 1947 160 1983 λαῷ
184 1948 230 1975 ἐπὶ
248 1949 297 1984 τὴν
324 1949 529 1985 Ἑλλησπόντιον
560 1953 695 1988 ἐπαρχίαν
709 1954 752 1981 διά
775 1963 806 1981 τε
835 1956 888 1988 τὰς

102 1992 275 2029 βαρϐαρικὰς
294 1995 414 2029 ἐφόδους,
435 1996 479 2023 διά
489 2006 519 2023 τε
535 1998 566 2024 τὸ
583 1998 632 2033 τῆς
647 1998 760 2035 ὲθνικῆς
779 2000 888 2028 ἐλευθε-

103 2039 225 2073 ρωθῆναι
248 2039 364 2073 δουλίας,
373 2042 419 2068 καὶ
435 2042 564 2078 καθαρῶς
587 2044 643 2075 τοῖς
671 2046 823 2081 σκήπτροις
838 2046 886 2073 τοῦ

101 2087 362 2119 χριστιανικωτὰτου
381 2088 499 2122 κράτους
510 2089 682 2124 ὑποταγῆναι
699 2091 748 2125 τῆς
769 2092 884 2126 είρημέ-

101 2137 153 2165 νης
167 2132 384 2165 μεταναστάντος
395 2133 488 2169 νήσου,
507 2135 620 2171 προνοίᾳ
631 2136 680 2163 τοῦ
694 2136 888 2172 φιλανθρώπου

100 2175 183 2208 Θεοῦ,
196 2177 246 2204 καὶ
257 2178 349 2213 μόχθῳ
361 2179 408 2206 τοῦ
421 2179 593 2215 φιλοχρίστου
609 2182 655 2208 καὶ
666 2182 794 2214 εὐσεϐοῦς
810 2183 889 2218 ἡμῶν

944 253 1006 273 cum
1026 247 1161 281 episcopis
1178 247 1233 275 sint
1251 247 1411 282 judicaturi,
1426 248 1560 278 habentes
1579 252 1725 279 auctorita-

943 295 997 319 tem
1023 292 1082 327 ejus
1099 301 1114 320 a
1132 300 1186 328 quo
1201 294 1278 321 missi
1291 299 1370 327 sunt;
1384 299 1411 322 et
1429 294 1481 322 hoc
1501 296 1658 330 ponendum
1674 302 1725 325 est.

944 334 972 361 Si
988 339 1078 362 autem
1090 336 1213 364 suﬁicere
1227 338 1363 371 putaverit
1379 338 1414 365 ad
1429 339 1467 366 rei
1482 340 1679 374 cognitionem,
1700 345 1728 368 et

941 380 1061 415 episcopi
1085 382 1247 408 sententiam
1266 403 1274 415 ,
1303 382 1382 410 faciet
1414 384 1485 418 quod
1511 385 1728 419 prudentissimo

941 425 1001 459 ejus
1015 426 1131 453 consilio
1146 432 1218 454 recte
1232 428 1331 455 habere
1348 429 1494 456 videbitur.
1517 430 1729 466 Responderunt

941 471 1062 506 episcopi
1079 482 1086 499 :
1100 472 1166 505 Quae
1178 473 1250 501 dicta
1267 479 1332 502 sunt
1354 475 1525 509 placuerunt.

1007 646 1063 681 28
1075 646 1189 674 Concilii
1203 647 1417 684 Carthaginensis
1436 658 1521 678 canon
1536 651 1577 684 l7,
1596 651 1641 679 39.

943 693 977 721 Ut
1004 702 1169 735 unaquaque
1192 697 1328 735 provincia
1361 703 1466 731 propter
1499 688 1734 735 longinquitatem,

1128 731 1267 764 primatem
1280 731 1373 759 habeat
1387 735 1533 767 proprium.

977 774 1020 801 17.
1048 774 1151 802 Placuit
1189 776 1240 812 (Γ)
1274 781 1304 804 ut
1330 777 1493 806 Mauritania
1517 779 1675 813 Sitifensis,
1698 785 1729 807 ut

941 819 1098 854 postulavit,
1117 821 1261 855 primatem
1282 824 1428 857 provincia:
1445 825 1590 857 Numidiae,
1603 833 1636 852 ex
1649 825 1728 861 cujus

941 871 1013 892 coetu
1046 872 1189 901 separatur
1229 867 1278 903 (5),
1318 877 1398 896 suum
1438 870 1538 897 habeat
1565 871 1727 905 primatem:

935 918 1016 944 quem
1031 912 1267 940 consentientibus
1279 914 1407 942 omnibus
1425 915 1588 949 primatibus
1612 916 1724 950 provin-

945 954 1048 982 ciarum
1076 955 1264 984 Afl-icanarnm
1289 958 1338 993 (ii),
1365 958 1407 986 vel
1428 960 1555 987 omnibus
1581 960 1727 995 episcopis,

943 1005 1053 1035 propter
1069 1002 1296 1038 longinquitatem
1313 1004 1414 1032 habere
1426 1005 1559 1039 permissa
1571 1010 1622 1033 est.

946 1057 980 1084 Ut
1008 1058 1147 1093 prinoepul
1160 1059 1326 1086 sacerdotum
1342 1097 1350 1122 ι
1353 1069 1412 1122 1Ἀθη
1448 1061 1593 1096 appelletur
1627 1062 1729 1097 cpisco-

1273 1103 1321 1122 nu:
1384 1115 1392 1122 .

1291 1104 1321 1122 ιιε
1342 1104 1392 1123 (Η.

1291 1104 1307 1121 ιι
1353 1097 1368 1122 '1
1384 1115 1392 1123 .

976 1138 1021 1166 '59.
1042 1138 1080 1166 Ut
1100 1139 1192 1173 prima:
1207 1140 1229 1156 "
1257 1103 1331 1169 deiss
1342 1097 1490 1177 gﬁiscopus
1510 1149 1563 1169 non
1578 1142 1728 1177 appelletur

941 1184 1066 1219 princeps
1077 1187 1259 1220 sacerdotum,
1274 1193 1320 1215 aut
1333 1196 1457 1216 summus
1469 1189 1605 1221 sacerdos,
1623 1194 1669 1216 aut
1679 1189 1728 1216 ali-

939 1230 1006 1265 quid
1040 1231 1196 1267 hujusmodi
1213 1255 1221 1267 ,
1251 1234 1299 1261 sed
1321 1238 1427 1262 tantum
1440 1235 1546 1271 [primae
1569 1235 1642 1263 sedis
1669 1235 1728 1270 epi-

939 1284 1050 1314 scopus.
1469 1283 1475 1291 '

1043 1334 1155 1362 Consilii
1171 1337 1322 1363 mumenici
1344 1345 1369 1364 vt
1388 1345 1499 1365 canones
1520 1337 1570 1372 56,
1583 1338 1628 1366 59-

972 1379 1016 1405 56.
1027 1379 1199 1408 Renovantes
1213 1389 1294 1415 quaza
1304 1383 1406 1409 sanctis
1414 1388 1520 1410 centum
1530 1383 1728 1418 quinquaginta

937 1423 1064 1453 Patribus
1095 1427 1142 1460 qui
1175 1427 1202 1453 in
1226 1427 1277 1454 hac
1300 1435 1314 1454 a
1339 1428 1393 1455 Duo
1408 1429 1593 1456 conservanda
1615 1433 1642 1456 et
1656 1429 1728 1463 regia

937 1469 1004 1496 urbe
1014 1477 1234 1504 convenerunt,e
1251 1478 1442 1500 sexcentorum
1462 1474 1571 1506 triginta
1586 1474 1632 1509 qui
1649 1474 1729 1500 Chal-

937 1516 1039 1542 cedone
1065 1524 1217 1544 convenere
1229 1537 1237 1550 ,
1264 1519 1413 1546 constituta
1434 1523 1512 1552 sunt;
1531 1520 1706 1546 decernimus
1719 1539 1726 1552 ,

938 1566 967 1588 ut
987 1561 1102 1590 thronus
1113 1563 1437 1599 Constantinopolitanus
1450 1566 1566 1599 aequalia
1588 1565 1727 1600 privilegia

937 1613 999 1633 cum
1022 1607 1140 1641 antiquae
1162 1607 1253 1636 Romae
1277 1609 1376 1636 throno
1397 1610 1535 1642 obtineat,
1554 1615 1581 1637 et
1596 1610 1622 1637 in
1637 1611 1726 1638 eccle—

937 1651 1066 1683 siasticis,
1076 1657 1106 1679 ut
1120 1653 1175 1685 ille,
1195 1654 1428 1689 rebusimagniiiat
1441 1677 1448 1688 ,
1473 1660 1502 1682 ut
1515 1657 1561 1690 qui
1576 1656 1612 1683 sit
1628 1663 1727 1683 secun-

936 1695 988 1723 dus
1002 1701 1064 1730 post
1080 1697 1242 1725 illum.Post
1255 1707 1336 1733 quem
1356 1707 1460 1734 magna:
1476 1701 1727 1728 Alexandrinorum

937 1742 1053 1769 civitatis
1070 1750 1229 1771 numeretur
1243 1744 1376 1772 thronus:
1394 1746 1492 1774 deimle
1508 1746 1659 1774 Antiochia
1670 1766 1678 1779 ,
1695 1751 1724 1774 et

936 1792 998 1823 post
1009 1796 1071 1815 eum
1087 1787 1339 1825 Hierosolymitame
1352 1790 1481 1818 civitatis.

970 1874 1014 1902 59.
1028 1870 1096 1901 Cum
1112 1873 1195 1902 frater
1205 1879 1232 1902 et
1242 1876 1429 1904 comminister
1440 1882 1532 1904 noster
1540 1877 1659 1905 Joannes
1675 1878 1718 1906 in-

937 1920 1004 1948 sula:
1022 1920 1103 1955 Cypri
1122 1921 1231 1955 praesul,
1251 1929 1303 1948 una
1319 1930 1380 1949 cum
1397 1931 1448 1950 suo
1463 1924 1562 1958 populo
1575 1924 1602 1951 in
1620 1924 1724 1952 llelles-

936 1963 1074 1997 ponticam
1092 1964 1258 1998 provinciam
1273 1970 1300 1993 et
1321 1972 1433 2001 propter
1448 1967 1607 1995 barbaricas
1636 1969 1729 1997 incur-

937 2008 1078 2040 siones,et
1089 2011 1284 2044 utagentilium
1293 2011 1423 2040 servitute
1439 2013 1619 2041 liberarentur
1629 2034 1637 2046 ,
1653 2019 1685 2041 et
1698 2019 1729 2041 ut

938 2053 1183 2082 Christianissimte
1197 2057 1326 2090 potentiae
1340 2058 1458 2092 sceptris
1476 2066 1543 2093 pure
1560 2059 1729 2094 subjiceren-

939 2103 984 2125 tur
995 2119 1002 2131 ,
1029 2099 1083 2134 29
1103 2108 1118 2127 a
1135 2101 1265 2135 praedicta
1282 2102 1371 2130 insula
1387 2103 1570 2138 emigraverit,
1587 2104 1728 2131 clementis

939 2142 985 2170 Dei
1001 2145 1171 2178 providentia
1188 2151 1215 2174 et
1236 2146 1272 2181 pii
1286 2147 1390 2182 Deique
1414 2149 1533 2176 amantis
1554 2149 1728 2183 imperatoris

939 2189 1029 2217 nostri
1043 2190 1150 2223 labore,
1167 2192 1373 2224 constituimus,
1392 2193 1500 2220 utcitra
1515 2194 1598 2220 ullam
1614 2193 1728 2220 innova-

102 2220 246 2256 βασιλέως,
266 2224 421 2259 συνορῶμεν
448 2225 517 2252 ὥστε
538 2226 742 2263 ἀκαινοτόμητα
752 2228 888 2262 διαφυλα-

102 2275 107 2277 Α
121 2267 152 2277 ΙΙΊ
179 2276 183 2277 ν
217 2276 222 2277 γ
235 2269 240 2277 ἱ
313 2269 319 2277 ι
355 2270 367 2275 η
401 2272 407 2277 ι
444 2271 473 2277 ιη
502 2271 508 2277 ι
584 2273 590 2277 ι
648 2273 654 2277 ι
817 2275 822 2277 μ
836 2275 843 2277 λ
857 2276 861 2277 ν

944 2237 1042 2264 tionem
1072 2243 1228 2270 serventur,
1255 2246 1316 2272 quae
1340 2246 1355 2265 a
1375 2239 1475 2266 divinis
1504 2239 1650 2273 Patribus,
1679 2243 1726 2275 qui

101 2267 202 2302 χθῆναι
213 2269 246 2294 τὰ
261 2269 323 2303 περ).
335 2270 388 2296 τῶν
400 2272 427 2297 ἐν
444 2271 551 2308 Ἐφέσῳ
566 2273 596 2299 τὸ
603 2273 736 2309 πρότερον
752 2275 889 2302 συνελθόν-

103 2320 161 2338 των
173 2313 311 2348 θεοφόξων
330 2315 468 2350 Πατὲρων,
493 2317 530 2352 τῷ
546 2318 633 2354 θρόνῳ
645 2318 692 2345 τοῦ
707 2325 890 2356 ,προγεγραμ-

102 2359 185 2393 μένου
211 2360 308 2394 ἀνδρὸς
332 2363 541 2397 παρασχεθέντα
572 2366 723 2400 προνόμια·
745 2365 816 2392 ὥστε
842 2366 891 2402 τὴν

99 2404 165 2431 νέαν
180 2405 449 2435 Ἰουστινιανούπολιν
460 2408 490 2436 τὸ
503 2409 606 2437 δίκαιον
631 2410 703 2446 ἔχειν
727 2413 780 2447 «τῆς
815 2413 893 2439 Κων-

135 2505 159 2521 ³⁹
176 2505 263 2534 Cone.
289 2506 374 2541 Africi.
388 2516 412 2535 c.
428 2508 454 2537 6.
494 2508 516 2526 ⁸ο
531 2509 615 2538 Cone.
631 2510 731 2546 Ephes.
748 2518 810 2539 can.
824 2510 850 2539 8.

942 2281 1041 2316 Ephesi
1052 2281 1075 2296 ⁵ο
1090 2282 1207 2315 primum
1218 2289 1414 2316 convenerunt,
1425 2285 1545 2319 przcdicti
1562 2285 1612 2312 viri
1629 2286 1729 2314 throno

943 2326 1083 2361 privilegia
1099 2334 1231 2354 concessa
1253 2333 1333 2360 sunt,
1361 2335 1390 2356 ut
1414 2337 1483 2356 nova
1497 2329 1728 2365 Justinianopolis

944 2369 1222 2404 Constantinopoleos
1233 2370 1279 2404 jus
1297 2371 1396 2398 habeat
1407 2372 1458 2406 (8),
1471 2378 1498 2400 et
1510 2373 1558 2408 qui
1573 2373 1600 2400 in
1616 2381 1648 2401 eo
1661 2381 1729 2401 con-

945 2413 1068 2441 stituitur
1084 2414 1146 2450 pius
1161 2422 1194 2443 ac
1210 2416 1434 2450 religiosissimus
1454 2417 1599 2454 episcopus
1611 2438 1618 2452 ,
1636 2419 1729 2454 praesit

863 2601 978 2630 NOTAE.

150 2685 191 2726 ῥ’)
205 2685 339 2726 feriant}.
353 2694 414 2721 cap.
429 2687 526 2726 Sile:
538 2689 625 2726 VCronc.
641 2690 770 2726 Carthag.
792 2691 832 2718 tit.
857 2692 884 2724 6,

100 2719 268 2761 Υἰὰοιειίοιη
285 2720 355 2761 inira
379 2719 440 2749 can.
456 2723 501 2757 86,
518 2725 564 2752 ubi
587 2725 670 2761 hujus
689 2719 802 2754 canonis
821 2719 889 2754 Car;

97 2755 177 2790 thag.
196 2755 225 2781 [it
239 2756 352 2783 mentio.

149 2789 177 2823 5)
193 2789 310 2817 Dt-lenda
328 2792 422 2819 vocula
438 2798 488 2824 ut;
502 2793 623 2821 abundat
636 2794 720 2822 enim.

149 2792 177 2823 5)
193 2790 310 2817 Dt-lenda
328 2792 422 2819 vocula
438 2798 488 2824 ut;
502 2793 623 2821 abundat
636 2794 678 2821 eni

134 2790 178 2895 36)
201 2825 245 2868 l’el
258 2832 308 2887 pro
325 2831 361 2859 et,
375 2827 447 2854 unde
461 2828 554 2856 Graeco
565 2834 607 2856 est
620 2829 678 2856 καί.

150 2860 176 2895 7)
192 2860 257 2888 Lart
270 2867 321 2895 tag.
338 2869 384 2895 ut,
402 2870 464 2890 can.
479 2862 525 2890 ΞΘ.
550 2862 678 2892 Ferrandt

150 2860 176 2895 7)
192 2860 321 2896 Cartltag.
338 2869 384 2895 nt,
402 2870 464 2890 can.
479 2862 525 2890 ΞΘ.
550 2862 704 2892 Ferrandus
721 2872 780 2901 cap.
795 2865 838 2900 81,
855 2874 888 2894 cx

942 2700 1019 2720 conc.
1034 2693 1161 2729 ilarthag.
1181 2695 1221 2722 tit.
1237 2695 1282 2723 54.

978 2728 1016 2763 (8)
1034 2728 1061 2766 l_n
1078 2728 1127 2756 Ms.
1146 2730 1318 2759 Amcrbachii
1333 2752 1340 2765 ,
1364 2731 1414 2766 τῆς
1434 2729 1658 2758 Κωνσταντινὲων
1678 2728 1726 2766 πό-

941 2763 1019 2804 λειυς.
1037 2762 1450 2804 Lego.KmvovavztévaUisit
1465 2773 1571 2804 sensus,
1590 2771 1665 2804 ttovze
1677 2762 1725 2804 Juj

942 2799 1116 2836 stinianopoli
1125 2807 1255 2836 concessa
1268 2802 1327 2833 jura
1338 2801 1504 2830 Constantia}
1517 2799 1609 2836 Cypri,
1619 2805 1680 2834 (ιῑιὶθ
1697 2801 1726 2826 οι

943 2833 1058 2861 Salamis
1075 2839 1126 2862 est.
1142 2834 1309 2865 llnnunws.
