1960 3076
201 129 253 163 475

780 131 911 162 ΡΗΟΤΠ
930 130 1181 162 ΡΛΤΗΙΑΒΟΗΕ
1197 130 1241 161 CP

1774 126 1825 158 476

201 186 330 216 cmmhus
348 185 592 222 Hcllespontiorum
606 188 750 223 provinciae
763 190 909 225 episcopis,
925 195 952 218 et
967 197 983 217 a
997 196 1006 220 Α

1062 188 1290 220 ξαντινουπόλεως,
1303 187 1349 214 καὶ
1366 186 1410 213 τδν
1427 185 1547 221 ὲπάὑτῇ
1560 184 1756 218 καθιστάμενον
1768 184 1826 211 θεο-

202 232 261 260 suis
282 232 418 268 episcopis
441 233 557 269 eligatur
579 241 613 261 ex
641 235 753 269 antiqua
777 238 987 267 consuetudine.

202 277 292 306 Mores
308 279 392 312 enim,
407 279 454 313 qui
471 280 571 307 suntin
587 288 750 315 unaquaque
765 280 989 312 Eeclesia.divini

203 325 286 351 etiam
303 325 391 351 nostri
415 324 509 352 Patres
535 325 684 352 servandos
712 332 892 360 consuerunt,
910 328 989 364 Cyzi-

203 377 334 398 cenornm
350 371 472 398 civitatis
489 371 616 405 episcopo
633 372 742 405 praesuli
765 373 844 400 dicta:
857 373 990 402 .Iustinia-

205 416 337 450 nopoleos
376 416 500 450 subjecto
540 417 713 450 exsistente,
750 418 783 444 ad
812 418 990 447 imitationem

207 463 379 497 reliquorum
411 463 534 489 omnium
562 464 774 498 episcoporum,
803 465 850 499 qui
875 465 992 493 subsunt

205 508 336 543 praedicto
350 507 397 534 Dei
415 508 605 536 amantissimo
628 508 739 543 prmsnli
755 508 873 541 Joanni;
893 517 907 536 a
926 517 990 544 quo,

206 558 269 578 cum
285 559 352 578 usus
375 551 562 585 postulaverit,
579 552 661 578 etiam
690 552 780 587 ipsius
794 552 993 587 Cyzicenorum

206 597 326 624 civitatis
338 597 484 632 cpiscopus
495 596 677 624 ordinabitur.

245 730 352 757 Tantus.
372 729 408 757 De
421 729 516 757 ordine
532 729 761 764 patriarcharum,
774 732 800 756 et
818 735 879 762 quae
891 728 925 755 ab
943 727 998 755 illis

208 777 376 812 reliquisque
395 777 530 812 episcopis
555 783 605 810 pro
620 775 793 802 ordinatione
809 775 908 801 dentur
924 783 931 801 :
949 774 998 801 de-

209 824 291 858 nique
304 823 376 858 quod
389 823 511 849 omnium
525 821 707 848 Ecclesiarum
719 825 802 854 caput
813 819 848 847 sit
861 819 998 846 Consmn-

209 855 350 903 tinopolis,
364 868 422 902 lege
434 867 481 894 lib.
499 875 507 894 1
528 867 602 897 cod.,
619 867 658 893 lit.
678 866 704 896 1.
723 869 810 893 const.
826 865 854 898 7,
867 869 894 892 et
907 865 949 892 tit.
968 864 996 897 2,
1012 855 1036 885 Β

210 919 299 941 const.
314 913 340 946 6,
360 913 404 945 20,
422 912 474 945 εις
500 917 527 939 et
542 912 582 938 tit.
601 911 613 937 1
631 909 802 937 Novellarum
818 931 824 943 ,
842 910 952 937 constit.
969 909 996 943 2,

211 965 238 988 et
252 960 292 987 tit.
306 959 333 990 ‘2,
350 963 438 986 const.
454 958 480 984 ὅ.
494 957 589 985 Const.
606 963 670 983 vero
683 956 726 988 l6,
743 955 783 982 tit.
798 955 825 986 2,
850 955 868 983 l.
884 963 903 982 ι.
921 955 997 988 dicit,

211 1005 283 1041 quod
313 1004 631 1037 Censtantinopolitanns
661 1000 764 1038 [supra]
799 1001 869 1029 alios
899 1001 1000 1028 habeat

213 1048 453 1084 praseminentiam.
468 1046 501 1074 Et
518 1052 606 1074 const.
630 1046 663 1078 8,
685 1046 727 1072 tit.
748 1045 760 1072 1
778 1045 961 1076 Novellarum.
973 1050 1000 1072 et

212 1095 240 1126 5,
256 1094 297 1121 tit.
309 1094 336 1125 2,
351 1093 454 1120 faciunt
466 1093 559 1126 prima:
574 1091 736 1119 Justinianaa
754 1091 999 1126 archiepiscopum,

213 1147 246 1167 ac
263 1138 396 1174 [habent],
413 1139 485 1173 quod
503 1138 591 1172 major
607 1138 644 1165 sit
654 1137 874 1172 metropolitano,
888 1137 999 1172 etquod

214 1194 229 1212 a
256 1193 305 1213 sua
335 1185 439 1220 synodo
455 1189 565 1212 creetur
586 1193 593 1212 :
616 1183 744 1216 denioue,
760 1191 829 1211 ouas
843 1183 1000 1214 provincias

215 1229 277 1266 [sub
291 1227 332 1264 se]
348 1229 456 1255 habeat.

251 1329 305 1364 30
312 1327 388 1355 CAP.
398 1327 593 1359 Vl.———Quinam
603 1335 730 1362 quasnam
745 1329 820 1355 etubi
834 1333 858 1355 et
872 1330 1001 1363 quomodo

216 1377 348 1410 episcopos
374 1379 419 1400 aut
448 1374 556 1400 clericos
584 1373 712 1400 ordinent.
743 1374 812 1406 Quid
839 1383 897 1402 vero
914 1377 936 1402 si
952 1375 1005 1403 ele-

217 1426 275 1449 ctus
292 1425 389 1448 recusat
404 1420 491 1447 oblato
508 1419 597 1446 libello
609 1421 814 1455 episcopatum?

371 1506 557 1542 Apostolorum
573 1515 686 1534 canones
705 1507 730 1540 1,
746 1507 774 1539 2,
789 1507 832 1534 55.

243 1555 280 1591 κ1.
300 1553 452 1589 Episcopus
468 1560 483 1579 a
497 1552 606 1580 duobus
623 1552 663 1580 vel
678 1553 767 1580 tribus
779 1553 914 1589 episcopis
930 1553 1007 1581 ordi-
1021 1556 1043 1585 G

219 1605 310 1628 netur.

252 1646 279 1673 ἰ.
297 1645 441 1680 Presbyter
462 1644 497 1671 ab
516 1651 572 1671 uno
585 1643 714 1679 episcopo
731 1644 886 1677 ordinetur,
904 1649 932 1673 et
947 1645 1009 1673 dia-

221 1699 317 1723 conus,
333 1696 360 1717 ct
378 1690 476 1724 reliqui
493 1690 597 1717 clerici.

256 1737 291 1763 35
310 1735 377 1771 [31].
392 1735 543 1770 Episcopus
557 1736 578 1751 “
594 1743 627 1762 ne
645 1736 744 1762 audeat
761 1739 838 1762 extra
855 1743 920 1764 suos
942 1737 1011 1764 lines

222 1781 313 1809 facere
339 1780 525 1807 ordinationes
557 1780 584 1806 in
614 1780 727 1807 urbibus
751 1784 778 1807 et
803 1781 880 1816 pagis
907 1790 959 1809 non
985 1782 1010 1808 ei

223 1824 363 1859 subjectis.
383 1824 430 1850 Sin
451 1829 540 1850 autem
562 1823 613 1850 hoc
639 1822 741 1850 fecisse
766 1825 908 1852 convictus
932 1823 1021 1851 fuerit‘

226 1874 325 1905 preter
349 1877 445 1897 eorum
478 1869 639 1896 scntentiaut
665 1870 711 1904 qui
729 1875 822 1897 tenent
843 1878 926 1905 pagos
951 1870 1012 1898 illos

224 1916 266 1944 vel
282 1916 404 1944 civitates
417 1935 425 1948 ,
444 1915 593 1950 deportatur
621 1920 649 1942 et
672 1916 730 1950 ipse
748 1920 774 1942 ct
806 1915 825 1942 ii
847 1923 916 1951 quos
938 1917 1013 1944 ordi-

224 1962 309 1990 navit.

320 2008 433 2036 Concilii
448 2007 604 2035 Antiocheni
619 2015 731 2035 canones
748 2008 793 2041 l5,
815 2007 858 2041 19,
879 2007 925 2035 22.

261 2054 304 2082 15.
320 2054 416 2082 Nullus
430 2055 576 2089 episcopus
590 2054 688 2082 audeat
711 2054 746 2081 ab
760 2061 814 2080 una
831 2053 968 2088 provincia
987 2053 1014 2081 in

227 2101 308 2128 aliam
321 2102 447 2134 transire,
473 2106 500 2128 et
511 2102 617 2136 aliquos
634 2101 660 2127 in
679 2100 809 2128 Ecclesiis
825 2101 955 2127 ordinare
981 2100 1014 2127 ad

228 2154 369 2174 sacrorum
383 2147 603 2177 celebrationem,
616 2155 665 2174 nee
680 2147 701 2174 si
715 2147 783 2174 alios
798 2155 851 2174 una
867 2154 958 2174 secum
975 2147 1016 2173 in-

228 2191 321 2224 ducat,
340 2191 392 2218 nisi
410 2192 515 2218 venerit
526 2192 624 2219 litteris
640 2192 789 2220 accersitus
803 2191 1015 2226 metropolitani,

1041 235 1200 270 φιλέστατον
1217 234 1376 266 ἐπίσκοπον,
1397 233 1506 259 πάντων
1518 230 1695 267 προεδρεύειν
1708 229 1762 256 τῶν
1774 231 1824 264 τῆς

1045 280 1260 315 Ἑλλησποντίων
1269 280 1321 305 ὲπα
1326 278 1413 314 ρχίας·
1427 279 1473 304 καὶ
1482 277 1534 304 ὑπὸ
1540 276 1594 303 τῶν
1601 276 1707 302 οἰκείων
1715 275 1827 301 ἐπισκόο

1042 335 1101 352 πων
1113 325 1323 361 χειροτονεῖσθαι
1337 324 1408 351 κατὰ
1416 324 1463 358 τὴν
1478 323 1594 357 ἀρχαίαν
1610 321 1766 357 συνήθειαν.
1785 321 1827 347 Τὰ

1041 372 1097 407 γὰρ
1117 373 1146 398 ὲν
1161 370 1427 406 ἑκάστῃιἚκκλησίᾳ
1443 369 1489 404 ἔθη
1506 369 1553 394 καὶ
1574 368 1598 393 οἱ
1610 367 1733 402 θεοφόροι
1750 365 1830 401 ἡμῶν

1042 417 1164 453 Πατέρες
1196 415 1456 452 παραφυλάττεσθαι
1481 413 1661 448 διεγνώκασι·
1696 411 1744 438 τοῦ
1776 411 1828 445 τῆς

1044 462 1205 498 Κυζικηνῶν
1241 461 1344 493 πόλεως
1374 459 1546 491 ἐπισκόπου⁷
1574 457 1756 492 ὑποκειμένου
1787 455 1828 490 τῷ

1044 508 1170 544 προέδρῳ
1180 508 1230 542 τῆς
1238 506 1384 542 εἰρημένης
1399 503 1703 535 ’1ουστινιανουπόλεως,
1715 502 1830 536 μιμήσει

1044 554 1098 580 τῶν
1111 553 1211 579 λοιπῶν
1234 552 1362 579 ἁπάντων
1383 550 1541 578 ἐπισκόπων
1566 550 1620 576 τῶν
1641 548 1693 576 ὑπὸ
1721 548 1767 574 τὸν
1783 547 1829 573 λε-

1045 598 1142 635 χθέντα
1158 597 1363 632 θεοφιλέστατον
1396 597 1528 632 πρόεδρον
1558 595 1695 630 Ἰωάννην,
1727 592 1772 628 ὑφ’
1799 589 1830 619 οὗ

1046 644 1140 679 χρείας
1157 643 1302 677 καλούσης,
1319 642 1365 669 καὶ
1388 643 1402 668 ὁ
1417 643 1466 675 τῆς
1493 639 1579 674 αὐτῆς
1597 639 1760 674 Κυζικηνῶν
1778 637 1830 663 πός

1047 691 1114 721 λεως
1131 689 1280 720 ἐπίσκοπος
1296 687 1563 723 χειροτονηθήσεται.

1084 735 1152 770 Περὶ
1175 735 1203 761 δὲ
1229 734 1279 767 τῆς
1306 733 1409 765 τάξεως
1433 733 1487 758 τῶν
1504 729 1692 770 πατριαρχῶν,
1712 729 1759 756 καὶ
1778 728 1833 754 τῶν

1050 781 1115 816 παρ’
1127 779 1228 811 αὐτῶν,
1241 779 1289 806 καὶ
1312 778 1366 805 τῶν
1390 777 1492 804 λοιπῶν
1510 767 1679 804 ἐπισκόπων,
1701 774 1771 809 ὑπὲρ
1785 774 1835 808 τῆς

1051 825 1140 852 αὐτῶν
1152 823 1320 860 χειροτονίας
1343 822 1504 856 διδομένων,
1520 821 1568 847 καὶ
1591 821 1632 846 ὅτι
1658 818 1755 845 πασῶν
1774 818 1835 844 Ἐκ-

1049 870 1170 905 κλησιῶν
1208 868 1314 902 κεφαλή
1354 867 1427 893 ἐστιν
1466 867 1483 900 ἡ
1509 862 1836 894 Κωνσταντινουπόλεως,

1049 914 1187 950 ἀνάγνωθι
1205 912 1307 949 βιὸλίον
1325 915 1350 938 α’
1371 910 1418 937 τοῦ
1447 910 1576 942 κὼδικος,
1593 908 1646 935 τίτ.
1665 907 1699 940 α’,
1729 905 1835 938 atoma.

1049 961 1071 994 ζ’
1086 961 1134 987 καὶ
1149 960 1201 986 τίτ.
1219 960 1252 994 β’,
1264 957 1333 984 διάτ.
1349 960 1376 989 ς’
1396 955 1446 988 κδ’,
1463 956 1511 982 καὶ
1524 955 1576 982 τίτ.
1592 953 1614 980 α’
1628 953 1683 980 τῶν
1710 952 1816 988 νεαρῶν
1828 972 1836 985 ,

1049 1008 1120 1035 διάτ.
1136 1006 1168 1042 β’,
1185 1005 1231 1032 καὶ
1240 1003 1293 1030 τιτ.
1311 1003 1343 1038 β’.
1359 1002 1430 1034 διάτ,
1444 1005 1485 1036 γ’·
1501 1001 1556 1036 ἡδὲ
1580 1003 1617 1032 ις’
1644 999 1715 1026 διάτ.
1742 997 1788 1024 τοῦ
1815 997 1839 1032 β’

1050 1054 1104 1080 τίτ.
1121 1051 1168 1078 τοῦ
1186 1054 1210 1078 α’
1236 1050 1290 1085 βιὸ.
1316 1048 1410 1083 φησὶν,
1437 1048 1478 1074 ὅτι
1494 1047 1508 1073 ό
1522 1043 1840 1075 Κωνσταντινουπόλεως

1051 1100 1108 1135 ἔχει
1119 1098 1174 1125 τῶν
1191 1097 1279 1125 ἄλλων
1291 1095 1448 1131 προεδρίαν,
1468 1093 1540 1128 καὶὴ
1554 1095 1578 1128 η’
1593 1092 1663 1118 διάτ.
1683 1090 1730 1117 τοῦ
1747 1093 1770 1116 α’
1785 1090 1838 1116 τίτ.

1051 1147 1105 1173 τῶν
1122 1144 1238 1180 νεαρῶν,
1257 1144 1304 1170 καὶ
1317 1143 1335 1177 ἡ
1349 1141 1372 1176 γ’
1389 1141 1434 1168 τοῦ
1454 1139 1475 1175 β’
1494 1139 1559 1171 τίτ.,
1576 1138 1687 1165 ποιοῦσι
1703 1138 1751 1164 τὸν
1776 1136 1841 1171 πρί-

1055 1201 1107 1228 μας
1127 1189 1320 1223 ’1ουστινιανῆς
1345 1187 1580 1223 ἁρχιεπίσκοπον·
1606 1186 1654 1211 καὶ
1674 1184 1716 1210 ὅτι
1733 1182 1837 1217 μείζων

1053 1226 1112 1264 εστ).
1129 1235 1176 1263 τοῦ
1208 1233 1418 1271 μητροπολίτου,
1445 1231 1493 1258 καὶ
1519 1231 1560 1257 ὄτι
1581 1229 1633 1256 ὑπὸ
1658 1229 1707 1263 τῆς
1730 1226 1841 1253 συνόδου

1053 1282 1136 1310 αὐτοῦ
1152 1281 1353 1316 χειροτονεῖται,
1371 1279 1418 1304 καὶ
1433 1277 1513 1308 ποίας
1527 1276 1662 1310 ἐπαρχίας
1674 1275 1741 1309 ἔχει.

1089 1328 1216 1354 ΚΕΦΑΛ.
1235 1327 1327 1359 (Th-
1343 1325 1426 1356 Τίνες
1446 1323 1531 1355 τίνας
1555 1321 1604 1348 καὶ
1625 1319 1684 1347 ποῦ
1709 1320 1758 1346 καὶ
1779 1320 1842 1353 πῶς

1054 1372 1278 1408 χειροτονοῦσιν
1310 1370 1496 1401 ἐπισκόπους
1534 1367 1553 1401 ἢ
1582 1365 1762 1399 κληρικοὺς,
1790 1366 1839 1392 καὶ

1053 1420 1108 1447 ἐὰν
1129 1421 1145 1446 ό
1169 1417 1385 1452 χειροτονηθείς
1408 1415 1456 1442 διὰ
1477 1413 1631 1445 λιϐἐλλου,
1663 1411 1840 1446 παραιτῆται

1057 1465 1112 1499 τὴν
1126 1463 1306 1496 ἑπισκοπιξν.

1221 1508 1409 1536 Ἄποστόλων
1424 1507 1524 1534 κανὼν
1540 1511 1576 1540 α’,
1589 1507 1622 1542 β’,
1641 1507 1688 1534 λε’.

1093 1555 1127 1582 α’.
1147 1554 1311 1585 Ἐπίσκοπος
1325 1552 1533 1588 χειροτονείσοω
1549 1551 1602 1578 ὑπὸ
1623 1549 1779 1578 ἐπισκόπων
1799 1549 1846 1575 δύο

1059 1601 1076 1637 ἢ
1095 1600 1189 1636 τριῶν.

1097 1646 1131 1681 β’.
1161 1645 1354 1680 Πρεσϐύτερος
1385 1644 1437 1671 ὑπὸ
1464 1643 1522 1674 ἐνὸς
1547 1641 1699 1669 ἐπισκόπου
1726 1648 1849 1676 χειροτο-

1060 1691 1170 1724 νείσθω,
1184 1691 1232 1718 καὶ
1251 1691 1383 1722 διάκονος,
1400 1690 1447 1716 καὶ
1465 1689 1490 1715 ot
1507 1689 1597 1715 λοιποὶ
1618 1686 1755 1722 κληρικοί.

1095 1737 1141 1764 λε’.
1167 1737 1334 1764 Ἐπίσκοπον
1355 1736 1392 1771 μὴ
1403 1735 1506 1770 τολμᾷν
1518 1733 1569 1766 ἔξω
1586 1733 1640 1759 τῶν
1651 1732 1747 1758 ἑαυτοῦ
1765 1732 1850 1774 εἴρων,

1061 1783 1227 1819 χειροτονίας
1243 1782 1380 1809 ποιεῖσθαι
1396 1782 1436 1812 εἷς
1463 1780 1511 1811 τὰς
1524 1779 1561 1814 μὴ
1577 1778 1760 1813 ὑποκειμένας
1777 1777 1852 1811 αὐτῷ

1061 1830 1154 1861 πόλεις
1170 1830 1215 1856 καὶ
1226 1828 1319 1864 χώρας
1333 1837 1339 1843 ’
1351 1829 1375 1854 εί
1387 1827 1414 1853 δὲ
1423 1825 1564 1860 ἐλεγχθείη
1580 1823 1660 1850 τοῦτο
1682 1822 1854 1857 πεπιοιηκὼς

1063 1875 1138 1910 παρὰ
1153 1875 1200 1910 τὴν
1217 1875 1271 1901 τῶν
1288 1874 1458 1908 κατεχόντων
1484 1871 1532 1902 τὰς
1546 1870 1637 1901 πόλεις
1651 1868 1757 1900 ὲκείνας
1771 1869 1787 1903 ἢ
1803 1868 1853 1900 τὰς

1064 1920 1157 1957 χώρας
1181 1920 1305 1956 γνώμην,
1332 1918 1517 1955 καθαιρείσθω
1545 1917 1593 1944 καὶ
1623 1915 1704 1946 αὐτὸς
1731 1914 1778 1941 καὶ
1806 1914 1855 1945 οὒς

1065 1967 1281 2003 ἐχειροτόνησεν.

1141 2012 1277 2039 Συνόδου
1300 2010 1481 2046 Ἀντιοχείας
1494 2010 1594 2038 κανὼν
1611 2009 1657 2044 ιγ’,
1675 2008 1720 2040 ιϐ’,
1739 2007 1791 2042 κβ’.

1102 2058 1147 2091 ιγ’.
1163 2058 1274 2092 Μηδένα
1287 2058 1435 2084 ἐπίσκοπον
1458 2057 1562 2092 τολμᾷν
1578 2057 1625 2091 ἀφ’
1648 2055 1743 2090 ἐτέρας
1767 2055 1856 2088 ἐπιρ-

1066 2103 1126 2140 χίας
1155 2105 1194 2135 εἰς
1210 2104 1305 2138 ἑτέραν
1318 2103 1490 2138 μεταϐαίνειν
1505 2103 1553 2128 καὶ
1573 2102 1734 2137 χειροτονεῖν
1749 2100 1777 2124 ἐν
1794 2098 1858 2124 Ἐκ-

1068 2148 1166 2183 κλησίᾳ
1181 2148 1256 2179 τινὰς
1276 2149 1316 2179 εἰς
1343 2148 1509 2182 προαγωγὴν
1527 2148 1712 2181 λειτουργίας,
1735 2144 1801 2179 μηδὲ
1831 2144 1858 2170 ει

1071 2193 1250 2227 συνεπάγοιτο
1281 2192 1370 2227 ἑαυτῴ
1399 2193 1521 2227 ἑτέρους,
1550 2193 1574 2218 εἰ
1603 2191 1640 2226 μὴ
1668 2188 1858 2225 παρακληθεὶς

228 2242 257 2265 et
270 2237 460 2272 episcoporum
476 2238 524 2272 qui
538 2242 602 2264 sunt
617 2246 679 2265 cum
697 2238 755 2273 ipso
769 2258 776 2271 ,
795 2239 822 2265 in
836 2245 954 2273 quorum
971 2245 1006 2264 re.

1070 2226 1197 2273 ἀφίκοιτο
1223 2238 1266 2271 διᾲ
1281 2226 1456 2274 γραμμάτων
1470 2239 1516 2264 τοῦ
1541 2246 1570 2264 τε
1593 2235 1791 2272 μητροπολίτου
1811 2234 1862 2260 λαὶ

229 2283 338 2318 gionem
353 2283 467 2310 accedit.
480 2283 508 2310 Si
524 2288 614 2310 autem
627 2284 701 2311 nullo
717 2289 844 2317 vocante,
859 2284 892 2311 ad
908 2284 1016 2319 aliquo—

231 2337 291 2356 rum
304 2331 506 2357 ordinationcm
523 2335 550 2358 et
562 2330 812 2357 ecclesiasticarum
829 2338 920 2358 rerum
939 2331 972 2357 ad
990 2337 1019 2357 se

231 2383 286 2402 non
311 2376 504 2411 pertinentium
522 2375 744 2403 constitutionem
767 2375 924 2402 inordinate
939 2376 1014 2403 inso-

230 2421 371 2456 lenterque
385 2422 566 2456 processerit,
594 2423 648 2449 sint
663 2421 772 2456 quidem
799 2422 875 2448 irrita
899 2429 960 2456 qum
985 2421 1019 2448 ab

231 2467 292 2501 ipso
307 2473 449 2501 geruntur,
466 2468 523 2502 ipse
534 2472 624 2494 autem
643 2475 699 2494 sua:
715 2467 867 2494 insolentia:
882 2473 909 2494 et
924 2471 1020 2502 praeter

231 2512 365 2539 rationem
385 2512 462 2539 factae
487 2512 671 2547 agngSsionis
693 2513 739 2539 det
758 2520 863 2547 pmnas,
883 2520 898 2539 a
926 2518 1019 2540 sancta

233 2558 337 2586 scilicet
358 2559 461 2593 synodo
471 2560 568 2586 exinde
585 2558 726 2593 depositus

268 2647 312 2675 19.
325 2647 476 2683 Episcopus
488 2656 522 2676 ne
532 2649 674 2676 ordinetur
684 2650 789 2684 absque
800 2647 905 2684 synodo
916 2653 943 2675 et
953 2654 1021 2682 prm-

234 2694 321 2722 sentia
336 2695 536 2729 metropolitani
551 2695 707 2730 provinciae.
726 2696 764 2722 Eo
779 2700 870 2722 autem
884 2695 936 2729 31
954 2702 1023 2728 pra:-

234 2745 322 2773 sente,
335 2740 448 2767 omnino
461 2741 561 2768 melius
574 2746 615 2769 est
626 2749 721 2769 omnes
732 2749 784 2769 una
800 2750 861 2768 cum
874 2749 906 2769 eo
917 2741 1023 2773 adesse,

234 2787 282 2822 qni
301 2791 365 2814 sunt
391 2787 418 2813 in
445 2786 586 2821 provincia
606 2787 728 2822 ejusdem
746 2788 868 2816 muneris
885 2787 1020 2822 olliciique

271 2831 293 2847 “
309 2832 438 2860 Antioch.
453 2840 514 2859 ean.
531 2833 556 2860 9.

1070 2285 1123 2312 τῶν
1143 2286 1191 2312 σὺν
1209 2284 1283 2320 αὑτῷ
1293 2285 1453 2311 ἐπισκόπων
1466 2281 1502 2310 ὧν
1520 2284 1559 2314 εἰς
1573 2283 1622 2318 τὴν
1645 2281 1736 2317 χώραν
1753 2280 1862 2315 παρέρ-

1070 2342 1152 2369 χοιτο.
1167 2334 1197 2360 Εἰ
1211 2333 1240 2360 δὲ
1267 2333 1381 2368 μηδενὸς
1394 2332 1539 2362 καλοῦντος
1551 2330 1663 2357 ἀπέλθοι
1678 2328 1804 2358 ἀτάκτως
1815 2327 1865 2353 ἐπὶ

1071 2378 1225 2414 χειροθεσίᾳ
1254 2378 1345 2409 τινῶν,
1370 2378 1418 2404 καὶ
1442 2376 1606 2404 καταστάσει
1641 2374 1695 2401 τῶν
1712 2373 1864 2408 ἐκκλησια-

1071 2424 1172 2450 στικῶν
1193 2423 1364 2458 πραγμάτιον
1391 2424 1427 2458 μὴ
1442 2422 1636 2458 προσηκόντων
1667 2419 1752 2454 αὐτῷ,
1770 2419 1865 2453 ἄκυρα

1075 2471 1124 2506 μὲν
1139 2471 1174 2497 τὰ
1189 2471 1234 2497 ὑπ’
1250 2470 1332 2497 αὑτοῦ
1350 2469 1526 2504 πραττόμενα
1544 2468 1685 2503 τυγχάνει,
1713 2466 1759 2493 καὶ
1779 2466 1867 2492 αὐτὸν

1072 2518 1101 2544 δὲ
1121 2517 1232 2551 ὑπέχειν
1244 2516 1292 2550 τῆς
1311 2515 1424 2548 ἀταξίας
1444 2514 1537 2545 αὐτοῦ,
1552 2513 1599 2540 καὶ
1635 2513 1684 2547 τῆς
1706 2510 1867 2546 παραλόγου

1073 2563 1282 2597 ἐπιχειρήσεως,
1299 2561 1348 2596 τὴν
1367 2561 1560 2596 προσήκουσαν
1579 2559 1669 2593 δίκην,
1695 2555 1859 2592 καθῃρημέ-

1073 2616 1118 2634 νον
1132 2607 1256 2633 ἐντεῦθεν
1271 2607 1320 2642 ἤδη
1336 2607 1388 2633 ὑπὸ
1401 2607 1450 2641 τῆς
1467 2606 1549 2640 ἁγίας
1562 2604 1686 2631 συνόδου.

1110 2653 1153 2680 ιϐ’.
1179 2653 1342 2679 Ἑπίσκοπον
1370 2653 1407 2688 μὴ
1427 2650 1640 2687 χειροτονεῖσθαι
1668 2649 1730 2684 δίχα
1755 2647 1865 2673 συνόδου

1075 2699 1122 2726 καὶ
1137 2698 1286 2733 παρουσίας
1301 2699 1347 2725 τοῦ
1364 2699 1392 2735 εν
1409 2699 1442 2734 τῇ
1460 2696 1627 2733 μητροπόλει
1641 2695 1689 2728 τῆς
1705 2691 1841 2727 ἐπαρχίας
1856 2701 1864 2707 ·

1076 2744 1171 2771 τούτου
1183 2744 1211 2771 δὲ
1227 2745 1361 2780 παρόντος
1378 2744 1539 2778 ὲξάπαντος,
1559 2741 1663 2776 βέλτιον
1680 2740 1729 2774 μὲν
1743 2739 1868 2766 συνεῖναι

1077 2790 1152 2825 αὐτῷ
1170 2791 1271 2822 πάντας
1288 2792 1350 2822 τοὺς
1368 2791 1396 2818 ἐν
1419 2791 1453 2825 τῇ
1479 2789 1599 2824 ἐπαρχίᾳ
1628 2783 1867 2819 συλλειτουργοὺςπ
