1960 3076
89 139 140 172 477

521 145 722 176 SYNTAGMA
740 146 935 177 CANONUM-
955 160 990 166 -
1008 148 1083 178 TIT.
1104 148 1128 185 Ι,
1149 148 1229 178 CAP-
1248 148 1299 179 VL

1668 150 1722 183 478

90 197 135 229 03;
151 197 200 224 καὶ
220 198 355 234 προσήκει
379 198 413 225 δι’
429 199 587 241 ἐπιστολῐε,
606 200 652 226 τὸν
676 202 705 227 ἐν
730 202 762 236 τῇ
782 209 882 236 μητρο-

943 203 1000 229 toeii
1013 202 1273 237 (συλλειτουργοὺς),
1291 207 1318 230 et
1333 207 1440 236 oportet
1454 210 1501 237 per
1513 203 1653 238 epistolam
1665 213 1723 232 me-

91 243 166 270 πόλει
181 244 333 277 συγκαλεῖν
345 253 351 260 ·
367 245 415 271 καὶ
430 245 455 271 εἰ
482 245 531 279 μὲν
546 246 692 272 ἀπαντοῖεν
717 247 743 272 οἱ
769 247 880 279 πάντες,

91 291 207 325 βέλτιον.
225 290 256 317 El
272 291 300 317 δὲ
315 291 443 327 δυσχερὲς
464 292 509 327 εἴη
526 292 615 324 τοῦτο,
633 293 696 325 τούς
717 301 749 327 γε
774 292 883 324 πλείους

91 337 242 370 ὲξάπαντος
255 339 384 373 παρεῖναι
406 338 463 364 δεῖ·
481 338 497 373 ἢ
522 338 566 364 διὰ
583 338 754 374 γραμμάτων
778 338 883 373 ὁμοψή-

93 391 159 416 φους
174 383 303 416 γενέσθαι
316 391 324 398 ’
347 384 394 410 καὶ
417 383 490 410 οὕτω
509 384 579 418 μετὰ
608 386 657 420 τῆς
683 384 737 410 τῶν
753 384 884 410 πλειόνων

93 428 151 463 ἦτοι
168 428 321 462 παρουσίας
338 429 354 464 ἢ
371 429 608 464 ψήφου,γίνεσθαι
630 430 680 465 τὴν
705 431 882 457 κατάστασιν.

93 473 125 499 Εἰ
153 473 180 499 δὲ
197 473 285 504 ἄλλως
310 474 386 509 παρὰ
407 474 442 501 τὰ
467 473 609 509 ὡρισμένα
634 474 772 508 γίγνοιτο,
801 474 885 509 μηδὲν

95 518 198 553 ἰσχύειν
214 519 264 553 τὴν
279 518 446 553 χειροτονίαν
459 527 465 534 ·
481 520 505 545 εξ
521 519 550 545 δὲ
575 519 648 546 κατὰ
671 520 716 545 τὸν
733 519 885 554 ὡρισμένον

92 564 195 590 κανόνα
209 563 331 597 γίγνοιτο
347 564 363 598 ἡ
380 564 560 597 κατάστασις,
580 565 747 599 ἀντιλέγοιεν
757 565 786 591 δέ
814 573 886 596 τινες

93 609 128 636 δι’
146 609 250 636 οίκείαν
266 609 444 644 φιλονεικίαν,
468 614 580 647 κρατεῖν
605 611 658 638 τῶν
683 610 815 637 πλειόνων
838 610 886 646 τὴν

93 655 194 690 ψῆφον.

131 702 184 737 κβ’.
208 702 373 729 Ἐπίσκοπον
389 702 427 738 μὴ
440 701 590 728 ἐπιϐαίνειν
607 701 735 737 ἀλλοτρίᾳ
752 701 827 728 πόλει
848 701 882 736 τῇ

95 747 134 783 μὴ
155 747 324 783 ὑποκειμένῃ
342 747 427 782 αὐτῷ,
447 747 513 783 μηδὲ
528 747 604 782 χώρᾳ
618 749 651 782 τῇ
675 747 751 782 αὐτῷ
778 747 815 782 μὴ
829 746 887 773 δια-

94 793 227 828 φερούσῃ,
242 793 288 819 ἐπὶ
303 793 456 828 χειροτονίᾳ
466 794 548 824 τινὸς,
566 793 635 828 μηδὲ
652 792 784 828 καθιστᾷν
799 801 888 828 πρεσ-

94 838 227 874 ϐυτέρους
247 838 418 874 ῆδιακόνους
443 839 483 870 εἰς
510 838 609 869 τόπους
633 838 719 873 ἑτέρῳ
746 838 889 874 ἐπισκόπῳ

95 883 307 918 ὑποκειμένους,
324 884 347 910 sl
361 884 398 918 μὴ
415 883 470 919 ἄρα
487 883 556 918 μετὰ
578 883 693 918 γνώμης
715 883 763 910 τοῦ
783 884 886 910 οἰκείου

93 930 145 964 τῆς
160 929 251 965 χώρας
264 930 426 957 ἐπισκόπου.
446 930 477 956 Εἰ
491 930 518 956 δὲ
530 930 677 966 τολμήσειέ
693 939 735 962 τις
753 930 885 964 τοιοῦτον,

93 975 198 1010 ἄκυρον
211 973 281 1002 εἶναι
301 976 351 1010 τὴν
368 975 550 1011 χειροθεσίαν,
567 976 616 1003 καὶ
639 976 720 1004 αὐτὸν
746 976 887 1011 ἐπιτιμίας

94 1022 148 1048 ὑπὸ
159 1022 209 1057 τῆς
222 1022 331 1048 συνόδου
350 1022 506 1056 τυγχάνειν.

214 1091 349 1118 Συνόδου
364 1091 540 1124 Λαοδικείας
555 1092 656 1118 κανὼν
666 1095 696 1125 ε’,
720 1091 766 1127 ιβ’.

129 1139 161 1164 ε’.
173 1137 243 1172 Περὶ
256 1137 303 1163 τοῦ
318 1137 354 1173 μὴ
369 1137 424 1163 δεῖν
436 1138 485 1168 τὰς
499 1138 666 1173 χειροτονίας
682 1139 729 1165 ἐπὶ
748 1139 887 1174 παρουσίᾳ

92 1185 282 1220 ἀκροωμένων
296 1185 431 1218 γίνεσθαι.

130 1230 176 1264 ιβ’.
193 1231 261 1265 Περὶ
274 1230 320 1256 τοῦ
333 1231 397 1261 τοὺς
409 1231 576 1263 ἐπισκόπους
598 1231 689 1265 κρίσει
713 1232 760 1259 τοῦ
785 1241 886 1267 μητρο-

92 1275 208 1301 πολίτου
222 1277 268 1302 καὶ
287 1275 342 1302 τῶν
359 1276 440 1311 πέριξ
453 1276 621 1307 ἐπισκόπων,
644 1277 825 1304 καθίστασθαι
844 1278 885 1309 είς

91 1321 144 1356 τὴν
159 1321 389 1357 ἐκκλησιαστικὴν
403 1322 501 1357 ἀρχὴν,
515 1323 596 1353 ὄντας
611 1323 642 1349 ὲκ
657 1323 755 1350 πολλοῦ
782 1323 885 1350 δεδοκι-

93 1367 253 1402 μασμένους
262 1376 269 1382 ·
283 1367 311 1393 έν
324 1376 352 1394 τε
363 1367 402 1402 τῷ
413 1368 485 1403 λόγῳ
495 1368 545 1403 τῆς
564 1368 695 1400 πίστεως,
710 1369 758 1395 καὶ
778 1370 811 1404 τῇ
837 1368 885 1395 τοῦ

92 1413 198 1445 εὐθέως
209 1413 290 1447 λόγου
307 1413 441 1449 πολιτείᾳ.
675 1410 682 1416 ’

92 1479 230 1507 Συνόδυυ
252 1481 378 1517 Ἐφέσου
399 1481 499 1508 κανὼν
512 1485 548 1515 η’,
568 1481 616 1508 καὶ
637 1482 784 1517 ἐπιστολὴ
810 1482 886 1517 πρὸς

269 1515 327 1549 τὴν
338 1516 373 1542 ἐν
389 1518 553 1551 Παμφυλίᾳ
570 1517 716 1544 σύνοδον.

129 1565 166 1597 η’.
179 1562 249 1593 Τοὺς
262 1561 290 1588 δέ
305 1549 463 1597 τολμῶντας
477 1563 493 1598 ἦ
509 1562 660 1590 συντιθέναι
675 1564 765 1591 πίστιν
780 1564 886 1599 ἑτέραν,
899 1549 921 1579 C

92 1607 182 1642 ἤγουν
202 1608 380 1642 προκομίζειν
395 1608 412 1643 ἦ
429 1608 579 1644 προφέρειν
602 1611 659 1640 τοῖς
683 1609 805 1636 θέλουσιν
829 1611 888 1636 ἐπι-

94 1654 223 1688 στρέφειν
239 1654 279 1684 el;
307 1654 455 1687 ἐπίγνωσιν
466 1655 514 1689 τῆς
529 1655 669 1690 ἀληθείας,
687 1655 703 1691 ἦ
727 1655 757 1688 ἐξ
784 1656 888 1692 ἑλληνι-

94 1699 166 1734 apati
193 1699 210 1734 ἢ
229 1699 258 1732 ἐξ
277 1700 434 1735 ίουδαῖσμοῢ
447 1720 453 1732 ,
470 1701 553 1735 ἤγουν
577 1701 607 1733 ἐξ
630 1702 761 1737 αἱρέσεως
780 1703 888 1738 οἱασδη-

93 1745 205 1776 ποτοῦν,
223 1744 346 1778 τούτους,
363 1748 386 1772 εί
415 1746 464 1782 μὲν
491 1745 545 1773 εἷεν
565 1747 710 1774 ἐπίσκοποι
722 1748 738 1783 ἢ
751 1748 887 1783 κληρικοὶ,

93 1791 252 1826 ἀλλοτρίους
265 1790 334 1818 εἶναι
349 1792 412 1822 τοὺς
424 1793 590 1824 ἐπισκόπους
604 1794 652 1829 τῆς
662 1794 825 1829 ἐπισκοπῆς,
841 1795 889 1821 καὶ

93 1837 158 1868 τοὺς
171 1837 320 1872 κληρικοὺς
335 1837 383 1864 τοῦ
395 1839 497 1874 κλήρου
510 1847 516 1853 ·
533 1840 558 1865 εἰ
584 1839 612 1866 δὲ
634 1839 723 1866 λαῖκοὶ
738 1838 803 1871 εἷεν,
825 1841 889 1868 ἀνα-

93 1883 303 1918 θεματίζεσθαι,
320 1885 391 1911 κατὰ
406 1884 452 1910 τὸν
477 1885 533 1911 ἴσον
557 1885 586 1912 δὲ
615 1886 716 1920 τρόπον
744 1887 768 1912 εἰ
792 1895 888 1922 φωρα-

94 1929 167 1955 οεῖέν
187 1938 273 1961 τινες,
311 1931 367 1957 εἴτε
402 1931 556 1964 ἐπίσκοποι,
583 1931 639 1959 εἴτε
667 1932 812 1968 κληρικοὶ,
833 1934 888 1960 εἴτε

94 1974 196 2006 λαῖκοὶ,
216 1974 233 2009 ἢ
250 1975 414 2009 φρονοῦντες
432 1976 448 2011 ἦ
465 1976 639 2009 διδάσκοντες
665 1977 700 2004 τὰ
716 1978 745 2003 ὲν
770 1979 803 2013 τῇ
822 1987 888 2013 προ-

95 2020 260 2058 κομισθείσῃ
275 2021 381 2048 ἐκθέσει
392 2023 466 2058 παρὰ
478 2023 610 2059 Χαρισίου
630 2023 676 2049 τοῦ
690 2023 887 2058 πρεσϐυτέρου,

94 2067 162 2102 περὶ
177 2067 228 2102 τῆς
246 2067 480 2104 ἐνανθρωπήσεως
494 2069 541 2095 τοῦ
566 2069 730 2104 μονογενοῦς
757 2069 805 2096 τοῦ
819 2070 886 2096 Θεοῦ

94 2113 175 2146 Υἱοῦ,
192 2113 279 2148 ἤγουν
293 2114 327 2140 τὰ
343 2114 430 2150 μιαρὰ
445 2115 492 2141 καὶ
508 2115 713 2151 διεστραμμένα
739 2115 888 2151 Νεπορίου

93 2159 231 2194 δόγματα,
258 2159 277 2186 ἃ
312 2160 359 2186 καὶ
384 2160 578 2194 ὑποτέτακται,
612 2161 821 2188 ὑποκείσθωσαν
853 2163 887 2196 τῇ

933 248 1130 282 tropolitattutn
1144 256 1192 276 eos
1207 256 1358 276 convocare
1370 269 1377 282 ,
1395 253 1422 276 et
1449 249 1472 277 si
1492 257 1588 277 omnes
1612 250 1722 285 quidem

933 294 1111 325 accesserim,
1127 294 1196 321 bette
1206 298 1258 327 est;
1277 294 1319 321 sin
1334 299 1425 322 autem
1443 294 1495 322 hoc
1506 295 1589 322 fuerit
1602 296 1722 329 ditlicile,

934 341 1027 375 plures
1039 340 1151 367 omnino
1164 340 1262 368 adesse
1277 345 1395 375 oportet,
1412 341 1454 368 vel
1475 341 1581 368 litteras
1592 350 1646 369 una
1662 350 1723 370 cum

935 386 990 413 illis
1004 386 1164 420 sutl‘ragium
1184 385 1266 418 ferre,
1280 390 1308 413 et
1322 386 1362 414 sic
1382 394 1444 414 cum
1465 387 1584 422 plurium
1601 395 1723 422 praesen-

936 433 972 460 tia
998 433 1042 460 vel
1064 433 1198 460 electione
1223 433 1280 460 fieri
1302 433 1536 461 constitutionem.
1564 433 1612 460 Sin
1634 439 1724 461 autem

937 479 1016 506 aliter
1034 480 1196 513 prmtcrlmc
1207 487 1267 514 qua?
1279 479 1387 507 decreta
1404 484 1478 513 sunt,
1496 479 1553 511 ﬁat,
1569 487 1623 507 non
1638 480 1726 507 valeat

937 523 1083 550 ordinatio.
1105 523 1153 550 Sin
1178 528 1268 551 autern
1294 531 1327 550 ex
1362 523 1495 558 praeﬁnito
1523 532 1628 551 canone
1654 523 1726 552 facta

938 570 1021 597 fuerit
1033 570 1209 603 constitutio,
1224 570 1307 604 aliqui
1329 575 1420 596 atttent
1439 573 1549 604 propter
1564 578 1644 597 suttm
1659 578 1727 598 con-

939 614 1070 642 tentionis
1091 614 1212 642 studium
1249 615 1459 647 contradicunt,
1485 614 1576 642 vincat
1607 615 1726 650 plurium

938 661 1110 696 sudragtum.

972 708 1019 735 22.
1042 707 1193 742 Episcopus
1208 707 1234 733 in
1249 706 1365 734 alienant
1380 707 1528 739 civitatem,
1546 714 1607 741 quae
1622 707 1647 734 ci
1662 707 1728 734 sub-

936 752 1006 787 jecta
1030 759 1084 779 non
1098 756 1141 779 est
1161 759 1214 778 non
1232 751 1372 783 ascendat,
1396 758 1446 778 nec
1463 750 1490 777 itt
1515 751 1652 786 regionem
1668 757 1728 784 qua:

939 799 972 826 ad
998 806 1060 825 cum
1087 806 1140 825 non
1162 797 1291 832 pertinet,
1318 797 1351 824 ad
1375 797 1491 832 alicujus
1514 796 1726 828 ordinationem,

941 853 988 871 nec
1007 844 1195 878 presbyterum
1217 843 1258 870 vel
1280 843 1426 870 diaconum
1443 839 1594 869 constituat
1617 842 1644 869 in
1660 841 1729 868 locis

940 890 986 918 alii
1004 890 1133 924 episcopo
1155 889 1297 923 subjectis,
1317 888 1369 915 nisi
1391 896 1454 916 cuttt
1471 888 1613 915 voluntate
1627 887 1727 922 proprii

939 937 1012 965 illius
1035 937 1154 971 regionis
1180 937 1312 970 episcopi.
1341 935 1368 962 Si
1395 935 1457 970 quis
1475 939 1565 962 autem
1586 935 1640 961 tale
1663 932 1728 968 quid

939 991 1022 1012 ausus
1036 983 1126 1015 fuerit,
1143 983 1249 1010 inﬁrma
1266 982 1302 1010 sit
1317 981 1464 1014 ordinatio,
1479 985 1507 1008 et
1523 981 1580 1016 ipse
1592 988 1607 1007 a
1624 979 1728 1015 synodo

939 1029 1077 1064 puniatur.

1079 1093 1192 1121 Concilii
1212 1092 1354 1120 Laodiceni
1371 1099 1483 1118 canones
1499 1091 1526 1123 5,
1543 1090 1588 1119 12.

973 1139 1000 1167 5.
1020 1138 1078 1166 Non
1103 1144 1230 1174 oportere
1252 1138 1440 1166 ordinationes
1458 1137 1514 1164 ﬁeri
1537 1137 1564 1164 itt
1584 1135 1728 1171 prtesentia

937 1194 1032 1214 eorum
1048 1186 1093 1220 qtti
1107 1186 1234 1213 attdiunt.

974 1233 1016 1261 12.
1040 1231 1074 1260 Ut
1089 1233 1209 1267 episcopi
1226 1232 1498 1266 metropolitanorum
1515 1234 1542 1256 ct
1558 1236 1664 1260 eorum,
1682 1227 1729 1262 qui

937 1285 1002 1307 sunt
1025 1280 1217 1311 circumcirca,
1242 1279 1433 1314 episcoporum
1447 1276 1565 1312 judicio,
1590 1275 1617 1302 in
1639 1275 1728 1302 eccle-

936 1326 1047 1353 siastico
1073 1327 1233 1360 magistratu
1257 1324 1468 1355 constituantur,
1491 1322 1537 1349 diu
1557 1320 1705 1349 examinati
1719 1339 1726 1351 ,

936 1376 963 1398 et
986 1371 1013 1397 in
1029 1371 1136 1398 ratione
1157 1370 1234 1404 ﬁdei,
1257 1377 1284 1398 et.
1301 1371 1328 1397 itt
1344 1373 1427 1397 rectae
1451 1367 1568 1395 rationis
1585 1366 1729 1401 dispensa-

938 1419 1023 1445 tione.

937 1487 1051 1516 Concilii
1073 1487 1199 1523 Ephest'ni
1222 1495 1308 1514 canon
1325 1483 1518 1523 8,7etrepistola
1541 1482 1576 1509 ad
1600 1480 1730 1516 synodum

1215 1525 1242 1550 in
1257 1521 1425 1556 Pamphylia.

978 1569 1004 1598 8.
1017 1570 1067 1604 Qui
1083 1578 1147 1597 vero
1160 1569 1218 1597 ausi
1230 1569 1330 1596 fuerint
1345 1572 1391 1594 aut
1398 1571 1563 1600 componere
1570 1563 1649 1590 ﬁdem
1661 1562 1730 1590 alte-

940 1625 1010 1648 ram,
1026 1620 1072 1643 aut
1098 1613 1231 1650 proferre,
1246 1613 1287 1640 vel
1305 1612 1403 1639 oﬂ‘crre
1427 1609 1549 1638 converti
1572 1607 1730 1635 volentibus

940 1663 992 1698 32
1013 1661 1046 1688 ad
1071 1660 1238 1696 agnitionem
1276 1657 1410 1689 veritatis,
1431 1657 1488 1683 sive
1509 1662 1541 1682 ex
1569 1653 1730 1688 gentilitate,

941 1705 1119 1744 [paganitate]
1133 1706 1190 1733 sive
1204 1713 1236 1731 cx
1250 1704 1400 1739 jndaismo,
1415 1702 1472 1729 sive
1492 1709 1527 1729 ex
1546 1699 1731 1735 qualicunque

942 1754 1056 1787 Incrcsi;
1078 1754 1129 1780 hos
1149 1752 1270 1787 quidem,
1290 1751 1313 1778 si
1337 1753 1400 1777 sunt
1424 1748 1543 1784 episcopi
1566 1744 1731 1778 antclcrici,

940 1801 1043 1828 alienos
1058 1807 1119 1827 esse
1135 1799 1279 1833 episcopos
1302 1796 1336 1823 ab
1354 1795 1523 1830 episcopatu,
1543 1797 1570 1820 et
1586 1791 1702 1819 clericos
1715 1798 1731 1818 a

940 1846 1069 1874 clericatu
1084 1845 1222 1872 decrevit:
1242 1844 1264 1870 si
1277 1850 1341 1869 vero
1357 1841 1419 1868 laici
1432 1840 1543 1872 fuerint,
1563 1836 1731 1865 anathemati

940 1893 1049 1928 subjici.
1074 1891 1161 1919 Simili
1178 1891 1261 1918 etiam
1282 1889 1363 1916 anu
1381 1888 1462 1922 siqui
1487 1886 1590 1913 inventi
1610 1884 1730 1916 fuerint,

940 1939 981 1967 vel
993 1938 1123 1974 episcopi,
1141 1936 1183 1963 vel
1198 1935 1302 1967 clerici,
1316 1935 1358 1962 vel
1375 1934 1446 1964 laici,
1472 1933 1528 1959 sive
1545 1932 1659 1961 sentire.
1673 1930 1731 1958 sive

940 1986 1038 2013 docere
1058 1991 1088 2010 ea
1114 1989 1174 2017 quae
1198 1981 1374 2009 continentur
1397 1980 1425 2006 in
1444 1978 1535 2005 oblata
1559 1976 1731 2011 expositione

939 2038 953 2057 a
968 2029 1092 2057 Charisio
1113 2027 1273 2062 presbytero
1293 2026 1326 2053 de
1350 2023 1479 2059 unigeniti
1495 2022 1557 2049 Filii
1574 2022 1620 2049 Dei
1637 2021 1729 2048 incar-

941 2075 1060 2105 natione,
1070 2073 1128 2100 sive
1142 2072 1273 2099 scclcrata
1289 2074 1315 2097 ct
1327 2076 1450 2104 perversa
1464 2067 1581 2095 Nestorii
1591 2066 1730 2101 dogmata,

939 2127 1000 2154 qu:e
1012 2125 1039 2146 et
1053 2119 1175 2146 subnexa
1192 2121 1266 2148 suttt,
1293 2116 1451 2149 subiaceant
1468 2113 1610 2142 sententia:
1627 2116 1731 2139 sancta:

940 2165 1022 2199 hujus
1035 2169 1062 2191 et
1078 2163 1241 2191 universalis
1258 2160 1354 2197 synodi
1372 2171 1378 2188 :
1398 2165 1428 2188 ut
1444 2160 1570 2187 videlicet
1583 2159 1729 2193 episcopus

93 2205 232 2239 ἀποφάσει
244 2205 293 2239 τῆς
310 2206 391 2240 ἁγίας
404 2206 505 2242 ταύτης
522 2208 569 2234 καὶ
591 2207 788 2243 οἱκουμενικῆς
806 2207 883 2234 συνό-

943 2211 1049 2247 quitletn
1065 2199 1238 2237 removeatur
1250 2209 1284 2236 ab
1293 2208 1463 2243 episcopatu,
1479 2211 1507 2233 et
1524 2206 1559 2233 sit
1573 2203 1728 2239 depositus;

92 2251 140 2277 ὅου
154 2259 161 2266 ·
185 2251 257 2278 ὥστε
278 2251 411 2287 δηλονότι1
434 2253 479 2279 τὸν
506 2253 557 2288 μὲν
587 2254 738 2281 ἐπίσκοπον
764 2253 886 2281 ἀπαλλο-

92 2298 236 2332 τριοῦσθαι
248 2300 297 2334 τῆς
317 2299 481 2334 ἐπισκοπῆς,
506 2301 552 2326 καὶ
582 2298 651 2326 εἶναι
674 2300 885 2336 καθῃρημένον·

92 2344 140 2369 τιν
155 2344 184 2370 δὲ
202 2344 343 2379 κληρικὸν,
367 2345 468 2379 ὁμοίως
494 2345 640 2372 ἐκπίπτειν
661 2346 707 2372 τοῦ
727 2347 840 2381 κλήρου.
854 2346 885 2372 ΕΞ

92 2389 121 2415 δὲ
149 2389 244 2421 hinc;
271 2390 325 2426 εἴη,
354 2391 402 2417 καὶ
427 2387 505 2423 οὗτος
535 2392 795 2427 ἀναθεματιζέσθω,
813 2392 884 2419 καθὰ

92 2436 268 2470 προείρηται.

97 2491 265 2529 Ἐπιστολὴ
275 2492 330 2526 τῆς
340 2493 432 2528 αὐτῆς
450 2494 484 2521 ὲν
505 2494 621 2529 Ἐφέσῳ
633 2495 720 2528 ἁγίας
740 2495 886 2528 συνόδου,

129 2527 206 2563 πρὸς
224 2528 281 2560 τὴν
295 2529 330 2554 ἐν
347 2530 507 2563 Παμφυλίᾳ
524 2527 619 2563 εὐαγῆ
639 2527 785 2562 σύνοδον,
818 2527 885 2563 περὶ

126 2562 299 2590 Εὐσταθίου
323 2564 376 2591 τοῦ
390 2562 561 2598 γενομένου
583 2562 684 2592 αὐτῶν
700 2562 886 2599 μητροπολὶ-

127 2605 194 2624 του.

127 2653 212 2680 Μετὰ
222 2653 344 2688 ,ϐουλῆς
357 2654 455 2681 πάντα
471 2656 549 2683 ποίει
562 2656 613 2690 τῆς
637 2656 817 2683 θεοπνεύστου
843 2657 887 2683 λε-

91 2700 198 2734 γούσης
220 2699 344 2736 Γραφῆς,
382 2701 434 2736 χρὴ
465 2701 498 2736 δὴ
531 2701 647 2737 μάλιστα
671 2703 734 2735 τοὺς
759 2702 884 2737 ἱερᾶσθαι

91 2745 230 2781 λαχόντας
246 2747 316 2781 μετὰ
334 2747 424 2783 πάσης
437 2747 581 2784 ἀκριϐείας
596 2748 644 2785 τὴν
668 2748 711 2784 ἐφ’
727 2749 813 2776 ἅπασι
833 2750 890 2781 τοῖς

130 2846 249 2875 "Eccli.
270 2855 355 2881 um,
373 2848 419 2877 28.

942 2259 1058 2286 clericus
1073 2265 1138 2284 vero
1159 2256 1288 2283 similiter
1302 2254 1411 2282 excidat
1430 2261 1445 2280 a
1457 2251 1586 2280 elericatu
1604 2259 1610 2275 :
1626 2249 1649 2276 si
1666 2255 1731 2275 vero

941 2305 1027 2332 laicus
1041 2304 1103 2338 quis
1125 2302 1170 2335 sit,
1187 2306 1213 2329 et
1237 2301 1295 2336 ipse
1311 2299 1568 2330 anatltematizetur,
1595 2296 1668 2325 sicut
1683 2302 1731 2323 su-

942 2352 1034 2386 perius
1052 2349 1153 2377 dictum
1170 2351 1221 2375 est.

943 2492 1071 2528 Ejusdem
1091 2497 1190 2519 sancta:
1214 2491 1360 2528 Ephesium
1379 2490 1474 2528 synodi
1494 2488 1665 2528 epistola‘nd
1689 2496 1730 2528 sa:

977 2536 1050 2555 cram
1065 2528 1194 2562 synodum
1218 2523 1243 2553 in
1267 2523 1434 2560 Pamphylia,
1458 2526 1489 2553 dc
1508 2523 1669 2556 ‘Eustathio,
1684 2523 1729 2558 qui

977 2564 1094 2599 ipsorum
1110 2563 1276 2597 metropolita
1289 2562 1389 2597 fuerat.

976 2652 1043 2679 Cum
1068 2651 1199 2679 divinitus
1223 2652 1357 2686 inspirata
1381 2650 1523 2686 Scriptura
1552 2649 1648 2676 dicat:
1667 2647 1730 2675 Sine

941 2699 1052 2726 consilio
1078 2698 1145 2725 nillil
1167 2698 1253 2733 facias
1265 2698 1287 2713 “
1302 2707 1307 2724 :
1324 2705 1371 2724 cos
1389 2697 1414 2723 itt
1444 2697 1550 2731 primis,
1575 2694 1621 2729 qui
1648 2699 1729 2721 sacro

942 2746 1034 2781 aliquo
1046 2745 1073 2772 in
1088 2752 1203 2773 munere
1217 2744 1323 2773 versari
1343 2743 1449 2775 volunt.
1467 2749 1567 2778 magna
1580 2738 1731 2775 diligentia,
