1960 3076
224 150 278 183 479

225 207 356 243 omnique
379 208 470 237 studio
489 209 518 237 in
544 209 570 237 id
595 208 755 237 incumbere
783 214 901 245 oportet,
927 214 957 236 ut
988 209 1015 237 in
1030 210 1055 240 Δ

225 255 354 282 omnibus
369 255 452 283 rebus
477 255 703 283 administrandis
727 256 894 291 agendisque
908 263 1016 283 summa

226 299 390 327 adhibeatur
421 300 617 328 consideratio.
645 299 712 328 Nam
738 301 772 328 iis
793 302 839 336 qui
859 302 899 329 sic
924 302 1016 329 vivere

225 345 332 378 volunt,
359 346 387 373 in
417 346 520 381 optima
546 354 593 381 spe
618 354 662 374 res
683 355 776 374 eorum
801 348 869 375 sitas
893 355 965 381 esse,
988 351 1016 375 et

226 391 310 418 veluti
327 392 448 419 secundo
465 400 558 424 cursu,
581 400 642 427 qua:
661 397 766 428 optant,
783 394 929 421 succedere
950 401 1016 420 con-

226 437 317 472 tingit.
337 437 369 464 Et
383 445 449 465 sane
466 438 521 465 haec
537 447 589 465 non
605 446 700 472 parum
718 439 816 465 rationi
831 445 1016 466 consentanea

225 487 269 509 est
283 483 381 509 oratio.
403 482 499 510 Verum
515 484 625 510 interim
642 485 711 511 solet
729 484 851 511 incidere
867 485 1015 519 aliquando

226 535 308 563 asper
321 537 353 555 ac
370 529 559 556 intolerandus
570 530 658 563 dolor,
670 530 716 565 qui
733 535 850 558 mentem
867 531 1015 558 humanam

226 575 318 603 subito
334 577 426 611 aliquo
441 577 570 610 percellat
583 578 697 611 impetu,
719 578 811 612 itaque
834 586 893 605 eain
909 584 1017 613 pertur-

226 622 317 648 batam
331 629 542 657 pervcrsamque
556 624 662 656 reddat,
677 628 707 651 ut
719 627 747 651 et
762 625 796 651 ab
809 624 915 651 utilium
933 625 1017 652 hone-

226 672 388 702 storumque
415 669 587 704 indagatione
613 669 776 702 abducatur,
794 675 820 697 et
842 671 876 698 ad
898 678 940 702 ea,
956 678 1017 705 quae

226 718 324 740 natura
343 714 376 741 ad
403 714 553 742 laedendum
567 720 631 742 sunt
655 721 824 750 comparata,
838 717 927 752 specie
938 718 1016 745 boni-

226 762 292 788 tatis
308 763 494 797 persequenda
516 763 680 797 impellatur.
708 764 774 792 Tale
795 765 925 800 quiddant
950 773 1016 793 san—

225 804 349 831 ctissimo
377 807 436 832 viro
463 806 607 834 Enstathio
639 808 786 843 contigisse
827 809 1029 844 cognovimus.-

226 848 279 883 33
300 848 361 876 Rite
382 850 455 876 enim
475 858 507 877 ac
529 851 679 878 secuudum
699 860 829 886 canones,
846 858 875 880 ut
895 855 1015 881 omnium

227 894 386 921 testimonio
408 895 549 929 probatur,
576 897 720 924 ordinatus
748 903 799 925 est.
822 898 918 926 Postea
940 907 1016 932 vero,
1034 888 1056 918 Β

226 946 289 966 cum
306 940 333 967 in
352 941 496 968 tutnultum
518 949 534 968 a
547 943 699 976 nonnullis,
714 947 745 970 ut
763 944 840 977 dicit,
856 949 1015 980 pertractus

226 991 312 1018 esset,
332 986 486 1021 subitisque
509 995 541 1014 ac
567 988 714 1024 insperatis
729 990 850 1024 undique
867 991 946 1017 malis
962 992 1018 1018 cir-

226 1037 386 1066 cumseptus
398 1033 471 1067 (cum
489 1041 569 1060 usum
583 1034 610 1061 in
629 1034 710 1062 rebus
726 1036 852 1070 gerendis
867 1036 1016 1063 admodum

226 1078 356 1113 exiguum
383 1078 508 1113 haberet)
535 1079 672 1108 sustinere
694 1085 748 1107 tam
772 1081 882 1114 multas,
907 1086 1018 1117 tamque

225 1131 335 1158 graves,
347 1132 408 1159 quae
421 1125 445 1152 ei
466 1124 670 1158 incuinbehant,
690 1133 770 1153 curas
786 1134 840 1153 non
859 1127 948 1159 vellet,
965 1135 1016 1155 nec

227 1168 348 1196 refutare
370 1177 479 1203 eorum,
493 1170 539 1204 qui
556 1169 643 1204 ipsunt
668 1171 852 1204 adorirentur,
872 1172 1017 1200 maledicta

227 1222 290 1242 cum
315 1219 425 1249 posset;
453 1215 637 1243 recusationis
665 1221 692 1243 et
717 1216 900 1245 abdicationis
919 1218 1017 1245 obtulit

227 1261 321 1288 nescio
338 1269 391 1296 quo
405 1266 487 1296 pacto
510 1262 629 1288 libellum
646 1271 652 1289 ε
669 1270 732 1290 cum
751 1268 846 1290 contra
862 1264 1015 1299 oportebat,

226 1314 298 1339 eam,
321 1315 403 1342 quant
426 1307 509 1334 semel
532 1307 592 1334 lidci
616 1315 674 1335 suae
701 1310 898 1336 sacerdotalem
922 1317 1016 1337 curatn

228 1353 404 1381 commissam
428 1354 573 1387 habuerat,
593 1353 755 1381 fortitudine
778 1355 894 1389 spiritali
913 1360 1016 1387 tenere.

228 1398 335 1426 labores
368 1399 473 1432 subire,
489 1407 521 1427 ac
556 1400 647 1426 animo
683 1400 785 1427 volenti
820 1401 959 1434 sudorem,
974 1401 1017 1428 cui
1045 1402 1048 1403 ⁷

229 1453 335 1473 merces
362 1446 501 1480 proposita
529 1451 581 1479 est,
609 1446 757 1473 sustinere.
783 1446 850 1480 Quae
877 1447 1018 1481 diligentia

227 1490 356 1525 quoniam
374 1491 401 1518 in
430 1491 482 1518 hoc
503 1496 596 1526 aperte
617 1492 770 1519 desiderata
792 1493 853 1525 fuit,
873 1492 899 1520 id
915 1493 1017 1527 (tamen

227 1544 260 1563 ex
281 1538 380 1571 exiguo
405 1545 495 1564 rerum
527 1545 577 1565 usu
605 1538 709 1571 potius,
737 1546 818 1573 quam
844 1546 877 1565 ex
904 1539 1019 1574 ignaviae

228 1583 395 1617 desidiaeque
422 1583 497 1619 vitio)
514 1584 677 1611 necessitate
699 1585 796 1612 adat-ta
818 1590 906 1612 vostra
931 1586 1019 1621 pietas

227 1632 279 1659 est,
303 1632 484 1655 memoratum
509 1628 557 1656 Dei
580 1629 800 1656 amantissimum
834 1629 944 1658 fratrem
972 1639 1021 1658 no-

228 1679 327 1708 strum,
345 1682 377 1702 ac
402 1674 429 1702 in
446 1675 595 1710 episcopali
613 1675 744 1710 dignitate
761 1676 905 1712 collegam,
930 1677 1021 1705 Theo-

227 1720 324 1747 dorum
349 1721 439 1756 elegit.
463 1721 510 1756 qui
537 1729 632 1748 curam
648 1721 776 1749 Ecclesize
802 1723 918 1750 subiret.
947 1723 1021 1751 ludi-

227 1774 312 1800 gnum
332 1768 432 1801 quippe
450 1766 557 1800 luisset,
586 1767 695 1794 viduam
720 1775 831 1795 mattere
845 1768 1018 1803 Ecclesiam;

228 1811 382 1846 indignum,
402 1818 513 1846 pastore
526 1821 622 1841 carere
640 1813 793 1841 Salvatoris
819 1815 906 1842 nostri
923 1815 1018 1843 ovilia.

228 1856 365 1890 Quoniam
391 1865 457 1892 ergo
489 1858 557 1886 ﬂens
588 1864 713 1894 rogatum
737 1859 813 1887 venit
840 1859 1019 1893 Eustathius,

227 1912 290 1931 cum
308 1905 481 1933 sanctissimo
499 1904 646 1933 Theodoro
666 1906 806 1941 episcopo,
828 1915 883 1934 non
898 1907 932 1934 de
954 1908 1022 1934 civi-

228 1955 283 1977 tate
297 1951 463 1985 recipienda,
493 1959 546 1978 non
576 1953 608 1978 de
646 1951 768 1979 Ecclesia
793 1953 947 1985 decertans,
972 1953 1019 1980 sed

227 1997 318 2024 solum
331 1997 497 2032 episcopalis
512 1998 632 2025 nominis
650 1998 782 2025 honorem
802 2006 835 2026 ac
847 2000 1019 2027 vocationem

227 2048 358 2078 expetens
375 2053 381 2070 :
398 2044 516 2071 hominis
544 2052 597 2072 nos
622 2050 752 2072 senectus
779 2053 844 2072 sane
872 2047 1021 2074 commovit

228 2089 384 2120 universos,
404 2097 453 2116 nec
471 2094 500 2116 ut
519 2089 641 2124 privatas
655 2089 715 2125 ejus
730 2090 876 2126 lacrymas,
895 2091 943 2119 sed
960 2097 1019 2118 tan-

229 2141 311 2168 quam
328 2142 488 2162 ccmmnnes
502 2140 672 2169 reputantes,
694 2135 835 2170 inquirere
850 2137 1018 2170 studuimus,

228 2179 416 2214 legitimamne
427 2188 525 2215 passus
537 2185 609 2209 esset
624 2185 793 2209 tnemoratus
812 2181 854 2208 vir
869 2181 1020 2217 depositio-

228 2233 304 2259 nem,
322 2233 357 2253 an
373 2227 479 2254 scilicet
493 2227 526 2254 de
548 2227 677 2255 absurdis
691 2227 772 2255 factis
788 2228 903 2268 dictisve
926 2229 1020 2256 convi-

229 2276 290 2300 ctus
303 2277 378 2300 esset
400 2273 617 2302 obtrectantibus
629 2275 770 2302 nonnullis
784 2275 917 2302 adversus
932 2275 1018 2310 ipsius

229 2318 470 2346 existimationem.
502 2319 597 2354 Itaque
614 2321 777 2355 reperimus.
793 2321 933 2348 hominem
953 2321 1021 2348 nihil

229 2364 364 2399 ejusmodi
384 2371 567 2400 perpetrasse,
589 2366 638 2393 sed
655 2367 748 2401 potius
774 2366 812 2394 illi
831 2375 880 2401 pro
901 2367 1021 2394 crimine

229 2413 434 2438 recusationem
446 2411 526 2438 otlicii
538 2411 605 2438 vitio
617 2411 710 2439 datam
722 2412 820 2440 fuisse.
838 2411 917 2440 Unde
933 2420 1022 2448 neque

229 2454 275 2488 pio
289 2459 380 2482 vestro
394 2455 485 2482 studio
500 2456 719 2489 succensuimus,
734 2464 789 2491 quo
803 2456 831 2483 in
844 2456 917 2483 illius
929 2456 1020 2484 locum

230 2500 424 2528 convenienter
443 2501 591 2535 praedictus
609 2501 857 2529 reverendissimus
876 2502 1022 2537 episcopus

230 2546 392 2574 Theodorus
414 2547 547 2575 suffectus
567 2547 690 2575 estzsed
715 2549 779 2584 quia
807 2547 939 2576 adversus
961 2549 1021 2584 ejus

231 2592 355 2621 animum
371 2601 386 2620 a
406 2594 524 2629 negotiis
540 2595 667 2629 gerendis
686 2599 824 2622 remotum
853 2603 907 2622 non
927 2595 1022 2622 admo-

231 2641 296 2670 dum
315 2641 457 2669 decertare
479 2641 618 2676 oportuit,
632 2640 686 2676 3E
698 2642 746 2669 sed
778 2641 903 2668 miserari
930 2642 1020 2676 potius

232 2695 337 2719 senem,
353 2688 400 2722 qui
417 2687 513 2722 procul
531 2687 566 2714 ab
582 2688 649 2714 urbe
665 2688 692 2714 in
713 2695 766 2722 qua
781 2693 861 2715 natus
877 2687 978 2720 fuerat,
995 2693 1023 2716 et

232 2742 247 2761 α
264 2735 360 2769 patriis
373 2735 479 2762 aedibus
497 2734 591 2762 tandiu
611 2734 760 2768 abfuisset;
776 2733 882 2769 justum
899 2740 1022 2762 rectum—

232 2788 286 2815 que
312 2788 373 2808 esse
393 2781 580 2813 dctinivimus,
607 2785 637 2807 ut
660 2781 765 2815 absque
790 2781 864 2807 ontni
887 2781 1024 2808 contradi-

811 152 943 184 PHOTII
960 153 1214 185 PATRIARCH/E
1228 153 1283 186 (ΣΡ.

1806 153 1860 188 480

1069 210 1216 245 πρακτέοις
1228 210 1365 238 ποιεῖσθαι
1379 210 1522 246 διάσκεψιν
1531 219 1537 227 ·
1551 210 1672 238 διαϐιοῦν
1694 210 1748 247 γὰρ
1771 211 1859 245 οὓτως

1069 255 1219 290 ἐθέλουσιν,
1235 257 1352 293 ἐν,καλῷ
1369 259 1420 292 τῆς
1432 257 1539 289 ἐλπίδος
1556 257 1662 284 κεῖσθαί
1684 266 1714 283 τε
1733 257 1768 284 τὰ
1793 257 1857 284 κατ’

1068 301 1189 333 αὐτούς·
1221 303 1268 329 καὶ
1295 301 1350 329 οἷον
1364 303 1394 336 ἐξ
1420 303 1527 338 οὐρίας,
1554 304 1582 329 ἐν
1605 304 1663 335 τοῖς
1688 304 1748 329 κατ’
1774 303 1858 339 εὐχὴν

1070 347 1257 382 ἀποφέρεσθαι
1274 348 1439 383 συμϐαίνει·
1461 349 1509 375 καὶ
1534 349 1600 375 πολὺ
1628 349 1659 375 τό
1686 357 1717 383 γε
1740 349 1825 382 εἰκὸς,
1843 350 1858 376 ό

1069 392 1149 426 λόγος
1177 393 1249 428 ἔχει·
1268 394 1326 420 ἀλλ’
1346 392 1414 421 οἶδεν
1435 395 1492 422 ἔσθ’
1521 395 1565 422 ὅτε
1594 395 1704 430 δριμεῖα
1722 395 1769 421 καὶ
1788 395 1859 429 ἁφό-

1070 448 1152 474 ρητος
1176 439 1250 475 λύπη
1278 441 1480 475 κατασκήψασα
1506 440 1579 472 νοῦν,
1610 440 1798 467 καταθολῶσαί
1827 449 1858 467 τε

1069 484 1164 517 δεινῶς
1190 485 1282 518 αὑτὸν,
1310 485 1358 512 καὶ
1384 487 1434 521 τῆς
1455 487 1510 513 τῶν
1524 487 1639 513 δεόντων
1653 486 1738 521 θήρας
1756 487 1859 513 ἀποκο-

1071 531 1160 566 μίσαι,
1178 531 1326 558 ἀναπεῖσαί
1341 540 1371 558 τε
1383 532 1413 558 τὸ
1429 532 1551 566 πεφυκὸς
1574 532 1688 565 ἀδικεῖν,
1710 532 1747 563 ὣς
1762 524 1789 558 τι
1803 532 1858 558 τῶν

1069 577 1239 612 ὀνησιφόρων
1254 578 1317 604 ἰδεῖν
1330 586 1336 592 ”
1352 577 1472 604 τοιοῦτόν
1486 587 1512 604 τι
1527 577 1682 613 τεθεάμεθα
1704 577 1857 604 πεπονθότα

1069 622 1114 649 τὸν
1139 622 1336 649 εὑλαϐέττατον
1375 623 1423 649 καὶ
1456 621 1664 648 Θεοσεϐἐστατον
1695 621 1856 654 Εὑστὰθιον,

1070 668 1289 703 κεχειροτόνηται
1309 667 1358 702 μὲν
1381 667 1437 703 γὰρ
1459 667 1496 698 ὼς
1514 667 1726 703 μεμαρτύρηται
1747 676 1856 694 κανονι-

1069 713 1135 745 κῶς,
1160 713 1391 749 τεθορυϐημένως
1404 713 1443 746 δὲ,
1460 712 1497 745 ὥς
1510 722 1587 748 φησι,
1616 713 1692 748 παρά
1712 721 1793 739 τινων
1810 713 1858 740 καὶ

1069 758 1211 793 ἀδοκήτοις
1228 759 1425 794 περιστάσεσιν
1442 758 1619 794 ἐμϐεϐηκώς·
1638 755 1698 784 εἶτα
1714 758 1746 784 ἐκ
1757 757 1858 793 πολλῆς

1069 804 1139 838 ἄγαν
1151 804 1378 840 ἀπραγμοσύνης,
1400 803 1561 840 ἀπειρηκὼς
1573 804 1621 838 τὴν
1634 804 1792 831 ἀντίστασιν
1802 803 1858 830 τῶν

1070 851 1295 886 ἐπενηνεγμένων
1323 849 1396 885 αὑτῷ
1413 851 1572 886 φροντίδων,
1595 851 1644 876 καὶ
1665 849 1858 885 διακρούεσθαι

1071 897 1120 928 τὰς
1139 898 1215 931 παρὰ.
1235 896 1289 923 τῶν
1317 897 1507 932 ἐπιφυομένων
1531 895 1607 931 αὺτῷ
1636 896 1792 931 δυσφημίας
1818 895 1858 932 μὴ

1069 943 1228 977 δυνάμενος,
1244 943 1438 978 παραιτήσεως
1456 943 1507 969 οὐκ
1527 942 1607 977 ῐσμεν
1622 942 1697 973 ὅπως
1721 941 1859 977 προσεκό-

1071 997 1134 1023 μισε
1153 988 1265 1024 βιῧλίον.
1279 989 1354 1015 Ἔδει
1373 989 1439 1024 γὰρ,
1457 988 1493 1019 ὡς
1510 987 1585 1020 ἅπαξ
1611 987 1858 1022 ἐγκεχειρισμένον

1070 1034 1211 1070 ἱερατικὴν
1225 1034 1364 1069 φροντίδα,
1384 1033 1487 1069 ταύτης
1497 1033 1608 1068 ἔχεσθαι
1627 1034 1686 1069 μετ’
1704 1033 1860 1069 εὑρωστίας

1069 1080 1269 1115 πνευματικῆς,
1285 1081 1332 1107 καὶ
1351 1076 1407 1106 οἷον
1434 1079 1651 1106 ἁνταποδύεσθαι
1674 1080 1732 1110 τοῖς
1747 1079 1854 1111 πόνοις,

1072 1127 1120 1153 καὶ
1147 1127 1248 1161 ἱδρῶτα
1275 1126 1323 1152 τὸν
1353 1125 1490 1160 ἔμμισθον
1519 1125 1663 1161 ἐθελοντὴν
1696 1125 1857 1160 ὑπομεῖναι.

1077 1172 1187 1208 Ἐπειδὴ
1200 1172 1228 1199 δὲ
1241 1172 1314 1205 ἅπαξ
1335 1173 1476 1208 ὀλιγώρως
1495 1172 1592 1207 ἔχοντα
1619 1172 1779 1208 παρέδειξεν
1794 1173 1860 1199 ἑαυ-

1069 1219 1124 1252 τὸν,
1140 1219 1219 1246 τοῦτο
1234 1219 1328 1246 παθὼν
1343 1219 1372 1252 ἐξ
1388 1220 1605 1254 ἀπραγμοσύνης
1622 1219 1722 1254 μᾶλλον
1739 1219 1755 1254 ἢ
1771 1219 1855 1246 δκνου

1069 1267 1116 1293 καὶ
1132 1265 1280 1302 ῥᾳθυμίας,
1297 1265 1522 1300 κεχειροτόνηκεν
1536 1265 1696 1299 ἀναγκαίως
1708 1266 1724 1300 ἡ
1737 1265 1860 1300 ὑμετέρα.

1069 1312 1209 1339 θεοσέϐεια
1241 1311 1287 1338 τὸν
1319 1311 1520 1338 εὺλασέστατον
1558 1312 1607 1338 καὶ
1647 1311 1861 1338 θεοσεῦέστατον

1069 1356 1184 1392 ἀδελφὺν
1209 1357 1287 1392 ἡμῶν
1313 1357 1361 1383 καὶ
1383 1357 1584 1383 συνεπίσκοπον
1604 1356 1741 1391 Θεόδωρον
1778 1363 1861 1390 φρον-

1069 1403 1180 1430 τιοῦντα
1210 1402 1261 1437 τῆς
1295 1402 1471 1437 Ἐκκλησίας.
1499 1403 1535 1429 Οὐ
1566 1402 1620 1437 γὰρ
1649 1399 1684 1437 ἦν
1709 1400 1859 1428 ἀκόλουθον

1070 1449 1198 1484 χηρεύειν
1213 1449 1309 1484 αὐτὴν,
1336 1449 1385 1476 καὶ
1401 1448 1548 1475 ἐπιστάτου
1565 1448 1628 1483 δίχα
1654 1447 1787 1474 διατελεῖν
1811 1445 1859 1473 τοῦ

1070 1495 1195 1531 Σωτῆρος
1211 1494 1246 1521 τὰ
1262 1494 1385 1529 ποίμνια.
1405 1494 1516 1529 Ἐπειδὴ
1533 1493 1563 1520 δὲ
1590 1493 1727 1528 προσῆλθε
1744 1491 1859 1525 κλαίων.

1071 1541 1101 1567 οὗ
1117 1543 1182 1576 περὶ
1199 1541 1249 1576 τῆς
1265 1540 1381 1572 πόλεως,
1408 1540 1469 1567 οὐδὲ
1493 1540 1543 1575 τῆς
1565 1539 1729 1574 Ἑκκλησίας
1744 1539 1859 1574 φιλονει-

1072 1586 1128 1613 κῶν
1155 1586 1194 1622 τῷ
1226 1586 1442 1621 μνημονευθέντι
1485 1585 1689 1620 θεοσεῦεστάτῳ
1719 1578 1861 1619 ἕπισκόπῳ

1071 1631 1212 1668 Θεοδώρῳ,
1230 1631 1345 1664 ἐξαιτῶν
1355 1632 1384 1659 δὲ
1400 1631 1470 1664 τέως
1483 1631 1532 1667 τὴν
1546 1631 1592 1658 τοῦ
1611 1632 1763 1658 ἐπισκόπου
1777 1631 1862 1667 τιμὴν

1072 1678 1119 1705 καὶ
1133 1678 1241 1713 κλῆσιν,
1258 1679 1417 1714 συνηλγὴσα
1424 1687 1474 1713 μεν
1489 1679 1610 1710 ἂπαντες
1633 1680 1673 1713 τῷ
1698 1677 1840 1714 πρεσϐύτῃ
1852 1685 1860 1693 ·

1071 1724 1120 1751 καὶ
1151 1723 1241 1750 κοινὸν
1261 1721 1331 1750 εἶναι
1359 1723 1535 1758 λογισάμενοι
1552 1723 1583 1749 τὸ
1617 1722 1699 1750 αὑτοῦ
1730 1723 1862 1757 δάκρυον,

1071 1769 1239 1805 ἐσπεύδομεν
1260 1770 1356 1805 μαθεῖν
1373 1771 1396 1796 ει
1413 1769 1574 1806 καθαίρεσιν
1587 1770 1700 1804 ἔννομον
1722 1769 1865 1803 ὑπομεμε-

1071 1823 1154 1850 νηκεν
1181 1816 1196 1841 ό
1217 1814 1424 1850 μνημονευθεὶς,
1445 1815 1528 1849 ἧγουν
1545 1815 1569 1840 εἰ
1586 1814 1632 1840 ἐπί
1658 1823 1713 1840 τισι
1728 1813 1782 1839 τῶν
1798 1813 1863 1840 ἀτό-

1071 1869 1130 1887 πων
1156 1860 1320 1895 ἐλήλεγκται
1345 1860 1421 1895 παρά
1454 1868 1547 1893 τινων,
1573 1859 1863 1894 καταφλυαρησάντων

1071 1906 1154 1932 αὑτοῦ
1167 1906 1216 1941 τῆς
1234 1906 1406 1941 ὑπολήψεως.
1422 1905 1478 1932 Καὶ
1491 1905 1524 1940 δὴ
1540 1905 1680 1940 ἐμάθομεν
1701 1904 1863 1939 πεπρᾶχθαι

1073 1952 1123 1988 μὲν
1141 1952 1262 1979 τοιοῦτον
1275 1952 1365 1984 οὐδὲν,
1384 1951 1513 1986 γενέσθαι
1532 1951 1561 1977 δὲ
1577 1951 1678 1986 μᾶλλον
1699 1950 1738 1985 τῷ
1754 1958 1864 1985 μνημο-

1071 1998 1194 2025 νευθέντι
1233 1998 1296 2024 ἀντὶ
1321 1998 1496 2032 ἐγκλήματος
1522 1997 1572 2032 τὴν
1596 1996 1781 2031 παραίτησινυ
1801 1995 1865 2022 ὅθεν

1071 2045 1131 2071 οὐδὲ
1153 2046 1187 2080 τῇ
1208 2044 1332 2080 ὑμετέρᾳ
1357 2043 1500 2078 θεοσεϐείᾳ
1520 2041 1717 2077 ἐμεμψάμεθα,
1740 2049 1864 2077 χειροτο-

1070 2091 1176 2127 νησάσῃ
1195 2091 1309 2122 δεόντως
1325 2091 1365 2121 είς
1380 2090 1425 2116 τὸν
1441 2089 1524 2116 αὑτοῦ
1543 2089 1626 2115 τόπον
1644 2088 1690 2114 τὸν
1707 2095 1864 2123 μνημόνευε

1071 2137 1152 2164 θέντα
1182 2136 1379 2163 εὐλαϐέστατον
1406 2136 1557 2162 ἐπίσκοπον
1575 2135 1722 2170 Θεόδωρον.
1751 2133 1863 2169 Ἐπειδὴ

1071 2183 1099 2210 δὲ
1115 2184 1148 2218 τῇ
1171 2181 1372 2217 ἀπραγμοσύνῃ
1386 2181 1432 2208 τοῦ
1451 2181 1550 2216 ἀνδρὸς
1566 2180 1596 2207 ού
1622 2180 1725 2215 σφόδρα
1747 2179 1865 2213 φιλονειο

1072 2229 1130 2254 κεῖν
1147 2227 1304 2258 ἀκόλουθον,
1325 2226 1379 2252 ἔδει
1396 2226 1424 2252 δὲ
1446 2225 1547 2260 μᾶλλον
1563 2225 1674 2260 ἐλεῆσαι
1703 2225 1864 2260 πρεσῦύτην

1072 2273 1124 2305 ἔξω
1139 2273 1186 2300 καὶ
1199 2272 1302 2304 πόλεως
1316 2272 1366 2306 τῆς
1377 2271 1543 2307 ἐνεγκούσης
1555 2271 1636 2298 αὑτὸν
1661 2272 1708 2298 καὶ
1727 2271 1865 2306 πατρῴων

1071 2318 1289 2353 ἐνδιαιτημάτων
1307 2318 1336 2345 ἐν
1357 2319 1473 2353 μακροῖς
1493 2317 1565 2344 οὕτω
1589 2317 1720 2351 γεγονότα
1744 2318 1866 2352 χρόνοις,

1072 2364 1275 2399 ἐδικαιώσαμεν
1285 2364 1333 2390 καὶ
1347 2363 1488 2399 ὡρίσαμεν
1505 2363 1567 2398 δίχα
1593 2363 1685 2398 πάσης
1707 2362 1868 2397 ἀντιλογίας

1071 2410 1146 2446 ἐχειν
1161 2410 1253 2443 αὑτὸν,
1265 2409 1296 2436 τό
1311 2418 1341 2436 τε
1355 2409 1404 2444 τῆς
1427 2409 1580 2444 ἐπισκοπῆς
1607 2408 1704 2444 ὄνομα,
1737 2408 1784 2434 καὶ
1814 2407 1870 2443 τὴν

1074 2455 1168 2491 τιμὴν,
1187 2455 1234 2482 καὶ
1249 2455 1298 2490 τὴν
1313 2453 1466 2481 κοινωνίαν.
1483 2453 1562 2480 Οὕτω
1584 2453 1633 2489 μέν
1655 2462 1706 2485 τοι,
1732 2453 1803 2480 ὥστε
1827 2453 1870 2489 μὴ

1075 2501 1238 2536 χειροτονεῖν
1261 2499 1354 2531 αὑτὸν.
1378 2500 1448 2534 μήτε
1473 2500 1526 2534 μὴν
1556 2499 1719 2534 Ἐκκλησίαν
1745 2499 1871 2526 καταλα-

1075 2547 1156 2574 ϐόντα
1174 2547 1338 2582 ἱερουργεῖν,
1356 2545 1386 2578 ἐξ
1400 2546 1469 2578 ἰδίας
1494 2545 1649 2578 αὐθεντίας,
1675 2546 1733 2572 ἀλλ’
1759 2545 1777 2581 ἢ
1812 2545 1871 2580 ἄρα

1075 2593 1413 2628 συμπαραλαμὸανόμενον
1453 2592 1541 2618 εῑτουν
1573 2592 1801 2627 ἐπιτρεπόμενον,
1839 2592 1868 2619 εἰ

1074 2641 1150 2676 τύχοι
1165 2639 1243 2674 παρὰ
1269 2638 1386 2672 ἀδελφοῦ
1403 2639 1449 2664 καὶ
1471 2638 1689 2669 συνεπισκόπου,
1718 2638 1790 2664 κατὰ
1809 2637 1871 2663 διά-

1077 2688 1152 2715 θεσιν
1165 2687 1212 2713 καὶ
1227 2685 1339 2720 ἀγάπην
1351 2684 1401 2719 τὴν
1415 2685 1444 2711 ἐν
1465 2684 1590 2720 Χριστῷ·
1604 2683 1638 2710 ἂν
1655 2683 1684 2710 δέ
1707 2692 1733 2710 τι
1755 2682 1870 2718 βουλεύ-

1079 2733 1162 2769 σησθε
1172 2731 1352 2768 χρηστότερον
1367 2730 1410 2757 ἐπ’
1432 2730 1506 2765 αὐτῷ
1526 2730 1605 2765 ἧνῦν
1633 2729 1649 2764 ῆ
1674 2730 1713 2761 εὶς
1738 2730 1768 2756 τὸ
1796 2729 1872 2765 μετὰ

1077 2779 1176 2812 ταῦτα,
1189 2778 1284 2814 ἀρέσει
1297 2778 1345 2804 καὶ
1361 2776 1441 2803 τοῦτο
1456 2777 1488 2811 τῇ
1501 2776 1567 2810 ἁγίᾳ
1580 2775 1692 2810 συνόδῳ.

234 2829 325 2856 ctione
339 2834 366 2856 ct
379 2837 478 2856 nomen
496 2829 613 2856 retineat
631 2828 762 2863 episcopi,
788 2833 815 2855 et
832 2830 976 2861 honorem,
995 2833 1022 2856 et
1038 2827 1261 2856 communionem
1279 2834 1285 2853 :
1302 2833 1333 2853 ea
1348 2830 1437 2852 tamen
1450 2824 1518 2858 lege,
1535 2828 1564 2850 ut
1598 2829 1687 2856 neque
1717 2820 1870 2850 ordinandi

234 2877 293 2912 ipse
305 2878 496 2906 auctoritatem
512 2875 623 2909 habeat,
637 2883 725 2911 neque
744 2876 772 2903 in
787 2875 840 2903 ulla
858 2875 981 2904 Ecclesia
996 2883 1029 2903 ex
1049 2874 1160 2910 prapria
1180 2872 1318 2901 sacrificet
1334 2870 1513 2904 auctoritate;
1540 2869 1592 2897 nisi
1618 2869 1643 2896 id
1675 2869 1729 2896 sibi
1760 2868 1802 2896 vel
1819 2868 1874 2896 ad-
