1951 3081
84 202 131 235 431
498 198 697 229 SYNTAGMA
715 197 907 228 CANONUM-
927 210 962 215 ——
980 197 1053 228 TlT-
1072 198 1098 230 I.
1115 198 1194 228 CAP.
1211 198 1259 229 v1.
1659 199 1710 231 ιω

84 260 190 296 juvandl
218 266 312 292 causa,
343 256 384 284 vui
412 255 600 284 concessionis
620 255 738 288 ratione,
767 250 864 282 aﬂ‘cctn
884 261 1033 290 amoreque
1066 254 1222 284 Christiano
1238 263 1253 283 a
1285 255 1369 283 fratre
1385 259 1412 283 et
1431 255 1605 290 coepiscopo.
1629 257 1650 283 si
1673 259 1709 284 ita

86 305 236 340 contigerit.
254 302 404 331 liberaliter
417 300 565 328 deferatur.
584 299 664 333 Quod
685 300 709 327 si
722 307 771 326 vos
786 299 820 327 de
834 307 868 326 eo
887 300 984 327 melius
996 300 1135 335 quidpiam
1170 301 1335 336 cogitabitis,
1353 305 1401 328 aut
1424 309 1507 334 nunc,
1530 306 1578 329 aut
1598 302 1626 329 in
1659 310 1710 338 po-

87 358 205 385 sterum,
233 355 342 387 gratum
367 348 395 376 id
426 349 508 376 etiam
539 352 740 382 acceptumque
772 351 873 374 sanctae
891 349 996 383 synodo
1013 348 1136 377 futurum
1151 354 1204 377 est.

238 406 374 435 Συγόδου
390 405 540 440 Σαρᾶικῆς
555 405 657 431 κανὼν
670 407 709 436 ς’.
887 397 908 425 Α

121 465 212 496 Ὅσιος
222 463 369 494 ἐπίσκοπος
399 460 484 488 εἶπεν·
496 461 560 487 Ἐὰν
586 460 676 496 συμϐῇ
687 460 715 486 ἐν
726 461 774 496 μιᾷ.
786 460 873 495 ἐπαρ-

88 511 141 547 χίᾳ,
156 511 185 536 ἐν
232 510 355 536 πλεῖστοι
377 508 523 534 ἐπίσκοποι
538 508 728 542 τυγχάνουσιν,
744 507 792 533 ἕνα
814 506 873 533 ἐπί-

89 565 185 584 σκοπον
200 556 357 590 ἀπομεϊναι,
381 554 506 585 κάκεῖνος
523 553 593 580 κατά
607 561 669 579 τινα
683 553 813 588 ἀμέλειαν
832 552 870 588 μὴ

89 602 202 639 βουληθῇ
232 600 368 628 συνελθεῖν
387 601 433 626 καὶ
449 599 606 625 συναινέσαι
630 599 665 634 τῇ
700 598 867 625 καταστάσει

88 649 139 675 τῶν
158 647 325 677 ἐπισκόπων,
341 645 376 683 τᾲ
387 645 414 671 δὲ
433 645 522 679 πλήθη
538 643 765 679 συναθροισθέντα
781 652 874 679 παρα-

90 694 194 721 καλοῖεν
214 692 354 727 γίγνεσθαι
377 691 426 726 τὴν
450 691 616 717 κατάστασιν
633 689 681 716 τοῦ
702 689 765 724 παρ’
781 689 871 716 αὐτῶν

92 740 303 775 ἐπιζητουμένου
318 738 479 771 ἐπισκόπου,
498 737 551 773 χρὴ
567 737 699 772 πρότερον
713 737 816 763 ἐκεῖνον
829 735 875 762 τὸν

91 786 303 822 ἐναπομείναντα
312 785 459 811 ἐπίσκοπον
468 783 724 818 ὑπομιμνήσκεσθαι
731 782 776 808 διὰ
789 790 877 816 γραμ-

93 833 182 868 μάτων
194 831 240 857 τοῦ
254 830 369 866 ἐξάρχου
384 831 432 865 τῆς
446 829 591 864 ἐπαρχίας,
606 828 678 862 λέγω
692 827 725 862 δὴ
737 826 784 853 τοῦ
813 827 876 852 ἐπι-

95 878 195 904 σκόπου
209 877 257 911 τῆς
272 875 461 911 μητροπόλεως
478 874 519 900 ὄτι
534 873 604 905 ἀξιοῖ
617 873 650 900 τὰ
664 872 753 908 πλήθη
762 871 878 906 ποιμένα,

93 924 180 954 αὐτοῖς
194 922 312 957 δοθῆναι,
327 921 446 956 ἡγοῦμαι
459 919 548 950 καλῶς
571 919 643 954 ἐχειν
659 918 706 945 καὶ
720 917 814 943 τοῦτον
828 918 874 942 ὲκ-

93 969 215 1004 δέχεσθαι
231 969 275 996 ἵνα
293 967 480 1003 παραγένηται
491 974 498 981 ο
513 966 537 991 εί
551 965 579 991 δὲ
594 965 631 1000 μὴ
648 964 692 990 διὰ
707 962 878 999 γραμμάτων

93 1015 215 1048 ἀξιωθεὶς
247 1014 445 1049 παραγένηται,
473 1012 541 1047 μήτε
567 1010 620 1046 μὴν
644 1008 821 1044 ἀντιγράφω,
847 1007 878 1033 τὸ

1100 405 1214 433 Concilii
1230 404 1394 433 Sardicensis
1410 413 1494 433 canon
1507 406 1535 434 6.

956 461 1037 490 Osius
1056 461 1200 496 episcopus
1225 461 1310 489 dixit:
1326 461 1354 489 Si
1383 462 1525 497 contigerit
1542 463 1568 489 in
1587 471 1640 490 una
1649 471 1712 498 pro-

923 507 1023 539 vincia,
1037 507 1063 534 in
1078 515 1130 541 qua
1147 512 1212 535 sunt
1225 507 1336 542 plurimi
1353 508 1487 543 episcopi,
1506 517 1590 536 unum
1603 511 1711 543 episco-

923 560 988 588 pum
1005 553 1151 580 conventui
1164 561 1218 580 non
1232 553 1374 587 interesse,
1389 559 1416 581 et
1430 554 1477 581 ille
1496 561 1543 588 per
1562 555 1710 589 quamdam

924 599 1115 633 negligentiam
1132 599 1200 626 nolit
1215 600 1374 631 convenire,
1387 604 1414 627 et
1427 600 1619 634 episcoporum
1632 601 1712 628 insti-

925 645 1024 672 tutioni
1037 649 1063 671 et
1074 645 1201 672 electioni
1217 645 1363 677 assentire,
1377 651 1539 680 congregata
1558 651 1648 674 autem
1664 655 1714 681 po-

924 690 982 725 puli
998 691 1144 718 multitudo
1160 691 1252 722 instet.
1269 696 1298 718 ut
1314 691 1359 718 ﬁat
1371 691 1506 719 institutio
1518 693 1651 727 episcopi,
1664 693 1712 727 qui

925 736 960 763 ab
977 737 1016 764 eis
1031 737 1195 771 postulatur,
1209 741 1316 772 oportet
1332 737 1407 764 illum
1427 739 1515 772 prius,
1529 738 1577 773 qui
1592 746 1646 766 non
1665 739 1714 766 ad-

927 781 1017 813 l‘nerit,
1033 782 1191 817 episcopum
1211 783 1354 810 admoueri
1387 791 1434 818 per
1463 783 1566 811 litteras
1592 784 1716 817 primatis

927 828 1092 862 provinciae,
1125 836 1222 863 nempe
1249 829 1372 863 episcopi
1397 830 1614 864 metropolitani,
1641 830 1716 864 quod

928 878 1005 907 rogat
1021 874 1137 908 populus
1149 873 1201 901 sibi
1214 879 1349 908 pastorem
1365 875 1423 901 dari
1444 884 1450 902 :
1466 879 1493 901 et
1504 875 1631 902 existimo
1644 880 1716 903 recte

929 917 1028 944 habere
1045 917 1117 944 hunc
1134 925 1244 953 quoque
1258 919 1422 953 exspectari,
1438 923 1468 946 ut
1484 919 1565 947 adsit.
1580 918 1608 946 Si
1622 925 1715 947 autem

930 962 1026 989 litteris
1044 968 1155 997 rogatus
1181 971 1234 990 non
1258 964 1390 996 adfuerit,
1420 972 1452 991 ac
1485 972 1518 992 ne
1546 966 1718 1000 rescripserit

929 1008 1050 1042 quidem,
1070 1010 1163 1045 populi
1179 1010 1311 1038 voluntati
1336 1010 1463 1038 satisﬁat.
1489 1010 1602 1046 Oportet
1626 1016 1718 1040 autem

95 1061 184 1088 ἱκανὸν
208 1062 238 1095 τῇ
256 1060 336 1095 βουλῇ
366 1059 412 1086 τοῦ
438 1058 556 1093 πλήθους
581 1057 634 1092 χρὴ
660 1055 800 1090 γενέσθαι.
815 1054 877 1089 Χρὴ

937 1062 963 1081 εχ
978 1055 1065 1082 vicina
1082 1064 1189 1091 quoque
1213 1058 1354 1091 provincia
1377 1057 1506 1084 accersiri
1527 1058 1669 1092 episcopos
1685 1057 1718 1085 ad

93 1107 122 1134 δέ
140 1107 187 1133 καὶ
209 1105 419 1141 μετακαλεῐσθαι
439 1105 487 1130 καὶ
501 1104 564 1134 τοὺς
581 1103 634 1128 ἀπὸ
660 1101 709 1136 τῆς
723 1100 877 1135 πλησιοχώ-

96 1162 141 1188 ρου
167 1152 302 1187 ἐπαρχίας
329 1150 494 1181 ἐπισκόπους
522 1149 590 1184 πρὸς
617 1148 667 1182 τὴν
706 1147 876 1173 κατάστασιν

93 1198 139 1225 τοῦ
169 1198 218 1232 τῆς
243 1197 435 1232 μητροπόλεως
460 1195 625 1222 ἐπισκόπου·
660 1193 697 1229 μὴ
728 1192 827 1225 ἐξεῖναι
850 1192 879 1219 δὲ

94 1243 185 1274 ἁπλῶς
205 1242 336 1277 καθιστᾷν
360 1242 508 1268 ἐπίσκοπον
533 1240 612 1276 κώμῃ
635 1240 687 1266 τινὶ
711 1239 728 1273 ἢ
759 1238 874 1273 βραχείᾳ

93 1289 179 1322 πάλει,
251 1297 304 1314 τινι
327 1288 371 1314 καὶ
384 1284 424 1318 εἷς
441 1287 521 1322 μόνος
546 1286 729 1322 πρεσϐύτερος
752 1285 877 1319 ἐπαρκεῖ.

94 1336 151 1361 Οὐκ
162 1335 310 1368 ἀναγκαῖον
327 1335 381 1369 γὰρ
399 1333 565 1364 ἐπισκόπους
576 1333 665 1359 ἐκεῖσε
681 1330 876 1361 καθίστασθαι,

95 1381 139 1407 ἵνα
157 1380 193 1415 μὴ
211 1379 434 1413 κατευτελίζηται
445 1378 475 1404 τὸ
497 1378 543 1404 τοῦ
559 1377 711 1404 ἐπισκόπου
736 1377 821 1409 ὄνομα
833 1375 881 1401 καὶ

93 1428 110 1462 ἡ
126 1425 269 1452 αὑθεντία·
300 1425 359 1452 ἀλλ’
386 1426 410 1451 οἱ
435 1425 483 1459 τῆς
507 1423 652 1459 ἐπαρχίας,
672 1422 710 1453 ὡς
738 1422 880 1455 προεῖπον,

94 1473 249 1503 ἐπίσκοποι,
266 1473 295 1498 ἐν
318 1471 430 1502 ταύταις
452 1471 512 1501 ταῖς
533 1470 626 1495 πόλεσι
661 1468 793 1502 καθιστᾷν
821 1468 881 1492 ἐπι-

101 1518 222 1549 σκόπους
244 1517 409 1550 ὀφείλουσιν,
426 1515 489 1542 ἔνθα
514 1515 560 1541 καὶ
582 1515 712 1549 πρότερον
737 1512 883 1547 ἐτύγχανον

95 1564 238 1598 γεγονότες
253 1562 413 1589 ἐπίσκοποι·
430 1562 454 1587 εἰ
479 1561 507 1587 δέ
522 1560 678 1596 εὑρίσκοιτο
705 1558 792 1587 οὕτως
809 1557 880 1592 πλη-

931 1101 1130 1135 metropolitani
1156 1102 1277 1137 episcopi
1309 1102 1520 1130 institutionem.
1551 1103 1608 1130 Non
1637 1104 1719 1131 licere

931 1149 1020 1172 autem
1044 1145 1205 1180 simpliciter
1230 1144 1390 1182 episcopum
1416 1149 1585 1176 constituere
1611 1149 1664 1184 35
1692 1150 1720 1177 in

931 1191 1023 1226 aliquo
1035 1199 1102 1226 pago
1121 1193 1163 1220 vel
1179 1201 1261 1228 parva
1280 1195 1356 1226 urbe,
1373 1195 1418 1222 cui
1431 1195 1476 1222 vel
1489 1203 1561 1223 unus
1578 1196 1720 1231 presbyter

932 1237 1031 1264 suilicit
1049 1247 1055 1264 :
1076 1246 1129 1266 non
1159 1247 1272 1267 necesse
1299 1246 1342 1268 est
1370 1241 1444 1268 enim
1471 1241 1527 1269 illic
1561 1243 1721 1277 episcopum

932 1284 1071 1317 constitui,
1089 1292 1123 1312 ne
1138 1285 1255 1320 episcopi
1271 1294 1372 1313 nomen
1390 1291 1418 1314 et
1439 1289 1590 1316 aucmritas
1605 1289 1720 1324 vilipen—

932 1328 1023 1355 datur.
1043 1329 1094 1356 Sed
1114 1330 1261 1363 provinciae
1279 1331 1320 1367 (ut
1337 1332 1413 1366 prius
1434 1333 1500 1367 dixi)
1524 1334 1645 1368 episcopi
1670 1334 1719 1362 de-

933 1374 997 1401 bent
1014 1375 1040 1401 in
1053 1375 1085 1401 iis
1100 1375 1212 1402 urbibus
1229 1377 1370 1411 episcopos
1386 1379 1565 1412 constituere,
1576 1379 1623 1406 ubi
1638 1380 1719 1406 etiam

933 1419 1009 1454 prius
1023 1420 1143 1454 episcopi
1171 1420 1291 1448 fuerunt.
1311 1422 1338 1449 Si
1357 1428 1447 1450 autem
1477 1424 1631 1452 inveniatur
1656 1426 1721 1453 urbs

933 1465 1035 1499 aliqua,
1055 1473 1115 1500 qua:
1131 1466 1197 1493 :nlco
1212 1468 1341 1501 populosa
1357 1468 1463 1500 evadat,
1485 1473 1514 1496 ut
1539 1470 1597 1504 ipsa
1615 1469 1722 1504 episco-

937 1513 1002 1543 patu
1028 1509 1107 1544 digna
1128 1510 1277 1545 judicetur,
1299 1513 1424 1547 accipiat.
1453 1514 1494 1540 An
1516 1514 1568 1541 hoc
1593 1515 1722 1543 omnibus

939 1554 1044 1589 placet?
1057 1555 1264 1590 Responderunt
1283 1564 1380 1586 omnes
1397 1567 1403 1585 :
1422 1559 1524 1585 Placet.

96 1611 214 1638 θύνουσά
225 1619 266 1642 τις
279 1611 307 1636 ὲν
321 1610 410 1645 πολλῷ
430 1608 538 1644 ἀριθμῴ
557 1607 622 1634 λαοῦ
643 1607 729 1639 πόλις,
749 1605 786 1638 ὡς
805 1605 882 1637 ἀξίαν
901 1603 985 1640 αὐτὴν
1005 1604 1159 1639 ἐπισκοπῆς
1195 1604 1366 1640 νομίζεσθαι,
1391 1606 1564 1640 λαμϐανέτω,
1580 1607 1605 1634 εἰ
1639 1609 1722 1634 πᾶσιν

95 1657 210 1691 ἀρέσκει
229 1656 318 1682 τοῦτο.

96 1704 232 1732 Συνόδου
249 1703 459 1738 Καρθατέννης
473 1701 576 1728 κανὼν
596 1704 629 1734 ιγ’
659 1699 690 1735 ιη’
705 1700 747 1735 μθ¹
773 1699 809 1726 νε’
828 1698 878 1734 vn’.

950 1697 1062 1725 Concilii
1077 1696 1289 1731 Carthaginiensis
1301 1704 1411 1724 canones
1427 1698 1469 1731 15,
1486 1698 1527 1730 l8,
1542 1699 1587 1732 49,
1601 1699 1644 1731 55,
1656 1701 1701 1728 58.

100 1750 169 1783 Περὶ
193 1750 245 1776 τοῦ
269 1749 311 1784 μὴ
338 1749 449 1780 ἐξεῖναι
478 1748 724 1784 ἐπίσκοπον-πεί
749 1745 792 1780 μὴ
823 1745 883 1784 vim)

132 1781 536 1828 πώλων-[χειροτονεῖσθαι·
561 1783 587 1828 ει
611 1782 645 1808 δὲ
668 1781 887 1828 ὰΪάΕιΕ-τξῖζι-

133 1827 190 1852 ται,
207 1819 264 1846 κᾶν·
279 1817 338 1846 ὑπὸ
366 1819 455 1845 τοιών
472 1818 657 1848 ἐπισκόπων,
681 1817 697 1843 ὁ
720 1817 887 1847 ἐπίσκοπος

132 1854 355 1889 χειροτονηθείη
360 1873 367 1879 .

135 1909 180 1945 ιγ’.
191 1910 323 1945 Αὐρήλιος
334 1909 480 1939 ἐπίσκοπος
492 1906 568 1934 εἶπεν
579 1916 586 1922 ·
597 1907 629 1934 Τί
641 1907 708 1942 πρὸς
717 1906 802 1934 ταῦτα
812 1905 887 1939 λέγει

98 1958 116 1992 ἠ
142 1956 264 1990 ὑμετέρα
286 1954 442 1990 ἁγιωσύνη;
477 1954 542 1980 Ἀπὸ
570 1954 680 1980 πάντων
703 1953 758 1979 τῶν
779 1952 888 1978 ἐπισκό-

97 2011 159 2029 πων
176 2001 287 2036 ἐλέχθη·
307 2001 422 2035 ὐιρείλει
432 2001 479 2027 καὶ
488 2000 552 2035 παρ’
569 2000 647 2035 ἡμῶν
657 1999 690 2025 τὰ
701 1999 842 2034 ὁρισθέντα
855 1999 887 2024 ἐκ
911 1997 915 2000 Δ

97 2048 154 2075 τῶν
167 2048 221 2082 πρὸ
235 2047 313 2082 ἡμῶν
324 2046 502 2081 φυλαχθῆναι,
512 2043 548 2072 ὢν
559 2054 638 2072 τινων
654 2044 691 2076 ὡς
704 2044 797 2079 ἔτυχεν
807 2043 887 2070 d606-

97 2094 154 2126 λως
166 2095 190 2121 οἱ
207 2093 392 2128 πρωτεύοντες
414 2093 464 2127 τῆς
479 2093 640 2127 οἱασδὴποτε
653 2090 796 2126 ἐπαρχίας,
817 2091 887 2125 ἁμε-

97 2140 155 2167 λείν
169 2139 358 2174 χατατολμῶσι
370 2147 377 2154 ·
387 2139 479 2164 πολλοὶ
490 2138 535 2164 οὖν
543 2138 685 2164 ἐπίσκοποι
699 2136 888 2172 συναχθέντες,

98 2187 253 2213 ἐπίσκοπον
276 2185 512 2221 χειροτονήσουσιν
525 2192 532 2199 '
545 2185 569 2210 ei
586 2184 614 2210 δὲ
638 2184 744 2218 ἀνάγκη
762 2183 885 2218 γένηται,

97 2232 177 2266 τρεῖς
194 2230 338 2256 ἐπίσκοποι
351 2230 379 2256 ὲν
394 2229 543 2264 οἱῳδήποτε
558 2228 591 2254 ἂν
611 2227 685 2262 τόπῳ
701 2224 763 2259 ὦσι,
783 2227 820 2262 τῷ
840 2226 887 2253 τοῦ

97 2275 290 2312 πρωτεύοντος
302 2275 526 2310 παραγγέλματι,
542 2274 760 2310 χειροτονήσουσι
773 2273 818 2300 τὸν
831 2273 889 2299 ἐπί-

99 2329 223 2349 σκοπον·
249 2322 297 2348 καὶ
325 2321 372 2348 ἐάν
395 2329 437 2352 τις
463 2320 492 2347 ἐν
517 2329 571 2346 τινι
596 2319 744 2353 ἐναντιωθῇ
773 2320 806 2354 τῇ
835 2319 890 2354 ἰδίᾳ.

938 1743 972 1771 Ut
997 1751 1049 1770 non
1072 1743 1149 1769 liceat
1174 1743 1321 1777 episcopum
1341 1744 1394 1771 nisi
1410 1753 1427 1771 ιι
1440 1745 1561 1779 plurimis
1575 1747 1696 1774 ordinari
1710 1755 1720 1775 :

972 1782 1017 1820 sed
1048 1779 1237 1819 st'_necessitas
1265 1779 1356 1814 fuerit,
1375 1780 1414 1806 vel
1436 1789 1451 1806 a
1476 1782 1558 1808 tribus
1586 1783 1724 1811 ordinetur

972 1821 1109 1849 episcopis.

1613 1854 1668 1880 -pl.‘

1580 1899 1602 1919 :S
1629 1892 1676 1918 Cie.

975 1912 1157 1965 l3..Aurelius
1171 1913 1313 1971 episcopus
1328 1913 1397 1965 disit
1407 1914 1452 1966 "I:
1463 1915 1532 1967 Quid
1542 1912 1726 1971 εθίςυξξρειι

939 1959 1066 1985 sanctitas
1076 1958 1181 1985 vestra?
1196 1959 1236 1985 Ab
1250 1960 1384 1987 universis
1395 1961 1529 1995 episcopis
1542 1958 1632 2008 (Πιξξῇ
1649 1958 1700 2008 ζει
1718 1973 1725 1992 :

939 2004 960 2029 A
979 2003 1057 2030 nobis
1072 2008 1191 2029 veterum
1208 2008 1309 2031 statuta
1322 2005 1420 2032 debere
1444 2007 1557 2037 servari.
1584 2003 1669 2036 svi-iui~
1697 2015 1725 2038 et

940 2048 1094 2075 inconsulto
1110 2050 1223 2083 primate
1242 2050 1387 2083 cujuslibet
1403 2052 1558 2086 provinciae,
1576 2059 1630 2081 tam
1648 2055 1727 2083 facile

941 2102 992 2121 non
1009 2099 1175 2129 praesumant
1203 2095 1278 2122 multi
1294 2097 1448 2131 congregati
1471 2098 1591 2132 episcopi
1618 2101 1726 2134 episco-

940 2148 1003 2176 pum
1018 2140 1144 2168 ordinarc
1159 2150 1165 2168 τ
1182 2141 1234 2168 nisi
1262 2141 1284 2168 si
1303 2140 1336 2177 [si
1357 2150 1430 2173 vero,
1446 2143 1483 2169 ila
1499 2148 1525 2170 et
1539 2144 1617 2180 l.nc.]
1632 2153 1727 2173 ncces-

941 2187 1008 2214 sitas
1026 2186 1116 2218 fuerit,
1131 2190 1186 2214 tres
1199 2187 1327 2222 episcopi,
1348 2188 1374 2215 in
1393 2197 1566 2223 quocumque
1585 2191 1645 2218 loco
1661 2192 1726 2224 sint,

940 2231 1000 2267 ejus
1020 2238 1155 2267 pra-cepto
1169 2233 1295 2261 ordinare
1312 2234 1448 2262 debebunt
1463 2236 1621 2271 episcopum
1639 2247 1645 2265 ε
1666 2240 1727 2266 etsi

941 2277 1003 2312 quis
1017 2283 1109 2305 contra
1130 2286 1208 2305 suam
1222 2279 1420 2314 professionem
1440 2281 1481 2308 vel
1498 2282 1727 2317 subscriptionem

942 2322 1047 2349 venerit
1064 2323 1090 2349 in
1107 2323 1210 2358 aliquo,
1230 2323 1288 2358 ipse
1310 2332 1339 2352 sc
1364 2325 1470 2353 honore
1494 2326 1620 2360 privabit.
1650 2326 1728 2363 [.llss.

97 2367 233 2403 ὁμολογίᾳ
259 2367 276 2402 ἢ
306 2368 338 2402 τῇ
360 2367 516 2402 ὑπογραφῇ,
537 2366 618 2392 αὑτὸν
638 2366 821 2401 ἀποστερήσει
840 2365 881 2399 τῆς

943 2366 1000 2393 ipse
1016 2366 1120 2394 honore
1138 2366 1309 2403 privabitur.]

97 2422 197 2449 τιμης.

143 2469 217 2496 Ἐάν
231 2478 277 2502 τις
294 2469 436 2503 κληρικὸς
459 2468 673 2503 χειροτονῆται,
690 2467 802 2502 ὀφείλει
816 2468 891 2494 ὐπο-

96 2515 327 2550 μιμνήσκεσοαι
342 2515 413 2548 τοὺς
427 2515 516 2548 ὅρους
527 2514 698 2549 φυλάττειν,
711 2513 757 2541 καί
770 2514 819 2540 ἵνα
831 2513 893 2546 τοῖς

97 2563 223 2598 σώμασι
235 2563 294 2590 τῶν
309 2564 523 2590 ἀποθανόντων
534 2562 729 2596 εὐχαριστίαν
755 2561 798 2595 μὴ
810 2561 893 2587 616w-

97 2618 161 2640 ται,
172 2609 247 2644 μηδὲ
264 2609 432 2643 βάπτισμα·
447 2608 495 2635 καὶ
511 2609 561 2634 ἵνα
573 2608 636 2634 καθ’
648 2607 777 2634 ἕκαστον
792 2607 891 2632 ἐνιαυ-

97 2655 157 2682 τὸν
174 2656 218 2688 εὶς
242 2654 343 2688 πάσας
368 2655 421 2687 τὰς
447 2654 591 2688 ἐπαρχίας
618 2654 694 2687 πρὸς
715 2652 848 2680 σύνοδον
864 2653 892 2679 οἱ

95 2701 318 2737 [inmortalitati
334 2700 487 2735 ἕρχωνται.

136 2771 161 2787 ⁸³
181 2771 313 2806 Carthag.
327 2779 358 2804 ιι,
372 2778 432 2805 cap.
450 2771 494 2797 Η.

978 2473 1032 2509 36
1045 2473 1075 2502 Si
1089 2475 1147 2510 quis
1161 2475 1268 2502 clericus
1280 2476 1429 2506 ordinatus,
1440 2478 1538 2503 moneri
1547 2477 1620 2504 debet
1635 2479 1730 2506 consti-

945 2523 1002 2547 tuta
1016 2528 1118 2547 servare
1134 2529 1143 2547 :
1162 2526 1185 2548 et
1207 2526 1235 2547 ut
1260 2523 1412 2556 corporisz
1431 2523 1613 2557 defunctorum
1629 2526 1730 2552 eucha-

944 2566 1022 2592 rislia
1042 2575 1093 2593 non
1110 2568 1195 2599 rlelur,
1219 2576 1264 2594 nec
1294 2568 1442 2603 baptisma:
1458 2574 1482 2596 et
1498 2575 1525 2596 ut
1549 2578 1594 2604 per
1615 2571 1731 2606 singulos

944 2620 1026 2638 annos
1043 2621 1088 2647 per
1101 2622 1188 2640 omnes
1207 2615 1352 2648 prorincias
1371 2614 1405 2641 ad
1418 2616 1558 2642 concilium
1573 2617 1621 2652 (8⁸)
1637 2622 1731 2644 metrov

943 2659 1054 2692 polimni
1068 2661 1237 2687 conveniatur
1254 2660 1441 2697 [conveniant].

897 2837 1017 2866 NOTAE.

144 2899 195 2934 (8‘)
211 2897 261 2926 Ms.
278 2898 520 2933 metropolitanum.
