  <div class='ocr_page' id='page_1' title='image "/cluster/home/n/w/nwhite01/storage/ocr_20150623/104/njp.32101077772885/248.png"; bbox 0 0 1951 3081; ppageno 0'>
   <div class='ocr_carea' id='block_1_1' title="bbox 118 207 170 239">
    <p class='ocr_par' dir='ltr' id='par_1_1' title="bbox 118 207 170 239">
     <span class='ocr_line' id='line_1_1' title="bbox 118 207 170 239; baseline 0.019 -1"><span class='ocrx_word' id='word_1_1' title='bbox 118 207 170 239; x_wconf 67' lang='grc'><strong>485</strong></span> 
     </span>
    </p>
   </div>
   <div class='ocr_carea' id='block_1_2' title="bbox 527 206 1301 251">
    <p class='ocr_par' dir='ltr' id='par_1_2' title="bbox 527 206 1301 251">
     <span class='ocr_line' id='line_1_2' title="bbox 527 206 1301 251; baseline 0.006 -11"><span class='ocrx_word' id='word_1_2' title='bbox 527 206 727 242; x_wconf 85' lang='lat' dir='ltr'><strong>‘SYNTAGMA</strong></span> <span class='ocrx_word' id='word_1_3' title='bbox 747 211 940 243; x_wconf 83' lang='lat' dir='ltr'><strong>CANONUM.</strong></span> <span class='ocrx_word' id='word_1_4' title='bbox 958 225 992 231; x_wconf 91' lang='grc'><strong><em>-</em></strong></span> <span class='ocrx_word' id='word_1_5' title='bbox 1011 213 1085 243; x_wconf 81' lang='grc' dir='ltr'><strong>ΤΙΤ-</strong></span> <span class='ocrx_word' id='word_1_6' title='bbox 1106 214 1131 251; x_wconf 95' lang='grc' dir='ltr'><strong>Ι,</strong></span> <span class='ocrx_word' id='word_1_7' title='bbox 1152 215 1231 245; x_wconf 84' lang='lat' dir='ltr'><strong>CAP.</strong></span> <span class='ocrx_word' id='word_1_8' title='bbox 1251 214 1301 245; x_wconf 83' lang='lat' dir='ltr'><strong>VI.</strong></span> 
     </span>
    </p>
   </div>
   <div class='ocr_carea' id='block_1_3' title="bbox 1691 216 1745 250">
    <p class='ocr_par' dir='ltr' id='par_1_3' title="bbox 1691 216 1745 250">
     <span class='ocr_line' id='line_1_3' title="bbox 1691 216 1745 250; baseline 0.037 -2"><span class='ocrx_word' id='word_1_9' title='bbox 1691 216 1745 250; x_wconf 73' lang='lat'><strong>486</strong></span> 
     </span>
    </p>
   </div>
   <div class='ocr_carea' id='block_1_4' title="bbox 117 264 913 309">
    <p class='ocr_par' dir='ltr' id='par_1_4' title="bbox 117 264 910 305">
     <span class='ocr_line' id='line_1_4' title="bbox 117 264 910 305; baseline 0.008 -15"><span class='ocrx_word' id='word_1_10' title='bbox 117 264 283 300; x_wconf 75' lang='grc' dir='ltr'>ὀρισθέντιυν</span> <span class='ocrx_word' id='word_1_11' title='bbox 309 265 412 297; x_wconf 80' lang='grc' dir='ltr'><strong>τούτοις</strong></span> <span class='ocrx_word' id='word_1_12' title='bbox 442 265 553 300; x_wconf 73' lang='grc' dir='ltr'>ἕπομαι,</span> <span class='ocrx_word' id='word_1_13' title='bbox 569 267 639 293; x_wconf 84' lang='grc' dir='ltr'>ὥστε</span> <span class='ocrx_word' id='word_1_14' title='bbox 666 268 801 295; x_wconf 73' lang='grc' dir='ltr'><strong>συνελθεῖν</strong></span> <span class='ocrx_word' id='word_1_15' title='bbox 818 278 850 305; x_wconf 86' lang='grc' dir='ltr'><strong>με</strong></span> <span class='ocrx_word' id='word_1_16' title='bbox 870 269 910 305; x_wconf 84' lang='grc' dir='ltr'><strong>τῷ</strong></span> 
     </span>
    </p>
   </div>
   <div class='ocr_carea' id='block_1_5' title="bbox 959 264 1743 309">
    <p class='ocr_par' dir='ltr' id='par_1_5' title="bbox 961 269 1743 309">
     <span class='ocr_line' id='line_1_5' title="bbox 961 269 1743 309; baseline 0.006 -12"><span class='ocrx_word' id='word_1_17' title='bbox 961 269 986 297; x_wconf 88' lang='lat' dir='ltr'><strong>id</strong></span> <span class='ocrx_word' id='word_1_18' title='bbox 1002 277 1113 305; x_wconf 85' lang='lat' dir='ltr'><strong>sequor,</strong></span> <span class='ocrx_word' id='word_1_19' title='bbox 1133 275 1164 298; x_wconf 91' lang='lat' dir='ltr'><strong>ut</strong></span> <span class='ocrx_word' id='word_1_20' title='bbox 1178 271 1336 298; x_wconf 90' lang='lat' dir='ltr'><strong>conveniam</strong></span> <span class='ocrx_word' id='word_1_21' title='bbox 1354 270 1510 306; x_wconf 84' lang='lat' dir='ltr'><strong>episcopum</strong></span> <span class='ocrx_word' id='word_1_22' title='bbox 1534 271 1602 306; x_wconf 84' lang='lat' dir='ltr'><strong>ejus,</strong></span> <span class='ocrx_word' id='word_1_23' title='bbox 1618 277 1700 309; x_wconf 83' lang='lat' dir='ltr'><strong>atque</strong></span> <span class='ocrx_word' id='word_1_24' title='bbox 1719 275 1743 302; x_wconf 88' lang='lat' dir='ltr'><strong>ei</strong></span> 
     </span>
    </p>
   </div>
   <div class='ocr_carea' id='block_1_6' title="bbox 117 310 908 348">
    <p class='ocr_par' dir='ltr' id='par_1_6' title="bbox 117 310 908 348">
     <span class='ocr_line' id='line_1_6' title="bbox 117 310 908 348; baseline 0.008 -12"><span class='ocrx_word' id='word_1_25' title='bbox 117 310 261 346; x_wconf 80' lang='grc' dir='ltr'>ὲπισκόπῳ</span> <span class='ocrx_word' id='word_1_26' title='bbox 277 310 360 338; x_wconf 83' lang='grc' dir='ltr'><strong>αὐτοῦ</strong></span> <span class='ocrx_word' id='word_1_27' title='bbox 370 311 417 337; x_wconf 83' lang='grc' dir='ltr'>τοῦ</span> <span class='ocrx_word' id='word_1_28' title='bbox 433 311 600 346; x_wconf 77' lang='grc' dir='ltr'><strong>ζητουμένου</strong></span> <span class='ocrx_word' id='word_1_29' title='bbox 609 313 751 348; x_wconf 85' lang='grc' dir='ltr'>κληρικοῦ,</span> <span class='ocrx_word' id='word_1_30' title='bbox 764 315 810 341; x_wconf 78' lang='grc' dir='ltr'>καὶ</span> <span class='ocrx_word' id='word_1_31' title='bbox 822 315 908 342; x_wconf 81' lang='grc' dir='ltr'>ταῦτα</span> 
     </span>
    </p>
   </div>
   <div class='ocr_carea' id='block_1_7' title="bbox 117 355 907 391">
    <p class='ocr_par' dir='ltr' id='par_1_7' title="bbox 117 355 907 391">
     <span class='ocr_line' id='line_1_7' title="bbox 117 355 907 391; baseline 0.006 -10"><span class='ocrx_word' id='word_1_32' title='bbox 117 355 187 381; x_wconf 77' lang='grc' dir='ltr'>αὐτὰ</span> <span class='ocrx_word' id='word_1_33' title='bbox 211 355 359 390; x_wconf 71' lang='grc' dir='ltr'><strong>ἐμφανίσαι</strong></span> <span class='ocrx_word' id='word_1_34' title='bbox 383 356 423 382; x_wconf 82' lang='grc' dir='ltr'>ὅτι</span> <span class='ocrx_word' id='word_1_35' title='bbox 447 356 575 391; x_wconf 77' lang='grc' dir='ltr'>κληρικδν</span> <span class='ocrx_word' id='word_1_36' title='bbox 602 358 684 384; x_wconf 80' lang='grc' dir='ltr'>αὑτοῦ</span> <span class='ocrx_word' id='word_1_37' title='bbox 710 358 850 385; x_wconf 68' lang='grc' dir='ltr'>αἰτοῦνται</span> <span class='ocrx_word' id='word_1_38' title='bbox 883 359 907 385; x_wconf 80' lang='grc' dir='ltr'>οἱ</span> 
     </span>
    </p>
   </div>
   <div class='ocr_carea' id='block_1_8' title="bbox 116 398 907 439">
    <p class='ocr_par' dir='ltr' id='par_1_8' title="bbox 116 398 907 439">
     <span class='ocr_line' id='line_1_8' title="bbox 116 398 907 439; baseline 0.006 -15"><span class='ocrx_word' id='word_1_39' title='bbox 116 398 167 432; x_wconf 83' lang='grc' dir='ltr'>τῆς</span> <span class='ocrx_word' id='word_1_40' title='bbox 185 399 345 434; x_wconf 81' lang='grc' dir='ltr'>οἱασδήποτε</span> <span class='ocrx_word' id='word_1_41' title='bbox 376 400 546 435; x_wconf 75' lang='grc' dir='ltr'>Ἐκκλησίας.</span> <span class='ocrx_word' id='word_1_42' title='bbox 569 401 633 428; x_wconf 75' lang='grc' dir='ltr'>Ἰδοὺ</span> <span class='ocrx_word' id='word_1_43' title='bbox 648 402 694 428; x_wconf 75' lang='grc' dir='ltr'>οὖν</span> <span class='ocrx_word' id='word_1_44' title='bbox 714 403 761 429; x_wconf 76' lang='grc' dir='ltr'>ἐπὶ</span> <span class='ocrx_word' id='word_1_45' title='bbox 775 403 821 429; x_wconf 82' lang='grc' dir='ltr'>τοῦ</span> <span class='ocrx_word' id='word_1_46' title='bbox 835 411 907 439; x_wconf 82' lang='grc' dir='ltr'>παρ-</span> 
     </span>
    </p>
   </div>
   <div class='ocr_carea' id='block_1_9' title="bbox 117 445 906 483">
    <p class='ocr_par' dir='ltr' id='par_1_9' title="bbox 117 445 906 483">
     <span class='ocr_line' id='line_1_9' title="bbox 117 445 906 483; baseline 0.008 -13"><span class='ocrx_word' id='word_1_47' title='bbox 117 445 195 476; x_wconf 81' lang='grc' dir='ltr'>όντος</span> <span class='ocrx_word' id='word_1_48' title='bbox 217 445 267 471; x_wconf 86' lang='grc' dir='ltr'>οὐκ</span> <span class='ocrx_word' id='word_1_49' title='bbox 283 445 466 480; x_wconf 78' lang='grc' dir='ltr'>ἀντιλέγουσι.</span> <span class='ocrx_word' id='word_1_50' title='bbox 479 447 522 473; x_wconf 83' lang='grc' dir='ltr'><strong>διὰ</strong></span> <span class='ocrx_word' id='word_1_51' title='bbox 541 448 570 474; x_wconf 82' lang='grc' dir='ltr'>δὲ</span> <span class='ocrx_word' id='word_1_52' title='bbox 591 447 622 474; x_wconf 74' lang='grc' dir='ltr'><strong>τὺ</strong></span> <span class='ocrx_word' id='word_1_53' title='bbox 644 449 713 483; x_wconf 84' lang='grc' dir='ltr'>μήτε</span> <span class='ocrx_word' id='word_1_54' title='bbox 733 449 803 483; x_wconf 76' lang='grc' dir='ltr'>μετὰ</span> <span class='ocrx_word' id='word_1_55' title='bbox 821 450 906 476; x_wconf 84' lang='grc' dir='ltr'>ταῦτα</span> 
     </span>
    </p>
   </div>
   <div class='ocr_carea' id='block_1_10' title="bbox 117 490 907 529">
    <p class='ocr_par' dir='ltr' id='par_1_10' title="bbox 117 490 907 529">
     <span class='ocr_line' id='line_1_10' title="bbox 117 490 907 529; baseline 0.005 -14"><span class='ocrx_word' id='word_1_56' title='bbox 117 490 264 524; x_wconf 75' lang='grc' dir='ltr'>συμϐῆναι,</span> <span class='ocrx_word' id='word_1_57' title='bbox 280 490 418 517; x_wconf 77' lang='grc' dir='ltr'><strong>τουτέστιν</strong></span> <span class='ocrx_word' id='word_1_58' title='bbox 437 492 631 527; x_wconf 80' lang='grc' dir='ltr'>ἐναντιωθῆναί</span> <span class='ocrx_word' id='word_1_59' title='bbox 644 501 688 527; x_wconf 84' lang='grc' dir='ltr'><strong>μοι</strong></span> <span class='ocrx_word' id='word_1_60' title='bbox 699 493 761 525; x_wconf 77' lang='grc' dir='ltr'>τοὺς</span> <span class='ocrx_word' id='word_1_61' title='bbox 774 495 803 519; x_wconf 82' lang='grc' dir='ltr'><strong>ἐν</strong></span> <span class='ocrx_word' id='word_1_62' title='bbox 820 495 907 529; x_wconf 78' lang='grc' dir='ltr'>τούτῳ</span> 
     </span>
    </p>
   </div>
   <div class='ocr_carea' id='block_1_11' title="bbox 116 533 906 574">
    <p class='ocr_par' dir='ltr' id='par_1_11' title="bbox 116 533 906 574">
     <span class='ocr_line' id='line_1_11' title="bbox 116 533 906 574; baseline 0.008 -14"><span class='ocrx_word' id='word_1_63' title='bbox 116 533 156 568; x_wconf 85' lang='grc' dir='ltr'>τῷ</span> <span class='ocrx_word' id='word_1_64' title='bbox 177 535 322 569; x_wconf 83' lang='grc' dir='ltr'>πράγματι</span> <span class='ocrx_word' id='word_1_65' title='bbox 345 536 410 571; x_wconf 81' lang='grc' dir='ltr'>παρ’</span> <span class='ocrx_word' id='word_1_66' title='bbox 424 536 491 570; x_wconf 77' lang='grc' dir='ltr'>ἐμοῦ</span> <span class='ocrx_word' id='word_1_67' title='bbox 508 538 694 571; x_wconf 74' lang='grc' dir='ltr'><strong>αἰτουμένους,</strong></span> <span class='ocrx_word' id='word_1_68' title='bbox 706 539 799 574; x_wconf 83' lang='grc' dir='ltr'>ἐπειδὴ</span> <span class='ocrx_word' id='word_1_69' title='bbox 817 540 906 566; x_wconf 81' lang='grc' dir='ltr'>οἴδατε</span> 
     </span>
    </p>
   </div>
   <div class='ocr_carea' id='block_1_12' title="bbox 117 579 907 620">
    <p class='ocr_par' dir='ltr' id='par_1_12' title="bbox 117 579 907 620">
     <span class='ocr_line' id='line_1_12' title="bbox 117 579 907 620; baseline 0.009 -15"><span class='ocrx_word' id='word_1_70' title='bbox 117 579 225 606; x_wconf 76' lang='grc' dir='ltr'>πολλῶν</span> <span class='ocrx_word' id='word_1_71' title='bbox 255 581 407 616; x_wconf 77' lang='grc' dir='ltr'>ἐκκλησιῶν</span> <span class='ocrx_word' id='word_1_72' title='bbox 439 583 487 608; x_wconf 75' lang='grc' dir='ltr'>καὶ</span> <span class='ocrx_word' id='word_1_73' title='bbox 513 583 686 618; x_wconf 79' lang='grc' dir='ltr'>χειροτονιῶν</span> <span class='ocrx_word' id='word_1_74' title='bbox 717 585 844 620; x_wconf 80' lang='grc' dir='ltr'>φροντίδα</span> <span class='ocrx_word' id='word_1_75' title='bbox 874 594 907 620; x_wconf 83' lang='grc' dir='ltr'><strong>με</strong></span> 
     </span>
    </p>
   </div>
   <div class='ocr_carea' id='block_1_13' title="bbox 119 623 906 665">
    <p class='ocr_par' dir='ltr' id='par_1_13' title="bbox 119 623 906 665">
     <span class='ocr_line' id='line_1_13' title="bbox 119 623 906 665; baseline 0.009 -15"><span class='ocrx_word' id='word_1_76' title='bbox 119 624 276 659; x_wconf 75' lang='grc' dir='ltr'><strong>βαστάζειν,</strong></span> <span class='ocrx_word' id='word_1_77' title='bbox 291 623 312 659; x_wconf 86' lang='grc' dir='ltr'>ᾧ</span> <span class='ocrx_word' id='word_1_78' title='bbox 323 635 376 653; x_wconf 84' lang='grc' dir='ltr'>τινι</span> <span class='ocrx_word' id='word_1_79' title='bbox 391 628 491 662; x_wconf 83' lang='grc' dir='ltr'>δήποτε</span> <span class='ocrx_word' id='word_1_80' title='bbox 510 629 566 655; x_wconf 81' lang='grc' dir='ltr'><strong>τῶν</strong></span> <span class='ocrx_word' id='word_1_81' title='bbox 588 629 682 664; x_wconf 79' lang='grc' dir='ltr'><strong>ἱερέων</strong></span> <span class='ocrx_word' id='word_1_82' title='bbox 698 630 818 656; x_wconf 77' lang='grc' dir='ltr'>συνέλοω</span> <span class='ocrx_word' id='word_1_83' title='bbox 836 632 906 665; x_wconf 79' lang='grc' dir='ltr'>μετὰ</span> 
     </span>
    </p>
   </div>
   <div class='ocr_carea' id='block_1_14' title="bbox 117 669 904 711">
    <p class='ocr_par' dir='ltr' id='par_1_14' title="bbox 117 669 904 711">
     <span class='ocr_line' id='line_1_14' title="bbox 117 669 904 711; baseline 0.009 -16"><span class='ocrx_word' id='word_1_84' title='bbox 117 669 164 695; x_wconf 72' lang='grc' dir='ltr'><strong>δύο</strong></span> <span class='ocrx_word' id='word_1_85' title='bbox 178 670 194 704; x_wconf 86' lang='grc' dir='ltr'>ἢ</span> <span class='ocrx_word' id='word_1_86' title='bbox 209 670 292 705; x_wconf 81' lang='grc' dir='ltr'>τριῶν</span> <span class='ocrx_word' id='word_1_87' title='bbox 306 672 451 707; x_wconf 77' lang='grc' dir='ltr'>μαρτύρων</span> <span class='ocrx_word' id='word_1_88' title='bbox 458 674 506 708; x_wconf 83' lang='grc' dir='ltr'>τῆς</span> <span class='ocrx_word' id='word_1_89' title='bbox 516 675 654 708; x_wconf 76' lang='grc' dir='ltr'>ἡμετέρας</span> <span class='ocrx_word' id='word_1_90' title='bbox 669 675 816 711; x_wconf 75' lang='grc' dir='ltr'>συγκληρώ</span> <span class='ocrx_word' id='word_1_91' title='bbox 823 685 904 707; x_wconf 85' lang='grc' dir='ltr'>σεως,</span> 
     </span>
    </p>
   </div>
   <div class='ocr_carea' id='block_1_15' title="bbox 116 715 907 757">
    <p class='ocr_par' dir='ltr' id='par_1_15' title="bbox 116 715 907 757">
     <span class='ocr_line' id='line_1_15' title="bbox 116 715 907 757; baseline 0.009 -16"><span class='ocrx_word' id='word_1_92' title='bbox 116 715 166 742; x_wconf 78' lang='grc' dir='ltr'><strong>ἐὰν</strong></span> <span class='ocrx_word' id='word_1_93' title='bbox 181 717 365 749; x_wconf 82' lang='grc' dir='ltr'>ἀκαθοσίωτος</span> <span class='ocrx_word' id='word_1_94' title='bbox 387 719 510 755; x_wconf 82' lang='grc' dir='ltr'>εὑρεθείη</span> <span class='ocrx_word' id='word_1_95' title='bbox 525 739 532 750; x_wconf 85' lang='grc'><strong>,</strong></span> <span class='ocrx_word' id='word_1_96' title='bbox 548 720 651 747; x_wconf 83' lang='grc' dir='ltr'>δίκαιόν</span> <span class='ocrx_word' id='word_1_97' title='bbox 673 719 730 748; x_wconf 70' lang='grc' dir='ltr'>ὲᾶτι</span> <span class='ocrx_word' id='word_1_98' title='bbox 750 723 840 757; x_wconf 85' lang='grc' dir='ltr'>κρῖναι</span> <span class='ocrx_word' id='word_1_99' title='bbox 859 722 907 756; x_wconf 85' lang='grc' dir='ltr'>τὴν</span> 
     </span>
    </p>
   </div>
   <div class='ocr_carea' id='block_1_16' title="bbox 117 760 906 801">
    <p class='ocr_par' dir='ltr' id='par_1_16' title="bbox 117 760 906 801">
     <span class='ocr_line' id='line_1_16' title="bbox 117 760 906 801; baseline 0.009 -15"><span class='ocrx_word' id='word_1_100' title='bbox 117 760 255 797; x_wconf 80' lang='grc' dir='ltr'><strong>ὑμετέραν</strong></span> <span class='ocrx_word' id='word_1_101' title='bbox 269 762 389 798; x_wconf 76' lang='grc' dir='ltr'>ἀγάπην,</span> <span class='ocrx_word' id='word_1_102' title='bbox 400 763 425 789; x_wconf 83' lang='grc' dir='ltr'><strong>τί</strong></span> <span class='ocrx_word' id='word_1_103' title='bbox 435 764 475 790; x_wconf 84' lang='grc' dir='ltr'><strong>δεῖ</strong></span> <span class='ocrx_word' id='word_1_104' title='bbox 485 765 604 799; x_wconf 76' lang='grc' dir='ltr'>ποιῆσαι.</span> <span class='ocrx_word' id='word_1_105' title='bbox 624 766 692 799; x_wconf 85' lang='grc' dir='ltr'><strong>Ἐγὼ</strong></span> <span class='ocrx_word' id='word_1_106' title='bbox 705 767 759 801; x_wconf 75' lang='grc' dir='ltr'><strong>γὰρ</strong></span> <span class='ocrx_word' id='word_1_107' title='bbox 770 787 777 798; x_wconf 92' lang='grc'><strong>,</strong></span> <span class='ocrx_word' id='word_1_108' title='bbox 793 767 830 798; x_wconf 87' lang='grc' dir='ltr'>ὼς</span> <span class='ocrx_word' id='word_1_109' title='bbox 839 767 906 800; x_wconf 85' lang='grc' dir='ltr'>ἴστε,</span> 
     </span>
    </p>
   </div>
   <div class='ocr_carea' id='block_1_17' title="bbox 116 807 908 848">
    <p class='ocr_par' dir='ltr' id='par_1_17' title="bbox 116 807 908 848">
     <span class='ocr_line' id='line_1_17' title="bbox 116 807 908 848; baseline 0.008 -15"><span class='ocrx_word' id='word_1_110' title='bbox 116 807 238 839; x_wconf 64' lang='grc' dir='ltr'>ἀδελφοὶ,</span> <span class='ocrx_word' id='word_1_111' title='bbox 255 811 324 834; x_wconf 82' lang='grc' dir='ltr'>κατά</span> <span class='ocrx_word' id='word_1_112' title='bbox 342 809 513 845; x_wconf 79' lang='grc' dir='ltr'>συγχώρησιν</span> <span class='ocrx_word' id='word_1_113' title='bbox 532 811 610 843; x_wconf 74' lang='grc' dir='ltr'>Θεοῦ,</span> <span class='ocrx_word' id='word_1_114' title='bbox 625 812 728 838; x_wconf 74' lang='grc' dir='ltr'>πολλῶν</span> <span class='ocrx_word' id='word_1_115' title='bbox 741 813 908 848; x_wconf 78' lang='grc' dir='ltr'>Ἐκκλησιῶν</span> 
     </span>
    </p>
   </div>
   <div class='ocr_carea' id='block_1_18' title="bbox 117 852 906 890">
    <p class='ocr_par' dir='ltr' id='par_1_18' title="bbox 117 852 906 890">
     <span class='ocr_line' id='line_1_18' title="bbox 117 852 906 890; baseline 0.009 -13"><span class='ocrx_word' id='word_1_116' title='bbox 117 852 258 886; x_wconf 70' lang='grc' dir='ltr'>φροντίδος</span> <span class='ocrx_word' id='word_1_117' title='bbox 273 853 468 888; x_wconf 84' lang='grc' dir='ltr'>ἀντέχομαι.-</span> <span class='ocrx_word' id='word_1_118' title='bbox 478 855 629 890; x_wconf 79' lang='grc' dir='ltr'>Νουμήδιος</span> <span class='ocrx_word' id='word_1_119' title='bbox 653 858 800 889; x_wconf 78' lang='grc' dir='ltr'>ἐπίσκοπος</span> <span class='ocrx_word' id='word_1_120' title='bbox 820 856 906 884; x_wconf 78' lang='grc' dir='ltr'>εἶπεν·</span> 
     </span>
    </p>
   </div>
   <div class='ocr_carea' id='block_1_19' title="bbox 123 897 906 939">
    <p class='ocr_par' dir='ltr' id='par_1_19' title="bbox 123 897 906 939">
     <span class='ocr_line' id='line_1_19' title="bbox 123 897 906 939; baseline 0.009 -16"><span class='ocrx_word' id='word_1_121' title='bbox 123 897 180 924; x_wconf 76' lang='grc' dir='ltr'><strong>Ἀεὶ</strong></span> <span class='ocrx_word' id='word_1_122' title='bbox 199 899 319 934; x_wconf 80' lang='grc' dir='ltr'><strong>ὑπῆρξεν</strong></span> <span class='ocrx_word' id='word_1_123' title='bbox 335 901 350 934; x_wconf 90' lang='grc' dir='ltr'><strong>ἠ</strong></span> <span class='ocrx_word' id='word_1_124' title='bbox 366 901 492 928; x_wconf 81' lang='grc' dir='ltr'>αὐθεντία</span> <span class='ocrx_word' id='word_1_125' title='bbox 505 902 543 937; x_wconf 81' lang='grc' dir='ltr'>τῷ</span> <span class='ocrx_word' id='word_1_126' title='bbox 559 903 646 938; x_wconf 82' lang='grc' dir='ltr'>θρόνῳ</span> <span class='ocrx_word' id='word_1_127' title='bbox 669 904 765 939; x_wconf 81' lang='grc' dir='ltr'>τούτῳ,</span> <span class='ocrx_word' id='word_1_128' title='bbox 783 905 826 931; x_wconf 78' lang='grc' dir='ltr'>ἵνα</span> <span class='ocrx_word' id='word_1_129' title='bbox 846 905 906 932; x_wconf 85' lang='grc' dir='ltr'>ὅθεν</span> 
     </span>
    </p>
   </div>
   <div class='ocr_carea' id='block_1_20' title="bbox 117 940 941 986">
    <p class='ocr_par' dir='ltr' id='par_1_20' title="bbox 117 940 941 986">
     <span class='ocr_line' id='line_1_20' title="bbox 117 940 941 986; baseline 0.012 -17"><span class='ocrx_word' id='word_1_130' title='bbox 117 943 196 978; x_wconf 74' lang='grc' dir='ltr'>ἤθελε</span> <span class='ocrx_word' id='word_1_131' title='bbox 213 945 259 970; x_wconf 80' lang='grc' dir='ltr'>καὶ</span> <span class='ocrx_word' id='word_1_132' title='bbox 268 946 331 980; x_wconf 81' lang='grc' dir='ltr'>περὶ</span> <span class='ocrx_word' id='word_1_133' title='bbox 342 946 498 981; x_wconf 81' lang='grc' dir='ltr'>οίουδήποτε</span> <span class='ocrx_word' id='word_1_134' title='bbox 505 949 666 985; x_wconf 80' lang='grc' dir='ltr'>προετράπη</span> <span class='ocrx_word' id='word_1_135' title='bbox 675 951 818 986; x_wconf 81' lang='grc' dir='ltr'>ὀνόματος,</span> <span class='ocrx_word' id='word_1_136' title='bbox 832 953 903 979; x_wconf 72' lang='grc' dir='ltr'>κατὰ</span> <span class='ocrx_word' id='word_1_137' title='bbox 918 940 941 969; x_wconf 79' lang='grc' dir='ltr'>Β</span> 
     </span>
    </p>
   </div>
   <div class='ocr_carea' id='block_1_21' title="bbox 116 986 905 1030">
    <p class='ocr_par' dir='ltr' id='par_1_21' title="bbox 116 986 905 1030">
     <span class='ocr_line' id='line_1_21' title="bbox 116 986 905 1030; baseline 0.015 -18"><span class='ocrx_word' id='word_1_138' title='bbox 116 986 166 1022; x_wconf 78' lang='grc' dir='ltr'>τὴν</span> <span class='ocrx_word' id='word_1_139' title='bbox 181 988 329 1023; x_wconf 73' lang='grc' dir='ltr'>ἐπιθυμίαν</span> <span class='ocrx_word' id='word_1_140' title='bbox 343 990 462 1025; x_wconf 74' lang='grc' dir='ltr'>ἑκάστης</span> <span class='ocrx_word' id='word_1_141' title='bbox 484 993 646 1028; x_wconf 81' lang='grc' dir='ltr'>Ἐκκλησίας</span> <span class='ocrx_word' id='word_1_142' title='bbox 670 997 830 1030; x_wconf 78' lang='grc' dir='ltr'>ἐχειροτόνει</span> <span class='ocrx_word' id='word_1_143' title='bbox 845 998 905 1023; x_wconf 80' lang='grc' dir='ltr'>ἐπί-</span> 
     </span>
    </p>
   </div>
   <div class='ocr_carea' id='block_1_22' title="bbox 116 1035 904 1074">
    <p class='ocr_par' dir='ltr' id='par_1_22' title="bbox 116 1035 904 1074">
     <span class='ocr_line' id='line_1_22' title="bbox 116 1035 904 1074; baseline 0.014 -16"><span class='ocrx_word' id='word_1_144' title='bbox 116 1041 264 1060; x_wconf 80' lang='grc' dir='ltr'>σκοπον.-</span> <span class='ocrx_word' id='word_1_145' title='bbox 273 1035 423 1069; x_wconf 76' lang='grc' dir='ltr'>Ἑπιγόνιος</span> <span class='ocrx_word' id='word_1_146' title='bbox 437 1037 585 1071; x_wconf 78' lang='grc' dir='ltr'><strong>ἐπίσκοπος</strong></span> <span class='ocrx_word' id='word_1_147' title='bbox 596 1039 681 1066; x_wconf 85' lang='grc' dir='ltr'>εἶπεν·</span> <span class='ocrx_word' id='word_1_148' title='bbox 691 1041 721 1067; x_wconf 82' lang='grc' dir='ltr'><em>Ἣ</em></span> <span class='ocrx_word' id='word_1_149' title='bbox 729 1041 904 1074; x_wconf 77' lang='grc' dir='ltr'>ἀγαθοθὲλεια</span> 
     </span>
    </p>
   </div>
   <div class='ocr_carea' id='block_1_23' title="bbox 118 1078 902 1124">
    <p class='ocr_par' dir='ltr' id='par_1_23' title="bbox 118 1078 902 1124">
     <span class='ocr_line' id='line_1_23' title="bbox 118 1078 902 1124; baseline 0.015 -22"><span class='ocrx_word' id='word_1_150' title='bbox 118 1078 232 1111; x_wconf 66' lang='grc' dir='ltr'>μετάξει</span> <span class='ocrx_word' id='word_1_151' title='bbox 245 1080 293 1114; x_wconf 78' lang='grc' dir='ltr'>τὴν</span> <span class='ocrx_word' id='word_1_152' title='bbox 311 1080 449 1113; x_wconf 79' lang='grc' dir='ltr'>ἐξουσίαν·</span> <span class='ocrx_word' id='word_1_153' title='bbox 466 1080 547 1119; x_wconf 88' lang='grc' dir='ltr'>ἦττον</span> <span class='ocrx_word' id='word_1_154' title='bbox 561 1085 615 1119; x_wconf 74' lang='grc' dir='ltr'><strong>γὰρ</strong></span> <span class='ocrx_word' id='word_1_155' title='bbox 631 1086 732 1121; x_wconf 81' lang='grc' dir='ltr'>τολμᾷς</span> <span class='ocrx_word' id='word_1_156' title='bbox 743 1087 814 1122; x_wconf 78' lang='grc' dir='ltr'>ἥπερ</span> <span class='ocrx_word' id='word_1_157' title='bbox 826 1088 902 1124; x_wconf 77' lang='grc' dir='ltr'>δύνῃ,</span> 
     </span>
    </p>
   </div>
   <div class='ocr_carea' id='block_1_24' title="bbox 118 1122 903 1166">
    <p class='ocr_par' dir='ltr' id='par_1_24' title="bbox 118 1122 903 1166">
     <span class='ocr_line' id='line_1_24' title="bbox 118 1122 903 1166; baseline 0.017 -19"><span class='ocrx_word' id='word_1_158' title='bbox 118 1122 227 1156; x_wconf 74' lang='grc' dir='ltr'>ἀδελφέ,</span> <span class='ocrx_word' id='word_1_159' title='bbox 241 1124 268 1149; x_wconf 85' lang='grc' dir='ltr'><strong>ἐν</strong></span> <span class='ocrx_word' id='word_1_160' title='bbox 279 1124 317 1158; x_wconf 79' lang='grc' dir='ltr'>τῷ</span> <span class='ocrx_word' id='word_1_161' title='bbox 332 1126 414 1152; x_wconf 85' lang='grc' dir='ltr'>πᾶσιν</span> <span class='ocrx_word' id='word_1_162' title='bbox 425 1127 520 1153; x_wconf 80' lang='grc' dir='ltr'>ἑαυτὸν</span> <span class='ocrx_word' id='word_1_163' title='bbox 534 1129 720 1157; x_wconf 75' lang='grc' dir='ltr'>ἀποδεικνύειν</span> <span class='ocrx_word' id='word_1_164' title='bbox 738 1132 838 1166; x_wconf 80' lang='grc' dir='ltr'>ἀγαθὸν</span> <span class='ocrx_word' id='word_1_165' title='bbox 856 1122 903 1159; x_wconf 68' lang='grc' dir='ltr'><strong>καὶ</strong></span> 
     </span>
    </p>
   </div>
   <div class='ocr_carea' id='block_1_25' title="bbox 119 1168 905 1212">
    <p class='ocr_par' dir='ltr' id='par_1_25' title="bbox 119 1168 905 1212">
     <span class='ocr_line' id='line_1_25' title="bbox 119 1168 905 1212; baseline 0.019 -21"><span class='ocrx_word' id='word_1_166' title='bbox 119 1168 321 1202; x_wconf 72' lang='grc' dir='ltr'>φιλάνθρωπον.</span> <span class='ocrx_word' id='word_1_167' title='bbox 341 1170 433 1206; x_wconf 87' lang='grc' dir='ltr'>Ἔχεις</span> <span class='ocrx_word' id='word_1_168' title='bbox 455 1172 509 1208; x_wconf 77' lang='grc' dir='ltr'><strong>γὰρ</strong></span> <span class='ocrx_word' id='word_1_169' title='bbox 531 1175 610 1200; x_wconf 86' lang='grc' dir='ltr'>τοῦτο</span> <span class='ocrx_word' id='word_1_170' title='bbox 630 1177 658 1202; x_wconf 83' lang='grc' dir='ltr'><strong>ἐν</strong></span> <span class='ocrx_word' id='word_1_171' title='bbox 683 1178 715 1211; x_wconf 78' lang='grc' dir='ltr'>τῇ</span> <span class='ocrx_word' id='word_1_172' title='bbox 732 1179 821 1212; x_wconf 84' lang='grc' dir='ltr'>κρίσει</span> <span class='ocrx_word' id='word_1_173' title='bbox 847 1187 905 1212; x_wconf 83' lang='grc' dir='ltr'>σου,</span> 
     </span>
    </p>
   </div>
   <div class='ocr_carea' id='block_1_26' title="bbox 117 1212 904 1259">
    <p class='ocr_par' dir='ltr' id='par_1_26' title="bbox 117 1212 904 1259">
     <span class='ocr_line' id='line_1_26' title="bbox 117 1212 904 1259; baseline 0.018 -21"><span class='ocrx_word' id='word_1_174' title='bbox 117 1212 148 1238; x_wconf 72' lang='grc' dir='ltr'><strong>τὸ</strong></span> <span class='ocrx_word' id='word_1_175' title='bbox 167 1213 391 1249; x_wconf 74' lang='grc' dir='ltr'>ἀποθεραπεῦσαι</span> <span class='ocrx_word' id='word_1_176' title='bbox 410 1217 468 1250; x_wconf 82' lang='grc' dir='ltr'>ἐνὸς</span> <span class='ocrx_word' id='word_1_177' title='bbox 486 1219 600 1246; x_wconf 80' lang='grc' dir='ltr'>ἑκάστου</span> <span class='ocrx_word' id='word_1_178' title='bbox 617 1222 766 1250; x_wconf 77' lang='grc' dir='ltr'>ἐπισκόπου</span> <span class='ocrx_word' id='word_1_179' title='bbox 777 1225 807 1251; x_wconf 81' lang='grc' dir='ltr'>τὸ</span> <span class='ocrx_word' id='word_1_180' title='bbox 820 1226 904 1259; x_wconf 76' lang='grc' dir='ltr'>πρόσ-</span> 
     </span>
    </p>
   </div>
   <div class='ocr_carea' id='block_1_27' title="bbox 116 1261 906 1302">
    <p class='ocr_par' dir='ltr' id='par_1_27' title="bbox 116 1261 906 1302">
     <span class='ocr_line' id='line_1_27' title="bbox 116 1261 906 1302; baseline 0.018 -18"><span class='ocrx_word' id='word_1_181' title='bbox 116 1267 191 1286; x_wconf 80' lang='grc' dir='ltr'>ωπον</span> <span class='ocrx_word' id='word_1_182' title='bbox 204 1268 210 1274; x_wconf 93' lang='grc'><strong>·</strong></span> <span class='ocrx_word' id='word_1_183' title='bbox 230 1262 258 1286; x_wconf 81' lang='grc' dir='ltr'>ὲν</span> <span class='ocrx_word' id='word_1_184' title='bbox 278 1261 373 1298; x_wconf 83' lang='grc' dir='ltr'><strong>πρώτῃ</strong></span> <span class='ocrx_word' id='word_1_185' title='bbox 392 1263 421 1289; x_wconf 84' lang='grc' dir='ltr'><strong>δέ</strong></span> <span class='ocrx_word' id='word_1_186' title='bbox 440 1265 488 1291; x_wconf 77' lang='grc' dir='ltr'>καὶ</span> <span class='ocrx_word' id='word_1_187' title='bbox 518 1267 584 1302; x_wconf 78' lang='grc' dir='ltr'>μόνῃ</span> <span class='ocrx_word' id='word_1_188' title='bbox 614 1269 777 1301; x_wconf 74' lang='grc' dir='ltr'>συνελεύσει,</span> <span class='ocrx_word' id='word_1_189' title='bbox 799 1272 822 1297; x_wconf 87' lang='grc' dir='ltr'>εἰ</span> <span class='ocrx_word' id='word_1_190' title='bbox 846 1281 906 1297; x_wconf 89' lang='grc' dir='ltr'>συν-</span> 
     </span>
    </p>
   </div>
   <div class='ocr_carea' id='block_1_28' title="bbox 119 1305 904 1351">
    <p class='ocr_par' dir='ltr' id='par_1_28' title="bbox 119 1305 904 1351">
     <span class='ocr_line' id='line_1_28' title="bbox 119 1305 904 1351; baseline 0.017 -20"><span class='ocrx_word' id='word_1_191' title='bbox 119 1305 194 1338; x_wconf 80' lang='grc' dir='ltr'>ίδοις,</span> <span class='ocrx_word' id='word_1_192' title='bbox 213 1307 244 1333; x_wconf 85' lang='grc' dir='ltr'>τὸ</span> <span class='ocrx_word' id='word_1_193' title='bbox 261 1306 304 1333; x_wconf 77' lang='grc' dir='ltr'>ἐπ’</span> <span class='ocrx_word' id='word_1_194' title='bbox 318 1308 443 1341; x_wconf 76' lang='grc' dir='ltr'>ἐξουσίας</span> <span class='ocrx_word' id='word_1_195' title='bbox 461 1311 547 1348; x_wconf 82' lang='grc' dir='ltr'>ταύτῃ</span> <span class='ocrx_word' id='word_1_196' title='bbox 562 1315 594 1348; x_wconf 82' lang='grc' dir='ltr'><strong>τῇ</strong></span> <span class='ocrx_word' id='word_1_197' title='bbox 613 1315 735 1351; x_wconf 75' lang='grc' dir='ltr'>καθέδρᾳ</span> <span class='ocrx_word' id='word_1_198' title='bbox 749 1316 818 1343; x_wconf 83' lang='grc' dir='ltr'>εἶναι</span> <span class='ocrx_word' id='word_1_199' title='bbox 830 1318 904 1344; x_wconf 83' lang='grc' dir='ltr'>ἐκδι-</span> 
     </span>
    </p>
   </div>
   <div class='ocr_carea' id='block_1_29' title="bbox 115 1352 904 1395">
    <p class='ocr_par' dir='ltr' id='par_1_29' title="bbox 115 1352 904 1395">
     <span class='ocr_line' id='line_1_29' title="bbox 115 1352 904 1395; baseline 0.018 -19"><span class='ocrx_word' id='word_1_200' title='bbox 115 1352 226 1386; x_wconf 78' lang='grc' dir='ltr'>κητέον,</span> <span class='ocrx_word' id='word_1_201' title='bbox 256 1354 350 1388; x_wconf 77' lang='grc' dir='ltr'>ἐπειδὴ</span> <span class='ocrx_word' id='word_1_202' title='bbox 376 1355 498 1392; x_wconf 83' lang='grc' dir='ltr'>ἀνάγκην</span> <span class='ocrx_word' id='word_1_203' title='bbox 533 1359 605 1393; x_wconf 78' lang='grc' dir='ltr'>ἔχεις</span> <span class='ocrx_word' id='word_1_204' title='bbox 633 1361 714 1392; x_wconf 78' lang='grc' dir='ltr'>αὐτὸς</span> <span class='ocrx_word' id='word_1_205' title='bbox 739 1363 828 1394; x_wconf 81' lang='grc' dir='ltr'>πάσας</span> <span class='ocrx_word' id='word_1_206' title='bbox 855 1365 904 1395; x_wconf 73' lang='grc' dir='ltr'><strong>τὰς</strong></span> 
     </span>
    </p>
   </div>
   <div class='ocr_carea' id='block_1_30' title="bbox 116 1397 906 1443">
    <p class='ocr_par' dir='ltr' id='par_1_30' title="bbox 116 1397 906 1443">
     <span class='ocr_line' id='line_1_30' title="bbox 116 1397 906 1443; baseline 0.016 -21"><span class='ocrx_word' id='word_1_207' title='bbox 116 1397 281 1432; x_wconf 75' lang='grc' dir='ltr'>Ἐκκλησίας</span> <span class='ocrx_word' id='word_1_208' title='bbox 306 1400 508 1436; x_wconf 74' lang='grc' dir='ltr'>ὑποστηρίξειν,</span> <span class='ocrx_word' id='word_1_209' title='bbox 526 1404 606 1431; x_wconf 82' lang='grc' dir='ltr'>Ὅθεν</span> <span class='ocrx_word' id='word_1_210' title='bbox 629 1406 750 1438; x_wconf 77' lang='grc' dir='ltr'>ἐξουσίαν</span> <span class='ocrx_word' id='word_1_211' title='bbox 768 1416 809 1434; x_wconf 86' lang='grc' dir='ltr'><strong>σοι</strong></span> <span class='ocrx_word' id='word_1_212' title='bbox 826 1409 906 1443; x_wconf 73' lang='grc' dir='ltr'>ἡμεῖς</span> 
     </span>
    </p>
   </div>
   <div class='ocr_carea' id='block_1_31' title="bbox 114 1443 904 1489">
    <p class='ocr_par' dir='ltr' id='par_1_31' title="bbox 114 1443 904 1489">
     <span class='ocr_line' id='line_1_31' title="bbox 114 1443 904 1489; baseline 0.015 -21"><span class='ocrx_word' id='word_1_213' title='bbox 114 1443 147 1469; x_wconf 86' lang='grc' dir='ltr'>οὐ</span> <span class='ocrx_word' id='word_1_214' title='bbox 176 1444 318 1479; x_wconf 75' lang='grc' dir='ltr'>διδοῦμεν,</span> <span class='ocrx_word' id='word_1_215' title='bbox 354 1446 411 1472; x_wconf 83' lang='grc' dir='ltr'><strong>ἀλλ’</strong></span> <span class='ocrx_word' id='word_1_216' title='bbox 430 1448 665 1485; x_wconf 76' lang='grc' dir='ltr'>ὲπισφραγίζομεν</span> <span class='ocrx_word' id='word_1_217' title='bbox 687 1452 789 1488; x_wconf 79' lang='grc' dir='ltr'>ταύτην</span> <span class='ocrx_word' id='word_1_218' title='bbox 815 1455 847 1489; x_wconf 83' lang='grc' dir='ltr'>τῇ</span> <span class='ocrx_word' id='word_1_219' title='bbox 871 1456 904 1489; x_wconf 86' lang='grc' dir='ltr'>σῇ</span> 
     </span>
    </p>
   </div>
   <div class='ocr_carea' id='block_1_32' title="bbox 115 1490 906 1534">
    <p class='ocr_par' dir='ltr' id='par_1_32' title="bbox 115 1490 906 1534">
     <span class='ocr_line' id='line_1_32' title="bbox 115 1490 906 1534; baseline 0.015 -20"><span class='ocrx_word' id='word_1_220' title='bbox 115 1490 292 1524; x_wconf 78' lang='grc' dir='ltr'>προαιρέσει,</span> <span class='ocrx_word' id='word_1_221' title='bbox 309 1492 379 1518; x_wconf 74' lang='grc' dir='ltr'>ὥστε</span> <span class='ocrx_word' id='word_1_222' title='bbox 408 1494 507 1526; x_wconf 75' lang='grc' dir='ltr'>ἐξεῖναι</span> <span class='ocrx_word' id='word_1_223' title='bbox 530 1498 641 1531; x_wconf 81' lang='grc' dir='ltr'>κρατεῖν</span> <span class='ocrx_word' id='word_1_224' title='bbox 655 1497 684 1523; x_wconf 79' lang='grc' dir='ltr'>ὃν</span> <span class='ocrx_word' id='word_1_225' title='bbox 699 1497 731 1524; x_wconf 86' lang='grc' dir='ltr'>ἂν</span> <span class='ocrx_word' id='word_1_226' title='bbox 747 1498 843 1534; x_wconf 72' lang='grc' dir='ltr'>θέλῃς,</span> <span class='ocrx_word' id='word_1_227' title='bbox 859 1500 906 1526; x_wconf 80' lang='grc' dir='ltr'><strong>καὶ</strong></span> 
     </span>
    </p>
   </div>
   <div class='ocr_carea' id='block_1_33' title="bbox 115 1536 906 1578">
    <p class='ocr_par' dir='ltr' id='par_1_33' title="bbox 115 1536 906 1578">
     <span class='ocr_line' id='line_1_33' title="bbox 115 1536 906 1578; baseline 0.016 -19"><span class='ocrx_word' id='word_1_228' title='bbox 115 1536 338 1571; x_wconf 78' lang='grc' dir='ltr'>προχειρίζεσθαι</span> <span class='ocrx_word' id='word_1_229' title='bbox 345 1541 516 1574; x_wconf 71' lang='grc' dir='ltr'>προεστῶτας</span> <span class='ocrx_word' id='word_1_230' title='bbox 525 1544 583 1572; x_wconf 79' lang='grc' dir='ltr'>ταῖς</span> <span class='ocrx_word' id='word_1_231' title='bbox 592 1542 776 1578; x_wconf 80' lang='grc' dir='ltr'>Ἑκκλησίαις,</span> <span class='ocrx_word' id='word_1_232' title='bbox 787 1546 833 1571; x_wconf 76' lang='grc' dir='ltr'>καὶ</span> <span class='ocrx_word' id='word_1_233' title='bbox 846 1548 906 1578; x_wconf 84' lang='grc' dir='ltr'>ταῖς</span> 
     </span>
    </p>
   </div>
   <div class='ocr_carea' id='block_1_34' title="bbox 958 315 1744 352">
    <p class='ocr_par' dir='ltr' id='par_1_34' title="bbox 958 315 1744 352">
     <span class='ocr_line' id='line_1_34' title="bbox 958 315 1744 352; baseline 0.006 -10"><span class='ocrx_word' id='word_1_234' title='bbox 958 315 1109 348; x_wconf 87' lang='lat' dir='ltr'><strong>inculcem,</strong></span> <span class='ocrx_word' id='word_1_235' title='bbox 1126 316 1198 350; x_wconf 90' lang='lat' dir='ltr'><strong>quod</strong></span> <span class='ocrx_word' id='word_1_236' title='bbox 1220 316 1281 351; x_wconf 87' lang='lat' dir='ltr'><strong>ejus</strong></span> <span class='ocrx_word' id='word_1_237' title='bbox 1299 316 1414 344; x_wconf 76' lang='lat' dir='ltr'><strong>clericus</strong></span> <span class='ocrx_word' id='word_1_238' title='bbox 1437 324 1451 343; x_wconf 88' lang='lat' dir='ltr'><strong>a</strong></span> <span class='ocrx_word' id='word_1_239' title='bbox 1475 317 1596 352; x_wconf 87' lang='lat' dir='ltr'><strong>qualibet</strong></span> <span class='ocrx_word' id='word_1_240' title='bbox 1624 318 1744 347; x_wconf 79' lang='lat' dir='ltr'><strong>Ecclesia</strong></span> 
     </span>
    </p>
   </div>
   <div class='ocr_carea' id='block_1_35' title="bbox 958 361 1745 396">
    <p class='ocr_par' dir='ltr' id='par_1_35' title="bbox 958 361 1745 396">
     <span class='ocr_line' id='line_1_35' title="bbox 958 361 1745 396; baseline 0.006 -9"><span class='ocrx_word' id='word_1_241' title='bbox 958 362 1073 395; x_wconf 81' lang='lat' dir='ltr'><strong>regenda</strong></span> <span class='ocrx_word' id='word_1_242' title='bbox 1093 362 1245 396; x_wconf 75' lang='lat' dir='ltr'><strong>postuletur</strong></span> <span class='ocrx_word' id='word_1_243' title='bbox 1264 372 1270 389; x_wconf 86' lang='lat'><strong>:</strong></span> <span class='ocrx_word' id='word_1_244' title='bbox 1287 363 1333 390; x_wconf 91' lang='lat' dir='ltr'><strong>sed</strong></span> <span class='ocrx_word' id='word_1_245' title='bbox 1355 361 1425 389; x_wconf 89' lang='lat' dir='ltr'><strong>forte</strong></span> <span class='ocrx_word' id='word_1_246' title='bbox 1439 362 1466 389; x_wconf 90' lang='lat' dir='ltr'><strong>in</strong></span> <span class='ocrx_word' id='word_1_247' title='bbox 1483 362 1614 390; x_wconf 90' lang='lat' dir='ltr'><strong>hodierno</strong></span> <span class='ocrx_word' id='word_1_248' title='bbox 1625 372 1677 391; x_wconf 91' lang='lat' dir='ltr'><strong>non</strong></span> <span class='ocrx_word' id='word_1_249' title='bbox 1702 372 1745 392; x_wconf 76' lang='lat' dir='ltr'><strong>re—</strong></span> 
     </span>
    </p>
   </div>
   <div class='ocr_carea' id='block_1_36' title="bbox 957 407 1744 443">
    <p class='ocr_par' dir='ltr' id='par_1_36' title="bbox 957 407 1744 443">
     <span class='ocr_line' id='line_1_36' title="bbox 957 407 1744 443; baseline 0.004 -9"><span class='ocrx_word' id='word_1_250' title='bbox 957 407 1051 434; x_wconf 83' lang='lat' dir='ltr'><strong>luctati</strong></span> <span class='ocrx_word' id='word_1_251' title='bbox 1065 412 1138 440; x_wconf 87' lang='lat' dir='ltr'><strong>sunt,</strong></span> <span class='ocrx_word' id='word_1_252' title='bbox 1159 411 1186 435; x_wconf 89' lang='lat' dir='ltr'><strong>et</strong></span> <span class='ocrx_word' id='word_1_253' title='bbox 1197 415 1230 435; x_wconf 90' lang='lat' dir='ltr'><strong>ne</strong></span> <span class='ocrx_word' id='word_1_254' title='bbox 1246 408 1355 442; x_wconf 82' lang='lat' dir='ltr'><strong>quando</strong></span> <span class='ocrx_word' id='word_1_255' title='bbox 1367 408 1506 443; x_wconf 84' lang='lat' dir='ltr'><strong>contingat</strong></span> <span class='ocrx_word' id='word_1_256' title='bbox 1523 413 1552 435; x_wconf 92' lang='lat' dir='ltr'><strong>ut</strong></span> <span class='ocrx_word' id='word_1_257' title='bbox 1568 410 1744 443; x_wconf 73' lang='lat' dir='ltr'><strong>reluctantur,</strong></span> 
     </span>
    </p>
   </div>
   <div class='ocr_carea' id='block_1_37' title="bbox 958 453 1743 490">
    <p class='ocr_par' dir='ltr' id='par_1_37' title="bbox 958 453 1743 490">
     <span class='ocr_line' id='line_1_37' title="bbox 958 453 1743 490; baseline 0.004 -10"><span class='ocrx_word' id='word_1_258' title='bbox 958 462 1018 481; x_wconf 87' lang='lat' dir='ltr'><strong>cum</strong></span> <span class='ocrx_word' id='word_1_259' title='bbox 1035 453 1136 481; x_wconf 82' lang='lat' dir='ltr'><strong>fuerint</strong></span> <span class='ocrx_word' id='word_1_260' title='bbox 1154 462 1169 481; x_wconf 88' lang='lat' dir='ltr'><strong>a</strong></span> <span class='ocrx_word' id='word_1_261' title='bbox 1187 462 1229 481; x_wconf 88' lang='lat' dir='ltr'><strong>me</strong></span> <span class='ocrx_word' id='word_1_262' title='bbox 1251 454 1277 481; x_wconf 93' lang='lat' dir='ltr'><strong>in</strong></span> <span class='ocrx_word' id='word_1_263' title='bbox 1312 455 1362 481; x_wconf 88' lang='lat' dir='ltr'><strong>hac</strong></span> <span class='ocrx_word' id='word_1_264' title='bbox 1386 461 1468 481; x_wconf 83' lang='lat' dir='ltr'><strong>causa</strong></span> <span class='ocrx_word' id='word_1_265' title='bbox 1496 456 1634 489; x_wconf 79' lang='lat' dir='ltr'><strong>postulati,</strong></span> <span class='ocrx_word' id='word_1_266' title='bbox 1662 464 1743 490; x_wconf 91' lang='lat' dir='ltr'><strong>quem</strong></span> 
     </span>
    </p>
   </div>
   <div class='ocr_carea' id='block_1_38' title="bbox 957 499 1747 532">
    <p class='ocr_par' dir='ltr' id='par_1_38' title="bbox 957 499 1747 532">
     <span class='ocr_line' id='line_1_38' title="bbox 957 499 1747 532; baseline 0.003 -5"><span class='ocrx_word' id='word_1_267' title='bbox 957 499 1033 527; x_wconf 89' lang='lat' dir='ltr'><strong>scitis</strong></span> <span class='ocrx_word' id='word_1_268' title='bbox 1059 499 1409 532; x_wconf 81' lang='lat' dir='ltr'><strong>multarum,Ecclesiarum</strong></span> <span class='ocrx_word' id='word_1_269' title='bbox 1425 505 1452 527; x_wconf 90' lang='lat' dir='ltr'><strong>et</strong></span> <span class='ocrx_word' id='word_1_270' title='bbox 1466 500 1678 528; x_wconf 84' lang='lat' dir='ltr'><strong>ordinandorum</strong></span> <span class='ocrx_word' id='word_1_271' title='bbox 1698 510 1747 529; x_wconf 90' lang='lat' dir='ltr'><strong>cu—</strong></span> 
     </span>
    </p>
   </div>
   <div class='ocr_carea' id='block_1_39' title="bbox 957 544 1746 580">
    <p class='ocr_par' dir='ltr' id='par_1_39' title="bbox 957 544 1746 580">
     <span class='ocr_line' id='line_1_39' title="bbox 957 544 1746 580; baseline 0.004 -9"><span class='ocrx_word' id='word_1_272' title='bbox 957 551 1015 571; x_wconf 86' lang='lat' dir='ltr'><strong>ram</strong></span> <span class='ocrx_word' id='word_1_273' title='bbox 1029 545 1174 571; x_wconf 89' lang='lat' dir='ltr'><strong>sustinere.</strong></span> <span class='ocrx_word' id='word_1_274' title='bbox 1194 544 1301 571; x_wconf 82' lang='lat' dir='ltr'><strong>Justum</strong></span> <span class='ocrx_word' id='word_1_275' title='bbox 1311 548 1354 571; x_wconf 90' lang='lat' dir='ltr'><strong>est</strong></span> <span class='ocrx_word' id='word_1_276' title='bbox 1365 552 1439 580; x_wconf 82' lang='lat' dir='ltr'><strong>ergo,</strong></span> <span class='ocrx_word' id='word_1_277' title='bbox 1459 549 1486 572; x_wconf 91' lang='lat' dir='ltr'><strong>ut</strong></span> <span class='ocrx_word' id='word_1_278' title='bbox 1501 546 1649 579; x_wconf 83' lang='lat' dir='ltr'><strong>quemlibet</strong></span> <span class='ocrx_word' id='word_1_279' title='bbox 1679 554 1746 574; x_wconf 90' lang='lat' dir='ltr'><strong>con-</strong></span> 
     </span>
    </p>
   </div>
   <div class='ocr_carea' id='block_1_40' title="bbox 958 590 1746 619">
    <p class='ocr_par' dir='ltr' id='par_1_40' title="bbox 958 590 1746 619">
     <span class='ocr_line' id='line_1_40' title="bbox 958 590 1746 619; baseline 0.003 -2"><span class='ocrx_word' id='word_1_280' title='bbox 958 590 1132 617; x_wconf 84' lang='lat' dir='ltr'><strong>sacerdotum</strong></span> <span class='ocrx_word' id='word_1_281' title='bbox 1158 590 1319 617; x_wconf 81' lang='lat' dir='ltr'><strong>conveniam</strong></span> <span class='ocrx_word' id='word_1_282' title='bbox 1341 598 1401 617; x_wconf 86' lang='lat' dir='ltr'><strong>eum</strong></span> <span class='ocrx_word' id='word_1_283' title='bbox 1427 591 1535 618; x_wconf 89' lang='lat' dir='ltr'><strong>duobus</strong></span> <span class='ocrx_word' id='word_1_284' title='bbox 1564 598 1579 618; x_wconf 92' lang='lat' dir='ltr'><strong>e</strong></span> <span class='ocrx_word' id='word_1_285' title='bbox 1607 592 1746 619; x_wconf 89' lang='lat' dir='ltr'><strong>consortio</strong></span> 
     </span>
    </p>
   </div>
   <div class='ocr_carea' id='block_1_41' title="bbox 958 634 1746 667">
    <p class='ocr_par' dir='ltr' id='par_1_41' title="bbox 958 634 1746 667">
     <span class='ocr_line' id='line_1_41' title="bbox 958 634 1746 667; baseline 0.004 -5"><span class='ocrx_word' id='word_1_286' title='bbox 958 639 1062 667; x_wconf 78' lang='lat' dir='ltr'><strong>nostro,</strong></span> <span class='ocrx_word' id='word_1_287' title='bbox 1077 635 1120 662; x_wconf 87' lang='lat' dir='ltr'><strong>vel</strong></span> <span class='ocrx_word' id='word_1_288' title='bbox 1138 635 1224 662; x_wconf 86' lang='lat' dir='ltr'><strong>tribus</strong></span> <span class='ocrx_word' id='word_1_289' title='bbox 1236 635 1360 663; x_wconf 83' lang='lat' dir='ltr'><strong>testibus.</strong></span> <span class='ocrx_word' id='word_1_290' title='bbox 1372 634 1418 662; x_wconf 91' lang='lat' dir='ltr'><strong>Sin</strong></span> <span class='ocrx_word' id='word_1_291' title='bbox 1432 643 1496 662; x_wconf 78' lang='lat' dir='ltr'><strong>vero</strong></span> <span class='ocrx_word' id='word_1_292' title='bbox 1507 636 1650 665; x_wconf 88' lang='lat' dir='ltr'><strong>indevotus</strong></span> <span class='ocrx_word' id='word_1_293' title='bbox 1663 638 1746 664; x_wconf 82' lang='lat' dir='ltr'><strong>exsti-</strong></span> 
     </span>
    </p>
   </div>
   <div class='ocr_carea' id='block_1_42' title="bbox 959 681 1746 718">
    <p class='ocr_par' dir='ltr' id='par_1_42' title="bbox 959 681 1746 718">
     <span class='ocr_line' id='line_1_42' title="bbox 959 681 1746 718; baseline 0.001 -10"><span class='ocrx_word' id='word_1_294' title='bbox 959 681 1032 712; x_wconf 80' lang='lat' dir='ltr'><strong>terit,</strong></span> <span class='ocrx_word' id='word_1_295' title='bbox 1047 681 1112 715; x_wconf 87' lang='lat' dir='ltr'><strong>quid</strong></span> <span class='ocrx_word' id='word_1_296' title='bbox 1129 686 1222 708; x_wconf 78' lang='lat' dir='ltr'><strong>censet</strong></span> <span class='ocrx_word' id='word_1_297' title='bbox 1242 681 1363 708; x_wconf 81' lang='lat' dir='ltr'><strong>Charitas</strong></span> <span class='ocrx_word' id='word_1_298' title='bbox 1380 685 1468 708; x_wconf 78' lang='lat' dir='ltr'><strong>vestra</strong></span> <span class='ocrx_word' id='word_1_299' title='bbox 1495 681 1671 709; x_wconf 86' lang='lat' dir='ltr'><strong>faciendum?</strong></span> <span class='ocrx_word' id='word_1_300' title='bbox 1690 683 1746 718; x_wconf 81' lang='lat' dir='ltr'><strong>Ego</strong></span> 
     </span>
    </p>
   </div>
   <div class='ocr_carea' id='block_1_43' title="bbox 957 727 1746 762">
    <p class='ocr_par' dir='ltr' id='par_1_43' title="bbox 957 727 1746 762">
     <span class='ocr_line' id='line_1_43' title="bbox 957 727 1746 762; baseline 0.003 -9"><span class='ocrx_word' id='word_1_301' title='bbox 957 727 1029 754; x_wconf 90' lang='lat' dir='ltr'><strong>enim</strong></span> <span class='ocrx_word' id='word_1_302' title='bbox 1054 731 1214 753; x_wconf 84' lang='lat' dir='ltr'><strong>cunctarum</strong></span> <span class='ocrx_word' id='word_1_303' title='bbox 1232 727 1425 759; x_wconf 83' lang='lat' dir='ltr'><strong>Ecclesiarum,</strong></span> <span class='ocrx_word' id='word_1_304' title='bbox 1450 727 1605 762; x_wconf 77' lang='lat' dir='ltr'><strong>dignatione</strong></span> <span class='ocrx_word' id='word_1_305' title='bbox 1634 727 1691 760; x_wconf 83' lang='lat' dir='ltr'><strong>Dei.</strong></span> <span class='ocrx_word' id='word_1_306' title='bbox 1716 733 1746 755; x_wconf 90' lang='grc' dir='ltr'><strong>ιιι</strong></span> 
     </span>
    </p>
   </div>
   <div class='ocr_carea' id='block_1_44' title="bbox 958 771 1747 804">
    <p class='ocr_par' dir='ltr' id='par_1_44' title="bbox 958 771 1747 804">
     <span class='ocr_line' id='line_1_44' title="bbox 958 771 1747 804; baseline 0.003 -5"><span class='ocrx_word' id='word_1_307' title='bbox 958 772 1044 803; x_wconf 89' lang='lat' dir='ltr'><strong>scitis,</strong></span> <span class='ocrx_word' id='word_1_308' title='bbox 1061 771 1168 804; x_wconf 85' lang='lat' dir='ltr'><strong>fratres,</strong></span> <span class='ocrx_word' id='word_1_309' title='bbox 1189 772 1398 799; x_wconf 85' lang='lat' dir='ltr'><strong>sollicitudinem</strong></span> <span class='ocrx_word' id='word_1_310' title='bbox 1407 772 1540 800; x_wconf 83' lang='lat' dir='ltr'><strong>sustineo.</strong></span> <span class='ocrx_word' id='word_1_311' title='bbox 1557 787 1591 792; x_wconf 87' lang='lat'><strong>——</strong></span> <span class='ocrx_word' id='word_1_312' title='bbox 1603 773 1747 802; x_wconf 87' lang='lat' dir='ltr'><strong>Numidius</strong></span> 
     </span>
    </p>
   </div>
   <div class='ocr_carea' id='block_1_45' title="bbox 957 818 1746 854">
    <p class='ocr_par' dir='ltr' id='par_1_45' title="bbox 957 818 1746 854">
     <span class='ocr_line' id='line_1_45' title="bbox 957 818 1746 854; baseline 0.001 -9"><span class='ocrx_word' id='word_1_313' title='bbox 957 819 1101 853; x_wconf 81' lang='lat' dir='ltr'><strong>episcopus</strong></span> <span class='ocrx_word' id='word_1_314' title='bbox 1111 819 1178 845; x_wconf 86' lang='lat' dir='ltr'><strong>dixit</strong></span> <span class='ocrx_word' id='word_1_315' title='bbox 1194 818 1382 854; x_wconf 82' lang='lat' dir='ltr'><strong>:Fuitsemper</strong></span> <span class='ocrx_word' id='word_1_316' title='bbox 1399 820 1456 847; x_wconf 70' lang='lat' dir='ltr'><strong>hazc</strong></span> <span class='ocrx_word' id='word_1_317' title='bbox 1470 820 1576 847; x_wconf 86' lang='lat' dir='ltr'><strong>licentia</strong></span> <span class='ocrx_word' id='word_1_318' title='bbox 1591 820 1656 846; x_wconf 75' lang='lat' dir='ltr'><strong>huic</strong></span> <span class='ocrx_word' id='word_1_319' title='bbox 1677 820 1746 850; x_wconf 77' lang='lat' dir='ltr'><strong>sedi,</strong></span> 
     </span>
    </p>
   </div>
   <div class='ocr_carea' id='block_1_46' title="bbox 959 863 1747 898">
    <p class='ocr_par' dir='ltr' id='par_1_46' title="bbox 959 863 1747 898">
     <span class='ocr_line' id='line_1_46' title="bbox 959 863 1747 898; baseline 0 -8"><span class='ocrx_word' id='word_1_320' title='bbox 959 868 987 890; x_wconf 91' lang='lat' dir='ltr'><strong>ut</strong></span> <span class='ocrx_word' id='word_1_321' title='bbox 1005 864 1075 891; x_wconf 85' lang='lat' dir='ltr'><strong>unde</strong></span> <span class='ocrx_word' id='word_1_322' title='bbox 1090 863 1145 898; x_wconf 82' lang='lat'><strong>38</strong></span> <span class='ocrx_word' id='word_1_323' title='bbox 1160 863 1247 896; x_wconf 59' lang='lat' dir='ltr'><strong>velli-t,</strong></span> <span class='ocrx_word' id='word_1_324' title='bbox 1267 868 1292 891; x_wconf 85' lang='lat' dir='ltr'><strong>et</strong></span> <span class='ocrx_word' id='word_1_325' title='bbox 1308 863 1341 890; x_wconf 88' lang='lat' dir='ltr'><strong>de</strong></span> <span class='ocrx_word' id='word_1_326' title='bbox 1356 864 1433 898; x_wconf 88' lang='lat' dir='ltr'><strong>cujus</strong></span> <span class='ocrx_word' id='word_1_327' title='bbox 1448 865 1559 891; x_wconf 85' lang='lat' dir='ltr'><strong>nomine</strong></span> <span class='ocrx_word' id='word_1_328' title='bbox 1572 864 1666 891; x_wconf 82' lang='lat' dir='ltr'><strong>fuisset</strong></span> <span class='ocrx_word' id='word_1_329' title='bbox 1680 872 1747 891; x_wconf 87' lang='lat' dir='ltr'><strong>eon-</strong></span> 
     </span>
    </p>
   </div>
   <div class='ocr_carea' id='block_1_47' title="bbox 959 910 1749 944">
    <p class='ocr_par' dir='ltr' id='par_1_47' title="bbox 959 910 1749 944">
     <span class='ocr_line' id='line_1_47' title="bbox 959 910 1749 944; baseline 0.001 -9"><span class='ocrx_word' id='word_1_330' title='bbox 959 913 1065 941; x_wconf 80' lang='lat' dir='ltr'><strong>vcntus,</strong></span> <span class='ocrx_word' id='word_1_331' title='bbox 1087 917 1135 943; x_wconf 89' lang='lat' dir='ltr'><strong>pro</strong></span> <span class='ocrx_word' id='word_1_332' title='bbox 1153 910 1290 936; x_wconf 78' lang='lat' dir='ltr'><strong>desiderio</strong></span> <span class='ocrx_word' id='word_1_333' title='bbox 1308 910 1442 944; x_wconf 80' lang='lat' dir='ltr'><strong>cujusque</strong></span> <span class='ocrx_word' id='word_1_334' title='bbox 1459 910 1588 937; x_wconf 72' lang='lat' dir='ltr'><strong>Ecclesia:</strong></span> <span class='ocrx_word' id='word_1_335' title='bbox 1608 910 1749 937; x_wconf 77' lang='lat' dir='ltr'><strong>ordinaret</strong></span> 
     </span>
    </p>
   </div>
   <div class='ocr_carea' id='block_1_48' title="bbox 955 954 1748 990">
    <p class='ocr_par' dir='ltr' id='par_1_48' title="bbox 955 954 1748 990">
     <span class='ocr_line' id='line_1_48' title="bbox 955 954 1748 990; baseline 0.001 -9"><span class='ocrx_word' id='word_1_336' title='bbox 955 955 1122 989; x_wconf 76' lang='lat' dir='ltr'><strong>episcopum.</strong></span> <span class='ocrx_word' id='word_1_337' title='bbox 1134 968 1169 974; x_wconf 88' lang='lat'>—</span> <span class='ocrx_word' id='word_1_338' title='bbox 1188 954 1337 989; x_wconf 74' lang='lat' dir='ltr'><strong>Epigonius</strong></span> <span class='ocrx_word' id='word_1_339' title='bbox 1348 955 1491 990; x_wconf 84' lang='lat' dir='ltr'><strong>episcopus</strong></span> <span class='ocrx_word' id='word_1_340' title='bbox 1505 955 1573 982; x_wconf 83' lang='lat' dir='ltr'><strong>dixit</strong></span> <span class='ocrx_word' id='word_1_341' title='bbox 1600 964 1607 982; x_wconf 86' lang='lat'><strong>:</strong></span> <span class='ocrx_word' id='word_1_342' title='bbox 1636 954 1748 982; x_wconf 85' lang='lat' dir='ltr'><strong>Bonitas</strong></span> 
     </span>
    </p>
   </div>
   <div class='ocr_carea' id='block_1_49' title="bbox 955 1000 1747 1036">
    <p class='ocr_par' dir='ltr' id='par_1_49' title="bbox 955 1000 1747 1036">
     <span class='ocr_line' id='line_1_49' title="bbox 955 1000 1747 1036; baseline 0 -9"><span class='ocrx_word' id='word_1_343' title='bbox 955 1004 1106 1035; x_wconf 81' lang='lat' dir='ltr'><strong>sequestrat</strong></span> <span class='ocrx_word' id='word_1_344' title='bbox 1126 1000 1335 1036; x_wconf 84' lang='lat' dir='ltr'><strong>possibilitatem</strong></span> <span class='ocrx_word' id='word_1_345' title='bbox 1354 1012 1360 1028; x_wconf 84' lang='lat'><strong>;</strong></span> <span class='ocrx_word' id='word_1_346' title='bbox 1380 1001 1470 1027; x_wconf 87' lang='lat' dir='ltr'><strong>minus</strong></span> <span class='ocrx_word' id='word_1_347' title='bbox 1491 1001 1564 1028; x_wconf 89' lang='lat' dir='ltr'><strong>enim</strong></span> <span class='ocrx_word' id='word_1_348' title='bbox 1591 1001 1747 1035; x_wconf 67' lang='lat' dir='ltr'><strong>prmsumis,</strong></span> 
     </span>
    </p>
   </div>
   <div class='ocr_carea' id='block_1_50' title="bbox 955 1045 1749 1078">
    <p class='ocr_par' dir='ltr' id='par_1_50' title="bbox 955 1045 1749 1078">
     <span class='ocr_line' id='line_1_50' title="bbox 955 1045 1749 1078; baseline 0.001 -6"><span class='ocrx_word' id='word_1_349' title='bbox 955 1045 1047 1078; x_wconf 74' lang='lat' dir='ltr'><strong>frater,</strong></span> <span class='ocrx_word' id='word_1_350' title='bbox 1064 1054 1126 1074; x_wconf 83' lang='lat' dir='ltr'><strong>curn</strong></span> <span class='ocrx_word' id='word_1_351' title='bbox 1144 1051 1170 1073; x_wconf 88' lang='lat' dir='ltr'><strong>te</strong></span> <span class='ocrx_word' id='word_1_352' title='bbox 1186 1047 1286 1073; x_wconf 90' lang='lat' dir='ltr'><strong>bonum</strong></span> <span class='ocrx_word' id='word_1_353' title='bbox 1307 1050 1334 1074; x_wconf 90' lang='lat' dir='ltr'><strong>et</strong></span> <span class='ocrx_word' id='word_1_354' title='bbox 1356 1046 1518 1074; x_wconf 85' lang='lat' dir='ltr'><strong>clementem</strong></span> <span class='ocrx_word' id='word_1_355' title='bbox 1539 1047 1669 1073; x_wconf 90' lang='lat' dir='ltr'><strong>omnibus</strong></span> <span class='ocrx_word' id='word_1_356' title='bbox 1686 1046 1749 1073; x_wconf 84' lang='lat' dir='ltr'><strong>red-</strong></span> 
     </span>
    </p>
   </div>
   <div class='ocr_carea' id='block_1_51' title="bbox 955 1091 1748 1126">
    <p class='ocr_par' dir='ltr' id='par_1_51' title="bbox 955 1091 1748 1126">
     <span class='ocr_line' id='line_1_51' title="bbox 955 1091 1748 1126; baseline 0 -8"><span class='ocrx_word' id='word_1_357' title='bbox 955 1092 997 1119; x_wconf 90' lang='lat' dir='ltr'><strong>dis</strong></span> <span class='ocrx_word' id='word_1_358' title='bbox 1013 1100 1018 1117; x_wconf 89' lang='lat'><strong>:</strong></span> <span class='ocrx_word' id='word_1_359' title='bbox 1039 1093 1122 1119; x_wconf 82' lang='lat' dir='ltr'><strong>habes</strong></span> <span class='ocrx_word' id='word_1_360' title='bbox 1135 1092 1206 1119; x_wconf 88' lang='lat' dir='ltr'><strong>enim</strong></span> <span class='ocrx_word' id='word_1_361' title='bbox 1221 1093 1273 1119; x_wconf 89' lang='lat' dir='ltr'><strong>hoc</strong></span> <span class='ocrx_word' id='word_1_362' title='bbox 1290 1092 1315 1118; x_wconf 92' lang='lat' dir='ltr'><strong>in</strong></span> <span class='ocrx_word' id='word_1_363' title='bbox 1334 1092 1458 1124; x_wconf 86' lang='lat' dir='ltr'><strong>arbitrio,</strong></span> <span class='ocrx_word' id='word_1_364' title='bbox 1477 1092 1543 1118; x_wconf 89' lang='lat' dir='ltr'><strong>satis</strong></span> <span class='ocrx_word' id='word_1_365' title='bbox 1564 1097 1607 1118; x_wconf 87' lang='lat' dir='ltr'><strong>est</strong></span> <span class='ocrx_word' id='word_1_366' title='bbox 1631 1091 1687 1126; x_wconf 80' lang='grc'>(16)</span> <span class='ocrx_word' id='word_1_367' title='bbox 1718 1096 1748 1118; x_wconf 87' lang='grc' dir='ltr'><strong>ιιι</strong></span> 
     </span>
    </p>
   </div>
   <div class='ocr_carea' id='block_1_52' title="bbox 955 1137 1747 1172">
    <p class='ocr_par' dir='ltr' id='par_1_52' title="bbox 955 1137 1747 1172">
     <span class='ocr_line' id='line_1_52' title="bbox 955 1137 1747 1172; baseline -0.003 -7"><span class='ocrx_word' id='word_1_368' title='bbox 955 1138 1069 1165; x_wconf 72' lang='lat' dir='ltr'><strong>satisfiat</strong></span> <span class='ocrx_word' id='word_1_369' title='bbox 1095 1146 1217 1172; x_wconf 76' lang='lat' dir='ltr'><strong>persona:</strong></span> <span class='ocrx_word' id='word_1_370' title='bbox 1234 1137 1450 1172; x_wconf 87' lang='lat' dir='ltr'><strong>uniuscujusque</strong></span> <span class='ocrx_word' id='word_1_371' title='bbox 1467 1137 1585 1172; x_wconf 87' lang='lat' dir='ltr'><strong>episcopi</strong></span> <span class='ocrx_word' id='word_1_372' title='bbox 1609 1137 1635 1163; x_wconf 94' lang='lat' dir='ltr'><strong>in</strong></span> <span class='ocrx_word' id='word_1_373' title='bbox 1660 1137 1747 1170; x_wconf 89' lang='lat' dir='ltr'><strong>prima</strong></span> 
     </span>
    </p>
   </div>
   <div class='ocr_carea' id='block_1_53' title="bbox 956 1181 1748 1216">
    <p class='ocr_par' dir='ltr' id='par_1_53' title="bbox 956 1181 1748 1216">
     <span class='ocr_line' id='line_1_53' title="bbox 956 1181 1748 1216; baseline -0.001 -7"><span class='ocrx_word' id='word_1_374' title='bbox 956 1183 1143 1209; x_wconf 83' lang='lat' dir='ltr'><strong>tantummodo</strong></span> <span class='ocrx_word' id='word_1_375' title='bbox 1159 1184 1348 1210; x_wconf 80' lang='lat' dir='ltr'><strong>conventione.</strong></span> <span class='ocrx_word' id='word_1_376' title='bbox 1367 1183 1396 1209; x_wconf 86' lang='lat' dir='ltr'><strong>Si</strong></span> <span class='ocrx_word' id='word_1_377' title='bbox 1424 1187 1513 1208; x_wconf 85' lang='lat' dir='ltr'><strong>autem</strong></span> <span class='ocrx_word' id='word_1_378' title='bbox 1531 1182 1586 1216; x_wconf 83' lang='lat' dir='ltr'><strong>(l7)</strong></span> <span class='ocrx_word' id='word_1_379' title='bbox 1608 1181 1748 1216; x_wconf 86' lang='lat' dir='ltr'><strong>quodlibet</strong></span> 
     </span>
    </p>
   </div>
   <div class='ocr_carea' id='block_1_54' title="bbox 956 1216 1751 1257">
    <p class='ocr_par' dir='ltr' id='par_1_54' title="bbox 956 1216 1751 1257">
     <span class='ocr_line' id='line_1_54' title="bbox 956 1216 1751 1257; baseline 0 -4"><span class='ocrx_word' id='word_1_380' title='bbox 956 1227 1019 1254; x_wconf 86' lang='lat' dir='ltr'><strong>huic</strong></span> <span class='ocrx_word' id='word_1_381' title='bbox 1049 1228 1105 1255; x_wconf 83' lang='lat' dir='ltr'><strong>sedi</strong></span> <span class='ocrx_word' id='word_1_382' title='bbox 1121 1228 1310 1254; x_wconf 77' lang='lat' dir='ltr'><strong>vindicandum</strong></span> <span class='ocrx_word' id='word_1_383' title='bbox 1332 1227 1383 1255; x_wconf 88' lang='lat' dir='ltr'><strong>sibi</strong></span> <span class='ocrx_word' id='word_1_384' title='bbox 1410 1216 1489 1254; x_wconf 73' lang='lat' dir='ltr'><strong>fuerit</strong></span> <span class='ocrx_word' id='word_1_385' title='bbox 1513 1227 1679 1257; x_wconf 80' lang='lat' dir='ltr'><strong>arbitratus.</strong></span> <span class='ocrx_word' id='word_1_386' title='bbox 1703 1235 1751 1254; x_wconf 89' lang='lat' dir='ltr'><strong>nc-</strong></span> 
     </span>
    </p>
   </div>
   <div class='ocr_carea' id='block_1_55' title="bbox 957 1273 1752 1302">
    <p class='ocr_par' dir='ltr' id='par_1_55' title="bbox 957 1273 1752 1302">
     <span class='ocr_line' id='line_1_55' title="bbox 957 1273 1752 1302; baseline -0.001 -2"><span class='ocrx_word' id='word_1_387' title='bbox 957 1281 1033 1301; x_wconf 89' lang='lat' dir='ltr'><strong>ccsse</strong></span> <span class='ocrx_word' id='word_1_388' title='bbox 1056 1274 1139 1302; x_wconf 85' lang='lat' dir='ltr'><strong>habes</strong></span> <span class='ocrx_word' id='word_1_389' title='bbox 1166 1279 1193 1300; x_wconf 94' lang='lat' dir='ltr'><strong>tu</strong></span> <span class='ocrx_word' id='word_1_390' title='bbox 1224 1281 1320 1301; x_wconf 69' lang='lat' dir='ltr'><strong>omnes</strong></span> <span class='ocrx_word' id='word_1_391' title='bbox 1344 1274 1481 1301; x_wconf 90' lang='lat' dir='ltr'><strong>Ecclesias</strong></span> <span class='ocrx_word' id='word_1_392' title='bbox 1500 1273 1639 1301; x_wconf 75' lang='lat' dir='ltr'><strong>suffulcire</strong></span> <span class='ocrx_word' id='word_1_393' title='bbox 1656 1282 1662 1298; x_wconf 88' lang='lat'><strong>:</strong></span> <span class='ocrx_word' id='word_1_394' title='bbox 1679 1273 1752 1300; x_wconf 78' lang='lat' dir='ltr'><strong>unde</strong></span> 
     </span>
    </p>
   </div>
   <div class='ocr_carea' id='block_1_56' title="bbox 957 1319 1751 1354">
    <p class='ocr_par' dir='ltr' id='par_1_56' title="bbox 957 1319 1751 1354">
     <span class='ocr_line' id='line_1_56' title="bbox 957 1319 1751 1354; baseline -0.001 -8"><span class='ocrx_word' id='word_1_395' title='bbox 957 1319 1004 1347; x_wconf 83' lang='lat' dir='ltr'><strong>tibi</strong></span> <span class='ocrx_word' id='word_1_396' title='bbox 1022 1327 1073 1346; x_wconf 89' lang='lat' dir='ltr'><strong>non</strong></span> <span class='ocrx_word' id='word_1_397' title='bbox 1091 1325 1250 1354; x_wconf 77' lang='lat' dir='ltr'><strong>potestatem</strong></span> <span class='ocrx_word' id='word_1_398' title='bbox 1265 1320 1372 1352; x_wconf 84' lang='lat' dir='ltr'><strong>damus,</strong></span> <span class='ocrx_word' id='word_1_399' title='bbox 1390 1320 1436 1346; x_wconf 88' lang='lat' dir='ltr'><strong>scd</strong></span> <span class='ocrx_word' id='word_1_400' title='bbox 1453 1324 1496 1346; x_wconf 85' lang='lat' dir='ltr'><strong>tua</strong></span> <span class='ocrx_word' id='word_1_401' title='bbox 1518 1319 1704 1354; x_wconf 69' lang='lat' dir='ltr'><strong>assignamns,</strong></span> <span class='ocrx_word' id='word_1_402' title='bbox 1721 1322 1751 1344; x_wconf 86' lang='lat' dir='ltr'><strong>ut.</strong></span> 
     </span>
    </p>
   </div>
   <div class='ocr_carea' id='block_1_57' title="bbox 956 1358 1751 1406">
    <p class='ocr_par' dir='ltr' id='par_1_57' title="bbox 956 1358 1751 1406">
     <span class='ocr_line' id='line_1_57' title="bbox 956 1358 1751 1406; baseline -0.001 -15"><span class='ocrx_word' id='word_1_403' title='bbox 956 1358 1036 1392; x_wconf 85' lang='lat' dir='ltr'><strong>liceat</strong></span> <span class='ocrx_word' id='word_1_404' title='bbox 1057 1365 1188 1392; x_wconf 78' lang='lat' dir='ltr'><strong>roluntati</strong></span> <span class='ocrx_word' id='word_1_405' title='bbox 1210 1371 1262 1406; x_wconf 72' lang='lat' dir='ltr'><strong>tua:</strong></span> <span class='ocrx_word' id='word_1_406' title='bbox 1291 1369 1318 1392; x_wconf 89' lang='lat' dir='ltr'><strong>et</strong></span> <span class='ocrx_word' id='word_1_407' title='bbox 1335 1372 1441 1399; x_wconf 87' lang='lat' dir='ltr'><strong>semper</strong></span> <span class='ocrx_word' id='word_1_408' title='bbox 1456 1369 1548 1392; x_wconf 89' lang='lat' dir='ltr'><strong>tenere</strong></span> <span class='ocrx_word' id='word_1_409' title='bbox 1563 1372 1643 1399; x_wconf 84' lang='lat' dir='ltr'><strong>quem</strong></span> <span class='ocrx_word' id='word_1_410' title='bbox 1657 1364 1731 1390; x_wconf 86' lang='lat' dir='ltr'><strong>voles</strong></span> <span class='ocrx_word' id='word_1_411' title='bbox 1742 1383 1751 1396; x_wconf 84' lang='lat'><strong>,</strong></span> 
     </span>
    </p>
   </div>
   <div class='ocr_carea' id='block_1_58' title="bbox 959 1407 1749 1442">
    <p class='ocr_par' dir='ltr' id='par_1_58' title="bbox 959 1407 1749 1442">
     <span class='ocr_line' id='line_1_58' title="bbox 959 1407 1749 1442; baseline -0.003 -8"><span class='ocrx_word' id='word_1_412' title='bbox 959 1412 988 1434; x_wconf 91' lang='lat' dir='ltr'><strong>ut</strong></span> <span class='ocrx_word' id='word_1_413' title='bbox 1003 1409 1162 1442; x_wconf 61' lang='lat' dir='ltr'><strong>praepositos</strong></span> <span class='ocrx_word' id='word_1_414' title='bbox 1185 1408 1308 1442; x_wconf 86' lang='lat' dir='ltr'><strong>plebibus</strong></span> <span class='ocrx_word' id='word_1_415' title='bbox 1325 1408 1364 1434; x_wconf 77' lang='lat' dir='ltr'><strong>vel</strong></span> <span class='ocrx_word' id='word_1_416' title='bbox 1381 1407 1509 1435; x_wconf 86' lang='lat' dir='ltr'><strong>Ecclesiis</strong></span> <span class='ocrx_word' id='word_1_417' title='bbox 1524 1408 1686 1438; x_wconf 86' lang='lat' dir='ltr'><strong>constituas,</strong></span> <span class='ocrx_word' id='word_1_418' title='bbox 1702 1408 1749 1441; x_wconf 86' lang='lat' dir='ltr'><strong>qui</strong></span> 
     </span>
    </p>
   </div>
   <div class='ocr_carea' id='block_1_59' title="bbox 957 1452 1750 1488">
    <p class='ocr_par' dir='ltr' id='par_1_59' title="bbox 957 1452 1750 1488">
     <span class='ocr_line' id='line_1_59' title="bbox 957 1452 1750 1488; baseline -0.001 -8"><span class='ocrx_word' id='word_1_419' title='bbox 957 1454 1083 1488; x_wconf 86' lang='lat' dir='ltr'><strong>postulati</strong></span> <span class='ocrx_word' id='word_1_420' title='bbox 1099 1453 1208 1486; x_wconf 81' lang='lat' dir='ltr'><strong>fuerint,</strong></span> <span class='ocrx_word' id='word_1_421' title='bbox 1220 1458 1247 1481; x_wconf 92' lang='lat' dir='ltr'><strong>et</strong></span> <span class='ocrx_word' id='word_1_422' title='bbox 1264 1454 1334 1480; x_wconf 86' lang='lat' dir='ltr'><strong>unde</strong></span> <span class='ocrx_word' id='word_1_423' title='bbox 1349 1452 1658 1480; x_wconf 84' lang='lat' dir='ltr'><strong>velis.—-Postumianus</strong></span> <span class='ocrx_word' id='word_1_424' title='bbox 1669 1452 1750 1488; x_wconf 78' lang='lat' dir='ltr'><strong>[Pes-</strong></span> 
     </span>
    </p>
   </div>
   <div class='ocr_carea' id='block_1_60' title="bbox 957 1498 1750 1535">
    <p class='ocr_par' dir='ltr' id='par_1_60' title="bbox 957 1498 1750 1535">
     <span class='ocr_line' id='line_1_60' title="bbox 957 1498 1750 1535; baseline -0.004 -8"><span class='ocrx_word' id='word_1_425' title='bbox 957 1499 1133 1535; x_wconf 86' lang='lat' dir='ltr'><strong>tumetianus]</strong></span> <span class='ocrx_word' id='word_1_426' title='bbox 1156 1501 1300 1534; x_wconf 70' lang='lat' dir='ltr'><strong>episcopus</strong></span> <span class='ocrx_word' id='word_1_427' title='bbox 1318 1499 1385 1526; x_wconf 77' lang='lat' dir='ltr'><strong>dixit</strong></span> <span class='ocrx_word' id='word_1_428' title='bbox 1404 1508 1410 1524; x_wconf 88' lang='lat'>:</span> <span class='ocrx_word' id='word_1_429' title='bbox 1429 1498 1548 1530; x_wconf 83' lang='lat' dir='ltr'><strong>Deinde,</strong></span> <span class='ocrx_word' id='word_1_430' title='bbox 1573 1499 1619 1533; x_wconf 86' lang='lat' dir='ltr'><strong>qui</strong></span> <span class='ocrx_word' id='word_1_431' title='bbox 1634 1518 1641 1530; x_wconf 90' lang='lat'><strong>,</strong></span> <span class='ocrx_word' id='word_1_432' title='bbox 1666 1506 1750 1525; x_wconf 91' lang='lat' dir='ltr'><strong>unum</strong></span> 
     </span>
    </p>
   </div>
   <div class='ocr_carea' id='block_1_61' title="bbox 963 1544 1750 1579">
    <p class='ocr_par' dir='ltr' id='par_1_61' title="bbox 963 1544 1750 1579">
     <span class='ocr_line' id='line_1_61' title="bbox 963 1544 1750 1579; baseline -0.003 -7"><span class='ocrx_word' id='word_1_433' title='bbox 963 1546 1097 1577; x_wconf 82' lang='lat' dir='ltr'><strong>habuerit,</strong></span> <span class='ocrx_word' id='word_1_434' title='bbox 1126 1545 1248 1579; x_wconf 90' lang='lat' dir='ltr'><strong>nunquid</strong></span> <span class='ocrx_word' id='word_1_435' title='bbox 1267 1545 1346 1572; x_wconf 82' lang='lat' dir='ltr'><strong>debet</strong></span> <span class='ocrx_word' id='word_1_436' title='bbox 1371 1544 1408 1571; x_wconf 91' lang='lat' dir='ltr'><strong>illi</strong></span> <span class='ocrx_word' id='word_1_437' title='bbox 1428 1551 1500 1571; x_wconf 92' lang='lat' dir='ltr'><strong>unus</strong></span> <span class='ocrx_word' id='word_1_438' title='bbox 1526 1544 1668 1578; x_wconf 86' lang='lat' dir='ltr'><strong>presbyter</strong></span> <span class='ocrx_word' id='word_1_439' title='bbox 1700 1551 1750 1570; x_wconf 85' lang='lat' dir='ltr'><strong>au-</strong></span> 
     </span>
    </p>
   </div>
   <div class='ocr_carea' id='block_1_62' title="bbox 116 1581 913 1636">
    <p class='ocr_par' dir='ltr' id='par_1_62' title="bbox 116 1581 893 1622">
     <span class='ocr_line' id='line_1_62' title="bbox 116 1581 893 1622; baseline 0.015 -16"><span class='ocrx_word' id='word_1_440' title='bbox 116 1581 221 1613; x_wconf 82' lang='grc' dir='ltr'>λοιπαῖς</span> <span class='ocrx_word' id='word_1_441' title='bbox 239 1584 300 1614; x_wconf 75' lang='grc' dir='ltr'>τοὺς</span> <span class='ocrx_word' id='word_1_442' title='bbox 315 1583 496 1619; x_wconf 77' lang='grc' dir='ltr'>ζητουμένους</span> <span class='ocrx_word' id='word_1_443' title='bbox 507 1606 514 1618; x_wconf 85' lang='grc'><strong>,</strong></span> <span class='ocrx_word' id='word_1_444' title='bbox 532 1588 578 1614; x_wconf 71' lang='grc' dir='ltr'><strong>καὶ</strong></span> <span class='ocrx_word' id='word_1_445' title='bbox 590 1588 649 1615; x_wconf 81' lang='grc' dir='ltr'>ὅθεν</span> <span class='ocrx_word' id='word_1_446' title='bbox 667 1590 791 1622; x_wconf 78' lang='grc' dir='ltr'>συνίδοις.</span> <span class='ocrx_word' id='word_1_447' title='bbox 808 1607 842 1612; x_wconf 94' lang='grc'><strong><em>-</em></strong></span> <span class='ocrx_word' id='word_1_448' title='bbox 855 1593 893 1618; x_wconf 89' lang='grc' dir='ltr'>Πο</span> 
     </span>
    </p>
   </div>
   <div class='ocr_carea' id='block_1_63' title="bbox 959 1581 1750 1636">
    <p class='ocr_par' dir='ltr' id='par_1_63' title="bbox 963 1588 1750 1624">
     <span class='ocr_line' id='line_1_63' title="bbox 963 1588 1750 1624; baseline -0.004 -8"><span class='ocrx_word' id='word_1_449' title='bbox 963 1589 1205 1617; x_wconf 83' lang='lat' dir='ltr'><strong>ferri?—Aurclins</strong></span> <span class='ocrx_word' id='word_1_450' title='bbox 1215 1590 1359 1624; x_wconf 82' lang='lat' dir='ltr'><strong>episcopus</strong></span> <span class='ocrx_word' id='word_1_451' title='bbox 1370 1588 1454 1615; x_wconf 81' lang='lat' dir='ltr'><strong>dixit:</strong></span> <span class='ocrx_word' id='word_1_452' title='bbox 1465 1588 1518 1615; x_wconf 85' lang='lat' dir='ltr'><strong>Sed</strong></span> <span class='ocrx_word' id='word_1_453' title='bbox 1527 1588 1669 1622; x_wconf 86' lang='lat' dir='ltr'><strong>cpiscopus</strong></span> <span class='ocrx_word' id='word_1_454' title='bbox 1681 1594 1750 1614; x_wconf 91' lang='lat' dir='ltr'><strong>unus</strong></span> 
     </span>
    </p>
   </div>
   <div class='ocr_carea' id='block_1_64' title="bbox 118 1629 909 1666">
    <p class='ocr_par' dir='ltr' id='par_1_64' title="bbox 118 1629 909 1666">
     <span class='ocr_line' id='line_1_64' title="bbox 118 1629 909 1666; baseline 0.015 -15"><span class='ocrx_word' id='word_1_455' title='bbox 118 1629 316 1661; x_wconf 78' lang='grc' dir='ltr'>στουμητιανὺς</span> <span class='ocrx_word' id='word_1_456' title='bbox 333 1630 481 1662; x_wconf 81' lang='grc' dir='ltr'>ἐπίσκοπος</span> <span class='ocrx_word' id='word_1_457' title='bbox 494 1630 579 1658; x_wconf 78' lang='grc' dir='ltr'>εἶπεν·</span> <span class='ocrx_word' id='word_1_458' title='bbox 599 1632 664 1659; x_wconf 76' lang='grc' dir='ltr'>Εἶτα</span> <span class='ocrx_word' id='word_1_459' title='bbox 678 1634 724 1660; x_wconf 83' lang='grc' dir='ltr'>ἐάν</span> <span class='ocrx_word' id='word_1_460' title='bbox 739 1643 780 1666; x_wconf 83' lang='grc' dir='ltr'><strong>τις</strong></span> <span class='ocrx_word' id='word_1_461' title='bbox 797 1636 844 1662; x_wconf 74' lang='grc' dir='ltr'><strong>ἐνα</strong></span> <span class='ocrx_word' id='word_1_462' title='bbox 863 1637 909 1663; x_wconf 59' lang='grc' dir='ltr'><strong>καί¹</strong></span> 
     </span>
    </p>
   </div>
   <div class='ocr_carea' id='block_1_65' title="bbox 118 1672 909 1714">
    <p class='ocr_par' dir='ltr' id='par_1_65' title="bbox 118 1672 909 1714">
     <span class='ocr_line' id='line_1_65' title="bbox 118 1672 909 1714; baseline 0.015 -17"><span class='ocrx_word' id='word_1_463' title='bbox 118 1672 199 1706; x_wconf 83' lang='grc' dir='ltr'>μόνον</span> <span class='ocrx_word' id='word_1_464' title='bbox 213 1675 264 1708; x_wconf 86' lang='grc' dir='ltr'><strong>σχῇ</strong></span> <span class='ocrx_word' id='word_1_465' title='bbox 277 1676 471 1711; x_wconf 77' lang='grc' dir='ltr'>πρεσϐύτερον,</span> <span class='ocrx_word' id='word_1_466' title='bbox 490 1678 527 1712; x_wconf 89' lang='grc' dir='ltr'>μὴ</span> <span class='ocrx_word' id='word_1_467' title='bbox 545 1678 645 1712; x_wconf 76' lang='grc' dir='ltr'>ὀφείλει</span> <span class='ocrx_word' id='word_1_468' title='bbox 656 1680 702 1706; x_wconf 76' lang='grc' dir='ltr'><strong>καὶ</strong></span> <span class='ocrx_word' id='word_1_469' title='bbox 711 1681 789 1712; x_wconf 73' lang='grc' dir='ltr'>αὐτὸς</span> <span class='ocrx_word' id='word_1_470' title='bbox 803 1683 816 1707; x_wconf 84' lang='grc' dir='ltr'><strong>ό</strong></span> <span class='ocrx_word' id='word_1_471' title='bbox 831 1679 870 1713; x_wconf 72' lang='grc' dir='ltr'>εἷς</span> <span class='ocrx_word' id='word_1_472' title='bbox 880 1682 909 1714; x_wconf 84' lang='grc' dir='ltr'>ἐξ</span> 
     </span>
    </p>
   </div>
   <div class='ocr_carea' id='block_1_66' title="bbox 117 1717 910 1758">
    <p class='ocr_par' dir='ltr' id='par_1_66' title="bbox 117 1717 910 1758">
     <span class='ocr_line' id='line_1_66' title="bbox 117 1717 910 1758; baseline 0.013 -15"><span class='ocrx_word' id='word_1_473' title='bbox 117 1717 201 1744; x_wconf 83' lang='grc' dir='ltr'>αὑτοῦ</span> <span class='ocrx_word' id='word_1_474' title='bbox 210 1720 390 1755; x_wconf 74' lang='grc' dir='ltr'>ἀφαιρεθῆναι</span> <span class='ocrx_word' id='word_1_475' title='bbox 399 1723 481 1754; x_wconf 77' lang='grc' dir='ltr'><strong>;-Λύ</strong></span> <span class='ocrx_word' id='word_1_476' title='bbox 487 1723 575 1758; x_wconf 85' lang='grc' dir='ltr'>ρή).ιος</span> <span class='ocrx_word' id='word_1_477' title='bbox 583 1724 731 1756; x_wconf 79' lang='grc' dir='ltr'>ἐπίσκοπος</span> <span class='ocrx_word' id='word_1_478' title='bbox 737 1724 821 1753; x_wconf 81' lang='grc' dir='ltr'>εἶπεν·</span> <span class='ocrx_word' id='word_1_479' title='bbox 833 1728 910 1753; x_wconf 84' lang='grc' dir='ltr'>Κατὰ</span> 
     </span>
    </p>
   </div>
   <div class='ocr_carea' id='block_1_67' title="bbox 119 1764 909 1802">
    <p class='ocr_par' dir='ltr' id='par_1_67' title="bbox 119 1764 909 1802">
     <span class='ocr_line' id='line_1_67' title="bbox 119 1764 909 1802; baseline 0.01 -13"><span class='ocrx_word' id='word_1_480' title='bbox 119 1764 293 1799; x_wconf 77' lang='grc' dir='ltr'>συγχώρησιν</span> <span class='ocrx_word' id='word_1_481' title='bbox 318 1766 396 1798; x_wconf 79' lang='grc' dir='ltr'>Θεοῦ,</span> <span class='ocrx_word' id='word_1_482' title='bbox 412 1767 521 1794; x_wconf 79' lang='grc' dir='ltr'>δύναται</span> <span class='ocrx_word' id='word_1_483' title='bbox 535 1769 549 1794; x_wconf 80' lang='grc' dir='ltr'>ὁ</span> <span class='ocrx_word' id='word_1_484' title='bbox 562 1767 602 1799; x_wconf 77' lang='grc' dir='ltr'>εἷς</span> <span class='ocrx_word' id='word_1_485' title='bbox 624 1769 770 1802; x_wconf 78' lang='grc' dir='ltr'>ἐπίσκοπος</span> <span class='ocrx_word' id='word_1_486' title='bbox 796 1771 909 1802; x_wconf 80' lang='grc' dir='ltr'>πολλοὺς</span> 
     </span>
    </p>
   </div>
   <div class='ocr_carea' id='block_1_68' title="bbox 116 1812 910 1850">
    <p class='ocr_par' dir='ltr' id='par_1_68' title="bbox 116 1812 910 1850">
     <span class='ocr_line' id='line_1_68' title="bbox 116 1812 910 1850; baseline 0.01 -16"><span class='ocrx_word' id='word_1_487' title='bbox 116 1812 279 1844; x_wconf 80' lang='grc' dir='ltr'>χειροτονεῖν</span> <span class='ocrx_word' id='word_1_488' title='bbox 289 1812 491 1846; x_wconf 76' lang='grc' dir='ltr'>πρεσϐυτέρους</span> <span class='ocrx_word' id='word_1_489' title='bbox 508 1820 515 1828; x_wconf 67' lang='grc' dir='ltr'><strong>θ</strong></span> <span class='ocrx_word' id='word_1_490' title='bbox 526 1814 712 1850; x_wconf 72' lang='grc' dir='ltr'>πρεσϐύτερος</span> <span class='ocrx_word' id='word_1_491' title='bbox 720 1816 748 1841; x_wconf 78' lang='grc' dir='ltr'><strong>δὲ</strong></span> <span class='ocrx_word' id='word_1_492' title='bbox 765 1815 832 1850; x_wconf 80' lang='grc' dir='ltr'>πρὸς</span> <span class='ocrx_word' id='word_1_493' title='bbox 850 1817 910 1842; x_wconf 78' lang='grc' dir='ltr'>ἐπι-</span> 
     </span>
    </p>
   </div>
   <div class='ocr_carea' id='block_1_69' title="bbox 117 1855 902 1894">
    <p class='ocr_par' dir='ltr' id='par_1_69' title="bbox 117 1855 902 1894">
     <span class='ocr_line' id='line_1_69' title="bbox 117 1855 902 1894; baseline 0.01 -14"><span class='ocrx_word' id='word_1_494' title='bbox 117 1855 222 1888; x_wconf 79' lang='grc' dir='ltr'>σκοπὴν</span> <span class='ocrx_word' id='word_1_495' title='bbox 233 1856 394 1890; x_wconf 75' lang='grc' dir='ltr'>ὲπιτήδειος,</span> <span class='ocrx_word' id='word_1_496' title='bbox 412 1858 551 1892; x_wconf 82' lang='grc' dir='ltr'>δυσχερῶς</span> <span class='ocrx_word' id='word_1_497' title='bbox 571 1860 735 1894; x_wconf 83' lang='grc' dir='ltr'>εὑρίσκεται.</span> <span class='ocrx_word' id='word_1_498' title='bbox 749 1861 794 1887; x_wconf 84' lang='grc' dir='ltr'><strong>Διὸ</strong></span> <span class='ocrx_word' id='word_1_499' title='bbox 805 1862 852 1888; x_wconf 75' lang='grc' dir='ltr'>ἐὰν</span> <span class='ocrx_word' id='word_1_500' title='bbox 861 1870 902 1892; x_wconf 84' lang='grc' dir='ltr'><strong>τις</strong></span> 
     </span>
    </p>
   </div>
   <div class='ocr_carea' id='block_1_70' title="bbox 115 1899 904 1940">
    <p class='ocr_par' dir='ltr' id='par_1_70' title="bbox 115 1899 904 1940">
     <span class='ocr_line' id='line_1_70' title="bbox 115 1899 904 1940; baseline 0.011 -15"><span class='ocrx_word' id='word_1_501' title='bbox 115 1899 215 1935; x_wconf 79' lang='grc' dir='ltr'>εὑρεθῇ</span> <span class='ocrx_word' id='word_1_502' title='bbox 231 1900 300 1935; x_wconf 80' lang='grc' dir='ltr'>ἔχων</span> <span class='ocrx_word' id='word_1_503' title='bbox 312 1902 360 1928; x_wconf 75' lang='grc' dir='ltr'>ἕνα</span> <span class='ocrx_word' id='word_1_504' title='bbox 376 1903 455 1937; x_wconf 79' lang='grc' dir='ltr'>μόνον</span> <span class='ocrx_word' id='word_1_505' title='bbox 470 1904 666 1940; x_wconf 77' lang='grc' dir='ltr'>πρεσϐύτερον,</span> <span class='ocrx_word' id='word_1_506' title='bbox 679 1907 725 1932; x_wconf 79' lang='grc' dir='ltr'>καὶ</span> <span class='ocrx_word' id='word_1_507' title='bbox 739 1907 821 1933; x_wconf 82' lang='grc' dir='ltr'>αὐτὸν</span> <span class='ocrx_word' id='word_1_508' title='bbox 844 1908 904 1933; x_wconf 74' lang='grc' dir='ltr'>ἑπι-</span> 
     </span>
    </p>
   </div>
   <div class='ocr_carea' id='block_1_71' title="bbox 113 1945 905 1986">
    <p class='ocr_par' dir='ltr' id='par_1_71' title="bbox 113 1945 905 1986">
     <span class='ocr_line' id='line_1_71' title="bbox 113 1945 905 1986; baseline 0.01 -15"><span class='ocrx_word' id='word_1_509' title='bbox 113 1945 222 1980; x_wconf 82' lang='grc' dir='ltr'>τήδειον</span> <span class='ocrx_word' id='word_1_510' title='bbox 234 1948 266 1982; x_wconf 86' lang='grc' dir='ltr'>τῇ</span> <span class='ocrx_word' id='word_1_511' title='bbox 294 1948 442 1983; x_wconf 83' lang='grc' dir='ltr'>ἐπισκοπῇ,</span> <span class='ocrx_word' id='word_1_512' title='bbox 472 1950 520 1976; x_wconf 75' lang='grc' dir='ltr'>καὶ</span> <span class='ocrx_word' id='word_1_513' title='bbox 546 1951 628 1977; x_wconf 81' lang='grc' dir='ltr'>αὑτὸν</span> <span class='ocrx_word' id='word_1_514' title='bbox 654 1952 701 1978; x_wconf 81' lang='grc' dir='ltr'>τὸν</span> <span class='ocrx_word' id='word_1_515' title='bbox 723 1953 772 1979; x_wconf 79' lang='grc' dir='ltr'>ἕνα</span> <span class='ocrx_word' id='word_1_516' title='bbox 800 1953 905 1986; x_wconf 78' lang='grc' dir='ltr'>ὀφείλει</span> 
     </span>
    </p>
   </div>
   <div class='ocr_carea' id='block_1_72' title="bbox 114 1990 905 2032">
    <p class='ocr_par' dir='ltr' id='par_1_72' title="bbox 114 1990 905 2032">
     <span class='ocr_line' id='line_1_72' title="bbox 114 1990 905 2032; baseline 0.01 -15"><span class='ocrx_word' id='word_1_517' title='bbox 114 1990 207 2018; x_wconf 81' lang='grc' dir='ltr'>δοῦναι</span> <span class='ocrx_word' id='word_1_518' title='bbox 223 1993 291 2028; x_wconf 69' lang='grc' dir='ltr'>πρὸς</span> <span class='ocrx_word' id='word_1_519' title='bbox 315 1994 769 2032; x_wconf 76' lang='grc' dir='ltr'>χειροτονίαν.-Ποστουμητιανδς</span> <span class='ocrx_word' id='word_1_520' title='bbox 795 1999 905 2025; x_wconf 82' lang='grc' dir='ltr'>ἐπίσκο-</span> 
     </span>
    </p>
   </div>
   <div class='ocr_carea' id='block_1_73' title="bbox 113 2036 904 2080">
    <p class='ocr_par' dir='ltr' id='par_1_73' title="bbox 113 2036 904 2080">
     <span class='ocr_line' id='line_1_73' title="bbox 113 2036 904 2080; baseline 0.01 -17"><span class='ocrx_word' id='word_1_521' title='bbox 113 2046 167 2068; x_wconf 73' lang='grc' dir='ltr'><strong>πος</strong></span> <span class='ocrx_word' id='word_1_522' title='bbox 185 2036 273 2065; x_wconf 82' lang='grc' dir='ltr'>εἶπεν·</span> <span class='ocrx_word' id='word_1_523' title='bbox 287 2041 392 2067; x_wconf 82' lang='grc' dir='ltr'>Οὐκοῦν</span> <span class='ocrx_word' id='word_1_524' title='bbox 409 2043 456 2068; x_wconf 79' lang='grc' dir='ltr'>ἐὰν</span> <span class='ocrx_word' id='word_1_525' title='bbox 475 2042 553 2074; x_wconf 80' lang='grc' dir='ltr'>ἄλλος</span> <span class='ocrx_word' id='word_1_526' title='bbox 571 2044 621 2080; x_wconf 77' lang='grc' dir='ltr'>ἔχῃ</span> <span class='ocrx_word' id='word_1_527' title='bbox 639 2044 741 2079; x_wconf 80' lang='grc' dir='ltr'>πλῆθος</span> <span class='ocrx_word' id='word_1_528' title='bbox 756 2045 904 2080; x_wconf 80' lang='grc' dir='ltr'>κληρικῶν,</span> 
     </span>
    </p>
   </div>
   <div class='ocr_carea' id='block_1_74' title="bbox 111 2082 910 2125">
    <p class='ocr_par' dir='ltr' id='par_1_74' title="bbox 111 2082 910 2125">
     <span class='ocr_line' id='line_1_74' title="bbox 111 2082 910 2125; baseline 0.013 -17"><span class='ocrx_word' id='word_1_529' title='bbox 111 2082 218 2116; x_wconf 76' lang='grc' dir='ltr'>ὀφείλω</span> <span class='ocrx_word' id='word_1_530' title='bbox 243 2093 288 2119; x_wconf 86' lang='grc' dir='ltr'><strong>μοι</strong></span> <span class='ocrx_word' id='word_1_531' title='bbox 304 2086 334 2111; x_wconf 71' lang='grc' dir='ltr'><strong>τὺ</strong></span> <span class='ocrx_word' id='word_1_532' title='bbox 356 2086 451 2122; x_wconf 79' lang='grc' dir='ltr'>ἕτερον</span> <span class='ocrx_word' id='word_1_533' title='bbox 462 2088 562 2123; x_wconf 76' lang='grc' dir='ltr'>πλῆθος</span> <span class='ocrx_word' id='word_1_534' title='bbox 579 2090 910 2125; x_wconf 61' lang='grc' dir='ltr'>συνελθεῖν-Αὐρήλιος</span> 
     </span>
    </p>
   </div>
   <div class='ocr_carea' id='block_1_75' title="bbox 111 2130 382 2163">
    <p class='ocr_par' dir='ltr' id='par_1_75' title="bbox 111 2130 382 2163">
     <span class='ocr_line' id='line_1_75' title="bbox 111 2130 382 2163; baseline 0.015 -7"><span class='ocrx_word' id='word_1_535' title='bbox 111 2131 266 2163; x_wconf 74' lang='grc' dir='ltr'>ἐπίσκοπος</span> <span class='ocrx_word' id='word_1_536' title='bbox 295 2130 382 2159; x_wconf 72' lang='grc' dir='ltr'>εἶπεν·</span> 
     </span>
    </p>
   </div>
   <div class='ocr_carea' id='block_1_76' title="bbox 962 1632 1748 1670">
    <p class='ocr_par' dir='ltr' id='par_1_76' title="bbox 962 1632 1748 1670">
     <span class='ocr_line' id='line_1_76' title="bbox 962 1632 1748 1670; baseline -0.005 -7"><span class='ocrx_word' id='word_1_537' title='bbox 962 1644 1022 1663; x_wconf 84' lang='lat' dir='ltr'><strong>esse</strong></span> <span class='ocrx_word' id='word_1_538' title='bbox 1036 1640 1135 1670; x_wconf 88' lang='lat' dir='ltr'><strong>potest,</strong></span> <span class='ocrx_word' id='word_1_539' title='bbox 1153 1643 1199 1669; x_wconf 89' lang='lat' dir='ltr'><strong>per</strong></span> <span class='ocrx_word' id='word_1_540' title='bbox 1213 1642 1294 1670; x_wconf 90' lang='lat' dir='ltr'><strong>quem</strong></span> <span class='ocrx_word' id='word_1_541' title='bbox 1311 1634 1469 1668; x_wconf 85' lang='lat' dir='ltr'><strong>dignatione</strong></span> <span class='ocrx_word' id='word_1_542' title='bbox 1486 1633 1577 1660; x_wconf 81' lang='lat' dir='ltr'><strong>divina</strong></span> <span class='ocrx_word' id='word_1_543' title='bbox 1596 1632 1748 1668; x_wconf 84' lang='lat' dir='ltr'><strong>presbyteri</strong></span> 
     </span>
    </p>
   </div>
   <div class='ocr_carea' id='block_1_77' title="bbox 963 1678 1748 1714">
    <p class='ocr_par' dir='ltr' id='par_1_77' title="bbox 963 1678 1748 1714">
     <span class='ocr_line' id='line_1_77' title="bbox 963 1678 1748 1714; baseline -0.004 -7"><span class='ocrx_word' id='word_1_544' title='bbox 963 1681 1040 1707; x_wconf 88' lang='lat' dir='ltr'><strong>mttlti</strong></span> <span class='ocrx_word' id='word_1_545' title='bbox 1057 1680 1186 1707; x_wconf 77' lang='lat' dir='ltr'><strong>censtitui</strong></span> <span class='ocrx_word' id='word_1_546' title='bbox 1201 1680 1321 1714; x_wconf 83' lang='lat' dir='ltr'><strong>possint;</strong></span> <span class='ocrx_word' id='word_1_547' title='bbox 1337 1686 1407 1705; x_wconf 87' lang='lat' dir='ltr'><strong>unus</strong></span> <span class='ocrx_word' id='word_1_548' title='bbox 1428 1683 1517 1705; x_wconf 83' lang='lat' dir='ltr'><strong>autem</strong></span> <span class='ocrx_word' id='word_1_549' title='bbox 1541 1678 1686 1713; x_wconf 85' lang='lat' dir='ltr'><strong>episcopus</strong></span> <span class='ocrx_word' id='word_1_550' title='bbox 1699 1678 1748 1705; x_wconf 82' lang='lat' dir='ltr'><strong>dil-</strong></span> 
     </span>
    </p>
   </div>
   <div class='ocr_carea' id='block_1_78' title="bbox 963 1724 1750 1758">
    <p class='ocr_par' dir='ltr' id='par_1_78' title="bbox 963 1724 1750 1758">
     <span class='ocr_line' id='line_1_78' title="bbox 963 1724 1750 1758; baseline -0.004 -5"><span class='ocrx_word' id='word_1_551' title='bbox 963 1727 1032 1753; x_wconf 84' lang='lat' dir='ltr'><strong>licile</strong></span> <span class='ocrx_word' id='word_1_552' title='bbox 1047 1726 1181 1753; x_wconf 76' lang='lat' dir='ltr'><strong>invenitur</strong></span> <span class='ocrx_word' id='word_1_553' title='bbox 1193 1725 1410 1752; x_wconf 82' lang='lat' dir='ltr'><strong>constituendus.</strong></span> <span class='ocrx_word' id='word_1_554' title='bbox 1423 1726 1593 1758; x_wconf 83' lang='lat' dir='ltr'><strong>Quapropter</strong></span> <span class='ocrx_word' id='word_1_555' title='bbox 1620 1724 1642 1750; x_wconf 86' lang='lat' dir='ltr'><strong>si</strong></span> <span class='ocrx_word' id='word_1_556' title='bbox 1656 1731 1750 1750; x_wconf 87' lang='lat' dir='ltr'><strong>neces-</strong></span> 
     </span>
    </p>
   </div>
   <div class='ocr_carea' id='block_1_79' title="bbox 964 1770 1748 1806">
    <p class='ocr_par' dir='ltr' id='par_1_79' title="bbox 964 1770 1748 1806">
     <span class='ocr_line' id='line_1_79' title="bbox 964 1770 1748 1806; baseline -0.004 -8"><span class='ocrx_word' id='word_1_557' title='bbox 964 1773 1067 1799; x_wconf 81' lang='lat' dir='ltr'><strong>sarium</strong></span> <span class='ocrx_word' id='word_1_558' title='bbox 1083 1772 1251 1806; x_wconf 79' lang='lat' dir='ltr'><strong>episcopatui</strong></span> <span class='ocrx_word' id='word_1_559' title='bbox 1268 1771 1329 1805; x_wconf 85' lang='lat' dir='ltr'><strong>quis</strong></span> <span class='ocrx_word' id='word_1_560' title='bbox 1354 1770 1478 1796; x_wconf 84' lang='lat' dir='ltr'><strong>habuerit</strong></span> <span class='ocrx_word' id='word_1_561' title='bbox 1502 1770 1700 1804; x_wconf 79' lang='lat' dir='ltr'><strong>presbyterum,</strong></span> <span class='ocrx_word' id='word_1_562' title='bbox 1723 1773 1748 1796; x_wconf 90' lang='lat' dir='ltr'><strong>et</strong></span> 
     </span>
    </p>
   </div>
   <div class='ocr_carea' id='block_1_80' title="bbox 965 1815 1749 1849">
    <p class='ocr_par' dir='ltr' id='par_1_80' title="bbox 965 1815 1749 1849">
     <span class='ocr_line' id='line_1_80' title="bbox 965 1815 1749 1849; baseline -0.004 -5"><span class='ocrx_word' id='word_1_563' title='bbox 965 1826 1059 1849; x_wconf 84' lang='lat' dir='ltr'><strong>unum,</strong></span> <span class='ocrx_word' id='word_1_564' title='bbox 1075 1817 1221 1849; x_wconf 81' lang='lat' dir='ltr'><strong>utdixisti,</strong></span> <span class='ocrx_word' id='word_1_565' title='bbox 1239 1817 1339 1848; x_wconf 82' lang='lat' dir='ltr'><strong>l&#39;rater,</strong></span> <span class='ocrx_word' id='word_1_566' title='bbox 1356 1816 1491 1848; x_wconf 83' lang='lat' dir='ltr'><strong>habuerit,</strong></span> <span class='ocrx_word' id='word_1_567' title='bbox 1511 1816 1591 1842; x_wconf 87' lang='lat' dir='ltr'><strong>etiarn</strong></span> <span class='ocrx_word' id='word_1_568' title='bbox 1611 1815 1700 1849; x_wconf 90' lang='lat' dir='ltr'><strong>ipsum</strong></span> <span class='ocrx_word' id='word_1_569' title='bbox 1717 1815 1749 1842; x_wconf 89' lang='lat' dir='ltr'><strong>ad</strong></span> 
     </span>
    </p>
   </div>
   <div class='ocr_carea' id='block_1_81' title="bbox 958 1862 1750 1898">
    <p class='ocr_par' dir='ltr' id='par_1_81' title="bbox 958 1862 1750 1898">
     <span class='ocr_line' id='line_1_81' title="bbox 958 1862 1750 1898; baseline -0.003 -8"><span class='ocrx_word' id='word_1_570' title='bbox 958 1864 1153 1898; x_wconf 82' lang='lat' dir='ltr'><strong>promotionem</strong></span> <span class='ocrx_word' id='word_1_571' title='bbox 1168 1863 1231 1890; x_wconf 87' lang='lat' dir='ltr'><strong>dare</strong></span> <span class='ocrx_word' id='word_1_572' title='bbox 1242 1863 1592 1890; x_wconf 84' lang='lat' dir='ltr'><strong>debebit.——Postumianus</strong></span> <span class='ocrx_word' id='word_1_573' title='bbox 1606 1862 1750 1896; x_wconf 81' lang='lat' dir='ltr'><strong>episcopus</strong></span> 
     </span>
    </p>
   </div>
   <div class='ocr_carea' id='block_1_82' title="bbox 958 1908 1748 1944">
    <p class='ocr_par' dir='ltr' id='par_1_82' title="bbox 958 1908 1748 1944">
     <span class='ocr_line' id='line_1_82' title="bbox 958 1908 1748 1944; baseline -0.004 -7"><span class='ocrx_word' id='word_1_574' title='bbox 958 1910 1027 1937; x_wconf 83' lang='lat' dir='ltr'><strong>dixit</strong></span> <span class='ocrx_word' id='word_1_575' title='bbox 1046 1918 1052 1936; x_wconf 71' lang='grc' dir='ltr'>ς</span> <span class='ocrx_word' id='word_1_576' title='bbox 1072 1909 1141 1944; x_wconf 77' lang='lat' dir='ltr'><strong>Ergo</strong></span> <span class='ocrx_word' id='word_1_577' title='bbox 1173 1909 1196 1936; x_wconf 89' lang='lat' dir='ltr'><strong>si</strong></span> <span class='ocrx_word' id='word_1_578' title='bbox 1232 1909 1312 1936; x_wconf 81' lang='lat' dir='ltr'><strong>habet</strong></span> <span class='ocrx_word' id='word_1_579' title='bbox 1334 1909 1404 1936; x_wconf 87' lang='lat' dir='ltr'><strong>alius</strong></span> <span class='ocrx_word' id='word_1_580' title='bbox 1427 1909 1596 1936; x_wconf 81' lang='lat' dir='ltr'><strong>abundantes</strong></span> <span class='ocrx_word' id='word_1_581' title='bbox 1622 1908 1748 1940; x_wconf 82' lang='lat' dir='ltr'><strong>clericos,</strong></span> 
     </span>
    </p>
   </div>
   <div class='ocr_carea' id='block_1_83' title="bbox 958 1953 1749 1989">
    <p class='ocr_par' dir='ltr' id='par_1_83' title="bbox 958 1953 1749 1989">
     <span class='ocr_line' id='line_1_83' title="bbox 958 1953 1749 1989; baseline -0.001 -7"><span class='ocrx_word' id='word_1_582' title='bbox 958 1956 1038 1983; x_wconf 80' lang='lat' dir='ltr'><strong>debet</strong></span> <span class='ocrx_word' id='word_1_583' title='bbox 1068 1955 1133 1981; x_wconf 87' lang='lat' dir='ltr'><strong>mihi</strong></span> <span class='ocrx_word' id='word_1_584' title='bbox 1148 1955 1198 1981; x_wconf 88' lang='lat' dir='ltr'><strong>alia</strong></span> <span class='ocrx_word' id='word_1_585' title='bbox 1213 1955 1288 1989; x_wconf 88' lang='lat' dir='ltr'><strong>plebs</strong></span> <span class='ocrx_word' id='word_1_586' title='bbox 1302 1953 1622 1982; x_wconf 47' lang='lat' dir='ltr'><strong>subvenires—Aurelius</strong></span> <span class='ocrx_word' id='word_1_587' title='bbox 1640 1954 1749 1988; x_wconf 85' lang='lat' dir='ltr'><strong>episco-</strong></span> 
     </span>
    </p>
   </div>
   <div class='ocr_carea' id='block_1_84' title="bbox 960 1998 1749 2035">
    <p class='ocr_par' dir='ltr' id='par_1_84' title="bbox 960 1998 1749 2035">
     <span class='ocr_line' id='line_1_84' title="bbox 960 1998 1749 2035; baseline -0.001 -9"><span class='ocrx_word' id='word_1_588' title='bbox 960 2008 1011 2035; x_wconf 88' lang='lat' dir='ltr'><strong>pus</strong></span> <span class='ocrx_word' id='word_1_589' title='bbox 1029 2000 1095 2026; x_wconf 83' lang='lat' dir='ltr'><strong>dixit</strong></span> <span class='ocrx_word' id='word_1_590' title='bbox 1114 2008 1121 2026; x_wconf 88' lang='lat'><strong>:</strong></span> <span class='ocrx_word' id='word_1_591' title='bbox 1143 2000 1214 2026; x_wconf 83' lang='lat' dir='ltr'><strong>Sane</strong></span> <span class='ocrx_word' id='word_1_592' title='bbox 1228 1999 1337 2034; x_wconf 88' lang='lat' dir='ltr'><strong>quando</strong></span> <span class='ocrx_word' id='word_1_593' title='bbox 1354 2004 1380 2026; x_wconf 89' lang='lat' dir='ltr'><strong>tu</strong></span> <span class='ocrx_word' id='word_1_594' title='bbox 1399 1999 1524 2026; x_wconf 81' lang='lat' dir='ltr'><strong>Ecclesiae</strong></span> <span class='ocrx_word' id='word_1_595' title='bbox 1547 1998 1625 2025; x_wconf 89' lang='lat' dir='ltr'><strong>alteri</strong></span> <span class='ocrx_word' id='word_1_596' title='bbox 1651 1999 1749 2025; x_wconf 89' lang='lat' dir='ltr'><strong>subve-</strong></span> 
     </span>
    </p>
   </div>
   <div class='ocr_carea' id='block_1_85' title="bbox 961 2044 1746 2080">
    <p class='ocr_par' dir='ltr' id='par_1_85' title="bbox 961 2044 1746 2080">
     <span class='ocr_line' id='line_1_85' title="bbox 961 2044 1746 2080; baseline -0.003 -7"><span class='ocrx_word' id='word_1_597' title='bbox 961 2046 1044 2077; x_wconf 84' lang='lat' dir='ltr'><strong>neris,</strong></span> <span class='ocrx_word' id='word_1_598' title='bbox 1059 2046 1269 2080; x_wconf 85' lang='lat' dir='ltr'><strong>persnadebitur</strong></span> <span class='ocrx_word' id='word_1_599' title='bbox 1283 2046 1320 2072; x_wconf 91' lang='lat' dir='ltr'><strong>illi</strong></span> <span class='ocrx_word' id='word_1_600' title='bbox 1336 2045 1382 2080; x_wconf 91' lang='lat' dir='ltr'><strong>qui</strong></span> <span class='ocrx_word' id='word_1_601' title='bbox 1399 2045 1491 2079; x_wconf 83' lang='lat' dir='ltr'><strong>plures</strong></span> <span class='ocrx_word' id='word_1_602' title='bbox 1519 2044 1599 2071; x_wconf 86' lang='lat' dir='ltr'><strong>habet</strong></span> <span class='ocrx_word' id='word_1_603' title='bbox 1621 2045 1746 2076; x_wconf 70' lang='lat' dir='ltr'><strong>clericos,</strong></span> 
     </span>
    </p>
   </div>
   <div class='ocr_carea' id='block_1_86' title="bbox 965 2091 1513 2125">
    <p class='ocr_par' dir='ltr' id='par_1_86' title="bbox 965 2091 1513 2125">
     <span class='ocr_line' id='line_1_86' title="bbox 965 2091 1513 2125; baseline -0.002 -8"><span class='ocrx_word' id='word_1_604' title='bbox 965 2096 993 2117; x_wconf 90' lang='lat' dir='ltr'><strong>ut</strong></span> <span class='ocrx_word' id='word_1_605' title='bbox 1007 2099 1091 2118; x_wconf 89' lang='lat' dir='ltr'><strong>unum</strong></span> <span class='ocrx_word' id='word_1_606' title='bbox 1106 2091 1154 2117; x_wconf 87' lang='lat' dir='ltr'><strong>tibi</strong></span> <span class='ocrx_word' id='word_1_607' title='bbox 1173 2091 1355 2118; x_wconf 83' lang='lat' dir='ltr'><strong>ordinandum</strong></span> <span class='ocrx_word' id='word_1_608' title='bbox 1374 2091 1513 2125; x_wconf 77' lang='lat' dir='ltr'><strong>largiatur.</strong></span> 
     </span>
    </p>
   </div>
   <div class='ocr_carea' id='block_1_87' title="bbox 422 2135 1748 2174">
    <p class='ocr_par' dir='ltr' id='par_1_87' title="bbox 422 2135 1748 2174">
     <span class='ocr_line' id='line_1_87' title="bbox 422 2135 1748 2174; baseline 0.002 -13"><span class='ocrx_word' id='word_1_609' title='bbox 422 2135 526 2170; x_wconf 79' lang='grc' dir='ltr'>Δηλαδὴ</span> <span class='ocrx_word' id='word_1_610' title='bbox 550 2136 580 2162; x_wconf 82' lang='grc' dir='ltr'>ὃν</span> <span class='ocrx_word' id='word_1_611' title='bbox 609 2137 709 2173; x_wconf 82' lang='grc' dir='ltr'>τρόπον</span> <span class='ocrx_word' id='word_1_612' title='bbox 744 2138 775 2164; x_wconf 76' lang='grc' dir='ltr'>σὺ</span> <span class='ocrx_word' id='word_1_613' title='bbox 811 2140 842 2174; x_wconf 91' lang='grc' dir='ltr'><strong>τῇ</strong></span> <span class='ocrx_word' id='word_1_614' title='bbox 869 2138 948 2173; x_wconf 79' lang='grc' dir='ltr'>ἑτέρᾳ</span> <span class='ocrx_word' id='word_1_615' title='bbox 973 2138 1120 2173; x_wconf 71' lang='grc' dir='ltr'>Ἐκκλησία</span> <span class='ocrx_word' id='word_1_616' title='bbox 1144 2138 1292 2173; x_wconf 80' lang='grc' dir='ltr'>συνῆλθες,</span> <span class='ocrx_word' id='word_1_617' title='bbox 1316 2137 1551 2174; x_wconf 86' lang='grc' dir='ltr'>συνωθησθήσεται</span> <span class='ocrx_word' id='word_1_618' title='bbox 1583 2137 1630 2164; x_wconf 71' lang='grc' dir='ltr'><strong>καὶ</strong></span> <span class='ocrx_word' id='word_1_619' title='bbox 1651 2138 1665 2164; x_wconf 76' lang='grc' dir='ltr'>ὁ</span> <span class='ocrx_word' id='word_1_620' title='bbox 1685 2138 1748 2170; x_wconf 72' lang='grc' dir='ltr'>τοὶς</span> 
     </span>
    </p>
   </div>
   <div class='ocr_carea' id='block_1_88' title="bbox 111 2178 1268 2222">
    <p class='ocr_par' dir='ltr' id='par_1_88' title="bbox 111 2178 1268 2222">
     <span class='ocr_line' id='line_1_88' title="bbox 111 2178 1268 2222; baseline 0.008 -19"><span class='ocrx_word' id='word_1_621' title='bbox 111 2178 244 2210; x_wconf 79' lang='grc' dir='ltr'>πλείονας</span> <span class='ocrx_word' id='word_1_622' title='bbox 261 2178 330 2214; x_wconf 76' lang='grc' dir='ltr'>ἔχων</span> <span class='ocrx_word' id='word_1_623' title='bbox 353 2181 509 2218; x_wconf 79' lang='grc' dir='ltr'>κληρικοὺς,</span> <span class='ocrx_word' id='word_1_624' title='bbox 526 2183 573 2210; x_wconf 72' lang='grc' dir='ltr'>ἕνα</span> <span class='ocrx_word' id='word_1_625' title='bbox 590 2185 620 2216; x_wconf 77' lang='grc' dir='ltr'>ἐξ</span> <span class='ocrx_word' id='word_1_626' title='bbox 641 2185 730 2211; x_wconf 83' lang='grc' dir='ltr'>αὐτῶν</span> <span class='ocrx_word' id='word_1_627' title='bbox 752 2186 792 2217; x_wconf 80' lang='grc' dir='ltr'>εὶς</span> <span class='ocrx_word' id='word_1_628' title='bbox 807 2185 973 2222; x_wconf 76' lang='grc' dir='ltr'>χειροτονίαν</span> <span class='ocrx_word' id='word_1_629' title='bbox 989 2193 1030 2211; x_wconf 87' lang='grc' dir='ltr'><strong>σοι</strong></span> <span class='ocrx_word' id='word_1_630' title='bbox 1043 2185 1268 2220; x_wconf 74' lang='grc' dir='ltr'>δαψιλεύσασθαι.</span> 
     </span>
    </p>
   </div>
   <div class='ocr_carea' id='block_1_89' title="bbox 112 2234 900 2281">
    <p class='ocr_par' dir='ltr' id='par_1_89' title="bbox 112 2234 900 2281">
     <span class='ocr_line' id='line_1_89' title="bbox 112 2234 900 2281; baseline 0.013 -21"><span class='ocrx_word' id='word_1_631' title='bbox 112 2234 187 2268; x_wconf 70' lang='grc' dir='ltr'>Περὶ</span> <span class='ocrx_word' id='word_1_632' title='bbox 206 2235 267 2261; x_wconf 80' lang='grc' dir='ltr'>τῶν</span> <span class='ocrx_word' id='word_1_633' title='bbox 276 2235 360 2262; x_wconf 79' lang='grc' dir='ltr'>λαῶν</span> <span class='ocrx_word' id='word_1_634' title='bbox 375 2237 434 2264; x_wconf 74' lang='grc' dir='ltr'>τῶν</span> <span class='ocrx_word' id='word_1_635' title='bbox 443 2238 594 2281; x_wconf 55' lang='grc' dir='ltr'>μηδέποτε</span> <span class='ocrx_word' id='word_1_636' title='bbox 608 2241 794 2274; x_wconf 75' lang='grc' dir='ltr'>ἐπισκόπους</span> <span class='ocrx_word' id='word_1_637' title='bbox 809 2242 900 2277; x_wconf 79' lang='grc' dir='ltr'>ἐσχη-</span> 
     </span>
    </p>
   </div>
   <div class='ocr_carea' id='block_1_90' title="bbox 457 2282 561 2300">
    <p class='ocr_par' dir='ltr' id='par_1_90' title="bbox 457 2282 561 2300">
     <span class='ocr_line' id='line_1_90' title="bbox 457 2282 561 2300; baseline 0.01 -1"><span class='ocrx_word' id='word_1_638' title='bbox 457 2282 561 2300; x_wconf 68' lang='lat' dir='ltr'><strong>notam</strong></span> 
     </span>
    </p>
   </div>
   <div class='ocr_carea' id='block_1_91' title="bbox 147 2314 904 2356">
    <p class='ocr_par' dir='ltr' id='par_1_91' title="bbox 147 2314 904 2356">
     <span class='ocr_line' id='line_1_91' title="bbox 147 2314 904 2356; baseline 0.016 -18"><span class='ocrx_word' id='word_1_639' title='bbox 147 2316 201 2347; x_wconf 85' lang='grc' dir='ltr'>νη¹.</span> <span class='ocrx_word' id='word_1_640' title='bbox 213 2314 315 2348; x_wconf 85' lang='grc' dir='ltr'>Ἤρεσε</span> <span class='ocrx_word' id='word_1_641' title='bbox 327 2315 438 2342; x_wconf 74' lang='grc' dir='ltr'>κάκεῖνο</span> <span class='ocrx_word' id='word_1_642' title='bbox 454 2317 498 2343; x_wconf 84' lang='grc' dir='ltr'>ἵνα</span> <span class='ocrx_word' id='word_1_643' title='bbox 508 2318 532 2344; x_wconf 83' lang='grc' dir='ltr'>οἱ</span> <span class='ocrx_word' id='word_1_644' title='bbox 542 2318 624 2354; x_wconf 75' lang='grc' dir='ltr'>ὄχλοι,</span> <span class='ocrx_word' id='word_1_645' title='bbox 636 2320 660 2346; x_wconf 90' lang='grc' dir='ltr'>οἰ</span> <span class='ocrx_word' id='word_1_646' title='bbox 672 2321 806 2356; x_wconf 81' lang='grc' dir='ltr'>μηδέποτε</span> <span class='ocrx_word' id='word_1_647' title='bbox 822 2323 904 2356; x_wconf 82' lang='grc' dir='ltr'>ἰδίους</span> 
     </span>
    </p>
   </div>
   <div class='ocr_carea' id='block_1_92' title="bbox 109 2359 904 2403">
    <p class='ocr_par' dir='ltr' id='par_1_92' title="bbox 109 2359 904 2403">
     <span class='ocr_line' id='line_1_92' title="bbox 109 2359 904 2403; baseline 0.016 -19"><span class='ocrx_word' id='word_1_648' title='bbox 109 2359 264 2394; x_wconf 77' lang='grc' dir='ltr'>ἐσχηκότες</span> <span class='ocrx_word' id='word_1_649' title='bbox 278 2361 455 2394; x_wconf 83' lang='grc' dir='ltr'>ἐπισκόπους,</span> <span class='ocrx_word' id='word_1_650' title='bbox 474 2365 498 2390; x_wconf 82' lang='grc' dir='ltr'><strong>ει</strong></span> <span class='ocrx_word' id='word_1_651' title='bbox 513 2365 550 2399; x_wconf 84' lang='grc' dir='ltr'>μὴ</span> <span class='ocrx_word' id='word_1_652' title='bbox 572 2366 604 2392; x_wconf 85' lang='grc' dir='ltr'><strong>ἐκ</strong></span> <span class='ocrx_word' id='word_1_653' title='bbox 622 2367 712 2402; x_wconf 80' lang='grc' dir='ltr'>πάσης</span> <span class='ocrx_word' id='word_1_654' title='bbox 728 2368 778 2403; x_wconf 83' lang='grc' dir='ltr'>τῆς</span> <span class='ocrx_word' id='word_1_655' title='bbox 794 2370 904 2397; x_wconf 83' lang='grc' dir='ltr'>συνόδου</span> 
     </span>
    </p>
   </div>
   <div class='ocr_carea' id='block_1_93' title="bbox 109 2404 905 2450">
    <p class='ocr_par' dir='ltr' id='par_1_93' title="bbox 109 2404 905 2450">
     <span class='ocr_line' id='line_1_93' title="bbox 109 2404 905 2450; baseline 0.015 -21"><span class='ocrx_word' id='word_1_656' title='bbox 109 2404 236 2450; x_wconf 72' lang='grc' dir='ltr'>ἑκάστης</span> <span class='ocrx_word' id='word_1_657' title='bbox 265 2407 408 2441; x_wconf 83' lang='grc' dir='ltr'>ἐπαρχίας,</span> <span class='ocrx_word' id='word_1_658' title='bbox 432 2408 538 2435; x_wconf 79' lang='grc' dir='ltr'>καὶτοῦ</span> <span class='ocrx_word' id='word_1_659' title='bbox 560 2412 756 2445; x_wconf 85' lang='grc' dir='ltr'>πρωτεύοντος,</span> <span class='ocrx_word' id='word_1_660' title='bbox 776 2413 905 2450; x_wconf 72' lang='grc' dir='ltr'>ψήφισμα</span> 
     </span>
    </p>
   </div>
   <div class='ocr_carea' id='block_1_94' title="bbox 109 2449 906 2490">
    <p class='ocr_par' dir='ltr' id='par_1_94' title="bbox 109 2449 906 2490">
     <span class='ocr_line' id='line_1_94' title="bbox 109 2449 906 2490; baseline 0.018 -17"><span class='ocrx_word' id='word_1_661' title='bbox 109 2449 239 2481; x_wconf 78' lang='grc' dir='ltr'>γένηται,</span> <span class='ocrx_word' id='word_1_662' title='bbox 259 2451 305 2476; x_wconf 80' lang='grc' dir='ltr'>καὶ</span> <span class='ocrx_word' id='word_1_663' title='bbox 316 2451 387 2477; x_wconf 80' lang='grc' dir='ltr'>κατὰ</span> <span class='ocrx_word' id='word_1_664' title='bbox 404 2453 556 2480; x_wconf 87' lang='grc' dir='ltr'>συναίνεσιν</span> <span class='ocrx_word' id='word_1_665' title='bbox 582 2455 698 2487; x_wconf 85' lang='grc' dir='ltr'>ἐκείνου,</span> <span class='ocrx_word' id='word_1_666' title='bbox 715 2454 746 2483; x_wconf 72' lang='grc' dir='ltr'><strong>οὗ</strong></span> <span class='ocrx_word' id='word_1_667' title='bbox 761 2467 833 2490; x_wconf 87' lang='grc' dir='ltr'>τινος</span> <span class='ocrx_word' id='word_1_668' title='bbox 853 2460 906 2487; x_wconf 84' lang='grc' dir='ltr'>ὑπὸ</span> 
     </span>
    </p>
   </div>
   <div class='ocr_carea' id='block_1_95' title="bbox 108 2493 905 2539">
    <p class='ocr_par' dir='ltr' id='par_1_95' title="bbox 108 2493 905 2539">
     <span class='ocr_line' id='line_1_95' title="bbox 108 2493 905 2539; baseline 0.016 -21"><span class='ocrx_word' id='word_1_669' title='bbox 108 2494 166 2528; x_wconf 79' lang='grc' dir='ltr'>τὴν</span> <span class='ocrx_word' id='word_1_670' title='bbox 180 2493 314 2529; x_wconf 77' lang='grc' dir='ltr'>διοίκησιν</span> <span class='ocrx_word' id='word_1_671' title='bbox 323 2495 469 2523; x_wconf 84' lang='grc' dir='ltr'>καθίστατο</span> <span class='ocrx_word' id='word_1_672' title='bbox 485 2498 501 2534; x_wconf 79' lang='grc' dir='ltr'>ἡ</span> <span class='ocrx_word' id='word_1_673' title='bbox 518 2497 586 2534; x_wconf 82' lang='grc' dir='ltr'>αὑτὴ</span> <span class='ocrx_word' id='word_1_674' title='bbox 597 2499 755 2536; x_wconf 82' lang='grc' dir='ltr'>Ἐκκλησία,</span> <span class='ocrx_word' id='word_1_675' title='bbox 773 2504 905 2539; x_wconf 84' lang='grc' dir='ltr'>μηδαμῶς</span> 
     </span>
    </p>
   </div>
   <div class='ocr_carea' id='block_1_96' title="bbox 108 2538 255 2571">
    <p class='ocr_par' dir='ltr' id='par_1_96' title="bbox 108 2538 255 2571">
     <span class='ocr_line' id='line_1_96' title="bbox 108 2538 255 2571; baseline 0.02 -7"><span class='ocrx_word' id='word_1_676' title='bbox 108 2538 255 2571; x_wconf 78' lang='grc' dir='ltr'>δέξωνται.</span> 
     </span>
    </p>
   </div>
   <div class='ocr_carea' id='block_1_97' title="bbox 193 2587 831 2628">
    <p class='ocr_par' dir='ltr' id='par_1_97' title="bbox 193 2587 831 2628">
     <span class='ocr_line' id='line_1_97' title="bbox 193 2587 831 2628; baseline 0.014 -16"><span class='ocrx_word' id='word_1_677' title='bbox 193 2587 328 2614; x_wconf 65' lang='grc' dir='ltr'>Σιννόὸου</span> <span class='ocrx_word' id='word_1_678' title='bbox 342 2589 551 2624; x_wconf 80' lang='grc' dir='ltr'>οίκουμενικῆς</span> <span class='ocrx_word' id='word_1_679' title='bbox 570 2594 596 2624; x_wconf 79' lang='grc' dir='ltr'>ς’</span> <span class='ocrx_word' id='word_1_680' title='bbox 610 2592 709 2619; x_wconf 75' lang='grc' dir='ltr'>κανὼν</span> <span class='ocrx_word' id='word_1_681' title='bbox 718 2593 769 2628; x_wconf 86' lang='grc' dir='ltr'>λγ’,</span> <span class='ocrx_word' id='word_1_682' title='bbox 783 2593 831 2627; x_wconf 74' lang='grc' dir='ltr'><strong>λζ’.</strong></span> 
     </span>
    </p>
   </div>
   <div class='ocr_carea' id='block_1_98' title="bbox 148 2631 904 2677">
    <p class='ocr_par' dir='ltr' id='par_1_98' title="bbox 148 2631 904 2677">
     <span class='ocr_line' id='line_1_98' title="bbox 148 2631 904 2677; baseline 0.016 -21"><span class='ocrx_word' id='word_1_683' title='bbox 148 2631 202 2665; x_wconf 83' lang='grc' dir='ltr'>λγ’.</span> <span class='ocrx_word' id='word_1_684' title='bbox 222 2632 387 2669; x_wconf 79' lang='grc' dir='ltr'>Ἐπειδὴπερ</span> <span class='ocrx_word' id='word_1_685' title='bbox 407 2635 531 2671; x_wconf 79' lang='grc' dir='ltr'>ἔγνωμεν</span> <span class='ocrx_word' id='word_1_686' title='bbox 555 2638 584 2663; x_wconf 82' lang='grc' dir='ltr'><strong>ἐν</strong></span> <span class='ocrx_word' id='word_1_687' title='bbox 599 2639 630 2673; x_wconf 81' lang='grc' dir='ltr'>τῇ</span> <span class='ocrx_word' id='word_1_688' title='bbox 664 2638 812 2674; x_wconf 85' lang='grc' dir='ltr'>Ἀρμενίων</span> <span class='ocrx_word' id='word_1_689' title='bbox 828 2641 904 2677; x_wconf 78' lang='grc' dir='ltr'>χώρᾳ</span> 
     </span>
    </p>
   </div>
   <div class='ocr_carea' id='block_1_99' title="bbox 110 2677 902 2718">
    <p class='ocr_par' dir='ltr' id='par_1_99' title="bbox 110 2677 902 2718">
     <span class='ocr_line' id='line_1_99' title="bbox 110 2677 902 2718; baseline 0.015 -17"><span class='ocrx_word' id='word_1_690' title='bbox 110 2677 214 2712; x_wconf 79' lang='grc' dir='ltr'>μόνους</span> <span class='ocrx_word' id='word_1_691' title='bbox 227 2678 255 2704; x_wconf 87' lang='grc' dir='ltr'>ὲν</span> <span class='ocrx_word' id='word_1_692' title='bbox 268 2678 361 2714; x_wconf 81' lang='grc' dir='ltr'>κλήρῳ</span> <span class='ocrx_word' id='word_1_693' title='bbox 372 2681 435 2711; x_wconf 85' lang='grc' dir='ltr'>τοὺς</span> <span class='ocrx_word' id='word_1_694' title='bbox 452 2682 483 2707; x_wconf 82' lang='grc' dir='ltr'><strong>ἐκ</strong></span> <span class='ocrx_word' id='word_1_695' title='bbox 500 2682 594 2716; x_wconf 81' lang='grc' dir='ltr'>γένους</span> <span class='ocrx_word' id='word_1_696' title='bbox 615 2684 752 2718; x_wconf 84' lang='grc' dir='ltr'>ἱερατικοῦ</span> <span class='ocrx_word' id='word_1_697' title='bbox 768 2688 902 2713; x_wconf 78' lang='grc' dir='ltr'>κατατάτ-</span> 
     </span>
    </p>
   </div>
   <div class='ocr_carea' id='block_1_100' title="bbox 106 2723 901 2767">
    <p class='ocr_par' dir='ltr' id='par_1_100' title="bbox 106 2723 901 2767">
     <span class='ocr_line' id='line_1_100' title="bbox 106 2723 901 2767; baseline 0.011 -17"><span class='ocrx_word' id='word_1_698' title='bbox 106 2723 218 2754; x_wconf 74' lang='grc' dir='ltr'>τεσθαι,</span> <span class='ocrx_word' id='word_1_699' title='bbox 235 2724 379 2756; x_wconf 83' lang='grc' dir='ltr'>ἱουδαῐκοῖς</span> <span class='ocrx_word' id='word_1_700' title='bbox 392 2726 481 2753; x_wconf 75' lang='grc' dir='ltr'>ἔθεσιν</span> <span class='ocrx_word' id='word_1_701' title='bbox 496 2728 637 2763; x_wconf 81' lang='grc' dir='ltr'>ἑπομένων</span> <span class='ocrx_word' id='word_1_702' title='bbox 649 2729 703 2756; x_wconf 88' lang='grc' dir='ltr'><strong>τῶν</strong></span> <span class='ocrx_word' id='word_1_703' title='bbox 717 2731 763 2757; x_wconf 82' lang='grc' dir='ltr'>τοῦ</span> <span class='ocrx_word' id='word_1_704' title='bbox 770 2740 796 2758; x_wconf 77' lang='grc' dir='ltr'><strong>ιο</strong></span> <span class='ocrx_word' id='word_1_705' title='bbox 813 2733 901 2767; x_wconf 77' lang='grc' dir='ltr'>πράτ-</span> 
     </span>
    </p>
   </div>
   <div class='ocr_carea' id='block_1_101' title="bbox 108 2770 901 2811">
    <p class='ocr_par' dir='ltr' id='par_1_101' title="bbox 108 2770 901 2811">
     <span class='ocr_line' id='line_1_101' title="bbox 108 2770 901 2811; baseline 0.011 -15"><span class='ocrx_word' id='word_1_706' title='bbox 108 2778 169 2796; x_wconf 88' lang='grc' dir='ltr'>τειν</span> <span class='ocrx_word' id='word_1_707' title='bbox 182 2770 404 2806; x_wconf 78' lang='grc' dir='ltr'>ἐπιχειρούντων,</span> <span class='ocrx_word' id='word_1_708' title='bbox 418 2773 493 2804; x_wconf 82' lang='grc' dir='ltr'>τινὰς</span> <span class='ocrx_word' id='word_1_709' title='bbox 509 2774 538 2800; x_wconf 80' lang='grc' dir='ltr'><strong>δὲ</strong></span> <span class='ocrx_word' id='word_1_710' title='bbox 558 2775 647 2802; x_wconf 80' lang='grc' dir='ltr'>αὐτῶν</span> <span class='ocrx_word' id='word_1_711' title='bbox 659 2777 706 2802; x_wconf 57' lang='grc' dir='ltr'><strong>και)¹</strong></span> <span class='ocrx_word' id='word_1_712' title='bbox 740 2777 776 2811; x_wconf 80' lang='grc' dir='ltr'>μὴ</span> <span class='ocrx_word' id='word_1_713' title='bbox 787 2778 901 2805; x_wconf 69' lang='grc' dir='ltr'>ἀποκει-</span> 
     </span>
    </p>
   </div>
   <div class='ocr_carea' id='block_1_102' title="bbox 110 2815 899 2858">
    <p class='ocr_par' dir='ltr' id='par_1_102' title="bbox 110 2815 899 2858">
     <span class='ocr_line' id='line_1_102' title="bbox 110 2815 899 2858; baseline 0.014 -19"><span class='ocrx_word' id='word_1_714' title='bbox 110 2815 245 2850; x_wconf 83' lang='grc' dir='ltr'>ρομένους</span> <span class='ocrx_word' id='word_1_715' title='bbox 259 2815 419 2852; x_wconf 74' lang='grc' dir='ltr'>ἱεροψάλτας</span> <span class='ocrx_word' id='word_1_716' title='bbox 426 2818 473 2844; x_wconf 80' lang='grc' dir='ltr'>καὶ</span> <span class='ocrx_word' id='word_1_717' title='bbox 487 2819 662 2853; x_wconf 78' lang='grc' dir='ltr'>ἀναγνώστας</span> <span class='ocrx_word' id='word_1_718' title='bbox 675 2821 721 2848; x_wconf 82' lang='grc' dir='ltr'>τοῦ</span> <span class='ocrx_word' id='word_1_719' title='bbox 734 2821 806 2850; x_wconf 82' lang='grc' dir='ltr'>θείου</span> <span class='ocrx_word' id='word_1_720' title='bbox 817 2823 899 2858; x_wconf 84' lang='grc' dir='ltr'>νόμου</span> 
     </span>
    </p>
   </div>
   <div class='ocr_carea' id='block_1_103' title="bbox 149 2902 524 2939">
    <p class='ocr_par' dir='ltr' id='par_1_103' title="bbox 149 2902 524 2939">
     <span class='ocr_line' id='line_1_103' title="bbox 149 2902 524 2939; baseline 0.003 -8"><span class='ocrx_word' id='word_1_721' title='bbox 149 2902 182 2918; x_wconf 69' lang='grc'><strong>⁸³⁸</strong></span> <span class='ocrx_word' id='word_1_722' title='bbox 200 2904 284 2932; x_wconf 78' lang='lat' dir='ltr'><strong>Cone.</strong></span> <span class='ocrx_word' id='word_1_723' title='bbox 303 2903 465 2939; x_wconf 27' lang='lat' dir='ltr'><strong>Afric.,cap.</strong></span> <span class='ocrx_word' id='word_1_724' title='bbox 480 2905 524 2932; x_wconf 72' lang='lat'><strong>03.</strong></span> 
     </span>
    </p>
   </div>
   <div class='ocr_carea' id='block_1_104' title="bbox 1028 2222 1678 2277">
    <p class='ocr_par' dir='ltr' id='par_1_104' title="bbox 1028 2222 1678 2277">
     <span class='ocr_line' id='line_1_104' title="bbox 1028 2222 1678 2277; baseline 0.002 -9"><span class='ocrx_word' id='word_1_725' title='bbox 1028 2242 1088 2277; x_wconf 75' lang='lat'><strong>39</strong></span> <span class='ocrx_word' id='word_1_726' title='bbox 1099 2242 1137 2268; x_wconf 87' lang='lat' dir='ltr'><strong>De</strong></span> <span class='ocrx_word' id='word_1_727' title='bbox 1152 2242 1269 2276; x_wconf 78' lang='lat' dir='ltr'><strong>plebibus</strong></span> <span class='ocrx_word' id='word_1_728' title='bbox 1291 2250 1349 2277; x_wconf 69' lang='grc' dir='ltr'>(ματ</span> <span class='ocrx_word' id='word_1_729' title='bbox 1370 2250 1504 2276; x_wconf 78' lang='lat' dir='ltr'><strong>nunquam</strong></span> <span class='ocrx_word' id='word_1_730' title='bbox 1528 2243 1660 2276; x_wconf 73' lang='lat' dir='ltr'><strong>episcopos</strong></span> <span class='ocrx_word' id='word_1_731' title='bbox 1675 2222 1678 2224; x_wconf 15' lang='grc' dir='ltr'><strong>Ὺ</strong></span> 
     </span>
    </p>
   </div>
   <div class='ocr_carea' id='block_1_105' title="bbox 1243 2277 1451 2304">
    <p class='ocr_par' dir='ltr' id='par_1_105' title="bbox 1243 2277 1451 2304">
     <span class='ocr_line' id='line_1_105' title="bbox 1243 2277 1451 2304; baseline -0.005 0"><span class='ocrx_word' id='word_1_732' title='bbox 1243 2277 1390 2304; x_wconf 80' lang='lat' dir='ltr'><strong>habuerunt</strong></span> <span class='ocrx_word' id='word_1_733' title='bbox 1408 2277 1451 2303; x_wconf 63' lang='lat'><strong>‘5‘.</strong></span> 
     </span>
    </p>
   </div>
   <div class='ocr_carea' id='block_1_106' title="bbox 991 2320 1746 2358">
    <p class='ocr_par' dir='ltr' id='par_1_106' title="bbox 991 2320 1746 2358">
     <span class='ocr_line' id='line_1_106' title="bbox 991 2320 1746 2358; baseline -0.001 -6"><span class='ocrx_word' id='word_1_734' title='bbox 991 2325 1035 2352; x_wconf 63' lang='grc' dir='ltr'><strong>ΞΗ.</strong></span> <span class='ocrx_word' id='word_1_735' title='bbox 1050 2323 1191 2351; x_wconf 88' lang='lat' dir='ltr'><strong>Placuitet</strong></span> <span class='ocrx_word' id='word_1_736' title='bbox 1199 2323 1275 2356; x_wconf 85' lang='lat' dir='ltr'><strong>illud,</strong></span> <span class='ocrx_word' id='word_1_737' title='bbox 1289 2329 1316 2350; x_wconf 91' lang='lat' dir='ltr'><strong>ut</strong></span> <span class='ocrx_word' id='word_1_738' title='bbox 1326 2323 1416 2358; x_wconf 87' lang='lat' dir='ltr'><strong>plebes</strong></span> <span class='ocrx_word' id='word_1_739' title='bbox 1425 2331 1484 2357; x_wconf 70' lang='lat' dir='ltr'><strong>quae</strong></span> <span class='ocrx_word' id='word_1_740' title='bbox 1494 2331 1632 2358; x_wconf 82' lang='lat' dir='ltr'><strong>nunquam</strong></span> <span class='ocrx_word' id='word_1_741' title='bbox 1644 2320 1746 2351; x_wconf 83' lang='lat' dir='ltr'><strong>habue-</strong></span> 
     </span>
    </p>
   </div>
   <div class='ocr_carea' id='block_1_107' title="bbox 956 2369 1745 2405">
    <p class='ocr_par' dir='ltr' id='par_1_107' title="bbox 956 2369 1745 2405">
     <span class='ocr_line' id='line_1_107' title="bbox 956 2369 1745 2405; baseline 0 -6"><span class='ocrx_word' id='word_1_742' title='bbox 956 2376 1021 2399; x_wconf 87' lang='lat' dir='ltr'><strong>runt</strong></span> <span class='ocrx_word' id='word_1_743' title='bbox 1036 2370 1162 2405; x_wconf 89' lang='lat' dir='ltr'><strong>proprios</strong></span> <span class='ocrx_word' id='word_1_744' title='bbox 1175 2370 1318 2404; x_wconf 84' lang='lat' dir='ltr'><strong>episcopos</strong></span> <span class='ocrx_word' id='word_1_745' title='bbox 1348 2369 1400 2396; x_wconf 88' lang='lat' dir='ltr'><strong>nisi</strong></span> <span class='ocrx_word' id='word_1_746' title='bbox 1424 2378 1457 2397; x_wconf 84' lang='lat' dir='ltr'><strong>ex</strong></span> <span class='ocrx_word' id='word_1_747' title='bbox 1480 2371 1598 2397; x_wconf 79' lang='lat' dir='ltr'><strong>COIIClllO</strong></span> <span class='ocrx_word' id='word_1_748' title='bbox 1623 2371 1745 2405; x_wconf 85' lang='lat' dir='ltr'><strong>plenario</strong></span> 
     </span>
    </p>
   </div>
   <div class='ocr_carea' id='block_1_108' title="bbox 959 2415 1746 2451">
    <p class='ocr_par' dir='ltr' id='par_1_108' title="bbox 959 2415 1746 2451">
     <span class='ocr_line' id='line_1_108' title="bbox 959 2415 1746 2451; baseline -0.001 -6"><span class='ocrx_word' id='word_1_749' title='bbox 959 2417 1179 2451; x_wconf 83' lang='lat' dir='ltr'><strong>uniuscujusque</strong></span> <span class='ocrx_word' id='word_1_750' title='bbox 1198 2415 1355 2451; x_wconf 73' lang='lat' dir='ltr'><strong>provinciat,</strong></span> <span class='ocrx_word' id='word_1_751' title='bbox 1378 2419 1405 2442; x_wconf 90' lang='lat' dir='ltr'><strong>et</strong></span> <span class='ocrx_word' id='word_1_752' title='bbox 1427 2416 1554 2450; x_wconf 88' lang='lat' dir='ltr'><strong>primatis</strong></span> <span class='ocrx_word' id='word_1_753' title='bbox 1578 2420 1658 2451; x_wconf 88' lang='lat' dir='ltr'><strong>atque</strong></span> <span class='ocrx_word' id='word_1_754' title='bbox 1682 2424 1746 2444; x_wconf 88' lang='lat' dir='ltr'><strong>con-</strong></span> 
     </span>
    </p>
   </div>
   <div class='ocr_carea' id='block_1_109' title="bbox 958 2461 1746 2498">
    <p class='ocr_par' dir='ltr' id='par_1_109' title="bbox 958 2461 1746 2498">
     <span class='ocr_line' id='line_1_109' title="bbox 958 2461 1746 2498; baseline 0 -8"><span class='ocrx_word' id='word_1_755' title='bbox 958 2471 1040 2491; x_wconf 86' lang='lat' dir='ltr'><strong>sensu</strong></span> <span class='ocrx_word' id='word_1_756' title='bbox 1056 2462 1127 2497; x_wconf 77' lang='lat' dir='ltr'><strong>ejus,</strong></span> <span class='ocrx_word' id='word_1_757' title='bbox 1145 2462 1177 2488; x_wconf 92' lang='lat' dir='ltr'><strong>ad</strong></span> <span class='ocrx_word' id='word_1_758' title='bbox 1193 2461 1272 2495; x_wconf 87' lang='lat' dir='ltr'><strong>cujus</strong></span> <span class='ocrx_word' id='word_1_759' title='bbox 1289 2461 1432 2489; x_wconf 75' lang='lat' dir='ltr'><strong>dimcesim</strong></span> <span class='ocrx_word' id='word_1_760' title='bbox 1448 2462 1541 2489; x_wconf 86' lang='lat' dir='ltr'><strong>eadem</strong></span> <span class='ocrx_word' id='word_1_761' title='bbox 1554 2462 1673 2493; x_wconf 79' lang='lat' dir='ltr'><strong>Ecclesia</strong></span> <span class='ocrx_word' id='word_1_762' title='bbox 1685 2470 1746 2498; x_wconf 86' lang='lat' dir='ltr'><strong>per-</strong></span> 
     </span>
    </p>
   </div>
   <div class='ocr_carea' id='block_1_110' title="bbox 960 2503 1627 2542">
    <p class='ocr_par' dir='ltr' id='par_1_110' title="bbox 960 2503 1627 2542">
     <span class='ocr_line' id='line_1_110' title="bbox 960 2503 1627 2542; baseline 0.001 -7"><span class='ocrx_word' id='word_1_763' title='bbox 960 2509 1072 2540; x_wconf 84' lang='lat' dir='ltr'><strong>tinebat,</strong></span> <span class='ocrx_word' id='word_1_764' title='bbox 1089 2508 1228 2535; x_wconf 84' lang='lat' dir='ltr'><strong>decretum</strong></span> <span class='ocrx_word' id='word_1_765' title='bbox 1245 2506 1339 2540; x_wconf 86' lang='lat' dir='ltr'><strong>fuerit,</strong></span> <span class='ocrx_word' id='word_1_766' title='bbox 1356 2503 1468 2535; x_wconf 83' lang='lat' dir='ltr'><strong>minime</strong></span> <span class='ocrx_word' id='word_1_767' title='bbox 1481 2508 1627 2542; x_wconf 85' lang='lat' dir='ltr'><strong>accipiant.</strong></span> 
     </span>
    </p>
   </div>
   <div class='ocr_carea' id='block_1_111' title="bbox 1074 2595 1636 2627">
    <p class='ocr_par' dir='ltr' id='par_1_111' title="bbox 1074 2595 1636 2627">
     <span class='ocr_line' id='line_1_111' title="bbox 1074 2595 1636 2627; baseline 0.002 -6"><span class='ocrx_word' id='word_1_768' title='bbox 1074 2595 1187 2622; x_wconf 67' lang='lat' dir='ltr'><strong>Consilii</strong></span> <span class='ocrx_word' id='word_1_769' title='bbox 1201 2595 1352 2622; x_wconf 72' lang='lat' dir='ltr'><strong>mumenici</strong></span> <span class='ocrx_word' id='word_1_770' title='bbox 1367 2603 1392 2622; x_wconf 83' lang='lat' dir='ltr'><strong>vr</strong></span> <span class='ocrx_word' id='word_1_771' title='bbox 1408 2603 1519 2623; x_wconf 80' lang='lat' dir='ltr'><strong>canones</strong></span> <span class='ocrx_word' id='word_1_772' title='bbox 1532 2595 1577 2627; x_wconf 72' lang='lat'><strong>33,</strong></span> <span class='ocrx_word' id='word_1_773' title='bbox 1591 2596 1636 2624; x_wconf 80' lang='grc'><strong>57.</strong></span> 
     </span>
    </p>
   </div>
   <div class='ocr_carea' id='block_1_112' title="bbox 992 2641 1743 2676">
    <p class='ocr_par' dir='ltr' id='par_1_112' title="bbox 992 2641 1743 2676">
     <span class='ocr_line' id='line_1_112' title="bbox 992 2641 1743 2676; baseline 0.003 -9"><span class='ocrx_word' id='word_1_774' title='bbox 992 2642 1036 2668; x_wconf 78' lang='grc'><strong>55.</strong></span> <span class='ocrx_word' id='word_1_775' title='bbox 1050 2641 1184 2674; x_wconf 82' lang='lat' dir='ltr'><strong>Quoniam</strong></span> <span class='ocrx_word' id='word_1_776' title='bbox 1198 2641 1376 2676; x_wconf 81' lang='lat' dir='ltr'><strong>cognovimus</strong></span> <span class='ocrx_word' id='word_1_777' title='bbox 1389 2642 1415 2668; x_wconf 93' lang='lat' dir='ltr'><strong>in</strong></span> <span class='ocrx_word' id='word_1_778' title='bbox 1427 2642 1618 2669; x_wconf 85' lang='lat' dir='ltr'><strong>Armeniorum</strong></span> <span class='ocrx_word' id='word_1_779' title='bbox 1635 2642 1743 2675; x_wconf 71' lang='lat' dir='ltr'><strong>regione</strong></span> 
     </span>
    </p>
   </div>
   <div class='ocr_carea' id='block_1_113' title="bbox 955 2687 1741 2722">
    <p class='ocr_par' dir='ltr' id='par_1_113' title="bbox 955 2687 1741 2722">
     <span class='ocr_line' id='line_1_113' title="bbox 955 2687 1741 2722; baseline 0 -8"><span class='ocrx_word' id='word_1_780' title='bbox 955 2694 1004 2714; x_wconf 80' lang='lat' dir='ltr'><strong>eos</strong></span> <span class='ocrx_word' id='word_1_781' title='bbox 1018 2687 1105 2714; x_wconf 90' lang='lat' dir='ltr'><strong>solum</strong></span> <span class='ocrx_word' id='word_1_782' title='bbox 1125 2687 1150 2713; x_wconf 89' lang='lat' dir='ltr'><strong>in</strong></span> <span class='ocrx_word' id='word_1_783' title='bbox 1169 2687 1234 2714; x_wconf 77' lang='lat' dir='ltr'><strong>rlcri</strong></span> <span class='ocrx_word' id='word_1_784' title='bbox 1254 2687 1379 2714; x_wconf 84' lang='lat' dir='ltr'><strong>ordinem</strong></span> <span class='ocrx_word' id='word_1_785' title='bbox 1395 2687 1489 2714; x_wconf 79' lang='lat' dir='ltr'><strong>referri</strong></span> <span class='ocrx_word' id='word_1_786' title='bbox 1504 2687 1549 2722; x_wconf 90' lang='lat' dir='ltr'><strong>qui</strong></span> <span class='ocrx_word' id='word_1_787' title='bbox 1567 2692 1631 2714; x_wconf 90' lang='lat' dir='ltr'><strong>sunt</strong></span> <span class='ocrx_word' id='word_1_788' title='bbox 1647 2695 1679 2714; x_wconf 89' lang='lat' dir='ltr'><strong>cx</strong></span> <span class='ocrx_word' id='word_1_789' title='bbox 1694 2695 1741 2722; x_wconf 65' lang='grc' dir='ltr'>εοε-</span> 
     </span>
    </p>
   </div>
   <div class='ocr_carea' id='block_1_114' title="bbox 956 2733 1742 2768">
    <p class='ocr_par' dir='ltr' id='par_1_114' title="bbox 956 2733 1742 2768">
     <span class='ocr_line' id='line_1_114' title="bbox 956 2733 1742 2768; baseline 0 -8"><span class='ocrx_word' id='word_1_790' title='bbox 956 2740 1020 2760; x_wconf 89' lang='lat' dir='ltr'><strong>nere</strong></span> <span class='ocrx_word' id='word_1_791' title='bbox 1037 2733 1209 2765; x_wconf 86' lang='lat' dir='ltr'><strong>sacerdotali,</strong></span> <span class='ocrx_word' id='word_1_792' title='bbox 1233 2733 1267 2760; x_wconf 89' lang='lat' dir='ltr'><strong>iis</strong></span> <span class='ocrx_word' id='word_1_793' title='bbox 1279 2733 1325 2767; x_wconf 89' lang='lat' dir='ltr'><strong>qui</strong></span> <span class='ocrx_word' id='word_1_794' title='bbox 1347 2735 1398 2761; x_wconf 89' lang='lat' dir='ltr'><strong>hoc</strong></span> <span class='ocrx_word' id='word_1_795' title='bbox 1421 2733 1509 2761; x_wconf 83' lang='lat' dir='ltr'><strong>facere</strong></span> <span class='ocrx_word' id='word_1_796' title='bbox 1533 2733 1742 2768; x_wconf 76' lang='lat' dir='ltr'><strong>aggrediuntur.</strong></span> 
     </span>
    </p>
   </div>
   <div class='ocr_carea' id='block_1_115' title="bbox 954 2778 1740 2814">
    <p class='ocr_par' dir='ltr' id='par_1_115' title="bbox 954 2778 1740 2814">
     <span class='ocr_line' id='line_1_115' title="bbox 954 2778 1740 2814; baseline 0 -9"><span class='ocrx_word' id='word_1_797' title='bbox 954 2785 1046 2805; x_wconf 85' lang='lat' dir='ltr'><strong>mores</strong></span> <span class='ocrx_word' id='word_1_798' title='bbox 1073 2778 1200 2812; x_wconf 87' lang='lat' dir='ltr'><strong>judaicos</strong></span> <span class='ocrx_word' id='word_1_799' title='bbox 1234 2779 1435 2814; x_wconf 86' lang='lat' dir='ltr'><strong>sequentibus;</strong></span> <span class='ocrx_word' id='word_1_800' title='bbox 1467 2779 1612 2806; x_wconf 89' lang='lat' dir='ltr'><strong>nonnullos</strong></span> <span class='ocrx_word' id='word_1_801' title='bbox 1649 2782 1740 2806; x_wconf 83' lang='lat' dir='ltr'><strong>autem</strong></span> 
     </span>
    </p>
   </div>
   <div class='ocr_carea' id='block_1_116' title="bbox 954 2824 1742 2860">
    <p class='ocr_par' dir='ltr' id='par_1_116' title="bbox 954 2824 1742 2860">
     <span class='ocr_line' id='line_1_116' title="bbox 954 2824 1742 2860; baseline 0 -7"><span class='ocrx_word' id='word_1_802' title='bbox 954 2832 1059 2858; x_wconf 92' lang='lat' dir='ltr'><strong>eorum,</strong></span> <span class='ocrx_word' id='word_1_803' title='bbox 1076 2824 1158 2852; x_wconf 85' lang='lat' dir='ltr'><strong>etiam</strong></span> <span class='ocrx_word' id='word_1_804' title='bbox 1169 2832 1222 2853; x_wconf 84' lang='lat' dir='ltr'><strong>non</strong></span> <span class='ocrx_word' id='word_1_805' title='bbox 1237 2829 1340 2860; x_wconf 78' lang='lat' dir='ltr'><strong>tonsos,</strong></span> <span class='ocrx_word' id='word_1_806' title='bbox 1357 2832 1450 2854; x_wconf 84' lang='lat' dir='ltr'><strong>sacros</strong></span> <span class='ocrx_word' id='word_1_807' title='bbox 1465 2829 1590 2853; x_wconf 85' lang='lat' dir='ltr'><strong>cantores</strong></span> <span class='ocrx_word' id='word_1_808' title='bbox 1606 2829 1631 2853; x_wconf 91' lang='lat' dir='ltr'><strong>ct</strong></span> <span class='ocrx_word' id='word_1_809' title='bbox 1643 2825 1742 2853; x_wconf 70' lang='lat' dir='ltr'><strong>divinat</strong></span> 
     </span>
    </p>
   </div>
  </div>
