1960 3076
216 203 269 236 487

779 199 910 232 PHOTII
930 197 1183 229 PATRIARCHAE
1201 198 1256 230 CP.

1791 198 1843 232 488

216 260 284 295 legis
304 260 419 287 lectores
439 259 590 286 constitui:
614 258 797 290 decernimus,
819 262 851 285 ut
873 257 999 291 deinceps

1055 254 1247 288 καθίστασθαι,
1269 256 1427 292 συνείόομεν
1442 256 1512 283 ὥστε
1528 256 1581 284 ἀπὸ
1593 257 1640 284 τοῦ
1651 257 1698 284 νῦν
1714 257 1752 292 μὴ
1772 258 1843 289 ἐξεῖ-

216 311 272 331 ιιοιι
292 303 374 331 liceat
395 303 429 330 iis
446 303 493 338 qui
507 303 601 330 volunt
619 302 725 337 aliquos
741 302 775 328 ad
794 301 896 328 clerum
916 301 1002 328 addu-

216 357 290 382 cere,
301 349 333 376 ad
343 349 401 384 ejus
410 349 454 376 cui
468 356 567 376 manus
580 348 741 383 imponitur,
752 356 837 382 genus
849 348 1000 382 respicere:

217 393 264 420 sed
287 393 474 420 exauiinautes
497 400 532 419 an
553 392 628 428 digiti
654 393 708 420 sint
729 393 808 428 juxta
832 393 953 428 exposita
973 393 1001 419 in

215 439 302 466 sacris
314 438 465 465 canonibus
478 439 598 470 decreta,
609 439 634 465 in
648 439 714 466 cleri
727 440 880 474 catalogttut
893 438 999 471 referri,

215 489 246 510 ut
262 491 310 511 eos
323 484 510 511 ecclesiastice
524 490 713 518 promoveant,
728 486 787 512 sive
799 486 854 512 sint
867 493 899 512 ex
916 483 1001 517 majo-

215 530 290 556 ribus
308 530 366 556 suis
386 529 585 561 sacerdotibus.
608 530 664 557 sive
685 539 749 557 non.
777 530 830 558 Sed
850 531 944 562 etiam,
971 533 1000 557 ut

214 575 281 602 nul‘li
299 583 331 602 ex
350 575 478 602 omnibus
492 576 660 610 permittant,
676 576 752 609 juxta
767 576 890 603 ordinetn
905 583 999 603 eorunt

214 619 261 654 qui
281 615 349 647 sunt
369 619 396 646 itt
415 620 578 647 clericorum
595 621 717 648 ordinem
739 621 827 654 relati,
851 621 952 656 populo
972 621 999 647 in

215 669 343 699 suggestu
358 665 464 692 divinas
481 665 638 700 Scripturas
653 666 779 698 recitare,
798 666 849 693 nisi
863 665 886 693 is
905 673 999 693 sacer-

215 709 299 735 dotali
319 713 431 736 tonsura
447 717 513 737 usus
531 710 624 742 fuerit,
645 715 671 738 et
687 711 902 738 benedictionem
918 718 932 736 a
949 717 999 737 suo

213 758 326 788 pastore
345 753 479 781 canonice
494 755 655 789 susceperit.
671 754 699 781 Si
715 754 776 789 quis
792 760 883 781 autem
902 759 999 789 praeter

213 798 270 825 haec
285 798 376 826 facere
387 799 574 833 depreltettsus
590 799 681 829 fuerit.
700 804 865 834 segregetur.

248 845 293 871 57.
310 844 444 877 Quoniam
460 845 575 873 diversis
591 845 760 880 temporibus
781 845 933 872 barbarica:
959 844 999 871 itt-

213 891 356 918 cursiones
377 890 469 922 fuere,
490 895 516 918 et
531 899 563 917 ex
581 898 614 918 eo
639 891 763 925 plurimae
787 891 911 918 civitates
937 890 999 916 inti-

212 936 319 964 delibus
334 937 483 972 sultjugatae
509 937 601 969 luere,
629 941 658 963 ut
681 937 742 964 ideo
762 944 816 963 tton
833 936 919 971 possit
939 935 998 970 ejus

210 982 329 1009 civitatis
345 982 443 1016 praesul
464 987 604 1017 postquam
630 982 773 1009 ordinatus
797 981 895 1013 fuerit,
919 989 998 1008 suum

211 1027 339 1053 tltrouum
364 1026 585 1061 apprehendere,
609 1031 635 1053 et
665 1026 692 1052 in
718 1033 751 1053 eo
778 1026 804 1053 in
833 1025 998 1053 sacerdotali

211 1071 407 1099 constitutione
423 1072 550 1099 collocari
563 1091 570 1103 ,
594 1076 619 1098 et
641 1071 681 1098 sic
696 1079 745 1106 pro
761 1079 793 1098 ea
805 1079 866 1106 quae
884 1071 1000 1097 invaluit

210 1117 409 1146 consuetudine
438 1117 492 1153 40
512 1117 698 1144 ordinationes
724 1121 751 1144 et
769 1118 875 1149 omnia,
890 1125 950 1151 qua:
966 1117 998 1143 ad

211 1164 368 1199 episcopum
383 1163 534 1197 pertinent,
550 1170 629 1197 agere
644 1167 671 1189 et
686 1167 802 1190 tractare
815 1172 822 1189 :
839 1170 899 1195 nos,
915 1162 1000 1189 hono-

211 1216 268 1236 rent
285 1216 317 1235 ac
333 1208 538 1235 venerationem
555 1207 710 1235 sacerdmio
725 1212 877 1238 servantes,
897 1211 923 1234 et
938 1214 999 1241 gen-

211 1254 286 1281 tiletn
320 1253 448 1288 injuriant
480 1260 652 1287 nequaquam
686 1253 719 1279 ad
749 1253 997 1280 eeciesiasticornm

209 1299 314 1334 jurium
343 1298 490 1333 perniciem
522 1299 642 1325 exerceri
675 1298 814 1330 volentes,
836 1306 883 1325 eos
898 1298 943 1332 qui
960 1298 1000 1325 sic

211 1345 329 1372 ordinati
345 1349 425 1377 sunt,
441 1349 467 1371 et
481 1349 589 1378 propter
602 1344 755 1378 pradictam
774 1352 883 1371 causam
900 1345 926 1370 in
942 1345 999 1371 suis

211 1398 266 1418 non
290 1397 354 1418 sunt
370 1390 511 1418 constituti
526 1411 533 1422 ,
553 1395 582 1417 ut
600 1390 704 1424 absque
721 1390 777 1416 ullo
791 1397 823 1416 ex
840 1397 870 1416 ea
886 1397 914 1416 re
930 1397 999 1424 pra:-

209 1435 312 1471 judieio
328 1439 535 1466 conserventur,
551 1435 736 1467 decrevimus;
751 1439 780 1461 ut
793 1439 819 1461 et
831 1434 998 1461 diversorum

211 1481 375 1508 clericorum
395 1479 582 1506 ordinationes
597 1480 729 1506 canonice
749 1479 851 1505 faciant
863 1498 869 1509 ,
886 1483 912 1505 et
929 1486 998 1513 prar-

212 1525 334 1553 sidentia:
361 1524 524 1552 auctoritate
550 1524 700 1552 secundum
726 1524 864 1559 proprium
896 1529 997 1551 statum

213 1575 339 1602 utantur,
356 1574 383 1596 et
398 1570 433 1596 sit
454 1569 530 1596 lirnta
549 1576 581 1596 ac
597 1569 716 1604 legitima
729 1576 898 1603 quaecunque
910 1569 944 1595 ab
959 1568 999 1594 eis

211 1615 334 1652 procedit
345 1615 557 1642 administratio.
573 1613 633 1641 Non
649 1615 722 1642 enim
738 1622 752 1641 a
768 1620 889 1648 tempore
905 1621 1000 1641 neces-

213 1662 301 1689 sitatis
326 1665 422 1688 exacta
445 1660 518 1695 juris
547 1660 739 1687 observatione
772 1659 999 1693 circumscripta,

212 1707 424 1743 dispensationis
440 1706 574 1733 terminus
589 1705 840 1733 circumscribetur.

214 1842 315 1878 Synodi
340 1840 647 1878 Constantiitoytnolitanw
663 1848 721 1878 qum
749 1839 847 1878 dicitur
866 1838 953 1872 prima
976 1843 1001 1865 et

248 1877 362 1904 secunda
375 1877 401 1902 in
413 1875 508 1907 templo
525 1875 682 1902 Sanctorum
696 1874 880 1909 Apostolorum
893 1881 1001 1907 congre-

250 1918 325 1947 gato,
343 1919 426 1945 mnou
448 1910 491 1937 16.

250 1969 293 1996 16.
315 1969 429 2002 Propter
448 1967 637 1994 contentiones
647 1971 672 1994 ct
687 1966 829 1998 tumultus,
847 1966 892 2001 qui
911 1967 938 1993 in
955 1965 1002 1993 Dei

214 2015 335 2043 Ecclesia
347 2015 520 2049 contingunt,
533 2014 585 2041 hoc
600 2021 708 2048 quoque
722 2019 763 2040 est
779 2013 891 2040 delinire
906 2019 1001 2039 ncces-

215 2063 330 2094 sarium,
351 2066 380 2088 ut
402 2063 548 2096 episcopus
569 2060 645 2087 nullo
666 2060 748 2086 modo
771 2059 953 2086 constituatttr
974 2058 1000 2084 in

214 2109 346 2141 Ecclesia,
365 2108 407 2135 cui
428 2108 473 2141 qui
493 2110 591 2141 praeest
616 2105 706 2132 adhuc
721 2105 796 2136 vivit,
813 2109 840 2131 et
851 2107 893 2130 est
913 2104 1002 2130 adhuc

214 2156 242 2184 iu
258 2156 368 2190 proprio
383 2155 488 2181 honore
505 2152 682 2183 constitutus,
700 2151 751 2178 nisi
771 2149 938 2185 episcopatui
952 2157 1000 2176 sua

215 2206 312 2237 sponte
334 2199 543 2227 renuntiaverit.
566 2198 679 2232 Oportet
698 2197 771 2224 enim
796 2203 906 2223 causam
929 2195 999 2229 ejus,

215 2246 263 2281 qui
280 2249 322 2273 est
335 2245 494 2280 episcopatu
510 2242 698 2277 expcllendus,
713 2241 845 2268 canonice
860 2239 1000 2267 examina-

217 2295 272 2318 tam
290 2290 322 2317 ad
337 2290 416 2316 linem
430 2289 504 2323 prius
518 2287 614 2315 deduci
634 2295 642 2314 :
661 2285 758 2313 deinde
771 2290 830 2320 post
845 2285 904 2320 ejus
918 2285 1000 2319 depo-

215 2336 355 2366 sitioneut,
371 2336 485 2362 alterum
503 2335 529 2360 in
553 2335 612 2368 ejus
627 2333 811 2367 episcopatum
831 2331 952 2367 provehi.
972 2330 1000 2358 Si

216 2380 278 2415 quis
288 2385 378 2406 autem
391 2380 535 2412 episcopus
546 2378 571 2404 in
587 2376 698 2411 proprio
711 2376 814 2402 honore
825 2375 1000 2405 constitutus,

216 2434 266 2454 nec
286 2426 345 2452 vult
363 2425 530 2456 renuntiare,
554 2431 603 2450 nec
624 2423 763 2458 proprium
791 2421 920 2456 populum
942 2428 1001 2455 pas-

215 2478 287 2501 cere,
306 2470 353 2496 sed
370 2477 384 2495 a
396 2476 447 2495 suo
464 2468 621 2502 episcopatu
635 2465 775 2496 recedens,
792 2465 934 2500 plusquam
953 2473 1001 2492 sex

215 2515 358 2543 mensibus
373 2515 399 2540 in
415 2514 469 2540 alio
484 2513 543 2540 loco
557 2512 646 2546 degat,
664 2520 714 2538 nec
726 2512 801 2544 regio
813 2511 893 2545 jussu
908 2511 1001 2537 deten-

217 2566 270 2592 tus,
281 2568 331 2587 nec
346 2560 386 2587 sui
398 2559 557 2594 patriarcha:
567 2557 718 2584 ministerio
733 2557 898 2587 deserviens,
913 2564 1000 2590 neque

215 2615 229 2634 :t
246 2607 321 2641 gravi
335 2606 442 2636 morbo.
457 2610 484 2632 et
499 2605 545 2639 qui
562 2607 592 2630 ut
607 2603 719 2630 omnino
732 2602 834 2629 moveri
849 2609 902 2627 non
916 2602 1002 2636 possit

214 2653 321 2684 efficiat,
339 2655 469 2682 retentus,
488 2650 511 2676 is
526 2650 597 2676 nulla
613 2657 646 2676 cx
664 2655 744 2682 supra
760 2647 812 2682 41
828 2647 905 2674 dictis
919 2654 1000 2674 causa

215 2699 380 2734 prohibitus,
394 2702 420 2724 et
434 2705 448 2724 a
466 2704 516 2724 suo
528 2696 686 2730 episcopatu
702 2694 811 2724 absens,
828 2697 854 2719 et
870 2693 941 2718 ultra
957 2699 1000 2718 sc-

214 2750 314 2773 mcstre
332 2749 438 2778 tempus
455 2743 481 2769 in
498 2742 552 2768 alio
571 2741 632 2768 loco
647 2741 758 2774 degens,
773 2739 807 2765 ab
825 2738 944 2772 episcopi
959 2737 1001 2763 di-

215 2790 316 2825 gnitate
335 2794 361 2816 et
380 2789 483 2815 honore
501 2787 613 2814 omnino
640 2785 812 2812 alienahitur.
836 2783 903 2809 Eum
927 2782 999 2809 enim

213 2836 259 2870 qui
272 2843 328 2863 sum
343 2835 402 2863 lich
419 2834 600 2862 commissum
616 2838 724 2867 gregem
742 2829 852 2864 negligit
868 2829 932 2855 etin
947 2828 1000 2854 alio

213 2882 274 2910 lico
289 2890 372 2918 supra
394 2884 526 2910 semestre
545 2884 653 2914 tempus
676 2877 770 2912 degit,
790 2875 884 2903 statuit
905 2877 998 2901 sancta

1057 310 1100 328 ναι
1113 302 1170 333 τοῖς
1185 303 1225 334 είς
1239 302 1340 338 κλῆρον
1360 302 1532 336 βουλομένοις
1555 303 1687 337 προάγειν
1700 303 1787 334 τινὰς,
1801 305 1843 335 είς

1053 347 1085 373 τὸ
1106 348 1183 381 γένος
1205 348 1411 380 ἀποϐλέποντας
1434 348 1481 374 τοῦ
1499 349 1752 384 προχειριζομένου,
1773 349 1842 377 ἀλλὰ

1051 391 1248 426 δοκιμάζοντας
1261 394 1285 418 εί
1294 392 1364 425 ἄξιοι
1378 390 1432 419 εἷεν
1445 392 1515 419 κατὰ
1530 394 1593 424 τοὺς
1606 394 1733 426 τεθέντας
1745 394 1773 421 έν
1785 396 1843 426 τοῖς

1053 435 1135 471 ἱεροῖς
1146 437 1262 463 κανόσιν
1276 438 1354 472 ὅρους
1368 438 1397 464 ἐν
1415 438 1508 474 κλήρῳ
1523 439 1716 474 καταλεγῆναι,
1731 440 1842 472 τούτους

1052 482 1285 518 ὲκκλησιαστικῶς
1297 484 1530 519 προχειρίζεσθαι,
1546 485 1600 511 εἴτε
1627 485 1675 511 καὶ
1691 486 1723 512 ὲκ
1740 487 1841 521 προγό-

1050 537 1104 556 νων
1115 529 1259 562 γεγόνασιν
1276 529 1381 564 ἱερέων,
1398 530 1452 556 εἴτε
1479 530 1525 556 καὶ
1546 531 1598 565 μή·
1614 530 1682 557 ἀλλὰ
1697 531 1764 566 μηδέ
1780 536 1841 558 τινα

1050 574 1104 601 τῶν
1120 574 1248 601 ἁπάντων
1262 575 1412 609 συγχωρεῖν
1436 574 1478 600 ἐπ’
1496 575 1623 610 ἄμϐωνος
1634 577 1705 602 κατὰ
1722 577 1772 610 τὴν
1787 577 1842 602 τῶν

1050 622 1079 648 έν
1093 620 1186 655 κλήρῳ
1202 619 1427 654 καταλεγομένων
1447 620 1525 652 τάξιν
1539 622 1601 652 τοὺς
1615 620 1704 653 θείους
1728 621 1768 656 τῷ
1783 621 1840 656 λαῷ

1050 667 1144 700 λόγους
1157 667 1321 700 ὑποφωνεῖν,
1335 667 1359 691 εί
1372 666 1409 700 μή
1425 674 1451 691 τι
1472 665 1506 692 ἂν
1524 666 1649 701 ίερατικῇ
1665 668 1752 702 κουρᾷ
1767 668 1837 703 χρή-

1050 721 1132 747 σηται
1153 714 1167 739 ὁ
1182 711 1314 744 τοιοῦτος,
1334 712 1382 738 καὶ
1398 712 1447 747 τὴν
1465 712 1593 746 εὐλογίαν
1613 713 1665 739 ὑπὸ
1676 713 1723 739 τοῦ
1737 715 1839 741 οἰκείου

1050 758 1178 793 ποιμένος
1208 751 1359 789 κανονικῶς
1384 757 1548 793 ὑποδέξηται
1565 765 1571 773 ·
1584 758 1608 784 εί
1626 758 1654 784 δέ
1682 767 1724 789 τις
1743 767 1839 793 φωρα-

1051 802 1111 838 θείη
1138 804 1213 838 παρὰ
1236 803 1271 830 τὰ
1295 803 1523 838 προστεταγμένα
1542 803 1638 835 ποιῶν,
1655 802 1838 838 ἁφοριζέσθω.

1083 848 1134 880 λζ’.
1160 849 1268 883 Ἐπειδὴ
1287 848 1358 875 κατὰ
1374 848 1521 883 διαφόρους
1542 849 1655 883 καιροὺς
1671 847 1838 884 βαρϐαρικαὶ

1049 894 1192 928 γεγόνασιν
1200 894 1299 928 ἔφοδοι,
1314 895 1361 921 καὶ
1378 893 1502 920 πλεῖσται
1518 894 1609 925 πόλεις
1626 893 1750 920 ἐντεῦθεν
1770 894 1838 921 ιέπο-

1050 941 1147 975 χείριοι
1169 942 1225 971 τοῖς
1239 940 1350 975 ἀνόμοις
1379 940 1562 974 κατέστησαν,
1584 940 1621 971 ὡς
1650 939 1774 966 ἐντεῦθεν
1799 940 1838 975 μὴ

1050 986 1197 1021 δυνηθῆναι
1212 987 1257 1012 τὸν
1271 987 1320 1020 τῆς
1336 986 1465 1020 τοιαύτης
1493 986 1597 1017 πόλεως
1613 985 1743 1021 πρόεδρον
1767 986 1836 1021 μετὰ

1050 1032 1099 1067 τὴν
1114 1031 1158 1058 ἐπ’
1173 1031 1246 1066 αὐτῷ
1263 1031 1438 1066 χειροτονίαν,
1460 1031 1505 1057 τὸν
1521 1032 1620 1057 οικεῖον
1635 1031 1730 1066 θρόνον
1751 1040 1837 1057 κατα-

1049 1077 1158 1109 λαϐεῖν,
1175 1077 1222 1104 καὶ
1237 1078 1266 1102 ἐν
1291 1076 1366 1111 αὑτῷ
1392 1077 1514 1112 ίερατικῇ
1532 1077 1698 1103 καταστάσει
1715 1076 1836 1111 ὲνιδρυν-

1050 1123 1141 1157 θῆναι,
1157 1123 1205 1149 καὶ
1231 1122 1301 1149 οὕτω
1325 1122 1397 1148 κατὰ
1410 1123 1439 1148 τὸ
1452 1122 1594 1157 κρατῆσαν
1613 1122 1673 1152 ἔθος
1685 1122 1735 1153 τὰς
1749 1130 1836 1157 χειρο-

1050 1170 1151 1200 τονίας,
1163 1170 1210 1196 καὶ
1225 1169 1314 1195 πάντα
1328 1168 1347 1195 ἃ.
1366 1168 1405 1204 τῷ
1421 1168 1562 1202 ὲπισκόπῳ
1591 1168 1688 1203 ἀνήκει
1705 1168 1836 1204 πράττειν

1050 1223 1079 1241 τε
1092 1215 1138 1241 καὶ
1155 1214 1402 1249 μεταχειρίζεσθαι,
1418 1215 1500 1249 ἡμεῖς
1513 1213 1543 1239 τὸ
1566 1214 1657 1248 τίμιον
1682 1215 1729 1240 καὶ
1756 1214 1836 1241 σεϐά-

1052 1268 1130 1295 σμιον
1147 1262 1179 1295 τῇ
1195 1260 1329 1296 ἱερωσύνῃ
1354 1260 1543 1294 φυλάττοντες.
1563 1260 1609 1286 καὶ
1626 1259 1758 1295 μηδαμῶς
1770 1260 1838 1294 πρὸς

1050 1305 1138 1340 λύμην
1170 1306 1223 1331 τῶν
1247 1304 1483 1340 ὲκκλησιαστικῶν
1507 1305 1629 1335 δικαίων,
1651 1306 1701 1339 τὴν
1727 1305 1838 1339 ὲθνικὴν

1050 1352 1181 1386 ἐπήρειαν
1198 1350 1368 1385 ἐνεργεῖσθαι
1384 1350 1554 1386 βουλόμενοι,
1570 1351 1627 1382 τοῖς
1657 1351 1728 1377 οὕτω
1750 1359 1838 1385 χειρο-

1050 1397 1193 1431 τονηθείσι,
1210 1397 1256 1423 καὶ
1269 1396 1313 1423 διὰ
1329 1397 1378 1430 τὴν
1405 1396 1594 1432 προκειμένην
1620 1396 1711 1422 αἰτίαν
1731 1396 1760 1422 ὲν
1781 1396 1838 1426 τοῖς

1051 1442 1156 1469 ἑαυτῶν
1169 1442 1210 1476 μὴ
1230 1441 1415 1476 ὲγκαταστᾶσι
1436 1442 1552 1474 θρόνοις,
1567 1442 1601 1467 τὸ
1626 1441 1773 1476 ἁπόκριτον
1787 1449 1838 1475 τη-

1052 1489 1156 1524 ρεῖσθαι
1172 1487 1383 1523 συνεωράκαμεν
1403 1495 1410 1502 '
1428 1487 1498 1514 ὥστε
1521 1488 1569 1514 καὶ
1588 1488 1755 1523 χειροτονίας
1773 1487 1840 1523 κλη-

1052 1533 1135 1569 ρικῶν
1149 1533 1284 1567 διαφόρων
1302 1533 1454 1564 κανονικῶς
1476 1534 1573 1565 ποιεῖν,
1594 1533 1642 1560 καὶ
1657 1534 1690 1568 τῇ
1708 1533 1756 1567 τῆς
1772 1541 1840 1568 προ-

1013 1587 1034 1616 c
1052 1578 1141 1612 εδρίας
1153 1577 1280 1612 αὐθεντίᾳ
1296 1576 1367 1606 κατὰ
1385 1577 1431 1603 τὸν
1446 1577 1511 1604 ἴδιον
1525 1578 1588 1612 ὅρον
1604 1577 1765 1613 κεχρῆσθαι.
1791 1578 1840 1604 καὶ

1053 1623 1164 1658 βεϐαίαν
1194 1624 1241 1650 καὶ
1267 1624 1466 1659 νενομισμένην
1489 1622 1559 1650 εἶναι
1579 1624 1669 1650 πᾶσαν
1686 1624 1731 1649 ὑπ’
1749 1623 1840 1650 αὐτῶν

1052 1670 1202 1706 προϊοῦσαν
1224 1671 1366 1706 διοίκησιν.
1393 1670 1430 1696 Οὐ
1452 1669 1508 1705 γὰρ
1524 1669 1576 1696 ὑπὸ
1587 1669 1635 1695 τοῦ
1649 1668 1699 1704 τῆς
1718 1669 1840 1703 ἀνάγκης

1054 1716 1151 1750 καιροῦ
1166 1716 1384 1752 περιγραφείσης
1401 1716 1450 1751 τῆς
1469 1715 1624 1750 ἀκριϐείας,
1640 1716 1655 1742 ό
1672 1715 1721 1750 τῆς
1736 1715 1839 1742 οἰκονο-

1054 1763 1120 1798 μίας
1131 1763 1193 1798 ὃρος
1204 1762 1454 1798 περιορισθήσεται.

1051 1832 1188 1860 Συνόδου
1204 1835 1230 1858 α’
1253 1831 1301 1857 καί
1312 1831 1343 1862 ,β’
1356 1829 1614 1864 συγκροτηθείσης
1631 1829 1666 1855 ἐν
1681 1830 1840 1855 Κωγσταν-

1087 1867 1258 1910 τινορπόλςι
1271 1865 1354 1898 ἐντῷ
1367 1865 1437 1900 irati)
1457 1864 1517 1892 τῶν
1534 1864 1841 1898 ἈτιωνἈποστόλων

1087 1904 1188 1928 κανὼν
1205 1904 1253 1934 ις’.

1090 1966 1131 1990 ις.
1150 1957 1199 1984 Διὶ
1207 1957 1255 1988 τὰς
1269 1956 1434 1991 φιλονεικίας
1445 1964 1476 1981 τε
1491 1955 1538 1981 καὶ
1548 1954 1679 1991 ταραχὰς,
1691 1954 1741 1985 τὰς
1760 1955 1788 1981 έν
1804 1956 1839 1989 τῇ

1051 2003 1099 2030 τοῦ
1118 2003 1185 2030 Θεοῦ
1206 2002 1355 2037 Ἐκκλησία
1366 2000 1577 2036 συμϐαινούσας,
1589 2001 1637 2026 καὶ
1650 1999 1728 2026 τοῦτο
1747 2000 1838 2035 ὁρίσαι

1052 2049 1200 2084 ἀναγκαῖόν
1218 2049 1276 2074 ἔστι
1289 2056 1297 2063 ·
1314 2047 1360 2074 τοῦ
1375 2047 1469 2082 μηδενὶ
1479 2047 1572 2082 τρόπῳ
1590 2045 1738 2072 ἐπίσκοπον
1753 2053 1839 2072 κατα-

1053 2099 1148 2132 στῆναι
1161 2098 1189 2122 ὲν
1208 2098 1240 2131 τῇ
1256 2095 1415 2129 Ἐκκλησίᾳ,
1431 2092 1465 2130 ἦς
1479 2094 1519 2120 ἔτι
1533 2094 1547 2119 ὁ
1562 2093 1702 2128 προεστὼς
1725 2093 1769 2128 ζῇ,
1790 2093 1839 2118 καὶ

1052 2144 1081 2170 ἐν
1092 2145 1124 2178 τῇ
1144 2142 1197 2178 ἰδίᾳ
1211 2142 1368 2168 συνίσταται
1385 2141 1464 2176 τιμῇ,
1478 2139 1516 2175 μὴ
1530 2139 1611 2169 αὐτὸς
1626 2139 1695 2165 ἑκὼν
1709 2138 1758 2173 τὴν
1777 2138 1838 2164 ἔπι-

1053 2189 1157 2222 σκοπὴν
1173 2188 1370 2223 παραιτήσεται
1385 2194 1392 2201 ·
1408 2185 1461 2220 χρὴ
1469 2185 1524 2219 γὰρ
1537 2185 1669 2220 πρότερον
1684 2183 1733 2219 τὴν
1747 2183 1838 2210 αἰτίαν

1051 2234 1098 2260 τοῦ
1115 2234 1255 2269 μέλλοντος
1271 2232 1320 2266 τῆς
1346 2230 1499 2264 ἐπισκοπῆς
1522 2229 1714 2260 ὲκδιώκεσθαι,
1729 2237 1838 2255 κανονι-

1052 2280 1106 2311 κῶς
1128 2278 1324 2313 ἐξεταζομένην
1345 2279 1385 2308 είς
1409 2277 1495 2311 πέρας
1520 2275 1635 2309 ἄγεσθαι
1652 2283 1660 2290 ⁸
1681 2272 1730 2300 εἷθ’
1750 2274 1839 2304 οὕτως

1053 2326 1123 2361 μετὰ
1138 2326 1188 2360 τὴν
1205 2324 1288 2351 αὑτοῦ
1314 2322 1484 2357 καθαίρεσιν,
1504 2321 1598 2356 ἕτερον
1625 2320 1683 2347 ἀντ’
1697 2319 1781 2346 αὐτοῦ
1797 2320 1839 2349 είς

1050 2373 1099 2408 τὴν
1123 2371 1275 2405 ἐπισκοπὴν
1298 2367 1521 2405 προϐιϐάζεσθαι.
1540 2367 1572 2393 El
1591 2367 1619 2393 δέ
1630 2375 1673 2397 τις
1702 2365 1755 2393 τῶν
1778 2366 1839 2391 ὲπι-

1052 2418 1161 2444 σκόπων
1181 2418 1209 2443 ἐν
1223 2418 1258 2451 τῇ
1275 2416 1328 2451 ἰδίᾳ
1345 2415 1536 2448 συνιστάμενος
1553 2414 1629 2447 τιμῇ,
1650 2412 1717 2447 μήτε
1739 2419 1839 2445 παραι-

1050 2461 1153 2488 τεῖσθαι
1168 2460 1298 2495 βούλοιτο,
1317 2459 1387 2494 μήτε
1412 2459 1458 2484 τὸν
1486 2458 1586 2484 οἰκεῖον
1607 2456 1694 2483 ἐθέλοι
1725 2457 1839 2490 ποιμαί-

1051 2516 1106 2535 νειν
1127 2507 1201 2537 λαδν,
1223 2506 1288 2532 ἀλλὰ
1317 2506 1366 2540 τῆς
1401 2503 1503 2535 οἰκείας
1534 2503 1655 2533 ἀποστὰς
1674 2501 1838 2543 ἐπισκοπῆς,

1051 2554 1122 2588 ὑπὲρ
1142 2552 1171 2578 τδ
1188 2552 1322 2586 ἑξάμηνον
1346 2551 1375 2577 ὲν
1401 2550 1486 2584 ἑτέρῳ
1513 2549 1644 2583 διατρίϐοι
1663 2548 1748 2582 τόπῳ,
1769 2548 1838 2582 μήτε

1050 2601 1110 2629 ταῖς
1137 2597 1184 2623 τοῦ
1206 2596 1305 2623 οἰκείου
1334 2595 1504 2631 πατριάρχου
1532 2595 1715 2628 λειτουργίαις
1737 2594 1841 2628 ὑπηρε-

1051 2644 1191 2678 τούμενος,
1215 2643 1283 2677 μήτε
1299 2643 1352 2676 μὴν
1368 2641 1420 2667 ὑπὸ
1437 2641 1517 2667 νόσου
1532 2640 1659 2676 χαλεπῶς
1674 2648 1702 2665 τε
1719 2639 1767 2665 καὶ
1781 2640 1840 2665 ἀκι-

1051 2690 1146 2724 νησίαν
1157 2687 1322 2722 ἐμποιούσης
1343 2687 1462 2722 παντελῆ
1481 2687 1575 2721 συνεχό
1583 2694 1659 2721 μενος
1670 2705 1678 2716 ,
1695 2686 1708 2711 ὁ
1720 2683 1841 2715 τοιοῦτος

1051 2734 1096 2762 οὖν
1110 2735 1124 2760 ὁ
1139 2733 1209 2760 κατὰ
1225 2733 1360 2768 μηδεμίαν
1373 2732 1428 2758 τῶν
1445 2732 1597 2767 εἰρημένων
1612 2730 1775 2765 προφάσεων
1789 2737 1842 2755 κω-

1051 2780 1190 2815 λυόμενος,
1206 2779 1257 2813 τῆς
1281 2778 1386 2809 οἰκείας
1408 2779 1590 2813 ἀφιστάμενος
1614 2776 1776 2810 ἐπισκοπῆς,
1792 2775 1841 2800 καὶ

1052 2823 1130 2860 ὑπὲρ⁶
1145 2825 1191 2852 τὸν
1214 2825 1393 2860 ἑξαμηνιαῖον
1418 2824 1513 2860 χρόνον
1527 2824 1556 2850 ὲν
1583 2823 1668 2857 ἑτέρῳ
1696 2820 1842 2855 διατρίϐων

1052 2873 1140 2908 τύπῳ,
1155 2873 1204 2907 τῆς
1224 2870 1271 2898 τοῦ
1287 2871 1438 2899 ἐπισκόπου
1453 2870 1535 2906 τιμῆς
1557 2878 1587 2898 τε
1604 2869 1650 2897 καὶ
1666 2868 1742 2900 ἀξίας
1759 2866 1836 2893 ἀλλό-
