1951 3081
221 182 272 215 591

294 235 386 271 Cyrilli
404 241 434 260 ea:
448 232 556 267 epistola
572 231 605 257 ad
621 229 750 256 Dantuth
772 234 883 253 canones
898 224 923 256 ί,
933 224 960 250 5.

261 315 287 341 1.
298 314 471 348 Unaquaeque
487 319 531 339 res
544 314 647 340 nostra,
656 306 766 343 quando
773 305 867 332 ordiue
874 301 1006 330 canonico

225 366 299 388 recta
312 359 445 394 procedit,
462 357 565 384 nullum
581 354 690 389 quidem
706 353 733 379 iu
762 351 842 379 nobis
860 348 1004 376 tumultum

225 406 378 440 ingenera',
395 408 421 431 et
435 412 450 429 a
473 401 667 429 nonnullorum
687 396 875 425 maledicentia
896 394 1005 424 liberat,

225 439 268 478 vel
296 449 388 484 potius
405 448 459 484 43
485 454 578 474 eorum
604 445 650 480 qui
673 444 783 478 sapiunt
801 441 907 468 laudetur
928 439 1007 466 nobis

222 496 363 524 conciliat.
377 494 443 527 Quis
460 492 530 519 enim
543 498 596 518 nou
614 489 712 520 obviis,
725 493 756 514 ut
772 487 859 517 aiunt,
877 485 949 512 ulnis
960 491 1007 510 ex-

227 543 310 577 cipiat
324 541 357 568 de
373 538 511 573 aliquibus
524 536 658 572 prolatam
683 532 858 564 sententiam,
875 538 935 564 quae
958 535 1008 555 nec

226 589 279 614 huc
293 593 343 612 nec
362 584 425 611 illuc
441 580 605 609 inclinetur?
628 578 677 606 Vel
690 576 827 612 quomodo
846 582 898 601 non
915 574 951 600 sit
973 573 1008 599 ab

225 633 299 660 omni
336 628 548 665 reprehensione
587 625 724 655 alienum,
752 621 794 649 vel
831 620 921 655 polills
951 626 1008 645 ma-

226 684 344 714 gnopere
368 663 550 704 laudandum,
576 672 599 698 si
624 674 697 697 recte
724 666 838 701 etjuste
852 663 1009 700 judicetur?

227 712 260 750 Et
287 726 345 749 haec
373 720 483 755 quidem
513 724 587 744 nunc
613 714 704 743 scribo
733 713 766 740 ad
794 712 921 746 pietatem
937 714 1008 736 tuam

227 777 287 803 qua:
314 768 341 793 in
375 753 471 792 litteris
503 763 536 789 ad
565 767 608 788 me
637 764 664 787 et
687 756 920 792 religiosissimum
952 753 1008 780 fia-

225 819 298 841 trem
316 816 440 839 nostrum
470 813 497 836 et
522 807 713 841 coepiscopum
755 802 880 829 Proelum
907 799 1008 830 missis,

227 860 385 894 episcopum
417 855 526 891 quidem
556 851 689 881 nominet,
720 848 853 882 imprimis
873 848 946 881 pium
978 851 1010 870 ac

793 170 921 203 l’llUTll
945 166 1195 199 PATRIARCILE
1210 165 1264 195 (ΣΡ.

1023 230 1044 252 Α
1059 221 1208 254 Κινρίλλου
1231 219 1264 244 ὲκ
1285 216 1339 250 τῆς
1361 215 1437 249 πρὸς
1455 215 1569 249 Δόμνον
1594 212 1761 247 ἐπιστολῆς
1792 222 1846 239 χιι-

1794 156 1847 189 Δ9Ξ

1377 265 1438 288 νων
1446 264 1470 287 α’
1490 264 1515 294 γ’

1092 313 1115 336 α’
1127 310 1251 336 Ἓκαστα
1263 307 1315 334 τῶν
1335 306 1395 333 καθ’
1411 307 1483 340 ἡμᾶς
1497 306 1680 340 πραγμάτων,
1696 303 1761 329 ὅταν
1779 301 1845 329 εὐθὺ

1058 356 1195 391 φέρωνται
1207 353 1351 388 κανονικῆς
1365 352 1503 384 εὐταξίας.
1516 352 1613 378 οὐδένα
1630 350 1680 385 μὲν
1692 350 1758 384 ἡμῖν
1770 349 1845 375 ἐντί-

1058 411 1116 429 κτει
1127 401 1250 436 θόρυϐον,
1264 399 1429 426 ἀπαλλάττει
1439 398 1467 424 δὲ
1479 398 1524 424 καὶ
1537 399 1587 433 τῆς
1601 396 1678 432 παρὰ
1691 404 1773 422 τινων
1785 396 1850 422 δυσ-

1058 448 1174 483 φημίας,
1195 446 1294 480 μᾶλλον
1305 445 1333 471 δὲ
1347 445 1393 470 καὶ
1408 443 1456 475 τὰς
1472 443 1546 479 παρὰ
1561 443 1614 469 τῶν
1633 441 1662 469 εὗ
1679 441 1848 477 φρονούντων

1058 493 1195 528 εὐφημίας
1208 492 1272 526 ἡμῖν
1288 490 1422 525 προξενεῖ.
1439 489 1486 520 Τίς
1503 489 1556 523 γὰρ
1571 489 1620 515 οὐκ
1634 488 1666 514 ἂν
1689 486 1852 518 ἀποδέξαιτο

1058 540 1146 574 ψῆφον
1157 536 1333 572 ἁπροσκλινῆ.
1342 536 1413 571 ἥπερ
1425 536 1457 561 ἂν
1472 535 1576 568 γένοιτο
1587 534 1650 568 περί
1660 541 1740 559 τινων
1751 527 1848 566 ﬁmo;

1057 584 1088 609 τὺ
1098 583 1199 618 κρίνειν
1207 581 1293 616 ὀρθῶς
1305 581 1352 607 καὶ
1360 581 1480 614 ἐννόμως
1492 579 1542 605 οὐκ
1550 578 1751 611 ἀνεπίπληκτον
1761 577 1847 608 ἔσται,

1061 629 1160 663 μᾶλλον
1171 627 1198 653 δὲ
1209 627 1308 657 παντὸς
1319 625 1430 651 ὲτιαίνου
1447 624 1557 659 μεστόν.
1571 623 1626 649 Καὶ
1638 623 1724 648 ταῦτα
1749 622 1847 656 γράφω

1059 672 1115 700 νυνί
1131 681 1138 687 θ
1153 673 1203 707 τῆς
1219 671 1270 706 σῆς
1296 668 1449 700 θεοσεϐείας
1461 669 1489 694 ὲν
1504 669 1560 699 τοῖς
1587 667 1682 693 ἑαυτοῦ
1705 666 1848 701 γράμμασι

1059 720 1115 750 τοῖς
1133 718 1253 744 σταλεῖσι
1270 716 1336 751 πρὸς
1353 715 1403 749 ἐμέ
1427 722 1458 740 τε
1475 714 1579 740 καὶτὸν
1598 712 1743 739 όσιώτατόν
1756 720 1785 737 τε
1797 711 1846 737 καὶ

1060 763 1264 797 θεοφιλέστατον
1286 761 1398 795 ἀδελφὸν
1407 759 1485 794 ἡμῶν
1500 759 1547 784 xxi.
1569 757 1765 784 συνεπίσκοπον
1776 756 1832 790 Πρό
1841 770 1847 775 -

1060 809 1134 839 κλον,
1148 807 1295 833 ἐπίσκοπον
1322 805 1372 840 μὲν
1388 802 1585 838 ὀνομαζούσης,
1600 801 1644 827 τὸν
1656 799 1852 826 εὐλαϐέστατον

1063 854 1110 879 καὶ
1126 850 1338 877 θεοσεϐέστατον
1362 849 1463 882 Πέτρον
1476 855 1483 862 ·
1496 846 1577 873 αὐτοῦ
1595 846 1622 871 δὲ
1639 844 1786 875 κλαίοντος,
1803 844 1850 869 καὶ

228 904 384 938 religiosum
405 900 515 928 Petrum
533 908 540 925 :
556 904 619 925 cum
647 896 708 930 ipse
731 894 903 922 lamentetur,
929 897 1012 923 seque

1074 899 1112 933 "ﬁ;
1123 896 1318 931 ὲκνεμηθείσης
1333 893 1495 928 Ἐκκλησίας
1510 891 1583 926 αὐτῷ
1595 890 1757 925 παραλόγως
1775 897 1855 922 κεκι-⁸

229 948 264 974 ab
279 934 398 973 Ecclesia
413 944 464 972 sibi
478 942 608 970 attributa
623 944 719 974 praeter
734 937 867 964 rationem
892 934 1010 968 ejectum

231 999 295 1020 esse
309 992 391 1018 dicat.
407 989 473 1016 Erat
487 992 576 1015 autem
590 989 807 1013 consentaneum
822 985 851 1008 ut
861 981 901 1007 vel
920 986 1012 1007 sacer-

230 1037 298 1066 dotii
312 1043 412 1064 nomen
424 1041 487 1062 eum
500 1040 528 1060 re
540 1033 661 1063 haberet,
676 1029 728 1060 vel,
744 1029 766 1056 si
782 1035 837 1054 non
848 1024 1012 1058 eratdignus

231 1088 261 1111 ut
274 1081 354 1110 altari
369 1083 513 1116 praeesset,
527 1085 577 1104 nec
593 1077 651 1110 ipsa
666 1074 775 1110 quidem
802 1072 948 1106 episcopus
965 1077 1014 1095 vo-

232 1129 339 1156 catione
352 1114 450 1161 dignus
466 1125 623 1151 haberetur.
639 1120 692 1147 Sed
708 1119 736 1146 id
753 1118 868 1144 fortasse
885 1115 957 1150 quod
970 1114 1013 1141 di-

233 1183 276 1207 co,
291 1159 393 1200 duruui
404 1178 464 1197 esse
475 1174 501 1196 et
516 1167 659 1195 charitatis
680 1171 777 1198 expers
796 1161 943 1189 videbitur.
961 1159 1015 1186 Res

233 1224 325 1246 autem
346 1222 439 1243 revera
467 1221 521 1240 non
543 1213 581 1239 ita
596 1219 626 1238 se
654 1210 744 1236 habet.
768 1207 825 1234 Nos
842 1206 914 1232 enim
943 1203 1014 1231 senis

236 1265 329 1299 utique
348 1260 472 1289 misereri
492 1264 630 1294 putamus,
649 1257 671 1283 si
684 1254 770 1282 solum
800 1252 825 1279 ei
839 1258 937 1279 notncn
954 1249 1016 1276 reli-

237 1296 458 1344 querimus;sed
485 1303 571 1331 multo
599 1301 696 1328 melius
724 1303 782 1326 erat
807 1296 878 1323 aliud
907 1301 1016 1329 quoque

237 1354 421 1382 considerare.
448 1350 521 1377 Dicit
538 1349 610 1376 enim
639 1354 668 1374 se
693 1352 770 1372 suain
799 1342 910 1377 quidem
938 1347 1018 1374 posse

238 1406 348 1427 causam
369 1397 495 1432 probare,
518 1398 546 1421 at
564 1391 730 1420 defensionis
756 1395 863 1422 tempus
879 1385 933 1413 sibi
965 1391 1018 1410 non

239 1421 348 1427 “'-'---
369 1421 396 1432 ιν-
405 1421 464 1423 -νηκ
476 1421 495 1427 ⁷1
814 1421 819 1422 γ

239 1453 301 1473 esse
316 1444 421 1474 datum,
437 1448 488 1468 nec
508 1437 674 1466 auditionem
692 1434 852 1462 canonicam
869 1430 921 1457 sibi
936 1421 1063 1456 fuisseﬁ

241 1495 411 1519 concessam.
428 1487 476 1514 Sin
488 1489 581 1512 autem
596 1483 648 1509 tale
660 1480 724 1516 quid
738 1479 841 1506 factum
863 1480 945 1508 esset,
963 1475 1021 1508 ipsa

241 1540 365 1562 actorum
385 1530 526 1567 productio
539 1536 601 1556 eum
618 1525 782 1554 couvicisset
813 1529 890 1549 reum
908 1519 1021 1554 imposi-

240 1586 331 1609 torum
346 1578 398 1614 ipsi
425 1575 584 1605 criminum,
602 1580 650 1600 uec
675 1574 746 1598 esset
762 1568 834 1603 quod
862 1574 891 1594 se
922 1564 1022 1599 injuria
1036 1561 1057 1587 C

242 1609 371 1654 allectum
386 1625 545 1658 quereretur
557 1619 617 1652 ;vel
634 1620 707 1645 certe
722 1613 876 1641 absolutum
896 1618 957 1637 eum
974 1609 1023 1636 de-

244 1673 365 1702 clarans,
378 1675 474 1696 rursus
500 1665 662 1693 concederet
690 1665 720 1688 ut
743 1663 871 1695 praeesset
896 1654 1025 1683 Ecclesia:

244 1699 306 1752 qua:
318 1699 363 1742 illi'
371 1713 493 1748 subjecta
506 1710 568 1738 fuit.
581 1709 649 1736 Cum
665 1711 756 1734 autem
780 1703 849 1731 nihil
863 1701 963 1728 factum
990 1699 1026 1726 sit

246 1746 391 1796 ejusmodi,
406 1746 440 1786 de
453 1765 481 1784 re
489 1756 598 1790 quidem
613 1754 665 1780 alta
682 1758 746 1778 voce
760 1749 893 1784 queritur,
905 1751 933 1773 et
955 1746 1026 1771 into-

247 1807 389 1836 lerabilem
419 1803 545 1839 injuri-aut
568 1809 598 1828 se
625 1799 691 1827 dicit
716 1796 866 1830 accepisse,
885 1797 912 1820 et
934 1791 1026 1824 inique

246 1854 362 1888 ejectum
394 1857 466 1880 esse,
494 1846 624 1881 adjicicns
655 1850 713 1870 rem
732 1847 840 1868 oumcm
867 1837 1026 1864 familiarem

248 1886 327 1926 suam
343 1896 495 1929 ademptam
511 1892 563 1920 sibi
578 1890 674 1918 fuisse.
695 1887 754 1914 Tua
769 1886 860 1919 itaque
884 1886 1025 1911 sanctitas,

245 1940 426 1968 considerans
440 1942 466 1964 et
481 1936 552 1970 quod
567 1933 622 1969 44
642 1931 741 1959 divinis
765 1928 914 1957 cauonibus
940 1925 1028 1953 sanci—

249 1994 305 2015 tum
316 1990 368 2018 est,
379 1990 407 2012 et
416 1983 488 2019 quod
509 1981 637 2008 Ecclesia:
651 1976 790 2007 convenit,
809 1975 896 2009 iisque
910 1973 955 2007 qui
966 1974 1028 1997 sunt

248 2034 276 2060 iu
292 2038 371 2060 sacro
392 2028 544 2057 ministerio
556 2025 667 2056 initiati,
687 2027 714 2050 et
729 2025 886 2048 nostrarum
899 2024 1028 2053 praeterea

247 2079 401 2107 litterarum
416 2075 548 2102 rationem
563 2072 675 2100 ducens,
691 2068 771 2095 sistat
788 2065 861 2093 senis
875 2065 1027 2097 lacrylnas;

248 2129 276 2152 et
287 2125 310 2151 si
322 2123 386 2149 velit
415 2119 523 2155 quidem
551 2124 614 2143 cum
628 2116 662 2142 iis
677 2113 779 2149 judicio
805 2108 969 2138 contendere
983 2106 1029 2140 qui

249 2169 365 2198 crimina
380 2167 479 2194 iueum
491 2164 649 2193 intendunt,
669 2159 740 2194 apud
756 2157 930 2185 sanctitatem
956 2158 1028 2180 tuam

252 2223 300 2248 pro
319 2220 396 2240 more
411 2212 506 2245 litiget,
528 2216 583 2235 una
597 2206 700 2234 scilicet
713 2201 902 2231 assistentibus
915 2199 961 2234 qui
983 2197 1029 2224 tibi

251 2261 368 2288 subsunt
394 2255 531 2291 episcopis
566 2253 618 2280 nisi
638 2251 709 2278 forte
737 2249 843 2283 aliquos
870 2249 978 2273 recusat
1002 2248 1030 2269 ut

251 2306 406 2337 suspector.
419 2298 529 2326 Nullum
544 2296 617 2323 enim
634 2292 902 2328 religiosissimorutu
922 2288 1028 2322 episco-

253 2354 347 2382 porum
373 2346 400 2372 in
429 2345 541 2370 fratrem
565 2339 676 2367 inimico
692 2344 755 2365 esse
775 2336 865 2363 animo
882 2333 1030 2360 credimus.

253 2391 292 2418 Ne
308 2395 399 2417 autem
415 2387 457 2415 hic
482 2389 626 2421 praeteritus
650 2383 771 2409 l'uturutu
800 2380 833 2406 de
851 2386 884 2405 eo
899 2377 1031 2412 judicium

253 2437 394 2468 diSsolvat,
412 2438 442 2461 ut
466 2441 519 2459 nou
538 2431 598 2466 jure
613 2429 714 2456 factum
730 2433 791 2453 esse
818 2423 951 2454 videatur,
979 2428 1033 2447 non

255 2490 334 2517 grave
350 2485 390 2508 est
414 2488 429 2506 a
456 2485 586 2506 consessu
616 2475 712 2502 abesse
732 2478 827 2499 eorum
848 2469 895 2504 qui
915 2466 1032 2502 suspecti

256 2531 319 2555 sunt
336 2526 452 2560 aliquus.

291 2607 318 2634 5.
330 2602 643 2632 Rcuuutiatiouisautcm
654 2597 758 2625 libellos
773 2603 827 2622 non
838 2601 886 2620 sua
899 2591 1036 2619 voluntate

257 2653 305 2681 sed
321 2651 402 2678 veluti
419 2649 444 2676 \i
460 2657 491 2676 ac
509 2651 593 2678 metu,
613 2649 640 2672 et
662 2644 814 2676 aliquorum
840 2638 921 2666 minis
933 2645 961 2663 se
981 2643 1035 2662 tra-

257 2699 360 2726 didisse
375 2696 450 2723 dicit.
465 2693 524 2721 Jaui
543 2700 606 2718 vero
617 2691 669 2717 alia
679 2695 788 2724 quoque
802 2693 846 2712 res
860 2689 979 2717 est,qua:
990 2690 1035 2708 cc-

256 2742 417 2772 clesiastica:
431 2737 622 2768 consuetudini
646 2743 699 2762 non
715 2734 812 2768 placet,
834 2731 931 2758 oﬂ‘errc
946 2736 1036 2756 sacer-

256 2789 333 2815 dotes
350 2786 458 2820 aliquos
485 2779 694 2810 renuntiationis
710 2777 827 2804 libellos.
851 2775 919 2801 Nam
934 2773 957 2800 si
973 2775 1037 2799 sunt

255 2832 330 2866 digni
345 2819 403 2864 qui?
415 2835 493 2856 saera
516 2823 646 2859 mysteria
662 2822 773 2851 obeant.
786 2820 813 2846 in
838 2819 872 2846 iis
888 2822 1015 2844 maneant
1029 2823 1035 2846 ;

255 2877 297 2903 sin
308 2880 397 2902 aulc.n
412 2871 526 2907 indigni,
540 2877 589 2898 uec
605 2876 653 2904 per
681 2865 911 2895 renuutiationem
926 2861 1036 2897 quidem

1064 944 1162 979 νῆσθαι
1178 943 1313 975 λέγοντος.
1327 938 1381 966 'IIv
1391 939 1412 965 δ’
1425 938 1580 969 ἀκόλουθον,
1596 936 1612 971 ἢ
1627 936 1655 962 τὸ
1671 935 1719 969 τῆς
1737 933 1849 969 ἱερωσύ-

1065 1002 1112 1028 νης
1128 992 1214 1025 ὄνομα
1232 989 1300 1024 μετὰ
1316 988 1363 1014 τοῦ
1377 988 1537 1023 πράγματος
1549 985 1621 1020 ἔχειν
1642 984 1733 1015 αὑτὸν,
1750 983 1767 1017 ἢ
1785 981 1852 1015 γοῦν

1066 1039 1145 1072 εἴπερ
1161 1035 1194 1071 ἦν
1210 1036 1284 1068 ἄξιος
1304 1034 1350 1060 τοῦ
1376 1034 1413 1068 μὴ
1432 1032 1596 1067 προεστάναι
1610 1029 1682 1055 θείου
1707 1027 1852 1060 θυσιαστη-

1070 1071 1138 1118 ρίους
1154 1081 1214 1116 μηδ’
1228 1080 1295 1115 αὐτῇ
1309 1078 1441 1113 τιμᾶσθαι
1460 1078 1492 1112 τῇ
1507 1076 1601 1110 κλήσει
1615 1075 1663 1109 τῆς
1674 1071 1828 1106 ἐπισκοπῆς
1842 1079 1848 1086 ·

1067 1115 1124 1156 ἁλλ’
1140 1115 1203 1158 ἴσως
1223 1127 1322 1158 δόξειεν
1340 1125 1373 1151 ἂν
1386 1125 1419 1159 τῇ
1434 1124 1467 1158 σῇ
1482 1120 1633 1155 θεοσεϐείᾳ,
1649 1117 1766 1152 σκληρὸς
1781 1115 1852 1142 εἶναί

1067 1183 1109 1205 τις
1121 1173 1169 1200 καὶ
1186 1170 1365 1206 ἁφιλὲιλληλος
1377 1171 1390 1196 ό
1408 1169 1473 1204 παρ’
1484 1167 1550 1202 ἐμοῦ
1563 1166 1652 1199 λόγος.
1665 1165 1741 1198 Ἔχει
1761 1163 1790 1189 δὲ
1803 1163 1853 1196 οὐχ

1068 1220 1139 1246 οὕτω
1150 1218 1221 1246 κατὰ
1233 1218 1263 1243 τὸ
1279 1216 1389 1250 ἀληθές.
1412 1215 1535 1249 Ἐλεῆσαι
1552 1212 1605 1246 γὰρ
1620 1210 1690 1245 τάχα
1704 1218 1757 1236 που
1774 1208 1852 1242 νομί-

1070 1265 1152 1300 ζομεν
1167 1263 1211 1290 τὸν
1230 1261 1396 1297 πρεσϐύτην,
1415 1260 1498 1295 μόνην
1515 1257 1648 1291 αὐτῷτὴν
1665 1255 1760 1289 κλῆσιν
1771 1253 1855 1286 ἀφέν-

1070 1320 1115 1342 τες
1132 1319 1139 1325 ·
1159 1308 1257 1344 μακρῷ
1273 1305 1346 1342 δὲῆν
1364 1306 1475 1341 ἄμεινον
1492 1304 1618 1338 ἐννοῆσαι
1634 1302 1681 1328 καὶ
1696 1300 1726 1326 τὺ
1737 1300 1830 1333 ἕτερον
1843 1305 1850 1312 ⁸

1072 1358 1171 1391 φάσκει
1182 1355 1247 1389 γὰρ,
1263 1352 1393 1379 δύνασθαι
1416 1351 1465 1386 μὲν
1483 1349 1615 1382 συστῆναι
1628 1348 1662 1382 τῇ
1677 1345 1766 1380 οἰκείᾳ
1785 1344 1855 1370 ὑπο-

1071 1402 1162 1437 λήψει,
1180 1400 1209 1426 οὑ
1220 1399 1311 1426 λαϐεῖν
1321 1399 1349 1424 δὲ
1364 1397 1458 1431 καιρὸν
1474 1393 1621 1428 ἀπολογίας
1636 1400 1643 1407 ⁸
1657 1391 1719 1418 οὔτε
1733 1390 1786 1425 μὴν
1809 1390 1855 1414 ἀκ-
1869 1422 1873 1426 '

1075 1449 1166 1482 ρόασιν
1182 1445 1255 1480 αὐτῷ
1278 1443 1450 1478 προτεθεῖναι
1473 1439 1627 1474 κανονικήν.
1647 1438 1679 1463 Εἰ
1694 1436 1722 1462 δὲ
1735 1434 1856 1469 ἐγεγόνει

1075 1471 1161 1482 Γ’“⁷““”
1184 1471 1198 1473 ’⁷
1241 1471 1247 1480 ι
1303 1471 1308 1478 I
1595 1471 1600 1474 .

1073 1501 1100 1519 τι
1110 1490 1239 1523 τοιοῦτον,
1251 1489 1320 1524 αὑτὴ
1333 1488 1386 1515 τῶν
1400 1485 1603 1522 ὑπομνημάτων
1622 1484 1639 1518 ἡ
1665 1489 1795 1511 συστασις
1816 1471 1871 1505 δι-”

1077 1536 1191 1572 ἤλεγξεν
1211 1535 1242 1562 ἂν
1260 1534 1351 1566 αὑτὸν,
1368 1533 1384 1568 ἢ
1401 1532 1498 1559 ἁλόντα
1521 1532 1578 1562 τοῖς
1594 1528 1752 1562 αἰτιάμασιν
1768 1525 1859 1560 ἔνοχον

1075 1570 1314 1615 άποπεφασμένον,
1331 1578 1378 1604 καὶ
1397 1576 1472 1603 οὐδὲν
1484 1575 1580 1610 ἔχοντα
1601 1572 1694 1599 λοιπὸν
1715 1571 1802 1597 εἰπεῖν
1820 1570 1858 1600 ὼς

1075 1626 1236 1662 ἠδικημένον
1251 1633 1257 1640 ·
1272 1625 1288 1659 ἢ
1304 1623 1368 1657 γοῦν
1379 1621 1520 1656 ἐλεύθερον
1541 1619 1712 1653 ἀποφήνασα,
1729 1616 1767 1647 ὡς
1779 1615 1862 1642 πάλιν

1075 1673 1160 1699 ὲδιόου
1185 1671 1215 1697 τὸ
1237 1669 1402 1704 προεστάναι
1427 1667 1476 1701 τῆς
1504 1664 1677 1699 Ἐκκλησίας,
1695 1662 1712 1697 ἢ
1740 1662 1787 1687 καὶ
1809 1660 1862 1686 ὑπὸ

1076 1719 1154 1753 χεῖρα
1182 1716 1276 1750 γέγονε
1303 1714 1352 1748 τὴν
1374 1712 1456 1739 αὑτοῦ
1480 1719 1486 1725 ·
1515 1709 1620 1740 οὐδενὸς
1643 1708 1672 1734 δὲ
1696 1704 1862 1741 πεπραγμέ-

1076 1761 1249 1789 νουτοιούτου
1267 1779 1274 1792 ,
1308 1757 1429 1792 καταϐοᾷ
1459 1755 1506 1782 τοῦ
1540 1754 1702 1789 πράγματος
1721 1772 1729 1785 ,
1754 1751 1863 1777 ἀδικίαν

1076 1808 1211 1842 ἀφόρητον
1230 1803 1377 1839 ὑποστῆναι
1405 1810 1482 1837 φησι,
1507 1801 1555 1827 καὶ
1579 1799 1704 1832 ἀθέσμως
1732 1795 1864 1830 ἐκϐεϐλῆ-

1079 1854 1163 1884 σθαι,
1186 1851 1366 1886 προσεπάγων
1399 1849 1439 1875 ὅτι
1472 1847 1518 1874 καὶ
1546 1844 1675 1881 ἡρπάσθη
1707 1843 1797 1869 πάντα
1829 1842 1864 1868 τὰ

1079 1898 1153 1933 αὑτῷ
1174 1896 1349 1931 προσήκοντα
1362 1894 1502 1929 χρήματα.
1519 1892 1552 1918 'll
1567 1892 1600 1926 σὴ
1623 1888 1768 1923 τοιγαροῦν
1790 1887 1864 1913 ὁσιό-

1077 1951 1126 1978 της
1152 1941 1277 1969 ἐννοοῦσα
1292 1940 1339 1966 καὶ
1353 1939 1382 1965 τὸ
1398 1939 1453 1969 τοῖς
1480 1936 1563 1966 θείοις
1585 1933 1679 1961 κανόσι
1699 1932 1804 1963 δοκοῦν,
1817 1931 1865 1957 καὶ

1077 1976 1110 2015 τδ
1123 1988 1227 2023 πρέπον
1255 1985 1402 2020 Ἐκκλησία
1416 1982 1465 2010 καὶ
1478 1982 1533 2012 τοῖς
1545 1979 1720 2014 τεταγμένοις
1735 1978 1774 2008 εἰς
1789 1976 1865 2011 ἱερὰν

1078 2033 1260 2067 λειτουργίαν,
1275 2030 1314 2056 ἔτι
1329 2037 1358 2055 τε
1379 2029 1446 2063 πρὶς
1466 2026 1571 2056 τούτοις
1588 2027 1635 2050 καὶ
1649 2024 1682 2049 τὰ
1698 2022 1762 2057 παρ’
1784 2021 1865 2056 ἡμῶν

1079 2079 1269 2114 δυσωπηθεῖσα
1296 2077 1457 2111 γράμματα,
1484 2072 1609 2107 στησάτω
1635 2071 1682 2097 τοῦ
1709 2068 1864 2104 πρεσϐύτου

1079 2128 1109 2155 τὸ
1121 2127 1246 2161 δάκρυον.
1267 2125 1321 2150 Καὶ
1335 2124 1358 2149 εἰ
1376 2123 1424 2158 μὲν
1437 2122 1524 2147 ἕλοιτο
1539 2117 1701 2146 δικάσασθαι
1720 2116 1787 2152 πρὸς
1802 2115 1865 2145 τοὺς

1081 2172 1233 2206 ἐπάγοντας
1247 2168 1321 2204 αὐτῴ
1335 2169 1383 2199 τὰς
1395 2167 1493 2197 αἰτίας,
1511 2163 1661 2194 δικαζέσθω
1675 2162 1745 2188 κατὰ
1756 2161 1786 2187 τὺ
1801 2161 1864 2186 εἰω-

1083 2217 1127 2249 θὸς
1144 2217 1191 2242 ἐπὶ
1203 2216 1251 2250 τῆς
1266 2215 1315 2249 σὴς
1341 2212 1505 2243 θεοσεϐείας,
1530 2208 1727 2244 συμπαρόντων
1744 2206 1865 2241 δηλονότι

1080 2263 1134 2289 τῶν
1146 2261 1198 2288 ὑπὸ
1208 2261 1257 2295 τὴν
1270 2259 1354 2294 αὐτῆς
1367 2259 1445 2293 χεῖρα
1456 2255 1675 2282 θεοσεϐεστάτων
1685 2251 1844 2278 ἐπισκόπων
1858 2258 1864 2264 ·

1082 2310 1171 2340 ἐκτὸς,
1190 2308 1214 2333 εἰ
1231 2306 1268 2342 μὴ
1281 2302 1439 2339 παραιτοίτό
1452 2309 1528 2332 τινας
1542 2300 1579 2331 ὡς
1595 2299 1732 2328 ὑπόπτους
1750 2305 1758 2312 ⁸
1772 2295 1868 2321 οὐδένα

1085 2354 1134 2390 μὲν
1151 2353 1205 2389 γὰρ
1225 2352 1278 2378 τῶν
1289 2349 1505 2376 θεοσεϐεστάτων
1524 2345 1679 2372 ἐπισκόπων
1696 2342 1780 2378 ἐχθρὰ
1801 2349 1869 2376 (ppo-

1083 2402 1137 2426 νεῖν
1156 2397 1262 2432 ἀδελφῷ
1278 2395 1452 2429 πιστεύομεν.
1465 2393 1524 2420 Ἰνα
1544 2391 1572 2418 δὲ
1586 2391 1624 2425 μὴ
1639 2389 1772 2425 πρόφασις
1797 2386 1869 2421 αὕτη

1083 2446 1196 2480 γένηται
1215 2443 1263 2477 τὴν
1275 2441 1408 2476 ἐσομένην
1421 2439 1463 2465 ἐπ’
1479 2438 1552 2472 αὐτῷ
1570 2436 1660 2471 κρίσιν
1676 2432 1869 2469 παραλύουσα,

1085 2491 1153 2526 πρὸς
1169 2490 1199 2516 τὸ
1215 2489 1252 2524 μὴ
1269 2489 1297 2514 ἐν
1317 2487 1378 2520 δίκῃ
1396 2483 1559 2517 πεποιῆσθαι
1584 2482 1684 2512 δοκεῖν,
1708 2479 1784 2505 οὐδέν
1810 2479 1870 2504 ἐστι

1084 2537 1116 2563 τὸ
1128 2534 1228 2562 λυποῦν
1240 2535 1349 2560 ἀπεῖναι
1359 2531 1405 2557 τοῦ
1418 2529 1554 2563 συνεδρίου
1564 2527 1619 2554 τῶν
1629 2528 1658 2553 ὲν
1668 2524 1771 2558 ὑποψίᾳ
1782 2524 1871 2553 τινας.

1120 2585 1144 2616 γ’
1162 2581 1232 2611 Τοὺς
1254 2579 1282 2605 δὲ
1298 2578 1347 2612 τῆς
1369 2577 1561 2611 παραιτήσεως
1576 2571 1723 2602 λισέλλους,
1740 2569 1769 2595 οὺ
1799 2569 1874 2595 κατά

1086 2614 1244 2663 προαίρεσιν
1259 2623 1371 2655 οἰκείαν,
1395 2621 1451 2648 ἀλλ’
1473 2621 1509 2651 ὡς
1528 2620 1557 2652 ἐξ
1581 2618 1702 2651 ἀνάγκης
1716 2615 1762 2641 καὶ
1787 2614 1873 2648 φόϐου

1086 2660 1134 2700 καὶ
1144 2660 1193 2707 τῆς
1209 2680 1288 2697 τινων
1299 2668 1424 2702 ἀπειλῆς,
1443 2664 1579 2693 ἐπιδοῦναί
1597 2671 1663 2698 φησι
1679 2669 1685 2676 ’
1702 2660 1750 2687 καὶ
1770 2660 1874 2693 ἑτέρως

1086 2721 1127 2752 δὲ,
1142 2717 1259 2754 πρᾶγμά
1271 2718 1344 2742 ἐστιν
1354 2715 1417 2741 οὔτε
1434 2714 1490 2744 τοῖς
1502 2712 1552 2746 τῆς
1574 2707 1736 2743 Ἐκκλησία;
1754 2706 1876 2740 ἀρέσκον

1087 2766 1207 2800 θεσμοῖς,
1223 2763 1254 2789 τὺ
1268 2761 1406 2791 λιϐἑλλους
1424 2758 1616 2794 παραιτήσεως
1630 2753 1780 2788 προσάγειν
1794 2751 1878 2781 τινας

1086 2798 1312 2845 τῶν-ἱερουργῶν.
1327 2807 1358 2833 El.
1379 2806 1433 2840 γάρ
1446 2806 1513 2830 είσιν
1527 2802 1597 2835 ἄξιοι
1625 2799 1671 2827 τοῦ
1691 2798 1878 2832 λειτουργεῖν,

1088 2858 1208 2884 ἔστωσαν
1224 2856 1252 2882 ἐν
1266 2854 1352 2888 τούτῳ
1367 2859 1374 2868 ”
1394 2853 1417 2878 εί
1435 2851 1463 2877 δὲ
1486 2848 1590 2879 ἀνάξιοι
1606 2846 1644 2881 μὴ
1663 2844 1717 2872 ἀπὸ
1737 2844 1881 2878 παραιτή-
