1960 3076
207 151 260 185 495

786 148 914 180 ΡΗΟΤΣΙ
934 149 1184 180 PATRIARCHA’.
1205 150 1258 180 (ΣΡ.

1781 151 1833 183 496

238 206 316 235 CAP.
333 207 403 241 Vill.
418 222 452 227 --
473 206 543 244 Quid
569 207 592 234 si
614 207 724 234 exsistat
755 207 930 233 contradictio
961 207 988 232 in

1052 242 1054 244 ἓ
1077 207 1200 244 aequm.
1222 207 1255 234 Η.
1274 222 1307 244 —-_
1323 206 1391 244 Περί
1415 206 1470 244 τῆς
1489 207 1647 244 γινομένης
1663 208 1831 244 ἀντιλογίας

201 244 316 278 episcopi
332 243 496 270 ordinatione
508 243 520 269 ?

360 289 474 316 Concilii
492 289 658 322 Antiocheni,
677 295 761 316 canon
786 287 830 315 19.

239 333 283 361 19.
301 332 452 368 Episcopus
475 340 510 359 ne
528 332 681 364 ordinetur,
702 337 755 360 etc.
767 351 774 364 ,
795 338 825 358 ut
845 339 907 368 pag.
926 331 989 360 475.

331 378 444 406 Concilii
465 378 690 414 Carthagiumsis,
715 386 801 405 canon
822 378 867 406 50.

203 425 274 458 Quot
294 425 358 451 addi
385 424 494 452 debeant
526 424 640 459 episcopi
663 431 771 450 numero
795 423 991 455 ordinatorum,

237 471 261 497 σί
277 471 308 498 de
327 470 476 497 ordinando
489 470 609 505 episcopo
622 470 702 504 fuerit
716 469 919 496 contradictum.

241 558 286 586 50.
304 557 356 586 Sed
368 562 395 586 et
406 558 472 586 illud
482 562 525 586 est
535 557 738 586 statuendum“
755 556 824 592 (16),
837 561 868 584 ιιι
881 556 992 592 quando

203 604 236 632 ad
260 604 415 639 eligendum
442 604 601 638 episcopum
631 603 863 636 convenerimus,
890 603 913 630 si
937 610 993 638 qua

203 648 382 676 contradictio
399 647 482 676 fuerit
499 648 606 680 oborta,
623 648 687 683 quia
703 647 767 675 talia
793 651 907 674 tractata
928 650 993 674 sunt

203 695 276 729 apud
293 701 355 726 nos,
371 701 426 721 non
442 698 610 729 praesumant
623 693 676 728 47
691 693 723 720 ad
735 692 908 728 purgandum
929 699 992 719 eum

205 739 251 775 qui
259 739 429 767 ordinandus
437 744 489 772 est,
497 744 552 767 tres
559 739 678 774 episcopi
688 738 816 766 sufﬁcere
826 747 833 765 :
843 738 890 766 sed
902 742 993 773 postu-

207 786 277 811 letur
291 784 324 811 ad
341 792 486 811 numerum
500 784 722 819 supradictorum
740 790 810 810 unus
829 782 871 809 vel
888 783 954 814 duo,
966 785 994 809 et

206 829 234 855 in
251 828 347 855 eadem
372 829 450 863 plebe
474 829 519 856 cui
539 827 709 855 ordinandus
736 830 787 858 est,
812 826 994 854 discutiantur

206 877 294 911 primo
313 882 436 911 personae
458 873 716 901 contradicentium.
746 871 888 900 Postremo
909 872 992 898 etiam

204 923 249 950 illa
260 929 321 957 quae
335 921 513 956 objiciuntur,
528 924 728 954 pertractentur
745 927 752 944 :
767 922 795 945 et
818 925 880 946 cum
899 924 995 952 purga-

204 973 249 996 tus
264 967 348 995 fuerit.
362 967 390 994 in
404 969 552 1001 conspectu
565 964 686 1000 publico.
718 964 756 990 ita
784 963 895 990 demum
921 962 996 989 ordi-

204 1018 293 1042 netur.
321 1013 350 1041 Si
374 1013 426 1040 hoc
446 1019 510 1040 eum
527 1015 625 1039 vestra:
638 1009 793 1038 sanctitatis
818 1008 911 1035 animo
925 1015 995 1035 con-

204 1060 299 1088 cordat
314 1079 323 1093 ,
366 1059 510 1087 roboretur
546 1061 643 1085 vestra:
681 1054 847 1092 dignationis
879 1061 994 1088 respon-

205 1107 294 1134 sione.

239 1153 281 1180 Ab
314 1151 452 1179 universis
482 1150 618 1185 episcopis
656 1149 758 1176 dictum
794 1155 836 1177 est

207 1198 305 1232 placet.

244 1242 352 1269 Tcxtns.
370 1241 426 1269 Tit.
444 1243 474 1269 L
485 1241 660 1270 NOVellarum
686 1247 776 1270 const.
791 1241 804 1268 i
819 1241 837 1268 2
848 1245 875 1269 et
908 1241 951 1273 i7,
968 1241 995 1268 in

205 1290 306 1323 quibus
318 1289 401 1315 etiam
418 1288 453 1315 de
481 1288 634 1322 obiectione
648 1288 778 1316 adversus
794 1287 995 1315 ordinatiOnem

205 1334 369 1362 clericorum
384 1339 411 1361 et
423 1334 569 1368 praesulum
583 1333 752 1370 [tractatum]
767 1333 858 1360 Prima
879 1340 997 1367 namque

206 1385 296 1408 censt.
310 1380 354 1408 tit.
371 1381 383 1408 l
403 1379 575 1408 Novellarum
587 1400 594 1413 ,
608 1380 686 1415 jubet
707 1381 897 1415 episcoporum
925 1379 997 1406 ordi-

207 1426 331 1454 nationes
343 1433 435 1453 coram
450 1425 526 1453 omni
541 1426 642 1460 populo
657 1425 781 1453 ecclesiae
795 1425 865 1457 ﬂeri,
886 1424 998 1459 insuper

206 1476 234 1499 el.
247 1479 438 1507 quemcunque
465 1471 671 1499 contradicendi
701 1471 858 1499 facultatem
885 1470 996 1498 habere.

207 1515 242 1543 Et
258 1517 280 1543 si
298 1516 410 1551 quidem
438 1520 502 1544 ante
525 1516 728 1544 ordinationem
744 1515 924 1544 contradictio
939 1515 995 1547 ﬁat,

875 1159 881 1177 :
922 1150 996 1178 Satis

1041 241 1090 267 ἐπὶ
1105 241 1140 275 τῇ
1161 242 1326 276 χειροτονίᾳ
1340 242 1393 268 τοῦ
1407 243 1585 268 ἐπισκόπου.

1151 287 1286 314 Συνόὂου
1321 287 1496 321 Ἀντιοχείας
1537 286 1640 314 κανὼν
1684 288 1727 315 ιθ’.

1080 333 1124 361 ιθ’,
1147 334 1311 360 Ἐπίσκοπον
1323 333 1360 368 μὴ
1370 332 1592 369 χειροτονεῖσθαι,
1604 342 1632 360 κ.
1648 342 1675 360 τ.
1688 333 1714 360 λ.

1078 379 1214 407 Συνόδου
1223 379 1433 414 Καρθατέννης
1448 379 1548 406 κανὼν
1558 388 1586 407 ν.

1042 424 1135 451 Πόσοι
1144 424 1304 451 ἐπίσκοποι
1310 424 1510 458 προστεθῆναι
1517 425 1673 459 ὀφείλουσι
1681 425 1721 457 τῷ
1727 425 1837 460 ἀριθμῷ

1078 467 1138 494 τῶν
1151 467 1413 502 χειροτονούντων,
1435 467 1488 494 ἐὰν
1510 468 1577 502 περὶ
1600 468 1653 495 τοῦ
1671 468 1837 502 μέλλοντος

1079 511 1309 546 χειροτονεῖσθαι
1318 512 1487 540 ἐπισκόπου
1495 513 1651 547 ἀντιλογία
1667 513 1798 548 γένηται.

1077 558 1099 584 ν’
1118 559 1220 585 Ἐκεῖνο
1236 558 1265 585 δὲ
1280 558 1371 594 ὁρίσαι
1381 558 1436 585 δεῖ·
1454 557 1525 586 ὥστε
1540 559 1587 586 ἐάν
1607 567 1672 586 ποτε
1696 560 1764 595 πρὸς
1778 560 1839 586 Am»

1042 603 1124 640 λογὴν
1142 604 1294 631 ἐπισκόπου
1318 604 1500 639 συνέλθωμεν,
1523 605 1569 631 καὶ
1581 605 1688 641 ἀναφυῇ
1706 614 1748 637 τις
1762 607 1836 633 ἀντι-

1042 649 1131 683 λογία,
1140 650 1233 684 ἐπειδὴ
1250 650 1285 677 τὰ
1298 649 1412 677 τοιαῦτα
1429 651 1495 686 παρ’
1508 651 1576 686 ἡμῖν
1590 651 1835 686 ὲτρακτατσθησαν,

1042 696 1176 731 τολμηρὸν
1189 693 1261 723 εἶναι
1275 696 1368 723 λοιπὸν
1382 698 1456 732 τρεῖς
1483 697 1579 732 μόνους
1592 697 1661 733 πρὸς
1671 697 1701 723 τὸ
1717 698 1836 733 καθᾶραι

1042 742 1088 768 τὸν
1098 742 1390 778 χειροτονηθησόμενον
1411 742 1573 778 εὑρεθῆναι⁸
1589 742 1658 769 ἀλλὰ
1673 742 1711 777 τῷ
1724 743 1838 778 προλεχ-

1044 787 1116 815 θέντι
1132 788 1243 823 ἀριθμῷ
1251 788 1387 824 προστεθῇ
1395 785 1435 820 εἷς
1448 789 1497 815 καὶ
1515 788 1572 815 δύο-
1581 789 1682 815 καὶέπὶ
1689 789 1772 815 αὐτοῦ
1789 789 1836 816 τοῦ

1043 833 1108 860 λασῦ
1128 833 1212 861 αὑτοῦ
1236 830 1267 860 οὗ
1292 834 1384 869 μέλλει
1417 834 1647 870 χειροτονεῖσθαι,
1670 834 1836 868 ὲξετασθῶσι

1011 889 1032 917 η
1046 879 1154 915 πρῶτον
1178 880 1212 906 τὰ
1227 880 1362 915 πρόσωπα
1380 880 1435 907 τῶν
1457 880 1667 914 ἀντιλεγόντων
1681 881 1710 912 ἐς
1724 880 1836 916 ὕστερον

1044 924 1109 960 γὰρ,
1128 925 1176 952 καὶ
1197 925 1232 952 τὰ
1251 925 1451 961 προτεθειμένα
1463 925 1650 961 συζευχθῶσι·
1667 926 1714 952 καὶ
1726 925 1770 952 ὅτε
1786 935 1836 952 κα-

1045 969 1128 1005 θαρὸς
1157 970 1256 1005 φανείη
1280 971 1328 997 ἐπὶ
1343 970 1478 1006 δημοσίας
1502 970 1671 1006 προσόψεως,
1692 967 1837 1002 εῐθ¹οὕτως

1045 1015 1266 1052 χειροτονηθείη·
1291 1015 1339 1042 ἐὰν
1365 1015 1445 1042 τοῦτο
1474 1015 1643 1051 ἀποδέχηται
1671 1016 1688 1051 ἡ
1718 1016 1838 1051 ὑμετέρα

1046 1061 1244 1097 ἁγιωσύνη,τῇ
1267 1061 1432 1097 ὀμονοητικῇ
1461 1061 1605 1097 ἀποκρίσει
1631 1061 1678 1087 τοῦ
1706 1060 1837 1096 ὑμετέρου

1045 1106 1201 1141 ἀξιώματος
1219 1105 1395 1142 βεϐαιωθείη.

1087 1150 1154 1177 Ἀπὸ
1164 1151 1273 1178 πάντων
1290 1151 1344 1177 τῶν
1373 1151 1532 1178 ἐπισκόπων
1548 1150 1662 1187 ἐλέχθη,
1677 1151 1752 1178 Πάνυ
1772 1151 1838 1186 ἀρέ-

1048 1203 1119 1222 σκει.

1081 1243 1176 1274 Τίτλος
1192 1241 1216 1270 α’
1242 1242 1297 1270 τῶν
1313 1243 1433 1279 νεαρῶν,
1449 1243 1520 1270 διά-ι.
1533 1246 1570 1277 α’,
1586 1242 1619 1278 β’,
1638 1242 1682 1275 ιζ’,
1692 1243 1721 1269 ἑν
1737 1240 1779 1274 οἷς
1792 1242 1841 1269 καὶ

1046 1289 1111 1324 περὶ
1137 1289 1292 1323 ἀντιλογίας
1313 1288 1482 1324 χειροτονίας
1501 1289 1644 1324 κληρικῶν
1658 1289 1705 1316 καὶ
1719 1289 1840 1324 ἡγουμέ-

1048 1342 1114 1362 νων*
1134 1335 1151 1370 ἡ
1166 1335 1216 1369 μὲν
1235 1335 1290 1370 γὰρ
1303 1333 1328 1362 α’
1344 1334 1477 1367 διάταξις,
1491 1334 1539 1361 τοῦ
1551 1333 1575 1360 a.’
1591 1333 1644 1360 τίτ·
1661 1334 1717 1361 τῶν
1735 1334 1839 1368 νεαρῶν

1047 1380 1267 1416 παρακελεύεται
1287 1381 1336 1412 τὰς
1351 1380 1405 1407 τῶν
1421 1380 1580 1407 ἐπισκόπων
1598 1379 1778 1415 χειροτονίας,
1793 1379 1839 1405 ἐπὶ

1048 1426 1148 1458 παντὸς
1165 1425 1212 1453 τοῦ
1231 1425 1296 1452 λαοῦ
1320 1427 1370 1461 τῆς
1389 1425 1537 1460 ἐκκλησίας
1560 1425 1694 1459 γίνεσθαι,
1715 1424 1785 1460 πρὸς
1809 1424 1839 1451 τὺ

1048 1473 1143 1498 ἄδειαν
1157 1472 1231 1507 ἔχειν
1257 1472 1347 1499 πάντα
1367 1471 1413 1499 τὸν
1431 1471 1595 1506 βουλόμενον
1611 1470 1777 1504 ἀντιλέγειν·
1792 1471 1839 1496 καὶ

1049 1518 1074 1544 εί
1089 1526 1120 1552 γε
1136 1517 1189 1553 πρὸ
1208 1518 1259 1553 τῆς
1280 1517 1448 1553 χειροτονίας
1468 1517 1573 1552 γένοιτο
1587 1517 1603 1553 ἡ
1618 1516 1787 1553 ἀντίρρησις,
1801 1515 1840 1552 μὴ

208 1571 242 1590 ne
265 1563 341 1598 prius
363 1562 502 1590 ordinatio
521 1563 661 1598 procedat,
690 1570 772 1598 quam
795 1561 997 1590 examinatione

1052 1563 1182 1598 πρότερον
1196 1563 1413 1599 χειροτονείσθω,
1426 1564 1491 1598 πρὶν
1508 1563 1542 1590 ἂν
1553 1564 1570 1598 ὴ
1582 1563 1704 1594 ἐξέτασις
1716 1562 1839 1596 γένηται,

208 1608 298 1635 habita
324 1609 437 1636 omnino
460 1608 536 1635 illum
561 1609 734 1636 innocentem
747 1615 810 1636 esse
831 1611 946 1635 constet.
967 1606 996 1633 Si

209 1661 274 1681 vero
289 1658 351 1680 ante
366 1653 598 1680 examinationem
614 1653 757 1680 ordinatus
769 1651 939 1688 [quisquam]
951 1652 997 1684 sit,

209 1701 233 1728 is
249 1707 302 1726 una
319 1707 381 1726 cum
396 1707 429 1726 eo
443 1700 490 1734 qui
515 1699 666 1731 ordinavit,
695 1700 851 1727 sacerdotio
877 1699 997 1727 excidat.

208 1746 244 1773 At
265 1746 288 1772 si
309 1745 356 1780 qui
385 1749 449 1772 ante
472 1745 674 1772 ordinationem
699 1745 876 1777 contradixit,
897 1745 998 1772 calum-

210 1791 304 1818 niandi
325 1791 417 1818 animo
431 1798 494 1818 eum
513 1791 539 1818 id
565 1791 662 1818 iecisse
683 1795 821 1825 appareat,
837 1796 883 1818 aut
896 1789 997 1827 [reum]

211 1842 265 1863 non
297 1835 410 1862 damnet
435 1842 467 1862 ac
493 1835 646 1867 convincat,
664 1835 744 1862 abeo
758 1836 804 1870 qui
831 1835 999 1863 ordinationi

210 1885 320 1914 praeest,
335 1879 363 1906 in
377 1883 539 1914 perpetuum
563 1887 578 1906 a
589 1885 683 1906 saneta
699 1880 892 1907 communione
907 1887 999 1912 segre-

211 1930 301 1962 getur,
321 1929 403 1961 atque
417 1926 554 1953 ordinatio
569 1931 725 1960 peragatur.
742 1926 868 1953 Secunda
883 1925 999 1962 [autem]

210 1976 301 2000 const.
327 1972 450 2007 ejusdem
473 1973 516 1999 tit.
544 1972 604 1999 ait:
630 1972 658 1999 Si
692 1972 874 2000 contradictio
901 1972 950 1999 ﬁat
965 1972 1000 1999 ob

212 2018 320 2055 [talem]
339 2026 462 2051 causam,
481 2026 543 2054 quze
560 2019 713 2046 secundum
728 2019 800 2054 leges
814 2023 860 2046 aut
878 2026 1000 2046 canones

211 2065 414 2092 ordinationem
444 2065 578 2100 impedire
594 2065 698 2100 possit;
723 2070 750 2093 et
770 2075 776 2092 :
793 2065 869 2098 Quod
886 2071 1001 2101 utraque

211 2115 288 2146 parte
311 2115 452 2146 praesente,
476 2116 524 2139 aut
539 2112 584 2138 ubi
603 2116 748 2139 accusator
763 2112 797 2139 ad
822 2117 877 2140 tres
895 2120 1002 2141 menses

211 2157 413 2184 accusationem
429 2157 579 2192 adimplere
598 2157 745 2189 distulerit,
760 2158 927 2185 examinatio
943 2158 1002 2186 lieri

212 2202 349 2238 [debeat];
378 2208 426 2230 et:
447 2203 526 2236 Quod
543 2203 567 2230 si
593 2207 740 2230 accusator
762 2208 808 2230 aut
825 2211 879 2230 non
893 2204 1000 2238 probet,

1049 1611 1096 1637 καὶ
1110 1612 1182 1646 φανῇ
1195 1609 1363 1646 πανταχόθεν
1372 1609 1517 1641 ἀνεύθυνος
1526 1617 1532 1625 ·
1547 1609 1609 1635 εἰδὲ
1621 1609 1675 1644 πρὸ
1687 1609 1737 1643 τῆς
1746 1608 1840 1645 ᾖξετὰ-

1050 1663 1120 1686 σεως
1141 1655 1356 1690 χειροτονηθείη,
1377 1654 1424 1681 καὶ
1449 1654 1500 1689 τῆς
1520 1653 1656 1689 ίερατείας
1683 1654 1840 1680 ἐκπεσεῖται

1050 1701 1099 1728 σὺν
1113 1701 1187 1736 αὐτῷ
1199 1701 1237 1736 τῷ
1255 1701 1483 1738 χειροτονήσαντι.
1498 1700 1530 1726 Εἰ
1547 1700 1597 1735 μέν
1615 1708 1657 1726 τοι
1676 1701 1690 1726 ὁ
1711 1699 1779 1735 πρὸς
1791 1700 1840 1734 τὴν

1050 1746 1218 1782 χειροτονίαν
1231 1745 1378 1780 ἀντειπὼν,
1399 1745 1571 1780 συκοφάντης
1583 1745 1690 1780 φανείη,
1704 1745 1721 1780 ἢ
1738 1745 1775 1780 μὴ
1788 1746 1839 1771 επ-

1050 1791 1164 1824 εξὲλθοι,
1177 1790 1335 1827 χωριζέσθω
1358 1791 1489 1826 διηνεκῶς
1510 1792 1560 1826 τῆς
1579 1790 1658 1824 ἁγίας
1685 1789 1839 1821 κοινωνίας,

1051 1836 1128 1871 παρὰ.
1144 1836 1191 1863 τοῦ
1211 1836 1260 1872 τὴν
1282 1836 1449 1872 χειροτονίαν
1472 1835 1627 1866 ποιοῦντος·
1643 1835 1660 1869 ὴ
1674 1834 1703 1860 δὲ
1718 1842 1840 1869 χειροτο-

1051 1882 1095 1908 νία
1108 1881 1225 1916 γινέσθω
1235 1890 1241 1897 ·
1253 1883 1270 1917 ἡ
1294 1882 1324 1908 δὲ
1339 1882 1362 1918 β’
1377 1881 1498 1914 διάταξις
1516 1881 1564 1907 τοῦ
1579 1881 1662 1908 αὐτοῦ
1679 1880 1731 1907 τίτ.
1747 1881 1840 1915 φησὶν,

1050 1927 1091 1954 ὅτι
1106 1927 1154 1954 ἐὰν
1171 1928 1188 1964 ἡ
1203 1927 1363 1964 ἀντίρρησις
1386 1928 1432 1954 ἐπὶ
1459 1928 1535 1963 αἰτία
1558 1927 1681 1962 γένηται,
1695 1927 1842 1962 ἐμποδίσαι

1051 1973 1083 2007 τῇ
1099 1973 1252 2009 χειροτονίᾳ
1281 1973 1418 2008 δυναμένῃ
1439 1973 1510 2000 κατὰ
1533 1973 1596 2004 τοὺς
1611 1972 1710 2007 νόμους
1733 1972 1750 2007 ἢ
1777 1972 1842 2003 τοὺς

1052 2019 1185 2050 κανόναςο
1200 2019 1247 2046 καὶ
1274 2020 1315 2046 ὅτι
1334 2020 1468 2055 παρόντος
1493 2020 1624 2055 ἑκατέρου
1646 2018 1756 2054 μέρους,
1772 2019 1844 2054 ήὲξ-

1053 2064 1143 2096 ἐτασις
1167 2064 1271 2098 γίνεται
1296 2065 1314 2100 ὴ
1333 2064 1381 2091 τοῦ
1407 2066 1573 2100 κατηγόρου,
1593 2067 1640 2093 ἐπὶ
1657 2068 1733 2102 τρεῖς
1754 2066 1842 2102 μῆνας

1053 2109 1267 2144 ὑπερτιθεμένου
1296 2110 1441 2146 πληρῶσαι
1455 2111 1506 2147 τὴν
1530 2112 1714 2147 κατηγορίαν·
1729 2112 1777 2138 καὶ
1802 2112 1844 2138 ὃτι

1055 2155 1093 2191 μὴ
1105 2156 1214 2186 δεικνὺς
1235 2158 1249 2183 ό
1271 2157 1425 2192 κατήγορος
1451 2157 1467 2193 ἢ
1492 2158 1667 2193 ἀποφεύγων,
1682 2158 1845 2185 ἐκϐάλλεται

1053 2201 1103 2235 τῆς
1130 2202 1264 2237 ἐπαρχίας
1277 2203 1306 2229 ὲν
1358 2205 1437 2230 οίκεί.
1453 2204 1602 2239 Γινομένης
1616 2204 1645 2230 δὲ
1659 2204 1708 2238 τῆς
1723 2212 1845 2239 χειροτο-

212 2253 259 2274 aut
272 2248 406 2284 aufugiat,
420 2248 628 2284 ejiciaturextra
641 2249 822 2283 provinciam,
842 2249 869 2276 in
883 2257 937 2283 qua
954 2249 997 2276 lia-

1056 2247 1113 2279 νίας
1128 2248 1182 2284 πρδ
1189 2249 1239 2284 τῆς
1250 2248 1409 2281 ἐξετάσεως,
1424 2249 1439 2275 ὁ
1453 2249 1503 2284 μὲν
1518 2249 1717 2285 χειροτονηθεὶς
1731 2249 1845 2281 ἐξωθεῖ-

213 2293 292 2321 bitat.
316 2295 350 2321 At
365 2294 387 2321 si
403 2295 540 2321 ordinatio
558 2298 622 2321 ante
637 2295 869 2322 examinationem
887 2296 943 2328 liat,
961 2303 1003 2322 or-

213 2339 323 2367 dinatus
356 2338 533 2376 [sacerdotio]
560 2340 616 2376 48
646 2340 797 2375 expellatur
826 2349 832 2367 :
862 2341 1003 2368 ordinator

213 2391 304 2414 autem
320 2387 347 2414 in
362 2395 464 2414 annum
479 2395 494 2414 a
511 2395 590 2415 sacro
611 2388 761 2415 ministerio
786 2393 924 2419 arceatur,
940 2388 1003 2415 uni-

214 2439 347 2467 versaque
359 2433 446 2468 ipsius
463 2433 616 2460 substantia
631 2434 691 2468 ejus
699 2433 827 2462 Ecclesiae
841 2434 1000 2468 applicetur.

214 2479 304 2514 Atque
323 2479 418 2505 eadem
436 2478 517 2515 [haec]
531 2479 703 2511 constitutio,
730 2479 812 2506 etiam
833 2480 861 2505 in
888 2479 1001 2506 ordina-

213 2524 289 2552 tione
319 2524 481 2552 clericorum
509 2525 604 2553 eadem
633 2525 690 2552 vult
713 2525 848 2552 obtinere.
883 2524 998 2552 Constit.

214 2573 305 2596 autem
322 2569 355 2596 l7
368 2569 491 2604 ejusdem
505 2570 547 2598 tit.
563 2570 630 2598 dicit
649 2579 655 2596 :
672 2569 700 2597 Si
712 2570 774 2604 quis
790 2577 956 2605 quacunque
969 2571 1002 2597 de

214 2622 298 2643 causa
318 2615 500 2643 ordinandum
516 2620 636 2648 accuset,
665 2616 783 2650 primum
805 2621 961 2648 accusator,
977 2616 1002 2642 si

216 2660 434 2688 criminationem
450 2665 640 2695 persequetur,
656 2661 828 2688 examinator
846 2670 853 2687 :
873 2661 914 2687 sin
927 2661 1001 2688 desi-

250 2729 272 2745 "
286 2729 439 2756 Concilium
453 2729 538 2756 Al'ric.
555 2737 614 2764 cap.
634 2729 676 2755 l7.

1055 2301 1101 2320 ται
1112 2302 1118 2309 ·
1135 2295 1150 2320 ὁ
1173 2294 1202 2321 δὲ
1233 2295 1435 2330 χειροτονήσας,
1450 2295 1496 2322 ἐπὶ
1511 2295 1632 2321 ὲνιαυτὺν
1646 2295 1780 2322 κωλύεται
1794 2295 1846 2329 τῆς

1057 2338 1132 2371 θείας
1146 2340 1328 2376 λειτουργίας,
1344 2342 1392 2368 καὶ
1407 2342 1480 2368 πᾶσα
1493 2342 1510 2377 ὴ
1525 2341 1605 2367 οὐσία
1625 2340 1708 2367 αὐτοῦ
1724 2349 1845 2375 προσκυ-

1058 2386 1152 2421 ροῦται
1177 2388 1211 2422 τῇ
1237 2387 1299 2413 κατ’
1322 2387 1404 2414 αὐτὸν
1433 2387 1590 2422 Ἐκκλησίᾳ.
1615 2387 1646 2413 Ἦ
1661 2386 1731 2422 αὐτὴ
1745 2387 1773 2412 δὲ
1787 2387 1846 2413 Biri-

1056 2432 1132 2464 ταξις
1154 2432 1225 2459 θέλει
1242 2433 1277 2459 τὰ
1293 2433 1364 2460 αὐτὰ
1387 2434 1498 2469 κρατεῖν
1525 2433 1571 2460 καὶ
1588 2434 1634 2460 ἐπὶ
1649 2435 1709 2464 ταῖς
1726 2441 1848 2467 χειροτο-

1058 2477 1127 2509 νίαις
1139 2478 1192 2503 τῶν
1210 2478 1362 2512 κληρικῶν·
1374 2479 1390 2513 ὴ
1404 2478 1433 2504 δὲ
1450 2478 1481 2510 ις’
1498 2477 1616 2510 δ.ἀιταξις
1630 2477 1676 2503 τοῦ
1693 2477 1775 2503 αὑτοῦ
1791 2477 1847 2502 τὶτ.

1058 2524 1151 2558 φησιν,
1161 2523 1202 2550 ὅτι
1214 2525 1285 2555 τινὸς
1298 2524 1529 2559 κατηγοροῦντος,
1545 2524 1586 2558 ἐφ’
1601 2523 1745 2558 οἱᾳόήποτε
1759 2522 1848 2557 αἰτία,

1057 2568 1104 2595 τοῦ
1129 2569 1272 2603 μέλλοντος
1291 2570 1512 2605 χειροτονεῖσθαι,
1535 2569 1652 2603 γινέσθω
1673 2569 1804 2604 πρότερον
1830 2569 1848 2602 ἡ

1057 2614 1180 2646 ἐξέτασις
1191 2634 1198 2647 ,
1218 2614 1266 2641 τοῦ
1283 2615 1436 2650 κατηγόρου
1452 2615 1615 2648 ἐπεξιόντος.
1639 2615 1671 2641 Εἰ
1693 2615 1720 2640 δὲ
1733 2615 1848 2640 ἀπολει-

1057 2660 1124 2695 φθῇ,
1135 2660 1152 2695 ἢ
1169 2660 1363 2693 ἀναϐάλλεται,
1383 2661 1494 2688 ποιείτω
1513 2661 1561 2694 τὴν
1578 2662 1692 2696 ζήτησιν
1709 2661 1723 2687 ὁ
1741 2659 1850 2695 μέλλων

972 2784 1075 2813 ΝΟΤΛέ
1083 2806 1087 2811 .

255 2841 310 2878 (16)
325 2842 410 2870 Cone.
424 2842 551 2875 Cartliag.
569 2850 608 2874 ιιι,
627 2850 685 2877 ων.
706 2841 750 2868 40.
776 2841 807 2868 Ει
833 2842 990 2870 l-‘errandus

1053 2850 1069 2867 ι.
1087 2842 1114 2873 5,
1131 2850 1164 2870 ex
1181 2843 1268 2870 Cone.
1287 2843 1425 2878 Carthag.,
1440 2844 1481 2870 iit.
1495 2844 1521 2870 i.
