1960 3076
130 193 182 226 497

513 194 714 227 SYNTAGMA
733 196 925 227 CANONUM.
937 209 971 214 -·
981 197 1094 235 ΤΙΤκῙ,
1109 199 1187 229 CAP.
1203 199 1286 238 VIII,
1304 201 1356 231 XI.

1710 207 1766 240 £98

132 251 312 287 χειροτονεῖν,¹
325 251 393 279 εἵσω
413 251 498 286 τριῶν
518 252 612 287 μηνῶν
625 260 632 267 ·
649 252 698 278 καὶ
711 252 759 278 ἐὰν
777 252 908 279 άνεύθυνο

974 255 1038 284 stat,
1071 257 1119 281 aut
1142 254 1259 287 diti‘erat.
1280 256 1459 286 ordinaturus
1487 258 1557 286 intra
1574 263 1631 288 tres
1652 269 1763 292 menses

132 300 214 333 φανῇ,
230 297 363 332 παρόντος
376 297 392 333 ἢ
406 297 615 331 ἀπολειφθέντος
625 297 671 324 τοῦ
684 297 850 332 κατηγόρου,
864 305 921 332 χει-

132 343 310 380 ροτονείσθω·
328 344 375 371 καὶ
392 344 406 370 ό
420 344 581 379 κατήγορος,
597 344 621 370 εί
639 342 688 378 μὲν
704 342 833 378 κληρικός
848 343 922 370 ἐστιν

130 390 292 417 ἐκϐάλλεται
306 390 351 417 τοῦ
366 390 472 426 βαθμοῦ
491 389 574 417 αὐτοῦ
584 398 590 405 ·
608 391 633 416 εί
646 390 675 417 δὲ
691 389 795 422 λαῖκδς,
812 398 921 425 σωφρο-

130 434 245 468 νίζεται.
259 436 315 470 Τῆς
325 435 354 462 δὲ
362 435 527 471 χειροτονίας
535 435 680 471 γινομένης
696 435 749 471 πρὸ
758 435 918 469 ἐξετάσεως,

129 482 181 516 τῆς
203 481 354 516 ἱερωσύνης
369 482 384 508 ὁ
400 481 599 517 χειροτονηθεὶς
619 481 666 508 καὶ
689 482 703 508 ὁ
728 481 920 516 χειροτονήσας

128 526 317 554 ἐκϐάλλονται.
333 527 414 561 Λέγει
433 527 461 554 δέ
475 527 509 554 τὰ
525 526 595 554 αὐτὰ
610 528 720 562 κρατεῖν
738 527 785 554 καὶ
799 526 845 554 ἐπὶ
859 535 917 562 χει-

130 571 238 607 ροτονίᾳ
253 572 421 605 ἐπισκόπων,
439 573 487 599 καὶ
503 572 660 608 κληρικῶν,
683 572 730 599 καὶ
747 572 917 607 ἡγουμένων.

161 618 287 645 ΚΕΦΑΛ.
303 618 442 651 8.-Περὶ
457 618 511 645 τοῦ
526 620 639 652 χρόνου
646 616 682 647 οὗ
692 618 778 652 ἐντὸς
790 618 836 645 δεῖ
847 618 918 652 τοὺς

124 663 314 697 ἐπισκόπους
322 664 567 698 χειροτονεῖσθαι.

254 709 390 736 Συνόδου
407 709 602 743 Χαλκηδόνος
614 709 714 737 κανὼν
728 709 777 737 κε’.

160 760 210 783 κε’.
235 755 400 791 Ἐπειδήπερ
423 755 496 787 τινὲς
512 755 566 782 τῶν
587 755 795 791 μητροπολιτῶν
814 755 852 787 ὡς
866 764 915 782 πε-

124 801 308 837 ριηχήθημεν,
332 800 465 835 ἀμελοῦσι
481 800 535 827 τῶν
551 800 799 835 ἐγκεχειρισμένων
824 800 914 832 αὐτοῖς

123 847 275 882 ποιμνίων,
305 846 353 874 καὶ
373 845 570 873 ἀναϐάλλονται
593 845 643 877 τὰς
667 845 835 881 χειροτονίας
860 845 915 872 τῶν

122 893 293 924 ἐπισκόπων,
305 891 379 924 ἔδοξε
390 892 423 926 τῇ
434 891 501 926 ἁγίᾳ
517 891 629 925 συνόδῳ,
643 891 718 922 ἐντὸς
729 890 812 926 τριῶν
822 890 915 925 μηνῶν

121 938 247 972 γίνεσθαι
265 937 316 968 τὰς
327 937 495 972 χειροτονίας
504 936 559 963 τῶν
575 936 749 963 ἐπισκόπων·
762 937 785 962 εί
798 937 834 972 μή
849 945 913 963 ποτε

121 982 178 1017 ἄρα
192 982 381 1017 ἀπαραίτητος
394 982 513 1017 ἀνάγκη.
528 983 735 1017 παρασκευάσοι
751 982 914 1016 ἐπιταθῆναι

119 1028 167 1054 τὸν
189 1027 240 1059 τῆς
264 1027 400 1063 ἀναϐολῆς
421 1027 533 1062 χρόνον.
555 1027 628 1054 Είδέ
643 1026 680 1063 μὴ
693 1027 773 1054 τοῦτο
795 1029 912 1064 ποιήσοι.

120 1073 282 1100 ὑποκεῖσθαι
304 1073 387 1100 αὐτὸν
401 1072 621 1108 ἐκκλησιαστικῷ
638 1073 778 1108 ἐπιτιμίῳ,
792 1073 842 1108 τὴν
864 1074 913 1108 μέν

119 1128 161 1146 τοι
183 1119 314 1154 πρόσοδον
331 1119 382 1154 τῆς
396 1118 566 1156 χηρευούσης
585 1118 734 1154 ἐκκλησίας
749 1118 822 1146 σώαν
837 1119 913 1154 παρὰ

118 1164 159 1199 τῷ
171 1164 307 1199 οἰκονόμῳ
317 1164 366 1198 τῆς
382 1163 468 1198 αὐτῆς
480 1163 630 1199 ἐκκλησίας
645 1163 839 1197 φυλάττεσθαι.

307 1209 444 1236 Συνόὸου
459 1209 551 1242 ἕκτης
569 1208 670 1236 κανὼν
686 1209 728 1236 ιδ’.

156 1255 197 1282 ιϐ’.
219 1255 249 1281 Ὅ
261 1255 314 1281 τῶν
335 1254 422 1288 ἁγίων
439 1254 485 1280 καὶ
510 1253 652 1289 θεοφόρων
678 1253 758 1290 ἡμῶν
781 1253 912 1290 Πατέρων

118 1300 257 1335 κρατείτω
281 1301 372 1327 κανὼν
381 1300 427 1327 καὶ
453 1299 482 1325 ἐν
505 1299 601 1334 τούτῳ,
630 1299 701 1326 ὥστε
725 1299 911 1335 πρεσϐύτερον

117 1346 174 1382 πρὸ
185 1346 208 1373 λ’
222 1346 302 1378 ἐτῶν,
324 1346 361 1381 μὴ
377 1345 601 1381 χειροτονεῖσθαι,
617 1345 669 1372 κᾶν
684 1346 755 1372 πάνυ
769 1344 786 1382 ᾗ
803 1345 877 1378 ἄξιος
896 1346 911 1373 ό

117 1392 273 1426 ἄνθρωπος,
282 1391 561 1427 ἀλλ’άποτηρεῖσοαι.
573 1391 603 1418 '0
619 1391 674 1426 γὰρ
688 1390 791 1426 Κύριος
807 1389 911 1427 Ἰησοῦς

116 1438 237 1473 Χριστὸς
253 1439 282 1464 ἐν
297 1437 336 1473 τῷ
350 1436 504 1472 τριακοστῷ
528 1436 584 1463 ἔτει
610 1437 773 1472 ἐϐαπτίσθη,
790 1438 838 1464 καὶ
859 1437 910 1473 ἧρ-

117 1484 183 1516 ξατο
192 1483 342 1510 διδάσκειν·
359 1483 462 1518 ὁμοίως
486 1482 556 1518 μήτε
573 1482 696 1510 διάκονον
713 1483 767 1519 πρὸ
787 1483 842 1510 τῶν
871 1489 909 1510 κε’

116 1529 198 1562 ἐτῶν,
216 1529 233 1565 ἢ
248 1529 421 1557 διακόνισσαν
436 1528 489 1562 πρὸ
509 1528 564 1555 τῶν
583 1532 609 1565 μ’
620 1530 724 1564 χρόνων
740 1531 908 1565 χειροτονεῖ-

116 1576 191 1604 σθαι.

156 1623 189 1650 Ἦ
216 1623 241 1658 β’
261 1623 383 1656 διάταξις
397 1623 445 1650 τοῦ
461 1627 486 1651 α’
501 1633 555 1652 τιτ.
576 1624 630 1651 τῶν
642 1623 748 1659 νεαρῶν
762 1633 856 1659 φησιν,
867 1625 906 1651 ὅτι

115 1670 165 1696 ἐὰν
188 1669 360 1705 ὑπέρθωνται
380 1671 405 1696 οί
416 1670 466 1705 τῆς
482 1670 585 1702 πόλεως
611 1670 657 1697 ἐπὶ
667 1669 697 1703 ἐξ
715 1670 802 1705 μῆνας
826 1670 908 1705 ψηφί-

116 1716 215 1743 σασθαι
228 1716 275 1742 τὸν
286 1716 443 1748 ἐπίσκοπον,
454 1715 566 1743 ποιείτω
578 1717 627 1752 τὴν
644 1717 811 1751 χειροτονίαν
825 1713 847 1750 ᾧ
857 1725 908 1742 τινι

114 1762 251 1797 ἁρμόζει,
269 1761 384 1798 κινδύνῳ
407 1763 457 1797 τῆς
483 1761 582 1789 ἐαυτοῦ
605 1762 711 1798 ψυχῆς,
741 1761 795 1788 τῶν
821 1762 909 1790 ἄλλων

115 1807 225 1834 πάντων
241 1808 539 1844 παραφυλαττομένων.

151 1864 279 1891 ΚΕΦΛΛ.
296 1864 316 1890 1.
331 1879 367 1884 --
378 1864 447 1898 Περὶ
462 1864 515 1891 τοῦ
526 1863 570 1898 μὴ
586 1864 817 1899 χειροτονεῖσθαί
842 1872 908 1891 τινα

113 1909 286 1936 ἐπίσκοπον
304 1909 324 1943 ἢ
345 1909 548 1943 πρεσϐύτερον
570 1909 588 1943 ἢ
611 1908 762 1941 διάκονον,
788 1908 859 1943 πρὶν
888 1909 907 1943 ἢ

114 1955 232 1988 πάντας
260 1955 332 1988 τοὺς
348 1955 383 1982 ἐν
399 1955 440 1988 τῷ
471 1955 541 1989 οἴκῳ
574 1955 680 1988 αὐτοῦ,
711 1954 907 1989 Χριστιανοὺς

114 2001 299 2034 ὄννηθοὸόξους
318 2001 449 2035 ποιήσει.

244 2078 380 2106 Συνόδου
396 2078 586 2112 Καρθαγένης
602 2078 705 2105 κανὼν
721 2078 775 2110 λς’.

150 2134 196 2166 λς’
204 2134 287 2161 Ὥστε
302 2134 478 2166 ἐπισκόπους,
492 2135 539 2162 καὶ
555 2134 770 2171 πρεσϐυτέρους,
785 2136 831 2162 καὶ
847 2135 906 2163 δια-

113 2181 211 2212 κόνους
225 2180 262 2216 μὴ
274 2181 495 2216 χειροτονεῖσθαι,
514 2181 579 2216 πρὶν
596 2180 612 2216 ἢ
629 2181 734 2212 πάντας
747 2182 811 2213 τοὺς
827 2181 856 2207 ἐν
866 2180 907 2217 τῷ

113 2226 182 2260 οἴκῳ
195 2225 296 2258 αὐτῶν,
313 2227 492 2261 Χριστιανοὺς
512 2226 669 2261 ὀρθοδόξους
684 2227 855 2261 ποιήσουσιν.

150 2256 206 2298 Kal
222 2272 238 2306 ἡ
256 2256 416 2307 η’νδιάταξις
427 2271 474 2298 τοῦ
483 2256 509 2298 γε’
520 2256 572 2299 τίτ.
589 2256 636 2298 τοῦ
654 2256 678 2299 α’
694 2256 807 2307 βιϐλίου,
824 2272 871 2300 καὶ
884 2274 901 2308 ἡ
918 2256 944 2285 D

112 2317 161 2344 τοῦ
198 2318 233 2344 ια’
258 2318 322 2350 τίτ.,
340 2317 525 2353 τιμωροῦνται
563 2318 626 2350 τοὺς
655 2317 828 2353 Σαμαρείτας
855 2319 901 2344 καὶ

112 2361 249 2397 Ἓλληνας
274 2362 486 2397 βαπτιζομένους
514 2362 560 2389 καὶ
579 2363 617 2397 μὴ
641 2363 830 2398 προσάγοντας
854 2364 903 2394 τὰς

111 2408 237 2443 γαμετὰς
267 2408 358 2434 αὐτῶν
390 2409 436 2434 καὶ
457 2408 555 2440 παῖδας
566 2408 687 2440 καὶτοὺς
698 2408 727 2434 ἐν
746 2409 803 2440 τοῖς
818 2409 903 2440 οἴκοις

110 2454 213 2485 αὐτῶν,
227 2453 267 2489 τῷ
284 2453 355 2488 ἁγίῳ
368 2453 546 2489 βαπτίσματι.

150 2509 275 2535 ΚΕΦΑΛ.
288 2507 341 2535 IA'.
358 2509 428 2543 Περὶ
452 2509 511 2536 τῶν
530 2509 590 2537 ἀπὸ
611 2509 724 2537 λαῑκῶν
744 2510 906 2546 γινομένων

109 2554 296 2582 ἐπισκόπων.

280 2601 417 2628 Συνόδου
433 2600 584 2635 Σαρδικῆς
599 2601 700 2628 κανὼν
715 2605 742 2628 ι’.

146 2646 164 2673 ι’
177 2646 318 2678 Ἅπαντες
330 2647 356 2673 oi
367 2645 511 2674 ἐπίσκοποι
523 2646 706 2682 ἀπεκρίναντο
716 2647 844 2684 ἀρέσκειν
855 2648 902 2675 αὺ-

109 2693 178 2726 ’τοῖς¹
202 2693 251 2720 καὶ
275 2692 504 2728 πρεπωδεστάτην
522 2691 592 2720 εἶναι
606 2693 656 2728 τὴν
668 2693 824 2729 συμϐουλὴν
836 2694 902 2721 ταὺ-

108 2748 172 2772 την.
187 2739 282 2770 "Octo;
304 2738 452 2770 ἐπίσκοπος
474 2736 546 2772 εἷπε,
574 2739 630 2766 Καὶ
658 2739 738 2766 τοῦτο
749 2740 901 2775 ἀναγκαῖον

110 2782 181 2811 εἶναι
206 2784 327 2819 νομίζω·
347 2785 371 2812 εί
389 2785 457 2819 μετὰ
478 2785 569 2820 πάσης
590 2785 734 2820 ἀκριϐείας
744 2786 791 2812 καὶ
805 2786 902 2820 ἐπιμε-

110 2830 186 2862 λείας
202 2830 366 2863 ἐξετάζοιτο,
383 2831 452 2858 ὥστε
464 2831 512 2858 ἐάν
526 2839 568 2863 τις
583 2831 738 2867 πλούσιοςῆ
759 2831 899 2866 σχολαστι-

974 303 1107 345 praesente
1121 303 1171 345 aut
1186 299 1297 329 absente
1310 306 1471 330 accusatore
1485 309 1626 338 appareat.
1647 305 1766 345 [ipsum]

973 342 1109 370 ordinato.
1136 343 1286 372 Accusator
1309 350 1401 373 autem
1425 347 1449 374 si
1471 347 1588 377 clericus
1608 350 1654 382 sit,
1675 342 1761 385 gradti

972 387 1103 422 ejicitor:
1131 389 1153 416 si
1178 390 1274 422 laicus.
1299 392 1458 427 castigator.
1483 392 1511 420 Si
1536 395 1675 424 ordinatio
1698 402 1762 425 ante

971 434 1201 462 cxamiuationem
1225 436 1281 469 ﬁat,
1302 438 1455 466 sacerdotio
1470 445 1497 467 et
1518 441 1659 469 ordinator
1672 447 1699 470 et
1715 451 1760 471 or-

970 479 1080 509 dinatus
1111 481 1267 516 ejiciuntor.
1284 483 1373 519 Atque
1391 484 1460 513 dicit
1474 486 1567 514 eadem
1591 489 1716 517 obtinere
1731 490 1757 518 in

970 527 1143 556 ordinatione
1157 529 1334 563 clericorum,
1345 531 1549 567 episcoporum,
1568 538 1595 562 et
1610 536 1758 569 prmsulnm

970 571 1238 610 [monasteriorum].

1003 618 1081 646 CAP.
1096 619 1141 646 IX.
1159 635 1193 640 -——
1207 620 1284 648 Intra
1294 622 1365 655 quod
1375 627 1475 657 tempus
1486 625 1600 659 episcopi
1615 626 1760 653 ordinandi

969 664 1036 690 sint.

1108 708 1222 736 Concilii
1234 709 1452 739 Chalcedonensis
1466 721 1550 741 canon
1564 714 1610 743 ‘25.

1005 753 1051 780 25.
1066 753 1200 787 Quoniam
1215 755 1339 783 nonnulli
1352 758 1575 793 metropolitani,
1591 763 1622 787 ut.
1638 768 1710 795 sa‘pe
1739 769 1753 789 a

966 799 1046 826 nobis
1058 799 1180 827 auditum
1195 805 1246 833 est,
1267 805 1294 829 et
1311 809 1409 837 greges
1426 804 1477 831 sibi
1494 805 1656 834 commissos
1669 808 1755 842 negli-

966 849 1042 879 gunt,
1062 849 1089 872 et
1103 846 1294 881 episcoporum
1322 849 1508 879 ordinationes
1539 851 1676 884 diﬂ‘erunt.
1691 862 1755 882 san-

965 896 1016 918 cta:
1032 891 1136 927 synodo
1154 892 1255 926 placuit
1269 897 1299 921 ut
1313 894 1383 922 intra
1407 899 1463 923 tres
1483 904 1590 925 menses
1611 900 1754 934 episcopo—

965 943 1025 962 rum
1045 936 1231 964 ordinationes
1257 937 1343 971 ﬁant,
1369 939 1423 967 nisi
1449 940 1627 970 inexorabilis
1661 944 1760 978 utique

965 981 1113 1009 necessitas
1128 981 1249 1010 effecerit
1261 987 1292 1011 ut
1304 984 1445 1012 dilationis
1461 989 1568 1021 tempus
1579 994 1751 1024 prorogetur.

964 1026 991 1053 Si
1008 1031 1099 1055 autem
1115 1028 1167 1056 hoc
1182 1036 1237 1056 non
1249 1029 1375 1063 fecerint,
1386 1038 1434 1059 eos
1451 1033 1645 1062 ecclesiasticae
1666 1043 1761 1070 paenae-

963 1073 1074 1106 sruhjici.
1090 1073 1184 1102 Vidua:
1199 1083 1264 1102 vero
1282 1077 1406 1104 ecclesiae
1432 1079 1559 1112 reditum,
1578 1081 1649 1115 apud
1665 1082 1757 1112 eccle~.

963 1118 1010 1144 size
1029 1125 1203 1146 oeconomum
1218 1120 1324 1148 salvum
1338 1122 1483 1150 custodiri.

1068 1217 1124 1254 49
1140 1218 1253 1247 Consilii
1265 1221 1417 1249 arumnici
1433 1229 1459 1250 Vl
1484 1231 1569 1251 canon
1589 1225 1634 1252 Μ.

998 1264 1041 1292 14.
1060 1263 1223 1293 Sanctorum
1237 1266 1569 1303 divinorumquePatrum
1590 1274 1758 1299 nostrorum.

962 1316 1050 1336 canon
1067 1309 1094 1336 in
1111 1309 1154 1338 his
1169 1317 1278 1345 quoque
1291 1311 1390 1344 valeat.
1410 1318 1441 1340 ut
1454 1314 1597 1350 presbyter
1617 1321 1682 1344 ante
1701 1318 1751 1344 tri~

961 1354 1035 1388 ginta
1053 1361 1141 1381 annos
1159 1362 1216 1382 non
1234 1355 1387 1390 ordinetur,
1410 1357 1517 1386 etiamsi
1531 1359 1566 1386 sit
1582 1360 1664 1388 homo
1674 1362 1761 1390 valde

960 1398 1070 1433 dignus,
1099 1399 1147 1427 sed
1172 1405 1327 1428 reservetur
1343 1401 1378 1430 ".
1408 1402 1540 1431 Dominus
1570 1406 1643 1432 enim
1670 1405 1757 1433 Iesus

960 1444 1085 1471 Christus
1111 1444 1249 1472 tricesimo
1264 1453 1336 1473 anno
1359 1446 1513 1481 baptizatus
1536 1454 1587 1482 est,
1614 1455 1641 1478 et
1666 1453 1751 1486 ccepit

960 1490 1067 1517 docere.
1092 1489 1222 1518 Similiter
1245 1499 1296 1520 nec
1323 1492 1455 1522 diaconus
1477 1500 1541 1523 ante
1566 1496 1755 1532 quadraginta-

960 1543 1047 1563 anuos
1059 1536 1201 1564 ordinetur
1214 1537 1248 1564 ⁵⁵.

997 1624 1105 1652 Textus.
1122 1625 1216 1653 Const.
1229 1625 1257 1660 2,
1273 1625 1314 1653 tit.
1330 1626 1343 1653 1
1366 1626 1539 1655 Novellarum
1561 1630 1619 1658 ait:
1636 1630 1665 1657 Si
1680 1631 1757 1658 civi-.

960 1670 1023 1698 tatis
1036 1670 1142 1706 [clerici
1161 1674 1188 1698 et
1200 1671 1346 1708 primores]
1364 1672 1434 1700 ultra
1449 1681 1497 1701 sex
1515 1681 1624 1703 menses
1640 1675 1747 1710 episco-

959 1724 1022 1751 pum
1039 1716 1187 1745 dcccrnere
1200 1717 1336 1751 diﬂ'erant,
1350 1717 1373 1745 is
1384 1718 1431 1753 qui
1445 1719 1644 1756 ordinandijus
1655 1721 1756 1755 habet,

959 1762 1078 1797 periculo
1092 1763 1190 1789 animre
1207 1770 1264 1790 sua:
1279 1762 1464 1800 [cpisc0pum]
1478 1765 1622 1794 ordinato:
1640 1766 1754 1803 {atque}

958 1809 1010 1834 alia
1026 1808 1118 1835 omnia
1133 1813 1288 1836 servantur.

993 1863 1069 1891 CAP.
1084 1864 1118 1891 Χ.
1144 1879 1166 1884 -
1182 1864 1257 1897 Quod
1274 1873 1349 1893 nemo
1361 1867 1396 1893 sit
1411 1867 1547 1901 episcopus
1560 1866 1599 1894 uel
1616 1867 1749 1902 presbyter

959 1909 997 1936 vel
1032 1910 1159 1938 diaconus
1197 1911 1360 1940 ordinandus
1416 1917 1557 1948 antequam
1588 1913 1753 1941 domesticas.

958 1964 1046 1983 omitas
1063 1956 1152 1990 fecerit
1164 1957 1335 1986 orthodoxam.

1097 2086 1212 2113 Concilii
1224 2085 1440 2121 Carthaginemis
1453 2094 1540 2113 canon
1558 2086 1603 2114 36.

993 2132 1037 2159 36.
1055 2127 1221 2167 U'episcopi
1239 2132 1273 2165 ⁸⁵,
1288 2137 1315 2159 et
1329 2132 1499 2167 presbyteri,
1521 2136 1549 2160 et
1561 2132 1670 2159 diaconi
1691 2139 1745 2159 non

958 2177 1119 2205 ordinentur
1134 2178 1295 2214 priusquam
1312 2186 1409 2206 omnes
1420 2179 1465 2212 qui
1478 2183 1543 2206 sunt
1559 2179 1587 2206 in
1602 2178 1685 2206 domo
1698 2186 1745 2206 co-

959 2231 1030 2254 rum.
1044 2223 1216 2252 Christianos
1228 2224 1377 2252 catholicos
1389 2225 1514 2252 fecerint.

995 2268 1104 2295 Tenus.
1116 2268 1203 2295 Etiam
1217 2273 1306 2296 const.
1323 2269 1364 2301 18,
1380 2269 1422 2297 tit.
1433 2270 1461 2301 5.
1476 2269 1521 2297 lib.
1532 2277 1552 2301 ι,
1564 2273 1592 2297 et
1601 2274 1689 2297 const.
1699 2270 1744 2301 10.

956 2312 997 2338 tit.
1010 2312 1039 2343 2,
1052 2311 1169 2346 puniunt
1181 2311 1367 2339 Samaritanus
1378 2316 1404 2339 et
1415 2320 1536 2348 paganos
1547 2313 1707 2347 baptizatos.
1720 2313 1744 2340 si

955 2365 1056 2385 uxores
1072 2365 1136 2385 suas
1154 2362 1181 2385 et
1193 2357 1293 2386 liberos
1307 2366 1378 2393 quos
1386 2358 1460 2385 domi
1478 2359 1590 2392 habent,
1602 2359 1635 2387 ad
1650 2366 1744 2386 sacro-

957 2409 1083 2430 sanctum
1097 2403 1230 2438 baptisma
1242 2410 1296 2430 non
1312 2403 1460 2430 adducant.

993 2509 1048 2544 50
1060 2509 1135 2536 CAP.
1151 2508 1273 2536 XL—De
1288 2510 1321 2537 iis
1336 2510 1381 2544 qui
1391 2509 1423 2537 de
1431 2509 1502 2537 laico
1518 2511 1666 2539 conditione
1677 2512 1750 2546 ﬁunt.

954 2554 1078 2589 episcopi.

1124 2600 1236 2629 Concilii
1255 2600 1419 2628 Sardicensis
1436 2610 1525 2630 canon
1538 2603 1579 2630 10.

992 2647 1035 2675 10.
1050 2645 1152 2674 Omnes
1165 2647 1285 2681 episcopi
1307 2646 1436 2674 dixerunt
1452 2647 1492 2675 eis
1508 2649 1625 2683 placere,
1645 2654 1745 2677 etesse

954 2693 1242 2720 convenientissimum
1253 2693 1304 2720 hoc
1318 2693 1473 2721 consilium.
1484 2693 1583 2722 Hosius
1599 2694 1743 2729 episcopus

953 2739 1041 2767 dixit:
1064 2738 1122 2766 Hoc
1136 2746 1244 2774 quoque
1270 2739 1454 2767 necessarium
1468 2740 1606 2772 existimo,
1633 2745 1663 2767 ut
1680 2748 1744 2768 cum

958 2785 1032 2812 omni
1044 2792 1110 2812 cura
1135 2789 1162 2811 et
1176 2784 1314 2819 diligentia
1329 2785 1519 2818 cxaminetur;
1543 2789 1571 2812 ut
1586 2785 1609 2813 si
1630 2785 1692 2820 quis
1707 2793 1746 2813 ex.

956 2831 1014 2858 toro
1039 2830 1096 2857 sive
1123 2830 1210 2864 dives,
1235 2830 1291 2858 sive
1304 2830 1663 2866 scholasticus,episcopus
1683 2829 1750 2858 ﬁeri.

147 2887 169 2902 "
184 2886 305 2914 Neocaes.
326 2894 386 2915 can.
407 2888 449 2915 it.
488 2888 511 2904 "
525 2888 652 2916 Clialccd.
669 2897 728 2917 can.
747 2889 786 2916 I5.
826 2889 848 2905 "
869 2888 953 2917 Cone.
968 2888 1094 2924 Carthag.
1119 2895 1169 2919 ιιι,
1185 2895 1245 2923 cap.
1261 2887 1309 2921 is;
1326 2887 1473 2915 concilium
1488 2887 1572 2916 Afris.
1595 2895 1655 2923 cap.
1670 2888 1709 2918 5.,
