1951 3081
223 215 276 248 499

803 216 934 246 PHOTII
954 217 1205 247 PATRIARCH/E
1219 218 1275 247 ΟΡ.

1797 211 1844 242 500

225 270 324 305 dignus
336 268 477 300 habemur,
487 276 543 295 non
559 268 634 302 prius
645 269 831 296 constituatur
845 289 852 301 ,
866 278 948 304 quatit
977 270 1010 297 le-

1067 270 1124 301 κὸς,
1143 271 1196 297 ἀπὸ
1207 270 1258 304 τῆς
1274 269 1377 304 ἀγορᾶς
1391 268 1492 300 ἀξιοῖτο
1508 267 1656 299 ἐπίσκοπος
1670 266 1800 300 γίνεσθαι,
1812 267 1845 302 μὴ

225 323 240 342 c
252 314 308 342 oris
327 319 354 340 et
374 314 482 341 diaconi
498 318 524 340 et
540 314 688 349 presbyteri
699 314 881 341 ministerium
902 322 1014 349 peregeo

224 361 278 387 rit:
297 365 325 386 ut
339 359 365 386 in
383 367 546 394 unoquoque
565 360 662 395 gradu,
689 360 712 387 si
728 361 825 395 dignus
842 361 1015 388 existimatus

226 405 318 437 fuerit,
334 406 367 432 ad
383 405 555 441 episcopatus
572 405 709 441 fastigium
723 414 771 441 per
786 406 1009 441 progressionem

225 452 311 486 possit
325 450 483 478 ascendere.
503 451 617 478 Habebit
631 457 721 478 autem
736 451 952 486 uniuscujusque
967 459 1012 477 or-

224 495 296 522 dinis
309 495 409 529 gradus
421 503 476 522 non
492 495 596 522 minimi
615 496 721 523 scilicet
745 497 876 530 temporis
897 495 1015 530 longitu-

225 541 325 573 dinem,
345 548 392 575 per
416 541 488 575 quod
509 546 536 568 et
560 541 636 574 ﬁdes,
658 547 685 568 et
711 550 816 569 morum
832 542 963 576 probitas,
988 546 1014 569 et

225 586 390 618 constantia,
407 590 435 612 et
461 586 612 613 moderatio
636 584 722 620 possit
735 587 864 620 cognosci
891 591 939 614 :et
956 588 1014 621 ipse

223 632 317 658 divino
349 631 500 659 sacerdotio
524 632 623 666 dignus
649 633 834 664 existimatus,
862 633 1011 659 maximum

225 677 357 705 honorem
375 683 546 713 assequctur.
568 679 661 713 Neque
682 679 754 706 enim
770 680 908 711 convenit,
925 687 1013 714 neque

225 723 338 750 scientia
351 728 377 750 et
399 723 469 751 bona
480 726 650 750 conversatio
671 724 723 750 hoc
741 724 847 759 recipit,
867 729 896 751 ut
911 729 1013 751 temere

225 773 252 795 et
272 769 366 795 leviter
378 769 412 795 ad
440 769 464 796 id
486 769 641 800 accedatur,
669 775 697 796 ut
711 770 864 804 episcopus,
888 770 928 796 vel
951 777 1012 804 pre-

225 814 329 849 sbyter,
340 815 382 841 vel
396 815 528 842 diaconus
540 820 663 849 prompte
677 823 710 841 ac
722 814 801 841 facile
814 815 1010 842 constituatur.

226 859 272 886 Sic
292 860 364 886 enitn
383 859 480 886 merito
505 860 660 895 neopl-ytus
682 860 864 892 existimetur,
884 860 1010 894 quando-

223 905 334 940 quidem
362 910 389 932 et
410 905 587 932 beatissimus
608 905 765 940 Apostolus,
791 905 838 940 qui
855 905 907 932 fuit
929 905 1010 932 etiam

222 951 318 977 doctor
341 952 472 985 gentium,
489 952 664 987 prohibuisse
682 952 760 985 plane
777 951 896 984 videtur,
918 959 951 978 ne
965 959 1008 978 ce-
1024 943 1048 972 Β

223 997 294 1024 leres
320 998 386 1024 [iant
405 997 591 1025 ordinationes
614 999 648 1024 “.
669 997 832 1034 Longissimi
848 997 920 1024 enim
940 1001 1007 1023 tem-

223 1044 298 1078 poris
313 1044 438 1078 probatio
449 1048 477 1071 et
489 1045 735 1076 conversationem,
751 1049 778 1071 et
790 1043 1008 1078 uniuscujusque

223 1098 314 1118 mores
328 1098 383 1117 non
399 1090 614 1125 improbabiliter
626 1090 779 1124 exprimere
792 1090 899 1124 poterit.

223 1240 274 1275 51
289 1239 388 1275 Synodt'
401 1239 699 1276 Constantinopolitanw
711 1241 803 1274 primm
813 1245 837 1267 et
855 1242 974 1268 secunda:
983 1241 1011 1266 in

260 1275 360 1336 ιεηιρέις
379 1280 530 1301 sanctorum
554 1276 731 1310 apostolorum
753 1281 934 1311 congregatae,
965 1283 1007 1302 εα-

257 1318 310 1336 πωι
363 1329 371 1336 .

259 1363 290 1390 1⁵1
297 1383 303 1390 .
311 1363 338 1390 ιιι
347 1363 549 1399 οηιηίιιυεςὺοιιί
559 1364 736 1392 ecclesiastici
745 1365 849 1392 ordinis
857 1371 951 1391 curam
963 1371 1008 1399 ge-

222 1414 323 1441 tentes,
339 1411 390 1436 hoc
407 1417 518 1444 quoque
533 1410 645 1437 deﬁnire
664 1412 848 1438 necessarium
868 1410 1007 1441 duximus,

223 1461 252 1481 ut
266 1455 357 1483 nullus
374 1456 501 1490 deinceps
515 1457 611 1490 laicus,
626 1457 667 1484 vel
683 1458 832 1484 monachus
847 1462 956 1491 repente
974 1456 1008 1483 ad

221 1501 402 1535 episcopalem
425 1502 595 1528 altitudinem
617 1502 787 1534 eveheretur,
806 1503 853 1529 sed
871 1503 898 1528 in
920 1501 1007 1528 cccle-

221 1546 338 1573 .-iastieis
361 1547 491 1581 gradibus
513 1548 630 1582 primum
647 1548 829 1579 examinatus,
844 1547 884 1574 sic
902 1547 1008 1581 episco-

222 1593 290 1627 palis
302 1593 441 1628 dignitatis
457 1594 656 1620 ordinationem
678 1594 838 1628 susciperet.
859 1593 915 1620 Etsi
934 1593 1007 1620 enim

222 1638 375 1673 hucusque
391 1639 502 1673 quidam
523 1646 554 1665 ex
571 1639 712 1665 monachis
732 1644 759 1665 et
778 1638 867 1670 laicis,
885 1639 1008 1673 exigente
1022 1640 1044 1670 C

221 1684 398 1717 necessitate,
429 1684 577 1718 episcopali
601 1684 705 1711 honore
730 1684 821 1711 statim
848 1684 921 1718 digiti
947 1683 1010 1710 facti

221 1734 295 1760 sunt,
311 1729 356 1764 qui
370 1734 397 1756 et
410 1731 509 1757 virtute
526 1731 669 1756 excellenti
683 1730 768 1761 fuere,
788 1735 815 1758 et
830 1738 907 1757 suam
923 1730 1011 1757 eccle—

221 1775 290 1802 siam
306 1775 332 1802 iu
350 1775 434 1802 altum
448 1776 580 1807 extulere,
596 1776 621 1802 id
641 1780 730 1803 tamen
745 1776 816 1810 quod
833 1784 896 1803 raro
909 1777 1009 1808 evenit,

221 1821 344 1848 ecclesia:
359 1822 445 1856 legem
458 1829 630 1856 nequaquam
645 1827 806 1855 statuentes,
823 1823 1008 1856 decernimus,

222 1872 251 1894 ut
267 1868 292 1894 id
309 1867 436 1903 deinceps
446 1869 557 1896 minime
571 1869 617 1895 ﬁat
633 1869 685 1896 nisi
696 1870 718 1896 is
732 1871 777 1904 qui
792 1871 842 1897 rite
855 1870 1009 1903 ordinatur,

222 1921 270 1947 per
280 1914 381 1947 gradus
397 1915 580 1941 sacerdotales
599 1915 773 1949 processerit,
796 1915 822 1942 in
844 1923 1010 1950 unoquoque

221 1959 317 1987 ordine
334 1964 439 1995 tempus
455 1961 638 1995 praestitutum
651 1961 813 1996 adimplens.

255 2051 364 2078 Textus.
378 2050 471 2078 Const.
481 2051 560 2084 2,tit.
572 2051 580 2078 l
592 2051 777 2084 Novellarum,
796 2059 851 2078 non
876 2051 1010 2086 permittit

218 2097 392 2124 cxlaicorum
412 2097 666 2133 [statu]confestim
682 2098 825 2134 [aliquem]
849 2098 1007 2134 episcopum

219 2144 304 2170 creari
316 2154 322 2170 :
333 2144 378 2170 sed
391 2143 531 2181 [requirit]
542 2151 569 2172 ut
580 2146 654 2180 prius
668 2146 784 2172 clericus
798 2145 854 2178 fiat,
868 2136 898 2172 et
912 2145 943 2171 ad
956 2150 1009 2172 tres

220 2198 327 2217 Incuses
341 2191 497 2225 Scripturas
506 2196 532 2218 et
550 2200 670 2218 canones
680 2192 778 2219 discat.
796 2192 891 2219 Const.
917 2198 1007 2219 autent

218 2234 340 2268 t'jusdem
360 2236 408 2262 lib.
425 2239 453 2263 et
471 2237 512 2263 tit.
530 2237 597 2268 vult,
614 2240 643 2263 ut
665 2244 717 2262 non
735 2237 826 2264 minus
842 2245 887 2263 sex
904 2237 1007 2264 mensi-

219 2281 270 2306 bus
283 2279 401 2307 clericus
414 2281 490 2315 prius
505 2285 553 2308 aut
567 2282 719 2308 monachus
735 2281 827 2308 fuerit.

254 2322 329 2350 CAP.
346 2324 403 2351 XII.
421 2340 455 2345 —-
470 2325 607 2357 Quomodo
626 2326 646 2352 is
660 2327 704 2360 qui
719 2333 751 2352 ea:
766 2327 918 2361 pagnnitate
934 2334 1007 2352 venc-
1020 2316 1047 2346 D

219 2369 265 2401 fit,
288 2370 326 2397 re!
357 2372 384 2397 in
408 2372 497 2397 morbo
515 2371 552 2397 vel
570 2377 683 2398 retrntcr
700 2373 849 2406 baptizatus
868 2372 957 2406 fuerit,
976 2371 1013 2398 ινιί

227 2425 335 2451 pravam
360 2418 440 2443 vitam
475 2418 598 2451 duxerit,
629 2418 766 2444 ordinetur
796 2419 931 2453 episcopus
965 2423 1011 2444 aut

224 2463 343 2490 tlericus.

436 2508 623 2542 Apostolorum
636 2517 720 2536 canon
738 2510 782 2537 80.

252 2553 288 2580 80
307 2552 374 2588 [79].
395 2552 463 2580 Eum
490 2554 536 2588 qui
553 2562 586 2581 ex
612 2555 665 2582 vita
691 2556 782 2590 gentili
810 2556 959 2583 accesserit
979 2559 1007 2583 et

219 2599 372 2633 baptizatus
397 2599 489 2630 fuerit,
508 2601 549 2627 vel
566 2609 599 2628 ex
620 2601 742 2636 improba
760 2602 869 2629 vivendi
887 2603 1004 2635 ratione,

216 2652 272 2674 non
292 2650 334 2674 est
350 2653 458 2680 aequum
475 2646 527 2681 52
545 2649 670 2680 protinus
688 2649 846 2682 episcopum
863 2648 931 2675 ﬁeri.
949 2648 1005 2674 lni-

216 2696 302 2723 quum
315 2694 357 2716 est
373 2690 459 2723 enim,
483 2695 511 2716 ut
534 2691 580 2725 qui
601 2691 643 2718 sui
670 2692 792 2718 nondum
807 2692 1003 2727 experientiam

216 2733 378 2766 ostenderit,
401 2734 437 2761 sit
451 2734 568 2761 aliorum
582 2735 720 2769 magister,
738 2735 792 2763 nisi
812 2735 883 2763 forte
897 2735 948 2762 hoc
960 2735 1004 2762 αις

217 2779 278 2806 vina
291 2779 377 2814 gratia
391 2779 448 2807 ﬁat.

419 2835 532 2862 Concih'i
545 2835 648 2863 Nica’m'
664 2844 750 2863 canon
766 2837 792 2864 2.

252 2882 278 2908 2.
294 2881 430 2915 Quoniam
450 2882 549 2914 multa,
573 2882 615 2909 vel
630 2883 804 2916 necessitate,
825 2883 868 2911 vel
883 2883 1003 2918 urgenti-

253 2938 276 2954 "
292 2937 302 2965 l
321 2937 392 2965 Tim.
412 2940 478 2972 In,l
501 2948 576 2976 seqq.
592 2949 599 2973 ;
613 2949 639 2974 v,
650 2940 666 2968 9
683 2948 758 2976 seqq.

1067 316 1198 350 πρότερον
1223 314 1418 346 καθίστασθαι,
1432 314 1479 340 ἐὰν
1501 313 1539 349 μὴ
1556 313 1603 339 καὶ
1618 311 1790 346 ἀναγνώστου
1805 312 1846 338 καὶ

1066 359 1189 386 διακόνου
1214 360 1262 386 καὶ
1289 359 1495 394 πρεσϐυτέρου,
1524 357 1677 393 ὑπηρεσίαν
1702 357 1844 383 ὲκτελέσοι·

1067 406 1109 433 ἵνα
1122 406 1182 432 καθ’
1197 406 1310 432 ἕκαστον
1325 405 1439 440 βαθμὸν,
1457 405 1503 431 ὲάν
1527 412 1578 440 περ
1602 403 1676 436 ἄξιος
1699 403 1846 438 νομισθείη,

1067 453 1107 483 είς
1125 452 1174 486 τὴν
1192 452 1273 486 ἁψῖδα
1289 452 1339 486 τῆς
1353 453 1505 486 ἐπισκοπῆς
1521 451 1590 477 κατὰ
1605 450 1745 485 προκοπὴν
1760 449 1848 483 διαῦῆ-

1065 506 1109 524 ναι
1132 497 1271 532 δυνηθείη.
1287 497 1363 529 Ἔξει
1386 497 1414 523 δὲ
1435 497 1550 523 ἑκάστου
1566 496 1704 530 τάγματος
1724 496 1737 521 ό
1753 494 1849 529 βαθμὸς

1065 543 1115 568 οὐκ
1125 542 1265 577 ἐλαχίστου
1281 542 1399 577 δηλονότι
1414 541 1510 576 χρόνου
1522 541 1628 575 μῆκος·
1643 541 1678 566 δι’
1691 538 1721 566 οὗ
1735 541 1751 574 ἠ
1765 539 1849 570 πίστις

1065 587 1157 619 αὑτοῦ,
1171 588 1217 614 καὶ
1242 589 1258 622 ἡ
1287 587 1341 614 τῶν
1366 587 1536 622 πραγμάτων
1564 586 1762 619 καλοκαγαθία,
1779 585 1848 620 καὶὴ

1065 635 1223 669 στερῤὀτης,
1238 634 1285 659 καὶ
1299 635 1315 668 ἠ
1328 635 1473 666 ἐπιείκεια,
1482 633 1621 668 γνώριμος
1636 632 1762 666 γενέσθαι
1776 631 1849 665 δυνή-

1064 688 1151 711 σεται,
1168 680 1213 705 καὶ
1225 679 1305 710 αὐτὸς
1326 679 1401 711 ἄξιος
1420 679 1469 714 τῆς
1495 679 1569 709 θείας
1600 677 1751 713 ἱερωσύνης
1775 685 1850 711 νομι-

1065 725 1152 758 σθεὶς,
1164 725 1212 760 τῆς
1230 725 1361 761 μεγίστης
1374 725 1521 751 ἀπολαύσει
1536 723 1630 758 τιμῆς.
1639 723 1707 749 Οὔτε
1721 723 1775 757 γὰρ
1787 730 1851 755 προ-

1065 771 1147 805 σῆκόν
1179 772 1262 802 ἐστιν,
1281 769 1342 797 οὔτε
1360 771 1376 805 ἠ
1393 771 1544 806 ἐπιστήμη,
1565 769 1627 796 οὔτε
1642 771 1659 804 ἡ
1673 768 1763 803 ἀγαθὴ
1787 768 1851 794 ἀνα-

1064 817 1178 851 στροφὴ,
1195 816 1348 851 ἐπιδέχεται
1361 816 1505 851 τολμηρῶς
1527 816 1575 842 καὶ
1591 815 1699 850 κούφως
1717 815 1764 840 ἐπὶ
1776 813 1852 840 τοῦτο

1065 861 1144 895 ἱέναι,
1161 861 1231 888 ὥστε
1250 863 1267 897 ἣ
1292 862 1441 888 ἐπίσκοπον
1456 862 1473 897 ἢ
1490 861 1677 897 πρεσϐύτερον
1699 861 1715 895 ἢ
1732 860 1852 886 διάκονον

1064 908 1217 942 προχείρως
1239 908 1429 934 καθίστασθαι.
1446 908 1523 934 Οὕτω
1539 908 1594 942 γὰρ
1607 907 1639 934 ἂν
1665 907 1778 937 εἰκότως
1794 906 1852 931 νεό-

1063 962 1147 987 φυτος
1159 954 1311 989 νομισθείη,
1322 955 1415 990 ἐπειδὴ
1432 955 1550 989 μάλιστα
1564 954 1610 980 καὶ
1619 954 1633 980 ὁ
1644 955 1852 988 μακαριώτατος

1068 999 1237 1031 ’Λπόστολος,
1250 1000 1279 1031 ὃς
1297 1000 1343 1026 καὶ
1356 1000 1409 1025 τῶν
1430 1000 1515 1026 ὲονῶν
1530 1001 1675 1034 γεγένηται
1688 998 1853 1030 διδάσκαλος,

1063 1045 1185 1079 φαίνεται
1202 1046 1326 1077 κωλύσας
1334 1045 1444 1080 ταχείας
1459 1046 1582 1079 γίνεσθαι
1595 1047 1645 1077 τὰς
1662 1044 1851 1073 καταστάσεις-

1061 1089 1114 1116 Τοῦ
1127 1089 1181 1124 γὰρ
1197 1091 1330 1125 μηκίστου
1342 1090 1437 1125 χρόνου
1452 1091 1468 1124 ὴ
1479 1090 1636 1125 δοκιμασία,
1660 1090 1709 1124 τὴν
1723 1090 1854 1121 ἀναστρο-

1068 1135 1120 1171 φὴν
1144 1137 1191 1162 καὶ
1205 1137 1250 1162 τὸν
1272 1137 1387 1163 ἑκάστου
1402 1137 1504 1171 τρόπον
1514 1158 1521 1170 ,
1536 1137 1585 1164 οὑκ
1602 1136 1755 1167 ἀπεικότως
1771 1136 1852 1162 ὲκτυ-

1067 1181 1135 1208 ποῦν
1151 1182 1303 1218 δυνήσεται.

1100 1239 1233 1267 Συνόδοιι
1256 1240 1281 1266 α’
1297 1240 1327 1272 ,β’
1339 1240 1598 1275 συγκροτηθείσης
1614 1239 1648 1266 ἐν
1660 1239 1700 1272 τῷ
1720 1239 1781 1272 ναῷ
1795 1239 1855 1266 τῶν

1217 1275 1309 1309 ἁγίων
1329 1275 1508 1302 ἀποστόλων
1527 1275 1627 1302 κανὼν
1643 1275 1686 1306 ιζ’.

1101 1363 1134 1394 ιζ’
1156 1363 1200 1390 Ἑν
1219 1364 1284 1390 πᾶσι
1299 1364 1348 1398 τῆς
1364 1362 1596 1399 ἐκκλησιαστικῆς
1621 1362 1747 1394 εὐταξίας
1775 1371 1854 1398 φρον-

1062 1409 1194 1442 τίζοντες,
1213 1410 1347 1436 καὶτοῦτο
1362 1410 1453 1445 ὁρίσαι
1466 1410 1614 1443 ἀναγκαῖον
1627 1409 1747 1443 ἐθέμεθα
1758 1417 1765 1423 ·
1784 1408 1853 1435 ὥστε

1061 1455 1107 1481 τοῦ
1123 1455 1229 1487 λοιποῦ,
1253 1456 1357 1490 μηδένα
1368 1456 1423 1481 τῶν
1437 1455 1539 1482 λαῖκῶν
1555 1455 1571 1491 ἢ
1590 1454 1714 1490 μοναχῶν
1726 1475 1732 1486 ,
1749 1455 1853 1488 ἀθρόως

1062 1499 1103 1531 εἰς
1133 1500 1164 1526 τὸ
1183 1500 1232 1534 τῆς
1259 1500 1411 1535 ἐπισκοπῆς
1435 1500 1500 1534 ὕψος
1514 1499 1681 1533 ἀνάγεσθαι,
1700 1499 1769 1525 ἀλλὰ
1797 1499 1852 1530 τοῖς

1062 1545 1299 1579 ὲκκλησιαστικοίς
1335 1545 1450 1580 βαθμοῖς
1484 1545 1677 1580 ἐξεταζόμενον
1703 1545 1853 1580 πρότερον,

1061 1592 1132 1618 οὕτω
1156 1593 1206 1626 τῆς
1230 1593 1383 1627 ἐπισκοπῆς
1400 1593 1448 1627 τὴν
1465 1592 1632 1627 χειροτονίαν
1661 1591 1852 1626 ὑποδέχεσθαι.

1061 1637 1092 1663 El.
1109 1638 1163 1672 γὰρ
1178 1638 1224 1663 καὶ
1245 1638 1326 1673 μέχρι
1342 1637 1387 1664 τοῦ
1405 1637 1463 1670 νῦν,
1478 1637 1532 1664 ἀπὸ
1546 1636 1601 1664 τῶν
1623 1636 1725 1663 λαῖκῶν
1739 1637 1755 1672 ἢ
1769 1645 1851 1671 μονα-

1061 1682 1116 1717 χῶν
1141 1691 1231 1714 τινες,
1256 1684 1425 1719 ἀπαιτούσης
1454 1683 1556 1718 χρείας,
1585 1683 1740 1719 παραυτίκα
1769 1684 1854 1718 τιμῆς

1061 1727 1132 1759 ἄξιοι
1147 1727 1292 1761 γεγόνασιν
1308 1727 1472 1762 ἐπισκοπῆς,
1490 1729 1574 1763 ἀρετῇ
1590 1737 1619 1754 τε
1631 1727 1832 1763 διαπρέψαντες
1844 1748 1854 1760 ,

1061 1773 1108 1799 καὶ
1125 1774 1174 1808 τὴν
1189 1773 1248 1799 κατ’
1264 1773 1363 1804 αὐτοὺς
1387 1773 1535 1808 ἐκκλησίαν
1551 1773 1721 1808 ὑψώσαντες,
1739 1773 1806 1800 ἀλλὰ
1821 1774 1855 1800 τό

1060 1827 1092 1852 γε
1109 1819 1221 1845 σπάνιον
1234 1819 1353 1853 οὐδαμοῦ
1366 1819 1447 1854 νόμον
1459 1819 1509 1853 τῆς
1524 1819 1687 1854 Ἐκκλησίας
1703 1819 1853 1853 τιθέμενοι,

1059 1866 1188 1900 ὁρίζομεν
1211 1866 1258 1892 τοῦ
1282 1866 1376 1892 λοιποῦ
1397 1866 1494 1900 μηκέτι
1512 1865 1592 1892 τοῦτο
1615 1866 1758 1900 γίνεσθαι·
1775 1866 1856 1901 εἰμὴ

1059 1912 1131 1939 κατὰ
1150 1912 1227 1946 λόγον
1245 1913 1259 1938 ό
1273 1912 1523 1948 χειροτονούμενος,
1537 1912 1583 1938 τὸν
1596 1912 1731 1946 ἱερατικὸν
1751 1911 1854 1946 προέλ-

1060 1960 1101 1985 θοι
1122 1958 1244 1993 βαθμὸν,
1261 1960 1290 1985 ἐν
1313 1960 1421 1994 ἑκάστῳ
1435 1958 1556 1994 τάγματι
1583 1958 1628 1984 τὸν
1655 1959 1855 1993 νενομισμένον

1058 2005 1154 2040 χρόνον
1169 2006 1277 2040 ἀποπλη
1282 2006 1346 2041 ρῶν.

1102 2051 1132 2078 'H
1151 2052 1173 2086 β’
1187 2051 1308 2084 διάταξις
1323 2052 1369 2078 τοῦ
1383 2056 1406 2078 α’
1420 2052 1473 2080 τίτ.
1489 2052 1543 2078 τῶν
1562 2051 1676 2088 νεαρῶν,
1693 2052 1722 2077 οὐ
1742 2060 1855 2086 συγχωμ

1061 2097 1102 2129 ρεῐ
1113 2095 1166 2121 απὸ
1174 2095 1275 2121 λαῖκῶν
1286 2095 1386 2127 εὐθέως
1398 2095 1544 2121 ἐπίσκοπον
1555 2095 1856 2129 χειροτονεῖσθαι,ἀλλᾰ

1059 2141 1192 2175 πρότερον
1210 2141 1350 2175 κληρικον,
1367 2141 1413 2167 καὶ
1432 2141 1523 2175 μένειν
1537 2142 1581 2166 ἐπὶ
1598 2142 1673 2176 τρεῖς
1690 2141 1789 2175 μῆνας,
1802 2141 1856 2172 τὰς

1058 2187 1169 2220 Γραφὰς
1186 2187 1377 2221 διδασκόμενον
1393 2187 1439 2213 καὶ
1453 2187 1516 2218 τοὺς
1527 2187 1658 2218 κανόνας·
1679 2187 1695 2221 ἡ
1716 2187 1744 2212 δὲ
1759 2189 1784 2212 α’
1796 2186 1859 2213 διά-

1059 2231 1135 2263 ταξις
1159 2231 1206 2257 τοῦ
1236 2230 1320 2258 αὑτοῦ
1347 2231 1399 2256 τίτ.
1419 2230 1542 2265 βούλεται
1564 2230 1644 2256 αὑτὸν
1659 2231 1709 2265 οὐχ
1726 2227 1809 2265 ἦττον
1826 2230 1859 2263 ἒξ

1064 2276 1156 2311 μηνῶν
1173 2277 1403 2312 προκληρωθῆναι
1419 2276 1435 2310 ἢ
1452 2277 1633 2310 προμονάσαι.

1101 2331 1227 2358 ΚΕΦΑΑ.
1245 2331 1294 2357 1Β¹.
1308 2345 1343 2350 -
1356 2330 1422 2362 Πῶς
1433 2331 1449 2356 ὀ
1465 2330 1592 2363 ἐθνικὸς,
1601 2330 1620 2364 ἣ
1638 2331 1654 2357 ὀ
1663 2330 1696 2357 ἐν
1703 2331 1796 2364 νόσῳ,
1807 2330 1828 2365 ἣ
1839 2333 1858 2357 ό

1065 2374 1172 2401 νεωστὶ
1197 2373 1385 2406 βαπτισθεὶς,
1409 2373 1457 2400 καὶ
1470 2379 1486 2399 0
1506 2375 1540 2400 ἐκ
1554 2375 1675 2408 φαύλης
1689 2374 1856 2409 διαγωγῆς,

1064 2421 1273 2455 χειροτονεῖται
1288 2421 1455 2453 ἐπίσκοπος
1469 2420 1488 2454 ἢ
1509 2421 1662 2454 κληρικός,

1272 2510 1300 2536 ’Λ
1305 2510 1464 2536 ποστόλων
1475 2509 1576 2535 κανὼν
1593 2512 1633 2536 π’.

1096 2556 1133 2583 π’.
1158 2556 1210 2583 Τὸν
1236 2556 1266 2589 ἐξ
1286 2555 1393 2582 ἐθνικοῦ
1412 2555 1470 2590 βίου
1487 2555 1670 2589 προσελθόντα
1685 2556 1733 2581 καὶ
1749 2555 1860 2590 βαπτι-

1058 2600 1206 2634 σθέντα,ἢ
1232 2600 1264 2625 ἐκ
1295 2599 1400 2633 φαύλης
1429 2599 1578 2634 διαγωγῆς,
1604 2599 1635 2625 οὑ
1663 2600 1766 2626 δίκαιόν
1793 2601 1861 2627 ἐστι

1060 2646 1186 2681 παραυτά
1204 2646 1425 2680 προχειρίζεσθαι
1437 2646 1601 2671 ἐπίσκοπον·
1617 2645 1710 2672 ἄδικον
1720 2646 1787 2680 γὰρ,
1806 2646 1861 2672 τὸν

1061 2690 1173 2725 μηδέπω
1188 2692 1284 2725 πεῖραν
1296 2690 1510 2724 ἐπιδειξάμενον,
1523 2690 1623 2723 ἐτέρων
1635 2687 1704 2715 εἶναι
1721 2689 1862 2716 διδάσκα-

1059 2736 1117 2762 λον·
1136 2736 1160 2761 εἰ
1176 2735 1213 2770 μή
1230 2744 1281 2761 που
1295 2735 1366 2762 κατὰ
1381 2734 1456 2761 θείαν
1472 2734 1551 2769 χάριν
1561 2734 1640 2760 τοῦτο
1655 2734 1779 2769 γένηται.

1230 2835 1365 2862 Συνόδου
1382 2834 1504 2868 Νικαίας
1514 2834 1614 2862 κανὼν
1627 2834 1660 2870 β’.

1093 2882 1115 2918 β’
1151 2880 1262 2916 Ἐπειδὴ
1279 2880 1364 2908 πολλὰ
1374 2881 1433 2916 ἦτοι
1448 2881 1499 2908 ὑπὸ
1509 2881 1642 2916 ἀνάγκης,
1651 2880 1668 2916 ἦ
1678 2880 1766 2914 ἄλλως
1775 2881 1866 2909 ἐπεισ-

799 2941 820 2957 ⁵⁷
839 2940 924 2969 Laod.
940 2942 974 2975 '5;
990 2942 1066 2969 Sard.
1087 2942 1133 2973 l3;
1151 2939 1260 2968 Caelest.
1277 2940 1321 2970 2|.
