1951 3081
229 193 281 225 503

432 252 546 280 Concilii
562 251 665 279 Νίτωιή
679 259 762 278 canon
779 252 805 278 1.

262 298 317 335 δε,
340 298 365 325 1.
379 298 408 326 Si
420 298 482 333 quis
501 306 516 325 a
530 297 643 325 medicis
659 298 687 323 in
700 297 796 324 morbo
810 296 929 328 excisus.
939 297 981 324 vel
996 304 1011 324 a

227 344 356 372 Barbaris
378 347 572 375 enectus'est.
590 343 615 370 is
631 343 659 370 in
675 343 751 370 clero
772 346 891 370 maneat.
906 341 936 370 Si
949 343 1011 377 quis

228 394 320 416 autem
337 396 398 416 cum
422 393 493 416 esset
523 396 617 419 sanus,
642 387 761 422 seipsum
785 387 918 420 exsecuit,
947 394 1010 414 eum

227 434 308 461 etiam
332 434 360 461 in
388 434 461 461 clero
476 433 662 460 exanimatum
688 440 798 460 cessare
819 432 958 464 convenit.
983 437 1010 460 et

227 478 354 512 deinceps
371 478 475 505 nullum
492 477 571 505 talem
591 482 697 512 oportet
722 478 886 512 promoveri.
909 477 1010 510 Quem-

225 523 371 550 admodum
392 527 483 550 autem
501 523 553 550 hoc
564 523 739 550 manifestum
761 527 813 555 est,
826 522 899 557 quod
914 523 947 550 de
964 523 1008 556 iis,

226 569 272 604 qui
288 570 321 596 de
339 568 472 596 industria
487 569 538 596 hoc
555 574 646 603 agant,
663 573 689 595 et
712 576 742 596 se
758 568 833 603 ipsos
847 569 947 596 audent
962 575 1009 595 ex-

225 613 326 645 cidere,
342 613 441 641 dictum
466 619 507 641 est
525 622 532 640 :
559 614 622 640 item
644 613 667 640 si
681 613 765 647 aliqui
791 620 805 639 a
826 612 953 640 Barbaris
968 612 1010 639 vel

226 659 344 686 dominis
370 659 482 687 castrati
510 659 564 686 sint
592 659 766 686 inveniantur
793 664 883 686 autem
901 659 1011 687 etalio-

225 704 272 740 qui
288 705 374 740 digiti,
391 705 460 732 tales
476 705 502 731 in
515 705 617 732 clerum
632 705 752 732 admittit
764 712 862 732 canon.

258 749 365 777 Teates.
373 749 467 777 Civilis
477 750 518 776 lex
530 757 578 777 eos
588 750 634 784 qui
644 751 878 784 seipsosautalius
888 755 1010 778 castraut

225 793 407 822 diversimode
430 793 526 828 punit:
543 794 609 821 alias
635 794 722 828 capite
736 814 744 825 ,
760 793 827 821 alias
847 793 1007 830 [bonorum]

224 837 412 872 publicatione
425 841 452 864 et
466 837 573 870 exsilio,
592 837 660 864 alias
676 837 788 864 talione.
802 837 921 865 Omnino
936 838 1007 865 eiiim

225 880 253 908 in
269 886 362 909 nostra
380 881 516 915 republica
543 880 678 907 neminem
699 881 854 908 eunuchum
873 881 931 908 lieri
947 889 1008 916 per-

225 927 309 955 mittit
322 935 332 961 ;
349 927 396 954 sed
408 927 479 962 apud
492 927 626 955 Barbaros
644 926 731 953 solum
743 926 889 954 Barbaros.
902 927 931 954 Si
945 927 1008 962 quis

224 979 316 1002 tamen
337 974 408 1008 apud
423 981 473 1000 nos
495 977 632 1001 castratos
655 973 702 1005 sit,
723 973 792 1000 liber
808 973 846 1003 lit.
874 973 897 1000 si
912 981 1008 1001 servus

225 1019 318 1050 fuerit,
337 1019 418 1045 etiam
441 1018 463 1045 si
483 1023 593 1053 propter
609 1018 734 1045 morbum
750 1023 886 1045 castratus
905 1018 960 1046 sit:
980 1024 1008 1046 nt

225 1063 272 1090 lib.
290 1071 316 1090 Iv
331 1062 595 1093 cod.tit.d‘2.coust.
612 1061 686 1094 1,2;
708 1066 736 1088 et
748 1061 795 1088 lib.
812 1069 907 1092 ιινιιι,
927 1062 970 1088 tit.
979 1062 1006 1094 8,

224 1107 359 1142 digestqu
373 1106 400 1138 4,
412 1106 440 1138 5,
456 1106 482 1138 6,
501 1105 545 1138 11,
566 1110 593 1132 et
611 1105 638 1132 in
652 1105 761 1133 novella
786 1106 927 1133 sanctione
945 1105 1007 1139 MS,

224 1151 258 1179 de
273 1150 315 1177 his
326 1150 372 1184 qui
384 1149 523 1177 cunni-bos
543 1149 655 1176 faciunt.

267 1195 341 1223 CAP.
362 1195 418 1222 XV.
432 1211 467 1215 —
481 1195 666 1222 Dwinouiacus
679 1194 707 1223 in
723 1195 821 1223 clerum
833 1203 883 1222 non
899 1196 1009 1231 recipia-

227 1246 280 1268 tur.
292 1241 476 1276 Apostolorum
494 1248 578 1267 canon
591 1241 634 1268 78.

262 1286 296 1314 79
311 1286 380 1328 [78].
398 1286 426 1313 Si
442 1286 504 1321 quis
519 1286 670 1314 daemonem
686 1285 796 1320 habeat,
817 1294 850 1314 ne
867 1286 914 1314 ﬁat
929 1287 1009 1314 cleri-

225 1341 286 1366 cus,
304 1333 351 1361 sed
377 1341 464 1368 neque
479 1341 541 1361 cum
561 1333 687 1362 ﬁdelibus
709 1338 846 1370 precetur.
872 1334 1009 1370 Purgatus

225 1384 315 1408 autem
332 1380 498 1415 recipiatur;
513 1384 541 1408 et
554 1381 577 1408 si
593 1380 631 1408 sit
646 1380 755 1416 dignus,
773 1380 832 1410 ﬁat.

260 1471 313 1508 55
327 1472 403 1500 CAP.
421 1472 492 1500 XVI.
506 1489 542 1494 —
553 1473 590 1501 De
608 1482 638 1501 eo
650 1473 695 1509 qui
714 1480 767 1501 non
780 1472 939 1506 obtemperat
951 1471 1009 1507 epi-

225 1527 302 1554 scopo
315 1519 411 1547 valenti
426 1520 512 1555 ipsum
529 1520 565 1547 ad
574 1520 700 1555 majorem
714 1519 826 1555 gradum
838 1518 973 1546 ordinare.

365 1617 479 1645 Cancilii
499 1617 714 1652 Carthaginem“
728 1625 813 1644 canon
823 1617 868 1645 51.

261 1663 306 1690 El.
320 1662 348 1689 Si
366 1663 412 1698 qui
427 1663 520 1690 clerici
534 1663 569 1689 ab
587 1662 723 1697 episcopis
743 1663 799 1690 suis
815 1664 932 1698 promoti
945 1670 1012 1690 con-

227 1710 398 1745 tempserint.
429 1717 479 1737 nec
497 1709 554 1737 illic
578 1713 717 1743 maneant,
735 1710 806 1737 unde
820 1710 947 1738 recedere
961 1718 1012 1737 no-

224 1766 345 1791 luerunt.

261 1808 328 1836 Item
345 1808 448 1844 placuit
464 1808 497 1840 ⁶¹,
516 1811 545 1832 ut
559 1804 714 1839 quicunque
734 1804 835 1836 clerici,
849 1804 891 1831 vel
904 1802 1011 1830 diaconi

224 1863 274 1890 pro
289 1854 501 1882 necessitatibus
519 1853 699 1881 Ecclesiarum
727 1858 780 1878 non
804 1850 1012 1884 obtemperave-

224 1901 280 1929 rint
297 1900 434 1935 episcopis
449 1900 517 1932 suis,
529 1900 680 1927 volentibus
700 1903 747 1923 eos
763 1895 795 1922 ad
810 1896 941 1922 honorem
953 1902 1012 1921 am-

225 1946 338 1980 pliorem
353 1945 428 1981 [μηδι.
445 1944 596 1980 meliorem]
614 1945 640 1972 in
654 1952 703 1972 sua
715 1942 828 1971 ecclesia
840 1947 1009 1975 promovere,

226 2000 276 2020 nec
300 1992 355 2019 illic
378 1991 534 2021 ministrent
558 1992 585 2018 in
609 1992 692 2027 gradu
711 1999 773 2026 suo,
797 1987 867 2014 unde
884 1987 1011 2015 recedere

224 2037 379 2066 noluerunt.

489 2136 585 2164 Basilii
595 2145 680 2164 canon
704 2137 748 2164 10.

258 2183 302 2210 10.
317 2183 368 2215 Qui
383 2183 477 2217 jnrant
493 2191 523 2210 se
546 2183 745 2210 ordinationem
762 2191 815 2210 non
836 2189 1006 2219 accepturos,

221 2226 370 2262 ejurautes.
395 2235 429 2254 ne
451 2231 583 2261 cogantur
602 2226 733 2261 peierare.
746 2226 803 2255 Etsi
816 2227 887 2254 enim
900 2228 1009 2255 videtur

801 191 932 221 ΡΗΟΤΙΙ
953 190 1202 223 ΡΑΤΒῖΑΒΟΗίΕ
1222 195 1279 227 CP.

1799 194 1851 226 504

1237 254 1371 281 Συνόδου
1385 255 1507 287 Νικαίας
1522 253 1622 280 κανὼν
1639 257 1675 281 α’.

1098 301 1134 325 α’.
1151 297 1186 325 ΕΙ
1198 307 1239 331 τις
1256 301 1286 326 ὲν
1308 299 1378 334 νόσῳ
1401 298 1454 326 ὑπὸ
1480 299 1581 334 ίατρῶν
1603 299 1811 335 ὲχειρουργήϐη,
1832 301 1849 335 ἢ

1064 344 1116 370 ὑπὸ
1127 343 1272 379 βαρϐάρων
1281 344 1428 378 ἐξετμὴθη,
1442 339 1519 375 οὗτος
1535 343 1639 379 μενέτω
1650 344 1680 370 ὲν
1690 343 1729 378 τῷ
1744 345 1849 380 κλήρῳ

1063 390 1088 416 εί
1101 390 1130 417 δέ
1144 398 1184 422 τις
1198 390 1327 424 ὑγιαίνων
1342 391 1438 417 ἑαυτὸν
1454 391 1576 425 ἐξέτεμε,
1591 390 1685 417 τοῦτον
1707 391 1754 418 καὶ
1767 392 1796 417 ὲν
1810 391 1850 426 τῷ

1064 435 1157 470 κλήρῳ
1181 435 1385 469 ἐξεταζόμενον,
1402 434 1558 461 πεπαῦσθαι
1576 435 1726 469 προσήκει·
1753 434 1800 460 καὶ
1816 435 1850 461 ἐκ

1063 479 1111 505 τοῦ
1125 479 1215 515 δεῦρο,
1235 479 1334 514 μηδένα
1347 479 1400 505 τῶν
1415 478 1543 505 τοιούτων
1556 479 1654 514 χρῆναι
1668 479 1849 513 προάγεσθαι,

1064 526 1168 560 Ὥσπερ
1183 526 1211 552 δὲ
1223 525 1302 552 τοῦτο
1317 525 1460 559 πρόδηλον,
1474 525 1515 551 ὅτι
1533 525 1598 560 περὶ
1610 524 1664 552 τῶν
1675 524 1850 560 ἑπιτηδευόν-

1062 579 1117 597 των
1128 570 1159 596 τδ
1171 571 1298 605 πρᾶγμα,
1323 570 1371 597 καὶ
1385 569 1548 604 τολμώντων
1570 569 1685 601 ἑαυτοὺς
1707 569 1849 604 ἐκτέμνειν

1062 614 1171 648 εἴρηται
1182 623 1190 630 ·
1206 614 1293 646 οὕτως
1315 614 1342 640 el
1353 623 1425 646 τινες
1446 614 1498 641 ὑπὸ
1512 613 1659 650 βαρϐάρων
1679 615 1695 649 ἢ
1710 614 1848 641 δεσποτῶν

1062 659 1283 695 εὐνουχίσθησαν,
1312 660 1481 694 εὑρίσκοιντο
1505 660 1533 686 δὲ
1557 659 1644 691 ἄλλως
1670 659 1760 693 ἄξιοι,
1783 660 1847 691 τοὺς

1060 705 1198 736 τοιούτους
1215 706 1254 737 εις
1270 705 1369 740 κλῆρον
1381 705 1523 740 προσίεται
1537 707 1551 732 ὸ
1565 706 1665 732 κανών.

1101 751 1132 778 '0
1145 751 1283 782 πολιτικὸς
1295 752 1375 785 νόμος
1390 751 1452 783 τοὺς
1468 751 1607 786 ἑαυτοὺςῆ
1624 751 1734 786 ἐτέρους
1753 751 1846 778 εὐνου-

1061 797 1185 832 χιζοντας
1198 797 1332 832 διαφόρως
1347 798 1518 832 τιμωρεῖται,
1535 797 1600 823 ποτὲ
1616 797 1666 832 μὲν
1678 796 1845 831 κεφαλικῶς,

1061 843 1126 870 ποτὲ
1139 843 1166 869 δὲ
1179 842 1308 878 δημεύσει
1324 843 1372 869 καὶ
1394 843 1494 878 ὲξορίᾳ,
1513 843 1579 869 ποτὲ
1593 843 1622 869 δὲ
1636 842 1825 878 ταυτοπαοείᾳ
1837 850 1846 858 ο

1060 888 1174 915 καθόλου
1189 889 1243 924 γὰρ
1260 889 1289 916 ὲν
1302 890 1334 924 τῇ
1351 887 1475 923 πολιτείᾳ.
1488 888 1577 922 ήμῶν,
1593 888 1688 915 οὐδένα
1711 888 1849 923 συγχωρεῖ

1059 935 1262 971 εὖνουχίζεσοαι
1273 943 1280 951 ·
1296 935 1365 962 ἀλλὰ
1380 935 1454 970 παρὰ
1470 934 1617 970 βαρϐάροις
1633 935 1723 969 μόνοις
1741 933 1846 970 βαρϐά-

1060 990 1134 1018 ρους.
1151 982 1182 1008 Ei
1196 981 1224 1008 δέ
1237 990 1278 1013 τις
1292 981 1356 1016 παρ’
1374 982 1439 1016 ἡμῖν
1456 981 1627 1016 εὐνουχισοῇ,
1645 981 1847 1016 ἐλευθεροῦται,

1058 1027 1138 1062 εἴπερ
1150 1025 1184 1063 ἦν
1197 1026 1299 1060 δοῦλος,
1314 1027 1365 1053 κᾶν
1379 1026 1423 1053 διὰ
1437 1027 1513 1053 νόσον
1534 1026 1692 1062 εὐνουχισθῇ
1704 1034 1712 1042 ·
1729 1026 1767 1057 ὡς
1788 1027 1847 1060 βισ,

1058 1071 1136 1098 δ’τοῦ
1163 1071 1226 1098 κωδ.
1243 1072 1296 1098 τίτ.
1324 1071 1368 1106 μβ¹
1384 1071 1454 1100 διάτ.
1478 1074 1502 1098 α’
1516 1071 1562 1098 καὶ
1588 1071 1621 1106 β’,
1640 1071 1688 1098 καὶ
1714 1070 1768 1105 βιὸ.
1788 1074 1846 1107 μη’,

1058 1127 1111 1145 τιτ.
1126 1121 1162 1153 η’,
1177 1117 1246 1145 διάτ.
1267 1116 1291 1152 γ’
1302 1117 1323 1144 δ’
1334 1120 1354 1144 ε’
1373 1117 1400 1149 ς’
1417 1120 1451 1144 ια’
1461 1124 1468 1133 ·
1490 1117 1537 1144 καὶ
1558 1117 1587 1143 ὲν
1603 1117 1637 1152 τῇ
1654 1116 1719 1152 περὶ
1733 1116 1786 1143 τῶν
1799 1116 1848 1142 εὖ-

1058 1164 1236 1198 νουχιζόντων
1249 1173 1265 1200 ρ
1269 1172 1284 1197 μ
1290 1163 1312 1198 β’
1327 1171 1375 1189 νεα
1379 1164 1423 1198 ρᾷ.

1089 1210 1216 1238 ΚΕΦΛΛ.
1231 1209 1387 1244 ΙΕ’.-Περὶ
1398 1208 1450 1236 τοῦ
1463 1207 1705 1243 δαιμονιζόμενον
1713 1206 1757 1243 μὴ
1771 1209 1846 1242 ialm

1055 1255 1193 1289 ροῦσθαι.

1121 1316 1123 1318 -
1268 1301 1459 1327 Ἀποστόλων
1477 1299 1578 1327 κανὼν
1591 1299 1639 1327 οϐ’.

1092 1346 1140 1373 οϐ’.
1162 1346 1224 1373 Ἐάν
1235 1355 1276 1378 τις
1289 1346 1404 1381 δαίμονα
1426 1346 1487 1382 ἔχῃ,
1508 1345 1639 1382 κληρικδς
1657 1345 1695 1382 μὴ
1714 1344 1845 1380 γινέσθω,

1058 1390 1126 1418 ἀλλὰ
1143 1391 1180 1426 μὴ
1202 1391 1232 1419 δὲ
1249 1392 1307 1423 τοῖς
1332 1392 1437 1423 πιστοῖς
1458 1391 1648 1426 συνευχέσϐωο
1671 1389 1848 1426 καθαρισθεὶς

1058 1435 1102 1470 δὲξ
1114 1437 1304 1472 προσδεχέσθω
1315 1445 1322 1452 ·
1338 1437 1386 1464 καὶ
1404 1437 1480 1473 ἐὰνῆ
1496 1437 1580 1470 ἄξιος,
1592 1436 1719 1470 γινέσθω.

1096 1483 1221 1511 ΚΕΦΑΔ.
1240 1483 1297 1516 IG'.
1308 1497 1343 1504 ——
1353 1483 1422 1517 Περὶ
1437 1483 1489 1510 τοῦ
1502 1482 1544 1517 μὴ
1558 1481 1791 1516 πειθαρχοῦηος
1807 1480 1849 1514 τῷ

1061 1528 1124 1561 ὶδίῳ
1151 1529 1321 1562 ἐπισκόπῳ,
1347 1529 1524 1565 ,βουλομένῳ
1550 1528 1731 1563 χειροτονεῖν
1753 1527 1848 1555 αὐτὸν

1061 1575 1104 1607 εὶς
1115 1571 1235 1610 μείζονα
1247 1575 1377 1610 βιιθιιόν.

1184 1621 1319 1649 Συνόδου
1334 1621 1544 1656 Καρθσγέννης
1558 1621 1658 1648 κανὼν
1672 1620 1723 1647 λα’.

1096 1667 1147 1696 λα’.
1169 1668 1233 1694 Ἐάν
1254 1676 1296 1698 τις
1311 1667 1441 1702 κληρικὺς
1465 1667 1497 1692 ὲκ
1512 1666 1567 1692 τῶν
1591 1665 1663 1692 ἰδίων
1689 1664 1848 1693 ἐπισκόπων

1062 1714 1294 1750 προϐιὸαζόμενος
1316 1714 1487 1749 κατωρρονῇ,
1512 1713 1579 1748 μηδὲ
1599 1713 1659 1738 ἐκεῖ
1681 1712 1759 1747 μείνῃ
1784 1710 1849 1738 ὅθεν

1062 1760 1238 1795 ἀναχωρῆσαι
1253 1759 1302 1785 οὐκ
1317 1759 1459 1793 ἠθέλησεν.

1102 1804 1217 1840 Ὁμοίως
1231 1804 1338 1839 ῆρεσεν,
1358 1804 1401 1831 ἵνα
1417 1804 1567 1840 οίοιδήποτε
1580 1803 1707 1839 κληρικοὶ
1724 1803 1772 1830 καὶ
1785 1803 1851 1830 διά-

1061 1860 1145 1884 κονοι,
1167 1851 1213 1877 ἐὰν
1230 1851 1268 1886 μὴ
1294 1850 1462 1886 πειθαρχῶσι
1479 1851 1535 1881 τοῖς
1560 1850 1719 1881 ἐπισκόποις
1744 1851 1847 1884 αὐτῶν,

1061 1896 1231 1932 βουλομένοις
1242 1896 1287 1923 διὰ
1294 1905 1370 1927 τινας
1387 1896 1589 1930 ὰναγκαστικὰς
1608 1896 1698 1928 αἰτίας
1712 1896 1765 1922 τῶν
1783 1897 1848 1923 Ἐκ-

1061 1943 1180 1977 κλησιῶν
1202 1942 1292 1969 αὐτῶν
1306 1941 1417 1974 τούτους
1439 1943 1506 1977 πρὸς
1532 1942 1658 1978 μείζονας
1682 1942 1849 1971 ἁναὸιῦάσαι

1060 1988 1143 2022 τιμὰς
1163 1988 1191 2014 ἐν
1209 1989 1242 2022 τῇ
1263 1987 1412 2023 Ἐκκλησία
1436 1987 1537 2019 αὐτῶν,
1560 1988 1627 2023 μηδὲ
1644 1988 1674 2014 ὲν
1697 1988 1793 2022 ἐκείνῳ
1807 1987 1849 2022 τῷ

1061 2034 1158 2070 βαθμῷ
1182 2034 1390 2069 διακονήσωσιν,
1411 2034 1440 2068 ἐξ
1459 2031 1489 2061 οὗ
1513 2034 1690 2070 ἀναχωρῆσαι
1714 2034 1764 2060 οὐκ
1782 2034 1850 2068 ἠθέ-

1059 2081 1155 2115 λησαν.

1294 2127 1456 2153 Βασιλείου
1469 2126 1570 2152 κανὼν
1581 2129 1606 2153 ι’.

1094 2178 1119 2202 ι’.
1133 2175 1165 2201 υἱ
1177 2172 1324 2209 ὀμνύοντες
1338 2173 1376 2206 μὴ
1392 2172 1590 2206 καταδέχεσθαι
1605 2171 1654 2207 τὴν
1666 2172 1847 2206 χειροτονία-ιι,

1057 2219 1237 2254 ὲξομνύμενοι
1257 2218 1293 2254 μὴ
1314 2217 1564 2252 ἁναγκαζὲσθωσαν
1583 2218 1731 2252 ἐπιορκεῖν.
1745 2217 1775 2243 Εἰ
1790 2217 1850 2253 γὰρ

223 2273 322 2308 aliquis
334 2281 395 2301 esse
414 2280 514 2305 canon,
527 2272 573 2307 qui
584 2272 719 2307 ejusmodi
738 2272 896 2300 hominibus
909 2280 1007 2300 conce-

1065 2264 1106 2291 καὶ
1121 2264 1194 2290 δοκεῖ
1219 2272 1260 2294 τις
1273 2260 1343 2289 εἶναι
1363 2262 1452 2289 κανὼν
1475 2263 1489 2288 ὁ
1515 2261 1663 2297 συγχωρῶν
1687 2263 1742 2293 τοῖς
1757 2262 1850 2288 τοιού-

222 2320 270 2347 dat
283 2329 289 2352 ;
305 2319 472 2354 experientia
497 2323 587 2346 tamen
612 2318 791 2353 cognovimus
802 2326 849 2346 eos
863 2314 918 2354 qui.
932 2320 1006 2353 peje-

222 2370 329 2397 rarunt,
356 2364 449 2392 felices
474 2365 563 2392 exitus
585 2372 638 2392 non
657 2363 768 2391 habere.
797 2364 1004 2392 Considerandu

223 2416 313 2438 autem
336 2415 400 2438 sunt
428 2414 455 2437 et
476 2409 580 2444 species
601 2409 793 2444 jurisjurandi,
815 2416 842 2437 et
862 2410 955 2441 verba.
980 2416 1007 2437 et

222 2456 332 2483 animus
357 2463 412 2490 quo
432 2456 602 2490 iuraverunt,
625 2459 650 2482 et
669 2455 806 2490 sigillatim
831 2463 892 2489 quae
917 2455 1007 2482 verbis

223 2502 313 2529 addita
326 2501 445 2533 filerunt,
464 2501 532 2527 adeo
546 2505 575 2527 ut
596 2500 618 2528 si
635 2501 708 2528 nulla
729 2507 842 2534 prorsus
861 2500 898 2527 sit
913 2500 951 2527 rei
965 2500 1006 2527 le-

222 2545 329 2573 niendae
343 2545 424 2579 ratio,
449 2545 516 2572 tales
533 2545 645 2571 omnino
663 2543 815 2571 dimittendi
837 2544 902 2571 sint.
928 2543 1005 2576 Quod

222 2593 313 2616 autem
329 2588 426 2615 attinet
441 2588 474 2615 ad
487 2587 580 2615 Severi
598 2587 747 2622 negotium,
760 2586 884 2614 videlicet
895 2587 928 2614 ad
943 2595 1005 2622 pre-

223 2633 362 2667 sbyterum
378 2631 412 2659 ab
425 2632 486 2667 ipso
500 2632 667 2663 ordinatum,
682 2631 790 2659 videtur
807 2630 865 2657 nihi
881 2638 924 2658 res
937 2635 1005 2657 tem-

223 2680 408 2711 peramentum
430 2675 565 2708 ejusmodi
587 2675 697 2706 habere,
715 2675 738 2702 si
759 2674 830 2701 idem
848 2678 875 2701 et
899 2675 946 2700 tibi
964 2675 1006 2700 vi-

222 2722 329 2749 deatur.
342 2721 442 2755 Agrum
455 2721 530 2748 illum
541 2719 656 2747 Ilisthize
667 2719 833 2754 subjectum,
845 2719 888 2746 cui
903 2719 950 2746 ille
966 2720 1006 2746 vir

223 2767 347 2795 addictus
365 2767 425 2798 fuit,
449 2767 514 2801 julae
534 2765 651 2793 Vasodis
666 2766 788 2793 subesse.
807 2765 853 2793 Sic
872 2765 944 2792 enim
958 2773 1008 2792 nec

225 2811 357 2852 peierabit
376 2812 420 2839 ille
435 2819 450 2838 a
470 2811 530 2838 loco
544 2818 598 2837 non
623 2810 763 2843 recedens,
789 2818 839 2844 nec
855 2811 1006 2845 Longinus,

223 2865 313 2894 szcum
330 2857 433 2885 Italicus
458 2857 613 2892 Cyriacum.
630 2857 657 2883 in
675 2863 757 2884 causa
771 2857 823 2883 erit
834 2865 884 2886 cur
900 2857 1007 2884 deserta

1058 2315 1125 2340 τοις,
1141 2306 1210 2333 ἀλλὰ
1237 2307 1320 2342 πείρᾳ
1336 2306 1505 2341 ἐγνώκαμεν,
1524 2307 1565 2333 ὅτι
1586 2307 1636 2336 οὐκ
1651 2306 1806 2334 εὐοδοῦνται
1820 2309 1849 2334 οι

1059 2354 1293 2388 παρορκήσαντες.
1320 2352 1435 2379 Σκοπεῐν
1463 2352 1491 2378 δὲ
1520 2351 1560 2378 δεῖ
1583 2353 1631 2379 καὶ
1657 2352 1688 2378 τὸ
1702 2351 1770 2384 εῐδος
1797 2353 1848 2379 τοῦ

1060 2398 1153 2433 ὅρκου,
1173 2398 1220 2424 καὶ
1234 2398 1268 2424 τὰ
1280 2397 1402 2432 ῥήματα,
1415 2397 1463 2423 καὶ
1473 2397 1522 2432 τὴν
1536 2397 1656 2427 διάθεσιν
1670 2398 1716 2432 ἀφ’
1728 2395 1762 2433 ἦς
1772 2398 1851 2432 όμω-

1063 2445 1175 2478 μόκασι,
1192 2443 1239 2470 καὶ
1253 2443 1304 2474 τὰς
1323 2443 1394 2469 κατὰ
1408 2443 1505 2469 λεπτὸν
1524 2444 1553 2469 ὲν
1569 2443 1625 2474 τοῖς
1641 2443 1743 2478 ῥήμασι
1759 2451 1849 2477 προσ-ι

1058 2490 1155 2524 θήκας·
1167 2490 1203 2520 ὡς
1214 2489 1261 2514 ἐὰν
1278 2486 1420 2524 μηδεμίαῇ
1435 2488 1591 2523 μηδαμόθεν
1602 2488 1776 2523 παραμυθία,
1791 2489 1848 2527 χρὴ

1058 2536 1197 2568 παντελῶς
1208 2537 1255 2571 ὲᾷν
1266 2537 1328 2567 τοὺς
1335 2535 1482 2567 τοιούτους.
1493 2535 1530 2562 Τὸ
1538 2536 1588 2570 μέν
1596 2544 1637 2563 τοι
1648 2536 1718 2562 κατὰ
1725 2537 1794 2571 Σεϐῆ
1800 2545 1849 2571 ρον

1057 2583 1184 2618 πρᾶγμα,
1197 2582 1256 2617 ἢτοι
1265 2582 1310 2608 τὸν
1320 2582 1372 2608 ὑπὸ
1381 2581 1475 2608 τούτου
1487 2581 1709 2617 χειροτονηθέντα
1725 2583 1851 2618 πρεσὸύ-

1057 2637 1147 2663 τερον,
1162 2628 1290 2662 τοιαύτην
1301 2627 1362 2655 τινά
1374 2636 1417 2662 μοι
1442 2628 1517 2654 δοκεῖ
1533 2628 1710 2663 παραμυθίαν
1720 2628 1804 2663 ἔχειν,
1822 2630 1850 2656 εἰ

1054 2675 1150 2702 καὶσοὶ
1162 2674 1303 2700 συνδοκεῖ·
1316 2674 1362 2700 τὸν
1378 2674 1464 2709 ἁγρδν
1486 2675 1591 2701 ὲκεῖνον
1606 2674 1652 2700 τὸν
1668 2675 1850 2708 ἐπικείμενον

1054 2723 1088 2757 τῇ
1114 2720 1228 2756 Μισθίᾳ,
1246 2717 1268 2753 ᾦ
1301 2719 1503 2755 ἐπεκηρύχοηὸ
1537 2719 1692 2755 ἄνθρωπος,
1716 2720 1851 2748 κέλευσον

1056 2766 1202 2798 Ούασόδοις
1230 2765 1380 2795 ὑποτελεῖν.
1393 2765 1472 2792 Οὕτω
1492 2765 1546 2800 γὰρ
1562 2767 1687 2798 κάκεῖνος
1697 2761 1727 2792 οὗ
1739 2775 1851 2802 παρορ-

1056 2813 1146 2847 κήσει,
1159 2811 1196 2846 μὴ
1209 2811 1356 2846 ἀναχωρῶν
1370 2810 1417 2837 τοῦ
1430 2810 1512 2836 τόπου
1522 2818 1529 2825 ”
1544 2810 1611 2836 καὶὸ
1626 2810 1756 2844 Λογγῖνος
1777 2811 1851 2846 ἔχων

1056 2856 1103 2882 τὸν
1117 2856 1255 2889 κυριακὸν
1267 2855 1324 2889 μεθ’
1337 2854 1446 2887 ἑαυτοῦ,
1455 2855 1504 2880 οὐκ
1516 2853 1655 2889 ἐρημώσει
1665 2855 1714 2890 τὴν
1729 2855 1831 2891 Ίείκειλιζ

259 2911 283 2937 i’.
296 2911 423 2947 carthag.
442 2921 481 2945 ιιι,
498 2919 557 2947 cap.
576 2912 611 2939 49
628 2918 654 2939 et
669 2912 710 2945 l2,
724 2916 820 2955 quaest.
839 2912 866 2945 5,
889 2919 948 2947 cap.
972 2912 1001 2943 1;
1023 2911 1150 2947 C-arthag.
1173 2920 1212 2944 nl,
1232 2919 1291 2951 cap.
1309 2910 1341 2937 1.9
1357 2916 1382 2939 ct
1400 2911 1442 2942 12,
1461 2915 1555 2945 quaest.
1570 2910 1597 2942 3,
1615 2917 1675 2947 cap.
1694 2910 1719 2938 l.
