  <div class='ocr_page' id='page_1' title='image "/cluster/home/n/w/nwhite01/storage/ocr_20150623/104/njp.32101077772885/259.png"; bbox 0 0 1951 3081; ppageno 0'>
   <div class='ocr_carea' id='block_1_1' title="bbox 186 193 237 225">
    <p class='ocr_par' dir='ltr' id='par_1_1' title="bbox 186 193 237 225">
     <span class='ocr_line' id='line_1_1' title="bbox 186 193 237 225; baseline 0 0"><span class='ocrx_word' id='word_1_1' title='bbox 186 193 237 225; x_wconf 74' lang='lat'><strong>50&#39;?</strong></span> 
     </span>
    </p>
   </div>
   <div class='ocr_carea' id='block_1_2' title="bbox 718 193 1236 227">
    <p class='ocr_par' dir='ltr' id='par_1_2' title="bbox 718 193 1236 227">
     <span class='ocr_line' id='line_1_2' title="bbox 718 193 1236 227; baseline 0.006 -4"><span class='ocrx_word' id='word_1_2' title='bbox 718 219 720 221; x_wconf 98' lang='lat'><strong>.</strong></span> <span class='ocrx_word' id='word_1_3' title='bbox 760 193 891 224; x_wconf 84' lang='lat' dir='ltr'><strong>PHOTII</strong></span> <span class='ocrx_word' id='word_1_4' title='bbox 910 194 1163 226; x_wconf 61' lang='lat' dir='ltr'><strong>PATRIARCHAS</strong></span> <span class='ocrx_word' id='word_1_5' title='bbox 1182 195 1236 227; x_wconf 74' lang='grc' dir='ltr'><strong>(ΣΡ.</strong></span> 
     </span>
    </p>
   </div>
   <div class='ocr_carea' id='block_1_3' title="bbox 1769 195 1822 226">
    <p class='ocr_par' dir='ltr' id='par_1_3' title="bbox 1769 195 1822 226">
     <span class='ocr_line' id='line_1_3' title="bbox 1769 195 1822 226; baseline -0.019 0"><span class='ocrx_word' id='word_1_6' title='bbox 1769 195 1822 226; x_wconf 76' lang='lat'><strong>508</strong></span> 
     </span>
    </p>
   </div>
   <div class='ocr_carea' id='block_1_4' title="bbox 187 249 984 288">
    <p class='ocr_par' dir='ltr' id='par_1_4' title="bbox 187 249 977 285">
     <span class='ocr_line' id='line_1_4' title="bbox 187 249 977 285; baseline 0.001 -8"><span class='ocrx_word' id='word_1_7' title='bbox 187 250 311 277; x_wconf 88' lang='lat' dir='ltr'><strong>muneris</strong></span> <span class='ocrx_word' id='word_1_8' title='bbox 325 250 473 285; x_wconf 75' lang='lat' dir='ltr'><strong>particeps,</strong></span> <span class='ocrx_word' id='word_1_9' title='bbox 489 249 640 277; x_wconf 85' lang='lat' dir='ltr'><strong>dummodo</strong></span> <span class='ocrx_word' id='word_1_10' title='bbox 658 250 760 277; x_wconf 86' lang='lat' dir='ltr'><strong>nullam</strong></span> <span class='ocrx_word' id='word_1_11' title='bbox 786 251 869 278; x_wconf 81' lang='lat' dir='ltr'><strong>rebus</strong></span> <span class='ocrx_word' id='word_1_12' title='bbox 883 251 977 278; x_wconf 86' lang='lat' dir='ltr'><strong>Eccle-</strong></span> 
     </span>
    </p>
   </div>
   <div class='ocr_carea' id='block_1_5' title="bbox 1042 249 1822 288">
    <p class='ocr_par' dir='ltr' id='par_1_5' title="bbox 1045 249 1822 288">
     <span class='ocr_line' id='line_1_5' title="bbox 1045 249 1822 288; baseline -0.003 -10"><span class='ocrx_word' id='word_1_13' title='bbox 1045 251 1125 279; x_wconf 80' lang='grc' dir='ltr'>οὖτον</span> <span class='ocrx_word' id='word_1_14' title='bbox 1149 252 1271 287; x_wconf 76' lang='grc' dir='ltr'><strong>μετέχειν</strong></span> <span class='ocrx_word' id='word_1_15' title='bbox 1285 252 1336 286; x_wconf 82' lang='grc' dir='ltr'>τῆς</span> <span class='ocrx_word' id='word_1_16' title='bbox 1359 252 1442 288; x_wconf 83' lang='grc' dir='ltr'>τιμῆς</span> <span class='ocrx_word' id='word_1_17' title='bbox 1465 251 1513 279; x_wconf 75' lang='grc' dir='ltr'>καὶ</span> <span class='ocrx_word' id='word_1_18' title='bbox 1537 249 1710 286; x_wconf 78' lang='grc' dir='ltr'><strong>λειτουργίας</strong></span> <span class='ocrx_word' id='word_1_19' title='bbox 1732 251 1822 285; x_wconf 81' lang='grc' dir='ltr'>μόνον.</span> 
     </span>
    </p>
   </div>
   <div class='ocr_carea' id='block_1_6' title="bbox 187 296 976 331">
    <p class='ocr_par' dir='ltr' id='par_1_6' title="bbox 187 296 976 331">
     <span class='ocr_line' id='line_1_6' title="bbox 187 296 976 331; baseline 0.001 -8"><span class='ocrx_word' id='word_1_20' title='bbox 187 297 245 329; x_wconf 72' lang='lat' dir='ltr'><strong>size,</strong></span> <span class='ocrx_word' id='word_1_21' title='bbox 265 297 357 331; x_wconf 83' lang='lat' dir='ltr'><strong>inqua</strong></span> <span class='ocrx_word' id='word_1_22' title='bbox 372 297 508 329; x_wconf 79' lang='lat' dir='ltr'><strong>cunvenit,</strong></span> <span class='ocrx_word' id='word_1_23' title='bbox 534 296 690 324; x_wconf 75' lang='lat' dir='ltr'><strong>molestiam</strong></span> <span class='ocrx_word' id='word_1_24' title='bbox 711 296 817 324; x_wconf 78' lang='lat' dir='ltr'><strong>aﬂ‘erat.</strong></span> <span class='ocrx_word' id='word_1_25' title='bbox 839 297 865 324; x_wconf 90' lang='lat' dir='ltr'><strong>Is</strong></span> <span class='ocrx_word' id='word_1_26' title='bbox 885 301 976 324; x_wconf 86' lang='lat' dir='ltr'><strong>autem</strong></span> 
     </span>
    </p>
   </div>
   <div class='ocr_carea' id='block_1_7' title="bbox 188 342 978 377">
    <p class='ocr_par' dir='ltr' id='par_1_7' title="bbox 188 342 978 377">
     <span class='ocr_line' id='line_1_7' title="bbox 188 342 978 377; baseline 0 -7"><span class='ocrx_word' id='word_1_27' title='bbox 188 343 214 370; x_wconf 89' lang='lat' dir='ltr'><strong>id</strong></span> <span class='ocrx_word' id='word_1_28' title='bbox 233 343 375 377; x_wconf 79' lang='lat' dir='ltr'><strong>suscipiat,</strong></span> <span class='ocrx_word' id='word_1_29' title='bbox 400 343 472 377; x_wconf 90' lang='lat' dir='ltr'><strong>quod</strong></span> <span class='ocrx_word' id='word_1_30' title='bbox 492 342 611 377; x_wconf 80' lang='lat' dir='ltr'><strong>perfecta</strong></span> <span class='ocrx_word' id='word_1_31' title='bbox 635 342 784 377; x_wconf 68' lang='lat' dir='ltr'><strong>provinciae</strong></span> <span class='ocrx_word' id='word_1_32' title='bbox 798 343 930 377; x_wconf 87' lang='lat' dir='ltr'><strong>synodus,</strong></span> <span class='ocrx_word' id='word_1_33' title='bbox 945 350 978 370; x_wconf 86' lang='lat' dir='ltr'><strong>eo</strong></span> 
     </span>
    </p>
   </div>
   <div class='ocr_carea' id='block_1_8' title="bbox 188 388 837 424">
    <p class='ocr_par' dir='ltr' id='par_1_8' title="bbox 188 388 837 424">
     <span class='ocr_line' id='line_1_8' title="bbox 188 388 837 424; baseline -0.003 -8"><span class='ocrx_word' id='word_1_34' title='bbox 188 389 260 424; x_wconf 89' lang='lat' dir='ltr'><strong>quod</strong></span> <span class='ocrx_word' id='word_1_35' title='bbox 275 388 308 416; x_wconf 81' lang='lat' dir='ltr'><strong>ad</strong></span> <span class='ocrx_word' id='word_1_36' title='bbox 320 397 350 416; x_wconf 84' lang='lat' dir='ltr'><strong>se</strong></span> <span class='ocrx_word' id='word_1_37' title='bbox 361 389 474 416; x_wconf 78' lang='lat' dir='ltr'><strong>allatum</strong></span> <span class='ocrx_word' id='word_1_38' title='bbox 488 393 529 416; x_wconf 84' lang='lat' dir='ltr'><strong>est</strong></span> <span class='ocrx_word' id='word_1_39' title='bbox 546 388 680 421; x_wconf 83' lang='lat' dir='ltr'><strong>judicato,</strong></span> <span class='ocrx_word' id='word_1_40' title='bbox 700 388 837 415; x_wconf 83' lang='lat' dir='ltr'><strong>statuerit.</strong></span> 
     </span>
    </p>
   </div>
   <div class='ocr_carea' id='block_1_9' title="bbox 225 477 979 513">
    <p class='ocr_par' dir='ltr' id='par_1_9' title="bbox 225 477 979 513">
     <span class='ocr_line' id='line_1_9' title="bbox 225 477 979 513; baseline 0.001 -9"><span class='ocrx_word' id='word_1_41' title='bbox 225 478 279 513; x_wconf 78' lang='lat'><strong>58</strong></span> <span class='ocrx_word' id='word_1_42' title='bbox 293 478 369 505; x_wconf 77' lang='lat' dir='ltr'><strong>CAP.</strong></span> <span class='ocrx_word' id='word_1_43' title='bbox 389 477 483 505; x_wconf 78' lang='lat' dir='ltr'><strong>XVIII.</strong></span> <span class='ocrx_word' id='word_1_44' title='bbox 503 492 538 497; x_wconf 92' lang='lat'><strong>—</strong></span> <span class='ocrx_word' id='word_1_45' title='bbox 555 477 632 510; x_wconf 85' lang='lat' dir='ltr'><strong>Quod</strong></span> <span class='ocrx_word' id='word_1_46' title='bbox 659 477 780 504; x_wconf 83' lang='lat' dir='ltr'><strong>morienti</strong></span> <span class='ocrx_word' id='word_1_47' title='bbox 793 477 912 512; x_wconf 78' lang='lat' dir='ltr'><strong>episcopo</strong></span> <span class='ocrx_word' id='word_1_48' title='bbox 926 486 979 505; x_wconf 85' lang='lat' dir='ltr'><strong>non</strong></span> 
     </span>
    </p>
   </div>
   <div class='ocr_carea' id='block_1_10' title="bbox 190 523 623 558">
    <p class='ocr_par' dir='ltr' id='par_1_10' title="bbox 190 523 623 558">
     <span class='ocr_line' id='line_1_10' title="bbox 190 523 623 558; baseline 0 -8"><span class='ocrx_word' id='word_1_49' title='bbox 190 523 249 550; x_wconf 82' lang='lat' dir='ltr'><strong>licet</strong></span> <span class='ocrx_word' id='word_1_50' title='bbox 271 524 353 550; x_wconf 80' lang='lat' dir='ltr'><strong>altum</strong></span> <span class='ocrx_word' id='word_1_51' title='bbox 372 532 420 558; x_wconf 82' lang='lat' dir='ltr'><strong>pro</strong></span> <span class='ocrx_word' id='word_1_52' title='bbox 444 531 471 550; x_wconf 74' lang='lat' dir='ltr'><strong>se</strong></span> <span class='ocrx_word' id='word_1_53' title='bbox 489 525 623 550; x_wconf 82' lang='lat' dir='ltr'><strong>ordinare.</strong></span> 
     </span>
    </p>
   </div>
   <div class='ocr_carea' id='block_1_11' title="bbox 405 568 757 603">
    <p class='ocr_par' dir='ltr' id='par_1_11' title="bbox 405 568 757 603">
     <span class='ocr_line' id='line_1_11' title="bbox 405 568 757 603; baseline 0.009 -9"><span class='ocrx_word' id='word_1_54' title='bbox 405 568 595 603; x_wconf 72' lang='lat' dir='ltr'><strong>Apostolorum</strong></span> <span class='ocrx_word' id='word_1_55' title='bbox 611 577 694 596; x_wconf 84' lang='lat' dir='ltr'><strong>canon</strong></span> <span class='ocrx_word' id='word_1_56' title='bbox 710 569 757 597; x_wconf 87' lang='lat'><strong>76.</strong></span> 
     </span>
    </p>
   </div>
   <div class='ocr_carea' id='block_1_12' title="bbox 223 612 980 649">
    <p class='ocr_par' dir='ltr' id='par_1_12' title="bbox 223 612 980 649">
     <span class='ocr_line' id='line_1_12' title="bbox 223 612 980 649; baseline 0.005 -10"><span class='ocrx_word' id='word_1_57' title='bbox 223 612 259 640; x_wconf 83' lang='lat'><strong>76</strong></span> <span class='ocrx_word' id='word_1_58' title='bbox 279 612 347 649; x_wconf 85' lang='lat'><strong>[78].</strong></span> <span class='ocrx_word' id='word_1_59' title='bbox 366 613 446 646; x_wconf 84' lang='lat' dir='ltr'><strong>Quod</strong></span> <span class='ocrx_word' id='word_1_60' title='bbox 463 621 518 640; x_wconf 93' lang='lat' dir='ltr'><strong>non</strong></span> <span class='ocrx_word' id='word_1_61' title='bbox 533 618 641 648; x_wconf 89' lang='lat' dir='ltr'><strong>oportet</strong></span> <span class='ocrx_word' id='word_1_62' title='bbox 656 613 815 648; x_wconf 87' lang='lat' dir='ltr'><strong>episcopum</strong></span> <span class='ocrx_word' id='word_1_63' title='bbox 833 613 921 647; x_wconf 80' lang='lat' dir='ltr'><strong>fratri,</strong></span> <span class='ocrx_word' id='word_1_64' title='bbox 938 615 980 643; x_wconf 89' lang='lat' dir='ltr'><strong>vel</strong></span> 
     </span>
    </p>
   </div>
   <div class='ocr_carea' id='block_1_13' title="bbox 190 658 981 695">
    <p class='ocr_par' dir='ltr' id='par_1_13' title="bbox 190 658 981 695">
     <span class='ocr_line' id='line_1_13' title="bbox 190 658 981 695; baseline 0.005 -11"><span class='ocrx_word' id='word_1_65' title='bbox 190 658 257 690; x_wconf 81' lang='lat' dir='ltr'><strong>ﬁlio,</strong></span> <span class='ocrx_word' id='word_1_66' title='bbox 272 659 313 686; x_wconf 86' lang='lat' dir='ltr'><strong>vel</strong></span> <span class='ocrx_word' id='word_1_67' title='bbox 336 659 382 687; x_wconf 86' lang='lat' dir='ltr'><strong>alii</strong></span> <span class='ocrx_word' id='word_1_68' title='bbox 416 664 534 695; x_wconf 73' lang='lat' dir='ltr'><strong>cognato</strong></span> <span class='ocrx_word' id='word_1_69' title='bbox 558 659 767 694; x_wconf 75' lang='lat' dir='ltr'><strong>gratiﬁcantem,</strong></span> <span class='ocrx_word' id='word_1_70' title='bbox 785 660 901 687; x_wconf 88' lang='lat' dir='ltr'><strong>humana</strong></span> <span class='ocrx_word' id='word_1_71' title='bbox 915 661 981 688; x_wconf 79' lang='lat' dir='ltr'><strong>aﬂ‘e—</strong></span> 
     </span>
    </p>
   </div>
   <div class='ocr_carea' id='block_1_14' title="bbox 189 705 982 742">
    <p class='ocr_par' dir='ltr' id='par_1_14' title="bbox 189 705 982 742">
     <span class='ocr_line' id='line_1_14' title="bbox 189 705 982 742; baseline 0.003 -9"><span class='ocrx_word' id='word_1_72' title='bbox 189 705 279 733; x_wconf 88' lang='lat' dir='ltr'><strong>ctione</strong></span> <span class='ocrx_word' id='word_1_73' title='bbox 293 706 327 734; x_wconf 84' lang='lat' dir='ltr'><strong>ad</strong></span> <span class='ocrx_word' id='word_1_74' title='bbox 350 706 527 742; x_wconf 83' lang='lat' dir='ltr'><strong>episcopatus</strong></span> <span class='ocrx_word' id='word_1_75' title='bbox 546 706 718 741; x_wconf 78' lang='lat' dir='ltr'><strong>dignitatem,</strong></span> <span class='ocrx_word' id='word_1_76' title='bbox 737 715 818 741; x_wconf 87' lang='lat' dir='ltr'><strong>quem</strong></span> <span class='ocrx_word' id='word_1_77' title='bbox 845 709 911 739; x_wconf 85' lang='lat' dir='ltr'><strong>vult,</strong></span> <span class='ocrx_word' id='word_1_78' title='bbox 933 709 982 736; x_wconf 90' lang='lat' dir='ltr'><strong>eli-</strong></span> 
     </span>
    </p>
   </div>
   <div class='ocr_carea' id='block_1_15' title="bbox 191 752 980 788">
    <p class='ocr_par' dir='ltr' id='par_1_15' title="bbox 191 752 980 788">
     <span class='ocr_line' id='line_1_15' title="bbox 191 752 980 788; baseline 0.003 -9"><span class='ocrx_word' id='word_1_79' title='bbox 191 760 263 787; x_wconf 74' lang='lat' dir='ltr'><strong>gere.</strong></span> <span class='ocrx_word' id='word_1_80' title='bbox 280 752 459 788; x_wconf 78' lang='lat' dir='ltr'><strong>Episcopatus</strong></span> <span class='ocrx_word' id='word_1_81' title='bbox 474 753 546 780; x_wconf 89' lang='lat' dir='ltr'><strong>enitn</strong></span> <span class='ocrx_word' id='word_1_82' title='bbox 563 753 685 780; x_wconf 68' lang='lat' dir='ltr'><strong>ltatredes</strong></span> <span class='ocrx_word' id='word_1_83' title='bbox 701 753 791 780; x_wconf 80' lang='lat' dir='ltr'><strong>facere</strong></span> <span class='ocrx_word' id='word_1_84' title='bbox 801 753 908 788; x_wconf 83' lang='lat' dir='ltr'><strong>justum</strong></span> <span class='ocrx_word' id='word_1_85' title='bbox 926 762 980 781; x_wconf 84' lang='lat' dir='ltr'><strong>non</strong></span> 
     </span>
    </p>
   </div>
   <div class='ocr_carea' id='block_1_16' title="bbox 191 798 981 834">
    <p class='ocr_par' dir='ltr' id='par_1_16' title="bbox 191 798 981 834">
     <span class='ocr_line' id='line_1_16' title="bbox 191 798 981 834; baseline 0.003 -9"><span class='ocrx_word' id='word_1_86' title='bbox 191 803 244 830; x_wconf 81' lang='lat' dir='ltr'><strong>est.</strong></span> <span class='ocrx_word' id='word_1_87' title='bbox 271 805 303 825; x_wconf 87' lang='lat' dir='ltr'><strong>ea</strong></span> <span class='ocrx_word' id='word_1_88' title='bbox 332 806 392 833; x_wconf 67' lang='lat' dir='ltr'><strong>qua:</strong></span> <span class='ocrx_word' id='word_1_89' title='bbox 410 799 459 826; x_wconf 84' lang='lat' dir='ltr'><strong>Dei</strong></span> <span class='ocrx_word' id='word_1_90' title='bbox 482 804 547 826; x_wconf 90' lang='lat' dir='ltr'><strong>sunt</strong></span> <span class='ocrx_word' id='word_1_91' title='bbox 565 799 738 833; x_wconf 79' lang='lat' dir='ltr'><strong>largientem.</strong></span> <span class='ocrx_word' id='word_1_92' title='bbox 762 798 790 826; x_wconf 88' lang='lat' dir='ltr'><strong>Si</strong></span> <span class='ocrx_word' id='word_1_93' title='bbox 807 800 869 834; x_wconf 89' lang='lat' dir='ltr'><strong>quis</strong></span> <span class='ocrx_word' id='word_1_94' title='bbox 889 804 981 827; x_wconf 86' lang='lat' dir='ltr'><strong>autem</strong></span> 
     </span>
    </p>
   </div>
   <div class='ocr_carea' id='block_1_17' title="bbox 192 842 982 878">
    <p class='ocr_par' dir='ltr' id='par_1_17' title="bbox 192 842 982 878">
     <span class='ocr_line' id='line_1_17' title="bbox 192 842 982 878; baseline 0.004 -10"><span class='ocrx_word' id='word_1_95' title='bbox 192 842 244 869; x_wconf 90' lang='lat' dir='ltr'><strong>hoc</strong></span> <span class='ocrx_word' id='word_1_96' title='bbox 261 842 366 875; x_wconf 80' lang='lat' dir='ltr'><strong>fecerit,</strong></span> <span class='ocrx_word' id='word_1_97' title='bbox 388 843 464 869; x_wconf 90' lang='lat' dir='ltr'><strong>irrita</strong></span> <span class='ocrx_word' id='word_1_98' title='bbox 479 843 591 877; x_wconf 84' lang='lat' dir='ltr'><strong>quidem</strong></span> <span class='ocrx_word' id='word_1_99' title='bbox 608 843 706 870; x_wconf 83' lang='lat' dir='ltr'><strong>electio</strong></span> <span class='ocrx_word' id='word_1_100' title='bbox 724 847 846 877; x_wconf 87' lang='lat' dir='ltr'><strong>maneat,</strong></span> <span class='ocrx_word' id='word_1_101' title='bbox 863 843 921 878; x_wconf 85' lang='lat' dir='ltr'><strong>ipse</strong></span> <span class='ocrx_word' id='word_1_102' title='bbox 933 852 982 871; x_wconf 89' lang='lat' dir='ltr'><strong>au-</strong></span> 
     </span>
    </p>
   </div>
   <div class='ocr_carea' id='block_1_18' title="bbox 191 888 610 923">
    <p class='ocr_par' dir='ltr' id='par_1_18' title="bbox 191 888 610 923">
     <span class='ocr_line' id='line_1_18' title="bbox 191 888 610 923; baseline 0.005 -10"><span class='ocrx_word' id='word_1_103' title='bbox 191 891 246 914; x_wconf 83' lang='lat' dir='ltr'><strong>tem</strong></span> <span class='ocrx_word' id='word_1_104' title='bbox 265 888 453 923; x_wconf 75' lang='lat' dir='ltr'><strong>segregatione</strong></span> <span class='ocrx_word' id='word_1_105' title='bbox 469 889 610 915; x_wconf 86' lang='lat' dir='ltr'><strong>multetur.</strong></span> 
     </span>
    </p>
   </div>
   <div class='ocr_carea' id='block_1_19' title="bbox 360 976 810 1006">
    <p class='ocr_par' dir='ltr' id='par_1_19' title="bbox 360 976 810 1006">
     <span class='ocr_line' id='line_1_19' title="bbox 360 976 810 1006; baseline 0.009 -4"><span class='ocrx_word' id='word_1_106' title='bbox 360 976 472 1004; x_wconf 80' lang='lat' dir='ltr'><strong>Concilii</strong></span> <span class='ocrx_word' id='word_1_107' title='bbox 486 977 643 1004; x_wconf 74' lang='lat' dir='ltr'><strong>Amico/teni</strong></span> <span class='ocrx_word' id='word_1_108' title='bbox 660 986 746 1005; x_wconf 73' lang='lat' dir='ltr'><strong>canon</strong></span> <span class='ocrx_word' id='word_1_109' title='bbox 764 978 810 1006; x_wconf 74' lang='lat'><strong>25.</strong></span> 
     </span>
    </p>
   </div>
   <div class='ocr_carea' id='block_1_20' title="bbox 225 1021 979 1058">
    <p class='ocr_par' dir='ltr' id='par_1_20' title="bbox 225 1021 979 1058">
     <span class='ocr_line' id='line_1_20' title="bbox 225 1021 979 1058; baseline 0.007 -10"><span class='ocrx_word' id='word_1_110' title='bbox 225 1021 270 1048; x_wconf 75' lang='grc'><strong>25.</strong></span> <span class='ocrx_word' id='word_1_111' title='bbox 284 1021 338 1049; x_wconf 85' lang='lat' dir='ltr'><strong>Nec</strong></span> <span class='ocrx_word' id='word_1_112' title='bbox 351 1021 430 1049; x_wconf 80' lang='lat' dir='ltr'><strong>liceat</strong></span> <span class='ocrx_word' id='word_1_113' title='bbox 443 1023 572 1058; x_wconf 86' lang='lat' dir='ltr'><strong>episcopo</strong></span> <span class='ocrx_word' id='word_1_114' title='bbox 587 1023 672 1050; x_wconf 85' lang='lat' dir='ltr'><strong>alium</strong></span> <span class='ocrx_word' id='word_1_115' title='bbox 692 1032 742 1058; x_wconf 89' lang='lat' dir='ltr'><strong>pro</strong></span> <span class='ocrx_word' id='word_1_116' title='bbox 749 1032 779 1052; x_wconf 84' lang='lat' dir='ltr'><strong>se</strong></span> <span class='ocrx_word' id='word_1_117' title='bbox 790 1032 979 1053; x_wconf 84' lang='lat' dir='ltr'><strong>successorem</strong></span> 
     </span>
    </p>
   </div>
   <div class='ocr_carea' id='block_1_21' title="bbox 190 1068 980 1105">
    <p class='ocr_par' dir='ltr' id='par_1_21' title="bbox 190 1068 980 1105">
     <span class='ocr_line' id='line_1_21' title="bbox 190 1068 980 1105; baseline 0.005 -11"><span class='ocrx_word' id='word_1_118' title='bbox 190 1068 368 1101; x_wconf 78' lang='lat' dir='ltr'><strong>constituere,</strong></span> <span class='ocrx_word' id='word_1_119' title='bbox 385 1069 492 1096; x_wconf 88' lang='lat' dir='ltr'><strong>etiamsi</strong></span> <span class='ocrx_word' id='word_1_120' title='bbox 510 1069 547 1096; x_wconf 91' lang='lat' dir='ltr'><strong>sit</strong></span> <span class='ocrx_word' id='word_1_121' title='bbox 563 1070 589 1096; x_wconf 92' lang='lat' dir='ltr'><strong>in</strong></span> <span class='ocrx_word' id='word_1_122' title='bbox 606 1069 658 1097; x_wconf 84' lang='lat' dir='ltr'><strong>[ine</strong></span> <span class='ocrx_word' id='word_1_123' title='bbox 674 1071 745 1097; x_wconf 65' lang='lat' dir='ltr'><strong>vitae.</strong></span> <span class='ocrx_word' id='word_1_124' title='bbox 768 1070 796 1097; x_wconf 93' lang='lat' dir='ltr'><strong>Si</strong></span> <span class='ocrx_word' id='word_1_125' title='bbox 808 1071 872 1105; x_wconf 88' lang='lat' dir='ltr'><strong>quid</strong></span> <span class='ocrx_word' id='word_1_126' title='bbox 888 1076 980 1098; x_wconf 89' lang='lat' dir='ltr'><strong>autem</strong></span> 
     </span>
    </p>
   </div>
   <div class='ocr_carea' id='block_1_22' title="bbox 191 1113 980 1148">
    <p class='ocr_par' dir='ltr' id='par_1_22' title="bbox 191 1113 980 1148">
     <span class='ocr_line' id='line_1_22' title="bbox 191 1113 980 1148; baseline 0.006 -9"><span class='ocrx_word' id='word_1_127' title='bbox 191 1113 238 1140; x_wconf 82' lang='lat' dir='ltr'><strong>ﬂat</strong></span> <span class='ocrx_word' id='word_1_128' title='bbox 250 1113 397 1148; x_wconf 82' lang='lat' dir='ltr'><strong>ejusmodi,</strong></span> <span class='ocrx_word' id='word_1_129' title='bbox 412 1115 489 1142; x_wconf 85' lang='lat' dir='ltr'><strong>irrita</strong></span> <span class='ocrx_word' id='word_1_130' title='bbox 505 1115 539 1142; x_wconf 86' lang='lat' dir='ltr'><strong>sit</strong></span> <span class='ocrx_word' id='word_1_131' title='bbox 556 1115 728 1143; x_wconf 90' lang='lat' dir='ltr'><strong>constitutio.</strong></span> <span class='ocrx_word' id='word_1_132' title='bbox 745 1117 874 1144; x_wconf 83' lang='lat' dir='ltr'><strong>Servetur</strong></span> <span class='ocrx_word' id='word_1_133' title='bbox 889 1123 980 1144; x_wconf 84' lang='lat' dir='ltr'><strong>autent</strong></span> 
     </span>
    </p>
   </div>
   <div class='ocr_carea' id='block_1_23' title="bbox 190 1158 981 1194">
    <p class='ocr_par' dir='ltr' id='par_1_23' title="bbox 190 1158 981 1194">
     <span class='ocr_line' id='line_1_23' title="bbox 190 1158 981 1194; baseline 0.006 -9"><span class='ocrx_word' id='word_1_134' title='bbox 190 1158 260 1186; x_wconf 79' lang='lat' dir='ltr'><strong>ritus</strong></span> <span class='ocrx_word' id='word_1_135' title='bbox 273 1159 492 1190; x_wconf 83' lang='lat' dir='ltr'><strong>ecclesiasticus.</strong></span> <span class='ocrx_word' id='word_1_136' title='bbox 507 1159 553 1194; x_wconf 87' lang='lat' dir='ltr'><strong>qui</strong></span> <span class='ocrx_word' id='word_1_137' title='bbox 576 1160 707 1192; x_wconf 83' lang='lat' dir='ltr'><strong>continet,</strong></span> <span class='ocrx_word' id='word_1_138' title='bbox 726 1168 778 1187; x_wconf 93' lang='lat' dir='ltr'><strong>non</strong></span> <span class='ocrx_word' id='word_1_139' title='bbox 794 1161 871 1188; x_wconf 84' lang='lat' dir='ltr'><strong>aliter</strong></span> <span class='ocrx_word' id='word_1_140' title='bbox 883 1162 981 1190; x_wconf 83' lang='lat' dir='ltr'><strong>debere</strong></span> 
     </span>
    </p>
   </div>
   <div class='ocr_carea' id='block_1_24' title="bbox 191 1203 978 1242">
    <p class='ocr_par' dir='ltr' id='par_1_24' title="bbox 191 1203 978 1242">
     <span class='ocr_line' id='line_1_24' title="bbox 191 1203 978 1242; baseline 0.006 -12"><span class='ocrx_word' id='word_1_141' title='bbox 191 1203 261 1234; x_wconf 77' lang='lat' dir='ltr'><strong>ﬁeri,</strong></span> <span class='ocrx_word' id='word_1_142' title='bbox 283 1211 364 1238; x_wconf 85' lang='lat' dir='ltr'><strong>quam</strong></span> <span class='ocrx_word' id='word_1_143' title='bbox 385 1211 449 1231; x_wconf 89' lang='lat' dir='ltr'><strong>cum</strong></span> <span class='ocrx_word' id='word_1_144' title='bbox 471 1205 575 1240; x_wconf 85' lang='lat' dir='ltr'><strong>synodo</strong></span> <span class='ocrx_word' id='word_1_145' title='bbox 600 1211 627 1232; x_wconf 90' lang='lat' dir='ltr'><strong>et</strong></span> <span class='ocrx_word' id='word_1_146' title='bbox 648 1206 751 1240; x_wconf 89' lang='lat' dir='ltr'><strong>judicio</strong></span> <span class='ocrx_word' id='word_1_147' title='bbox 775 1206 978 1242; x_wconf 88' lang='lat' dir='ltr'><strong>episcoporum,</strong></span> 
     </span>
    </p>
   </div>
   <div class='ocr_carea' id='block_1_25' title="bbox 191 1249 982 1286">
    <p class='ocr_par' dir='ltr' id='par_1_25' title="bbox 191 1249 982 1286">
     <span class='ocr_line' id='line_1_25' title="bbox 191 1249 982 1286; baseline 0.005 -11"><span class='ocrx_word' id='word_1_148' title='bbox 191 1249 238 1283; x_wconf 93' lang='lat' dir='ltr'><strong>qui</strong></span> <span class='ocrx_word' id='word_1_149' title='bbox 255 1253 317 1283; x_wconf 81' lang='lat' dir='ltr'><strong>post</strong></span> <span class='ocrx_word' id='word_1_150' title='bbox 337 1249 458 1277; x_wconf 83' lang='lat' dir='ltr'><strong>defuncti</strong></span> <span class='ocrx_word' id='word_1_151' title='bbox 481 1250 673 1278; x_wconf 87' lang='lat' dir='ltr'><strong>dormitioncm</strong></span> <span class='ocrx_word' id='word_1_152' title='bbox 698 1256 858 1286; x_wconf 84' lang='lat' dir='ltr'><strong>potestatem</strong></span> <span class='ocrx_word' id='word_1_153' title='bbox 881 1254 982 1282; x_wconf 79' lang='lat' dir='ltr'><strong>habent.</strong></span> 
     </span>
    </p>
   </div>
   <div class='ocr_carea' id='block_1_26' title="bbox 192 1295 498 1330">
    <p class='ocr_par' dir='ltr' id='par_1_26' title="bbox 192 1295 498 1330">
     <span class='ocr_line' id='line_1_26' title="bbox 192 1295 498 1330; baseline 0.007 -8"><span class='ocrx_word' id='word_1_154' title='bbox 192 1295 304 1329; x_wconf 72' lang='lat' dir='ltr'><strong>dignum</strong></span> <span class='ocrx_word' id='word_1_155' title='bbox 319 1296 498 1330; x_wconf 85' lang='lat' dir='ltr'><strong>provehendi.</strong></span> 
     </span>
    </p>
   </div>
   <div class='ocr_carea' id='block_1_27' title="bbox 227 1385 981 1424">
    <p class='ocr_par' dir='ltr' id='par_1_27' title="bbox 227 1385 981 1424">
     <span class='ocr_line' id='line_1_27' title="bbox 227 1385 981 1424; baseline 0.012 -13"><span class='ocrx_word' id='word_1_156' title='bbox 227 1385 302 1412; x_wconf 77' lang='lat' dir='ltr'><strong>CAP.</strong></span> <span class='ocrx_word' id='word_1_157' title='bbox 319 1385 426 1412; x_wconf 70' lang='lat' dir='ltr'><strong>XIX.—</strong></span> <span class='ocrx_word' id='word_1_158' title='bbox 442 1386 536 1414; x_wconf 67' lang='lat' dir='ltr'><strong>Parere</strong></span> <span class='ocrx_word' id='word_1_159' title='bbox 549 1387 607 1415; x_wconf 83' lang='lat' dir='ltr'><strong>urbi</strong></span> <span class='ocrx_word' id='word_1_160' title='bbox 620 1389 658 1415; x_wconf 82' lang='lat' dir='ltr'><strong>vel</strong></span> <span class='ocrx_word' id='word_1_161' title='bbox 669 1397 736 1424; x_wconf 84' lang='lat' dir='ltr'><strong>pago</strong></span> <span class='ocrx_word' id='word_1_162' title='bbox 744 1398 852 1424; x_wconf 77' lang='lat' dir='ltr'><strong>prorsus</strong></span> <span class='ocrx_word' id='word_1_163' title='bbox 868 1400 921 1418; x_wconf 85' lang='lat' dir='ltr'><strong>non</strong></span> <span class='ocrx_word' id='word_1_164' title='bbox 935 1392 981 1420; x_wconf 84' lang='lat' dir='ltr'><strong>de-</strong></span> 
     </span>
    </p>
   </div>
   <div class='ocr_carea' id='block_1_28' title="bbox 194 1431 398 1466">
    <p class='ocr_par' dir='ltr' id='par_1_28' title="bbox 194 1431 398 1466">
     <span class='ocr_line' id='line_1_28' title="bbox 194 1431 398 1466; baseline 0.01 -9"><span class='ocrx_word' id='word_1_165' title='bbox 194 1435 237 1457; x_wconf 79' lang='lat' dir='ltr'><strong>tur</strong></span> <span class='ocrx_word' id='word_1_166' title='bbox 252 1431 398 1466; x_wconf 65' lang='lat' dir='ltr'><strong>episcopus.</strong></span> 
     </span>
    </p>
   </div>
   <div class='ocr_carea' id='block_1_29' title="bbox 363 1478 805 1509">
    <p class='ocr_par' dir='ltr' id='par_1_29' title="bbox 363 1478 805 1509">
     <span class='ocr_line' id='line_1_29' title="bbox 363 1478 805 1509; baseline 0.011 -5"><span class='ocrx_word' id='word_1_167' title='bbox 363 1478 477 1506; x_wconf 70' lang='lat' dir='ltr'><strong>Consilii</strong></span> <span class='ocrx_word' id='word_1_168' title='bbox 496 1479 651 1507; x_wconf 79' lang='lat' dir='ltr'><strong>Antioclteni</strong></span> <span class='ocrx_word' id='word_1_169' title='bbox 663 1489 746 1508; x_wconf 83' lang='lat' dir='ltr'><strong>canon</strong></span> <span class='ocrx_word' id='word_1_170' title='bbox 761 1482 805 1509; x_wconf 84' lang='grc'><strong>57.</strong></span> 
     </span>
    </p>
   </div>
   <div class='ocr_carea' id='block_1_30' title="bbox 228 1522 982 1564">
    <p class='ocr_par' dir='ltr' id='par_1_30' title="bbox 228 1522 982 1564">
     <span class='ocr_line' id='line_1_30' title="bbox 228 1522 982 1564; baseline 0.011 -15"><span class='ocrx_word' id='word_1_171' title='bbox 228 1522 273 1550; x_wconf 80' lang='lat'><strong>57.</strong></span> <span class='ocrx_word' id='word_1_172' title='bbox 293 1522 371 1556; x_wconf 85' lang='lat' dir='ltr'><strong>Quod</strong></span> <span class='ocrx_word' id='word_1_173' title='bbox 387 1531 441 1551; x_wconf 89' lang='lat' dir='ltr'><strong>non</strong></span> <span class='ocrx_word' id='word_1_174' title='bbox 452 1529 560 1559; x_wconf 88' lang='lat' dir='ltr'><strong>oportet</strong></span> <span class='ocrx_word' id='word_1_175' title='bbox 576 1525 601 1552; x_wconf 93' lang='lat' dir='ltr'><strong>in</strong></span> <span class='ocrx_word' id='word_1_176' title='bbox 619 1526 686 1553; x_wconf 88' lang='lat' dir='ltr'><strong>vicis</strong></span> <span class='ocrx_word' id='word_1_177' title='bbox 702 1530 730 1554; x_wconf 85' lang='lat' dir='ltr'><strong>et</strong></span> <span class='ocrx_word' id='word_1_178' title='bbox 746 1527 822 1561; x_wconf 77' lang='lat' dir='ltr'><strong>pagis</strong></span> <span class='ocrx_word' id='word_1_179' title='bbox 839 1528 982 1564; x_wconf 86' lang='lat' dir='ltr'><strong>episcopos</strong></span> 
     </span>
    </p>
   </div>
   <div class='ocr_carea' id='block_1_31' title="bbox 194 1570 982 1604">
    <p class='ocr_par' dir='ltr' id='par_1_31' title="bbox 194 1570 982 1604">
     <span class='ocr_line' id='line_1_31' title="bbox 194 1570 982 1604; baseline 0.009 -8"><span class='ocrx_word' id='word_1_180' title='bbox 194 1570 334 1602; x_wconf 87' lang='lat' dir='ltr'><strong>constitui,</strong></span> <span class='ocrx_word' id='word_1_181' title='bbox 347 1571 397 1597; x_wconf 89' lang='lat' dir='ltr'><strong>sed</strong></span> <span class='ocrx_word' id='word_1_182' title='bbox 413 1570 595 1604; x_wconf 87' lang='lat' dir='ltr'><strong>pcriodeutas,</strong></span> <span class='ocrx_word' id='word_1_183' title='bbox 610 1572 662 1599; x_wconf 88' lang='lat' dir='ltr'><strong>hoc</strong></span> <span class='ocrx_word' id='word_1_184' title='bbox 685 1577 737 1604; x_wconf 87' lang='lat' dir='ltr'><strong>est,</strong></span> <span class='ocrx_word' id='word_1_185' title='bbox 753 1573 982 1602; x_wconf 85' lang='lat' dir='ltr'><strong>circumcursato-</strong></span> 
     </span>
    </p>
   </div>
   <div class='ocr_carea' id='block_1_32' title="bbox 194 1615 984 1652">
    <p class='ocr_par' dir='ltr' id='par_1_32' title="bbox 194 1615 984 1652">
     <span class='ocr_line' id='line_1_32' title="bbox 194 1615 984 1652; baseline 0.009 -12"><span class='ocrx_word' id='word_1_186' title='bbox 194 1621 239 1640; x_wconf 87' lang='lat' dir='ltr'><strong>res</strong></span> <span class='ocrx_word' id='word_1_187' title='bbox 257 1623 263 1641; x_wconf 96' lang='lat'><strong>:</strong></span> <span class='ocrx_word' id='word_1_188' title='bbox 281 1621 328 1642; x_wconf 89' lang='lat' dir='ltr'><strong>cos</strong></span> <span class='ocrx_word' id='word_1_189' title='bbox 346 1620 438 1642; x_wconf 88' lang='lat' dir='ltr'><strong>autem</strong></span> <span class='ocrx_word' id='word_1_190' title='bbox 456 1615 502 1650; x_wconf 90' lang='lat' dir='ltr'><strong>qui</strong></span> <span class='ocrx_word' id='word_1_191' title='bbox 523 1616 576 1650; x_wconf 84' lang='lat'><strong>59</strong></span> <span class='ocrx_word' id='word_1_192' title='bbox 594 1617 669 1651; x_wconf 88' lang='lat' dir='ltr'><strong>prius</strong></span> <span class='ocrx_word' id='word_1_193' title='bbox 695 1618 838 1645; x_wconf 87' lang='lat' dir='ltr'><strong>constituti</strong></span> <span class='ocrx_word' id='word_1_194' title='bbox 861 1619 984 1652; x_wconf 77' lang='lat' dir='ltr'><strong>fuerunt.</strong></span> 
     </span>
    </p>
   </div>
   <div class='ocr_carea' id='block_1_33' title="bbox 194 1659 983 1697">
    <p class='ocr_par' dir='ltr' id='par_1_33' title="bbox 194 1659 983 1697">
     <span class='ocr_line' id='line_1_33' title="bbox 194 1659 983 1697; baseline 0.01 -12"><span class='ocrx_word' id='word_1_195' title='bbox 194 1659 261 1686; x_wconf 88' lang='lat' dir='ltr'><strong>nihil</strong></span> <span class='ocrx_word' id='word_1_196' title='bbox 275 1667 355 1690; x_wconf 70' lang='lat' dir='ltr'><strong>agere</strong></span> <span class='ocrx_word' id='word_1_197' title='bbox 372 1661 432 1687; x_wconf 89' lang='lat' dir='ltr'><strong>sine</strong></span> <span class='ocrx_word' id='word_1_198' title='bbox 446 1666 537 1688; x_wconf 82' lang='lat' dir='ltr'><strong>mente</strong></span> <span class='ocrx_word' id='word_1_199' title='bbox 549 1663 672 1696; x_wconf 85' lang='lat' dir='ltr'><strong>episcopi</strong></span> <span class='ocrx_word' id='word_1_200' title='bbox 693 1663 740 1697; x_wconf 88' lang='lat' dir='ltr'><strong>qui</strong></span> <span class='ocrx_word' id='word_1_201' title='bbox 755 1668 798 1691; x_wconf 87' lang='lat' dir='ltr'><strong>est</strong></span> <span class='ocrx_word' id='word_1_202' title='bbox 824 1665 851 1691; x_wconf 92' lang='lat' dir='ltr'><strong>in</strong></span> <span class='ocrx_word' id='word_1_203' title='bbox 865 1665 983 1693; x_wconf 76' lang='lat' dir='ltr'><strong>civitate.</strong></span> 
     </span>
    </p>
   </div>
   <div class='ocr_carea' id='block_1_34' title="bbox 198 1705 986 1744">
    <p class='ocr_par' dir='ltr' id='par_1_34' title="bbox 198 1705 986 1744">
     <span class='ocr_line' id='line_1_34' title="bbox 198 1705 986 1744; baseline 0.009 -13"><span class='ocrx_word' id='word_1_204' title='bbox 198 1705 333 1732; x_wconf 71' lang='lat' dir='ltr'><strong>Similiter</strong></span> <span class='ocrx_word' id='word_1_205' title='bbox 360 1711 450 1733; x_wconf 86' lang='lat' dir='ltr'><strong>autem</strong></span> <span class='ocrx_word' id='word_1_206' title='bbox 475 1711 502 1734; x_wconf 85' lang='lat' dir='ltr'><strong>et</strong></span> <span class='ocrx_word' id='word_1_207' title='bbox 527 1708 703 1742; x_wconf 83' lang='lat' dir='ltr'><strong>presbyteros</strong></span> <span class='ocrx_word' id='word_1_208' title='bbox 725 1709 793 1736; x_wconf 85' lang='lat' dir='ltr'><strong>nihil</strong></span> <span class='ocrx_word' id='word_1_209' title='bbox 823 1717 904 1744; x_wconf 80' lang='lat' dir='ltr'><strong>agere</strong></span> <span class='ocrx_word' id='word_1_210' title='bbox 926 1712 986 1743; x_wconf 74' lang='lat' dir='ltr'><strong>sine</strong></span> 
     </span>
    </p>
   </div>
   <div class='ocr_carea' id='block_1_35' title="bbox 196 1752 434 1787">
    <p class='ocr_par' dir='ltr' id='par_1_35' title="bbox 196 1752 434 1787">
     <span class='ocr_line' id='line_1_35' title="bbox 196 1752 434 1787; baseline 0.004 -10"><span class='ocrx_word' id='word_1_211' title='bbox 196 1756 289 1778; x_wconf 86' lang='lat' dir='ltr'><strong>mente</strong></span> <span class='ocrx_word' id='word_1_212' title='bbox 302 1752 434 1787; x_wconf 85' lang='lat' dir='ltr'><strong>episcopi.</strong></span> 
     </span>
    </p>
   </div>
   <div class='ocr_carea' id='block_1_36' title="bbox 354 1797 805 1829">
    <p class='ocr_par' dir='ltr' id='par_1_36' title="bbox 354 1797 805 1829">
     <span class='ocr_line' id='line_1_36' title="bbox 354 1797 805 1829; baseline 0.013 -6"><span class='ocrx_word' id='word_1_213' title='bbox 354 1797 467 1824; x_wconf 84' lang='lat' dir='ltr'><strong>Concilii</strong></span> <span class='ocrx_word' id='word_1_214' title='bbox 484 1797 648 1826; x_wconf 75' lang='lat' dir='ltr'><strong>Sardicensis</strong></span> <span class='ocrx_word' id='word_1_215' title='bbox 680 1808 763 1828; x_wconf 82' lang='lat' dir='ltr'><strong>canon</strong></span> <span class='ocrx_word' id='word_1_216' title='bbox 779 1801 805 1829; x_wconf 87' lang='lat'><strong>6.</strong></span> 
     </span>
    </p>
   </div>
   <div class='ocr_carea' id='block_1_37' title="bbox 233 1841 988 1883">
    <p class='ocr_par' dir='ltr' id='par_1_37' title="bbox 233 1841 988 1883">
     <span class='ocr_line' id='line_1_37' title="bbox 233 1841 988 1883; baseline 0.012 -16"><span class='ocrx_word' id='word_1_217' title='bbox 233 1841 331 1869; x_wconf 85' lang='lat' dir='ltr'><strong>llosius</strong></span> <span class='ocrx_word' id='word_1_218' title='bbox 351 1843 495 1878; x_wconf 85' lang='lat' dir='ltr'><strong>episcopus</strong></span> <span class='ocrx_word' id='word_1_219' title='bbox 505 1844 572 1872; x_wconf 69' lang='lat' dir='ltr'><strong>dixit</strong></span> <span class='ocrx_word' id='word_1_220' title='bbox 586 1854 593 1871; x_wconf 67' lang='grc' dir='ltr'><strong>τ</strong></span> <span class='ocrx_word' id='word_1_221' title='bbox 608 1845 636 1872; x_wconf 92' lang='lat' dir='ltr'><strong>Si</strong></span> <span class='ocrx_word' id='word_1_222' title='bbox 649 1847 793 1881; x_wconf 79' lang='lat' dir='ltr'><strong>contigerit</strong></span> <span class='ocrx_word' id='word_1_223' title='bbox 814 1847 841 1875; x_wconf 91' lang='lat' dir='ltr'><strong>in</strong></span> <span class='ocrx_word' id='word_1_224' title='bbox 857 1856 910 1876; x_wconf 88' lang='lat' dir='ltr'><strong>una</strong></span> <span class='ocrx_word' id='word_1_225' title='bbox 925 1855 988 1883; x_wconf 90' lang='lat' dir='ltr'><strong>pro-</strong></span> 
     </span>
    </p>
   </div>
   <div class='ocr_carea' id='block_1_38' title="bbox 195 1887 988 1928">
    <p class='ocr_par' dir='ltr' id='par_1_38' title="bbox 195 1887 988 1928">
     <span class='ocr_line' id='line_1_38' title="bbox 195 1887 988 1928; baseline 0.011 -16"><span class='ocrx_word' id='word_1_226' title='bbox 195 1887 296 1918; x_wconf 77' lang='lat' dir='ltr'><strong>vincia,</strong></span> <span class='ocrx_word' id='word_1_227' title='bbox 309 1892 374 1919; x_wconf 83' lang='lat' dir='ltr'><strong>ctc.,</strong></span> <span class='ocrx_word' id='word_1_228' title='bbox 388 1894 417 1914; x_wconf 83' lang='lat' dir='ltr'><strong>ut</strong></span> <span class='ocrx_word' id='word_1_229' title='bbox 431 1897 491 1924; x_wconf 81' lang='lat' dir='ltr'><strong>pay.</strong></span> <span class='ocrx_word' id='word_1_230' title='bbox 504 1889 565 1917; x_wconf 71' lang='lat' dir='ltr'><strong>48L</strong></span> <span class='ocrx_word' id='word_1_231' title='bbox 575 1890 693 1918; x_wconf 81' lang='lat' dir='ltr'><strong>Additur</strong></span> <span class='ocrx_word' id='word_1_232' title='bbox 705 1892 747 1919; x_wconf 81' lang='lat' dir='ltr'><strong>hic</strong></span> <span class='ocrx_word' id='word_1_233' title='bbox 757 1901 766 1920; x_wconf 91' lang='lat'><strong><em>:</em></strong></span> <span class='ocrx_word' id='word_1_234' title='bbox 777 1891 988 1928; x_wconf 81' lang='lat' dir='ltr'><strong>Responderunt</strong></span> 
     </span>
    </p>
   </div>
   <div class='ocr_carea' id='block_1_39' title="bbox 197 1933 435 1961">
    <p class='ocr_par' dir='ltr' id='par_1_39' title="bbox 197 1933 435 1961">
     <span class='ocr_line' id='line_1_39' title="bbox 197 1933 435 1961; baseline 0.013 -3"><span class='ocrx_word' id='word_1_235' title='bbox 197 1939 292 1960; x_wconf 85' lang='lat' dir='ltr'><strong>omm-s</strong></span> <span class='ocrx_word' id='word_1_236' title='bbox 310 1942 317 1960; x_wconf 84' lang='lat'><strong>:</strong></span> <span class='ocrx_word' id='word_1_237' title='bbox 334 1933 435 1961; x_wconf 85' lang='lat' dir='ltr'><strong>Placet.</strong></span> 
     </span>
    </p>
   </div>
   <div class='ocr_carea' id='block_1_40' title="bbox 233 1978 987 2018">
    <p class='ocr_par' dir='ltr' id='par_1_40' title="bbox 233 1978 987 2018">
     <span class='ocr_line' id='line_1_40' title="bbox 233 1978 987 2018; baseline 0.012 -14"><span class='ocrx_word' id='word_1_238' title='bbox 233 1978 309 2008; x_wconf 79' lang='lat' dir='ltr'><strong>CAP.</strong></span> <span class='ocrx_word' id='word_1_239' title='bbox 324 1979 384 2007; x_wconf 79' lang='grc' dir='ltr'><strong>ΧΧ.</strong></span> <span class='ocrx_word' id='word_1_240' title='bbox 399 1995 434 2000; x_wconf 90' lang='lat'><strong>—-</strong></span> <span class='ocrx_word' id='word_1_241' title='bbox 451 1980 542 2016; x_wconf 82' lang='lat' dir='ltr'><strong>Neque</strong></span> <span class='ocrx_word' id='word_1_242' title='bbox 564 1982 592 2009; x_wconf 80' lang='lat' dir='ltr'><strong>in</strong></span> <span class='ocrx_word' id='word_1_243' title='bbox 610 1991 662 2010; x_wconf 80' lang='lat' dir='ltr'><strong>una</strong></span> <span class='ocrx_word' id='word_1_244' title='bbox 681 1985 816 2018; x_wconf 80' lang='lat' dir='ltr'><strong>provincia</strong></span> <span class='ocrx_word' id='word_1_245' title='bbox 832 1986 987 2016; x_wconf 79' lang='lat' dir='ltr'><strong>metropoli-</strong></span> 
     </span>
    </p>
   </div>
   <div class='ocr_carea' id='block_1_41' title="bbox 202 2025 988 2068">
    <p class='ocr_par' dir='ltr' id='par_1_41' title="bbox 202 2025 988 2068">
     <span class='ocr_line' id='line_1_41' title="bbox 202 2025 988 2068; baseline 0.011 -17"><span class='ocrx_word' id='word_1_246' title='bbox 202 2026 259 2052; x_wconf 83' lang='lat' dir='ltr'><strong>tnui</strong></span> <span class='ocrx_word' id='word_1_247' title='bbox 271 2025 333 2056; x_wconf 83' lang='lat' dir='ltr'><strong>duo,</strong></span> <span class='ocrx_word' id='word_1_248' title='bbox 352 2034 432 2060; x_wconf 82' lang='lat' dir='ltr'><strong>neque</strong></span> <span class='ocrx_word' id='word_1_249' title='bbox 444 2027 471 2054; x_wconf 81' lang='lat' dir='ltr'><strong>in</strong></span> <span class='ocrx_word' id='word_1_250' title='bbox 487 2036 541 2054; x_wconf 86' lang='lat' dir='ltr'><strong>una</strong></span> <span class='ocrx_word' id='word_1_251' title='bbox 555 2029 618 2056; x_wconf 85' lang='lat' dir='ltr'><strong>urbe</strong></span> <span class='ocrx_word' id='word_1_252' title='bbox 629 2029 681 2056; x_wconf 82' lang='lat' dir='ltr'><strong>duo</strong></span> <span class='ocrx_word' id='word_1_253' title='bbox 697 2031 810 2065; x_wconf 70' lang='lat' dir='ltr'><strong>episcopi</strong></span> <span class='ocrx_word' id='word_1_254' title='bbox 826 2032 889 2064; x_wconf 77' lang='lat' dir='ltr'><strong>sint,</strong></span> <span class='ocrx_word' id='word_1_255' title='bbox 907 2040 988 2068; x_wconf 81' lang='lat' dir='ltr'><strong>neque</strong></span> 
     </span>
    </p>
   </div>
   <div class='ocr_carea' id='block_1_42' title="bbox 196 2071 787 2110">
    <p class='ocr_par' dir='ltr' id='par_1_42' title="bbox 196 2071 787 2110">
     <span class='ocr_line' id='line_1_42' title="bbox 196 2071 787 2110; baseline 0.01 -13"><span class='ocrx_word' id='word_1_256' title='bbox 196 2071 300 2098; x_wconf 72' lang='lat' dir='ltr'><strong>duabus</strong></span> <span class='ocrx_word' id='word_1_257' title='bbox 311 2071 420 2098; x_wconf 75' lang='lat' dir='ltr'><strong>urbibus</strong></span> <span class='ocrx_word' id='word_1_258' title='bbox 436 2081 502 2100; x_wconf 74' lang='lat' dir='ltr'><strong>unus</strong></span> <span class='ocrx_word' id='word_1_259' title='bbox 515 2073 626 2101; x_wconf 74' lang='lat' dir='ltr'><strong>clericus</strong></span> <span class='ocrx_word' id='word_1_260' title='bbox 638 2075 787 2110; x_wconf 82' lang='lat' dir='ltr'><strong>deputetur.</strong></span> 
     </span>
    </p>
   </div>
   <div class='ocr_carea' id='block_1_43' title="bbox 392 2117 792 2148">
    <p class='ocr_par' dir='ltr' id='par_1_43' title="bbox 392 2117 792 2148">
     <span class='ocr_line' id='line_1_43' title="bbox 392 2117 792 2148; baseline 0.01 -4"><span class='ocrx_word' id='word_1_261' title='bbox 392 2117 504 2145; x_wconf 84' lang='lat' dir='ltr'><strong>Concilii</strong></span> <span class='ocrx_word' id='word_1_262' title='bbox 529 2118 636 2147; x_wconf 72' lang='lat' dir='ltr'><strong>Nicwm‘</strong></span> <span class='ocrx_word' id='word_1_263' title='bbox 663 2129 748 2147; x_wconf 77' lang='lat' dir='ltr'><strong>canon</strong></span> <span class='ocrx_word' id='word_1_264' title='bbox 765 2121 792 2148; x_wconf 89' lang='lat'><strong>8.</strong></span> 
     </span>
    </p>
   </div>
   <div class='ocr_carea' id='block_1_44' title="bbox 232 2164 988 2204">
    <p class='ocr_par' dir='ltr' id='par_1_44' title="bbox 232 2164 988 2204">
     <span class='ocr_line' id='line_1_44' title="bbox 232 2164 988 2204; baseline 0.007 -13"><span class='ocrx_word' id='word_1_265' title='bbox 232 2164 259 2192; x_wconf 87' lang='grc'><strong>8.</strong></span> <span class='ocrx_word' id='word_1_266' title='bbox 276 2164 313 2192; x_wconf 88' lang='lat' dir='ltr'><strong>De</strong></span> <span class='ocrx_word' id='word_1_267' title='bbox 329 2165 372 2192; x_wconf 86' lang='lat' dir='ltr'><strong>his</strong></span> <span class='ocrx_word' id='word_1_268' title='bbox 387 2165 409 2180; x_wconf 76' lang='grc'><strong>⁸³</strong></span> <span class='ocrx_word' id='word_1_269' title='bbox 425 2166 472 2200; x_wconf 88' lang='lat' dir='ltr'><strong>qui</strong></span> <span class='ocrx_word' id='word_1_270' title='bbox 495 2173 526 2193; x_wconf 85' lang='lat' dir='ltr'><strong>se</strong></span> <span class='ocrx_word' id='word_1_271' title='bbox 539 2168 679 2198; x_wconf 79' lang='lat' dir='ltr'><strong>catharos,</strong></span> <span class='ocrx_word' id='word_1_272' title='bbox 693 2167 719 2193; x_wconf 91' lang='lat' dir='ltr'><strong>id</strong></span> <span class='ocrx_word' id='word_1_273' title='bbox 735 2171 778 2194; x_wconf 86' lang='lat' dir='ltr'><strong>est</strong></span> <span class='ocrx_word' id='word_1_274' title='bbox 801 2175 885 2202; x_wconf 90' lang='lat' dir='ltr'><strong>puros</strong></span> <span class='ocrx_word' id='word_1_275' title='bbox 900 2176 988 2204; x_wconf 85' lang='lat' dir='ltr'><strong>quan-</strong></span> 
     </span>
    </p>
   </div>
   <div class='ocr_carea' id='block_1_45' title="bbox 196 2211 988 2248">
    <p class='ocr_par' dir='ltr' id='par_1_45' title="bbox 196 2211 988 2248">
     <span class='ocr_line' id='line_1_45' title="bbox 196 2211 988 2248; baseline 0.006 -11"><span class='ocrx_word' id='word_1_276' title='bbox 196 2211 286 2246; x_wconf 81' lang='lat' dir='ltr'><strong>doque</strong></span> <span class='ocrx_word' id='word_1_277' title='bbox 304 2211 457 2242; x_wconf 83' lang='lat' dir='ltr'><strong>nominant.</strong></span> <span class='ocrx_word' id='word_1_278' title='bbox 476 2212 509 2238; x_wconf 89' lang='lat' dir='ltr'><strong>ad</strong></span> <span class='ocrx_word' id='word_1_279' title='bbox 525 2211 688 2239; x_wconf 88' lang='lat' dir='ltr'><strong>catholicam</strong></span> <span class='ocrx_word' id='word_1_280' title='bbox 717 2217 807 2240; x_wconf 83' lang='lat' dir='ltr'><strong>autem</strong></span> <span class='ocrx_word' id='word_1_281' title='bbox 832 2218 861 2240; x_wconf 86' lang='lat' dir='ltr'><strong>et</strong></span> <span class='ocrx_word' id='word_1_282' title='bbox 877 2219 988 2248; x_wconf 80' lang='lat' dir='ltr'><strong>aposto-</strong></span> 
     </span>
    </p>
   </div>
   <div class='ocr_carea' id='block_1_46' title="bbox 1033 296 1874 334">
    <p class='ocr_par' dir='ltr' id='par_1_46' title="bbox 1033 296 1874 334">
     <span class='ocr_line' id='line_1_46' title="bbox 1033 296 1874 334; baseline -0.002 -10"><span class='ocrx_word' id='word_1_283' title='bbox 1033 298 1116 332; x_wconf 86' lang='grc' dir='ltr'>μηδὲν</span> <span class='ocrx_word' id='word_1_284' title='bbox 1132 298 1349 334; x_wconf 76' lang='grc' dir='ltr'>παρενοχλοῦντα</span> <span class='ocrx_word' id='word_1_285' title='bbox 1360 300 1416 330; x_wconf 85' lang='grc' dir='ltr'>τοῖς</span> <span class='ocrx_word' id='word_1_286' title='bbox 1427 298 1572 334; x_wconf 79' lang='grc' dir='ltr'><strong>πράγμασι</strong></span> <span class='ocrx_word' id='word_1_287' title='bbox 1585 298 1635 333; x_wconf 79' lang='grc' dir='ltr'>τῆς</span> <span class='ocrx_word' id='word_1_288' title='bbox 1655 296 1822 331; x_wconf 79' lang='grc' dir='ltr'>Ἐκκλησίας</span> <span class='ocrx_word' id='word_1_289' title='bbox 1870 320 1874 323; x_wconf 92' lang='grc'><strong>,</strong></span> 
     </span>
    </p>
   </div>
   <div class='ocr_carea' id='block_1_47' title="bbox 1032 342 1827 379">
    <p class='ocr_par' dir='ltr' id='par_1_47' title="bbox 1032 342 1827 379">
     <span class='ocr_line' id='line_1_47' title="bbox 1032 342 1827 379; baseline -0.001 -10"><span class='ocrx_word' id='word_1_290' title='bbox 1032 342 1095 370; x_wconf 84' lang='grc' dir='ltr'>ἔνθα</span> <span class='ocrx_word' id='word_1_291' title='bbox 1112 343 1144 369; x_wconf 77' lang='grc' dir='ltr'>ἂν</span> <span class='ocrx_word' id='word_1_292' title='bbox 1161 343 1318 377; x_wconf 80' lang='grc' dir='ltr'>συνάγοιτο¹</span> <span class='ocrx_word' id='word_1_293' title='bbox 1334 343 1492 379; x_wconf 73' lang='grc' dir='ltr'>ἐκδέχεσθαι</span> <span class='ocrx_word' id='word_1_294' title='bbox 1507 343 1536 370; x_wconf 78' lang='grc' dir='ltr'>δὲ</span> <span class='ocrx_word' id='word_1_295' title='bbox 1550 342 1645 370; x_wconf 81' lang='grc' dir='ltr'>τοῦτον</span> <span class='ocrx_word' id='word_1_296' title='bbox 1662 342 1677 368; x_wconf 84' lang='grc' dir='ltr'><strong>ὃ</strong></span> <span class='ocrx_word' id='word_1_297' title='bbox 1692 342 1726 369; x_wconf 81' lang='grc' dir='ltr'>ἂν</span> <span class='ocrx_word' id='word_1_298' title='bbox 1743 343 1760 377; x_wconf 84' lang='grc' dir='ltr'><strong>ἠ</strong></span> <span class='ocrx_word' id='word_1_299' title='bbox 1773 343 1827 376; x_wconf 75' lang='grc' dir='ltr'>τῆς</span> 
     </span>
    </p>
   </div>
   <div class='ocr_carea' id='block_1_48' title="bbox 1031 387 1821 424">
    <p class='ocr_par' dir='ltr' id='par_1_48' title="bbox 1031 387 1821 424">
     <span class='ocr_line' id='line_1_48' title="bbox 1031 387 1821 424; baseline -0.001 -10"><span class='ocrx_word' id='word_1_300' title='bbox 1031 388 1166 423; x_wconf 75' lang='grc' dir='ltr'><strong>ἐπαρχίας</strong></span> <span class='ocrx_word' id='word_1_301' title='bbox 1189 388 1280 415; x_wconf 76' lang='grc' dir='ltr'>τελεία</span> <span class='ocrx_word' id='word_1_302' title='bbox 1307 388 1415 420; x_wconf 83' lang='grc' dir='ltr'>σύνοδος</span> <span class='ocrx_word' id='word_1_303' title='bbox 1431 389 1547 424; x_wconf 79' lang='grc' dir='ltr'>κρίνασα</span> <span class='ocrx_word' id='word_1_304' title='bbox 1570 387 1602 414; x_wconf 81' lang='grc' dir='ltr'>τὸ</span> <span class='ocrx_word' id='word_1_305' title='bbox 1614 388 1821 424; x_wconf 79' lang='grc' dir='ltr'><strong>παριστάμενον</strong></span> 
     </span>
    </p>
   </div>
   <div class='ocr_carea' id='block_1_49' title="bbox 1032 434 1123 469">
    <p class='ocr_par' dir='ltr' id='par_1_49' title="bbox 1032 434 1123 469">
     <span class='ocr_line' id='line_1_49' title="bbox 1032 434 1123 469; baseline 0.011 -10"><span class='ocrx_word' id='word_1_306' title='bbox 1032 434 1123 469; x_wconf 84' lang='grc' dir='ltr'>ὁρίσῃ.</span> 
     </span>
    </p>
   </div>
   <div class='ocr_carea' id='block_1_50' title="bbox 1068 479 1824 515">
    <p class='ocr_par' dir='ltr' id='par_1_50' title="bbox 1068 479 1824 515">
     <span class='ocr_line' id='line_1_50' title="bbox 1068 479 1824 515; baseline 0 -9"><span class='ocrx_word' id='word_1_307' title='bbox 1068 480 1194 506; x_wconf 81' lang='grc' dir='ltr'><strong>ΚΕΦΔΔ.</strong></span> <span class='ocrx_word' id='word_1_308' title='bbox 1210 480 1370 515; x_wconf 77' lang='lat' dir='ltr'><strong>III’.—Ilspl</strong></span> <span class='ocrx_word' id='word_1_309' title='bbox 1383 480 1435 507; x_wconf 82' lang='grc' dir='ltr'>τοῦ</span> <span class='ocrx_word' id='word_1_310' title='bbox 1447 480 1490 514; x_wconf 81' lang='grc' dir='ltr'>μὴ</span> <span class='ocrx_word' id='word_1_311' title='bbox 1500 480 1648 507; x_wconf 81' lang='grc' dir='ltr'>δύνασθαι</span> <span class='ocrx_word' id='word_1_312' title='bbox 1659 479 1714 506; x_wconf 81' lang='grc' dir='ltr'><strong>τὸν</strong></span> <span class='ocrx_word' id='word_1_313' title='bbox 1725 481 1824 506; x_wconf 72' lang='grc' dir='ltr'>τελευ-</span> 
     </span>
    </p>
   </div>
   <div class='ocr_carea' id='block_1_51' title="bbox 1033 523 1822 559">
    <p class='ocr_par' dir='ltr' id='par_1_51' title="bbox 1033 523 1822 559">
     <span class='ocr_line' id='line_1_51' title="bbox 1033 523 1822 559; baseline -0.004 -6"><span class='ocrx_word' id='word_1_314' title='bbox 1033 525 1129 553; x_wconf 63' lang='grc' dir='ltr'>τῶντα</span> <span class='ocrx_word' id='word_1_315' title='bbox 1137 525 1427 559; x_wconf 72' lang='grc' dir='ltr'>ἐπίσκοπον-,ἕτερον</span> <span class='ocrx_word' id='word_1_316' title='bbox 1445 525 1509 552; x_wconf 81' lang='grc' dir='ltr'>ἀντ’</span> <span class='ocrx_word' id='word_1_317' title='bbox 1519 523 1612 551; x_wconf 80' lang='grc' dir='ltr'>αὑτοῦ</span> <span class='ocrx_word' id='word_1_318' title='bbox 1630 523 1822 559; x_wconf 78' lang='grc' dir='ltr'>χειροτονεῖν.</span> 
     </span>
    </p>
   </div>
   <div class='ocr_carea' id='block_1_52' title="bbox 1234 569 1607 602">
    <p class='ocr_par' dir='ltr' id='par_1_52' title="bbox 1234 569 1607 602">
     <span class='ocr_line' id='line_1_52' title="bbox 1234 569 1607 602; baseline -0.003 -4"><span class='ocrx_word' id='word_1_319' title='bbox 1234 571 1426 598; x_wconf 76' lang='grc' dir='ltr'>Ἀποστόλων</span> <span class='ocrx_word' id='word_1_320' title='bbox 1441 569 1541 597; x_wconf 83' lang='grc' dir='ltr'>κανὼν</span> <span class='ocrx_word' id='word_1_321' title='bbox 1554 569 1607 602; x_wconf 71' lang='grc' dir='ltr'><strong>σεῖ’.</strong></span> 
     </span>
    </p>
   </div>
   <div class='ocr_carea' id='block_1_53' title="bbox 1069 614 1824 653">
    <p class='ocr_par' dir='ltr' id='par_1_53' title="bbox 1069 614 1824 653">
     <span class='ocr_line' id='line_1_53' title="bbox 1069 614 1824 653; baseline -0.005 -9"><span class='ocrx_word' id='word_1_322' title='bbox 1069 621 1123 650; x_wconf 78' lang='grc' dir='ltr'>ος’.</span> <span class='ocrx_word' id='word_1_323' title='bbox 1140 618 1202 644; x_wconf 83' lang='grc' dir='ltr'><strong>Ὀτι</strong></span> <span class='ocrx_word' id='word_1_324' title='bbox 1217 617 1256 653; x_wconf 82' lang='grc' dir='ltr'>μὴ</span> <span class='ocrx_word' id='word_1_325' title='bbox 1269 617 1322 652; x_wconf 83' lang='grc' dir='ltr'>χρὴ</span> <span class='ocrx_word' id='word_1_326' title='bbox 1341 616 1387 642; x_wconf 79' lang='grc' dir='ltr'>τὸν</span> <span class='ocrx_word' id='word_1_327' title='bbox 1409 615 1560 642; x_wconf 76' lang='grc' dir='ltr'>ἐπίσκοπον</span> <span class='ocrx_word' id='word_1_328' title='bbox 1572 614 1612 650; x_wconf 82' lang='grc' dir='ltr'>τῷ</span> <span class='ocrx_word' id='word_1_329' title='bbox 1631 614 1739 650; x_wconf 78' lang='grc' dir='ltr'>ἀδελφῷ</span> <span class='ocrx_word' id='word_1_330' title='bbox 1751 614 1768 649; x_wconf 81' lang='grc' dir='ltr'>ἢ</span> <span class='ocrx_word' id='word_1_331' title='bbox 1784 614 1824 648; x_wconf 87' lang='grc' dir='ltr'>τῷ</span> 
     </span>
    </p>
   </div>
   <div class='ocr_carea' id='block_1_54' title="bbox 1034 660 1824 699">
    <p class='ocr_par' dir='ltr' id='par_1_54' title="bbox 1034 660 1824 699">
     <span class='ocr_line' id='line_1_54' title="bbox 1034 660 1824 699; baseline -0.005 -9"><span class='ocrx_word' id='word_1_332' title='bbox 1034 663 1084 699; x_wconf 87' lang='grc' dir='ltr'>υἰῷ</span> <span class='ocrx_word' id='word_1_333' title='bbox 1099 663 1115 699; x_wconf 81' lang='grc' dir='ltr'>ἢ</span> <span class='ocrx_word' id='word_1_334' title='bbox 1130 663 1215 699; x_wconf 80' lang='grc' dir='ltr'><strong>ἑτέρῳ</strong></span> <span class='ocrx_word' id='word_1_335' title='bbox 1241 663 1369 696; x_wconf 82' lang='grc' dir='ltr'><strong>συγγενεῖ</strong></span> <span class='ocrx_word' id='word_1_336' title='bbox 1393 661 1573 697; x_wconf 75' lang='grc' dir='ltr'>χαριζόμενον</span> <span class='ocrx_word' id='word_1_337' title='bbox 1594 661 1625 687; x_wconf 78' lang='grc' dir='ltr'>τὸ</span> <span class='ocrx_word' id='word_1_338' title='bbox 1646 660 1755 695; x_wconf 77' lang='grc' dir='ltr'>ἀξίωμα</span> <span class='ocrx_word' id='word_1_339' title='bbox 1773 660 1824 694; x_wconf 83' lang='grc' dir='ltr'>τῆς</span> 
     </span>
    </p>
   </div>
   <div class='ocr_carea' id='block_1_55' title="bbox 1035 705 1825 744">
    <p class='ocr_par' dir='ltr' id='par_1_55' title="bbox 1035 705 1825 744">
     <span class='ocr_line' id='line_1_55' title="bbox 1035 705 1825 744; baseline -0.006 -8"><span class='ocrx_word' id='word_1_340' title='bbox 1035 709 1199 744; x_wconf 76' lang='grc' dir='ltr'>ἐπισκοπῆς,</span> <span class='ocrx_word' id='word_1_341' title='bbox 1223 709 1387 744; x_wconf 73' lang='grc' dir='ltr'><strong>χειροτονεῖν</strong></span> <span class='ocrx_word' id='word_1_342' title='bbox 1414 707 1444 733; x_wconf 84' lang='grc' dir='ltr'><strong>δν</strong></span> <span class='ocrx_word' id='word_1_343' title='bbox 1469 706 1605 741; x_wconf 82' lang='grc' dir='ltr'>βούλεται.</span> <span class='ocrx_word' id='word_1_344' title='bbox 1630 705 1825 741; x_wconf 75' lang='grc' dir='ltr'><strong>κληρονόμους</strong></span> 
     </span>
    </p>
   </div>
   <div class='ocr_carea' id='block_1_56' title="bbox 1034 749 1824 790">
    <p class='ocr_par' dir='ltr' id='par_1_56' title="bbox 1034 749 1824 790">
     <span class='ocr_line' id='line_1_56' title="bbox 1034 749 1824 790; baseline -0.006 -9"><span class='ocrx_word' id='word_1_345' title='bbox 1034 755 1089 790; x_wconf 76' lang='grc' dir='ltr'><strong>γὰρ</strong></span> <span class='ocrx_word' id='word_1_346' title='bbox 1102 755 1153 790; x_wconf 83' lang='grc' dir='ltr'>τῆς</span> <span class='ocrx_word' id='word_1_347' title='bbox 1178 753 1330 788; x_wconf 78' lang='grc' dir='ltr'>ἐπισκοπῆς</span> <span class='ocrx_word' id='word_1_348' title='bbox 1353 752 1500 784; x_wconf 82' lang='grc' dir='ltr'>ποιεῖσθαι,</span> <span class='ocrx_word' id='word_1_349' title='bbox 1526 752 1557 778; x_wconf 80' lang='grc' dir='ltr'>οὐ</span> <span class='ocrx_word' id='word_1_350' title='bbox 1583 751 1697 782; x_wconf 87' lang='grc' dir='ltr'>δίκαιον,</span> <span class='ocrx_word' id='word_1_351' title='bbox 1716 750 1752 777; x_wconf 80' lang='grc' dir='ltr'><strong>τὰ</strong></span> <span class='ocrx_word' id='word_1_352' title='bbox 1774 749 1824 776; x_wconf 83' lang='grc' dir='ltr'>τοῦ</span> 
     </span>
    </p>
   </div>
   <div class='ocr_carea' id='block_1_57' title="bbox 1035 795 1825 836">
    <p class='ocr_par' dir='ltr' id='par_1_57' title="bbox 1035 795 1825 836">
     <span class='ocr_line' id='line_1_57' title="bbox 1035 795 1825 836; baseline -0.006 -9"><span class='ocrx_word' id='word_1_353' title='bbox 1035 801 1102 827; x_wconf 83' lang='grc' dir='ltr'>Θεοῦ</span> <span class='ocrx_word' id='word_1_354' title='bbox 1118 800 1298 836; x_wconf 81' lang='grc' dir='ltr'>χαριζόμενον</span> <span class='ocrx_word' id='word_1_355' title='bbox 1312 798 1394 825; x_wconf 77' lang='grc' dir='ltr'>πάθει</span> <span class='ocrx_word' id='word_1_356' title='bbox 1407 798 1584 833; x_wconf 80' lang='grc' dir='ltr'>ἀνθρωπίνῳ’</span> <span class='ocrx_word' id='word_1_357' title='bbox 1601 797 1632 824; x_wconf 79' lang='grc' dir='ltr'>οὐ</span> <span class='ocrx_word' id='word_1_358' title='bbox 1644 797 1699 832; x_wconf 83' lang='grc' dir='ltr'>γὰρ</span> <span class='ocrx_word' id='word_1_359' title='bbox 1713 797 1764 832; x_wconf 68' lang='grc' dir='ltr'>τὴν</span> <span class='ocrx_word' id='word_1_360' title='bbox 1775 795 1825 822; x_wconf 78' lang='grc' dir='ltr'>τοῦ</span> 
     </span>
    </p>
   </div>
   <div class='ocr_carea' id='block_1_58' title="bbox 1035 842 1823 882">
    <p class='ocr_par' dir='ltr' id='par_1_58' title="bbox 1035 842 1823 882">
     <span class='ocr_line' id='line_1_58' title="bbox 1035 842 1823 882; baseline -0.008 -8"><span class='ocrx_word' id='word_1_361' title='bbox 1035 847 1103 874; x_wconf 82' lang='grc' dir='ltr'>Θεοῦ</span> <span class='ocrx_word' id='word_1_362' title='bbox 1133 847 1296 882; x_wconf 82' lang='grc' dir='ltr'>Ἐκκλησίαν</span> <span class='ocrx_word' id='word_1_363' title='bbox 1311 845 1365 872; x_wconf 80' lang='grc' dir='ltr'>ὑπὸ</span> <span class='ocrx_word' id='word_1_364' title='bbox 1384 844 1566 880; x_wconf 80' lang='grc' dir='ltr'>κληρονομίαν</span> <span class='ocrx_word' id='word_1_365' title='bbox 1585 843 1688 878; x_wconf 79' lang='grc' dir='ltr'><strong>ὀφείλει</strong></span> <span class='ocrx_word' id='word_1_366' title='bbox 1707 842 1823 870; x_wconf 80' lang='grc' dir='ltr'>τιθέναι.</span> 
     </span>
    </p>
   </div>
   <div class='ocr_carea' id='block_1_59' title="bbox 1038 889 1826 927">
    <p class='ocr_par' dir='ltr' id='par_1_59' title="bbox 1038 889 1826 927">
     <span class='ocr_line' id='line_1_59' title="bbox 1038 889 1826 927; baseline -0.006 -8"><span class='ocrx_word' id='word_1_367' title='bbox 1038 894 1068 919; x_wconf 83' lang='grc' dir='ltr'><strong>Εἰ</strong></span> <span class='ocrx_word' id='word_1_368' title='bbox 1083 893 1111 920; x_wconf 78' lang='grc' dir='ltr'>δέ</span> <span class='ocrx_word' id='word_1_369' title='bbox 1123 901 1164 924; x_wconf 84' lang='grc' dir='ltr'><strong>τις</strong></span> <span class='ocrx_word' id='word_1_370' title='bbox 1175 892 1255 919; x_wconf 81' lang='grc' dir='ltr'>τοῦτο</span> <span class='ocrx_word' id='word_1_371' title='bbox 1274 892 1392 927; x_wconf 83' lang='grc' dir='ltr'>ποιήσει,</span> <span class='ocrx_word' id='word_1_372' title='bbox 1406 891 1506 926; x_wconf 84' lang='grc' dir='ltr'>ἄκυρος</span> <span class='ocrx_word' id='word_1_373' title='bbox 1523 889 1572 925; x_wconf 72' lang='grc' dir='ltr'>μὲν</span> <span class='ocrx_word' id='word_1_374' title='bbox 1588 889 1659 916; x_wconf 73' lang='grc' dir='ltr'>ἔστω</span> <span class='ocrx_word' id='word_1_375' title='bbox 1672 889 1690 924; x_wconf 83' lang='grc' dir='ltr'><strong>ἡ</strong></span> <span class='ocrx_word' id='word_1_376' title='bbox 1702 896 1826 924; x_wconf 80' lang='grc' dir='ltr'>χειροτο-</span> 
     </span>
    </p>
   </div>
   <div class='ocr_carea' id='block_1_60' title="bbox 997 931 1592 973">
    <p class='ocr_par' dir='ltr' id='par_1_60' title="bbox 997 931 1592 973">
     <span class='ocr_line' id='line_1_60' title="bbox 997 931 1592 973; baseline -0.008 -7"><span class='ocrx_word' id='word_1_377' title='bbox 997 931 1019 958; x_wconf 75' lang='grc' dir='ltr'><strong>Β</strong></span> <span class='ocrx_word' id='word_1_378' title='bbox 1034 940 1089 971; x_wconf 87' lang='grc' dir='ltr'>νία,</span> <span class='ocrx_word' id='word_1_379' title='bbox 1105 939 1187 970; x_wconf 71' lang='grc' dir='ltr'>αὐτὸς</span> <span class='ocrx_word' id='word_1_380' title='bbox 1202 938 1231 965; x_wconf 81' lang='grc' dir='ltr'>δὲ</span> <span class='ocrx_word' id='word_1_381' title='bbox 1247 937 1421 973; x_wconf 77' lang='grc' dir='ltr'>ὲπιτιμάσθω</span> <span class='ocrx_word' id='word_1_382' title='bbox 1435 935 1592 971; x_wconf 82' lang='grc' dir='ltr'>ἀφορισμῷ.</span> 
     </span>
    </p>
   </div>
   <div class='ocr_carea' id='block_1_61' title="bbox 1163 981 1687 1016">
    <p class='ocr_par' dir='ltr' id='par_1_61' title="bbox 1163 981 1687 1016">
     <span class='ocr_line' id='line_1_61' title="bbox 1163 981 1687 1016; baseline -0.008 -5"><span class='ocrx_word' id='word_1_383' title='bbox 1163 984 1299 1011; x_wconf 86' lang='grc' dir='ltr'>Συνόδου</span> <span class='ocrx_word' id='word_1_384' title='bbox 1320 982 1503 1016; x_wconf 82' lang='grc' dir='ltr'><strong>Ἀντιοχείας</strong></span> <span class='ocrx_word' id='word_1_385' title='bbox 1518 981 1620 1008; x_wconf 76' lang='grc' dir='ltr'>κανὼν</span> <span class='ocrx_word' id='word_1_386' title='bbox 1633 983 1687 1015; x_wconf 82' lang='grc' dir='ltr'>κγ’.</span> 
     </span>
    </p>
   </div>
   <div class='ocr_carea' id='block_1_62' title="bbox 1066 1025 1825 1064">
    <p class='ocr_par' dir='ltr' id='par_1_62' title="bbox 1066 1025 1825 1064">
     <span class='ocr_line' id='line_1_62' title="bbox 1066 1025 1825 1064; baseline -0.008 -7"><span class='ocrx_word' id='word_1_387' title='bbox 1066 1033 1120 1064; x_wconf 88' lang='grc' dir='ltr'>κγ’.</span> <span class='ocrx_word' id='word_1_388' title='bbox 1140 1029 1306 1056; x_wconf 84' lang='grc' dir='ltr'>Ἐπίσκοπον</span> <span class='ocrx_word' id='word_1_389' title='bbox 1327 1028 1364 1064; x_wconf 82' lang='grc' dir='ltr'>μὴ</span> <span class='ocrx_word' id='word_1_390' title='bbox 1379 1027 1490 1061; x_wconf 77' lang='grc' dir='ltr'>ἐξεῖναι,</span> <span class='ocrx_word' id='word_1_391' title='bbox 1510 1026 1568 1053; x_wconf 78' lang='grc' dir='ltr'>ἀντ’</span> <span class='ocrx_word' id='word_1_392' title='bbox 1584 1026 1668 1052; x_wconf 76' lang='grc' dir='ltr'>αὑτοῦ</span> <span class='ocrx_word' id='word_1_393' title='bbox 1692 1025 1825 1060; x_wconf 80' lang='grc' dir='ltr'>καθιστᾷν</span> 
     </span>
    </p>
   </div>
   <div class='ocr_carea' id='block_1_63' title="bbox 1031 1070 1823 1111">
    <p class='ocr_par' dir='ltr' id='par_1_63' title="bbox 1031 1070 1823 1111">
     <span class='ocr_line' id='line_1_63' title="bbox 1031 1070 1823 1111; baseline -0.008 -9"><span class='ocrx_word' id='word_1_394' title='bbox 1031 1077 1125 1111; x_wconf 80' lang='grc' dir='ltr'>ἓτερον</span> <span class='ocrx_word' id='word_1_395' title='bbox 1149 1074 1247 1102; x_wconf 76' lang='grc' dir='ltr'>ἑαυτοῦ</span> <span class='ocrx_word' id='word_1_396' title='bbox 1272 1074 1409 1109; x_wconf 73' lang='grc' dir='ltr'>διάδοχονο</span> <span class='ocrx_word' id='word_1_397' title='bbox 1424 1073 1474 1100; x_wconf 82' lang='grc' dir='ltr'>κᾶν</span> <span class='ocrx_word' id='word_1_398' title='bbox 1499 1072 1568 1107; x_wconf 79' lang='grc' dir='ltr'>πρὸς</span> <span class='ocrx_word' id='word_1_399' title='bbox 1593 1073 1627 1107; x_wconf 76' lang='grc' dir='ltr'>τῇ</span> <span class='ocrx_word' id='word_1_400' title='bbox 1642 1071 1756 1106; x_wconf 80' lang='grc' dir='ltr'>τελευτῇ</span> <span class='ocrx_word' id='word_1_401' title='bbox 1774 1070 1823 1097; x_wconf 83' lang='grc' dir='ltr'>τοῦ</span> 
     </span>
    </p>
   </div>
   <div class='ocr_carea' id='block_1_64' title="bbox 1033 1114 1826 1158">
    <p class='ocr_par' dir='ltr' id='par_1_64' title="bbox 1033 1114 1826 1158">
     <span class='ocr_line' id='line_1_64' title="bbox 1033 1114 1826 1158; baseline -0.008 -10"><span class='ocrx_word' id='word_1_402' title='bbox 1033 1122 1088 1158; x_wconf 82' lang='grc' dir='ltr'>βίου</span> <span class='ocrx_word' id='word_1_403' title='bbox 1099 1121 1233 1156; x_wconf 77' lang='grc' dir='ltr'><strong>τυγχάνῃ·</strong></span> <span class='ocrx_word' id='word_1_404' title='bbox 1249 1121 1272 1146; x_wconf 82' lang='grc' dir='ltr'><strong>εί</strong></span> <span class='ocrx_word' id='word_1_405' title='bbox 1287 1120 1315 1146; x_wconf 83' lang='grc' dir='ltr'><em>δέ</em></span> <span class='ocrx_word' id='word_1_406' title='bbox 1328 1128 1355 1146; x_wconf 76' lang='grc' dir='ltr'><strong>τι</strong></span> <span class='ocrx_word' id='word_1_407' title='bbox 1367 1118 1472 1146; x_wconf 77' lang='grc' dir='ltr'>τοιοῦτο</span> <span class='ocrx_word' id='word_1_408' title='bbox 1489 1118 1619 1152; x_wconf 81' lang='grc' dir='ltr'>γίγνοιτο,</span> <span class='ocrx_word' id='word_1_409' title='bbox 1638 1117 1742 1152; x_wconf 76' lang='grc' dir='ltr'>ἄκυρον</span> <span class='ocrx_word' id='word_1_410' title='bbox 1755 1114 1826 1143; x_wconf 76' lang='grc' dir='ltr'>εἶναι</span> 
     </span>
    </p>
   </div>
   <div class='ocr_carea' id='block_1_65' title="bbox 1033 1161 1825 1203">
    <p class='ocr_par' dir='ltr' id='par_1_65' title="bbox 1033 1161 1825 1203">
     <span class='ocr_line' id='line_1_65' title="bbox 1033 1161 1825 1203; baseline -0.009 -9"><span class='ocrx_word' id='word_1_411' title='bbox 1033 1168 1082 1203; x_wconf 78' lang='grc' dir='ltr'>τὴν</span> <span class='ocrx_word' id='word_1_412' title='bbox 1100 1168 1281 1194; x_wconf 58' lang='grc' dir='ltr'>κατάστασιν</span> <span class='ocrx_word' id='word_1_413' title='bbox 1298 1164 1480 1200; x_wconf 79' lang='grc' dir='ltr'>φυλάττεσθαι</span> <span class='ocrx_word' id='word_1_414' title='bbox 1497 1163 1525 1189; x_wconf 83' lang='grc' dir='ltr'>δὲ</span> <span class='ocrx_word' id='word_1_415' title='bbox 1540 1163 1586 1190; x_wconf 82' lang='grc' dir='ltr'>τὸν</span> <span class='ocrx_word' id='word_1_416' title='bbox 1603 1162 1705 1198; x_wconf 81' lang='grc' dir='ltr'>θεσμὸν</span> <span class='ocrx_word' id='word_1_417' title='bbox 1718 1161 1765 1188; x_wconf 79' lang='grc' dir='ltr'><strong>τὸν</strong></span> <span class='ocrx_word' id='word_1_418' title='bbox 1776 1162 1825 1188; x_wconf 81' lang='grc' dir='ltr'><strong>ὲκ-</strong></span> 
     </span>
    </p>
   </div>
   <div class='ocr_carea' id='block_1_66' title="bbox 1032 1207 1824 1250">
    <p class='ocr_par' dir='ltr' id='par_1_66' title="bbox 1032 1207 1824 1250">
     <span class='ocr_line' id='line_1_66' title="bbox 1032 1207 1824 1250; baseline -0.009 -10"><span class='ocrx_word' id='word_1_419' title='bbox 1032 1213 1239 1250; x_wconf 73' lang='grc' dir='ltr'>κλησιαστικδν,</span> <span class='ocrx_word' id='word_1_420' title='bbox 1256 1212 1418 1247; x_wconf 81' lang='grc' dir='ltr'>περιέχοντα</span> <span class='ocrx_word' id='word_1_421' title='bbox 1435 1210 1473 1245; x_wconf 74' lang='grc' dir='ltr'>μὴ</span> <span class='ocrx_word' id='word_1_422' title='bbox 1487 1209 1541 1236; x_wconf 88' lang='grc' dir='ltr'>δεῖν</span> <span class='ocrx_word' id='word_1_423' title='bbox 1551 1209 1639 1240; x_wconf 77' lang='grc' dir='ltr'>ἄλλως</span> <span class='ocrx_word' id='word_1_424' title='bbox 1656 1207 1790 1242; x_wconf 81' lang='grc' dir='ltr'>γίνεσθαι,</span> <span class='ocrx_word' id='word_1_425' title='bbox 1806 1207 1824 1241; x_wconf 83' lang='grc' dir='ltr'>ἢ</span> 
     </span>
    </p>
   </div>
   <div class='ocr_carea' id='block_1_67' title="bbox 1034 1252 1826 1294">
    <p class='ocr_par' dir='ltr' id='par_1_67' title="bbox 1034 1252 1826 1294">
     <span class='ocr_line' id='line_1_67' title="bbox 1034 1252 1826 1294; baseline -0.01 -9"><span class='ocrx_word' id='word_1_426' title='bbox 1034 1259 1103 1294; x_wconf 73' lang='grc' dir='ltr'>μετὰ</span> <span class='ocrx_word' id='word_1_427' title='bbox 1128 1257 1237 1284; x_wconf 81' lang='grc' dir='ltr'>συνόδου</span> <span class='ocrx_word' id='word_1_428' title='bbox 1254 1257 1300 1284; x_wconf 73' lang='grc' dir='ltr'><strong>καὶ</strong></span> <span class='ocrx_word' id='word_1_429' title='bbox 1322 1255 1487 1290; x_wconf 76' lang='grc' dir='ltr'>ἐπικρίσεως</span> <span class='ocrx_word' id='word_1_430' title='bbox 1509 1254 1666 1280; x_wconf 76' lang='grc' dir='ltr'>ἐπισκόπων</span> <span class='ocrx_word' id='word_1_431' title='bbox 1683 1252 1737 1279; x_wconf 84' lang='grc' dir='ltr'><strong>τῶν</strong></span> <span class='ocrx_word' id='word_1_432' title='bbox 1755 1252 1826 1287; x_wconf 77' lang='grc' dir='ltr'>μετὰ</span> 
     </span>
    </p>
   </div>
   <div class='ocr_carea' id='block_1_68' title="bbox 1031 1299 1826 1342">
    <p class='ocr_par' dir='ltr' id='par_1_68' title="bbox 1031 1299 1826 1342">
     <span class='ocr_line' id='line_1_68' title="bbox 1031 1299 1826 1342; baseline -0.009 -10"><span class='ocrx_word' id='word_1_433' title='bbox 1031 1306 1081 1342; x_wconf 82' lang='grc' dir='ltr'>τὴν</span> <span class='ocrx_word' id='word_1_434' title='bbox 1096 1306 1224 1341; x_wconf 78' lang='grc' dir='ltr'>κοίμησιν</span> <span class='ocrx_word' id='word_1_435' title='bbox 1236 1304 1283 1331; x_wconf 85' lang='grc' dir='ltr'>τοῦ</span> <span class='ocrx_word' id='word_1_436' title='bbox 1299 1302 1528 1338; x_wconf 75' lang='grc' dir='ltr'>ἀναπαυσαμένου</span> <span class='ocrx_word' id='word_1_437' title='bbox 1543 1301 1593 1328; x_wconf 72' lang='grc' dir='ltr'><strong>τὴν</strong></span> <span class='ocrx_word' id='word_1_438' title='bbox 1608 1299 1732 1332; x_wconf 73' lang='grc' dir='ltr'>ἐξουσίαν</span> <span class='ocrx_word' id='word_1_439' title='bbox 1748 1299 1826 1334; x_wconf 72' lang='grc' dir='ltr'>ἐχόν-</span> 
     </span>
    </p>
   </div>
   <div class='ocr_carea' id='block_1_69' title="bbox 1032 1348 1492 1386">
    <p class='ocr_par' dir='ltr' id='par_1_69' title="bbox 1032 1348 1492 1386">
     <span class='ocr_line' id='line_1_69' title="bbox 1032 1348 1492 1386; baseline -0.009 -8"><span class='ocrx_word' id='word_1_440' title='bbox 1032 1360 1086 1378; x_wconf 87' lang='grc' dir='ltr'><strong>των</strong></span> <span class='ocrx_word' id='word_1_441' title='bbox 1100 1351 1147 1377; x_wconf 77' lang='grc' dir='ltr'>τοῦ</span> <span class='ocrx_word' id='word_1_442' title='bbox 1162 1349 1329 1386; x_wconf 76' lang='grc' dir='ltr'>προάγεσθαι</span> <span class='ocrx_word' id='word_1_443' title='bbox 1343 1349 1391 1375; x_wconf 75' lang='grc' dir='ltr'>τὸν</span> <span class='ocrx_word' id='word_1_444' title='bbox 1407 1348 1492 1380; x_wconf 79' lang='grc' dir='ltr'>ἄξιον.</span> 
     </span>
    </p>
   </div>
   <div class='ocr_carea' id='block_1_70' title="bbox 1068 1391 1820 1428">
    <p class='ocr_par' dir='ltr' id='par_1_70' title="bbox 1068 1391 1820 1428">
     <span class='ocr_line' id='line_1_70' title="bbox 1068 1391 1820 1428; baseline -0.009 -4"><span class='ocrx_word' id='word_1_445' title='bbox 1068 1397 1192 1423; x_wconf 81' lang='grc' dir='ltr'><strong>ΚΕΦΑΛ.</strong></span> <span class='ocrx_word' id='word_1_446' title='bbox 1205 1397 1256 1425; x_wconf 86' lang='grc' dir='ltr'><strong>ΙΘ’,</strong></span> <span class='ocrx_word' id='word_1_447' title='bbox 1268 1409 1303 1416; x_wconf 86' lang='lat'><strong>——</strong></span> <span class='ocrx_word' id='word_1_448' title='bbox 1326 1394 1394 1428; x_wconf 74' lang='grc' dir='ltr'>Περὶ</span> <span class='ocrx_word' id='word_1_449' title='bbox 1423 1394 1477 1420; x_wconf 83' lang='grc' dir='ltr'>τοῦ</span> <span class='ocrx_word' id='word_1_450' title='bbox 1489 1393 1531 1428; x_wconf 84' lang='grc' dir='ltr'>μὴ</span> <span class='ocrx_word' id='word_1_451' title='bbox 1546 1392 1649 1424; x_wconf 74' lang='grc' dir='ltr'>ἁπλῶς</span> <span class='ocrx_word' id='word_1_452' title='bbox 1670 1391 1706 1418; x_wconf 75' lang='grc' dir='ltr'><strong>ἐν</strong></span> <span class='ocrx_word' id='word_1_453' title='bbox 1733 1391 1820 1418; x_wconf 78' lang='grc' dir='ltr'>πόλει</span> 
     </span>
    </p>
   </div>
   <div class='ocr_carea' id='block_1_71' title="bbox 1031 1439 1632 1477">
    <p class='ocr_par' dir='ltr' id='par_1_71' title="bbox 1031 1439 1632 1477">
     <span class='ocr_line' id='line_1_71' title="bbox 1031 1439 1632 1477; baseline -0.008 -8"><span class='ocrx_word' id='word_1_454' title='bbox 1031 1443 1160 1477; x_wconf 74' lang='grc' dir='ltr'>,βραχείᾳ</span> <span class='ocrx_word' id='word_1_455' title='bbox 1172 1442 1190 1476; x_wconf 84' lang='grc' dir='ltr'>ἢ</span> <span class='ocrx_word' id='word_1_456' title='bbox 1203 1442 1285 1476; x_wconf 80' lang='grc' dir='ltr'>κώμῃ</span> <span class='ocrx_word' id='word_1_457' title='bbox 1302 1441 1437 1476; x_wconf 76' lang='grc' dir='ltr'>τίνεσθαι</span> <span class='ocrx_word' id='word_1_458' title='bbox 1455 1439 1632 1466; x_wconf 78' lang='grc' dir='ltr'>ἐπίσκοπον.</span> 
     </span>
    </p>
   </div>
   <div class='ocr_carea' id='block_1_72' title="bbox 1171 1482 1688 1517">
    <p class='ocr_par' dir='ltr' id='par_1_72' title="bbox 1171 1482 1688 1517">
     <span class='ocr_line' id='line_1_72' title="bbox 1171 1482 1688 1517; baseline -0.01 -2"><span class='ocrx_word' id='word_1_459' title='bbox 1171 1487 1304 1515; x_wconf 81' lang='grc' dir='ltr'>Συνόὸου</span> <span class='ocrx_word' id='word_1_460' title='bbox 1320 1486 1495 1517; x_wconf 74' lang='grc' dir='ltr'>Λαοδικείας</span> <span class='ocrx_word' id='word_1_461' title='bbox 1516 1492 1554 1511; x_wconf 78' lang='grc' dir='ltr'><strong>κα</strong></span> <span class='ocrx_word' id='word_1_462' title='bbox 1562 1484 1624 1511; x_wconf 79' lang='grc' dir='ltr'><strong>νὼν</strong></span> <span class='ocrx_word' id='word_1_463' title='bbox 1638 1482 1688 1515; x_wconf 79' lang='grc' dir='ltr'>νζ’.</span> 
     </span>
    </p>
   </div>
   <div class='ocr_carea' id='block_1_73' title="bbox 1069 1528 1828 1566">
    <p class='ocr_par' dir='ltr' id='par_1_73' title="bbox 1069 1528 1828 1566">
     <span class='ocr_line' id='line_1_73' title="bbox 1069 1528 1828 1566; baseline -0.009 -5"><span class='ocrx_word' id='word_1_464' title='bbox 1069 1534 1118 1566; x_wconf 76' lang='grc' dir='ltr'>νζ’.</span> <span class='ocrx_word' id='word_1_465' title='bbox 1134 1534 1196 1560; x_wconf 81' lang='grc' dir='ltr'>’Ότι</span> <span class='ocrx_word' id='word_1_466' title='bbox 1206 1533 1237 1560; x_wconf 80' lang='grc' dir='ltr'>οὐ</span> <span class='ocrx_word' id='word_1_467' title='bbox 1251 1533 1291 1559; x_wconf 85' lang='grc' dir='ltr'>δεῖ</span> <span class='ocrx_word' id='word_1_468' title='bbox 1305 1532 1333 1558; x_wconf 79' lang='grc' dir='ltr'>ὲν</span> <span class='ocrx_word' id='word_1_469' title='bbox 1349 1532 1409 1562; x_wconf 84' lang='grc' dir='ltr'>ταῖς</span> <span class='ocrx_word' id='word_1_470' title='bbox 1423 1530 1531 1566; x_wconf 81' lang='grc' dir='ltr'>κώμαις</span> <span class='ocrx_word' id='word_1_471' title='bbox 1544 1530 1595 1556; x_wconf 79' lang='grc' dir='ltr'>καὶ</span> <span class='ocrx_word' id='word_1_472' title='bbox 1609 1530 1638 1556; x_wconf 85' lang='grc' dir='ltr'>ὲν</span> <span class='ocrx_word' id='word_1_473' title='bbox 1650 1530 1709 1560; x_wconf 81' lang='grc' dir='ltr'>ταῖς</span> <span class='ocrx_word' id='word_1_474' title='bbox 1723 1528 1828 1563; x_wconf 85' lang='grc' dir='ltr'>χώραις</span> 
     </span>
    </p>
   </div>
   <div class='ocr_carea' id='block_1_74' title="bbox 1036 1574 1826 1610">
    <p class='ocr_par' dir='ltr' id='par_1_74' title="bbox 1036 1574 1826 1610">
     <span class='ocr_line' id='line_1_74' title="bbox 1036 1574 1826 1610; baseline -0.008 -5"><span class='ocrx_word' id='word_1_475' title='bbox 1036 1578 1216 1606; x_wconf 79' lang='grc' dir='ltr'>καθίστασθαι</span> <span class='ocrx_word' id='word_1_476' title='bbox 1232 1578 1398 1608; x_wconf 72' lang='grc' dir='ltr'>ἐπισκόπους</span> <span class='ocrx_word' id='word_1_477' title='bbox 1412 1576 1479 1603; x_wconf 77' lang='grc' dir='ltr'>ἀλλὰ</span> <span class='ocrx_word' id='word_1_478' title='bbox 1494 1574 1681 1610; x_wconf 80' lang='grc' dir='ltr'>περιοδευτὰς,</span> <span class='ocrx_word' id='word_1_479' title='bbox 1696 1575 1758 1605; x_wconf 78' lang='grc' dir='ltr'>τοὺς</span> <span class='ocrx_word' id='word_1_480' title='bbox 1775 1574 1826 1608; x_wconf 80' lang='grc' dir='ltr'>μέν</span> 
     </span>
    </p>
   </div>
   <div class='ocr_carea' id='block_1_75' title="bbox 1037 1620 1828 1660">
    <p class='ocr_par' dir='ltr' id='par_1_75' title="bbox 1037 1620 1828 1660">
     <span class='ocr_line' id='line_1_75' title="bbox 1037 1620 1828 1660; baseline -0.008 -9"><span class='ocrx_word' id='word_1_481' title='bbox 1037 1634 1078 1652; x_wconf 82' lang='grc' dir='ltr'><strong>τοι</strong></span> <span class='ocrx_word' id='word_1_482' title='bbox 1102 1625 1153 1660; x_wconf 77' lang='grc' dir='ltr'>ἥδη</span> <span class='ocrx_word' id='word_1_483' title='bbox 1179 1623 1464 1659; x_wconf 78' lang='grc' dir='ltr'>προκατασταοέντας,</span> <span class='ocrx_word' id='word_1_484' title='bbox 1493 1622 1577 1657; x_wconf 80' lang='grc' dir='ltr'>μηδὲν</span> <span class='ocrx_word' id='word_1_485' title='bbox 1603 1621 1735 1655; x_wconf 79' lang='grc' dir='ltr'>πράττειν</span> <span class='ocrx_word' id='word_1_486' title='bbox 1761 1620 1828 1646; x_wconf 80' lang='grc' dir='ltr'>ἄνευ</span> 
     </span>
    </p>
   </div>
   <div class='ocr_carea' id='block_1_76' title="bbox 1037 1665 1829 1705">
    <p class='ocr_par' dir='ltr' id='par_1_76' title="bbox 1037 1665 1829 1705">
     <span class='ocr_line' id='line_1_76' title="bbox 1037 1665 1829 1705; baseline -0.009 -8"><span class='ocrx_word' id='word_1_487' title='bbox 1037 1670 1149 1705; x_wconf 88' lang='grc' dir='ltr'>γνώμης</span> <span class='ocrx_word' id='word_1_488' title='bbox 1164 1669 1212 1696; x_wconf 86' lang='grc' dir='ltr'>τοῦ</span> <span class='ocrx_word' id='word_1_489' title='bbox 1230 1669 1380 1696; x_wconf 77' lang='grc' dir='ltr'>ἐπισκόπου</span> <span class='ocrx_word' id='word_1_490' title='bbox 1395 1669 1442 1694; x_wconf 87' lang='grc' dir='ltr'>τοῦ</span> <span class='ocrx_word' id='word_1_491' title='bbox 1454 1669 1482 1694; x_wconf 80' lang='grc' dir='ltr'>ἐν</span> <span class='ocrx_word' id='word_1_492' title='bbox 1494 1668 1527 1702; x_wconf 85' lang='grc' dir='ltr'><strong>τῇ</strong></span> <span class='ocrx_word' id='word_1_493' title='bbox 1544 1667 1619 1693; x_wconf 87' lang='grc' dir='ltr'>πόλει</span> <span class='ocrx_word' id='word_1_494' title='bbox 1632 1674 1639 1681; x_wconf 83' lang='grc'>⁶</span> <span class='ocrx_word' id='word_1_495' title='bbox 1654 1665 1785 1696; x_wconf 78' lang='grc' dir='ltr'>ὡσαύτως</span> <span class='ocrx_word' id='word_1_496' title='bbox 1799 1665 1829 1690; x_wconf 78' lang='grc' dir='ltr'>δὲ</span> 
     </span>
    </p>
   </div>
   <div class='ocr_carea' id='block_1_77' title="bbox 1038 1710 1830 1750">
    <p class='ocr_par' dir='ltr' id='par_1_77' title="bbox 1038 1710 1830 1750">
     <span class='ocr_line' id='line_1_77' title="bbox 1038 1710 1830 1750; baseline -0.008 -8"><span class='ocrx_word' id='word_1_497' title='bbox 1038 1716 1084 1743; x_wconf 72' lang='grc' dir='ltr'>καὶ</span> <span class='ocrx_word' id='word_1_498' title='bbox 1095 1716 1158 1746; x_wconf 80' lang='grc' dir='ltr'>τοὺς</span> <span class='ocrx_word' id='word_1_499' title='bbox 1170 1715 1385 1750; x_wconf 75' lang='grc' dir='ltr'>πρεσϐυτέρους,</span> <span class='ocrx_word' id='word_1_500' title='bbox 1400 1713 1483 1749; x_wconf 80' lang='grc' dir='ltr'>μηδὲν</span> <span class='ocrx_word' id='word_1_501' title='bbox 1497 1713 1627 1748; x_wconf 76' lang='grc' dir='ltr'>πράττειν</span> <span class='ocrx_word' id='word_1_502' title='bbox 1637 1712 1702 1739; x_wconf 73' lang='grc' dir='ltr'>ἄνευ</span> <span class='ocrx_word' id='word_1_503' title='bbox 1715 1710 1830 1746; x_wconf 79' lang='grc' dir='ltr'>γνώμης</span> 
     </span>
    </p>
   </div>
   <div class='ocr_carea' id='block_1_78' title="bbox 1038 1762 1264 1790">
    <p class='ocr_par' dir='ltr' id='par_1_78' title="bbox 1038 1762 1264 1790">
     <span class='ocr_line' id='line_1_78' title="bbox 1038 1762 1264 1790; baseline -0.004 -2"><span class='ocrx_word' id='word_1_504' title='bbox 1038 1762 1085 1789; x_wconf 79' lang='grc' dir='ltr'>τοῦ</span> <span class='ocrx_word' id='word_1_505' title='bbox 1101 1762 1264 1790; x_wconf 75' lang='grc' dir='ltr'>ἐπισκόπου.</span> 
     </span>
    </p>
   </div>
   <div class='ocr_carea' id='block_1_79' title="bbox 1191 1803 1667 1839">
    <p class='ocr_par' dir='ltr' id='par_1_79' title="bbox 1191 1803 1667 1839">
     <span class='ocr_line' id='line_1_79' title="bbox 1191 1803 1667 1839; baseline -0.008 -5"><span class='ocrx_word' id='word_1_506' title='bbox 1191 1806 1325 1834; x_wconf 77' lang='grc' dir='ltr'>Συνόὸου</span> <span class='ocrx_word' id='word_1_507' title='bbox 1346 1804 1495 1839; x_wconf 82' lang='grc' dir='ltr'>Σαρδικῆς</span> <span class='ocrx_word' id='word_1_508' title='bbox 1514 1803 1614 1831; x_wconf 78' lang='grc' dir='ltr'>κανὼν</span> <span class='ocrx_word' id='word_1_509' title='bbox 1629 1805 1667 1836; x_wconf 81' lang='grc' dir='ltr'><strong>ς’.</strong></span> 
     </span>
    </p>
   </div>
   <div class='ocr_carea' id='block_1_80' title="bbox 1074 1847 1828 1885">
    <p class='ocr_par' dir='ltr' id='par_1_80' title="bbox 1074 1847 1828 1885">
     <span class='ocr_line' id='line_1_80' title="bbox 1074 1847 1828 1885; baseline -0.011 -5"><span class='ocrx_word' id='word_1_510' title='bbox 1074 1854 1167 1884; x_wconf 87' lang='grc' dir='ltr'>Ὀσιος</span> <span class='ocrx_word' id='word_1_511' title='bbox 1181 1852 1328 1883; x_wconf 74' lang='grc' dir='ltr'>ἐπίσκοπος</span> <span class='ocrx_word' id='word_1_512' title='bbox 1339 1849 1432 1878; x_wconf 75' lang='grc' dir='ltr'>εἶπεν·</span> <span class='ocrx_word' id='word_1_513' title='bbox 1456 1850 1518 1877; x_wconf 78' lang='grc' dir='ltr'><strong>Ἐὰν</strong></span> <span class='ocrx_word' id='word_1_514' title='bbox 1533 1849 1623 1885; x_wconf 78' lang='grc' dir='ltr'>συμόῇ</span> <span class='ocrx_word' id='word_1_515' title='bbox 1637 1850 1666 1876; x_wconf 80' lang='grc' dir='ltr'>ὲν</span> <span class='ocrx_word' id='word_1_516' title='bbox 1678 1848 1727 1883; x_wconf 81' lang='grc' dir='ltr'><strong>μιᾷ</strong></span> <span class='ocrx_word' id='word_1_517' title='bbox 1740 1847 1828 1882; x_wconf 77' lang='grc' dir='ltr'>ἐπαρ-</span> 
     </span>
    </p>
   </div>
   <div class='ocr_carea' id='block_1_81' title="bbox 1038 1894 1726 1935">
    <p class='ocr_par' dir='ltr' id='par_1_81' title="bbox 1038 1894 1726 1935">
     <span class='ocr_line' id='line_1_81' title="bbox 1038 1894 1726 1935; baseline -0.006 -9"><span class='ocrx_word' id='word_1_518' title='bbox 1038 1898 1095 1935; x_wconf 77' lang='grc' dir='ltr'>χίᾳ,</span> <span class='ocrx_word' id='word_1_519' title='bbox 1109 1907 1135 1925; x_wconf 88' lang='grc' dir='ltr'>κ.</span> <span class='ocrx_word' id='word_1_520' title='bbox 1151 1906 1177 1925; x_wconf 85' lang='grc' dir='ltr'>τ.</span> <span class='ocrx_word' id='word_1_521' title='bbox 1197 1897 1222 1924; x_wconf 90' lang='grc' dir='ltr'>λ.</span> <span class='ocrx_word' id='word_1_522' title='bbox 1245 1897 1439 1932; x_wconf 75' lang='grc' dir='ltr'>’Δπεκρίναντο</span> <span class='ocrx_word' id='word_1_523' title='bbox 1458 1895 1569 1928; x_wconf 79' lang='grc' dir='ltr'>πάντες,</span> <span class='ocrx_word' id='word_1_524' title='bbox 1591 1894 1726 1930; x_wconf 69' lang='grc' dir='ltr'>Ἀρέσκει.</span> 
     </span>
    </p>
   </div>
   <div class='ocr_carea' id='block_1_82' title="bbox 1076 1983 1831 2020">
    <p class='ocr_par' dir='ltr' id='par_1_82' title="bbox 1076 1983 1831 2020">
     <span class='ocr_line' id='line_1_82' title="bbox 1076 1983 1831 2020; baseline -0.007 -5"><span class='ocrx_word' id='word_1_525' title='bbox 1076 1988 1202 2015; x_wconf 81' lang='grc' dir='ltr'><strong>ΚΕΦΛΛ.</strong></span> <span class='ocrx_word' id='word_1_526' title='bbox 1220 1987 1263 2014; x_wconf 69' lang='grc' dir='ltr'><strong>ις’.</strong></span> <span class='ocrx_word' id='word_1_527' title='bbox 1286 2001 1314 2006; x_wconf 90' lang='grc'><strong><em>-</em></strong></span> <span class='ocrx_word' id='word_1_528' title='bbox 1331 1986 1399 2020; x_wconf 74' lang='grc' dir='ltr'>Περὶ</span> <span class='ocrx_word' id='word_1_529' title='bbox 1414 1985 1466 2013; x_wconf 78' lang='grc' dir='ltr'>τοῦ</span> <span class='ocrx_word' id='word_1_530' title='bbox 1486 1986 1528 2020; x_wconf 78' lang='grc' dir='ltr'>μὴ</span> <span class='ocrx_word' id='word_1_531' title='bbox 1542 1983 1617 2012; x_wconf 76' lang='grc' dir='ltr'>εἶναι</span> <span class='ocrx_word' id='word_1_532' title='bbox 1631 1983 1726 2019; x_wconf 80' lang='grc' dir='ltr'>ἐγμιᾷ</span> <span class='ocrx_word' id='word_1_533' title='bbox 1742 1984 1831 2017; x_wconf 79' lang='grc' dir='ltr'>ἐπαρ-</span> 
     </span>
    </p>
   </div>
   <div class='ocr_carea' id='block_1_83' title="bbox 1038 2024 1830 2068">
    <p class='ocr_par' dir='ltr' id='par_1_83' title="bbox 1038 2024 1830 2068">
     <span class='ocr_line' id='line_1_83' title="bbox 1038 2024 1830 2068; baseline -0.005 -8"><span class='ocrx_word' id='word_1_534' title='bbox 1038 2033 1089 2068; x_wconf 81' lang='grc' dir='ltr'>χίᾳ</span> <span class='ocrx_word' id='word_1_535' title='bbox 1127 2033 1181 2060; x_wconf 83' lang='grc' dir='ltr'>δύο</span> <span class='ocrx_word' id='word_1_536' title='bbox 1207 2032 1438 2067; x_wconf 71' lang='grc' dir='ltr'>μητροπολίτας,</span> <span class='ocrx_word' id='word_1_537' title='bbox 1471 2031 1490 2065; x_wconf 84' lang='grc' dir='ltr'><em>ἣ</em></span> <span class='ocrx_word' id='word_1_538' title='bbox 1516 2031 1550 2057; x_wconf 75' lang='grc' dir='ltr'><strong>ἐν·</strong></span> <span class='ocrx_word' id='word_1_539' title='bbox 1584 2024 1637 2065; x_wconf 66' lang='grc' dir='ltr'><strong>ιὶιᾷ</strong></span> <span class='ocrx_word' id='word_1_540' title='bbox 1661 2030 1747 2057; x_wconf 76' lang='grc' dir='ltr'>πόλει</span> <span class='ocrx_word' id='word_1_541' title='bbox 1773 2030 1830 2057; x_wconf 78' lang='grc' dir='ltr'>δύο</span> 
     </span>
    </p>
   </div>
   <div class='ocr_carea' id='block_1_84' title="bbox 1042 2076 1791 2112">
    <p class='ocr_par' dir='ltr' id='par_1_84' title="bbox 1042 2076 1791 2112">
     <span class='ocr_line' id='line_1_84' title="bbox 1042 2076 1791 2112; baseline -0.003 -6"><span class='ocrx_word' id='word_1_542' title='bbox 1042 2079 1238 2111; x_wconf 77' lang='grc' dir='ltr'>ἐπισκόπους,</span> <span class='ocrx_word' id='word_1_543' title='bbox 1254 2078 1273 2112; x_wconf 83' lang='grc' dir='ltr'><strong>ἢ</strong></span> <span class='ocrx_word' id='word_1_544' title='bbox 1294 2078 1329 2105; x_wconf 76' lang='grc' dir='ltr'>ἐν</span> <span class='ocrx_word' id='word_1_545' title='bbox 1347 2077 1401 2104; x_wconf 81' lang='grc' dir='ltr'>δύο</span> <span class='ocrx_word' id='word_1_546' title='bbox 1416 2077 1544 2104; x_wconf 82' lang='grc' dir='ltr'>πόλεσιν</span> <span class='ocrx_word' id='word_1_547' title='bbox 1565 2076 1618 2103; x_wconf 73' lang='grc' dir='ltr'><strong>ἕνα</strong></span> <span class='ocrx_word' id='word_1_548' title='bbox 1637 2077 1791 2110; x_wconf 75' lang='grc' dir='ltr'>κληρικὸν.</span> 
     </span>
    </p>
   </div>
   <div class='ocr_carea' id='block_1_85' title="bbox 1212 2122 1647 2158">
    <p class='ocr_par' dir='ltr' id='par_1_85' title="bbox 1212 2122 1647 2158">
     <span class='ocr_line' id='line_1_85' title="bbox 1212 2122 1647 2158; baseline -0.005 -7"><span class='ocrx_word' id='word_1_549' title='bbox 1212 2124 1349 2151; x_wconf 80' lang='grc' dir='ltr'>Συνὸδου</span> <span class='ocrx_word' id='word_1_550' title='bbox 1361 2124 1484 2156; x_wconf 84' lang='grc' dir='ltr'>Νικαίας</span> <span class='ocrx_word' id='word_1_551' title='bbox 1498 2122 1599 2149; x_wconf 71' lang='grc' dir='ltr'>κανὼν</span> <span class='ocrx_word' id='word_1_552' title='bbox 1612 2126 1647 2158; x_wconf 90' lang='grc' dir='ltr'><strong>η’.</strong></span> 
     </span>
    </p>
   </div>
   <div class='ocr_carea' id='block_1_86' title="bbox 1072 2168 1829 2206">
    <p class='ocr_par' dir='ltr' id='par_1_86' title="bbox 1072 2168 1829 2206">
     <span class='ocr_line' id='line_1_86' title="bbox 1072 2168 1829 2206; baseline -0.004 -9"><span class='ocrx_word' id='word_1_553' title='bbox 1072 2174 1106 2206; x_wconf 83' lang='grc' dir='ltr'><strong>η’.</strong></span> <span class='ocrx_word' id='word_1_554' title='bbox 1124 2171 1193 2204; x_wconf 72' lang='grc' dir='ltr'>Περὶ</span> <span class='ocrx_word' id='word_1_555' title='bbox 1204 2170 1258 2196; x_wconf 86' lang='grc' dir='ltr'>τῶν</span> <span class='ocrx_word' id='word_1_556' title='bbox 1271 2169 1457 2204; x_wconf 79' lang='grc' dir='ltr'>ὀνομαζόντων</span> <span class='ocrx_word' id='word_1_557' title='bbox 1478 2169 1527 2204; x_wconf 81' lang='grc' dir='ltr'>μὲν</span> <span class='ocrx_word' id='word_1_558' title='bbox 1543 2168 1660 2200; x_wconf 80' lang='grc' dir='ltr'>ἑαυτοὺς</span> <span class='ocrx_word' id='word_1_559' title='bbox 1678 2168 1829 2202; x_wconf 77' lang='grc' dir='ltr'>καθαροὺς,</span> 
     </span>
    </p>
   </div>
   <div class='ocr_carea' id='block_1_87' title="bbox 1039 2213 1831 2251">
    <p class='ocr_par' dir='ltr' id='par_1_87' title="bbox 1039 2213 1831 2251">
     <span class='ocr_line' id='line_1_87' title="bbox 1039 2213 1831 2251; baseline -0.004 -9"><span class='ocrx_word' id='word_1_560' title='bbox 1039 2215 1269 2251; x_wconf 82' lang='grc' dir='ltr'>προσερχομένων</span> <span class='ocrx_word' id='word_1_561' title='bbox 1282 2214 1310 2241; x_wconf 78' lang='grc' dir='ltr'>δὲ</span> <span class='ocrx_word' id='word_1_562' title='bbox 1375 2214 1505 2249; x_wconf 81' lang='grc' dir='ltr'>καθολικῇ</span> <span class='ocrx_word' id='word_1_563' title='bbox 1520 2215 1565 2240; x_wconf 73' lang='grc' dir='ltr'>καὶ</span> <span class='ocrx_word' id='word_1_564' title='bbox 1578 2213 1744 2248; x_wconf 82' lang='grc' dir='ltr'>ὰποστολικῇ</span> <span class='ocrx_word' id='word_1_565' title='bbox 1766 2213 1831 2240; x_wconf 84' lang='grc' dir='ltr'><strong>Ἐκ-</strong></span> 
     </span>
    </p>
   </div>
   <div class='ocr_carea' id='block_1_88' title="bbox 197 2256 984 2298">
    <p class='ocr_par' dir='ltr' id='par_1_88' title="bbox 197 2256 984 2295">
     <span class='ocr_line' id='line_1_88' title="bbox 197 2256 984 2295; baseline 0.005 -11"><span class='ocrx_word' id='word_1_566' title='bbox 197 2257 276 2284; x_wconf 85' lang='lat' dir='ltr'><strong>licam</strong></span> <span class='ocrx_word' id='word_1_567' title='bbox 294 2256 442 2284; x_wconf 90' lang='lat' dir='ltr'><strong>Ecclesiam</strong></span> <span class='ocrx_word' id='word_1_568' title='bbox 464 2258 608 2291; x_wconf 84' lang='lat' dir='ltr'><strong>accedunt,</strong></span> <span class='ocrx_word' id='word_1_569' title='bbox 636 2263 738 2285; x_wconf 68' lang='lat' dir='ltr'><strong>sancte</strong></span> <span class='ocrx_word' id='word_1_570' title='bbox 761 2266 866 2294; x_wconf 62' lang='lat' dir='ltr'><strong>magna</strong></span> <span class='ocrx_word' id='word_1_571' title='bbox 880 2261 984 2295; x_wconf 86' lang='lat' dir='ltr'><strong>synodo</strong></span> 
     </span>
    </p>
   </div>
   <div class='ocr_carea' id='block_1_89' title="bbox 1042 2256 1831 2298">
    <p class='ocr_par' dir='ltr' id='par_1_89' title="bbox 1042 2258 1831 2298">
     <span class='ocr_line' id='line_1_89' title="bbox 1042 2258 1831 2298; baseline -0.005 -10"><span class='ocrx_word' id='word_1_572' title='bbox 1042 2262 1148 2298; x_wconf 77' lang='grc' dir='ltr'>κλησίᾳ,</span> <span class='ocrx_word' id='word_1_573' title='bbox 1172 2261 1244 2293; x_wconf 71' lang='grc' dir='ltr'>ἔδοξε</span> <span class='ocrx_word' id='word_1_574' title='bbox 1268 2263 1301 2296; x_wconf 80' lang='grc' dir='ltr'>τῇ</span> <span class='ocrx_word' id='word_1_575' title='bbox 1327 2260 1394 2296; x_wconf 71' lang='grc' dir='ltr'>ἁγία</span> <span class='ocrx_word' id='word_1_576' title='bbox 1416 2260 1463 2286; x_wconf 80' lang='grc' dir='ltr'>καὶ</span> <span class='ocrx_word' id='word_1_577' title='bbox 1490 2259 1596 2295; x_wconf 82' lang='grc' dir='ltr'>μεγάλῃ</span> <span class='ocrx_word' id='word_1_578' title='bbox 1619 2259 1731 2294; x_wconf 80' lang='grc' dir='ltr'>συνόδῳ.</span> <span class='ocrx_word' id='word_1_579' title='bbox 1757 2258 1831 2285; x_wconf 82' lang='grc' dir='ltr'>ὥστε</span> 
     </span>
    </p>
   </div>
   <div class='ocr_carea' id='block_1_90' title="bbox 195 2303 986 2338">
    <p class='ocr_par' dir='ltr' id='par_1_90' title="bbox 195 2303 986 2338">
     <span class='ocr_line' id='line_1_90' title="bbox 195 2303 986 2338; baseline 0.004 -9"><span class='ocrx_word' id='word_1_580' title='bbox 195 2303 286 2330; x_wconf 74' lang='lat' dir='ltr'><strong>visum</strong></span> <span class='ocrx_word' id='word_1_581' title='bbox 304 2308 356 2336; x_wconf 89' lang='lat' dir='ltr'><strong>est,</strong></span> <span class='ocrx_word' id='word_1_582' title='bbox 379 2307 409 2330; x_wconf 90' lang='lat' dir='ltr'><strong>ut</strong></span> <span class='ocrx_word' id='word_1_583' title='bbox 433 2304 568 2338; x_wconf 84' lang='lat' dir='ltr'><strong>impositis</strong></span> <span class='ocrx_word' id='word_1_584' title='bbox 594 2305 635 2332; x_wconf 88' lang='lat' dir='ltr'><strong>eis</strong></span> <span class='ocrx_word' id='word_1_585' title='bbox 661 2305 788 2332; x_wconf 90' lang='lat' dir='ltr'><strong>manibus</strong></span> <span class='ocrx_word' id='word_1_586' title='bbox 803 2305 843 2333; x_wconf 84' lang='lat' dir='ltr'><strong>sic</strong></span> <span class='ocrx_word' id='word_1_587' title='bbox 865 2306 892 2333; x_wconf 93' lang='lat' dir='ltr'><strong>in</strong></span> <span class='ocrx_word' id='word_1_588' title='bbox 911 2307 986 2334; x_wconf 85' lang='lat' dir='ltr'><strong>clero</strong></span> 
     </span>
    </p>
   </div>
   <div class='ocr_carea' id='block_1_91' title="bbox 197 2351 986 2388">
    <p class='ocr_par' dir='ltr' id='par_1_91' title="bbox 197 2351 986 2388">
     <span class='ocr_line' id='line_1_91' title="bbox 197 2351 986 2388; baseline 0.006 -13"><span class='ocrx_word' id='word_1_589' title='bbox 197 2354 336 2377; x_wconf 81' lang='lat' dir='ltr'><strong>maneant.</strong></span> <span class='ocrx_word' id='word_1_590' title='bbox 354 2352 425 2377; x_wconf 84' lang='lat' dir='ltr'><strong>Ante</strong></span> <span class='ocrx_word' id='word_1_591' title='bbox 439 2351 533 2377; x_wconf 89' lang='lat' dir='ltr'><strong>omnia</strong></span> <span class='ocrx_word' id='word_1_592' title='bbox 557 2355 648 2378; x_wconf 87' lang='lat' dir='ltr'><strong>autem</strong></span> <span class='ocrx_word' id='word_1_593' title='bbox 668 2351 721 2379; x_wconf 87' lang='lat' dir='ltr'><strong>hoc</strong></span> <span class='ocrx_word' id='word_1_594' title='bbox 735 2352 762 2378; x_wconf 93' lang='lat' dir='ltr'><strong>in</strong></span> <span class='ocrx_word' id='word_1_595' title='bbox 787 2353 896 2387; x_wconf 90' lang='lat' dir='ltr'><strong>scriptis</strong></span> <span class='ocrx_word' id='word_1_596' title='bbox 914 2353 986 2388; x_wconf 85' lang='lat' dir='ltr'><strong>ipsos</strong></span> 
     </span>
    </p>
   </div>
   <div class='ocr_carea' id='block_1_92' title="bbox 197 2395 986 2433">
    <p class='ocr_par' dir='ltr' id='par_1_92' title="bbox 197 2395 986 2433">
     <span class='ocr_line' id='line_1_92' title="bbox 197 2395 986 2433; baseline 0.005 -11"><span class='ocrx_word' id='word_1_597' title='bbox 197 2395 318 2430; x_wconf 83' lang='lat' dir='ltr'><strong>proﬁteri</strong></span> <span class='ocrx_word' id='word_1_598' title='bbox 331 2397 469 2429; x_wconf 84' lang='lat' dir='ltr'><strong>convenit,</strong></span> <span class='ocrx_word' id='word_1_599' title='bbox 493 2397 567 2431; x_wconf 90' lang='lat' dir='ltr'><strong>quod</strong></span> <span class='ocrx_word' id='word_1_600' title='bbox 592 2397 771 2425; x_wconf 72' lang='lat' dir='ltr'><strong>adhaerebunt</strong></span> <span class='ocrx_word' id='word_1_601' title='bbox 785 2403 812 2425; x_wconf 89' lang='lat' dir='ltr'><strong>et</strong></span> <span class='ocrx_word' id='word_1_602' title='bbox 835 2403 986 2433; x_wconf 86' lang='lat' dir='ltr'><strong>sequentur</strong></span> 
     </span>
    </p>
   </div>
   <div class='ocr_carea' id='block_1_93' title="bbox 198 2441 988 2478">
    <p class='ocr_par' dir='ltr' id='par_1_93' title="bbox 198 2441 988 2478">
     <span class='ocr_line' id='line_1_93' title="bbox 198 2441 988 2478; baseline 0.006 -11"><span class='ocrx_word' id='word_1_603' title='bbox 198 2441 342 2468; x_wconf 66' lang='lat' dir='ltr'><strong>catholicae</strong></span> <span class='ocrx_word' id='word_1_604' title='bbox 365 2443 489 2469; x_wconf 79' lang='lat' dir='ltr'><strong>ecclesiae</strong></span> <span class='ocrx_word' id='word_1_605' title='bbox 505 2443 626 2476; x_wconf 82' lang='lat' dir='ltr'><strong>decreta,</strong></span> <span class='ocrx_word' id='word_1_606' title='bbox 650 2443 677 2470; x_wconf 91' lang='lat' dir='ltr'><strong>id</strong></span> <span class='ocrx_word' id='word_1_607' title='bbox 691 2447 733 2471; x_wconf 89' lang='lat' dir='ltr'><strong>est</strong></span> <span class='ocrx_word' id='word_1_608' title='bbox 745 2451 808 2478; x_wconf 69' lang='lat' dir='ltr'><strong>quae</strong></span> <span class='ocrx_word' id='word_1_609' title='bbox 821 2448 849 2471; x_wconf 88' lang='lat' dir='ltr'><strong>et</strong></span> <span class='ocrx_word' id='word_1_610' title='bbox 869 2452 931 2472; x_wconf 85' lang='lat' dir='ltr'><strong>cum</strong></span> <span class='ocrx_word' id='word_1_611' title='bbox 945 2445 988 2472; x_wconf 91' lang='lat' dir='ltr'><strong>di-</strong></span> 
     </span>
    </p>
   </div>
   <div class='ocr_carea' id='block_1_94' title="bbox 199 2486 988 2524">
    <p class='ocr_par' dir='ltr' id='par_1_94' title="bbox 199 2486 988 2524">
     <span class='ocr_line' id='line_1_94' title="bbox 199 2486 988 2524; baseline 0.009 -13"><span class='ocrx_word' id='word_1_612' title='bbox 199 2486 286 2520; x_wconf 69' lang='lat' dir='ltr'><strong>gamis</strong></span> <span class='ocrx_word' id='word_1_613' title='bbox 306 2488 558 2520; x_wconf 86' lang='lat' dir='ltr'><strong>communicabuut,</strong></span> <span class='ocrx_word' id='word_1_614' title='bbox 571 2493 598 2516; x_wconf 87' lang='lat' dir='ltr'><strong>et</strong></span> <span class='ocrx_word' id='word_1_615' title='bbox 615 2497 678 2516; x_wconf 87' lang='lat' dir='ltr'><strong>cum</strong></span> <span class='ocrx_word' id='word_1_616' title='bbox 705 2489 739 2517; x_wconf 90' lang='lat' dir='ltr'><strong>iis</strong></span> <span class='ocrx_word' id='word_1_617' title='bbox 754 2490 802 2524; x_wconf 86' lang='lat' dir='ltr'><strong>qui</strong></span> <span class='ocrx_word' id='word_1_618' title='bbox 817 2490 844 2516; x_wconf 92' lang='lat' dir='ltr'><strong>in</strong></span> <span class='ocrx_word' id='word_1_619' title='bbox 859 2497 988 2524; x_wconf 86' lang='lat' dir='ltr'><strong>persecu-</strong></span> 
     </span>
    </p>
   </div>
   <div class='ocr_carea' id='block_1_95' title="bbox 198 2532 986 2569">
    <p class='ocr_par' dir='ltr' id='par_1_95' title="bbox 198 2532 986 2569">
     <span class='ocr_line' id='line_1_95' title="bbox 198 2532 986 2569; baseline 0.006 -11"><span class='ocrx_word' id='word_1_620' title='bbox 198 2532 274 2559; x_wconf 88' lang='lat' dir='ltr'><strong>tione</strong></span> <span class='ocrx_word' id='word_1_621' title='bbox 285 2532 353 2567; x_wconf 88' lang='lat' dir='ltr'><strong>lapsi</strong></span> <span class='ocrx_word' id='word_1_622' title='bbox 377 2538 452 2566; x_wconf 86' lang='lat' dir='ltr'><strong>sunt,</strong></span> <span class='ocrx_word' id='word_1_623' title='bbox 473 2534 499 2561; x_wconf 93' lang='lat' dir='ltr'><strong>in</strong></span> <span class='ocrx_word' id='word_1_624' title='bbox 520 2534 621 2568; x_wconf 85' lang='lat' dir='ltr'><strong>quibus</strong></span> <span class='ocrx_word' id='word_1_625' title='bbox 646 2539 674 2562; x_wconf 87' lang='lat' dir='ltr'><strong>ct</strong></span> <span class='ocrx_word' id='word_1_626' title='bbox 688 2539 796 2569; x_wconf 88' lang='lat' dir='ltr'><strong>tempus</strong></span> <span class='ocrx_word' id='word_1_627' title='bbox 809 2536 986 2564; x_wconf 88' lang='lat' dir='ltr'><strong>constitutum</strong></span> 
     </span>
    </p>
   </div>
   <div class='ocr_carea' id='block_1_96' title="bbox 199 2579 987 2616">
    <p class='ocr_par' dir='ltr' id='par_1_96' title="bbox 199 2579 987 2616">
     <span class='ocr_line' id='line_1_96' title="bbox 199 2579 987 2616; baseline 0.005 -11"><span class='ocrx_word' id='word_1_628' title='bbox 199 2583 252 2609; x_wconf 82' lang='lat' dir='ltr'><strong>est,</strong></span> <span class='ocrx_word' id='word_1_629' title='bbox 265 2583 292 2605; x_wconf 85' lang='lat' dir='ltr'><strong>et</strong></span> <span class='ocrx_word' id='word_1_630' title='bbox 307 2579 496 2614; x_wconf 80' lang='lat' dir='ltr'><strong>opportunitas</strong></span> <span class='ocrx_word' id='word_1_631' title='bbox 513 2579 658 2614; x_wconf 80' lang='lat' dir='ltr'><strong>praeﬁnita,</strong></span> <span class='ocrx_word' id='word_1_632' title='bbox 675 2584 706 2607; x_wconf 89' lang='lat' dir='ltr'><strong>ut</strong></span> <span class='ocrx_word' id='word_1_633' title='bbox 730 2581 783 2615; x_wconf 76' lang='lat' dir='ltr'><strong>ipsi</strong></span> <span class='ocrx_word' id='word_1_634' title='bbox 794 2585 946 2616; x_wconf 85' lang='lat' dir='ltr'><strong>sequantur</strong></span> <span class='ocrx_word' id='word_1_635' title='bbox 959 2583 987 2610; x_wconf 92' lang='lat' dir='ltr'><strong>in</strong></span> 
     </span>
    </p>
   </div>
   <div class='ocr_carea' id='block_1_97' title="bbox 199 2623 988 2660">
    <p class='ocr_par' dir='ltr' id='par_1_97' title="bbox 199 2623 988 2660">
     <span class='ocr_line' id='line_1_97' title="bbox 199 2623 988 2660; baseline 0.006 -10"><span class='ocrx_word' id='word_1_636' title='bbox 199 2623 328 2651; x_wconf 84' lang='lat' dir='ltr'><strong>omnibus</strong></span> <span class='ocrx_word' id='word_1_637' title='bbox 343 2623 471 2651; x_wconf 55' lang='lat' dir='ltr'><strong>Ecclesia</strong></span> <span class='ocrx_word' id='word_1_638' title='bbox 485 2624 605 2652; x_wconf 87' lang='lat' dir='ltr'><strong>decreta.</strong></span> <span class='ocrx_word' id='word_1_639' title='bbox 622 2624 675 2652; x_wconf 91' lang='lat' dir='ltr'><strong>Uni</strong></span> <span class='ocrx_word' id='word_1_640' title='bbox 699 2633 764 2660; x_wconf 74' lang='lat' dir='ltr'><strong>ergo</strong></span> <span class='ocrx_word' id='word_1_641' title='bbox 783 2633 879 2654; x_wconf 88' lang='lat' dir='ltr'><strong>omnes</strong></span> <span class='ocrx_word' id='word_1_642' title='bbox 891 2627 948 2654; x_wconf 86' lang='lat' dir='ltr'><strong>sive</strong></span> <span class='ocrx_word' id='word_1_643' title='bbox 959 2628 988 2655; x_wconf 92' lang='lat' dir='ltr'><strong>in</strong></span> 
     </span>
    </p>
   </div>
   <div class='ocr_carea' id='block_1_98' title="bbox 200 2669 987 2706">
    <p class='ocr_par' dir='ltr' id='par_1_98' title="bbox 200 2669 987 2706">
     <span class='ocr_line' id='line_1_98' title="bbox 200 2669 987 2706; baseline 0.006 -11"><span class='ocrx_word' id='word_1_644' title='bbox 200 2669 280 2701; x_wconf 76' lang='lat' dir='ltr'><strong>vicis,</strong></span> <span class='ocrx_word' id='word_1_645' title='bbox 296 2669 353 2696; x_wconf 85' lang='lat' dir='ltr'><strong>sive</strong></span> <span class='ocrx_word' id='word_1_646' title='bbox 367 2670 394 2696; x_wconf 95' lang='lat' dir='ltr'><strong>in</strong></span> <span class='ocrx_word' id='word_1_647' title='bbox 407 2670 530 2702; x_wconf 82' lang='lat' dir='ltr'><strong>urbibus,</strong></span> <span class='ocrx_word' id='word_1_648' title='bbox 544 2670 595 2705; x_wconf 90' lang='lat' dir='ltr'><strong>ipsi</strong></span> <span class='ocrx_word' id='word_1_649' title='bbox 608 2671 660 2698; x_wconf 92' lang='lat' dir='ltr'><strong>soli</strong></span> <span class='ocrx_word' id='word_1_650' title='bbox 672 2670 987 2706; x_wconf 87' lang='lat' dir='ltr'><strong>inveniunturordinati,</strong></span> 
     </span>
    </p>
   </div>
   <div class='ocr_carea' id='block_1_99' title="bbox 201 2714 986 2748">
    <p class='ocr_par' dir='ltr' id='par_1_99' title="bbox 201 2714 986 2748">
     <span class='ocr_line' id='line_1_99' title="bbox 201 2714 986 2748; baseline 0.006 -7"><span class='ocrx_word' id='word_1_651' title='bbox 201 2714 250 2748; x_wconf 88' lang='lat' dir='ltr'><strong>qui</strong></span> <span class='ocrx_word' id='word_1_652' title='bbox 264 2715 444 2742; x_wconf 88' lang='lat' dir='ltr'><strong>inveniuntur</strong></span> <span class='ocrx_word' id='word_1_653' title='bbox 467 2715 494 2742; x_wconf 91' lang='lat' dir='ltr'><strong>in</strong></span> <span class='ocrx_word' id='word_1_654' title='bbox 512 2716 596 2748; x_wconf 84' lang='lat' dir='ltr'><strong>clero,</strong></span> <span class='ocrx_word' id='word_1_655' title='bbox 611 2720 694 2743; x_wconf 84' lang='lat' dir='ltr'><strong>erunt</strong></span> <span class='ocrx_word' id='word_1_656' title='bbox 715 2716 744 2743; x_wconf 88' lang='lat' dir='ltr'><strong>in</strong></span> <span class='ocrx_word' id='word_1_657' title='bbox 759 2717 854 2744; x_wconf 90' lang='lat' dir='ltr'><strong>eodem</strong></span> <span class='ocrx_word' id='word_1_658' title='bbox 880 2718 986 2746; x_wconf 90' lang='lat' dir='ltr'><strong>ordine.</strong></span> 
     </span>
    </p>
   </div>
   <div class='ocr_carea' id='block_1_100' title="bbox 201 2760 989 2800">
    <p class='ocr_par' dir='ltr' id='par_1_100' title="bbox 201 2760 989 2800">
     <span class='ocr_line' id='line_1_100' title="bbox 201 2760 989 2800; baseline 0.005 -12"><span class='ocrx_word' id='word_1_659' title='bbox 201 2760 232 2788; x_wconf 79' lang='lat' dir='ltr'><strong>Si</strong></span> <span class='ocrx_word' id='word_1_660' title='bbox 245 2765 338 2788; x_wconf 87' lang='lat' dir='ltr'><strong>autem</strong></span> <span class='ocrx_word' id='word_1_661' title='bbox 347 2762 493 2790; x_wconf 62' lang='lat' dir='ltr'><strong>catholica:</strong></span> <span class='ocrx_word' id='word_1_662' title='bbox 501 2762 625 2789; x_wconf 68' lang='lat' dir='ltr'><strong>ecclesiae</strong></span> <span class='ocrx_word' id='word_1_663' title='bbox 633 2762 763 2797; x_wconf 81' lang='lat' dir='ltr'><strong>episcopo</strong></span> <span class='ocrx_word' id='word_1_664' title='bbox 776 2763 816 2790; x_wconf 88' lang='lat' dir='ltr'><strong>vel</strong></span> <span class='ocrx_word' id='word_1_665' title='bbox 833 2764 989 2800; x_wconf 84' lang='lat' dir='ltr'><strong>presbytero</strong></span> 
     </span>
    </p>
   </div>
   <div class='ocr_carea' id='block_1_101' title="bbox 201 2807 989 2844">
    <p class='ocr_par' dir='ltr' id='par_1_101' title="bbox 201 2807 989 2844">
     <span class='ocr_line' id='line_1_101' title="bbox 201 2807 989 2844; baseline 0.008 -12"><span class='ocrx_word' id='word_1_666' title='bbox 201 2807 351 2834; x_wconf 74' lang='lat' dir='ltr'><strong>exsislente</strong></span> <span class='ocrx_word' id='word_1_667' title='bbox 366 2807 500 2835; x_wconf 82' lang='lat' dir='ltr'><strong>accedunt</strong></span> <span class='ocrx_word' id='word_1_668' title='bbox 515 2807 610 2842; x_wconf 84' lang='lat' dir='ltr'><strong>aliqui,</strong></span> <span class='ocrx_word' id='word_1_669' title='bbox 627 2807 731 2835; x_wconf 82' lang='lat' dir='ltr'><strong>clarum</strong></span> <span class='ocrx_word' id='word_1_670' title='bbox 747 2813 800 2841; x_wconf 92' lang='lat' dir='ltr'><strong>est,</strong></span> <span class='ocrx_word' id='word_1_671' title='bbox 816 2811 888 2844; x_wconf 92' lang='lat' dir='ltr'><strong>quod</strong></span> <span class='ocrx_word' id='word_1_672' title='bbox 901 2811 989 2838; x_wconf 82' lang='lat' dir='ltr'><strong>eccle-</strong></span> 
     </span>
    </p>
   </div>
   <div class='ocr_carea' id='block_1_102' title="bbox 202 2849 990 2889">
    <p class='ocr_par' dir='ltr' id='par_1_102' title="bbox 202 2849 990 2889">
     <span class='ocr_line' id='line_1_102' title="bbox 202 2849 990 2889; baseline 0.008 -13"><span class='ocrx_word' id='word_1_673' title='bbox 202 2849 252 2877; x_wconf 77' lang='lat' dir='ltr'><strong>siae</strong></span> <span class='ocrx_word' id='word_1_674' title='bbox 265 2851 376 2885; x_wconf 87' lang='lat' dir='ltr'><strong>quidem</strong></span> <span class='ocrx_word' id='word_1_675' title='bbox 402 2851 524 2887; x_wconf 85' lang='lat' dir='ltr'><strong>episcopi</strong></span> <span class='ocrx_word' id='word_1_676' title='bbox 547 2851 707 2888; x_wconf 74' lang='lat' dir='ltr'><strong>dignitatem</strong></span> <span class='ocrx_word' id='word_1_677' title='bbox 722 2852 832 2881; x_wconf 73' lang='lat' dir='ltr'><strong>habebit</strong></span> <span class='ocrx_word' id='word_1_678' title='bbox 847 2861 855 2880; x_wconf 92' lang='lat'><strong>:</strong></span> <span class='ocrx_word' id='word_1_679' title='bbox 870 2853 917 2889; x_wconf 88' lang='lat' dir='ltr'><strong>qui</strong></span> <span class='ocrx_word' id='word_1_680' title='bbox 941 2861 990 2882; x_wconf 87' lang='lat' dir='ltr'><strong>au-</strong></span> 
     </span>
    </p>
   </div>
   <div class='ocr_carea' id='block_1_103' title="bbox 241 2904 418 2934">
    <p class='ocr_par' dir='ltr' id='par_1_103' title="bbox 241 2904 418 2934">
     <span class='ocr_line' id='line_1_103' title="bbox 241 2904 418 2934; baseline 0.011 -2"><span class='ocrx_word' id='word_1_681' title='bbox 241 2904 263 2921; x_wconf 80' lang='grc'><strong>⁸³</strong></span> <span class='ocrx_word' id='word_1_682' title='bbox 276 2905 358 2934; x_wconf 84' lang='lat' dir='ltr'><strong>Leon.</strong></span> <span class='ocrx_word' id='word_1_683' title='bbox 375 2907 418 2934; x_wconf 74' lang='grc' dir='ltr'>Η.</span> 
     </span>
    </p>
   </div>
   <div class='ocr_carea' id='block_1_104' title="bbox 1037 2304 1830 2343">
    <p class='ocr_par' dir='ltr' id='par_1_104' title="bbox 1037 2304 1830 2343">
     <span class='ocr_line' id='line_1_104' title="bbox 1037 2304 1830 2343; baseline -0.006 -9"><span class='ocrx_word' id='word_1_684' title='bbox 1037 2307 1289 2343; x_wconf 75' lang='grc' dir='ltr'>χειροθετουμένους</span> <span class='ocrx_word' id='word_1_685' title='bbox 1302 2305 1400 2337; x_wconf 77' lang='grc' dir='ltr'>αὐτοὺς</span> <span class='ocrx_word' id='word_1_686' title='bbox 1413 2325 1420 2335; x_wconf 84' lang='lat'><strong>,</strong></span> <span class='ocrx_word' id='word_1_687' title='bbox 1434 2306 1523 2340; x_wconf 83' lang='grc' dir='ltr'>μένειν</span> <span class='ocrx_word' id='word_1_688' title='bbox 1535 2304 1621 2336; x_wconf 74' lang='grc' dir='ltr'>οὕτως</span> <span class='ocrx_word' id='word_1_689' title='bbox 1631 2305 1659 2331; x_wconf 83' lang='grc' dir='ltr'>ὲν</span> <span class='ocrx_word' id='word_1_690' title='bbox 1668 2304 1707 2339; x_wconf 83' lang='grc' dir='ltr'>τῷ</span> <span class='ocrx_word' id='word_1_691' title='bbox 1723 2304 1830 2340; x_wconf 65' lang='grc' dir='ltr'>κλήρῳ,</span> 
     </span>
    </p>
   </div>
   <div class='ocr_carea' id='block_1_105' title="bbox 1037 2350 1830 2388">
    <p class='ocr_par' dir='ltr' id='par_1_105' title="bbox 1037 2350 1830 2388">
     <span class='ocr_line' id='line_1_105' title="bbox 1037 2350 1830 2388; baseline -0.005 -8"><span class='ocrx_word' id='word_1_692' title='bbox 1037 2353 1089 2388; x_wconf 77' lang='grc' dir='ltr'>πρὸ</span> <span class='ocrx_word' id='word_1_693' title='bbox 1105 2353 1212 2380; x_wconf 78' lang='grc' dir='ltr'>πάντων</span> <span class='ocrx_word' id='word_1_694' title='bbox 1228 2353 1258 2379; x_wconf 81' lang='grc' dir='ltr'>δὲ</span> <span class='ocrx_word' id='word_1_695' title='bbox 1274 2352 1352 2378; x_wconf 75' lang='grc' dir='ltr'>τοῦτο</span> <span class='ocrx_word' id='word_1_696' title='bbox 1375 2350 1541 2386; x_wconf 78' lang='grc' dir='ltr'>ὁμολογῆσαι</span> <span class='ocrx_word' id='word_1_697' title='bbox 1558 2351 1658 2382; x_wconf 85' lang='grc' dir='ltr'>αὐτοὺς</span> <span class='ocrx_word' id='word_1_698' title='bbox 1679 2351 1830 2385; x_wconf 78' lang='grc' dir='ltr'>ἐγγράφως</span> 
     </span>
    </p>
   </div>
   <div class='ocr_carea' id='block_1_106' title="bbox 1039 2395 1832 2434">
    <p class='ocr_par' dir='ltr' id='par_1_106' title="bbox 1039 2395 1832 2434">
     <span class='ocr_line' id='line_1_106' title="bbox 1039 2395 1832 2434; baseline -0.005 -9"><span class='ocrx_word' id='word_1_699' title='bbox 1039 2400 1183 2434; x_wconf 83' lang='grc' dir='ltr'>προσήκει,</span> <span class='ocrx_word' id='word_1_700' title='bbox 1199 2399 1239 2425; x_wconf 82' lang='grc' dir='ltr'>ὅτι</span> <span class='ocrx_word' id='word_1_701' title='bbox 1264 2397 1442 2432; x_wconf 81' lang='grc' dir='ltr'>συνθήσονται</span> <span class='ocrx_word' id='word_1_702' title='bbox 1464 2396 1511 2422; x_wconf 81' lang='grc' dir='ltr'>καὶ</span> <span class='ocrx_word' id='word_1_703' title='bbox 1537 2395 1750 2431; x_wconf 81' lang='grc' dir='ltr'>ἀκολουθήσουσι</span> <span class='ocrx_word' id='word_1_704' title='bbox 1771 2397 1832 2427; x_wconf 80' lang='grc' dir='ltr'>τοῖς</span> 
     </span>
    </p>
   </div>
   <div class='ocr_carea' id='block_1_107' title="bbox 1037 2441 1829 2480">
    <p class='ocr_par' dir='ltr' id='par_1_107' title="bbox 1037 2441 1829 2480">
     <span class='ocr_line' id='line_1_107' title="bbox 1037 2441 1829 2480; baseline -0.006 -9"><span class='ocrx_word' id='word_1_705' title='bbox 1037 2445 1085 2480; x_wconf 82' lang='grc' dir='ltr'>τῆς</span> <span class='ocrx_word' id='word_1_706' title='bbox 1098 2444 1245 2478; x_wconf 82' lang='grc' dir='ltr'>καθολικῆς</span> <span class='ocrx_word' id='word_1_707' title='bbox 1257 2443 1304 2470; x_wconf 74' lang='grc' dir='ltr'>καὶ</span> <span class='ocrx_word' id='word_1_708' title='bbox 1314 2442 1496 2476; x_wconf 84' lang='grc' dir='ltr'>ὰποστολικῆς</span> <span class='ocrx_word' id='word_1_709' title='bbox 1515 2441 1679 2476; x_wconf 85' lang='grc' dir='ltr'>Ἐκκλησίας</span> <span class='ocrx_word' id='word_1_710' title='bbox 1691 2441 1810 2476; x_wconf 81' lang='grc' dir='ltr'>δόγμασι</span> <span class='ocrx_word' id='word_1_711' title='bbox 1821 2450 1829 2457; x_wconf 74' lang='grc' dir='ltr'><strong>ο</strong></span> 
     </span>
    </p>
   </div>
   <div class='ocr_carea' id='block_1_108' title="bbox 1037 2486 1832 2523">
    <p class='ocr_par' dir='ltr' id='par_1_108' title="bbox 1037 2486 1832 2523">
     <span class='ocr_line' id='line_1_108' title="bbox 1037 2486 1832 2523; baseline -0.006 -7"><span class='ocrx_word' id='word_1_712' title='bbox 1037 2490 1162 2516; x_wconf 80' lang='grc' dir='ltr'>τουτέστι</span> <span class='ocrx_word' id='word_1_713' title='bbox 1191 2490 1238 2516; x_wconf 72' lang='grc' dir='ltr'>καὶ</span> <span class='ocrx_word' id='word_1_714' title='bbox 1263 2489 1388 2523; x_wconf 82' lang='grc' dir='ltr'>διγάμοις</span> <span class='ocrx_word' id='word_1_715' title='bbox 1413 2489 1562 2520; x_wconf 81' lang='grc' dir='ltr'>κοινωνεῖν,</span> <span class='ocrx_word' id='word_1_716' title='bbox 1585 2488 1634 2513; x_wconf 78' lang='grc' dir='ltr'>καὶ</span> <span class='ocrx_word' id='word_1_717' title='bbox 1657 2488 1714 2518; x_wconf 83' lang='grc' dir='ltr'>τοῖς</span> <span class='ocrx_word' id='word_1_718' title='bbox 1738 2487 1768 2512; x_wconf 82' lang='grc' dir='ltr'>ὲν</span> <span class='ocrx_word' id='word_1_719' title='bbox 1790 2486 1832 2522; x_wconf 79' lang='grc' dir='ltr'>τῷ</span> 
     </span>
    </p>
   </div>
   <div class='ocr_carea' id='block_1_109' title="bbox 1037 2528 1831 2570">
    <p class='ocr_par' dir='ltr' id='par_1_109' title="bbox 1037 2528 1831 2570">
     <span class='ocr_line' id='line_1_109' title="bbox 1037 2528 1831 2570; baseline -0.006 -8"><span class='ocrx_word' id='word_1_720' title='bbox 1037 2534 1151 2570; x_wconf 82' lang='grc' dir='ltr'>διωγμῷ</span> <span class='ocrx_word' id='word_1_721' title='bbox 1164 2533 1423 2570; x_wconf 80' lang='grc' dir='ltr'>παραπεπτωκόσιν,</span> <span class='ocrx_word' id='word_1_722' title='bbox 1435 2532 1478 2568; x_wconf 80' lang='grc' dir='ltr'><strong>ἐφ’</strong></span> <span class='ocrx_word' id='word_1_723' title='bbox 1489 2528 1527 2560; x_wconf 88' lang='grc' dir='ltr'><strong>ὧν</strong></span> <span class='ocrx_word' id='word_1_724' title='bbox 1538 2533 1585 2559; x_wconf 79' lang='grc' dir='ltr'>καὶ</span> <span class='ocrx_word' id='word_1_725' title='bbox 1596 2532 1691 2568; x_wconf 80' lang='grc' dir='ltr'>χρόνος</span> <span class='ocrx_word' id='word_1_726' title='bbox 1699 2532 1831 2558; x_wconf 80' lang='grc' dir='ltr'>τέτακται</span> 
     </span>
    </p>
   </div>
   <div class='ocr_carea' id='block_1_110' title="bbox 1038 2577 1830 2615">
    <p class='ocr_par' dir='ltr' id='par_1_110' title="bbox 1038 2577 1830 2615">
     <span class='ocr_line' id='line_1_110' title="bbox 1038 2577 1830 2615; baseline -0.006 -8"><span class='ocrx_word' id='word_1_727' title='bbox 1038 2580 1133 2615; x_wconf 80' lang='grc' dir='ltr'>καιρὸς</span> <span class='ocrx_word' id='word_1_728' title='bbox 1162 2580 1296 2614; x_wconf 84' lang='grc' dir='ltr'>ὥρισται·</span> <span class='ocrx_word' id='word_1_729' title='bbox 1317 2579 1387 2606; x_wconf 85' lang='grc' dir='ltr'>ὥστε</span> <span class='ocrx_word' id='word_1_730' title='bbox 1413 2578 1512 2609; x_wconf 80' lang='grc' dir='ltr'>αὐτοὺς</span> <span class='ocrx_word' id='word_1_731' title='bbox 1535 2577 1691 2604; x_wconf 80' lang='grc' dir='ltr'>ἀκολουθεῖν</span> <span class='ocrx_word' id='word_1_732' title='bbox 1707 2578 1736 2603; x_wconf 87' lang='grc' dir='ltr'>ὲν</span> <span class='ocrx_word' id='word_1_733' title='bbox 1761 2578 1830 2603; x_wconf 79' lang='grc' dir='ltr'>πᾶσι</span> 
     </span>
    </p>
   </div>
   <div class='ocr_carea' id='block_1_111' title="bbox 1037 2623 1832 2661">
    <p class='ocr_par' dir='ltr' id='par_1_111' title="bbox 1037 2623 1832 2661">
     <span class='ocr_line' id='line_1_111' title="bbox 1037 2623 1832 2661; baseline -0.005 -8"><span class='ocrx_word' id='word_1_734' title='bbox 1037 2627 1094 2658; x_wconf 83' lang='grc' dir='ltr'>τοῖς</span> <span class='ocrx_word' id='word_1_735' title='bbox 1109 2626 1225 2661; x_wconf 86' lang='grc' dir='ltr'>δόγμασι</span> <span class='ocrx_word' id='word_1_736' title='bbox 1241 2626 1292 2660; x_wconf 82' lang='grc' dir='ltr'>τῆς</span> <span class='ocrx_word' id='word_1_737' title='bbox 1317 2624 1462 2660; x_wconf 84' lang='grc' dir='ltr'>καθολικῆς</span> <span class='ocrx_word' id='word_1_738' title='bbox 1482 2624 1664 2658; x_wconf 84' lang='grc' dir='ltr'>Ἐκκλησίας·</span> <span class='ocrx_word' id='word_1_739' title='bbox 1689 2623 1753 2650; x_wconf 79' lang='grc' dir='ltr'>ἔνθα</span> <span class='ocrx_word' id='word_1_740' title='bbox 1780 2623 1832 2658; x_wconf 82' lang='grc' dir='ltr'>μὲν</span> 
     </span>
    </p>
   </div>
   <div class='ocr_carea' id='block_1_112' title="bbox 1037 2669 1831 2705">
    <p class='ocr_par' dir='ltr' id='par_1_112' title="bbox 1037 2669 1831 2705">
     <span class='ocr_line' id='line_1_112' title="bbox 1037 2669 1831 2705; baseline -0.004 -7"><span class='ocrx_word' id='word_1_741' title='bbox 1037 2670 1084 2698; x_wconf 82' lang='grc' dir='ltr'>οὖν</span> <span class='ocrx_word' id='word_1_742' title='bbox 1104 2673 1214 2703; x_wconf 81' lang='grc' dir='ltr'>πάντες,</span> <span class='ocrx_word' id='word_1_743' title='bbox 1230 2671 1285 2698; x_wconf 85' lang='grc' dir='ltr'>είτε</span> <span class='ocrx_word' id='word_1_744' title='bbox 1309 2671 1338 2696; x_wconf 80' lang='grc' dir='ltr'>ὲν</span> <span class='ocrx_word' id='word_1_745' title='bbox 1353 2670 1469 2705; x_wconf 84' lang='grc' dir='ltr'>κώμαις,</span> <span class='ocrx_word' id='word_1_746' title='bbox 1484 2670 1540 2696; x_wconf 79' lang='grc' dir='ltr'>εἴτε</span> <span class='ocrx_word' id='word_1_747' title='bbox 1561 2670 1592 2696; x_wconf 81' lang='grc' dir='ltr'>ὲν</span> <span class='ocrx_word' id='word_1_748' title='bbox 1610 2670 1731 2701; x_wconf 83' lang='grc' dir='ltr'>πόλεσιν,</span> <span class='ocrx_word' id='word_1_749' title='bbox 1751 2669 1831 2695; x_wconf 79' lang='grc' dir='ltr'>αὐτοὶ</span> 
     </span>
    </p>
   </div>
   <div class='ocr_carea' id='block_1_113' title="bbox 1040 2715 1830 2753">
    <p class='ocr_par' dir='ltr' id='par_1_113' title="bbox 1040 2715 1830 2753">
     <span class='ocr_line' id='line_1_113' title="bbox 1040 2715 1830 2753; baseline -0.005 -9"><span class='ocrx_word' id='word_1_750' title='bbox 1040 2718 1114 2753; x_wconf 80' lang='grc' dir='ltr'>μόνοι</span> <span class='ocrx_word' id='word_1_751' title='bbox 1125 2717 1293 2753; x_wconf 65' lang='grc' dir='ltr'>εὑρίσκοιντο</span> <span class='ocrx_word' id='word_1_752' title='bbox 1303 2716 1545 2752; x_wconf 80' lang='grc' dir='ltr'>χειροτονηθέντες,</span> <span class='ocrx_word' id='word_1_753' title='bbox 1558 2716 1583 2741; x_wconf 80' lang='grc' dir='ltr'>οἱ</span> <span class='ocrx_word' id='word_1_754' title='bbox 1598 2715 1787 2751; x_wconf 74' lang='grc' dir='ltr'>εὑρισκόμενοι</span> <span class='ocrx_word' id='word_1_755' title='bbox 1800 2715 1830 2740; x_wconf 80' lang='grc' dir='ltr'>ἐν</span> 
     </span>
    </p>
   </div>
   <div class='ocr_carea' id='block_1_114' title="bbox 1039 2757 1829 2799">
    <p class='ocr_par' dir='ltr' id='par_1_114' title="bbox 1039 2757 1829 2799">
     <span class='ocr_line' id='line_1_114' title="bbox 1039 2757 1829 2799; baseline -0.006 -9"><span class='ocrx_word' id='word_1_756' title='bbox 1039 2764 1077 2799; x_wconf 84' lang='grc' dir='ltr'>τῷ</span> <span class='ocrx_word' id='word_1_757' title='bbox 1090 2764 1193 2799; x_wconf 80' lang='grc' dir='ltr'>κλήρῳ,</span> <span class='ocrx_word' id='word_1_758' title='bbox 1218 2764 1323 2790; x_wconf 70' lang='grc' dir='ltr'>ἔσονται</span> <span class='ocrx_word' id='word_1_759' title='bbox 1342 2762 1371 2789; x_wconf 85' lang='grc' dir='ltr'>ὲν</span> <span class='ocrx_word' id='word_1_760' title='bbox 1390 2761 1429 2797; x_wconf 83' lang='grc' dir='ltr'>τῷ</span> <span class='ocrx_word' id='word_1_761' title='bbox 1449 2762 1523 2797; x_wconf 85' lang='grc' dir='ltr'>αὑτῷ</span> <span class='ocrx_word' id='word_1_762' title='bbox 1540 2762 1670 2797; x_wconf 83' lang='grc' dir='ltr'>σχήματι.</span> <span class='ocrx_word' id='word_1_763' title='bbox 1686 2761 1717 2788; x_wconf 76' lang='lat' dir='ltr'><strong><em>El</em></strong></span> <span class='ocrx_word' id='word_1_764' title='bbox 1736 2761 1765 2786; x_wconf 81' lang='grc' dir='ltr'>δὲ</span> <span class='ocrx_word' id='word_1_765' title='bbox 1778 2757 1829 2785; x_wconf 68' lang='grc' dir='ltr'>τοῦ</span> 
     </span>
    </p>
   </div>
   <div class='ocr_carea' id='block_1_115' title="bbox 1038 2805 1828 2844">
    <p class='ocr_par' dir='ltr' id='par_1_115' title="bbox 1038 2805 1828 2844">
     <span class='ocr_line' id='line_1_115' title="bbox 1038 2805 1828 2844; baseline -0.006 -8"><span class='ocrx_word' id='word_1_766' title='bbox 1038 2809 1088 2842; x_wconf 88' lang='grc' dir='ltr'>τῆς</span> <span class='ocrx_word' id='word_1_767' title='bbox 1102 2808 1250 2844; x_wconf 82' lang='grc' dir='ltr'>καθολικῆς</span> <span class='ocrx_word' id='word_1_768' title='bbox 1270 2808 1432 2842; x_wconf 82' lang='grc' dir='ltr'>Ἐκκλησίας</span> <span class='ocrx_word' id='word_1_769' title='bbox 1446 2807 1595 2834; x_wconf 73' lang='grc' dir='ltr'>ἐπισκόπου</span> <span class='ocrx_word' id='word_1_770' title='bbox 1607 2806 1623 2842; x_wconf 87' lang='grc' dir='ltr'><strong>ῆ</strong></span> <span class='ocrx_word' id='word_1_771' title='bbox 1640 2805 1828 2841; x_wconf 79' lang='grc' dir='ltr'>πρεσϐυτέρου</span> 
     </span>
    </p>
   </div>
   <div class='ocr_carea' id='block_1_116' title="bbox 1039 2851 1829 2890">
    <p class='ocr_par' dir='ltr' id='par_1_116' title="bbox 1039 2851 1829 2890">
     <span class='ocr_line' id='line_1_116' title="bbox 1039 2851 1829 2890; baseline -0.008 -8"><span class='ocrx_word' id='word_1_772' title='bbox 1039 2855 1125 2888; x_wconf 69' lang='grc' dir='ltr'>ὄντος,</span> <span class='ocrx_word' id='word_1_773' title='bbox 1150 2852 1347 2890; x_wconf 81' lang='grc' dir='ltr'>προσέρχονταί</span> <span class='ocrx_word' id='word_1_774' title='bbox 1363 2861 1444 2886; x_wconf 79' lang='grc' dir='ltr'>τινες,</span> <span class='ocrx_word' id='word_1_775' title='bbox 1468 2852 1601 2888; x_wconf 80' lang='grc' dir='ltr'>πρόδηλον</span> <span class='ocrx_word' id='word_1_776' title='bbox 1615 2852 1654 2884; x_wconf 84' lang='grc' dir='ltr'>ὼς</span> <span class='ocrx_word' id='word_1_777' title='bbox 1669 2853 1684 2879; x_wconf 82' lang='grc' dir='ltr'><strong>ὁ</strong></span> <span class='ocrx_word' id='word_1_778' title='bbox 1699 2851 1749 2887; x_wconf 77' lang='grc' dir='ltr'>μὲν</span> <span class='ocrx_word' id='word_1_779' title='bbox 1766 2851 1829 2877; x_wconf 84' lang='grc' dir='ltr'><strong>ὲπῖ-</strong></span> 
     </span>
    </p>
   </div>
  </div>
