1951 3081
131 208 182 238 539

483 208 681 239 SYN’I‘AGMA
697 209 890 240 CANUNUM.
907 222 943 227 —
957 210 1031 240 TIT.
1057 212 1081 248 ῐ,
1103 212 1180 241 CAP.
1198 211 1358 242 XVI-XXI.

1696 209 1749 242 510

131 271 232 294 σκοπος
249 264 299 297 τῆς
312 263 461 298 ἐκκλησίας
482 264 537 296 ἕξει
554 265 585 291 τὸ
608 265 717 300 ἀξίωμα
733 267 780 292 τοῦ
805 267 917 293 ἐπισκό-

986 276 1023 295 em
1040 269 1109 302 apud
1135 277 1199 300 eos,
1220 270 1266 304 qui
1291 270 1393 297 eathari
1420 270 1567 301 dicuntur,
1592 268 1749 295 nominatur

130 317 182 335 που
192 315 200 324 ⁸
216 310 230 335 ὁ
244 308 271 334 δὲ
287 309 488 344 ὀνομαζόμενος
501 311 575 345 παρὰ
589 313 646 342 τοῖς
656 311 812 345 λεγομένοις
830 312 916 338 καθα-

132 356 189 390 ροῖς
214 354 373 387 ἐπίσκοπος,
388 356 438 390 τῆν
461 355 508 386 τοῦ
531 356 716 391 πρεσϐυτέρου
739 357 821 392 τιμὴν
845 357 916 389 ἕξει·

131 400 202 434 πλὴν
223 402 249 426 εἰ
273 400 311 435 μὴ
325 400 379 436 ἄρα
392 401 482 436 δοκοίη
501 401 541 436 τῷ
557 401 699 436 ὲπισκόπῳ
714 402 763 436 τῆς
778 402 859 437 τιμῆς
872 402 918 428 τοῦ

131 445 264 479 ὀνόματος
280 446 362 472 αὑτὸν
385 446 518 481 μετέχειν.
539 447 572 472 Et
584 446 612 473 δὲ
623 446 703 473 τοῦτο
716 447 789 481 αὐτῷ
803 446 839 481 μὴ
853 447 919 482 ἀρέ-

132 499 204 522 σκοι,
227 491 366 525 ἐπινοήσει
384 491 467 518 τόπον
489 491 505 526 ἢ
519 493 726 526 χωρεπισκόπου
739 492 755 527 ἢ
768 493 920 528 πρεσϐυτέ-

133 543 192 569 ρου,
205 535 275 570 ὑπὲρ
285 536 332 562 τοῦ
346 537 374 563 ὲν
388 536 426 571 τῷ
444 536 538 572 κλήρῳ
551 537 618 568 ὅλως
629 537 718 564 δοκεῖν
731 536 810 570 εἶναι,
826 538 869 565 ἵνα
882 539 920 574 μὴ

131 581 161 607 ὲν
178 582 211 616 τῇ
229 582 305 608 πόλει
322 581 371 608 δύο
385 582 531 608 ἐπίσκοποι
545 580 622 610 ὦσιν.

254 628 389 655 Συνόδου
411 628 607 662 Χαλκηδόνος
622 629 721 655 κανὼν
736 629 778 663 ιβ’.

169 671 214 705 ιβ’.
230 669 331 698 Ἦλθεν
357 673 396 703 εἰς
412 674 495 708 ἡμᾶς,
518 673 555 703 ὥς
570 682 642 705 τινες
656 673 733 708 παρὰ
752 674 801 705 τὰς
820 674 920 708 ἐκκλη-

135 717 278 747 σιαστικὰς
304 717 419 751 θεσμοὺς
443 718 664 753 προσδραμόντες
684 718 862 750 δυναστείαις,
878 719 922 745 διὰ

135 762 337 796 πραγματικῶν
353 763 402 797 τὴν
417 763 483 797 μίαν
495 764 629 799 ἐπαρχίαν
645 765 684 795 εἰς
700 764 747 790 δύο
760 765 920 798 κατέτεμον,

134 808 173 839 ὡς
196 809 228 834 ἐκ
252 807 347 835 τούτου
362 809 409 835 δύο
433 810 634 845 μητροπολίτας
659 807 728 836 εἶναι
747 811 777 836 ἐν
795 811 827 845 τῇ
853 810 921 845 αὐτῇ

136 853 258 888 ἐπαρχίᾳ
269 861 275 867 ·
298 853 381 888 ὥρισε
400 855 490 881 τοίνυν
506 855 522 890 ὴ
538 855 602 889 ἁγία
617 855 727 886 σύνοδος
745 855 793 881 τοῦ
816 855 921 888 λοιποῦ,

139 899 224 934 μηδὲν
235 899 341 926 τοιοῦτο
352 900 502 935 τολμᾶσθαι
524 901 598 936 παρὰ
611 901 658 927 τοῦ
674 902 824 927 ἐπισκόπου
835 909 842 915 ·
861 901 922 926 ἐπεὶ

137 944 183 970 τὸν
195 945 274 970 τοῦτο
287 933 487 980 ἐπιχειροῦντα,
503 933 645 972 ἐκπίπτειν
660 946 706 972 τοῦ
723 946 788 972 ἰδίου
803 946 905 981 βαθμοῦ
915 954 921 960 ·
937 933 960 961 Β

136 990 198 1016 ὅσαι
221 990 249 1016 δὲ
263 990 312 1025 ἤδη
332 991 423 1022 πόλεις
448 992 492 1018 διὰ
518 992 689 1027 γραμμάτιον
717 991 864 1027 βασιλικῶν
886 991 925 1026 τῷ

137 1036 187 1069 τῆς
211 1035 404 1070 μητροπόλεως
427 1036 597 1071 ἐτιμήθησαν
617 1037 739 1072 ὀνόματι,
757 1037 842 1071 μόνης
857 1037 924 1062 ἀπο-

138 1080 294 1107 λαυέτωσαν
318 1081 367 1115 τῆς
382 1082 474 1117 τιμῆς,
492 1083 540 1108 καὶ
556 1083 570 1108 ὁ
589 1082 638 1118 τὴν
661 1082 826 1118 Ἐκκλησίαν
841 1082 926 1116 αὐτῆς

138 1126 246 1152 διοικῶν
272 1126 440 1158 ἐπίσκοπος·
465 1127 586 1162 δηλονότι
612 1127 772 1162 σωζομένων
797 1128 830 1162 τῇ
855 1127 926 1154 κατὰ

140 1173 272 1206 ἀλήθειαν
290 1173 455 1208 μητροπόλει
474 1174 528 1199 τῶν
541 1173 649 1200 οἰκείων
661 1173 783 1200 δικαίων.

206 1218 341 1245 Συνόδου
351 1219 475 1250 Νικαίας
489 1218 522 1245 τὸ
539 1218 689 1252 δεύτερον,
704 1218 804 1245 κανὼν
819 1221 859 1245 ιε’.

141 1252 206 1279 Ὅτι
220 1254 256 1280 οὐ
271 1253 319 1280 δεῖ
331 1253 476 1287 κληρικὸν
488 1253 524 1280 ἐν
540 1253 632 1280 δυσὶν
648 1254 825 1287 ἐκκλησίαις
841 1261 927 1280 κατα·

452 1287 621 1315 τάττεσθαι.

179 1336 218 1361 ιε’.
233 1333 370 1368 Κληρικδς
381 1333 433 1360 ἀπὸ
443 1333 490 1360 τοῦ
503 1333 646 1368 παρόντος,
666 1332 703 1368 μὴ
718 1332 927 1359 καταταττέσθω

141 1379 172 1404 ἐν
186 1379 261 1404 δυσὶν
279 1378 455 1413 ἐκκλησίαις·
478 1378 612 1413 ἐμπορίας
624 1378 678 1412 γὰρ
698 1378 744 1404 καὶ
766 1378 929 1411 αἰσχροκερ-

141 1424 215 1454 δείας
231 1424 294 1450 ἴδιον
310 1422 398 1455 τοῦτο,
414 1424 460 1449 καὶ
471 1423 609 1458 ἀλλότριον
619 1423 852 1457 ἐκκλησιαστικῆς
866 1430 929 1447 συν-

141 1469 246 1503 ηθείας.
287 1467 456 1502 Ἦκούσαμεν
482 1468 536 1503 γὰρ
555 1468 583 1499 ὲξ
612 1467 697 1501 αὐτῆς
722 1466 771 1501 τῆς
789 1466 930 1501 Κυριακῆς

143 1515 297 1549 φωνῆς,ὅτι
312 1515 340 1541 οὺ
355 1513 466 1541 δύναταί
480 1523 521 1545 τις
535 1514 595 1540 δυσὶ
609 1513 712 1547 κυρίοις
727 1512 861 1538 δουλεύειν
871 1518 878 1526 ·
896 1512 931 1538 Ἡ

142 1561 199 1595 τὰρ
206 1560 449 1594 τὸγὲναμισήσει
466 1560 513 1586 καὶ
533 1561 587 1586 τὸν·
597 1558 864 1593 ἓτερονάγιιπήσει,
876 1558 928 1585 τοῦ

144 1607 213 1639 ἐνὸς
219 1605 383 1637 ἀνθέξεται,
393 1605 441 1632 καὶ
452 1604 505 1632 τοῦ
515 1605 616 1638 ἑτέρου
626 1603 857 1638 καταφρονήσει·
867 1604 931 1630 ἓκα-
945 1595 966 1624 C

142 1660 217 1685 στος
224 1650 290 1685 οὖν,
301 1651 370 1678 κατὰ
377 1652 425 1686 τὴν
435 1651 614 1685 ἁποστολικὴν
623 1650 723 1685 φωνὴν,
733 1650 766 1676 ἐν
772 1647 796 1684 ᾦ
803 1650 928 1682 ἐκλήθη,

143 1699 280 1729 ἐντούτῳ
296 1698 408 1732 ὀφείλει
420 1697 523 1732 μένειν
536 1697 584 1724 καὶ
600 1697 814 1730 προσεδρεύειν
827 1695 861 1722 ἐν
876 1695 930 1730 μιᾷ

143 1744 302 1777 ἐκκλησίᾳ.
322 1743 363 1769 Τὰ
377 1743 430 1778 γὰρ
447 1743 479 1769 δι’
495 1742 715 1777 αἰσχροκέρδειαν
740 1741 869 1776 γινόμενα
886 1742 931 1767 ἐπὶ

143 1789 447 1824 τῶν’ἐκκλησιαστικῶν
465 1788 646 1824 πραγμάτων,
662 1787 788 1823 ἀλλότρια
803 1787 849 1813 τοῦ
863 1787 930 1814 θεοῦ

146 1835 331 1870 καθεστήκασι
344 1843 350 1851 ·
371 1835 438 1869 πρδς
461 1834 489 1860 δὲ
507 1834 555 1868 τὴν
570 1834 616 1860 τοῦ
645 1834 702 1869 βίον
716 1834 811 1860 τούτου
826 1833 930 1869 χρείαν,

145 1880 348 1916 ἐπιτηδεύματα
372 1881 425 1906 εἰσὶ
440 1880 573 1915 διάφορα·
597 1880 626 1911 ἐξ
652 1879 741 1906 αὐτῶν
761 1880 787 1906 ετ
809 1889 851 1911 τις
870 1879 932 1914 βού-

145 1927 228 1957 λοιτο,
251 1926 286 1952 τὰ
310 1925 426 1961 χρειώδη
453 1925 500 1951 τοῦ
526 1924 651 1959 σώματος
674 1924 838 1959 ποριζέσοω.
860 1925 932 1959 Ἔφη

146 1973 202 2007 γὰρ
216 1972 231 1998 ὁ
251 1971 421 2004 Ἀπόστολος,
451 1971 520 2004 Tal".
529 1972 641 2005 χρείαις
654 1979 712 2005 μου
726 1971 774 1997 καὶ
788 1970 850 2004 τοῖς
862 1968 932 1998 οὖσι

146 2019 210 2052 μετ’
221 2018 304 2052 ἐμοῦ,
317 2017 511 2050 ὑπηρέτησαν
523 2018 552 2043 αἱ
563 2016 660 2050 χεῖρες
672 2014 769 2044 αὗται·
785 2017 831 2043 καὶ
847 2016 933 2042 ταῦτα

149 2065 198 2100 μὲν
213 2065 242 2090 ἐν
262 2063 348 2098 ταύτῃ
364 2064 397 2098 τῇ
413 2062 586 2097 θεοφυλὰκτῳ
602 2062 677 2088 πόλει
689 2070 695 2076 ·
719 2063 747 2088 ὲν
761 2062 789 2088 δὲ
812 2063 867 2093 τοῖς
882 2061 934 2094 ἔξω
972 2061 974 2064 ’

146 2110 258 2146 χωρίοις
271 2109 317 2136 διὰ
335 2109 384 2144 τὴν
404 2108 520 2142 ἔλλειψιν
542 2108 597 2134 τῶν
619 2108 781 2144 ἀνθρώπων,
805 2116 933 2143 παραχω-

148 2155 259 2192 ρείσθω.

190 2209 223 2236 Ἦ
245 2208 433 2239 Ἐλενόποντος
454 2208 500 2234 δύο
516 2207 712 2243 μετροπολίτας
727 2207 783 2242 ἔχει
800 2207 836 2239 ὡς
851 2207 867 2242 ἡ
891 2204 934 2241 κη’

146 2255 244 2289 νεαρά·
266 2255 282 2289 ἡ
304 2253 479 2287 Παφλαγονία
498 2254 651 2289 διαιεόρους,
676 2253 714 2285 ὡς
739 2254 756 2288 ἡ
773 2253 812 2279 κθ¹
838 2252 932 2287 νεαρά·
952 2270 973 2297 D

148 2298 198 2325 καὶ
210 2299 227 2333 ἠ
239 2298 342 2333 Φρυγία
359 2299 533 2334 Καπατιανὴ,
549 2299 595 2325 καὶ
617 2299 635 2333 ὴ
655 2298 767 2333 δευτέρα
783 2299 932 2324 Καππαδο-

149 2345 211 2370 κία·
227 2344 290 2369 οὔτε
304 2343 332 2369 δὲ
345 2343 391 2369 δύο
405 2343 508 2370 πόλεών
527 2353 569 2374 τις
596 2341 666 2370 εἶναι
692 2343 802 2369 δύναται
829 2344 939 2369 ἐπίσκο-

150 2396 213 2421 πος
225 2389 354 2424 ἐξῄρηται
368 2390 381 2414 ὁ
396 2389 518 2424 Τομέως,
533 2389 613 2420 αὐτὸς
637 2389 691 2424 γὰρ
706 2389 753 2415 καὶ
768 2389 822 2414 τῶν
836 2388 937 2415 λοιπῶν

150 2434 303 2469 ἐκκλησιῶν
319 2434 434 2465 Σκυθίας
441 2436 558 2470 προνοεῖο
571 2434 618 2461 καὶ
629 2436 644 2470 ἡ
656 2434 833 2465 Λεοντόπολις
855 2434 940 2460 Ἰσαυ-

153 2481 225 2515 plac,
246 2480 298 2506 ὑπὸ
310 2481 357 2506 τὸν
381 2480 531 2506 ἐπίσκοπόν
561 2481 635 2506 ἐστιν
663 2480 935 2515 Ἰσαυροπόλεως,ῶς

153 2525 256 2561 βιδλ.α’
270 2525 316 2552 τοῦ
333 2526 409 2556 κώδη
420 2526 472 2552 τίτ.
484 2525 507 2552 α’
524 2525 643 2552 etanta“
659 2525 720 2552 οὔτε
747 2525 775 2552 δὲ
792 2525 941 2560 ἡγούμενος

152 2572 259 2604 γίνεται
280 2571 327 2597 δύο
353 2570 548 2605 μοναστηρίων,
578 2570 617 2602 ὡς
642 2571 713 2598 διάτ.
737 2571 776 2597 λθ¹
794 2570 842 2596 τοῦ
859 2569 941 2596 αὑτοῦ

153 2617 244 2643 τίτλου
249 2636 256 2643 .

190 2661 317 2688 ΚΕΦΑΛ.
341 2661 405 2687 KA’.
419 2676 453 2680 —
467 2661 545 2696 nep);
555 2661 614 2688 τῶν
630 2661 879 2696 χειροτονούντων
912 2660 946 2686 ὲν

157 2708 222 2741 ταῖς
229 2708 272 2742 μὴ
285 2707 392 2739 οὔσαις
406 2706 456 2733 ὑπ’
469 2707 579 2739 αὐτοὺς
591 2708 720 2734 πόλεσιν
744 2707 763 2741 ἢ
777 2707 942 2741 ἐπαρχίαις.

353 2752 546 2778 Ἀποστόλων
565 2752 670 2779 κανὼν
689 2752 742 2779 λέ¹.

191 2799 241 2827 λε’.
262 2797 424 2825 Ἐπίσκοπον
444 2798 481 2833 μὴ
495 2799 597 2834 τολμᾷν
612 2799 664 2831 ἔξω
679 2799 737 2825 τῶν
752 2798 850 2825 ἑαυτοῦ
867 2798 946 2833 ὅρων,

155 2854 188 2874 κ.
198 2855 225 2873 τ.
237 2845 262 2873 λ.

197 2918 220 2934 ⁸⁸
233 2917 334 2953 Ancyr.
350 2916 393 2950 12,
407 2915 526 2943 Neocaes.
543 2913 668 2942 Antioch.
683 2912 726 2939 to.
748 2913 769 2930 °'
787 2912 910 2940 Distinet.
927 2910 971 2938 ιι.

969 314 1116 348 episcopus
1132 314 1196 349 60,
1219 315 1367 350 presbyteri
1386 315 1517 342 honorem
1545 314 1653 341 habebit
1671 322 1677 340 :
1696 313 1749 340 nisi

969 360 1064 394 utique
1075 361 1200 394 episcopo
1211 361 1315 394 placeat
1330 361 1416 395 ipsum
1427 360 1545 387 nominis
1556 361 1684 386 honorem
1699 359 1751 386 int-

971 404 1080 438 pertire.
1098 404 1126 431 Si
1141 411 1229 432 autent
1246 405 1269 421 “
1286 406 1337 432 hoc
1351 404 1386 431 illi
1400 413 1453 431 non
1470 405 1583 439 placeat,
1600 404 1641 430 vel
1670 404 1751 430 clior--

972 450 1103 485 episcopi,
1122 450 1163 476 vel
1185 450 1333 485 presbyteri
1356 450 1445 477 locum
1457 450 1630 485 excogitauit.
1650 453 1679 476 ut
1690 456 1751 476 esse

971 495 1082 523 omnino
1097 496 1123 522 in
1144 496 1217 523 clero
1245 496 1378 529 videatur,
1402 497 1476 523 nein
1501 496 1610 523 civitate
1626 495 1681 522 duo
1696 494 1753 521 sint

970 542 1100 577 episcOpi.

1112 633 1221 660 Concilii
1235 632 1453 660 Chalcedonensis
1466 639 1551 658 canon
1565 631 1609 657 η.

1007 680 1050 707 12,
1072 679 1198 707 Pervenit
1211 679 1243 706 ad
1257 687 1306 706 nos
1320 679 1353 711 ⁸⁵,
1371 678 1443 713 quod
1470 677 1590 712 quidam.
1605 683 1666 703 cum
1683 681 1753 710 prm-

972 726 1086 754 terrilus
1104 725 1307 752 ecclesiasticos
1325 724 1356 750 ad
1374 727 1532 758 potentatus
1562 721 1753 749 accessissent.

973 779 1020 806 per
1032 769 1212 805 pragmaticas
1238 776 1320 795 uuam
1337 768 1505 803 provinciam
1524 767 1550 793 in
1569 766 1638 793 duas
1656 765 1756 792 divise-

974 822 1036 844 rttnt
1050 826 1056 843 :
1079 817 1121 843 ut'
1131 824 1163 842 cx
1179 823 1210 841 eo
1225 814 1279 840 duo
1289 818 1381 841 essent
1396 811 1595 847 metropolitani
1610 811 1636 838 in
1662 811 1755 838 eadem

973 862 1121 897 provincia.
1139 860 1240 887 Statuit
1256 867 1319 894 ergo
1331 867 1408 886 sacra
1425 858 1556 894 synodus,
1569 865 1602 884 ne
1613 856 1757 891 episcopus

975 908 1100 941 deinceps
1113 905 1163 932 taie
1180 905 1245 940 quid
1258 905 1355 931 autleat
1375 913 1381 930 :
1398 904 1528 938 quoniam
1545 903 1568 929 is
1582 902 1627 937 qui
1646 902 1698 927 hoc
1712 909 1758 935 ag-

975 952 1108 988 greditur,
1128 959 1142 978 a
1156 958 1207 977 suo
1233 950 1318 985 gradu
1343 949 1454 975 excidit.
1477 948 1652 981 Quaecunque
1667 949 1757 973 autem

975 999 1099 1026 civitates
1115 1004 1163 1031 per
1181 996 1289 1023 litteras
1304 994 1496 1028 imperatorias
1518 991 1676 1026 metropolis
1708 997 1758 1017 no-

975 1045 1049 1071 mine
1062 1044 1201 1082 honoratte
1221 1045 1294 1072 sunt,
1309 1041 1368 1067 solo
1384 1040 1489 1066 honore
1509 1038 1645 1069 fruantur,
1661 1041 1687 1062 et
1711 1035 1757 1069 qui

976 1089 1036 1124 ejus
1074 1088 1223 1115 Ecelesiam
1255 1086 1428 1113 administrat
1455 1084 1609 1119 episcopus,
1649 1085 1758 1109 servato

978 1135 1081 1164 scilicet
1093 1141 1163 1161 verae
1180 1131 1339 1166 metropolis
1355 1138 1406 1157 suo
1419 1129 1492 1165 jure.

1119 1211 1232 1240 Concilii
1246 1210 1348 1237 Nicaeni
1362 1208 1469 1235 secundi
1483 1215 1567 1233 canon
1582 1205 1624 1233 15.

1031 1239 1148 1277 Clertctts
1163 1248 1189 1274 in
1202 1246 1303 1273 duabus
1319 1244 1435 1271 ecclesiis
1452 1251 1503 1269 non
1518 1241 1643 1268 collocari
1661 1239 1747 1266 debet.

1015 1339 1059 1371 15,
1076 1337 1197 1365 Clericus
1212 1335 1246 1362 ah
1260 1335 1312 1361 hoc
1322 1333 1448 1367 deinceps
1462 1335 1583 1365 tempore
1607 1329 1634 1355 itt
1658 1328 1763 1355 duabus

980 1384 1102 1412 ecclesiis
1116 1390 1170 1409 non
1183 1381 1340 1409 collocetur.
1354 1377 1410 1405 Hoc
1425 1377 1499 1404 enim
1516 1380 1558 1403 est
1569 1373 1763 1408 negotiationis

981 1435 1009 1458 et
1023 1430 1110 1464 turpis
1139 1427 1207 1455 lucri
1230 1426 1380 1461 proprium,
1400 1423 1473 1450 etab
1489 1420 1675 1449 ecclesiastica
1699 1426 1765 1445 cott-

982 1476 1125 1504 suetudine
1139 1474 1268 1501 alienuut.
1281 1472 1321 1498 Ab
1333 1471 1390 1506 ipsa
1402 1469 1473 1497 enim
1485 1466 1592 1494 Domini
1606 1472 1672 1492 voce
1686 1463 1764 1490 audi-

983 1522 1073 1548 vimus
1086 1527 1139 1546 non
1156 1525 1236 1553 posse
1259 1516 1415 1551 quempiam
1447 1512 1553 1540 duobus
1567 1509 1686 1538 dominis
1706 1515 1765 1535 sor-

984 1568 1040 1594 vire
1057 1575 1063 1592 :
1088 1565 1132 1593 Vel
1147 1565 1217 1592 enim
1232 1571 1312 1590 unum
1337 1562 1397 1588 odio
1412 1560 1526 1590 habebit,
1544 1562 1568 1584 et
1585 1556 1696 1582 alterum
1721 1554 1764 1580 di-

983 1613 1061 1647 liget:
1073 1616 1118 1638 aut
1136 1618 1217 1638 unum
1235 1608 1384 1639 sustinebit,
1404 1610 1427 1633 et
1440 1605 1553 1632 alterunt
1572 1604 1716 1629 contemnet
1730 1599 1764 1625 “.

986 1658 1168 1693 Unusquisque
1196 1663 1268 1690 ergo,
1287 1658 1316 1680 ιιι
1343 1661 1394 1680 vox
1409 1656 1451 1679 cst
1465 1649 1622 1685 apostolica.
1640 1648 1667 1673 in
1680 1654 1720 1678 eo,
1737 1645 1766 1671 in

983 1712 1033 1739 quo
1046 1692 1152 1729 uocatus
1164 1705 1212 1733 est,
1230 1699 1305 1726 debet
1316 1705 1431 1729 manere,
1448 1701 1471 1722 et
1488 1696 1514 1721 in
1527 1702 1579 1721 una
1593 1692 1700 1720 ecclesia
1722 1698 1766 1717 as-

984 1736 1067 1777 sidere
1081 1748 1115 1774 ".
1142 1746 1208 1779 Quae
1224 1745 1296 1773 ettitu
1311 1748 1421 1779 propter
1437 1747 1516 1775 turpe
1536 1741 1641 1767 lucrum
1655 1740 1720 1765 sunt
1739 1736 1766 1762 iu

984 1794 1177 1824 ecclesiasticis
1200 1792 1326 1827 negotiis,
1360 1798 1392 1818 ea
1423 1798 1438 1816 a
1456 1789 1511 1815 Deo
1534 1792 1598 1814 sunt
1611 1786 1707 1812 aliena.
1725 1782 1767 1809 Att

986 1842 1066 1876 hujus
1075 1845 1165 1867 autent
1177 1839 1240 1865 vitae
1249 1838 1300 1873 61
1315 1844 1394 1864 usum
1412 1838 1475 1862 sunt
1490 1834 1595 1861 diversa
1610 1830 1697 1858 studia
1710 1837 1716 1855 :
1735 1835 1767 1855 ex

985 1888 1018 1915 iis
1041 1894 1124 1921 ergo,
1154 1885 1177 1912 si
1201 1884 1262 1919 quis
1280 1883 1355 1914 velit,
1372 1889 1404 1909 ea
1435 1888 1495 1915 quae
1510 1883 1574 1906 sunt
1597 1875 1721 1910 corporis
1734 1873 1769 1901 ad

985 1939 1065 1959 usum
1077 1920 1236 1957 necessaria
1252 1930 1402 1961 comparet.
1420 1924 1492 1951 Dixit
1504 1923 1576 1951 enim
1592 1920 1741 1956 Apostolus
1761 1927 1768 1944 :

988 1977 1053 2004 Usui
1068 1984 1123 2002 meo
1140 1979 1164 2002 et
1177 1975 1209 2001 iis
1232 1973 1277 2008 qui
1304 1979 1405 1999 "tecum
1421 1975 1481 1997 sunt
1504 1967 1771 1996 subministraverant

987 2032 1080 2050 manus
1099 2030 1162 2049 mea:
1177 2021 1209 2048 ⁸³.
1224 2020 1257 2046 Ει
1269 2020 1322 2046 hoc
1335 2017 1445 2053 quidem
1462 2017 1488 2043 in
1501 2016 1552 2042 hac
1568 2022 1582 2041 a
1598 2014 1653 2041 Deo
1678 2016 1770 2039 custo-

987 2070 1043 2097 dita
1057 2066 1211 2096 civitatein
1226 2067 1260 2093 iis
1267 2069 1358 2092 autem
1368 2070 1428 2098 qua:
1444 2066 1519 2088 extra
1533 2064 1597 2088 sunt
1612 2059 1690 2090 locis,
1704 2064 1769 2091 pro-

987 2119 1046 2150 pter
1059 2114 1200 2142 hominum
1215 2112 1346 2146 iuopiam,
1363 2107 1549 2143 permittatur.

1025 2205 1132 2232 Textus.
1145 2203 1348 2236 Hclcnopontus
1358 2200 1426 2226 duos
1438 2194 1663 2229 metropolitanos
1677 2191 1771 2221 habet,

990 2249 1062 2278 ιιιὶὸ
1081 2247 1191 2275 Novella
1207 2234 1314 2282 [tradit]
1329 2253 1336 2271 :
1363 2239 1546 2276 Paphlagonia
1561 2237 1672 2265 multos.
1683 2239 1727 2282 ἰιι
1739 2234 1774 2261 29

989 2291 1099 2319 Novella
1113 2299 1120 2317 :
1137 2289 1200 2326 [sic]
1208 2279 1433 2321 ietiam’l’hrygia
1448 2283 1607 2318 Capatiaua,
1622 2284 1653 2326 et
1670 2279 1775 2312 (lappa-

990 2335 1068 2364 tlocia
1089 2324 1220 2362 secunda.
1238 2331 1332 2367 Ncque
1349 2331 1376 2357 in
1395 2329 1502 2356 duabus
1516 2324 1673 2353 civitatibus
1687 2325 1778 2356 potest

991 2381 1052 2416 quis
1066 2387 1127 2407 csse
1139 2377 1297 2412 episcopus.
1312 2374 1450 2408 Excipitur
1464 2372 1608 2406 cpiscopus
1620 2365 1776 2395 Tontcnsis.

992 2414 1038 2453 [ille
1053 2425 1125 2451 enim
1154 2423 1321 2456 reliquarum
1344 2419 1525 2446 ecclesiarum
1549 2414 1667 2450 Scythia:
1684 2419 1777 2438 curam

994 2473 1071 2508 gerit.
1092 2469 1186 2507 [Tum]
1211 2475 1238 2496 et
1254 2466 1428 2501 Leontupolis
1444 2462 1554 2491 isauria:
1571 2461 1622 2488 sub
1648 2459 1779 2494 episcopo

995 2503 1156 2551 lsauropolis
1166 2503 1218 2547 est,
1232 2518 1261 2541 ιιι
1277 2513 1324 2540 lib.
1341 2521 1349 2539 ι
1365 2511 1425 2539 cod.
1446 2510 1487 2537 tit.
1503 2509 1529 2535 '5.
1546 2510 1635 2534 const.
1653 2505 1688 2532 55
1719 2503 1778 2539 [hu-

995 2563 1063 2600 l)ct].
1089 2562 1182 2596 Neque
1203 2560 1302 2596 przcsul
1322 2555 1492 2594 [quisquam]
1508 2555 1625 2581 duorum
1643 2553 1779 2578 monaste-

995 2612 1098 2638 riorum
1113 2609 1153 2638 tit.
1172 2612 1200 2634 ut
1215 2612 1302 2634 eonst.
1315 2607 1348 2633 59
1362 2604 1483 2638 ejusdem
1498 2602 1539 2629 tit.

1030 2655 1106 2683 CAP.
1123 2653 1272 2681 XXl.—De
1284 2653 1316 2680 iis
1331 2652 1375 2687 qui
1385 2650 1562 2678 ordinationes
1577 2644 1714 2682 [aciurttt'n
1734 2650 1781 2668 ur-

999 2703 1072 2730 bibus
1091 2700 1263 2736 pt'ovinciisve
1275 2707 1325 2725 non
1339 2698 1406 2724 suis.

1219 2745 1403 2778 Apostolorum
1419 2749 1503 2769 canon
1512 2739 1557 2767 35.

1036 2794 1080 2822 55.
1093 2793 1244 2828 Episcopus
1255 2799 1288 2818 tte
1304 2791 1402 2817 autleat
1414 2793 1490 2816 extra
1499 2793 1564 2814 suos
1576 2784 1654 2814 lines,
1670 2785 1735 2813 etc.,
1754 2784 1783 2807 ut

1002 2850 1061 2877 pag.
1078 2839 1142 2867 475.

997 2911 1019 2926 ⁸ο
1036 2908 1129 2936 Matth.
1149 2914 1188 2940 γι,
1204 2906 1250 2933 24.
1269 2905 1290 2921 θ’
1307 2904 1316 2932 1
1332 2904 1397 2932 Cor;
1413 2911 1461 2936 vn,
1477 2901 1521 2928 20.
1559 2901 1583 2918 “
1599 2899 1659 2927 Aet.
1674 2905 1720 2931 ιιι,
1737 2896 1781 2923 5|.
