1951 3081
229 171 280 204 511

347 235 459 263 Concilii
475 238 630 267 Antias/teni
646 250 760 270 ranones
776 244 819 274 13.
835 246 880 273 ‘22.

261 279 304 307 15.
314 279 408 309 Nullus
419 282 561 319 episcopus
570 286 667 314 audeat
675 288 709 315 ab
721 297 773 317 una
783 292 935 326 provincia,
946 298 1009 327 ctc.,

223 330 252 351 ut
261 333 321 360 pag.
337 327 399 354 475.

257 371 407 408 Episcopus
425 375 451 401 in
467 376 548 403 aliam
563 377 713 412 civitatem,
731 385 796 413 etc.,
811 386 840 408 ut
854 391 914 418 pag.
930 384 993 412 475.

405 419 518 448 Concilti
532 423 684 451 Amice/teni
697 434 781 452 canon
801 427 827 454 8.

256 461 300 489 22.
321 462 373 496 Qui
390 472 453 492 vero
474 467 533 493 ausi
553 467 652 497 fuerint
676 475 724 498 aut
748 480 911 508 componere
927 476 1006 504 lidem

221 507 343 541 alteram,
362 515 425 543 ctc.,
446 517 475 538 ut
491 520 552 548 pug.
571 515 633 543 478.

256 554 309 588 62
326 555 400 583 CAP.
416 557 499 585 XXII.
518 574 553 579 -—
571 560 609 587 De
627 562 659 589 iis
685 563 730 598 qui
745 566 947 600 magistratuum
958 577 1007 602 pa-

220 599 329 626 trocinio
344 601 468 629 ecclesias
478 603 603 633 obtinent.

445 649 631 682 Apostolorum
646 660 730 680 canon
746 654 790 683 50.

251 689 286 717 50
297 690 366 726 [99].
383 692 410 720 Si
424 695 487 728 quis
514 696 659 731 episcopus
682 701 859 730 saecularibus
875 704 1005 739 principi-

216 734 267 763 bus
283 745 349 764 usus
367 746 415 773 per
432 748 479 767 eos
496 743 639 771 ecclesiam
654 745 770 780 adeptus
786 748 831 781 sit,
849 749 1002 784 deponatur

215 784 242 807 et
256 788 423 818 segregetur,
437 791 464 812 et.
477 794 572 815 omnes
588 789 634 823 qui
650 790 687 816 illi
705 796 918 821 communicant.

370 831 483 860 Concilii
497 833 601 861 Nica'm‘
611 837 717 863 secundi
731 846 814 865 canon
826 839 852 866 5.

251 874 277 902 5.
288 875 402 904 Omnem
409 879 570 908 electionem
580 889 640 915 qua:
649 882 676 909 lit
684 890 699 909 a
712 884 927 919 magistratibus,
935 893 999 918 etc..

214 925 243 947 ut
257 930 317 957 pag.
332 923 394 951 494.

249 967 325 995 CAP.
342 969 514 999 XXIll.—De
529 973 561 999 iis
576 974 620 1008 qui
629 974 660 1001 ob
677 977 878 1005 matrimonium
890 980 928 1007 vel
940 988 999 1007 con-

213 1011 365 1040 cubinatum
375 1022 425 1041 non
432 1016 500 1051 ﬁunt
508 1018 621 1052 episcopi
630 1024 676 1045 aut
687 1019 785 1048 clerici.

246 1105 432 1139 Apostolorum
447 1116 558 1136 canones
574 1109 616 1142 i7,
633 1110 677 1143 l8,
694 1111 737 1140 19.

248 1149 282 1176 17
296 1149 365 1186 [16].
384 1152 434 1183 Qui
452 1158 511 1187 post
526 1160 652 1182 sanctum
667 1156 689 1172 "
706 1156 870 1192 baptismum
889 1160 998 1190 duobus

211 1195 348 1231 conjugiis
363 1196 445 1225 fuerit
469 1199 629 1234 implicitus,
659 1203 701 1230 vel
718 1203 847 1233 habuerit
862 1208 996 1235 concubi-

212 1248 288 1274 nam,
308 1250 362 1270 non
382 1247 471 1278 potest
487 1253 548 1273 esse
561 1248 705 1283 episcopus
717 1250 740 1266 "
753 1270 761 1283 ,
787 1252 829 1280 vel
844 1254 995 1290 presbyter,

211 1287 254 1314 vel
268 1288 409 1322 diaconus,
427 1291 470 1318 vel
485 1292 597 1321 omnino
611 1301 645 1322 ex
661 1303 776 1324 numero
791 1299 966 1328 sacerdotali.

248 1333 281 1360 18
295 1332 362 1370 [l7].
378 1334 430 1368 Qui
450 1337 558 1366 viduam
575 1341 677 1375 accepit
693 1342 728 1376 '“,
749 1343 792 1370 vel
811 1344 938 1379 eiectam,
955 1347 996 1374 vcl

211 1379 381 1407 meretricem
391 1382 424 1413 ",
437 1383 478 1410 vel
488 1391 604 1418 servam,
618 1387 659 1413 vel
670 1387 780 1416 mimam
789 1397 837 1416 seu
847 1392 995 1426 sceuoiam,

211 1431 265 1450 non
282 1430 370 1459 potest
387 1434 449 1455 esse
465 1431 617 1466 presbyter,
637 1433 680 1460 vel
695 1434 856 1470 episcopus,
880 1438 920 1465 vel
936 1439 995 1466 dia-

209 1477 307 1502 conus,
321 1473 364 1499 vel
381 1475 493 1502 omnino
506 1484 538 1503 ex
555 1485 670 1506 numero
682 1482 853 1510 sacerdotali.

243 1514 276 1541 19
291 1515 360 1552 [18].
375 1516 426 1550 Qui
437 1518 506 1547 duas
519 1528 627 1550 sorores
639 1523 726 1557 duxit,
736 1525 776 1551 vel
790 1526 993 1560 consobrinam,

208 1567 261 1588 non
279 1566 368 1596 potest
380 1570 440 1591 esse
454 1565 581 1594 clericus.

302 1607 416 1637 Goncilit‘
430 1614 580 1640 tecumenici
593 1615 661 1641 sexti
676 1623 789 1645 canones
805 1617 832 1651 5,
854 1619 896 1646 l2.

408 1656 446 1684 De
461 1659 619 1694 presbyteris
633 1666 658 1688 et
671 1663 774 1691 clericis

238 1699 266 1726 5.
280 1699 414 1732 Quoniam
433 1710 498 1731 vero
521 1705 581 1739 pius
607 1706 764 1742 Christique
782 1715 890 1738 amator
905 1711 990 1747 impc-

205 1749 280 1771 rator
295 1747 480 1781 uosterqhanc
490 1755 611 1778 sanctam
624 1756 648 1779 et
662 1754 842 1783 universalem
858 1758 992 1792 synodum

205 1790 341 1818 allocutus
354 1797 404 1825 est,
420 1798 447 1819 ut
463 1801 510 1822 eos
520 1795 572 1830 63
586 1797 633 1832 qui
650 1798 676 1825 in
691 1799 793 1828 clerum
817 1790 894 1829 relati
917 1808 990 1836 sunt,

205 1835 267 1863 aliis
286 1837 377 1865 divina
395 1841 599 1875 transmittunt,
619 1851 702 1878 puros
717 1851 744 1873 et
760 1854 775 1874 a
796 1848 874 1883 culpa
891 1856 923 1877 ac
948 1857 994 1877 re-

205 1882 387 1916 prehensione
405 1885 510 1914 alienos
537 1889 679 1918 ministros
705 1892 840 1927 elliciaut;
869 1900 896 1922 et
919 1897 992 1930 quod

205 1928 381 1964 intelligentia
397 1933 557 1967 percipitur,
572 1937 661 1970 magni
677 1937 734 1972 Dei,
751 1940 797 1975 qui
814 1945 891 1969 estet
904 1928 992 1970 sacri-

205 1975 296 2002 ﬁcium
326 1981 353 2004 et
383 1979 503 2013 pontifex
517 2001 525 2012 ,
553 1984 689 2012 sacriﬁcio
704 1985 820 2021 dignos;
838 1992 866 2015 et
883 1996 945 2024 quae
958 1996 992 2018 ex

204 2021 315 2049 nI-l'ariis
328 2024 430 2058 nuptiis
442 2025 474 2053 iis
496 2026 587 2056 inusta
602 2034 666 2057 sunt
681 2033 781 2065 probra
800 2041 832 2061 ac
846 2034 991 2069 dedecora,

204 2073 350 2103 repurgeut
366 2078 374 2096 :
391 2075 417 2097 et
432 2076 562 2105 praterea
586 2075 632 2109 qui
657 2082 722 2104 sunt
739 2073 921 2108 sanctissima:
936 2080 992 2108 Ro-

204 2121 346 2141 manorum
374 2117 496 2145 ecclesi'e
526 2126 630 2148 exactae
657 2123 833 2156 perfectionis
858 2134 989 2155 cauouem

202 2161 365 2188 servandum
380 2170 550 2199 proponant;
563 2167 609 2201 qui
621 2175 683 2195 vero
694 2170 745 2196 sub
756 2170 808 2198 hoc
822 2174 839 2199 a‘
854 2171 910 2200 Deo
923 2181 991 2201 con-

203 2208 342 2234 servandae
360 2208 517 2243 imperantis
533 2212 609 2240 urbis
626 2214 736 2248 throno,
748 2217 821 2250 quod
835 2222 876 2245 est
891 2218 990 2246 huma-

793 186 928 218 PHOTII
946 189 1201 225 PATBIARCH/E
1213 196 1268 228 ΟΡ.

1095 120 1117 133 Ι

1151 254 1286 295 Συνόδου
1307 255 1488 294 Ἀντιοχείας
1508 262 1610 290 κανὼν
1628 265 1674 300 ιγ’,
1686 269 1741 296 κδ’.

1097 298 1142 333 ιγ’.
1155 293 1267 336 Μηδένα
1289 304 1437 334 ἐπίσκοπον
1456 308 1559 345 τολμᾷν
1581 311 1628 346 ἀφ’
1758 317 1844 353 ἐπαρ-

1060 344 1132 379 χίας,
1148 354 1176 374 κ,
1189 355 1216 374 τ.
1232 347 1257 375 λ.

1093 391 1146 418 κ6’.
1156 392 1319 422 Ἐπίσκοπον
1326 396 1362 432 μὴ
1368 397 1650 440 ἑπιϐαίνεινάλλοτρίᾳ
1658 405 1745 440 πόλει,
1753 417 1779 436 κ.
1787 417 1812 436 τ.
1818 409 1844 438 λ.

1233 443 1370 470 Συγόδου
1387 444 1512 479 Ἐφέσου
1532 449 1633 477 κανὼν
1645 460 1664 485 η

1093 483 1163 516 Τοὺς
1185 485 1215 512 δὲ
1243 487 1400 522 τολμῶντας
1416 491 1433 526 ἢ
1454 493 1607 522 συντιθέναι
1619 483 1710 526 πίστιν
1733 500 1842 536 ἑτέραν,

1058 537 1085 555 κ.
1106 538 1131 556 τ.
1152 530 1177 558 λ.

1092 575 1215 604 ΚΕΦΑΛ.
1234 578 1298 606 ΚΒ¹.
1315 594 1350 601 —-
1362 582 1433 616 Περὶ
1451 582 1511 610 τῶν
1522 584 1572 612 διὰ
1588 589 1774 623 προστασίας
1788 591 1842 626 dp-

1056 621 1181 655 χόντων,
1194 625 1358 660 γινομένων
1374 628 1526 663 ἐγκρατῶν
1541 631 1721 667 ἐκκλησιῶν.

1278 671 1471 701 Ἀποστόλων
1486 677 1586 704 κανὼν
1599 678 1631 706 λ’.

1091 710 1113 737 λ’
1131 712 1165 739 Et
1179 722 1221 745 1τις
1239 714 1389 750 ἐπίσκοπος
1403 722 1546 754 κοσμικαῖς
1561 722 1674 758 ἄρχουσι
1700 727 1842 763 χρησάμε-

1053 766 1108 789 νος,
1119 758 1247 787 διἀὺτῶν
1255 762 1392 799 ὲγκρατὴς
1399 765 1562 801 Ἐκκλησίας
1572 758 1841 808 γένηται,καθαιρεί-

1053 803 1109 830 σθω
1116 806 1161 831 καὶ
1169 806 1351 842 ἀφοριζέσοω,
1362 810 1407 836 καὶ
1415 811 1439 837 οι
1450 803 1642 847 κοινωνοῦντες
1650 816 1723 852 αὐτῷ
1731 803 1841 851 πάντες.

1119 852 1256 880 Συνόδου
1265 855 1389 890 Νικαίας
1403 858 1437 884 τὸ
1449 858 1591 893 δεύτερον
1605 863 1705 889 κανὼν
1721 867 1757 897 γ’.

1015 920 1036 947 Β
1088 900 1125 930 γ’.
1133 898 1227 925 Πᾶσαν
1238 900 1328 935 ψῆφον
1339 903 1483 940 γινομένην
1497 905 1573 940 παρά
1583 907 1730 942 ἀρχόντων,
1741 918 1768 937 κ.
1777 919 1803 938 τ.
1812 911 1838 939 λ.

1085 985 1209 1014 ΚΕΦΔΛ.
1224 988 1288 1016 K1".
1299 991 1412 1025 -Περὶ
1422 991 1477 1019 τῶν
1491 992 1539 1020 διὰ
1551 994 1646 1030 τάμον
1659 996 1678 1031 ἢ
1694 1000 1841 1026 παλλακί-

1048 1031 1148 1065 σμὸν”,
1166 1032 1208 1067 μὴ
1234 1037 1505 1069 χειροτονουμένων
1532 1040 1706 1070 ἐπισκόπων
1726 1044 1745 1078 ἢ
1766 1047 1839 1079 κλη-

1045 1077 1150 1111 ρικῶν.

1091 1124 1284 1153 Ἀποστόλων
1300 1129 1402 1156 κανὼν
1416 1129 1449 1162 ιζ’
1461 1131 1496 1166 ιη’
1513 1131 1556 1159 ιϐ’.

1085 1167 1128 1199 ιζ’.
1148 1167 1178 1195 ’0
1194 1169 1255 1196 δυσὶ
1269 1171 1369 1206 γάμοις
1384 1175 1554 1209 συμπλακεὶς
1571 1179 1641 1213 μετὰ
1651 1182 1683 1208 τὸ
1697 1182 1837 1220 βάπτισμα

1047 1212 1063 1246 ἦ
1077 1212 1217 1248 παλλακὴν
1224 1215 1404 1251 κτησάμενος,
1415 1219 1446 1246 οὐ
1460 1212 1577 1248 δύναται
1588 1221 1656 1252 εἶναι
1664 1212 1834 1266 ἐπίσκοποςῆ

1047 1257 1230 1295 πρεσϐύτερος
1253 1261 1271 1296 ἢ
1298 1262 1422 1296 διάκονος
1458 1265 1526 1299 ὅλως
1543 1269 1590 1295 τοῦ
1611 1273 1763 1308 καταλόγου
1786 1257 1835 1303 τού

1047 1307 1069 1333 le
1074 1307 1194 1342 ρατικοῦ.

1084 1357 1118 1388 ιη’
1141 1354 1170 1381 '0
1184 1355 1271 1391 χήραν
1286 1356 1386 1391 λαϐὼν,
1400 1359 1416 1395 ἤ
1431 1360 1672 1400 ἐκϐεϐλημένην,ῆ
1685 1364 1798 1401 ἑταίραν
1816 1367 1834 1403 ἢ

1045 1400 1155 1434 οἰκέτιν,
1171 1401 1187 1436 ἢ
1205 1401 1258 1428 τῶν
1272 1403 1319 1430 ἐπὶ
1347 1407 1459 1441 σκηνῆς,
1490 1408 1520 1434 οὐ
1542 1408 1652 1437 δύναται
1677 1400 1754 1438 εῖναιγ
1772 1400 1834 1440 sui;

1047 1453 1147 1477 σκοπος
1159 1446 1175 1481 ἢ
1192 1447 1375 1485 πρεσϐύτερος
1389 1451 1405 1487 ἢ
1415 1451 1546 1487 διάκονος,
1557 1454 1650 1490 ἢόλως
1663 1456 1709 1483 τοῦ
1719 1459 1834 1486 καταλό-

1045 1498 1094 1524 γου
1112 1491 1158 1517 τοῦ
1169 1492 1316 1527 ἱερατικοῦ.

1082 1536 1114 1562 ιθ¹
1133 1536 1162 1564 '0
1172 1537 1218 1564 δύο
1225 1539 1341 1574 ἀδελφὰς
1352 1541 1484 1578 ἀγόμενος
1494 1544 1510 1580 ἢ
1520 1545 1673 1583 ἀδελφιδῆν,
1682 1548 1712 1575 οὗ
1722 1549 1834 1577 δύναται

1007 1585 1030 1616 C
1047 1579 1115 1610 εἶναι
1127 1583 1267 1619 κληρικός.

1104 1631 1240 1659 Συνόὸου
1259 1633 1471 1669 οίκουμενικῆς
1484 1635 1573 1670 ἕκτης
1589 1638 1690 1666 κανὼν
1712 1644 1747 1675 γ’,
1765 1642 1810 1678 ιβ’.

1232 1678 1301 1712 Περὶ
1316 1679 1417 1713 ἱερέων
1429 1680 1478 1708 καί
1488 1683 1649 1716 κ.2ηρικῶν.

1078 1724 1101 1754 γ’
1123 1721 1231 1758 Ἐπειδὴ
1242 1723 1270 1750 δὲ
1284 1724 1298 1750 ό
1311 1725 1426 1761 εὐσεϐὴς
1438 1727 1485 1754 καὶ
1501 1728 1672 1765 φιλόχριστος
1685 1732 1765 1767 ἡμῶν
1783 1733 1834 1769 βα-

1044 1765 1133 1797 σιλεὺς
1144 1768 1177 1801 τῇ
1189 1768 1254 1803 ἁγίᾳ
1270 1769 1358 1806 ταύτῃ
1377 1770 1425 1797 καὶ
1447 1772 1622 1810 οἱκουμενικῇ
1637 1765 1833 1813 προσεφώνησε

1044 1811 1157 1847 συνόδῳ,
1175 1813 1245 1840 ὥστε
1261 1815 1324 1847 τοὺς
1349 1816 1379 1843 ὲν
1406 1817 1502 1853 κλήρῳ
1528 1821 1770 1856 καταλεγομένους,
1787 1811 1835 1851 καὶ

1042 1857 1134 1890 ἄλλοις
1165 1858 1200 1886 τὰ
1237 1859 1296 1887 θεῖα
1324 1861 1587 1899 διαπορθμεύοντας,
1604 1866 1742 1903 καθαροὺς
1764 1869 1834 1896 ἀπο-

1043 1901 1126 1936 φῆναι
1142 1903 1189 1930 καὶ
1204 1903 1377 1942 λειτουργοὺς
1391 1907 1535 1944 ἀμώμους,
1552 1911 1599 1938 καὶ
1615 1913 1666 1947 τῆς
1679 1901 1775 1948 νοερᾶς
1784 1914 1832 1941 τοῦ
1884 1948 1890 1954 _

1043 1947 1161 1981 μεγάλου
1176 1948 1244 1976 θεοῦ
1269 1951 1315 1977 καὶ
1343 1952 1463 1995 θύματοε
1488 1955 1535 1982 καὶ
1558 1956 1708 1992 ἀρχιερέως
1726 1947 1833 1993 θυσίας

1041 1991 1142 2024 ἀξίους,
1154 1994 1328 2031 ἀνακαθᾶραι
1338 2006 1368 2023 τε
1384 1999 1419 2024 τὰ
1434 1991 1463 2032 £5
1477 1991 1712 2037 ἀθέσμωννγάμων
1727 1991 1833 2038 τούτοις

1042 2039 1217 2075 ὲπιτριὸἐντα
1232 2043 1317 2078 μύω-η’
1331 2044 1399 2080 πρὸς
1414 2045 1503 2082 τούτῳ
1512 2056 1543 2074 τε
1557 2048 1611 2075 τῶν
1632 2049 1682 2084 μὲν
1696 2051 1745 2086 τῆς
1765 2051 1832 2078 Ῥω-

1042 2086 1132 2119 μαίων
1158 2087 1315 2123 ἁγιωτάτης
1348 2090 1522 2126 Ἐκκλησίας,
1550 2093 1595 2120 τὸν
1608 2095 1659 2128 τῆς
1687 2095 1832 2131 ἀκριϐείας

1041 2131 1193 2166 τηρηθῆναι
1210 2133 1311 2160 κανόνα
1340 2135 1559 2171 προτιθεμένων,
1585 2139 1639 2166 τῶν
1665 2140 1694 2166 δὲ
1714 2141 1766 2168 ὑπὸ
1784 2142 1832 2168 τὸν

1039 2176 1089 2210 τῆς
1103 2176 1285 2210 θεοφυλάκτου
1300 2178 1402 2214 ταύτης
1423 2180 1472 2207 καὶ
1486 2181 1622 2216 βασιλίδος
1649 2184 1751 2217 πόλεως
1767 2184 1831 2221 θρό-

1041 2230 1096 2253 νον,
1108 2221 1154 2248 τὸν
1172 2223 1223 2258 τῆς
1246 2223 1451 2259 φιλανθρωπίας
1479 2227 1527 2254 καὶ
1547 2229 1729 2264 συμπαθείας,
1741 2231 1782 2262 είς
1800 2231 1830 2258 ἓν

203 2251 296 2278 uitatis
313 2257 339 2279 et
357 2255 567 2291 misericordiae;
580 2258 725 2294 utriusque
738 2266 850 2295 patente
863 2267 890 2290 et
906 2264 987 2292 simul

203 2296 327 2310 -υΙῖηΖυηΑ
343 2300 430 2310 ...ξυμ
480 2305 486 2310 .
666 2305 673 2310 .
773 2307 779 2310 .

1055 2251 1184 2303 ιμιρότερα
1201 2251 1337 2304 Itali-avre:
1347 2251 1354 2259 ⁸
1367 2251 1510 2307 πατρίκίδς
1522 2251 1602 2309 όμοὲ
1611 2275 1657 2301 καὶ
1685 2251 1828 2310 θεόφιλῶς,

203 2296 329 2332 religiose
343 2300 442 2333 mistis,
460 2305 489 2328 ut
503 2310 590 2338 neque
601 2305 673 2339 quod
686 2310 727 2333 est
744 2307 809 2334 mite
821 2315 853 2335 ac
863 2316 988 2337 mansue-

202 2347 271 2376 tum,
290 2345 453 2375 dissolutum
471 2357 479 2376 :
496 2357 584 2385 neque
597 2352 669 2386 quod
683 2357 724 2381 est
737 2359 889 2388 austerum,
906 2358 987 2384 astri-

201 2389 302 2416 ctivum
315 2391 520 2428 relinquamus;
536 2400 563 2422 et
577 2397 696 2425 maxime
710 2407 772 2426 cum
786 2408 817 2427 ex
832 2401 985 2436 ignorantia

201 2435 294 2469 lapsus
313 2437 338 2464 iu
349 2446 403 2465 non
412 2440 538 2476 exiguam
553 2442 694 2471 hominum
711 2446 911 2475 multitudinem
923 2456 986 2483 per-

201 2482 290 2513 vadat,
309 2482 492 2519 decernimus,
520 2491 551 2514 ut
574 2488 619 2523 qui
644 2489 751 2518 duobus
766 2491 876 2526 quidem
893 2482 988 2521 matri-

200 2531 300 2559 moniis
315 2532 444 2568 implicati
457 2535 543 2569 l'uere,
560 2541 588 2564 et
601 2545 689 2573 usque
703 2539 737 2565 ad
755 2539 890 2568 decituutn
904 2542 986 2576 quin-

200 2581 256 2603 tum
273 2580 402 2612 prmteriti
432 2583 536 2610 mensis
559 2583 680 2612 Januarii
708 2587 853 2621 praeterita:
882 2593 988 2623 quat-tte

237 2636 259 2651 “
276 2636 342 2687 Disrtr.
358 2638 394 2679 .55
413 2638 445 2666 Si
463 2641 522 2676 quis
537 2647 606 2676 post.
636 2643 659 2659 ⁷⁰
674 2644 702 2672 S.
717 2644 801 2673 Basil.
815 2654 877 2675 can.
897 2647 940 2678 12,
962 2647 995 2674 ad
1017 2648 1116 2682 Amph.
1147 2649 1170 2664 "
1189 2649 1256 2677 Dist.
1270 2650 1288 2679 4
1305 2650 1336 2678 Si
1353 2651 1412 2687 quis
1426 2653 1520 2680 (tuam.

199 2677 305 2699 summa
320 2672 396 2700 Trin.

1039 2312 1077 2343 ὡς
1094 2314 1163 2348 μήτε
1178 2314 1209 2340 τὸ
1219 2315 1305 2350 πρᾶον
1322 2315 1445 2349 ἔκλυτον,
1461 2319 1529 2354 μήτε
1557 2319 1656 2354 στῦφον
1672 2321 1702 2347 τδ
1726 2322 1830 2357 αὐστη-

1039 2358 1084 2393 ρὸν
1097 2360 1318 2396 καταλείψοιμεν,
1333 2363 1380 2390 καὶ
1397 2365 1515 2398 μάλιστα
1528 2364 1575 2391 τοῦ
1587 2365 1617 2398 ἐξ
1631 2366 1742 2400 ἀγνοίας
1754 2367 1829 2394 πτώ-

1038 2413 1123 2439 ματος
1136 2407 1176 2438 είς
1190 2407 1240 2434 οὐκ
1255 2408 1353 2442 ὀλίγων
1374 2409 1480 2445 ἀνδρῶν
1495 2410 1598 2446 πλῆθος
1611 2411 1751 2448 διήκοντος
1768 2422 1830 2441 συν-

1040 2451 1157 2486 ορῶμεν,
1174 2452 1243 2479 ὦστε
1260 2455 1324 2487 τοὺς
1348 2455 1399 2490 μὲν
1417 2456 1478 2483 δυσὶ
1498 2457 1597 2492 γάμοις
1613 2459 1828 2495 περιπαρέντας,

1041 2498 1087 2524 καὶ
1104 2499 1183 2534 μέχρι
1204 2500 1254 2536 τῆς
1273 2501 1517 2529 πεντεκαιδεκάτου
1534 2502 1580 2530 τοῦ
1596 2503 1747 2537 διελθόντος
1759 2506 1830 2533 Ἰαν-

1039 2544 1164 2579 νουαρίου
1190 2545 1291 2580 μηνὸς,
1317 2546 1368 2581 τῆς
1398 2547 1587 2584 παρελθούσης
1612 2547 1633 2575 δ’
1651 2549 1827 2584 ίνδικτιῶνος,

1040 2591 1116 2624 ἔτους
1133 2592 1213 2628 ςργθ¹
1227 2593 1293 2628 (i9),
1307 2593 1490 2626 δουλωθέντας
1511 2596 1544 2630 τῇ
1558 2595 1680 2632 ἁμαρτίᾳ
1691 2617 1698 2629 ,
1722 2597 1769 2624 καὶ
1788 2597 1828 2634 μὴ

1563 2654 1586 2669 ⁷¹
1603 2652 1670 2682 Vide
1685 2654 1738 2690 leg.
1752 2655 1781 2687 3,
1794 2656 1828 2683 de

952 2727 1065 2755 NOT/E.

236 2777 291 2812 (18)
306 2777 375 2814 Αιδηί
392 2779 493 2807 Christi
511 2781 572 2808 706.
601 2782 632 2810 Et
646 2783 686 2810 sic
704 2785 806 2812 conditi
819 2785 846 2812 hi
864 2794 985 2814 canones

200 2819 301 2851 ιιινιικιε⁸
317 2813 468 2848 Septembri
497 2816 536 2842 vel
553 2816 663 2844 Octobri
686 2818 807 2851 ejusdem
826 2822 900 2848 anui.
920 2821 986 2849 Vide

199 2846 392 2890 'l'ltrophan-em
415 2858 492 2889 anno
586 2846 764 2890 poustautini
791 2846 988 2890 l’ogrouatiC‘e—t

200 2881 324 2913 Allxum
336 2884 499 2913 Aristiuum.
518 2886 682 2915 Ilurtlut'nua.

1069 2787 1357 2827 (linfcrperamapud
1369 2790 1545 2826 Bevcregium
1555 2791 1631 2827 cpﬂ'.
1645 2791 1755 2820 Scilicet
1770 2798 1825 2821 tam

1041 2823 1111 2856 apud
1126 2823 1263 2861 Bevcrcgii
1282 2823 1443 2857 Pandectas,
1468 2823 1551 2861 quam
1569 2823 1640 2861 apud
1657 2827 1827 2855 Nomocauo-

1042 2865 1103 2884 ucm
1121 2866 1182 2885 cum
1197 2859 1366 2888 Balsamouis
1386 2859 1508 2891 scholiis.
1531 2859 1707 2889 numerorum
1727 2864 1824 2891 menda

1044 2901 1096 2920 non
1113 2894 1222 2922 desunt.
1251 2894 1354 2930 lituqrse
1378 2902 1468 2923 autem
1484 2895 1612 2925 Trullaua
1632 2898 1751 2933 synodus
1770 2906 1824 2926 nou
