1951 3081
810 121 839 137 κ

103 161 151 194 513

414 162 613 193 SYNTAGMA
639 162 832 193 CANONUM.
847 175 881 179 —
893 161 967 192 TIT.
988 160 1014 199 Ι,
1033 161 1110 192 CAP.
1125 161 1221 199 XXII,
1241 161 1354 192 XXIII.

1670 162 1722 194 514

103 216 212 250 εκνῆψαι
226 216 327 250 ταύτης
342 217 541 251 προελομένους
552 236 560 248 ,
582 216 739 251 καθαιρέσει
759 218 885 252 κανονικῇ

940 216 1095 244 indietionls
1117 216 1194 252 (l8),
1214 215 1278 243 anni
1306 215 1354 247 fni.
1370 215 1451 251 6l97]
1479 216 1568 244 sexies
1586 217 1721 245 millesimi

103 262 252 289 ὑποϐαλεῖν⁸
267 262 329 293 τοὺς
345 261 373 287 δὲ
388 261 426 297 τῷ
439 262 552 297 τοιούτῳ
567 262 616 297 μὲν
632 262 681 296 τῆς
697 262 825 297 διγαμίας
838 263 887 289 πά-

104 308 140 334 θετ
159 307 368 342 περιπεσόντας.
385 307 437 341 πρὸ
458 306 486 334 δὲ
504 307 554 342 τῆς
567 307 647 342 ἡμῶν
662 307 837 341 ἐπιγνώσεως
854 308 885 334 τὸ

104 352 236 387 συμφέρον
251 352 449 386 ἑπεγνωκότας,
463 352 511 379 καὶ
522 352 553 378 τὸ
568 352 653 379 κακὸν
669 351 699 384 ἐξ
713 352 818 380 ἑαυτῶν
836 362 885 380 πε-

105 396 270 432 ρικόψαντας,
293 397 336 422 καὶ
352 396 446 431 πόρρω
462 397 512 432 τὴν
527 396 606 432 ξένην
616 397 720 432 ταύτην
740 398 787 423 καὶ
809 397 885 424 νόθον

103 442 257 478 συμπλοκὴν
274 441 464 474 ὲκδιώξαντας·
482 442 499 477 ἢ
515 443 561 468 καὶ
573 438 610 469 ὧν
622 443 650 469 αἱ
670 442 739 469 κατὰ
759 442 886 478 δεύτερον

103 488 185 523 γάμον
199 488 327 521 γυναῖκες
334 487 384 523 ήδη
398 487 634 522 τετελευτήκασιν,
645 488 662 523 ἢ
677 490 724 515 καὶ
735 488 813 515 αὐτοὶ
824 490 885 515 ὲπι-

103 533 218 569 στροφὴν
231 530 311 564 εἶδον,
328 533 532 568 μεταμαθόντες
552 533 601 569 τὴν
621 534 813 570 σωφροσύνην,
839 534 885 561 καὶ

103 579 153 605 τῶν
166 577 261 614 πρώην
274 578 365 610 αὐτοῖς
378 578 627 614 παρανομηθέντων
639 579 746 614 ταχέως
761 580 885 606 ὲπιλαθός

105 631 186 658 μενοι,
214 623 269 649 εἴτε
286 623 467 659 πρεσϐύτεροι
482 625 537 651 εἶτε
552 624 671 651 διάκονοι
690 624 767 656 ὄντες
785 626 885 660 τυγχά-

103 677 179 701 νοιεν,
187 669 298 703 τούτους
306 668 378 701 ἔδοξε
391 669 546 696 πεπαῦσθαι
567 670 616 705 μὲν
640 670 730 705 πάσης
746 670 885 705 ἱερατικῆς

103 715 279 750 λειτουργίας,
291 715 351 750 ἢτοι
360 715 511 750 ἐνεργείας,
528 715 579 750 ἤδη
594 716 640 741 ἐπὶ
654 716 735 750 ρητὸν
747 724 808 742 τινα
822 716 885 750 χρό-

103 769 144 787 νον
157 760 379 795 ἐπιτιμηθέντας·
400 761 450 795 τῆς
468 760 497 786 δὲ
521 760 604 794 τιμῆς
617 761 666 795 τῆς
690 760 761 787 κατὰ
775 761 825 795 τὴν
838 769 886 787 κα-

105 805 198 839 θέδραν
225 806 272 831 καὶ
289 806 383 832 στάσιν
409 804 543 840 μετέχειν,
563 804 747 840 ἀρκουμένους
769 807 799 839 τῇ
819 813 886 839 προ-

103 851 175 885 εδρίᾳ
201 852 248 877 καὶ
268 851 484 885 προσκλαίοντας
506 851 545 885 τῷ
566 851 661 886 Κυρίῳ
676 851 885 886 συγχωρηθῆναι

104 897 189 928 αὐτοῖς
214 897 244 922 τὸ
259 897 290 923 ὲκ
313 896 362 931 τῆς
379 895 490 930 ἀγνοίας
519 895 659 931 ἀνόμημα.
686 896 816 930 Εὑλογεϊν
830 895 885 931 γὰρ

103 941 200 977 ἕτερον,
217 941 262 968 τὸν
278 941 312 968 τὰ
326 942 413 968 οἰκεῖα
430 941 557 976 τημελεῖν
572 941 715 975 ὀφείλοντα
728 941 884 976 τραύματα,

103 988 286 1015 ἀνακόλουθον
305 988 369 1020 τοὺς
384 988 433 1023 μέν
444 997 485 1014 τοι
497 989 604 1023 γαμετῇ
616 988 665 1022 μὲν
678 989 727 1024 μιᾷ
739 988 887 1022 συναφθέν-

102 1033 236 1068 τας,χήρα
247 1033 276 1060 δὲ
288 1033 305 1068 ἡ
314 1032 520 1068 προσληφθεῖσα
532 1032 679 1067 ἐτύγχανεν
689 1033 705 1068 ἥ
717 1032 834 1067 ὲκϐεϐλη
839 1032 886 1067 μέ-

102 1085 143 1112 νη,
152 1077 282 1109 ὡσαύτως
292 1077 321 1104 δὲ
333 1078 380 1104 καὶ
390 1079 452 1108 τοὺς
466 1077 535 1113 μετὰ
552 1077 602 1112 τὴν
627 1077 791 1113 χειροτονίαν
804 1077 886 1112 γάμῳ

103 1121 140 1149 ἑνὶ
149 1123 300 1157 παρανόμῳ
309 1123 574 1158 προσομιλήσαντας,
587 1124 711 1150 τουτέστι
736 1123 887 1158 πρεσϐυτέ-

103 1178 174 1205 ρους,
182 1169 233 1196 καὶ
239 1169 389 1203 διακόνους,
398 1170 444 1197 καὶ
453 1171 656 1202 ὑποδιακόνους,
666 1170 716 1205 ήδη
726 1170 772 1195 ἐπὶ
784 1168 886 1204 βραχύν

101 1223 158 1241 τινα
180 1214 277 1250 χρόνον
292 1215 449 1250 εἱρχθέντας
465 1216 513 1250 τῆς
533 1215 608 1250 ἱερᾶς
634 1213 822 1249 λειτουργίας,
840 1213 886 1240 καὶ

102 1260 319 1296 ἐπιτιμηθέντας,
334 1259 411 1291 αὖθις
421 1261 519 1292 αὐτοὺς
528 1261 557 1287 ὲν
566 1262 621 1291 τοῖς
628 1260 738 1291 οἰκείοις
747 1260 887 1285 ἀποκατα-

102 1307 193 1341 στῆναι
211 1306 337 1342 βαθμοῖς,
367 1306 499 1341 μηδαμῶς
514 1307 543 1332 ὲν
559 1306 651 1341 ἑτέρῳ
667 1305 769 1341 μείζονι
787 1305 887 1340 προκό-

102 1359 214 1383 πτοντας
240 1351 347 1386 βαθμῷ·
378 1351 520 1386 προδήλως
536 1350 709 1381 διαλυθέντος
733 1350 827 1381 αὐτοῖς
839 1349 886 1375 τοῦ

101 1396 220 1431 ἀθέσμου
249 1396 427 1424 συνοικεσίου.
444 1396 538 1423 Ταῦτα
552 1396 581 1423 δὲ
605 1397 662 1428 τοῖς
686 1396 886 1431 καταληφθεῖσι

103 1442 179 1477 μέχρι
192 1442 244 1477 τῆς
259 1441 503 1469 πεντεκαιδεκάτου
527 1442 564 1474 ὡς
577 1442 683 1478 εἴρηται
693 1441 740 1468 τοῦ
771 1442 888 1469 Ἰανουα-

103 1488 158 1522 ρίου
185 1487 317 1523 μηνὺς,δ¹
348 1488 522 1521 ῑνδικτιῶνος,
550 1489 579 1515 ὲν
606 1489 663 1520 τοῖς
692 1488 888 1524 προδηλωθεῖσι

101 1534 254 1569 πταίσμασι
281 1534 328 1561 καὶ
357 1534 447 1569 μόνον,
472 1533 617 1569 ἱερατικῶς
639 1533 676 1570 (1)
696 1533 887 1569 ὲωπώσαμεν,

101 1581 242 1617 ὁρίζοντες
269 1581 324 1608 ἀπὸ
349 1581 396 1608 τοῦ
426 1582 558 1617 παρόντος
576 1581 624 1608 καὶ
635 1581 827 1617 ἀνανεούμενοι
843 1581 888 1607 τὸν

101 1628 197 1655 κανόνα
211 1627 262 1654 τὸν
279 1627 479 1662 διαγορεύοντα,
495 1626 541 1654 τὸν
562 1627 623 1654 δυσὶ
641 1628 740 1662 γάμοιν
765 1626 889 1661 συμπλα-

101 1672 179 1699 κέντα
192 1682 225 1708 με
231 1672 265 1698 τὰ
276 1672 306 1698 τὸ
316 1672 467 1707 βάπτισμα,
477 1672 494 1708 ἦ
510 1672 650 1708 παλλακὴν
660 1673 841 1707 κτησάμενον,
851 1672 888 1706 μὴ

100 1717 225 1745 δύνασθαι
240 1716 309 1744 εῐναι
319 1718 467 1744 ἐπίσκοπον
478 1718 494 1752 ἢ
508 1718 692 1753 πρεσϐύτερον
703 1718 719 1753 ἢ
729 1718 861 1749 διάκονον,
871 1717 887 1752 ἦ

102 1763 167 1795 ὅλως
175 1763 222 1790 τοῦ
243 1763 397 1797 καταλόγου
409 1762 456 1790 τοῦ
482 1762 632 1796 ἱερατικοῦ.
652 1762 789 1793 Ὡσαύτως
802 1761 829 1787 δὲ
842 1763 889 1788 καὶ

102 1808 143 1833 τὺν
152 1810 238 1844 χήραν
253 1808 408 1843 λαϐόντα,ἢ
424 1808 640 1843 ἐκϐεϐλημένην,
651 1808 668 1843 ἢ
684 1807 806 1843 ἑταίραν,
819 1807 836 1842 ἦ
852 1807 888 1832 οἰ-

102 1854 184 1887 κέτιν,
195 1855 211 1890 ἢ
221 1855 279 1881 τῶν
295 1855 342 1881 ἐπὶ
355 1854 469 1889 σκηνῆς,
490 1853 527 1889 μὴ
542 1853 674 1880 δύνασθαι
689 1852 758 1880 εἶναι
774 1853 886 1879 ἐπίσκο-

101 1907 149 1926 πον
162 1900 178 1935 ἢ
203 1899 391 1936 πρεσϐύτερον
406 1899 423 1935 ἢ
437 1899 571 1932 διάκονον,
585 1898 602 1934 ἢ
618 1898 685 1930 ὅλως
709 1897 756 1925 τοῦ
772 1897 887 1924 καταλό-

101 1953 148 1978 γου
157 1946 204 1972 τοῦ
222 1945 373 1981 ἱερατικοῦ.
826 1949 828 1951 ’

135 1990 167 2016 ιϐ’
186 1991 242 2017 Καὶ
256 1990 337 2017 τοῦτο
365 1990 394 2017 δὲ
408 1990 448 2021 είς
461 1989 561 2024 γνῶσιν
587 1988 723 2024 ἡμετέραν
738 1985 819 2024 ἦλθεν
828 2008 836 2019 ,
849 1988 887 2019 ὡς

99 2035 128 2062 ἒν
140 2037 172 2072 τῇ
192 2036 311 2071 Ἀφρικῇ
329 2035 376 2062 καὶ
391 2034 478 2070 Λιϐύῃ
494 2035 541 2061 καὶ
555 2034 656 2069 ἑτέροις
670 2033 773 2066 τόποις,
796 2033 820 2059 οἱ
832 2032 886 2059 τῶν

99 2081 187 2108 ἐκεῖσε
201 2082 410 2117 θεοφιλέστατοι
429 2081 565 2116 πρόεδροι,
581 2080 714 2106 συνοικεῖν
733 2079 793 2110 ταῖς
809 2078 886 2109 ἰδίαις

98 2129 228 2162 γαμεταῖς
244 2127 294 2154 καὶ
309 2126 378 2161 μετα
392 2126 441 2161 τὴν
456 2126 499 2152 ἐπ’
516 2126 606 2155 αὐτοῖς
624 2123 808 2160 προελθοῦσαν
830 2131 884 2158 χει-

99 2174 219 2207 ροτονίαν
229 2173 262 2198 οὐ
285 2170 490 2206 παραιτοῦνται,
517 2169 683 2204 πρόσκομμα
714 2169 770 2199 τοῖς
796 2167 885 2199 ἄλλοις

97 2218 216 2250 τιθέντες
231 2216 351 2244 ἐνταῦθα
370 2216 416 2243 καὶ
445 2215 604 2243 σκάνδαλον.
621 2214 726 2249 Πολλῆς
751 2211 798 2241 οὖν
819 2214 885 2250 ἡμῖν

97 2263 212 2299 σπουδῆς
229 2263 326 2297 οῡσης,
342 2262 388 2288 τοῦ
411 2261 501 2288 πάντα
527 2261 595 2296 πρὸς
608 2260 741 2295 ὠφέλειαν
765 2259 818 2286 τῶν
834 2259 885 2285 ὑπὸ

96 2312 172 2346 χεῖρα
185 2311 324 2345 ποιμνίων
336 2308 561 2345 διαπράττεσθαι,
570 2307 658 2339 ἔδοξεν
669 2306 739 2333 ὥστε
751 2306 885 2342 μηδαμῶς

96 2363 121 2380 τι
134 2355 256 2382 τοιοῦτον
271 2354 327 2381 ἀπὸ
340 2354 387 2380 τοῦ
410 2353 456 2380 νῦν
471 2352 622 2387 γίγνεσθαι.
639 2351 723 2377 Τοῦτο
737 2350 766 2376 δέ
783 2358 884 2385 φαμεν,

96 2401 144 2427 οὐκ
155 2401 199 2428 ἐπ’
214 2400 347 2435 ἀθετήσει
361 2399 378 2435 ἢ
392 2400 530 2434 ἀνατροπῇ
543 2398 596 2424 τῶν
611 2396 796 2428 ἁποστολικῶς
812 2404 884 2422 νενο-

97 2447 309 2482 μοθετημένων,
324 2445 392 2472 ἀλλὰ
407 2447 457 2480 τῆς
488 2444 625 2479 σωτηρίας
649 2443 696 2470 καὶ
723 2443 774 2477 τῆς
788 2443 834 2468 ὲπὶ
854 2442 885 2468 τὸ

96 2494 218 2527 κρεῖττον
244 2492 390 2529 προκοπῆς
410 2491 465 2517 τῶν
489 2490 562 2517 λαῶν
581 2488 801 2525 προμηθούμενοι
818 2507 825 2519 ,
838 2487 885 2513 καὶ

94 2538 140 2566 τοῦ
162 2540 200 2576 μὴ
216 2540 312 2566 δοῦναι
328 2539 421 2573 μῶμον
436 2537 497 2564 τινὰ
516 2537 587 2563 κατὰ
609 2536 658 2570 τῆς
675 2535 814 2570 ἱερατικῆς
834 2541 884 2559 κα-

95 2585 265 2616 ταστάσεως.
284 2584 354 2618 Φῆσὶ
380 2583 433 2617 γὰρ
459 2583 474 2608 ὁ
503 2582 574 2612 θεῖος
593 2579 769 2610 Ἀπόστολος-
784 2578 884 2605 Πάντα

95 2630 133 2662 είς
148 2629 246 2662 δόξαν
262 2629 338 2656 Θεοῦ
352 2628 471 2659 ποιεῖτε,
492 2628 680 2662 ἀπρόσκοποι
695 2626 815 2661 γίνεσθε
834 2624 883 2651 καὶ

102 2675 260 2710 Ἰουδαίοις
272 2676 324 2703 καὶ
333 2675 462 2708 Ἕλλησι
473 2674 523 2702 καὶ
532 2673 569 2708 τῇ
577 2673 742 2707 Ἐκκλησίᾳ
749 2672 801 2699 τοῦ
811 2671 884 2698 Θεοῦ

130 2743 153 2759 ⁷⁸
166 2743 236 2771 (Ian.
252 2746 344 2778 apost.
359 2742 391 2769 I7
408 2743 447 2770 l8.

940 261 1082 289 ccntesimi
1099 262 1175 292 noni.
1193 266 1305 296 peccato
1331 261 1504 294 servierunt,
1528 265 1555 288 et
1570 269 1623 288 non
1641 263 1675 290 ab
1689 271 1723 290 (ιο

937 307 1099 342 resipiscere
1112 307 1269 338 voluerunt,
1297 306 1460 341 depositioni
1474 308 1613 334 canonica;
1633 308 1721 342 subji-

936 359 1015 385 cere;
1033 360 1080 379 eos
1094 356 1196 385 autem,
1208 352 1254 386 qui
1273 353 1335 380 talis
1352 353 1461 387 quidem
1481 353 1606 387 bigamiar
1623 354 1722 388 probro

936 404 968 423 ac
992 396 1120 423 dedecori
1138 396 1268 431 implicati
1298 397 1373 424 luere
1385 416 1393 429 ,
1412 402 1474 424 ante
1489 403 1612 424 nostrum
1630 404 1720 425 autem

935 441 1075 468 decretum
1089 441 1115 468 id
1130 441 1203 476 quod
1219 441 1284 468 utile
1297 446 1338 470 est
1350 447 1530 477 agnoverunt,
1544 447 1570 469 et
1586 444 1687 470 malum
1707 452 1722 470 a

935 493 965 513 se
980 486 1165 519 absciderunt,
1192 492 1218 514 et
1245 487 1316 514 hanc
1340 487 1523 514 adulterinam
1551 493 1579 515 et
1605 488 1721 515 alienam

936 532 1157 566 congressionem
1180 533 1273 567 procul
1290 533 1456 568 abegerunt;
1487 534 1529 560 vel
1558 541 1606 561 eos
1627 535 1721 566 etiam,

935 585 1054 612 quorum
1069 585 1169 605 uxores
1193 578 1220 605 in
1244 579 1371 606 secundis
1399 579 1501 614 nuptiis
1522 580 1579 615 jam
1606 587 1723 608 mortuze

935 629 1019 657 sunt;
1035 623 1078 650 vel
1094 623 1146 658 ipsi
1161 624 1242 651 etiam
1255 624 1289 651 ad
1307 625 1511 652 conversionem
1533 631 1721 660 respexerunt,

935 675 962 697 et
995 669 1192 697 continentiam
1210 670 1383 704 didicerunt,
1417 676 1444 698 et
1459 672 1581 706 priorum
1608 680 1720 700 suorum

936 715 1110 749 iniquitatum
1125 715 1201 742 obliti
1222 720 1296 747 sunt,
1324 717 1380 744 sive
1404 717 1639 753 sintpreshyteri.
1664 719 1723 746 she

935 760 1053 792 diaconi.
1066 768 1113 788 eos
1129 761 1164 788 ab
1177 761 1251 788 omni
1269 763 1377 796 quidem
1391 763 1552 790 sacerdotali
1569 765 1722 792 ministerio

935 805 991 841 64
1012 806 1069 833 sive
1097 807 1226 834 exercitio
1244 807 1299 842 jam
1330 815 1455 840 cessare,
1474 809 1608 843 praeﬁnito
1630 810 1723 845 aliquo

937 855 1058 886 tempore
1078 853 1200 886 punitos,
1224 853 1357 879 honorum
1374 859 1463 880 autem
1488 854 1514 880 in
1540 855 1669 882 cathedra
1694 860 1722 882 rt

937 897 1056 924 statione
1069 897 1245 931 participare,
1258 898 1346 932 prima
1362 899 1425 925 sede
1438 903 1596 931 contentos;
1616 903 1642 926 cl.
1659 907 1720 926 cum

902 931 921 958 Β
937 941 999 968 ﬂetu
1012 949 1027 968 a
1039 942 1150 969 domino
1171 931 1351 978 postulantes,
1377 947 1406 969 ιιι
1420 943 1459 970 eis
1474 945 1642 970 condonetur
1659 952 1722 978 pen:-

936 992 1026 1014 catum
1038 988 1207 1023 ignorantia.
1221 987 1315 1023 Neque
1331 988 1403 1015 enim
1415 989 1556 1019 convenit.
1569 995 1598 1015 ut
1611 989 1632 1015 is
1643 990 1719 1016 alteri

936 1032 1091 1065 hencdicat,
1107 1033 1153 1068 qui
1180 1033 1258 1061 debet
1282 1034 1391 1068 propria
1417 1042 1514 1062 curare
1530 1035 1652 1063 vulnera.
1670 1035 1723 1063 Eos

936 1085 1013 1109 vero,
1029 1079 1075 1112 qui
1093 1079 1139 1106 uni
1158 1079 1268 1113 quidem
1286 1079 1364 1106 uxori
1380 1079 1497 1113 copulati
1513 1085 1587 1112 sunt,
1601 1080 1623 1108 si
1642 1080 1721 1107 vidua

936 1128 1006 1155 erat.
1023 1131 1083 1158 quae
1099 1128 1211 1158 accepta
1224 1129 1267 1151 est
1281 1133 1288 1151 :
1304 1124 1428 1152 similiter
1455 1129 1483 1152 et
1498 1132 1545 1152 eos
1558 1144 1566 1157 ,
1589 1126 1635 1160 qui
1661 1133 1722 1161 post

937 1169 1136 1196 ordinationem
1151 1169 1199 1196 uni
1225 1171 1401 1197 matrimonio
1424 1177 1454 1197 se
1475 1171 1655 1206 applicarunt,
1671 1172 1722 1199 hoc

936 1219 989 1246 est,
1006 1215 1190 1250 presbyteros.
1206 1215 1347 1249 diaconos,
1365 1221 1391 1243 et
1407 1217 1620 1251 hypodiaeonos,
1647 1218 1721 1244 brevi

939 1259 1033 1294 aliquo
1052 1263 1175 1295 tempore
1192 1267 1206 1286 a
1222 1268 1302 1288 sacro
1318 1261 1469 1288 ministerio
1488 1262 1642 1295 prohibitos
1656 1283 1663 1295 ,
1695 1267 1723 1289 ιι

938 1305 1060 1340 punitos,
1074 1314 1171 1333 rursus
1185 1306 1301 1341 propriis
1314 1307 1442 1341 gradibus
1454 1307 1573 1339 restitui,
1590 1309 1622 1334 ad
1640 1308 1722 1334 alium

938 1350 1052 1386 gradum
1069 1359 1240 1386 nequaquam
1256 1353 1465 1386 promovendos,
1482 1353 1522 1380 eis
1534 1354 1638 1381 nelario
1651 1354 1726 1382 vidc-

937 1396 1001 1423 licet
1020 1396 1152 1424 dissoluto
1167 1397 1306 1432 conjugio.
1327 1396 1389 1424 Haec
1402 1402 1491 1424 autem
1508 1398 1535 1424 in
1555 1399 1597 1426 his
1615 1399 1660 1433 qui
1675 1400 1723 1426 de-

937 1441 1064 1476 prehensi
1077 1447 1141 1470 sunt
1149 1450 1235 1477 usque
1246 1443 1280 1470 ad
1293 1443 1426 1470 decimum
1437 1444 1573 1477 quintum,
1584 1449 1613 1471 ut
1622 1445 1724 1471 dictum

937 1493 989 1520 est,
1007 1489 1109 1515 mensis
1132 1486 1257 1515 Januarii
1272 1494 1377 1524 quartae
1405 1488 1573 1521 indictionis,
1593 1490 1620 1517 in
1649 1491 1725 1524 prius

938 1532 1082 1560 declaratis
1100 1533 1217 1565 delictis,
1232 1534 1320 1561 solum
1336 1535 1426 1561 valere
1442 1535 1602 1567 statuimus;
1626 1535 1726 1564 abhinc

938 1577 1097 1605 deﬁnientes
1111 1582 1139 1605 et
1153 1583 1318 1606 reuovantes
1328 1586 1461 1606 canouem
1473 1580 1507 1611 ⁷³,
1525 1579 1572 1614 qui
1584 1579 1650 1607 dicit
1661 1588 1724 1608 eum

940 1623 986 1658 qui
1004 1624 1112 1651 duobus
1128 1625 1312 1652 matrimoniis
1326 1630 1386 1660 post
1396 1625 1557 1659 baptismum
1571 1625 1726 1660 implicatus

941 1668 1031 1699 fuerit.
1046 1669 1087 1695 vel
1104 1669 1286 1696 concubinam
1306 1669 1452 1703 habuerit,
1483 1677 1537 1697 non
1564 1678 1643 1704 posse
1664 1678 1725 1699 esse

939 1715 1097 1749 episcopum
1111 1734 1118 1747 ,
1143 1715 1184 1742 vel
1211 1715 1402 1751 presbyterum
1417 1736 1425 1748 ,
1451 1716 1495 1743 vel
1510 1716 1666 1748 diaconum,
1683 1717 1726 1745 vel

939 1760 1052 1787 omnino
1065 1767 1098 1787 ex
1109 1761 1271 1788 sacerdotali
1284 1761 1417 1796 catalogo.
1431 1761 1561 1788 Similiter
1574 1766 1600 1789 et
1619 1762 1666 1797 qui
1685 1763 1725 1789 vi-

939 1804 1020 1830 duam
1035 1804 1151 1839 accepit,
1167 1805 1210 1831 vel
1221 1804 1372 1837 dimissam,
1396 1804 1437 1832 vel
1463 1805 1652 1837 meretricem,
1684 1807 1725 1833 vel

938 1856 1056 1881 servam,
1074 1850 1117 1876 vel
1132 1849 1281 1882 scenicam,
1312 1857 1365 1877 non
1383 1856 1463 1884 posse
1482 1857 1542 1877 esse
1556 1850 1724 1885 episcopum,

938 1893 980 1920 vel
992 1893 1191 1929 presbyterum,
1206 1895 1248 1922 vel
1262 1894 1420 1928 diaconum,
1434 1894 1476 1923 vel
1495 1895 1608 1923 omnino
1632 1904 1664 1924 ex
1681 1904 1726 1924 sa-

937 1939 1069 1967 cerdotali
1083 1940 1218 1975 catalogo.

973 1984 1015 2011 l2.
1034 1984 1126 2012 Porro
1138 1985 1191 2013 hoc
1204 1985 1228 2001 ⁷⁵
1239 1993 1349 2020 quoque
1360 1985 1393 2013 ad
1405 1989 1528 2012 nostram
1543 1986 1725 2021 cognitionem

937 2031 1070 2065 pervenit,
1087 2031 1160 2065 quod
1174 2032 1200 2058 in
1217 2031 1310 2058 Africa
1322 2035 1349 2058 et
1359 2030 1443 2066 Libya
1459 2036 1487 2058 et
1503 2031 1564 2058 aliis
1579 2031 1647 2059 Iouis
1661 2033 1723 2066 qui-

936 2075 998 2103 dam
1013 2084 1046 2103 ex
1066 2077 1111 2108 iis.
1129 2077 1177 2111 qui
1202 2077 1258 2104 illic
1273 2081 1349 2109 sunt,
1372 2075 1571 2110 religiosissimi
1593 2077 1724 2111 praesules

936 2129 998 2149 cum
1013 2123 1131 2157 propriis
1159 2122 1291 2149 uxoribus
1306 2141 1314 2154 ,
1341 2121 1422 2148 etiam
1447 2126 1590 2155 postquam
1615 2121 1668 2156 65
1690 2122 1723 2147 ad

935 2176 983 2195 eos
995 2168 1130 2203 processit
1143 2168 1290 2199 ordinatio,
1304 2175 1357 2194 una
1373 2167 1495 2194 habitare
1511 2175 1565 2194 non
1581 2172 1718 2200 recusant,

935 2221 968 2241 ex
979 2221 1012 2241 eo
1027 2214 1134 2249 populis
1148 2214 1343 2241 oll'endiculum
1356 2218 1383 2240 et
1392 2213 1551 2241 scandalum
1564 2212 1715 2240 allen-eriles.

936 2259 1005 2287 Cum
1019 2260 1112 2296 itaque
1128 2260 1249 2287 studium
1263 2264 1386 2287 nostrum
1401 2259 1427 2287 in
1444 2266 1476 2286 eo
1490 2266 1654 2293 magnopere
1674 2259 1720 2285 la-

937 2305 1026 2338 θοι-οι,
1036 2309 1066 2332 ιιι
1079 2305 1171 2332 omnia
1188 2305 1221 2332 ad
1240 2305 1329 2341 gregis
1347 2304 1373 2331 in
1390 2312 1487 2331 manus
1501 2307 1609 2331 nostras
1629 2304 1718 2331 traditi

935 2351 1068 2386 nobisque
1092 2350 1234 2377 commissi
1254 2351 1396 2377 utilitatem
1418 2350 1502 2382 liant,
1528 2350 1606 2377 nobis
1630 2350 1718 2377 visum

933 2402 985 2428 est,
996 2400 1025 2423 ut
1040 2396 1107 2423 nihil
1123 2396 1258 2431 ejusmodi
1277 2396 1405 2430 deinceps
1421 2395 1475 2422 ullo
1493 2395 1574 2422 modo
1590 2395 1646 2423 ﬁat.
1663 2395 1720 2423 lloc

934 2448 1024 2470 autem
1040 2443 1158 2470 dicimus
1171 2463 1178 2475 ,
1199 2450 1252 2469 non
1279 2442 1311 2469 ad
1334 2449 1366 2469 ea
1381 2442 1512 2468 abolenda
1532 2448 1560 2468 et
1574 2443 1720 2469 evertenda

934 2497 996 2523 qua:
1012 2488 1159 2522 apostolico
1171 2492 1249 2515 antea
1269 2489 1420 2515 constituta
1440 2492 1505 2515 sunt
1521 2487 1554 2520 ",
1571 2488 1619 2515 sed
1635 2495 1722 2523 popu-

936 2533 1022 2559 lorum
1048 2531 1144 2559 salutis
1171 2536 1198 2558 et
1219 2531 1252 2558 ad
1270 2532 1383 2559 meliora
1409 2531 1609 2567 progressionis
1626 2540 1720 2559 curam

935 2582 1068 2612 gerentes,
1086 2583 1114 2604 et
1124 2584 1158 2604 ne
1170 2581 1258 2604 status
1271 2577 1472 2605 ecclesiasticus
1488 2577 1534 2604 illo
1547 2578 1646 2612 probro
1661 2577 1719 2604 alli-

934 2622 1030 2648 ciatur.
1055 2620 1125 2648 Dicit
1149 2621 1220 2648 enim
1248 2621 1357 2649 divinus
1384 2623 1550 2657 Apostolus:
1570 2622 1664 2648 Omnia
1685 2622 1720 2647 ad

935 2667 984 2694 Dei
996 2666 1107 2702 glariam
1119 2667 1196 2701 facile
1209 2674 1218 2694 :
1229 2668 1286 2695 sine
1296 2668 1453 2702 offendicula
1465 2673 1556 2703 estate,
1568 2673 1592 2696 et
1604 2667 1719 2699 ludii-ia,

499 2742 522 2759 "
537 2741 637 2769 Couler
651 2748 713 2768 can.
726 2743 812 2774 apost.
833 2738 860 2766 9.
895 2738 916 2754 ⁷⁸
932 2737 1000 2766 Can.
1017 2742 1107 2773 apost.
1120 2739 1146 2766 5.

840 2792 956 2821 ΝυΤᾸΕ.

98 2863 168 2884 anno
195 2854 258 2891 ςρθ’
277 2855 346 2883 6109
360 2863 421 2883 mres
436 2855 654 2888 Constantinop.,
665 2853 710 2880 sed
729 2852 809 2890 ςρ1ιο¹
825 2852 885 2880 6191

937 2852 942 2878 |
957 2855 996 2878 est
1011 2849 1113 2877 Christi
1131 2849 1192 2883 691,
1208 2851 1341 2878 celebrata
1359 2851 1416 2878 fuit.
1442 2851 1504 2879 Mai.
