1951 3081
213 135 265 167 5ῐὸ

784 134 916 166 ΡΙΙΟῚῚΙ
929 125 1180 164 PATRIARCIIJE
1200 133 1254 165 cr.

1780 133 1839 166 516.

211 195 236 218 et
251 188 366 221 (ira-eis,
383 193 408 217 et
427 189 475 217 Dei
495 189 636 221 Ecclesiae,
663 190 882 225 quemadmodum
900 194 923 216 et
952 197 997 224 ego

1061 187 1145 220 ιαθὼς
1164 188 1243 222 κάτω
1260 187 1359 214 πάντα
1369 186 1463 215 πᾶσιν
1474 186 1652 222 (Ηάρέσκω,
1673 188 1717 222 μὴ
1737 188 1833 223 ζητῶν

211 235 331 262 omnibus
347 235 375 261 in
391 235 510 262 omnibus
524 235 626 269 placeo,
643 243 694 261 non
709 243 827 270 qutcrrns
840 242 922 260 meum
941 234 997 260 uti-

211 280 324 310 litatem,
336 280 380 306 sed
396 279 549 312 multorum,
565 285 591 306 ut
608 285 751 306 serventur.
772 279 925 306 Imitatores
947 279 998 306 mei

210 329 302 356 estote,
316 325 383 351 sicut
398 329 423 351 ct
433 333 479 360 ego
498 324 640 352 Christi”.
656 325 684 351 Si
695 326 755 359 quis
764 329 853 351 autent
869 325 920 352 tale
932 325 996 360 quid

213 377 294 403 agere
311 369 497 403 deprehensus
513 369 605 402 fuerit,
623 369 784 403 deponatttr.

250 461 292 487 12.
308 460 401 487 Canon
415 461 526 488 omnino
546 461 668 496 digamos
680 469 696 489 a
708 461 861 488 ministerio
872 461 996 488 exclusit.

249 547 358 574 Tutus.
378 547 448 583 Lege
465 549 506 575 tit.
529 549 540 576 Ι
564 549 747 582 Novellarum,
763 555 850 577 const.
865 551 891 582 1,
907 550 934 582 2,
954 551 996 582 17,

213 593 241 620 ἱη
258 593 359 628 quibus
381 594 499 626 dicitur,
524 603 586 621 eum
602 595 648 629 qui
666 596 820 630 cpiscopus,
847 597 997 632 presbyter,

213 639 357 671 diaconus,
375 645 423 666 aut
444 640 651 674 hypodiai'onns
668 641 803 667 creandos
822 646 879 674 est,
899 642 998 669 debere

213 692 274 711 esse
287 685 431 720 virginem.
451 691 499 712 aut
512 693 543 712 ex
564 686 720 721 virginitate
735 694 816 712 unatn
843 686 998 722 [duntaxat]

215 737 326 756 uxorem
344 731 478 765 virginem
497 731 619 758 duxisse.

248 774 326 802 CAP.
344 774 438 801 XXIV.
457 790 488 794 —
506 775 543 801 De
562 776 596 802 iis
618 776 662 810 qui
677 777 788 810 pecunia
805 777 997 806 ordinationem

213 819 252 846 uel
265 820 375 853 officium
390 821 540 854 impetrant,

424 866 611 899 Apestolorum
632 874 715 892 canon
740 866 786 894 29.

249 910 284 936 29
298 909 366 945 [28].
384 909 412 936 Si
427 911 489 945 quis
503 912 648 945 episcopus
665 920 711 946 per
728 913 858 946 pecunias
880 913 951 940 hanc
963 914 999 940 s'rt

213 955 371 989 dignitatem
396 960 547 988 assecutus,
564 956 604 982 vel
621 956 771 991 presbyter,
791 958 833 984 vel
855 958 997 990 diaconus,

213 1000 366 1033 deponatur
381 1000 436 1035 66
451 1006 478 1027 et
497 1001 564 1035 ipse,
583 1006 609 1028 et
627 1002 672 1036 qui
690 1009 752 1028 eunt
768 1003 914 1034 ordinavit,
935 1008 962 1029 et
983 1010 998 1029 a

213 1046 406 1073 communione
421 1047 534 1074 omnino
551 1049 737 1082 exscindatur,
754 1055 784 1077 ut
795 1049 890 1077 Simon
905 1051 998 1086 Magus

212 1099 230 1118 α
243 1100 286 1119 tne
303 1091 385 1119 Petro
397 1093 430 1120 '".

366 1137 478 1164 (.‘oncilii
492 1138 708 1167 Chalcedonensis
722 1149 806 1168 canon
819 1141 848 1169 2.

249 1180 277 1207 ‘2.
299 1181 328 1208 Si
347 1182 409 1216 quis
429 1183 584 1217 episcopus,
607 1191 717 1219 propter
738 1187 868 1221 pecunias
891 1188 1001 1215 ordina-

215 1226 319 1253 tionem
334 1227 440 1260 fecerit,
463 1234 490 1255 et
514 1237 567 1256 tton
584 1232 705 1258 venalem
723 1233 838 1268 gratiam
862 1234 887 1260 itt
906 1235 1000 1261 vendi-

216 1272 316 1299 tionem
332 1273 485 1306 deduxerit,
509 1279 536 1300 et
554 1280 665 1309 propter
685 1279 816 1311 pecunias
835 1279 1001 1306 ordinavcrit

218 1319 390 1353 episcopum,
416 1320 456 1346 vel
480 1321 717 1356 cborcpiscopum,
738 1324 778 1350 vel
801 1325 999 1360 presbyterum,

220 1365 262 1392 vel
292 1366 450 1397 diaconum,
473 1367 514 1393 vel
545 1367 663 1401 aliquem
688 1376 782 1396 eorum
804 1372 850 1405 qui
877 1373 903 1398 in
928 1372 1002 1399 clero

222 1415 454 1442 annumerantur,
479 1411 520 1437 vel
551 1418 660 1446 propter
688 1415 819 1448 pecunias
848 1417 1002 1449 promoveri

219 1461 408 1488 (eeonontum,
434 1456 474 1482 vel
496 1457 681 1491 defensorem,
706 1461 748 1486 vel
773 1462 997 1495 paratnonarinn't

216 1501 259 1527 Vel
283 1501 396 1527 omnino
423 1502 542 1536 aliquem
568 1511 601 1530 ex
629 1511 746 1535 canone,
772 1506 858 1540 turpis
882 1511 1002 1540 qua‘slus

217 1546 303 1580 gratia
319 1554 326 1572 :
343 1546 388 1580 qui
406 1547 458 1574 hoc
481 1552 603 1576 tentasse
622 1551 763 1577 convictus
783 1550 873 1583 fuerit,
888 1552 921 1577 de
939 1559 1002 1585 pro-

218 1592 278 1625 prio
293 1593 377 1626 gradu
401 1592 427 1619 in
448 1594 598 1627 periculunt
624 1597 714 1622 veniat
728 1605 735 1622 :
749 1600 776 1622 et
792 1598 837 1631 qui
862 1601 904 1623 est
928 1597 1002 1624 ordi-

219 1640 310 1668 natus,
328 1644 361 1663 ex
385 1639 556 1665 ordinatione
579 1639 619 1666 vel
641 1641 812 1674 promotione
835 1649 896 1675 qua:
916 1641 1002 1668 instar

220 1689 399 1709 mercatorum
426 1685 607 1716 venundatur,
633 1686 701 1712 nihil
716 1686 846 1720 juvetur:
863 1687 909 1714 sed
930 1688 965 1714 sit
986 1695 1001 1714 a

219 1731 354 1766 dignitate
369 1730 409 1757 \‘el
424 1731 566 1756 curatione
585 1731 690 1758 alienus
704 1739 786 1764 quam
804 1731 926 1765 pecuniis
939 1732 1002 1758 ade-

222 1781 283 1810 ptus
304 1781 356 1803 est.
382 1774 410 1801 Si
430 1776 492 1809 quis
512 1779 602 1802 autetn
630 1781 769 1810 sequester
790 1782 816 1804 et
839 1778 1002 1804 intercessor

220 1823 289 1848 adeo
315 1821 440 1854 turpibus
469 1825 496 1846 et
526 1821 640 1848 nefariis
673 1822 756 1849 lucris
786 1822 931 1856 apparuit,
960 1823 1003 1850 hic

220 1874 329 1901 quoque
337 1867 359 1893 si
369 1866 404 1893 sit
418 1866 525 1900 quidem
538 1866 653 1894 clericus
666 1869 775 1902 proprio
784 1869 867 1903 gradu
879 1869 1001 1895 excidat:

222 1912 245 1939 si
259 1912 296 1939 sit
309 1916 400 1938 autem
411 1911 505 1944 laicus,
519 1911 560 1938 vel
574 1913 733 1945 monachus,
748 1914 1019 1948 auatltematizetnr._

336 1957 447 1984 Concilii
461 1958 612 1984 cacumenici
627 1966 651 1985 vt
664 1967 774 1987 canones
790 1960 835 1992 22,
848 1960 892 1988 25.

255 2003 302 2031 22.
320 2003 373 2031 Eos
388 2004 434 2038 qui
450 2005 574 2038 pecuniis
590 2004 762 2038 ordinantur,
780 2006 837 2033 sive
852 2007 1002 2041 episcopos,

220 2048 279 2076 sive
302 2049 506 2083 qualescunque
520 2049 645 2081 clericos,
665 2055 692 2076 et
720 2058 774 2077 nett
801 2058 850 2085 per
864 2051 1004 2077 examina-

221 2094 321 2120 tionetn
338 2101 370 2120 ac
384 2094 447 2120 vitae
466 2094 638 2127 electionem,
651 2094 749 2129 deponi
762 2095 903 2129 jubemus,
918 2096 965 2123 sed
978 2101 1004 2123 et

219 2138 303 2165 etiatn
316 2139 363 2172 qui
374 2138 570 2165 ordinaverunt
584 2137 616 2165 ⁷³.

259 2183 305 2210 25.
325 2182 359 2210 Ut
373 2184 464 2211 nullus
478 2184 634 2218 episcopus,
653 2184 710 2211 sive
722 2184 864 2219 presbyter
877 2185 933 2212 sive
945 2184 1004 2211 dia-

1046 233 1080 260 τὸ
1093 233 1222 267 ἐμαυτοῦ
1231 232 1398 267 συμφέρον,
1418 232 1500 259 ἀλλὰ
1514 232 1547 258 τὸ
1563 231 1622 258 τῶν
1641 233 1773 264 πολλῶν,
1784 234 1834 260 ἵνα

1047 277 1177 304 σωθῶσι·
1188 278 1312 312 μιμηταί
1329 286 1387 312 μου
1415 278 1546 312 γίνεσθε,
1561 277 1658 310 καθὼς
1671 278 1750 313 κάγὼ
1763 280 1828 312 Χρι-

1047 322 1132 350 στοῦ.
1145 323 1177 349 El
1199 323 1233 349 δέ
1247 331 1292 356 τις
1305 323 1453 358 φωραθείη
1467 323 1507 358 {to
1524 323 1662 350 τοιοῦτον
1685 324 1832 358 πράττων,

1047 369 1256 402 καθαιρείσθω.

1272 414 1432 441 Βασιλείου
1452 413 1552 441 κανὼν
1566 414 1609 441 ιϐ’.

1084 458 1201 490 ιϐ’.Τοὺς
1208 459 1339 494 διγάμους
1347 459 1486 492 παντελῶς
1495 463 1509 486 ο
1520 460 1620 493 κανὼν,
1628 460 1675 496 τῆς
1685 460 1834 496 ὑπηρεσίας

1047 504 1218 530 ἀπέκλεισεν.
1440 539 1444 544 ἱ

1083 549 1141 576 Τίτ.
1166 548 1190 576 α’
1204 549 1257 575 τῶν
1271 549 1386 585 νεαρῶν,
1409 544 1525 578 διὰτ.ἀ’
1542 549 1565 586 β’
1581 551 1623 584 ιζ’,
1646 551 1674 576 ἐν
1695 548 1739 582 αῖς
1761 551 1835 586 εἴρη-

1048 602 1091 620 ται
1121 594 1162 620 ἔτι
1191 595 1205 620 6
1232 596 1467 629 χειροτονούμενος
1498 596 1646 627 ἐπίσκοπος
1674 595 1690 630 ἢ
1716 596 1834 630 πρεσῆύε

1047 648 1124 675 τερος
1137 639 1152 668 ἢ
1169 639 1290 671 διάκονος
1305 641 1321 675 ἢ
1334 641 1519 672 ὐποδιάκονος,
1536 641 1637 674 ὀφείλει
1652 639 1721 667 εἶναι
1733 641 1834 676 παροέο

1049 693 1096 716 νος
1111 684 1128 719 ἢ
1142 685 1174 710 ἐκ
1188 685 1323 720 παρθένου
1341 687 1535 721 μονογαμήσας
1551 687 1694 722 παρθένον.

1084 776 1208 803 ΚΕΦΑΛ.
1224 777 1286 803 KA'.
1301 792 1335 796 —
1350 778 1418 811 Περὶ
1439 777 1507 811 τῶν-ξ
1520 778 1570 804 ἐπὶ
1594 778 1724 812 χρήμασι
1740 788 1834 814 χειροο

1048 821 1237 855 τονουμένων
1250 822 1268 855 ἢ
1281 823 1494 856 λαμϐανόντων
1508 824 1657 857 (ipsa/mor.

1267 865 1459 893 Ἀποστόλων
1473 868 1574 894 κανὼν
1582 868 1633 895 κθ’.

1084 910 1124 937 κθ¹
1133 911 1167 937 El
1177 920 1218 943 τις
1229 912 1375 944 ἐπίσκοπος
1391 913 1435 940 διὰ
1445 915 1604 949 χρημάτων,
1618 915 1666 949 τῆς
1678 915 1756 947 ἀξίας
1768 916 1835 942 ταὺο

1048 964 1097 989 της
1112 957 1247 991 ἐγκρατὴς
1267 958 1389 992 γένηται,
1420 959 1436 992 ἢ
1460 959 1654 995 πρεσϐύτερος,
1673 961 1834 996 ἢόιάκονος,

1049 1000 1233 1036 καθαιρείσθω
1248 1003 1294 1028 καὶ
1310 1003 1391 1034 αὐτὸς
1407 1004 1454 1029 καὶ
1468 1005 1482 1030 ὁ
1502 1006 1704 1040 χειροτονήσας,
1727 1007 1774 1032 καὶ⁵
1791 1007 1836 1032 ὲκ-

1053 1047 1196 1073 κοπτὲσθω
1219 1049 1377 1075 παντάπασι
1397 1049 1446 1083 τῆς
1473 1051 1625 1082 κοινωνίας,
1647 1050 1684 1082 ὡς
1713 1051 1804 1087 Σίμων
1821 1053 1835 1077 ὁ

1050 1091 1142 1126 Μάγος
1159 1092 1206 1118 ὑπ’
1225 1093 1292 1127 ἐμοῦ
1308 1093 1423 1128 Πέτρου.

1187 1138 1319 1165 Συνόὸου
1331 1139 1522 1173 Χαλκηδόνος
1534 1140 1634 1166 κανὼν
1649 1140 1680 1174 β’.

1086 1182 1110 1218 β’
1126 1183 1158 1210 Et
1172 1192 1213 1214 τις
1230 1184 1375 1216 ἐπίσκοπος
1387 1185 1432 1211 ἐπὶ
1441 1186 1561 1220 χρήμασι
1575 1186 1742 1221 χειροτονίαν
1756 1187 1820 1222 ποιή
1833 1202 1836 1207 -

1051 1237 1137 1259 σαιτο,
1157 1230 1203 1254 καὶ
1229 1229 1267 1260 είς
1298 1231 1397 1264 πρᾶσιν
1421 1230 1572 1264 καταγάγοι
1581 1232 1629 1266 τὴν
1643 1232 1764 1266 ἄπρατον
1788 1233 1837 1267 χά-

1053 1283 1093 1310 ριν
1106 1294 1113 1307 ,
1141 1275 1188 1300 καὶ
1207 1277 1390 1310 χειροτονήσοι
1410 1276 1455 1301 ἐπὶ
1480 1276 1615 1312 χρήμασιν
1645 1277 1835 1312 ὲπίσκοπον,ῆ

1051 1319 1295 1355 χωρεπίσκοπον,ἧ
1308 1322 1543 1356 πρεσϋυτέρους,ἢ
1555 1322 1728 1358 διακόνους,ἢ
1742 1324 1836 1358 ἕτερον

1051 1373 1112 1391 τινα
1127 1365 1181 1391 τῶν
1197 1365 1226 1391 ἐν
1240 1365 1279 1400 τῷ
1303 1366 1395 1401 κλήρῳ
1417 1367 1686 1402 καταριθμουμένων,
1701 1369 1716 1403 ἢ
1733 1370 1836 1403 προῦά-

1052 1410 1123 1437 λοιτο
1151 1411 1198 1437 ὲπὶ
1218 1412 1356 1446 χρήμασιν
1379 1413 1528 1447 οἰκονόμον,
1547 1413 1562 1448 ἢ
1578 1413 1694 1446 ἔκδικον,
1715 1413 1731 1449 ἢ
1749 1423 1838 1449 παρα-

1054 1457 1192 1492 μονάριον,
1203 1457 1220 1493 ἢ
1237 1457 1305 1488 ὅλως
1319 1457 1378 1483 τινὰ
1386 1458 1432 1483 τοῦ
1441 1458 1550 1489 κανόνος
1567 1458 1602 1484 δι’
1612 1459 1835 1494 αἰσχροκέρδειαν

1053 1503 1167 1529 οἰκείαν.
1182 1503 1214 1528 '0
1223 1503 1299 1528 τοῦτο
1310 1503 1485 1538 ἐπιχειρήσας
1494 1503 1642 1538 ἐλεγχθεὶς,
1656 1505 1833 1531 κινδυνευέτω

1055 1549 1119 1583 περὶ
1133 1548 1179 1573 τὸν
1200 1549 1298 1574 οἰκεῖον
1315 1548 1428 1583 βαθμὸν,
1445 1548 1492 1575 καὶ
1505 1550 1519 1574 ὀ
1540 1550 1774 1585 χειροτονούμενος
1787 1560 1839 1586 μη-

1054 1593 1098 1620 δὲν
1113 1595 1144 1620 ὲκ
1169 1595 1218 1628 τῆς
1236 1594 1296 1620 κατ’
1318 1594 1450 1629 ἐμπορίαν
1467 1594 1624 1628 ὠφελείσθω
1640 1598 1806 1630 χειροτονίας
1822 1597 1838 1632 ἢ

1054 1639 1200 1674 προϐολῆς·
1217 1639 1275 1666 ἀλλ’
1288 1639 1357 1665 ἔστω
1372 1639 1510 1674 ἀλλότριος
1520 1640 1570 1674 τῆς
1587 1641 1663 1674 ἀξίας
1676 1641 1745 1677 ἢτοῦ
1758 1651 1841 1677 φρον-

1052 1684 1193 1719 τίσματος,
1205 1682 1291 1720 οὗπερ
1305 1685 1353 1711 ἐπὶ
1367 1685 1505 1720 χρήμασιν
1525 1685 1629 1721 ἔτυχεν.
1646 1687 1676 1712 Εἰ
1697 1687 1725 1713 δὲ
1738 1696 1781 1720 τις
1792 1689 1841 1715 καὶ

1055 1729 1204 1764 μεσιτεύων
1221 1731 1317 1766 φανείη
1334 1733 1391 1762 τοῖς
1406 1730 1492 1762 οὕτως
1506 1732 1627 1767 αίσχροῖς
1641 1732 1688 1758 καὶ
1700 1733 1841 1768 ἀθεμίτοις

1053 1775 1187 1810 λήμμασι,
1209 1777 1255 1802 καὶ
1267 1774 1344 1807 οὗτος
1358 1777 1382 1802 εἰ
1400 1777 1449 1811 μὲν
1465 1777 1595 1812 κληρικὸς
1607 1778 1660 1812 εἴη,
1677 1779 1723 1804 τοῦ
1738 1779 1840 1806 οἰκείου

1053 1821 1212 1847 ἑκπιπτέτω
1227 1821 1343 1856 βαθμοῦ·
1360 1822 1384 1847 εἰ
1401 1822 1429 1849 δὲ
1444 1822 1536 1854 λαῑκὸς
1555 1822 1572 1857 ἦ
1596 1823 1728 1857 μονάςων,
1742 1824 1841 1850 ἀναθε-

1055 1865 1223 1900 ματιζέσθω.

1089 1953 1226 1979 Συνόόου
1241 1952 1452 1987 οικουμενικῆς
1467 1952 1558 1987 ἕκτης
1569 1953 1669 1980 κανὼν
1680 1954 1732 1986 κᾶν,
1748 1953 1802 1989 κγ’.

1090 1998 1132 2024 x6'
1148 1999 1216 2030 Τοὺς
1228 1999 1274 2024 ἐπὶ
1289 2000 1411 2034 χρήμασι
1423 2000 1686 2034 χειροτονουμὲνους,
1697 1999 1753 2026 εἴτε
1775 2001 1841 2026 ἐ-ιι-

1055 2044 1183 2078 σκόπους,
1196 2045 1211 2080 ἢ
1226 2046 1399 2080 οῐουσδήποτε
1413 2046 1569 2080 κληρικοὺς,
1585 2046 1671 2072 καὶού
1683 2046 1752 2073 κατά
1770 2047 1842 2072 δοκι-

1059 2090 1161 2124 μασίαν
1174 2091 1222 2117 καὶ
1237 2091 1285 2116 τοῦ
1299 2091 1356 2126 βίου
1368 2091 1483 2125 αἵρεσιν,
1495 2091 1684 2125 καθαιρεῖσθαι
1702 2093 1842 2127 προστάσ-

1056 2143 1148 2170 σομεν,
1163 2136 1230 2162 ἀλλὰ
1244 2137 1291 2162 καὶ
1310 2137 1374 2168 τοὺς
1395 2137 1646 2171 χειροτονήσαντας.

1091 2185 1133 2215 κγ’
1148 2182 1215 2216 Περὶ
1228 2181 1275 2208 τοῦ
1295 2182 1398 2217 μηδένα
1412 2183 1465 2208 τῶν
1480 2183 1534 2208 εἴτε
1556 2182 1721 2215 ἐπισκόπων,
1741 2183 1757 2218 ἢ
1774 2192 1844 2219 πρε-

221 2235 318 2260 conus,
340 2229 544 2255 immaculatam
563 2229 685 2262 praebens
703 2230 939 2261 commuttionem,
971 2230 1001 2256 ab

1061 2226 1203 2262 πΰυτέρων,
1214 2227 1230 2263 ἢ
1241 2227 1381 2259 διακόνων,
1392 2228 1441 2261 τῆς
1452 2228 1584 2262 ἀχράντου
1599 2228 1771 2263 μεταδιδόντα
1783 2238 1844 2255 κοι-

220 2282 253 2302 eo
263 2275 309 2309 qni
325 2276 522 2306 communicat,
543 2275 603 2308 ejus
616 2274 830 2310 participationis
840 2276 925 2310 gratia
939 2276 1005 2302 obo-

221 2321 281 2352 los,
310 2321 352 2348 vel
373 2321 499 2355 quamvis
529 2321 609 2347 aliam
630 2322 746 2355 speciem
773 2322 873 2356 exigat.
890 2321 948 2348 Non
963 2325 1005 2348 est

220 2367 293 2393 enim
308 2366 411 2393 venalis
427 2366 525 2400 gratia,
543 2373 592 2392 nec
607 2373 655 2399 pro
672 2367 795 2401 pecuniis
813 2367 930 2400 Spiritus
942 2374 1006 2393 san-

222 2412 415 2438 cliiicationetn
431 2412 621 2446 impartimur:
637 2413 682 2438 sed
696 2419 725 2438 ea
741 2412 774 2439 iis
787 2414 833 2446 qui
847 2412 920 2446 digni
930 2417 1004 2444 sunt,

223 2457 327 2491 absque
344 2457 396 2483 ulla
414 2462 455 2484 est
471 2457 617 2484 calliditate
637 2458 874 2485 communicanda.
895 2458 922 2484 Si
944 2459 1006 2493 quis

223 2508 312 2530 autetn
331 2510 436 2534 eorum,
451 2503 497 2537 qtti
513 2507 577 2529 sunt
588 2503 613 2529 in
629 2503 694 2530 cieri
710 2504 843 2538 catalogo,
860 2504 913 2539 67
928 2505 962 2531 ab
973 2512 1006 2531 eo

224 2549 268 2576 cui
291 2549 493 2575 inttnacttlatattt
523 2548 643 2582 impertit
666 2549 899 2581 communionem,
925 2550 1005 2576 ullam

224 2595 342 2628 speciem
360 2594 469 2628 exigere
496 2594 572 2620 visus
591 2594 679 2625 fuerit,
695 2593 858 2628 deportatur,
873 2599 903 2621 ut
923 2595 1009 2622 sitno-

224 2641 294 2667 niaci
309 2647 416 2667 errores
429 2644 457 2666 et
472 2639 596 2666 maleﬁcii
611 2633 751 2666 aemulator
765 2640 797 2666 ".

223 2687 337 2714 Concilii
362 2685 467 2712 Nicami
492 2685 600 2711 sentndi
624 2693 734 2711 canones
759 2685 786 2717 4,
806 2685 832 2718 5,
860 2686 902 2713 i9.
934 2686 1009 2718 Quod

304 2722 417 2756 episcopi
432 2721 464 2746 ab
482 2721 552 2746 omni
572 2721 687 2746 simonia
706 2728 795 2746 carere
809 2720 928 2748 debeant.

258 2801 286 2828 ι.
302 2799 394 2828 Pra-co
401 2799 523 2827 veritatis
533 2797 633 2826 Paulus
646 2798 754 2826 divintts
764 2798 903 2833 apostolus
912 2806 1008 2833 quem-

1058 2274 1165 2305 νωνίας,
1184 2274 1259 2307 παρὰ
1276 2274 1321 2300 τοῦ
1338 2275 1495 2308 μετέχοντος
1517 2275 1700 2309 εἰσπράττειν,
1716 2276 1765 2308 τῆς
1785 2283 1845 2301 τος-

1059 2318 1145 2353 αύτης
1160 2319 1336 2354 μεταλήψεως
1349 2320 1438 2354 χάριν,
1459 2319 1594 2353 ὀϐολοὺςῆ
1612 2319 1680 2350 εἶδος
1691 2320 1844 2346 τὸοίονούν.

1059 2365 1125 2390 Οὐδὲ
1153 2366 1208 2399 γὰρ
1233 2365 1428 2401 πεπραμένηή
1453 2365 1542 2399 χάρις,
1570 2364 1629 2390 οὐδὲ
1651 2365 1772 2400 χρήμασι
1796 2366 1846 2391 τὸν

1063 2409 1200 2443 ἀγιασμὸν
1223 2409 1271 2435 τοῦ
1299 2405 1455 2443 Πνεύματος
1481 2409 1683 2444 μεταδιδόαμεν,
1697 2409 1763 2436 ἀλλὰ
1785 2413 1846 2442 τοῖς

1057 2454 1142 2486 ἀξίοις
1156 2454 1202 2481 τοῦ
1217 2454 1303 2489 δώρου
1331 2454 1557 2489 ἀπανουργεύτως
1583 2455 1751 2489 μεταδοτέον.
1767 2456 1798 2482 Et
1817 2457 1849 2483 δὲ.

1059 2501 1157 2535 φανείη
1170 2509 1212 2532 τις
1227 2501 1280 2527 τῶν
1291 2501 1319 2527 ὲν
1333 2502 1426 2536 κλήρῳ
1455 2500 1690 2535 καταλεγομένων,
1717 2501 1849 2528 ἀπαιτῶν

1059 2547 1105 2572 τὸν
1120 2543 1142 2580 ᾧ
1160 2547 1320 2581 μεταδίδωσι
1349 2546 1398 2580 τῆς
1416 2546 1550 2581 ἀχράντου
1577 2547 1718 2577 κοινωνίας
1733 2547 1764 2573 τὸ
1790 2549 1849 2573 οἱο-

1060 2590 1122 2617 νοῦν
1138 2589 1218 2623 εἶδος,
1245 2590 1437 2625 καθαιρείσθω,
1453 2591 1490 2621 ὼς
1511 2590 1561 2624 τῆς
1578 2590 1698 2624 Σίμωνος
1720 2590 1849 2626 ζηλωτὴς

1062 2637 1165 2671 πλάνης
1182 2637 1228 2662 καὶ
1241 2636 1417 2670 κακουργίας.

1064 2684 1201 2710 Σιινόὃου
1220 2684 1344 2716 Νικαίας
1360 2684 1392 2710 τὸ
1413 2683 1555 2716 δεύτερον
1579 2682 1680 2709 κανὼν
1695 2683 1727 2715 δ’,
1745 2687 1776 2717 ε’,
1805 2685 1851 2712 ιο·.

1099 2718 1167 2751 Περὶ
1184 2719 1236 2745 τοῦ
1257 2718 1422 2753 ἀπέχεσθαι
1443 2718 1514 2750 τοὺς
1535 2718 1722 2751 ἐπισκόπους
1743 2720 1854 2753 πάσης

1099 2753 1301 2787 δωροληψίας.

1097 2798 1118 2825 δ’
1142 2799 1171 2824 ’0
1194 2798 1283 2834 κῆρυξ
1307 2798 1357 2833 τῆς
1369 2798 1496 2834 ἀληθείας
1512 2798 1625 2832 ,Παῦλος
1655 2799 1670 2824 ὁ
1694 2797 1765 2830 Gaio;
1781 2799 1855 2826 ἀπὸ-

260 2873 284 2890 ’⁶
298 2873 309 2900 ι
321 2873 386 2902 Cor.
402 2873 483 2906 1,51,
500 2872 544 2900 53.
582 2873 604 2888 ⁷⁷
618 2871 678 2900 Aet.
695 2863 801 2915 vut,.!8
818 2879 895 2908 seqq.
934 2872 956 2889 ’⁸
970 2873 1097 2902 Cliulced.
1114 2881 1174 2902 can.
1187 2873 1214 2900 2.
1254 2874 1276 2890 "
1291 2873 1375 2901 Conc.
1393 2872 1566 2900 Laodiccusis
1584 2880 1645 2900 can.
1661 2873 1703 2898 5t.
