1951 3081
213 135 267 167 619
782 136 914 166 PHOTII
938 136 983 166 PA

1063 136 1190 167 \RCHIE
1207 137 1261 167 ΕΡ.
1789 138 1833 171 520

214 199 304 219 canon
324 191 504 226 apostolicus,
523 191 571 226 qui
584 191 650 218 dicit
670 200 676 217 :
698 190 726 218 Si
742 193 805 226 quis
821 191 845 208 λι
860 193 984 227 episeopu

1064 194 1143 220 θέσθω
1159 194 1229 220 κατὰ
1245 193 1291 219 τὸν
1316 193 1495 221 ἀποστολικδν
1518 195 1616 222 κανόνα
1636 196 1682 222 τὸν
1707 196 1834 230 λέγοντα·

213 246 262 272 per
280 238 412 272 pecunias
429 238 499 264 hanc
527 238 564 265 sit
593 238 753 272 dignitatem
773 243 932 271 assecutus,
961 247 983 266 vt

1062 240 1092 266 El
1105 248 1149 272 τις
1164 239 1332 271 ἐπίσκοπος
1347 240 1397 267 διὰ
1420 241 1581 276 χρημάτων
1604 241 1659 276 τῆς
1672 243 1759 276 ἀξίας
1773 242 1832 270 ταὺ-

212 284 366 319 presbyter,
380 284 423 311 vel
439 285 584 316 diaconus,
608 284 761 318 deponatur
783 289 811 312 et
839 285 896 319 ipse
912 289 939 312 et
955 293 982 320 qt

1063 292 1107 317 me
1113 283 1260 319 ἐγκρατὴς
1269 286 1400 319 γένηται,
1411 286 1430 320 ἢ
1442 287 1654 320 πρεσϐύτερος,
1662 287 1680 321 νῆ
1690 287 1833 319 διάκονος,

211 330 361 363 ordinavit,
381 334 409 358 et
427 331 605 358 exscindatur
622 331 736 358 omnino
757 339 771 358 a
795 333 981 359 communium

1063 330 1248 363 ιαθαιρείσθω
1265 333 1313 357 καὶ
1326 331 1418 363 αὐτὸς
1433 331 1482 358 καὶ
1503 332 1520 358 ὀ
1546 333 1774 366 χειροτονήσας,
1789 332 1833 359 καὶ

211 380 242 402 ιιι
256 376 312 411 69
329 376 424 403 Simon
442 376 540 411 Magus
561 384 575 403 a
593 384 636 404 me
650 376 741 404 Petro.
759 377 791 404 Et
805 378 943 405 secundus
956 385 981 404 οε

1062 376 1311 404 ἓκκοπτέσθωσαν
1339 379 1514 405 παντάπασι
1542 379 1591 405 καὶ
1615 380 1775 411 κοινονάς
1797 379 1832 410 ὡς

212 430 265 449 non
278 427 435 449 sanctorum
446 421 616 457 Patrum,qui
624 422 796 450 Chalcedone
804 430 982 450 convenerun.

1064 422 1152 457 Ξίμων
1159 424 1175 449 ό
1179 422 1276 458 μάγος
1285 423 1335 449 ὑπ’
1345 423 1418 458 ἐμοῦ
1429 424 1552 458 Πέτρου.
1567 424 1703 456 Ὡσαύτως
1714 424 1761 451 καὶ
1769 425 1834 451 κατὰ

210 468 258 502 qui
277 467 344 495 dicit
358 478 365 494 :
381 468 410 495 Si
425 468 489 502 quis
502 468 524 484 ⁷⁸
544 469 691 503 episcopus
708 469 834 503 pecuniis
850 469 980 495 Ol‘tliltalit

1062 468 1097 494 τὸν
1111 467 1237 503 δεύτερον
1253 467 1353 495 κανόνα
1371 468 1427 495 τῶν
1453 470 1482 495 ὲν
1497 469 1649 505 Χαλκηδόνι
1667 469 1749 495 ὁσίων
1780 469 1832 494 Πα-

211 519 274 538 nent
289 512 395 544 fecerit,
415 517 443 539 et
459 520 512 539 non
528 513 651 540 venalem
668 514 782 547 gratiam
798 513 824 540 itt
835 514 981 548 emptionet

1064 513 1138 548 γέρων
1156 513 1234 549 ἡμῶν
1259 513 1305 540 τὸν
1331 512 1445 547 λέγοντα
1460 521 1467 529 ·
1484 514 1520 540 El
1535 523 1581 546 τις
1604 515 1771 546 ἐπίσκοπος
1787 514 1834 539 ἐπὶ

210 557 365 589 deduxerit,
394 562 422 584 et
441 559 565 592 peettniis
582 559 754 586 ordinaverit
769 559 940 594 episcopum,
960 568 980 586 νε

1063 558 1184 593 φήμασι
1200 561 1388 593 χειροτονίαν
1412 560 1580 592 ποιήσοιτο,
1596 559 1645 586 καὶ
1662 559 1707 592 εὶς
1725 557 1833 592 πρᾶσιν

209 603 453 637 chorepiscupum,
472 603 514 630 vel
541 604 742 639 presbyterum,
771 605 815 632 vel
842 606 978 632 diaeonun

1064 604 1211 640 ιατατιάγοι
1225 605 1283 639 τὴν
1297 606 1433 640 ἄπρατον
1450 605 1548 640 χάριν,
1563 605 1614 632 καὶ
1631 604 1834 640 χειροτονήσοι

209 647 252 674 vel
266 647 384 680 aliquem
402 655 495 674 eorunt
513 649 560 682 qui
577 648 604 675 in
628 649 702 676 clero
717 654 916 676 enumerantur
929 669 936 682 ,
959 658 979 676 vl

1062 650 1098 676 ιπὶ
1123 650 1276 684 χρήμασιν
1307 651 1476 678 ἐπίσκοπον
1507 651 1526 685 ἣ
1561 651 1790 685 χωρεπίσκοπον
1815 649 1832 683 ἢ

210 691 335 726 pecuniis
347 694 515 727 promoverit
534 701 709 720 (economum
721 713 728 725 ,
755 694 798 722 vel
816 694 980 721 det’ettsoren

1062 695 1275 729 ιρεσϐύτερον,
1296 696 1315 730 ἢ
1339 696 1481 723 διάκονον
1502 696 1521 730 ἢ
1554 704 1621 722 τινα
1651 696 1710 722 τῶν
1734 696 1770 722 ἐν
1795 694 1832 727 τῷ

211 738 250 764 vel
263 739 496 772 paramonarium,
515 741 556 766 vel
574 740 688 766 omnino
700 740 820 774 aliquem
843 748 875 767 ex
897 748 981 767 canon

1064 740 1152 774 κλήρῳ
1167 742 1456 776 καταριθμουμένων,
1469 742 1488 776 ἣ
1508 743 1687 775 προϐάλοιτο
1702 741 1751 767 ἐπὶ
1766 740 1834 775 κρή-

211 783 299 817 turpis
319 783 386 810 lucri
403 785 490 818 gratia
508 793 514 810 :
532 784 579 818 qui
594 785 645 812 hoc
660 792 807 820 aggressus
827 792 887 812 esse
902 785 981 812 convi

1062 794 1143 812 ιασιν
1159 787 1319 822 οἰκονόμον
1340 788 1358 821 ἢ
1380 787 1501 814 ἔκδικον
1525 787 1543 822 ἣ
1565 786 1795 821 παραμονάριον,
1814 786 1832 820 ἢ

210 833 271 855 ctus
297 827 389 861 fuerit,
419 830 522 864 proprii
538 830 638 864 gradus
663 831 689 857 id
706 831 788 857 faciat
812 831 955 865 periculo:
972 838 980 857 t

1063 832 1130 865 ςλως
1144 833 1210 860 τινὰ
1226 833 1279 859 τοῦ
1305 834 1442 866 κανόνος,
1468 833 1505 860 δι’
1529 833 1775 868 αέσχροκέρδειαν
1795 834 1833 859 οι-

209 874 257 908 qui
275 874 435 906 ordinatur.
461 883 492 902 ex
518 883 548 902 ea
565 876 739 904 ordinatione
756 876 798 903 vel
814 877 979 911 promotiont

1061 878 1147 904 ιείαν.
1172 877 1204 904 ὐ
1219 878 1307 905 τοῦτο
1333 878 1527 922 ἐπιχειρήσας
1549 866 1711 913 Mica-710819,
1732 879 1831 905 κινδυ-

209 927 270 953 qua:
287 922 376 953 pretio
395 919 458 946 dato
472 920 559 946 instar
577 925 738 948 mercaturae
756 921 828 948 facta
851 925 910 952 est,
931 921 976 948 nili

1063 921 1161 951 τευέτω
1177 924 1219 955 εις
1239 923 1293 949 τὸν
1309 919 1387 949 ἴδιον
1406 923 1537 957 βαθμὸν,
1552 923 1600 950 καὶ
1618 925 1634 950 ό
1650 923 1833 957 χειροτονού-

208 964 339 1000 juvetur:
357 965 403 991 sed
421 965 457 992 sit
471 966 579 993 alienus
599 974 613 993 a
633 967 783 1001 dignitate,
805 966 847 993 vel
874 974 978 993 tnunert

1063 975 1141 999 τινος
1159 966 1258 1001 μηδὲν
1279 967 1314 993 ἐκ
1337 968 1392 1000 τῆς
1407 969 1471 994 κατ’
1494 968 1639 1002 ἐμπορΙαν
1663 969 1833 1002 ὡφελείσθω

209 1019 257 1038 seu
272 1011 415 1038 curatione
429 1031 437 1043 ,
456 1019 539 1045 quam
558 1013 683 1046 pecuniis
710 1017 853 1039 assecutus
880 1017 933 1039 est.
969 1012 979 1038 ξ

1062 1013 1238 1046 εειροτονίας
1263 1013 1282 1047 ἢ
1307 1013 1473 1047 προβολῆς,
1490 1014 1558 1040 ἀλλ’
1572 1013 1649 1040 ἔστω
1677 1014 1832 1048 ἀλλότριος

208 1057 272 1093 quis
288 1061 380 1084 autem
406 1057 488 1084 rebus
511 1057 580 1084 adeo
599 1058 723 1092 turpibus
737 1062 764 1084 et
789 1058 871 1085 lueris
897 1057 978 1084 illiciti

1063 1057 1106 1091 ’ἧς
1120 1057 1207 1090 ἀξίας
1223 1057 1242 1090 ἢ
1255 1059 1307 1085 τοῦ
1327 1060 1557 1093 φροντίσμιιτος,
1578 1070 1586 1085 ι
1596 1057 1673 1092 ὕπερ
1688 1061 1737 1085 ἐπὶ
1763 1059 1833 1093 φρή-

209 1104 375 1131 ἱιιιειωεευι·
392 1111 440 1130 seu
461 1109 602 1138 seqtn-SIer
625 1104 795 1138 apparuerit,
811 1104 856 1130 hic
876 1111 979 1138 quoque

1061 1109 1144 1128 ιασιν
1164 1102 1325 1136 ἓτυχεν.Εὶ
1343 1103 1376 1130 δέ
1399 1112 1445 1136 τις
1460 1105 1506 1130 καλ
1531 1103 1699 1138 psmnde
1726 1104 1831 1138 φανείη

211 1149 235 1176 si
262 1149 298 1175 sit
316 1149 427 1183 quidem
442 1149 560 1176 clericus
573 1169 580 1181 ,
610 1156 625 1175 a
644 1149 753 1184 proprio
769 1150 854 1182 gradu
870 1149 976 1176 excidat

1063 1146 1112 1179 τοῖς
1123 1147 1218 1180 οὔτως
1236 1148 1373 1182 αισχροῖς
1390 1149 1440 1175 καὶ
1460 1149 1610 1182 ἀθεμίτοις
1626 1148 1772 1183 λήμμασι,
1785 1148 1833 1175 καὶ

210 1193 253 1221 sin
269 1197 361 1220 autent
377 1193 476 1226 laicus,
490 1194 533 1221 vel
550 1195 714 1227 monachus,
730 1197 897 1228 segregetur.

1063 1190 1139 1225 νῦτος
1152 1193 1178 1219 sl
1191 1193 1250 1227 μὲν
1265 1195 1409 1227 κληρικὸς
1428 1194 1486 1227 εἴη,
1501 1194 1536 1220 ἐκ
1553 1193 1606 1220 τοῦ
1625 1195 1736 1220 οἰκείου
1751 1194 1833 1220 ἐκπιε-

195 1242 206 1247 ν
1050 1237 1145 1264 πτέτω
1170 1239 1290 1274 βαθμοῦ
1305 1248 1312 1255 ·
1327 1241 1352 1267 ει
1381 1239 1416 1266 δὲ
1437 1240 1545 1273 λαϊκὸς
1567 1239 1586 1274 ἣ
1604 1239 1834 1275 μοναχὸς,άφο‹

1047 1282 1179 1316 ριζέσθω.

212 1330 246 1358 Ut
263 1332 320 1358 sine
331 1331 482 1358 muneribus
498 1331 564 1366 [iant
587 1332 775 1358 monachorum
789 1339 822 1358 ac
842 1331 982 1358 ntom'aliun

1063 1328 1119 1362 Ιερὶ
1135 1329 1188 1356 τοῦ
1200 1329 1286 1364 ἐκτὸς
1298 1330 1412 1358 δόσεων
1427 1332 1479 1365 τὰς
1493 1333 1660 1367 καταταγὰς
1683 1332 1742 1359 τῶν
1756 1334 1833 1368 ἱερα-

502 1379 705 1405 νιοηιὶιιαιὶοηεε.
1085 1373 1175 1401 πικῶν
1183 1376 1325 1410 μοναχῶν
1336 1385 1366 1404 τε
1382 1377 1430 1403 καὶ
1438 1377 1628 1412 μοναστριῶν
1653 1378 1797 1413 γίνεσθαι.

244 1423 289 1450 19.
311 1421 398 1449 Tanta
422 1422 601 1450 exsecrabilis
631 1423 752 1450 avaritiae
770 1422 845 1450 labes
861 1422 996 1450 Ecclesia-

1086 1418 1128 1445 ιθ’.
1136 1419 1267 1445 Τοσοῦτον
1277 1421 1448 1455 κατενεμήθη
1461 1421 1698 1460 τῆςηηφύαργυρίας
1711 1421 1741 1447 τὸ
1750 1421 1833 1456 μῦσος

213 1476 274 1496 rum
285 1467 428 1503 prafectos
440 1468 552 1499 invasit.
573 1473 603 1495 ut
626 1468 750 1495 nonnulli
766 1476 861 1495 eorunt
874 1468 983 1495 virorun

1067 1464 1090 1495 ἰς
1102 1465 1165 1496 τοὺς
1193 1466 1328 1502 ἡγήτορας
1345 1467 1400 1493 τῶν
1424 1467 1603 1502 Ἐκκλησιῶν,
1617 1467 1688 1494 ὥστε
1714 1468 1760 1494 καί
1789 1476 1832 1494 τι-

210 1522 243 1542 ac
258 1514 416 1546 mulierum,
431 1514 475 1548 qui
492 1514 528 1548 pii
544 1521 576 1541 ac
595 1514 719 1549 religiosi
732 1514 872 1547 dicuntur,
888 1514 980 1540 Domiu

1062 1517 1097 1540 Ia;
1120 1509 1174 1536 τῶν
1200 1510 1354 1545 λεγομένων
1383 1511 1506 1538 εὺλαὸὦν
1531 1511 1636 1546 ἀνδρῶν
1660 1520 1691 1538 τε
1713 1512 1760 1538 καὶ
1782 1520 1832 1546 γυ-

213 1542 415 1586 tnattdatiobliti
427 1542 566 1591 fallantur,
578 1563 605 1586 et
625 1542 672 1586 eos
684 1559 730 1593 qui
753 1559 785 1586 ad
802 1542 983 1586 sacci-dotales

1065 1555 1151 1581 αικῶν
1166 1575 1173 1588 ,
1209 1542 1422 1591 ἐπιλαθομένους
1446 1556 1500 1583 τῶν
1527 1542 1641 1584 ἐντολῶν
1658 1557 1705 1584 τοῦ
1730 1542 1833 1593 Κυρίου

209 1606 334 1632 ordinent
360 1609 386 1631 et
404 1606 487 1631 vitam
513 1604 692 1631 monasticam
711 1605 791 1631 acced
800 1608 859 1636 unt,
875 1604 979 1638 pecuttii

1064 1600 1261 1636 ξαπατηθῆναι,
1279 1597 1334 1628 καί
1351 1601 1393 1629 διὰ
1413 1602 1524 1637 χρυσίου
1553 1603 1602 1634 τὰς
1625 1603 1749 1638 εἰσδοχὰς
1778 1603 1833 1630 τῶν

210 1652 376 1678 admittam:
393 1655 420 1676 et
447 1657 565 1684 quorum
594 1650 740 1684 reprobum
769 1654 810 1676 est
824 1650 980 1684 principium

1062 1646 1275 1681 προσερχομένων
1291 1646 1331 1681 τῷ
1346 1655 1374 1673 τε
1392 1647 1522 1682 ἱερατικῷ
1536 1648 1654 1682 τάγματι
1669 1648 1716 1674 καὶ
1730 1647 1769 1683 τῷ
1782 1657 1832 1682 μο-

211 1696 368 1723 universum
401 1703 511 1730 quoque
542 1695 720 1729 rejicieudum
749 1695 874 1726 eilicitur,
905 1699 934 1721 ut
959 1695 981 1721 ai

1064 1693 1125 1726 ἡρει
1153 1692 1202 1726 βίῳ
1229 1687 1382 1718 ποιεῖσθαι·
1401 1692 1566 1726 καὶγίνεται
1589 1689 1658 1728 ὧνή
1678 1693 1749 1728 ἀρχὴ
1772 1693 1833 1720 ἁδό·

210 1750 326 1777 magnus
338 1741 473 1768 Basilius:
493 1748 542 1767 nec
557 1741 628 1767 enim
646 1740 701 1767 Deo
719 1741 780 1767 licet
796 1745 822 1767 et
836 1748 980 1768 mammon:

1069 1744 1127 1770 ιμος
1151 1736 1198 1762 καὶ
1223 1737 1253 1763 τὸ
1280 1737 1334 1763 πᾶν
1359 1737 1522 1772 ἀπόϐλητον,
1542 1737 1578 1769 ὥς
1601 1746 1683 1772 φησιν
1706 1739 1720 1764 ὁ
1747 1739 1834 1772 μέγας

209 1789 312 1816 servire
325 1789 357 1813 ⁸⁵.
384 1788 412 1813 Si
428 1794 489 1820 quis
504 1794 569 1821 ergo
593 1786 716 1813 inventus
739 1787 819 1813 fuerit
834 1787 884 1813 hoc
895 1786 979 1814 facere

1063 1782 1197 1813 Ιασίλειος.
1224 1782 1291 1809 Οὐδὲ
1314 1783 1368 1818 γὰρ
1392 1783 1452 1818 Θεῷ
1479 1783 1522 1810 διὰ
1552 1785 1671 1818 μαμωνᾶ
1695 1784 1833 1811 δουλεύειν

209 1835 255 1869 qtti
269 1834 321 1860 hoc
343 1834 417 1865 facit,
438 1840 461 1859 ει
483 1833 519 1859 sit
547 1833 656 1867 quidem
674 1834 828 1868 episcopus,
842 1834 882 1861 vel
903 1842 979 1861 tnuna

1064 1827 1161 1859 ξεστιν.
1175 1827 1209 1854 Εἴ
1221 1836 1262 1859 τις
1276 1827 1322 1855 οὖν
1349 1828 1447 1864 εὑρεθῇ
1460 1828 1538 1855 τοῦτο
1556 1828 1652 1859 ποιῶν,
1664 1829 1689 1855 εἰ
1706 1829 1755 1865 μὲν
1771 1830 1834 1856 ἐπί-

209 1879 285 1906 sterii
301 1879 455 1913 praefectus,
473 1880 515 1904 vel
532 1886 564 1904 ex
581 1879 747 1905 sacerdotali
761 1879 868 1911 ordine,
883 1880 922 1906 vel
934 1887 979 1907 ees

1061 1873 1177 1908 οιοποςῆ
1193 1873 1343 1909 ἡγούμενος
1354 1875 1371 1909 ἦ
1386 1883 1429 1906 τις
1437 1874 1484 1900 τοῦ
1498 1875 1636 1910 ἱερατικοῦ
1654 1875 1795 1909 τυγχάνει,
1813 1875 1831 1910 ἢ

210 1930 262 1957 set,
289 1926 329 1952 vel
358 1925 509 1960 deportatur
526 1930 554 1951 ut
571 1925 628 1952 vult
653 1932 739 1952 canon
765 1925 980 1953 Chalcedonensi

1064 1918 1221 1953 τπυσάσθωῆ
1232 1919 1416 1955 καθαιρείσθω
1432 1928 1439 1936 ·
1453 1921 1524 1947 κατὰ
1539 1921 1583 1947 τὸν
1597 1921 1721 1955 δεύτερον
1732 1922 1834 1948 κανόνα

209 1970 317 2006 synodi.
333 1968 380 1996 Sin
401 1975 490 1996 autem
503 1970 660 1996 monasterii
676 1970 919 2005 pra'fectus,70a
937 1977 979 1997 mo

1064 1963 1097 1997 ἦς
1115 1964 1144 1989 ὲν
1159 1963 1311 1999 Χαλκηδόνι
1329 1965 1410 1998 ἁγίας
1430 1965 1549 1992 συνόδου.
1563 1966 1595 1991 El
1609 1965 1637 1992 δὲ
1668 1966 1831 2001 ἡγούμενος,

213 2016 336 2043 nasterio
348 2017 521 2048 extrudatur,
537 2019 563 2042 et
579 2015 625 2042 alii
641 2016 806 2042 tnonastcrio
823 2017 944 2042 tradatur
961 2024 983 2042 at

1062 2009 1224 2044 κδιωχοήτω
1238 2011 1270 2037 ὲκ
1283 2010 1328 2037 τοῦ
1342 2011 1534 2046 μοναστηρίου,
1546 2012 1594 2038 καὶ
1607 2012 1787 2047 παραδοθήτω
1802 2014 1832 2039 ἐν

209 2063 419 2098 sultjcctiouetn.
441 2061 572 2088 Similiter
597 2067 624 2088 et
656 2061 814 2089 monasterii
839 2060 979 2096 prmfcclus

1063 2053 1131 2088 τέρῳ
1158 2056 1331 2091 μοναστηρίῳ
1355 2056 1424 2090 πρὸς
1446 2057 1598 2092 ὑποταγήν.
1628 2058 1764 2090 Ὡσαύτως
1783 2061 1833 2086 καὶ

209 2111 255 2146 qtti
267 2110 429 2146 presbyterii
454 2109 654 2136 ordinationem
683 2108 774 2135 habet.
796 2107 831 2134 De
857 2108 890 2134 iis
903 2112 979 2134 auten

1065 2099 1195 2134 γούμενος
1220 2100 1257 2135 μὴ
1286 2100 1355 2136 ἔχων
1384 2102 1553 2137 χειροτονίαν
1571 2104 1768 2139 πρεσὸυτέρου,
1784 2106 1833 2132 ὲπὶ

292 2144 391 2183 dantur
413 2155 506 2182 liberis
529 2162 543 2181 a
559 2153 717 2188 parentibus
732 2153 819 2180 instar
846 2153 936 2180 (lotis:
953 2161 979 2180 ve

1063 2145 1140 2171 ἑτῶν
1155 2145 1231 2180 παρὰ
1248 2147 1346 2180 γονέων
1361 2147 1507 2182 διδομένων
1522 2148 1599 2183 δίκην
1617 2150 1761 2184 προικῲων
1773 2152 1833 2182 τοῖς

211 2190 291 2229 rebus
304 2203 361 2229 suis
373 2201 493 2235 propriis
503 2200 613 2230 oblatis,
641 2199 831 2234 proﬁtentibus
845 2199 875 2225 iis
891 2199 936 2232 qui
961 2206 981 2225 e:

1063 2190 1159 2222 ἑκνοις,
1172 2191 1189 2225 ἢ
1200 2191 1355 2226 ίδιοκτήτων
1368 2193 1457 2218 αὑτῶν
1472 2194 1640 2228 πραγμάτων
1654 2197 1833 2230 προσαγομέ-

207 2248 335 2279 olIerunt,
353 2254 414 2274 csse
447 2247 501 2273 Deo
527 2251 696 2275 consecrata,
716 2245 860 2271 statuimus
883 2249 912 2270 ut
935 2245 974 2270 siv

1063 2244 1108 2268 ων,
1138 2236 1339 2270 ὁμολογούντων
1363 2237 1416 2264 τῶν
1435 2240 1626 2272 προσαγόντων
1646 2240 1732 2267 ταῦτα
1759 2240 1833 2269 εἶναι

208 2296 316 2325 exeant,
333 2300 364 2319 ea
379 2293 406 2319 in
423 2292 589 2318 monasterio
601 2295 736 2322 maneant,
750 2295 779 2317 ut
801 2290 851 2316 fuit
870 2290 978 2324 ipsorua

1065 2281 1221 2315 φιερωμένα
1237 2281 1276 2317 τῷ
1291 2281 1360 2316 Θεῷ,
1373 2281 1501 2318 ὁρίζομεν
1511 2284 1563 2310 κᾶν
1576 2292 1605 2310 τε
1619 2285 1718 2319 μείναι,
1735 2286 1787 2312 κᾶν
1801 2295 1835 2313 τε

206 2339 359 2374 professio;
374 2339 426 2366 nisi
440 2339 462 2366 is
481 2339 527 2373 qui
539 2341 634 2373 prtecst
647 2337 676 2363 in
685 2336 761 2371 culpa
778 2336 869 2363 fuerit.

1065 2324 1157 2357 Ξέ).θοι,
1177 2326 1270 2360 μένειν
1286 2326 1355 2353 αὐτὰ
1380 2327 1409 2353 ὲν
1432 2327 1472 2362 τῷ
1495 2330 1668 2364 μοναστηρίῳ
1691 2332 1763 2358 κατὰ
1780 2332 1835 2367 τὴν

1044 2372 1191 2407 ὑπόσχεσιν
1207 2372 1290 2399 αὐτοῦ
1301 2381 1309 2389 ·
1326 2374 1350 2399 εἰ
1376 2374 1413 2409 μὴ
1491 2375 1565 2402 αἰτία
1579 2377 1627 2403 τοῦ
1645 2378 1833 2412 προεστῶτος,

1042 2418 1090 2444 τοῦ
1103 2418 1220 2451 ἐξελθεῖν
1234 2419 1315 2445 αὑτὸν
1330 2419 1460 2455 δηλονότι.
1624 2419 1626 2421 ’

207 2470 304 2498 Basilii
325 2479 358 2497 ea:
391 2470 511 2505 Epistula
531 2470 566 2496 ad
600 2469 807 2503 chorepiscopos.
832 2467 909 2501 Quod
939 2476 977 2494 no;

1067 2465 1207 2490 λασιλείου
1219 2464 1252 2490 ὲκ
1281 2464 1335 2498 τῆς
1363 2465 1438 2499 πρὸς
1463 2467 1534 2499 τοὺς
1556 2467 1743 2501 ἐπισκόπους
1767 2469 1837 2496 ἐπι-

354 2523 473 2551 oporteat
488 2518 570 2552 pretio
586 2525 679 2542 "ianus
700 2516 842 2550 imponere.
1080 2517 1124 2536 στι

1080 2508 1196 2543 στολῆς
1206 2509 1284 2536 ὥστε
1302 2511 1345 2545 μὴ
1361 2511 1542 2545 χειροτονεῖν
1555 2513 1604 2539 ἐπὶ
1629 2513 1793 2547 χρήμασιν.

243 2562 292 2590 Rei
309 2564 460 2598 turpitudo,
479 2563 512 2590 de
533 2571 586 2597 qua
607 2562 707 2594 SCt'iIlO,
730 2561 780 2587 ltoe
797 2561 855 2594 ipso
869 2559 942 2594 quod
965 2558 993 2586 itt

1081 2554 1116 2580 Τὸ
1129 2555 1175 2581 τοῦ
1191 2555 1352 2590 πράγματος
1373 2556 1472 2583 ἄτοπον
1491 2558 1555 2592 περὶ
1569 2554 1599 2584 οὗ
1613 2558 1720 2592 γράφω,
1735 2558 1780 2585 διὰ
1806 2560 1837 2586 τί

207 2608 393 2642 suspicionem
419 2608 532 2634 omnino
555 2607 628 2633 venit
649 2614 680 2632 ac
706 2612 871 2636 sermonem,
901 2603 977 2631 dolor

1068 2599 1095 2625 ὲν
1120 2600 1187 2632 ὅλως
1211 2601 1375 2637 ὑπωπτεύθη
1400 2603 1446 2628 καὶ
1470 2602 1599 2638 ἐλαλήθη,
1620 2604 1716 2639 ὀδύνης
1743 2606 1838 2640 ἐπλή-

206 2654 328 2681 animuut
351 2660 441 2680 meutn
468 2651 605 2686 implevit:
634 2651 765 2678 hactenus
788 2657 854 2676 sane
877 2649 935 2675 visa
953 2656 976 2675 οξ

1069 2645 1119 2671 ωσέ
1135 2654 1186 2679 μου
1198 2646 1248 2681 τὴν
1262 2646 1361 2682 ψυχὴν,
1377 2646 1444 2678 τέως
1454 2647 1482 2674 δὲ
1500 2649 1586 2683 ἐφάνη
1600 2658 1644 2684 μοι
1656 2650 1780 2677 ἄπιστον.
1795 2651 1839 2676 Τὸ

207 2698 274 2725 tnihi
287 2697 465 2724 incredibilis.
482 2695 559 2729 Quod
574 2703 640 2730 ergo
651 2696 683 2722 tle
700 2695 743 2722 illa
759 2694 861 2724 scribo,
876 2694 921 2728 qui
939 2693 977 2720 sill

1070 2691 1091 2716 ἓν
1106 2691 1172 2726 περὶ
1195 2692 1277 2718 αὑτοῦ
1300 2694 1428 2729 γράμμα,
1440 2693 1455 2719 ὁ
1478 2694 1527 2728 μὲν
1545 2695 1721 2729 συνεγνωκὼς
1740 2697 1840 2732 ἑαυτῷ

207 2743 264 2776 ipse
282 2741 409 2768 conscius
424 2744 477 2772 est,
500 2739 615 2772 accipiat.
627 2743 655 2765 ιιι
678 2737 826 2770 medelam;
840 2737 887 2771 qui
899 2741 977 2763 auten

1075 2737 1165 2770 ξάσοω
1179 2737 1217 2769 ὡς
1243 2738 1320 2774 ἴαμα,
1336 2740 1349 2765 ὁ
1365 2739 1394 2766 δὲ
1417 2739 1455 2774 μὴ
1481 2741 1656 2774 συνεγνωκὼς
1672 2742 1711 2773 ὡς
1727 2750 1840 2777 προφυ-

242 2831 264 2846 ν·
279 2831 346 2857 Can.
379 2829 423 2856 50.
456 2829 478 2843 '”
500 2827 565 2854 (ξοη-
582 2827 607 2852 ‘2.
