1951 3081
106 164 157 198 521

506 172 707 207 SYNTAGMA
720 178 914 210 CANONUM.
932 191 967 197 -
980 180 1053 211 ΤΙΤ.
1078 182 1103 218 Ι,
1124 182 1202 214 CAP.
1222 185 1325 216 XXIV.

1670 192 1723 226 522

106 222 294 277 λακτήριον,.ό
317 224 344 251 δὲ
361 225 506 263 ἀδιάφορος
519 229 588 265 ὅπερ
600 231 753 268 ἀπεύχομαι
765 234 808 268 ἐφ’
825 235 877 270 ὒμῐ·

940 243 995 263 non
1009 238 1147 272 conscius,
1166 244 1194 266 ut
1204 240 1438 274 pramunitionem
1452 251 1461 276 ;
1475 243 1633 274 inditterens
1646 254 1720 278 vero.

105 267 250 302 εὑρεθῆναι
265 267 304 300 ὡς
327 269 371 296 διὰ
393 273 557 307 μαρτυρίαν.
574 275 646 302 Τίδέ
669 267 744 304 ἐστιν
757 278 772 305 ὃ
787 267 888 314 γλέγω;

105 312 173 346 φασί
189 312 263 344 τινές
277 321 355 346 τινας
369 316 448 351 ὑμῶν
461 318 535 353 παρὰ
556 320 611 346 τῶν
641 312 887 359 χειροτονουμένων

104 357 254 392 λαμϐάνειν
280 361 424 395 χρήματα,
459 364 628 397 ἐπισκιάζειν
655 367 683 394 δὲ
708 357 818 404 ὀνόματι
843 371 890 397 εὑ-

103 403 224 436 σεόείας.
241 405 326 432 Τοῦτο
338 407 366 433 δὲ
379 408 469 444 χεῖρόν
485 410 568 438 ἐστιν.
591 412 653 439 Ἐὰν
665 414 719 448 γάρ
733 403 775 446 τις
788 416 818 442 τὺ
840 425 890 444 κα-

102 449 151 475 κὸν
161 450 191 476 έν
203 452 377 487 προσχήματι
391 454 438 481 τοῦ
454 455 554 489 ἀγαθοῦ
573 461 646 494 ποιῇ,
662 460 833 494 διπλασίονος
847 472 889 489 τι-

104 493 212 528 μωρίας
235 496 307 521 ὲστὶν
326 497 401 529 ἄξιος
417 507 424 514 ·
441 499 508 526 διότι
535 502 600 528 αὐτό
624 493 653 530 τε
673 505 703 531 τὸ
721 506 770 532 οὐκ
789 508 890 541 ἀγαθὸν

102 538 261 572 ἐργάζεται,
276 542 323 568 καὶ
344 544 475 578 κέχρηται
490 547 530 577 εἰς
554 548 583 574 τὸ
602 549 709 577 τελέσαι
728 552 776 586 τὴν
798 538 889 589 ἀμαρ-

99 584 173 617 τίαν,
190 585 228 617 ὡς
244 587 277 613 ἂν
294 587 366 615 είποι
386 598 438 622 τις.
454 592 494 628 τῷ
515 594 591 630 καλῷ
606 597 738 631 συνεργῷ.
757 599 849 626 Ταῦτα
864 601 888 627 εί

98 627 189 660 οῦτως
218 630 283 665 ἔχει,
302 633 348 659 τοῦ
373 634 466 662 λοιποῦ
486 638 523 673 μὴ
542 627 750 672 γινέσου›,-ὀιλλὰ
774 644 888 679 διορθω-

101 673 177 709 οήτω
194 683 202 690 '
220 677 281 703 ἐπεὶ
301 679 406 716 ἀνάγκη
432 682 521 716 λέγειν
541 685 608 720 πρὸς
625 687 670 712 τὸν
696 673 840 724 δεχόμενον
858 691 887 717 τὸ

99 720 242 754 ἀργύριον,
258 723 327 759 ὅπερ
351 727 450 762 ὲῤῥέθη
470 730 546 764 παρὰ
565 731 619 758 τῶν
637 720 791 761 amato).th
819 737 886 771 πρὸς

97 767 146 792 τὸν
165 767 276 795 θέλοντα
293 770 396 804 δοῦναι,
409 773 452 800 ἵνα
474 775 632 811 Πνεύματος
650 779 727 813 ἁγίου
742 767 886 814 μετουσίαν

98 812 238 848 ὠνήσηται
249 824 255 830 ·
268 817 303 842 Τὸ
311 817 452 852 ἀργύριόν
464 828 522 848 σου
534 822 594 849 σὺν
608 824 657 850 σοι
670 812 712 858 εὶς
722 812 884 856 (induatur.

99 859 272 895 Κουφότερος
285 863 340 898 γὰρ
350 865 363 890 ὁ
379 865 412 891 δι’
426 866 554 903 ἀπειρίαν
565 869 722 906 ὠνήσασθαι
734 873 828 907 θέλων,
839 875 855 909 ἢ
871 875 885 901 ὁ

99 906 265 939 πιπράσκων
279 909 328 943 τήν
347 910 395 936 τοῦ
411 913 478 939 Θεοῦ
493 913 597 950 δωρεάν
612 923 619 931 ⁸
633 917 733 952 πράσις
746 918 799 955 γὰρ
821 906 881 954 ἐγέ-

98 955 177 975 νεειιο⁸
189 952 235 978 καὶ
246 951 259 978 ὃ
274 955 306 980 σὺ
321 954 426 990 δωρεὰν
442 957 538 990 ἔλαϐες
554 960 602 987 ἐὰν
616 951 717 997 πωλῇς,
732 951 832 991 ὡσανεὶ
841 951 883 991 πε-

99 998 240 1030 πραμένος
256 999 295 1034 τῷ
309 1000 416 1037 Σατανᾷ
428 1022 436 1034 ,
451 1004 625 1043 ἀφαιρεθήσῃ
638 1009 683 1034 τοῦ
698 1010 882 1045 χαρίσματος·

98 1042 251 1076 καπηλείαν
265 1045 319 1081 γὰρ
336 1047 494 1083 ὲπεισάγεις
509 1052 564 1082 τοῖς
578 1055 770 1087 πνευματικοῖς
789 1056 836 1082 καὶ
849 1057 882 1092 τῇ

104 1087 254 1126 Ἐκκλησία
269 1111 276 1123 ,
305 1092 369 1119 ἔνθα
393 1096 600 1131 πεπιστεύμεθα
622 1099 701 1134 σῶμα
733 1102 779 1127 καὶ
814 1087 882 1137 αἷμᾶ

97 1132 217 1167 Χριστοῦ
233 1144 240 1150 ·
255 1137 342 1164 ταῦτα
352 1139 438 1172 οὕτως
455 1141 577 1175 γίνεσθαι
591 1144 621 1170 οὐ
723 1146 754 1172 Ὃ
770 1146 799 1173 δέ
823 1132 881 1174 ἐστι

96 1179 127 1204 τὺ
148 1179 289 1216 τέχνασμα
315 1183 407 1218 λέγω·
453 1186 595 1222 νομίζουσι
624 1190 662 1224 μὴ
689 1179 878 1227 γάμαρτὰνεινε

95 1223 135 1259 τῷ
156 1226 193 1261 μὴ
206 1227 264 1262 ἃμα
278 1230 511 1265 προσλαμὸάνειν,
525 1234 593 1261 ἀλλὰ
610 1223 679 1270 μετὰ
694 1223 743 1272 τήν
759 1223 881 1273 χειροτο-

94 1269 154 1296 νίαν
173 1271 321 1307 λαμὸἀνειν
338 1282 345 1289 ·
361 1275 455 1303 λαϐεῖν
475 1278 503 1304 δέ
527 1269 810 1317 ὲστιννὸτεδήποτε-τδ
833 1284 880 1310 λα-

95 1315 163 1343 εεῖν,
182 1317 337 1352 Παρακαλῶ
363 1319 409 1348 οὖν
429 1323 531 1359 ταύτην
547 1326 597 1361 τὴν
620 1315 760 1362 πρόσοδον,
779 1330 879 1364 μᾶλλον

94 1362 122 1388 δὲ
137 1363 188 1398 τὴν
203 1366 386 1401 προσαγωγὴν
398 1368 446 1403 τήν
461 1371 508 1396 ἐπὶ
523 1371 635 1404 γέενναν
650 1362 798 1401 ἀποθέσθαι
812 1384 818 1391 ·
832 1377 879 1402 καὶ

95 1409 132 1444 μὴ
158 1410 207 1441 τὰς
234 1413 326 1446 χεῖρας
357 1414 521 1448 μολύναντες
550 1418 682 1450 τοιούτοις
719 1419 876 1455 λήμμασιν,

92 1455 208 1487 ἑαυτοὺς
240 1458 365 1491 ἀναξίους
395 1462 527 1497 ποιήσητε
559 1463 606 1490 τοῦ
638 1465 771 1493 ἐπιτελεῖν
812 1467 878 1502 ἅγια

94 1501 243 1536 μυστήρια.
255 1503 398 1537 Σύγγνωτε
418 1507 446 1532 δέ
465 1515 511 1541 μοι
527 1516 534 1522 “
548 1509 657 1544 πρῶτον
687 1510 737 1545 μὲν
753 1512 790 1543 ὡς
815 1501 879 1540 ἀτει-

92 1546 197 1579 στήσας
211 1568 218 1580 ,
234 1546 291 1574 εἶτα
308 1548 337 1574 δὲ
359 1549 397 1581 ὡς
420 1551 542 1584 πεισθεὶς
565 1553 679 1587 ἀπειλῶ,
706 1555 732 1581 ei
751 1564 793 1587 τις
808 1557 876 1591 μετὰ
890 1567 911 1596 c

93 1591 196 1626 ταύτην
211 1601 261 1626 μου
280 1594 328 1628 τὴν
342 1595 484 1631 ἐπιστολὴν
505 1597 618 1634 πράξειε
639 1608 665 1625 τι
677 1600 807 1633 τοιοῦτον,
823 1602 877 1628 τῶν

95 1635 144 1669 μὲν
159 1636 276 1663 ἐνταῦθα
292 1637 493 1674 θυσιαστηρίων
511 1643 692 1678 ἀναχωρήσει,
709 1644 820 1680 ζητήσει
849 1646 878 1673 δὲ

93 1679 158 1706 ἔνθα
176 1680 226 1716 τὴν
250 1682 297 1708 τοῦ
322 1683 390 1709 Θευῦ
405 1684 515 1720 ,δωρεὰν
535 1687 688 1722 ἀγοράζων,
706 1690 877 1724 μεταπωλεῖν

91 1725 215 1752 δύναται.
244 1727 338 1762 Ἡμεῖς
363 1729 418 1764 γὰρ
439 1731 486 1756 καὶ
506 1731 534 1757 αἱ
555 1732 713 1768 Ἑκκλησίαι
738 1735 784 1761 τοῦ
808 1735 875 1762 Θεοῦ

91 1772 220 1807 τοιαύτην
243 1774 387 1809 συνήθειαν
406 1776 457 1802 οὐκ
484 1776 592 1812 ἔχομεν.
612 1779 659 1806 Ἓν
687 1779 716 1806 δὲ
746 1781 876 1815 προσθεὶς

90 1817 232 1852 παύσομαι
248 1827 256 1834 ⁸
281 1819 324 1847 διὰ
353 1821 534 1857 φιλαργυρίαν
556 1823 661 1857 γίνεται
689 1825 793 1853 ταῦτα·
811 1828 827 1862 ἡ
847 1827 875 1854 δὲ

88 1863 260 1899 φιλαργυρία
283 1866 330 1892 καὶ
355 1867 416 1901 ῥίζα
440 1869 549 1895 πάντων
563 1869 618 1897 τῶν
641 1871 733 1897 κακῶν
744 1873 813 1905 ἐστι,
827 1873 875 1899 καὶ

86 1909 251 1945 ὀνομάζεται
267 1911 467 1948 εἰδωλολατρία.
482 1914 527 1949 Μὴ
542 1913 588 1942 οὖν
602 1916 650 1942 τοῦ
663 1917 782 1952 Χριστοῦ
805 1927 874 1954 προ-

85 1957 223 1991 τιμήσητε
248 1957 284 1984 τὰ
311 1959 419 1992 εἴδωλα,
439 1961 483 1987 διὰ
501 1962 597 1997 μικρὸν
623 1963 755 1998 ἀργύριον
770 1973 778 1981 ·
806 1966 873 2001 μηδὲ

86 2002 170 2029 πάλιν
185 2002 231 2029 τὸν
254 2003 353 2030 Ἰούδαν
375 2006 543 2042 μιμήσησθε,
560 2007 682 2043 λήμματι
704 2010 873 2044 προδιδόντες

84 2048 224 2084 δεύτερον,
241 2049 287 2076 τὸν
312 2050 386 2082 ἆπαξ
399 2051 469 2086 ὑπὲρ
488 2052 567 2087 ἡμῶν
579 2054 769 2089 σταυρωθέντα
787 2064 794 2072 ·
810 2057 872 2083 ἐπεὶ

83 2095 132 2121 καὶ
142 2095 177 2121 τὰ
192 2095 279 2130 χωρία
292 2097 338 2123 καὶ
352 2098 380 2124 αι
404 2099 498 2138 χεῖρες,
512 2099 566 2126 τῶν
585 2100 648 2132 τοὺς
662 2101 785 2136 καρποὺς
809 2103 871 2129 τού·-

82 2149 148 2172 τους
159 2141 322 2176 δεχομένων,
342 2143 494 2178 Ἀκελδαμὰ
505 2144 694 2180 κληθήσονται.

81 2185 251 2230 Terr-amoti
265 2186 315 2213 καὶ
339 2188 396 2230 τῆς
413 2190 476 2230 ei}?
494 2192 573 2230 αὐτῷ
587 2193 731 2225 συνόδου,
750 2194 784 2221 ἐκ
813 2195 869 2230 τῆς

941 281 1014 315 quod
1026 282 1135 316 quidem
1147 284 1277 318 deprecor
1292 293 1326 313 ne
1339 287 1367 313 in
1381 287 1458 315 vobis
1466 290 1626 324 reperiatur,
1638 295 1666 319 ut
1677 301 1726 328 per

941 323 1162 354 obtestationem.
1178 327 1248 360 Quid
1263 334 1354 357 autem
1370 335 1422 362 est,
1438 323 1509 367 quod
1524 334 1604 361 dico?
1623 323 1726 363 Dicun-

943 372 987 396 tur
1005 372 1125 398 nonnulli
1142 380 1174 399 ex
1190 373 1267 401 vobis
1283 375 1316 402 ab
1333 375 1366 403 iis
1387 377 1435 411 qui
1456 378 1628 413 ordinantur,
1641 389 1723 415 pocu-

940 413 1000 441 nias
1020 415 1162 450 accipere,
1185 418 1266 453 idque
1291 419 1397 453 pietatis
1420 423 1530 450 nomine
1556 424 1724 454 inumbrare.

940 456 997 485 lloc
1023 463 1112 486 autem
1139 461 1216 494 pejus
1231 467 1283 489 est.
1308 463 1412 491 Etenim
1438 465 1460 492 si
1477 467 1538 500 quis
1556 468 1655 494 malum
1673 470 1724 496 sub

940 501 1030 534 specie
1044 501 1107 529 boni
1119 504 1234 538 perﬁcit,
1249 513 1327 537 pmna
1343 507 1442 541 duplici
1456 509 1554 544 dignus
1568 515 1623 538 est:
1636 520 1725 547 quan-

939 543 1084 578 doquidem
1111 551 1138 573 et
1153 547 1224 581 quod
1248 556 1302 575 non
1317 550 1418 578 bonum
1434 543 1578 586 est,7facit,
1597 559 1624 581 et
1639 543 1723 583 utitur

939 590 972 616 ad
993 596 1132 624 peccatum
1159 594 1382 624 committendum
1406 597 1488 630 bono,
1514 604 1544 626 ut
1569 600 1604 627 ita
1622 601 1722 635 dicam,

939 635 1074 668 adjutore.
1093 635 1156 664 Haec
1169 638 1192 664 si
1209 639 1245 665 ita
1260 647 1289 666 se
1305 640 1416 674 habent,
1433 642 1562 679 deinceps
1575 653 1628 672 non
1645 645 1721 679 ﬁant.

938 680 985 706 sed
1006 682 1187 709 emendentur
1201 693 1208 710 :
1234 685 1369 720 siquidem
1390 695 1502 716 necesse
1516 695 1556 717 est
1572 691 1662 718 dicere
1675 699 1722 719 ar-

937 730 1047 759 gentum
1063 727 1217 762 accipienti.
1234 731 1307 764 quod
1321 731 1355 758 ab
1369 734 1501 767 apostolis
1514 735 1616 763 dictum
1628 741 1670 764 est.
1684 738 1721 770 ei,

937 773 983 807 qui
1001 773 1066 801 dare
1079 775 1196 809 volebat,
1213 781 1240 803 ιιι
1253 776 1370 811 Spiritus
1381 780 1468 808 sancti
1484 783 1721 817 participationem

937 825 1054 846 emeret:
1073 820 1189 848 Pecunia
1209 827 1254 849 tua
1266 827 1350 850 tecum
1368 825 1402 851 sit
1417 826 1443 852 in
1458 827 1629 860 perditionem
1651 830 1719 858 “°'°.

937 862 1004 890 Nam
1021 865 1109 892 levius
1123 866 1257 901 delinquit
1278 869 1324 902 qui
1343 876 1398 903 pm
1423 870 1531 898 inscitia
1545 880 1637 901 emere
1653 875 1719 908 vult,

898 898 922 927 Β
938 917 1018 944 quam
1042 911 1087 945 qui
1107 911 1153 938 Dei
1177 898 1400 942 donum'veridit.
1422 915 1546 945 Venditio
1559 919 1631 947 enim
1649 919 1719 948 facta

935 961 994 989 est;
1009 961 1036 983 et
1055 958 1126 991 quod
1143 962 1170 985 tu
1197 960 1280 993 gratis
1303 961 1442 995 accepisti,
1464 962 1490 990 id
1506 963 1529 990 si
1548 965 1717 999 vendideris.

936 1003 1066 1034 tanquam
1095 1001 1145 1036 71
1176 1001 1283 1030 Satanae
1309 1005 1433 1032 venditus
1459 1008 1544 1040 gratia
1565 1009 1717 1042 privabere.

933 1044 1003 1072 Nam
1019 1047 1214 1080 cauponariam
1228 1048 1379 1077 introducis
1395 1050 1422 1077 in
1440 1059 1484 1078 res
1506 1053 1672 1087 spirituales,
1691 1059 1718 1082 et

933 1091 960 1118 in
977 1092 1064 1127 ipsam
1079 1092 1241 1128 Ecelesiam,
1263 1096 1308 1123 ubi
1324 1103 1423 1131 eorpus
1440 1101 1467 1124 et
1480 1098 1599 1134 {sanguis
1615 1099 1716 1129 Christi

934 1138 1090 1166 concredita
1116 1140 1196 1168 nobis
1217 1146 1290 1168 sunt.
1315 1142 1377 1169 Haec
1393 1143 1429 1170 ita
1445 1144 1503 1171 ﬁeri
1529 1153 1582 1172 non
1598 1151 1715 1181 oportet.

933 1180 1017 1213 Quale
1031 1187 1122 1209 autem
1139 1182 1175 1209 sit
1198 1184 1354 1218 artiﬁcium,
1374 1186 1474 1214 dicam.
1496 1187 1596 1216 Putant
1610 1197 1639 1216 se
1654 1190 1717 1219 ideo

932 1234 986 1253 non
1012 1235 1137 1262 peccare,
1161 1230 1234 1264 quod
1252 1238 1306 1258 non
1329 1236 1392 1259 ante
1406 1233 1551 1268 accipiant,
1579 1235 1627 1262 sed
1654 1241 1717 1270 post

931 1273 1130 1301 ordinationem
1146 1275 1291 1310 accipiant.
1308 1277 1437 1312 Accipere
1454 1283 1545 1306 autem
1561 1286 1603 1308 est
1629 1289 1717 1316 quan-

931 1317 1076 1353 decunque
1100 1320 1234 1354 accipere.
1259 1321 1334 1357 Rogo
1361 1323 1463 1358 itaque,
1487 1326 1604 1353 reditum
1628 1327 1715 1360 illum,

930 1363 986 1390 imo
999 1364 1087 1398 potius
1100 1364 1171 1392 viam
1192 1365 1217 1392 in
1234 1367 1383 1401 gehennam
1401 1370 1542 1398 ducentem
1560 1372 1715 1407 relinquite,

931 1415 980 1435 nec
1007 1416 1104 1437 manus
1133 1410 1268 1445 ejusmodi
1295 1414 1456 1442 muneribus
1487 1417 1714 1451 contaminantes,

934 1453 1062 1489 indignos
1083 1463 1131 1484 vos
1157 1457 1288 1491 efﬁciatis,
1316 1460 1361 1494 qui
1389 1462 1516 1495 mysteria
1532 1468 1625 1490 sancta
1645 1464 1715 1491 cele-

930 1499 1024 1527 bretis.
1041 1501 1174 1535 Ignoscite
1190 1508 1281 1530 autem
1300 1505 1376 1532 mihi.
1392 1505 1516 1534 Primum
1527 1509 1636 1542 quidem
1653 1514 1714 1536 tau-

931 1553 1012 1580 quam
1035 1554 1089 1574 non
1118 1548 1240 1582 credens,
1258 1550 1355 1578 deinde
1380 1556 1509 1587 tanquam
1538 1555 1617 1582 tidem
1634 1556 1713 1583 adhi-

931 1590 1009 1625 bens,
1031 1591 1199 1620 interminor.
1221 1594 1249 1621 Si
1266 1596 1327 1629 quis
1347 1601 1408 1630 post
1422 1597 1493 1625 hanc
1510 1607 1598 1626 meam
1610 1601 1712 1635 episto-

930 1636 983 1663 lam
999 1637 1052 1664 tale
1065 1637 1167 1673 aliquid
1184 1640 1335 1674 admiserit,
1354 1642 1388 1668 ab
1405 1642 1448 1670 his
1464 1644 1574 1678 quidem
1592 1654 1651 1680 qum
1668 1647 1714 1675 hic

930 1686 994 1708 sunt
1017 1683 1148 1711 altaribus
1167 1685 1292 1713 secedet:
1306 1693 1410 1721 (μιαν-ιιι
1428 1693 1517 1716 autem
1534 1691 1580 1718 ubi
1599 1691 1646 1719 Dei
1664 1693 1714 1720 do-

929 1735 994 1754 num
1010 1735 1105 1756 emens
1127 1729 1216 1757 denuo
1239 1731 1386 1760 diveudere
1398 1739 1490 1768 queat.
1513 1735 1568 1763 Nos
1591 1737 1664 1764 enim
1680 1745 1712 1766 ac

930 1772 976 1800 Dei
999 1773 1128 1802 Ecclesia:
1150 1777 1376 1806 consuetudinem
1394 1781 1473 1807 talem
1498 1789 1552 1809 non
1568 1782 1711 1812 habemus.

927 1817 1061 1846 Caeterum
1088 1828 1143 1848 uno
1162 1821 1255 1849 addito
1272 1823 1415 1858 ,desinam.
1435 1825 1550 1861 Propter
1568 1829 1710 1857 avaritiam

927 1863 979 1890 ista
993 1864 1072 1891 liunt.
1085 1866 1203 1892 Avaritia
1214 1872 1305 1894 autem
1318 1874 1344 1896 et
1356 1870 1431 1896 radix
1442 1872 1575 1899 malorum
1587 1875 1710 1902 omnium

927 1913 979 1942 est,
992 1914 1018 1936 et.
1028 1915 1140 1937 vocatur
1153 1911 1320 1940 idololatria.
1330 1913 1418 1943 Nolite
1428 1916 1509 1951 igitur
1523 1918 1630 1946 Christo
1639 1928 1695 1954 pra:
1703 1935 1710 1939 -

926 1953 999 1982 ferre
1010 1955 1158 1984 simulacra
1170 1958 1204 1985 ob
1219 1960 1356 1987 modicum
1371 1968 1530 1996 argentum;
1548 1972 1599 1992 nec
1614 1974 1710 1994 rursus

924 1999 1022 2028 Judam
1047 2002 1157 2037 imitari,
1182 2009 1303 2038 quaestus
1326 2014 1408 2034 causa
1442 2008 1542 2036 iterum
1570 2011 1709 2039 tradentes

925 2054 998 2080 eum,
1025 2049 1072 2083 qui
1091 2050 1173 2077 semel
1188 2058 1238 2085 pro
1251 2051 1330 2080 nobis
1345 2053 1492 2081 cruciﬁxus
1506 2062 1557 2082 est.
1579 2057 1707 2092 Alioquin

923 2099 950 2120 et
965 2095 1022 2128 agri
1039 2100 1066 2122 et
1077 2103 1174 2124 manus
1184 2105 1289 2130 eorum,
1303 2097 1349 2133 qui
1360 2099 1411 2127 bos
1425 2099 1527 2128 fructus
1543 2102 1706 2137 percipiunt,

923 2139 1067 2167 Aceldama
1084 2142 1263 2170 vocabuntur.

925 2184 1056 2227 Gennadii
1079 2189 1239 2227 patriarcha:
1265 2194 1291 2216 et
1313 2190 1408 2225 synodi
1430 2199 1489 2217 cum
1508 2192 1564 2226 ipso
1593 2194 1706 2227 cpistola

116 2219 282 2264 ξγκυκλέου
292 2219 443 2264 πρὸς-’ἑοὺς
452 2219 633 2264 ὁσιωτάτους
645 2219 868 2263 μητροσιολίιᾶξ-

957 2219 1090 2264 ειιευρίὶίιι
1123 2223 1157 2248 ad
1184 2232 1271 2250 omnes
1303 2219 1484 2264 sanctissimos
1515 2219 1705 2262 inetroﬁolilas,

115 2255 297 2290 ἐπιστολῆς,
310 2257 387 2284 ὥστε
398 2255 440 2293 μῆ
451 2255 632 2294 χειροτονεῖὲ
642 2255 691 2290 ἐπὶ
704 2255 867 2298 ἇρινὶᾑαὰιᾶοί

82 2299 127 2332 Τῷ
152 2303 371 2337 θεοφιλεστάτφ
393 2305 441 2331 καὶ
474 2307 623 2340 ὀσιωτάτῳ
647 2310 869 2345 συλλειτουργῷ

114 2347 191 2380 τῷδε
218 2350 390 2384 ιἐννιὶδιυς,
416 2352 464 2379 καὶ
491 2353 510 2387 ἠ
533 2353 706 2388 ἐνδημοῦσα
724 2355 761 2390 τῇ
784 2358 869 2390 φιλο-

114 2395 230 2428 χρίστῳ
244 2396 293 2422 καὶ
317 2397 454 2428 βασιλίδι
476 2398 791 2429 Κωνσταντινουπόλει
814 2403 869 2437 νέᾳ.

122 2440 218 2476 Ῥώμῃ
234 2443 303 2478 ἁγία
312 2445 452 2479 σύνοδος.

119 2486 150 2513 '0
172 2488 311 2524 Δεσπότης
334 2491 412 2526 ἡμῶν
426 2492 473 2518 καὶ
495 2492 561 2524 Θεὸς
576 2493 622 2520 καὶ
640 2494 735 2529 Σωτὴρ
752 2494 865 2529 Ἰησοῦς,

73 2533 235 2568 ἐγχειρίσας
248 2537 304 2567 τοῖς
315 2536 404 2570 ἁγίοις
428 2538 510 2564 αὐτοῦ
533 2538 668 2574 μαθηταῖς
682 2540 729 2566 τοῦ
743 2540 866 2575 Εὑαγγε-

73 2576 133 2604 λίου
144 2578 175 2604 τὸ
190 2579 330 2615 κήρυγμα,
343 2581 517 2615 διδασκάλους
534 2584 637 2616 τούτοις
651 2586 706 2616 τοῖς
716 2585 767 2612 ἀνὰ
774 2587 865 2613 πᾶσαν

71 2625 123 2660 τὴν
143 2627 305 2662 οἰκουμένην
331 2629 486 2664 ἀνθρώποις
509 2631 719 2664 ἐξαποστείλας,
746 2641 864 2669 παρεκε-

72 2670 190 2698 λεύσατο
207 2672 358 2711 διαρρήδην
370 2675 404 2710 ἢν
421 2677 547 2712 εἰλήφασι
567 2678 632 2714 παρ’
650 2679 732 2706 αὑτοῦ
748 2679 861 2715 δωρεὰν,

71 2715 176 2750 ταύτης
183 2717 231 2743 καὶ
238 2719 336 2751 αὐτοὺς
344 2721 398 2751 τοῖς
407 2721 561 2756 ἀνθρώποις
573 2723 739 2757 μεταδιδόναι
747 2725 861 2760 δωρεὰν,

72 2760 110 2795 μὴ
124 2763 281 2797 κτωμένους
293 2765 361 2801 ὑπὲρ
369 2766 453 2802 αὐτῆς
461 2767 477 2802 ἢ
486 2768 607 2804 χαλκὸνῆ
619 2770 748 2806 ἄργυρον,
763 2771 779 2806 ἢ
797 2780 862 2807 χρυ-

71 2807 127 2839 σὸν,
135 2808 152 2843 ἣ
161 2811 385 2845 τιναπεριουσίαν
395 2813 477 2848 ἄλλην
487 2814 554 2846 ὅλως
565 2815 659 2851 ύλικὴν
672 2816 688 2851 ἢ
699 2817 797 2853 γεώδη.
815 2819 860 2854 Μὴ

105 2853 166 2870 ⁸⁸⁸³⁸
180 2856 242 2883 Act.
261 2865 325 2889 \‘lll,
341 2858 386 2885 20.

231 2905 367 2937 ΡΑτιιοιη
386 2908 446 2937 (in.
470 2908 547 2939 ριν.

957 2256 1026 2289 quod
1039 2263 1091 2282 non
1107 2262 1223 2290 oporteat
1241 2261 1324 2292 pretio
1340 2269 1433 2287 manus
1449 2262 1590 2292 imponere.

853 2310 869 2336 ς,
919 2300 1127 2336 Religiosissimo
1146 2308 1170 2330 ct
1191 2306 1358 2332 sanctissimo
1377 2307 1402 2332 in
1422 2308 1505 2334 sacris
1526 2310 1705 2336 comminislro

956 2347 993 2374 N.
1009 2347 1173 2383 Gennadius,
1189 2355 1212 2376 et
1230 2359 1286 2386 qua:
1304 2352 1331 2378 in
1346 2353 1446 2380 Christi
1461 2359 1567 2381 ornante
1584 2357 1654 2390 regia
1667 2357 1705 2383 ri-

955 2393 1036 2420 vitate
1046 2391 1277 2431 Constantinopoli
1284 2405 1349 2424 nova
1357 2395 1450 2431 Roma,
1463 2405 1553 2426 coacta
1562 2406 1600 2427 est
1611 2404 1704 2429 saucia

953 2440 1068 2474 synodus

953 2487 1020 2513 Cum
1046 2487 1177 2516 Dominus
1201 2493 1228 2516 et
1250 2485 1320 2518 Deus
1350 2490 1475 2518 Salvator
1501 2497 1594 2519 noster
1623 2491 1703 2519 .lesus

916 2531 1043 2560 Christus
1073 2534 1124 2568 72
1153 2535 1211 2562 suis
1236 2535 1378 2570 discipulis
1404 2536 1541 2571 Evangelii
1570 2538 1701 2572 praedica-

917 2578 1017 2605 tionem
1031 2580 1201 2613 credidisset|
1216 2589 1316 2615 eosque
1332 2590 1380 2616 per
1393 2582 1548 2610 universum
1566 2588 1700 2610 terrarum

915 2624 1007 2650 orbem
1022 2624 1092 2651 inter
1110 2625 1234 2654 homines
1251 2627 1283 2654 ad
1295 2627 1447 2655 docendum
1462 2629 1591 2660 misisset.
1607 2633 1701 2663 aperte

913 2668 1003 2703 jussit,
1016 2675 1044 2696 ut
1060 2672 1132 2705 quod
1147 2673 1232 2707 gratis
1247 2673 1426 2708 accepissent,
1441 2675 1481 2701 eis
1495 2682 1605 2709 quoque
1615 2674 1699 2708 gratis

913 2715 1019 2747 darent,
1033 2724 1084 2742 non
1098 2724 1206 2750 aurum,
1220 2717 1259 2744 vel
1271 2723 1425 2753 argentum,
1439 2723 1486 2745 aut
1501 2719 1568 2745 alias
1586 2719 1699 2745 omnino

913 2763 1067 2790 maleriules
1077 2770 1102 2790 et
1112 2768 1233 2792 terrenas
1247 2764 1389 2792 facultates
1403 2774 1450 2799 pro
1460 2766 1499 2792 eis
1512 2765 1696 2799 aequircntes.

912 2807 1075 2836 leestibus
1099 2809 1171 2836 enim
1199 2814 1226 2837 et
1246 2810 1438 2844 spit‘itttuiibus
1463 2810 1542 2837 donis
1567 2809 1640 2836 nulla
1656 2812 1698 2836 est

1515 2913 1552 2941 17
