1951 3081
231 153 282 185 5‘33

810 153 940 183 PHOTII
959 153 1213 184 PATRIARCHIE
1236 153 1291 184 ΟΡ.

1798 151 1844 184 521,

229 217 292 239 eum
312 208 429 236 terrenis
453 212 481 235 et
505 206 699 242 temporalibus
728 208 907 234 mutuationis
930 208 1009 235 ratio.

1072 208 1118 244 γὰρ
1131 205 1203 235 εἶναι
1232 207 1287 234 τῶν
1304 207 1473 243 ἐπουρανίων
1497 207 1544 234 καὶ
1560 206 1753 242 πνευματικῶν
1773 215 1844 243 χαρι-

231 256 288 284 Hoc
305 259 396 282 autem
412 258 577 289 praeceptum
596 261 650 280 non
667 253 756 281 solum
780 253 843 286 illis,
864 254 910 281 sed
931 255 1014 281 etiam

230 300 310 328 nobis
331 307 378 334 per
400 299 461 326 illos
479 298 564 330 dedit,
583 305 652 332 quos
677 298 703 324 in
730 297 838 324 illorum
863 298 976 332 gradum
988 302 1016 326 et

229 346 317 372 locum
331 344 496 372 substituere
509 344 636 378 dignatus
649 348 708 370 est:
723 347 751 370 et
764 347 881 378 oportet,
894 344 965 371 sicut
977 343 1014 370 illi

229 396 304 425 tunc,
319 399 369 419 nos
384 398 494 425 quoque
521 397 593 417 nunc
606 394 733 417 accurate
751 394 776 417 et
798 389 940 424 diligenter
957 397 1015 417 ser-

229 444 308 468 vare,
334 444 384 463 nec
399 436 426 463 in
443 437 476 463 iis
503 434 660 462 ratiocittari
684 435 832 469 sophistica
857 435 1013 469 calliditate,

229 487 279 508 nec
295 480 381 507 aleam
397 479 577 514 periculosam
596 478 687 513 jacere
704 488 711 506 :
727 478 830 510 Gratis,
856 480 953 514 inquit,
970 488 1016 507 ac-

230 527 346 560 cepistis,
361 525 444 560 gratis
460 525 540 558 date,
564 533 614 552 non
630 525 792 559 possidentes
806 533 840 551 (ει
851 545 857 556 ,
874 533 954 560 neque
967 534 1016 552 au-

230 580 301 604 rum,
315 579 395 606 neque
407 576 545 606 argentum
560 571 587 597 in
603 571 677 598 zonis
690 571 783 598 vestris
795 571 828 598 ⁶¹.
841 571 960 606 Simplex
974 575 1016 599 est

229 622 256 644 et
273 622 364 651 aperta
380 615 461 649 hujus
479 614 599 642 mandati
614 615 694 646 ratio,
710 622 771 650 quae
791 615 858 642 nihil
874 615 955 643 habet
968 623 1016 642 va-

230 662 312 693 rium,
330 660 397 687 nihil
413 659 552 694 quod,‘_non
568 660 604 686 sit
622 658 701 687 facile
712 663 739 686 et
755 659 930 694 explicatum.
948 659 1016 686 nihil

230 707 304 742 quod
323 705 474 740 sophistica
495 705 667 739 expositione
683 708 772 740 egeat.
796 705 817 731 Δ
841 713 893 737 me,
917 705 1015 740 inquit,

232 752 378 786 accepistis
389 751 549 786 dignitatem
573 750 729 778 sacerdotii.
746 749 774 778 Si
794 751 860 778 mihi
887 759 936 786 pro
958 752 1018 785 ipso

230 806 327 833 parum
342 797 407 833 quid
427 797 469 824 vel
494 804 623 831 magnum
650 796 783 829 solristis,
810 801 836 824 et
859 797 911 824 hoc
933 804 948 824 a
975 804 1018 825 me

230 843 371 871 venditum
392 848 445 876 est,
467 850 516 870 vos
531 850 641 877 quoque
660 843 750 877 ipsum
766 843 827 870 aliis
843 843 950 870 vendite
965 852 971 870 :
994 843 1017 871 si

1069 254 1181 289 σμάτων
1197 253 1315 288 ἀμοιϐὴν
1330 254 1365 280 τὰ
1377 253 1466 288 γεηρὰ
1479 254 1525 280 καὶ
1538 253 1669 288 ἐπίκηρα.
1684 253 1789 289 Ταύτην
1801 253 1845 288 τὴν

1066 298 1175 334 ἐντολὴν
1190 299 1221 326 οὐ
1243 299 1323 334 μόνον
1339 299 1464 330 ἐκείνοις,
1477 298 1545 325 ἀλλὰ
1556 299 1603 325 καὶ
1619 299 1684 334 ἡμῖν
1697 298 1730 325 δι’
1744 299 1845 325 ἐκείνων

1065 345 1232 375 ἐντέταλται,
1252 343 1298 376 οὓς
1313 344 1352 375 είς
1366 343 1411 370 τὸν
1426 344 1537 370 ἐκείνων
1550 344 1653 379 βαθμὸν
1667 353 1697 370 τε
1712 344 1760 370 καὶ
1770 345 1846 371 τόπον

1067 391 1264 424 ὑπεισαγαγείν
1287 389 1451 424 κατηξίωσε.
1470 390 1524 416 Καὶ
1545 389 1585 416 δεῖ
1610 389 1737 425 καθάπερ
1755 390 1845 416 ἐκεῖνοι

1066 435 1143 468 τότε,
1174 435 1222 462 καὶ
1250 435 1323 470 ἡμᾶς
1353 435 1400 462 νῦν
1429 435 1550 471 ἀκριϐῶς
1577 435 1721 470 φυλάττειν
1749 443 1778 461 τε
1805 435 1848 461 καὶ

1066 483 1245 518 παρατηρεῖν,
1255 483 1300 508 καὶ
1313 482 1350 518 μὴ
1360 482 1516 517 σοφίζεσθαι
1524 482 1557 509 τὰ
1565 483 1710 516 ἀσόφιστα,
1726 481 1790 517 μηδὲ
1804 481 1848 508 κύ-

1067 526 1113 553 ϐον
1144 527 1325 562 ἀναρριπτεῖν
1357 527 1537 554 ἐπικίνδυνον.
1564 527 1680 561 Δωρεὰν
1712 527 1848 559 ἐλάϐετε,

1066 572 1143 607 φησὶ,
1159 572 1273 606 δωρεὰν
1293 572 1362 600 δότε
1375 581 1382 589 ·
1408 573 1450 608 μὴ
1468 572 1624 607 κτήσησθε
1644 573 1761 607 χαλκὸν
1777 573 1847 607 μήτε

1066 617 1209 652 ἄργυρον,
1234 618 1311 652 μήτε
1339 618 1457 652 χρυσὸν
1476 619 1520 651 είς
1545 619 1599 652 τὰς
1628 618 1721 651 ζώνας
1753 618 1848 653 ὑμῶν’

1066 663 1168 696 ἁπλοῦς
1183 663 1229 690 καὶ
1245 664 1333 700 σαφὴς
1345 665 1359 690 ὁ
1372 664 1421 700 τῆς
1437 664 1547 699 ἐντολῆς
1558 664 1660 699 ταύτης
1677 664 1756 698 λόγος
1772 665 1850 697 ἐστὶν,

1065 709 1142 736 οὐδὲν
1164 710 1285 737 ποικίλον
1308 711 1376 745 ἔχων
1398 709 1457 736 οὐδὲ
1476 710 1648 744 δυσέφικτον,
1660 710 1720 737 οὐδὲ
1737 718 1851 744 σοφιστι-

1067 755 1117 790 κῆς
1125 755 1250 791 δεόμενον
1263 756 1428 792 ἐξηγήσεως.
1447 755 1513 791 Παρ¹
1532 755 1610 790 ἐμοῦ,
1629 756 1722 790 φησὶν,
1731 755 1851 788 ἐδέξασθε

1067 800 1098 828 τὸ
1115 801 1166 836 τῆς
1191 801 1395 837 ἀρχιερωσύνης
1420 801 1539 837 ἀξίωμα,
1568 802 1599 828 Et
1619 802 1668 837 μὲν
1690 802 1759 836 ὑπὲρ
1775 801 1853 828 αὑτοῦ

1071 847 1167 882 μικρὸν
1181 847 1198 883 ἢ
1218 847 1292 883 μέγα
1308 857 1334 874 τι
1347 848 1541 880 κατεϐάλεσθε,
1561 847 1609 874 καὶ
1632 847 1712 874 τοῦτο
1727 847 1790 882 ὑμῖν
1806 846 1852 873 πέ-

231 894 322 917 autem
347 889 432 924 gratis
456 889 613 923 accepistis.
637 895 686 916 vos
707 896 816 923 quoque
836 889 921 924 gratis
943 889 1015 917 date.

1072 877 1174 927 πραται
1189 877 1345 928 παρδὲμοῦ,
1357 893 1472 920 πωλεῖτε
1493 877 1542 919 καί
1563 892 1640 927 ὑμεῖς
1652 877 1755 926 ἑτέροις
1781 890 1853 917 αὐτό.

230 935 302 968 Quid
332 934 383 961 hoc
405 938 447 961 est
470 933 600 960 mandato
628 933 766 967 apertius?
788 933 857 966 Quid
879 939 967 962 autem
984 935 1018 963 iis

1072 937 1142 965 Είδὲ
1162 938 1266 973 δωρεὰν
1288 939 1428 973 εἰλήφατε,
1443 938 1502 964 δότε
1527 938 1573 964 καὶ
1591 938 1669 971 ὑμεῖς
1695 936 1808 971 δωρεάν.
1823 936 1855 962 Τί

231 981 277 1016 qui
292 984 404 1014 parent,
419 979 530 1006 utilius?
542 978 586 1006 Vua
601 978 653 1005 illis
668 986 761 1005 revera
777 979 821 1013 qui
848 979 894 1007 Dei
917 981 1019 1008 donttm

1072 983 1121 1018 τῆς
1137 983 1247 1018 ἐντολῆς
1262 983 1363 1018 ταύτης
1381 983 1566 1018 σαφέστερον;
1583 982 1649 1008 τίδὲ
1665 982 1720 1013 τοῖς
1744 980 1856 1016 πειθαρ-

231 1026 382 1061 acquirere,
401 1025 441 1051 vel
459 1024 523 1051 illud
538 1031 588 1058 pro
605 1024 719 1057 pecunia
734 1024 798 1051 dare
809 1024 835 1052 in
845 1025 966 1052 animum
981 1027 1020 1053 in-

1074 1028 1152 1064 χοῦσι
1168 1029 1405 1064 λυσιτελέστερον;
1418 1029 1486 1056 Οὐαὶ
1506 1028 1544 1064 τῷ
1564 1028 1621 1054 ὅντι
1635 1028 1691 1059 τοῖς
1709 1026 1857 1062 κτήσασθαι

229 1073 344 1099 ducunt.
356 1071 383 1098 in
397 1070 430 1097 fel
444 1071 516 1097 cnitn
532 1069 723 1096 amaritudinis
733 1074 761 1096 et
776 1070 912 1098 vinculum
925 1071 1020 1107 iniqui-

1077 1073 1125 1108 τὴν
1135 1073 1182 1099 τοῦ
1200 1073 1267 1100 Θεοῦ
1291 1073 1405 1108 δωρεὰν,
1419 1073 1435 1108 ἢ
1457 1073 1555 1099 διδόναι
1570 1071 1672 1105 ταύτην
1686 1071 1730 1097 διὰ
1753 1071 1858 1106 χρημά-

231 1118 295 1144 tatis
307 1118 336 1149 ii,
344 1117 420 1151 juxta
430 1116 516 1143 sancti
526 1115 598 1142 Petri
610 1116 772 1143 sententiam
783 1116 817 1148 ³³,
830 1124 844 1142 a
854 1124 902 1143 sua
919 1118 1020 1144 malitia

1074 1126 1128 1144 των
1145 1118 1320 1153 ὑπειληφόσιν
1334 1119 1340 1145 !
1357 1119 1395 1150 εἰς
1408 1118 1463 1151 γὰρ
1477 1118 1557 1152 χολὴν
1584 1116 1697 1152 πικρίας
1726 1116 1772 1142 καὶ
1799 1115 1859 1142 σύνο

229 1161 422 1198 comprehcnsi
437 1166 509 1188 sunt.
526 1161 601 1188 Unde
614 1166 641 1188 et
657 1165 815 1188 sanctorum
838 1166 865 1188 et
880 1162 1020 1190 beatorum

1076 1163 1173 1198 δεσμον
1192 1165 1297 1196 ἀδικίας
1311 1165 1335 1190 οἱ
1350 1164 1465 1190 τοιοῦτοι
1489 1163 1559 1189 κατὰ
1582 1163 1631 1198 τὴν
1656 1162 1790 1196 ἀπόφασιν
1813 1161 1859 1188 τεῦ

232 1209 342 1236 Patrum
359 1211 460 1235 sancta:
476 1214 580 1242 magna:
599 1207 694 1242 synodi
715 1207 890 1234 meumenica:
909 1208 1020 1235 Chalce-

1078 1209 1155 1243 ἁγίου
1185 1210 1288 1244 Πέτρου
1320 1210 1482 1245 ὑπάρχουσι,
1499 1208 1696 1243 συλληφθέντες
1727 1207 1779 1234 ὑπὸ
1811 1208 1860 1241 τῆς

232 1257 303 1283 done
311 1258 480 1289 congregata:
490 1253 555 1280 huic
566 1253 617 1288 legi
629 1253 774 1280 Dominicae
784 1253 836 1288 73
848 1254 973 1281 convenit
981 1262 1020 1281 ca-

1079 1255 1184 1282 ὲαυτῶν
1196 1256 1386 1291 φιλαργυρίας.
1407 1255 1487 1282 Ὀθεν
1504 1255 1550 1282 καὶ
1568 1255 1622 1280 τῶν
1646 1253 1727 1281 ὁσίων
1744 1255 1790 1280 καὶ
1807 1262 1859 1289 μα-

231 1309 299 1333 non,
311 1300 357 1336 qui
372 1299 411 1327 sic
424 1307 439 1326 a
455 1299 534 1326 nobis
549 1303 642 1333 aperte
656 1298 750 1326 iisdem
761 1299 850 1326 verbis
867 1299 956 1326 editus
971 1303 1020 1327 est.

1079 1302 1181 1336 καρίων
1195 1301 1323 1336 Πατέρων
1337 1301 1390 1328 τῶν
1401 1302 1449 1336 τῆς
1465 1301 1544 1334 ἁγίας
1562 1300 1610 1326 καὶ
1626 1299 1747 1334 μεγάλης
1764 1299 1809 1325 καὶ
1823 1299 1854 1325 οι

231 1345 396 1381 κουμενικῆς
412 1344 520 1371 συνόδου
536 1344 587 1379 τῆς
602 1345 631 1370 ὲν
646 1343 798 1379 Χαλκηδόνι
825 1344 1021 1379 συναχθείσης,
1042 1345 1081 1379 τῷ
1111 1346 1267 1382 Δεσποτικῷ
1294 1346 1380 1381 τούτῳ
1412 1345 1487 1380 νόμῳ
1503 1344 1622 1380 συνᾴδων
1643 1345 1658 1370 δ
1679 1344 1742 1379 περὶ
1767 1343 1861 1370 τούτου

235 1391 336 1424 κανὼν,
355 1391 421 1425 ἡμῖν
446 1389 540 1423 σαφῶς
563 1390 662 1416 οὑτωσὶ
690 1390 794 1423 λέξεσιν
818 1389 912 1421 αὑταῖς
935 1391 1137 1426 ὲκπεφὼνηται.

268 1437 296 1464 Si
306 1437 368 1472 quis
376 1436 519 1471 episcopus
530 1436 662 1470 pecuniis,
672 1441 736 1468 ctc.,
746 1441 773 1463 ιιι
783 1445 873 1471 supra.
888 1445 949 1472 pag.
960 1437 1022 1464 515.

268 1481 455 1508 Pulcherrima
471 1485 497 1507 et
513 1480 591 1508 valde
607 1481 649 1514 pia
664 1485 727 1508 sunt
741 1481 822 1515 hujus
837 1482 950 1509 canonis
961 1490 1024 1510 san-

1112 1438 1146 1464 Εἴ
1157 1447 1199 1470 τις
1208 1438 1356 1469 ἐπίσκοπος
1369 1438 1415 1464 ὲπὶ
1431 1438 1563 1473 χρήμασι,
1577 1445 1605 1463 κ.
1619 1445 1644 1462 τ.
1659 1435 1684 1462 λ.

1112 1483 1250 1510 Κάλλιστα
1273 1483 1320 1510 καὶ
1344 1483 1404 1510 λίαν
1418 1482 1517 1517 εὐσεϐῆ
1525 1481 1572 1509 τοῦ
1584 1482 1695 1512 κανόνος
1710 1481 1764 1507 τῶν
1778 1480 1863 1514 ἁγίων

235 1530 344 1553 ctorum
367 1524 480 1552 Patrum
496 1529 641 1560 prteccpta,
659 1525 705 1560 qui
721 1533 831 1553 onmem
852 1526 1020 1555 invasionem

1076 1530 1205 1565 Πατέρων
1220 1529 1338 1565 ὑπάρχει
1359 1529 1393 1556 τὰ
1409 1528 1638 1564 παραγγέλματα,
1652 1527 1742 1553 πᾶσαν
1768 1526 1862 1560 ἔφοδον

234 1573 385 1600 satanicam
408 1571 628 1606 diabolicumque
650 1577 794 1604 conatum,
813 1572 860 1607 qui
880 1573 907 1599 in
921 1573 1020 1599 donum

1078 1577 1224 1611 σατανικὴν
1240 1576 1287 1602 καὶ
1300 1576 1355 1602 πᾶν
1375 1575 1528 1610 ἐγχείρημα
1546 1573 1698 1601 διαϐολικδν
1720 1572 1789 1599 κατὰ
1814 1573 1864 1607 τῆς

236 1618 379 1654 spirituale
404 1617 565 1650 intenditur,
591 1617 697 1651 repellit
719 1621 747 1644 et
779 1618 921 1644 rescindit.
943 1617 1020 1645 Nullo

1077 1623 1265 1658 πνευματικῆς
1281 1622 1432 1658 φερόμενον
1444 1622 1558 1657 δωρεᾶς,
1569 1620 1752 1655 ἀπωθούμενα
1768 1628 1799 1646 τε
1815 1620 1865 1647 καὶ

236 1664 309 1692 enim
324 1663 404 1689 modo
420 1663 476 1689 vult
490 1661 672 1688 or‘dinatienis
685 1661 884 1695 promotionem
899 1663 1020 1696 pecuniis

236 1713 283 1736 aut
297 1707 367 1739 ﬁeri,
383 1711 428 1734 aut
441 1705 553 1740 suscipi,
581 1712 632 1732 nec
646 1705 682 1731 ab
695 1713 728 1732 eo
742 1705 788 1740 qui
806 1705 880 1733 illam
902 1711 1021 1740 exercet,

237 1761 289 1781 nec
304 1753 339 1779 ab
355 1760 388 1779 eo
409 1751 455 1786 qui
473 1750 654 1778 ordinationis
676 1751 874 1785 promotionent
897 1753 997 1788 accipit
1013 1763 1021 1780 :

236 1800 283 1826 sed
308 1806 358 1826 nee
380 1803 444 1825 ante
456 1803 563 1831 tempus
588 1797 783 1830 ordinationis,
801 1805 850 1825 nec
868 1805 938 1833 post,
963 1800 1021 1826 dari

236 1844 367 1879 pecunias
381 1843 506 1871 concedit
521 1852 528 1870 :
545 1843 668 1870 omnium
683 1843 754 1870 enim
772 1843 799 1870 in
811 1844 863 1871 hac
874 1851 983 1879 quoque
995 1853 1023 1872 re

236 1897 298 1918 esse
309 1890 416 1921 sordes.
426 1897 626 1924 munerumque
635 1890 838 1925 corruptionem
853 1891 1022 1925 pronuntiat.

237 1936 374 1970 Quoniam
396 1941 487 1963 tamen
514 1936 547 1963 iis
567 1935 604 1963 ita
629 1939 721 1970 aperte
741 1936 895 1970 prohibitis,
912 1937 1022 1972 quidam

237 1987 301 2009 sunt
310 1982 337 2008 in
352 1981 508 2009 Galatarum
521 1980 640 2008 Ecclesia
650 1981 811 2015 deprehensi
823 1986 932 2016 propter
945 1986 1024 2017 turpe

238 2027 344 2054 lucrum
362 2031 389 2053 et
405 2026 548 2052 avaritiam
563 2025 621 2052 haec
633 2025 765 2053 salutaria
780 2031 808 2053 et.
823 2026 942 2054 humana
954 2035 1023 2062 prat-

236 2077 314 2107 cepta
328 2071 466 2106 negligere
479 2076 506 2098 et
515 2070 667 2106 transgredi
686 2079 693 2097 :
707 2078 738 2098 ea
753 2078 863 2106 quoque
875 2073 933 2106 ipsa
945 2073 1023 2100 nobis

238 2126 370 2146 renovare
387 2118 475 2145 visunt
489 2121 530 2145 est
542 2125 603 2144 cum
619 2117 670 2144 hac
684 2121 778 2144 sancta
793 2118 906 2153 synodo,
924 2126 984 2153 qua:
996 2119 1023 2146 in

238 2165 289 2191 hac
301 2169 430 2197 regnante
446 2169 515 2188 nova
536 2160 623 2188 Roma
652 2168 725 2188 nunc
740 2160 796 2196 agit
814 2170 821 2188 :
839 2167 867 2189 ut
878 2163 936 2190 sine
948 2164 1023 2190 omni

238 2209 346 2244 penitus
369 2207 537 2239 inventione,
559 2210 583 2233 et
604 2205 680 2233 omni
703 2211 848 2241 praetextu,
871 2207 1024 2242 callidoquc

238 2256 406 2284 cotntnento,
419 2251 529 2286 impiam
552 2251 623 2278 hanc
642 2255 669 2277 et
690 2251 824 2284 odiosam,
849 2260 910 2286 qua:
931 2253 1024 2280 nescio

239 2298 377 2334 quomodo
395 2297 421 2324 in
438 2296 627 2324 sanctissimas
644 2295 782 2324 Ecclesias
801 2298 895 2330 subiit,
913 2305 1026 2325 consue-

238 2343 360 2370 tudinem
386 2343 498 2370 omnino
526 2341 735 2375 exscindatnus;
769 2347 798 2368 ut
819 2349 880 2369 cum
902 2350 973 2377 pura
996 2349 1021 2370 et

239 2389 342 2424 absque
366 2389 418 2416 ulla
441 2387 639 2423 cauponatione
659 2395 754 2415 eorum
774 2387 821 2422 qui
848 2387 1021 2421 ordinantur,

238 2433 407 2462 renuntiatio
422 2434 456 2460 ab
468 2432 637 2460 antistitibus
660 2432 729 2460 facta
746 2431 841 2466 fuerit,
856 2433 942 2467 gratia
963 2433 1024 2468 Spi-

239 2481 310 2508 ritus
336 2479 422 2508 sancli
443 2486 560 2513 superne
574 2478 672 2506 veniat.
690 2477 795 2510 Quibus
810 2478 904 2505 nescio
924 2486 958 2506 an
976 2487 1024 2514 per

239 2528 384 2562 pecuniam
400 2524 598 2560 promotioncm
616 2522 790 2556 facientibus,
819 2527 846 2550 et
864 2531 946 2551 manu
968 2532 1024 2552 non

240 2579 307 2608 pure
327 2575 468 2607 operante,
493 2571 526 2598 ad
557 2578 620 2598 eum
641 2568 688 2605 qui
712 2573 888 2604 promovetur
909 2571 1024 2604 accedit,

238 2617 389 2646 secundum
405 2616 459 2652 74
476 2623 570 2644 vocem
587 2615 737 2651 Evangelii,
753 2619 780 2641 et
796 2622 852 2642 non
873 2616 964 2650 potius
984 2624 1026 2644 re-

238 2665 356 2692 trahitur
380 2663 467 2698 gratia
492 2662 579 2690 sancti
601 2661 730 2696 Spiritus.
754 2660 832 2687 Scias
853 2668 928 2696 ergo,
951 2670 967 2689 ο
984 2663 1025 2690 νὶι·

239 2709 445 2746 religi0sissime
465 2713 494 2735 et
507 2707 584 2735 omni
603 2714 635 2734 ex
652 2709 729 2741 parte
751 2705 933 2740 sanctissime,
951 2709 1024 2744 quod

239 2757 396 2792 quicunque
419 2754 501 2790 hujus
527 2752 671 2782 convictus
693 2751 774 2779 fuerit
796 2753 953 2789 episcopus,
982 2756 1024 2784 vel

239 2801 460 2836 chon-episcopus,
477 2799 518 2827 vel
542 2799 642 2831 viator,
666 2797 708 2824 vel
727 2797 878 2832 presbyter.
902 2800 942 2828 vel
965 2800 1024 2830 dia-

273 2858 294 2872 "
311 2856 407 2884 Matth.
420 2861 459 2885 ιιι
490 2855 517 2889 8,
530 2855 556 2882 9.
601 2854 624 2870 "
636 2853 695 2880 Act.
708 2859 768 2879 vni.
785 2853 831 2880 20.

1074 1669 1272 1697 ἀνακύπτοντα.
1288 1669 1325 1695 Οὑ
1346 1668 1469 1704 βούλεται
1493 1668 1548 1703 γὰρ
1573 1667 1699 1702 οὐδαμῶς
1725 1666 1769 1693 διὰ
1795 1673 1866 1700 χρη-

1077 1716 1170 1749 μάτων
1202 1714 1327 1749 γίνεσοαι
1340 1733 1347 1745 ,
1373 1713 1424 1749 τὴν
1453 1713 1588 1749 προϐολὴν
1611 1712 1662 1747 τῆς
1696 1711 1866 1747 χειροτονίας

1073 1760 1089 1794 ἢ
1106 1759 1295 1794 ὑποδέχεσθαι,
1314 1759 1376 1786 οὔτε
1401 1758 1477 1794 παρὰ
1496 1758 1543 1785 τοῦ
1563 1759 1665 1794 ταύτην
1678 1756 1867 1793 ἐνεργοῦντος,

1072 1804 1134 1832 οὔτε
1161 1805 1236 1840 παρὰ
1249 1804 1296 1831 τοῦ
1309 1805 1359 1839 τῆς
1383 1804 1550 1840 χειροτονίας
1569 1804 1619 1840 τὴν
1638 1801 1773 1839 προϐολὴν
1797 1801 1868 1829 ὑπο-

1071 1849 1219 1885 δεχομένου
1232 1858 1238 1864 ’
1256 1849 1313 1876 ἀλλ’
1336 1849 1396 1876 οὐδὲ
1412 1849 1466 1885 πρὸ
1491 1849 1538 1875 τοῦ
1555 1848 1651 1884 καιροῦ
1666 1848 1716 1882 τῆς
1741 1855 1869 1882 χειροτο-

1072 1894 1141 1927 νίας,
1167 1894 1227 1921 eoas
1253 1893 1321 1929 μετά
1336 1894 1382 1920 τὸν
1399 1894 1496 1929 καιρὸν
1524 1893 1573 1928 τῆς
1601 1891 1778 1928 χειροτονίας,
1803 1890 1870 1917 οὔτε

1073 1940 1143 1966 κατὰ
1159 1940 1204 1966 τὸν
1216 1940 1311 1974 καιρὺν
1326 1939 1407 1966 αὑτὸν
1421 1939 1469 1974 τῆς
1484 1938 1649 1974 χειροτονίας
1657 1937 1726 1972 ὑπὲρ
1738 1936 1788 1970 τῆς
1807 1945 1870 1971 χει-

1074 1984 1196 2020 ροτονίας
1213 1985 1341 2020 χρήματα
1357 1983 1475 2010 δίδοσθαι
1491 1984 1629 2019 συγχωρεῖ
1644 1991 1651 1998 ·
1667 1982 1783 2009 καθόλου
1807 1981 1868 2017 γὰρ

1073 2031 1122 2065 τὴν
1136 2031 1183 2057 ἐπὶ
1203 2030 1242 2065 τῷ
1264 2029 1407 2065 πράγματι
1437 2029 1525 2064 τούτῳ
1542 2028 1704 2064 δωροδοκίαν
1723 2027 1872 2061 ἀπέφησεν

1073 2076 1161 2111 ὅμως
1175 2075 1269 2110 ἐπειδὴ
1281 2075 1328 2101 νῦν
1339 2075 1426 2101 καίτοι
1437 2074 1578 2110 προδήλως
1593 2072 1694 2100 τούτων
1708 2071 1796 2102 οὕτως
1823 2079 1874 2097 κε-

1074 2121 1248 2156 κωλυμένων,
1261 2120 1443 2156 ἐφωράθησαν
1467 2128 1541 2150 τινες
1565 2118 1636 2145 κατὰ
1659 2118 1710 2153 τὴν
1734 2116 1872 2143 Γαλατῶν

1074 2165 1269 2200 ὀλιγωροῦντες
1290 2165 1337 2191 καὶ
1360 2164 1580 2200 παραϐαίνοντες
1592 2161 1627 2189 δι’
1641 2160 1875 2196 αἰσχροκέρδειαν

1075 2211 1121 2237 καὶ
1136 2209 1319 2246 φιλαργυρίαν
1330 2210 1365 2237 τὰ
1389 2211 1510 2245 σωτήρια
1523 2208 1608 2235 ταῦτα
1621 2207 1668 2234 καὶ
1688 2205 1878 2241 φιλάνθρωπα

1075 2257 1292 2292 παραγγέλματα
1309 2277 1316 2290 ,
1351 2256 1382 2283 εὖ
1409 2256 1483 2291 ἔχειν
1516 2254 1588 2286 ἔδοξε
1611 2252 1658 2279 καὶ
1683 2253 1749 2287 ἡμῖν
1765 2270 1774 2283 ,
1799 2251 1878 2277 αὺτᾶ

1075 2303 1161 2329 ταῦτα
1182 2303 1262 2330 πάλιν
1289 2301 1494 2330 ἀνανεώσασθαι
1517 2300 1586 2336 μετὰ
1614 2299 1664 2334 τῆς
1696 2296 1879 2332 ὲνδημούσης
1933 2327 1935 2330 γ

1039 2366 1060 2393 D
1076 2348 1155 2382 ἁγίας
1181 2349 1290 2375 συνόδου
1310 2350 1338 2375 ὲν
1362 2347 1448 2383 ταύτῃ
1462 2348 1495 2382 τῇ
1513 2344 1690 2382 βασιλευούσῃ
1705 2343 1754 2378 νέᾳ
1772 2341 1881 2393 ΪΡὼμῃ

1076 2393 1370 2425 Κωνσταντινουπόλει,
1388 2392 1459 2419 ὥστε
1480 2392 1542 2426 δίχα
1565 2390 1654 2425 πάσης
1689 2388 1880 2424 προφάσεως,
1933 2402 1935 2406 -

1076 2440 1123 2465 καὶ
1153 2439 1253 2470 παντὸς
1288 2438 1439 2473 σοφισμοῦ,
1468 2437 1517 2472 τὴν
1549 2436 1636 2471 ἀσεϐῆ
1663 2436 1710 2461 καὶ
1735 2433 1883 2469 βδελυρὰν

1077 2484 1180 2520 ταύτην
1212 2485 1261 2511 οὐκ
1289 2482 1338 2511 οἷδ’
1364 2485 1437 2515 ὅπως
1458 2481 1670 2509 ἐπεισελθοῦσαν
1694 2481 1755 2511 ταῖς
1782 2479 1882 2512 ἁγιω-

1078 2529 1173 2561 τάταις
1193 2530 1367 2566 Ἐκκλησίαις
1389 2529 1528 2560 παντελῶς
1554 2527 1683 2562 ἐκτεμεῖν
1697 2533 1705 2540 ⁸
1721 2526 1766 2552 ἵνα
1795 2525 1876 2559 ἀλη-

1080 2574 1134 2606 θῶς
1145 2574 1335 2610 ἁκαπηλεύτου
1351 2575 1399 2602 καὶ
1412 2575 1536 2610 καθαρᾶς
1549 2573 1625 2608 παρὰ
1637 2572 1691 2598 τῶν
1715 2571 1886 2607 ἀρχιερέων

1079 2621 1130 2656 τῆς
1160 2621 1208 2648 ἐπὶ
1230 2621 1283 2648 τῶν
1313 2621 1560 2658 χειροτονουμένων
1590 2618 1771 2654 ἀναρρήσεως
1802 2625 1888 2650 γινο-

1079 2666 1173 2702 μένης,
1191 2667 1293 2693 ᾶνωθεν
1317 2669 1333 2702 ἡ
1358 2667 1404 2694 τοῦ
1431 2667 1508 2701 ἁγίου
1531 2665 1690 2700 Πνεύματος
1702 2663 1786 2699 χάρις
1812 2663 1889 2688 ὲπι-

1077 2713 1166 2748 φοιτᾷ.
1183 2713 1216 2740 ’0
1243 2712 1291 2740 νῦν
1322 2722 1352 2748 γε
1383 2714 1432 2740 οὐκ
1451 2713 1520 2745 οἶδα,
1537 2713 1561 2739 εί
1582 2712 1626 2738 διὰ
1647 2710 1804 2745 χρημάτων
1829 2708 1891 2742 τὴν

1078 2759 1212 2795 προϐολὴν
1227 2760 1406 2795 ποιουμένων,
1421 2760 1468 2786 καί
1490 2759 1521 2785 οὐ
1545 2758 1595 2792 τῆς
1616 2756 1707 2792 χειρὸς
1739 2754 1892 2790 καθαρῶς

1079 2805 1253 2847 ἐνεργορσης,
1269 2807 1396 2842 ἐπιφοιτᾷ
1415 2806 1455 2842 τῷ
1479 2803 1712 2841 προχειριζομένῳ
1732 2799 1811 2828 κατὰ
1830 2799 1894 2833 sint
