1951 3081
102 169 150 202 525

501 171 697 202 SYNTAGMA
725 171 918 202 CANOXUM.
936 186 969 190 -
988 173 1062 203 TIT.
1080 173 1104 210 Ι,
1121 174 1198 204 CAP.
1221 175 1325 206 X-XlV.

1663 177 1716 209 526

102 228 188 264 φωνὴν
209 226 257 254 τοῦ
272 228 449 264 κηρύγματος
460 248 469 261 ,
491 229 538 255 καὶ
551 230 612 264 οὐχὶ
627 230 797 257 συστέλλεται
814 231 875 266 μᾶλ-

938 238 1040 264 conus,
1062 232 1103 258 vel
1126 232 1216 267 quivis
1242 233 1312 260 alius
1333 240 1366 260 ex
1386 239 1492 262 canone
1506 233 1550 262 vel
1566 241 1603 262 ex
1625 234 1714 269 laicis,

102 276 169 310 λονή
187 274 233 301 τοῦ
263 275 341 309 ἁγίου
353 275 513 309 Πνεύματος
529 277 619 311 χάρις.
652 276 822 303 Ἴσοιτοινυν
843 277 878 303 τὰ

102 322 183 348 πάντα
192 339 200 352 ,
215 321 407 348 Θεοσεσέστατε
419 329 425 337 ·
446 322 535 349 πάντα
547 322 592 349 τὸν
602 322 722 350 ὁντινοῦν
735 322 880 358 ἁλισκόμε-

101 375 141 392 νον
158 367 201 393 ἐπὶ
218 367 330 403 τοιούτῳ
351 369 405 394 τινὶ
428 368 586 400 ἐπίσκοπον,
603 368 619 403 ἦ
649 368 836 404 περιοδευτὴν,
863 369 880 403 ἦ

101 412 287 447 πρεσϐύτερον,
302 413 319 448 ἦ
334 414 466 447 διάκονον,
483 414 499 449 ἢ
522 414 600 441 ἄλλον
627 414 688 441 τινὰ
707 414 805 450 δήποτε
832 414 880 441 τοῦ

100 458 205 489 κανόνος
229 458 244 493 ἢ
270 458 384 492 λαῖκον,
415 460 496 495 κοινῷ
519 460 634 495 δόγματι
650 460 705 487 τῶν
732 460 881 496 ἀρχιερέων

100 503 308 538 κατακεκρῐσοαι
325 504 372 530 καὶ
397 505 473 539 κοινῇ
486 504 580 540 ψήφῳσ
595 504 686 536 καθὼς
703 505 766 540 περὶ
785 505 880 531 τούτου

99 548 167 574 καὶὸ
181 549 235 575 τῶν
259 549 345 583 ἁγίων
365 550 494 587 Πατέρων
508 550 599 577 κανὼν
617 551 722 585 φθάσας
745 550 878 578 διαλαλεῖ.

99 595 142 620 Δεῖ
165 594 218 629 γὰρ
237 592 307 622 εἶναι
326 595 406 630 χάριν
424 595 473 630 τὴν
493 596 582 630 χάριν,
600 595 648 622 κοιλ⁴
670 595 795 631 μηδαμοῦ
815 596 880 630 παρ’

99 641 163 675 αὑτῇ
191 640 345 676 μεσιτεύειν
365 640 505 676 ἀργύριον.
520 641 611 667 Ἔστω
633 640 723 667 τοίνυν
745 640 794 667 καὶ
806 639 880 667 ἔστιν

98 688 297 723 ἀποκήρυκτος,
312 689 360 715 καὶ
374 688 465 724 πάσης
484 688 624 724 ἱερατικῆς
631 687 709 720 ἀξίας
723 697 753 714 τε
765 688 812 715 καὶ
826 687 882 714 λεια

98 734 220 769 τουργιας
238 734 386 770 ἀλλότριος,
407 735 454 760 καὶ
468 736 502 770 τῇ
515 733 622 770 κατάρᾳ
633 734 680 761 τοῦ
709 733 881 769 ἁναθὲματος

99 780 284 816 ὑποκείμενος,
300 781 314 807 ὅ
336 789 366 807 τε
395 779 511 807 κτᾶσθαι
536 779 638 814 ταύτην
664 779 708 806 διὰ
730 779 879 814 χρημάτων

97 827 227 861 οἰόμενος,
246 826 295 853 καὶ
310 827 323 852 ὁ
339 826 441 860 ταύτην
463 825 593 861 παρέχειν
607 826 652 851 ἐπὶ
674 826 811 860 χρήμασιν
827 825 878 851 ὐπ-

98 872 278 907 ιπχνούμενος,
308 872 362 898 εἴτε
392 871 521 906 κληρικὸς
543 871 597 898 εἴτε
626 871 720 902 λαῖκὺς
741 871 798 906 εἴη,
827 871 879 897 κᾶν

937 277 1078 304 communi
1093 277 1245 305 antistitum
1263 278 1382 311 decreto,
1395 280 1590 315 communique
1603 285 1714 308 senten-

933 322 970 349 tia
981 323 1179 350 condemnatus
1189 328 1240 355 est,
1250 324 1320 351 sicut
1333 324 1367 351 de
1377 325 1427 351 hoc
1437 332 1547 359 quoque
1555 329 1714 353 sanctorum

932 367 1045 395 Patrum
1061 369 1220 402 praecedens
1241 376 1329 396 canon
1350 370 1481 404 loquitur.
1505 370 1618 405 Oportet
1640 371 1714 398 enim

932 414 1048 448 gratiam
1071 421 1180 449 semper
1204 422 1265 442 esse
1286 415 1411 449 gratiam,
1430 420 1457 442 et
1478 421 1620 450 argentum
1643 416 1715 451 apud

932 467 993 486 eam
1015 467 1187 494 nequaquam
1209 460 1388 488 intercedere.
1407 460 1449 488 Sit
1471 469 1535 496 ergo
1546 455 1574 488 et
1586 461 1621 488 ab
1640 462 1714 488 omni

933 506 1094 532 sacerdotali
1112 505 1245 539 dignitate
1256 510 1283 533 et
1300 506 1454 534 ministerio
1473 507 1592 539 alienus,
1606 512 1633 536 et
1648 515 1716 534 ana-

932 550 1059 578 thematis
1085 550 1146 578 loco
1166 551 1316 585 subjectus,
1342 552 1390 586 qui
1412 556 1438 579 et
1461 559 1491 579 se
1511 559 1560 587 per
1581 553 1715 588 pecunias

932 596 1076 630 acquirere
1093 596 1245 627 existimat,
1270 601 1296 623 et
1321 598 1367 632 qui
1391 605 1450 624 eam
1475 598 1599 632 pecuniis
1614 599 1716 625 habere

930 641 1084 675 pollicetur,
1107 641 1165 668 sive
1181 642 1218 669 sit
1238 642 1363 675 clericus,
1387 644 1445 670 sive
1469 643 1565 676 laicus,
1589 644 1647 672 sive
1662 644 1715 671 ltoc

931 684 1020 712 facere
1037 685 1225 718 convincatur,
1239 686 1298 713 sive
1308 695 1360 714 non
1374 696 1381 714 :
1398 687 1460 722 quia
1475 687 1531 715 ﬁeri
1547 696 1599 715 non
1611 693 1713 722 potest,

931 734 961 757 ut
983 730 1146 758 conveniant
1168 739 1228 766 quae
1250 732 1397 760 convenire
1425 737 1583 768 nequeunt.
1614 741 1664 761 nec
1684 739 1714 762 ut

931 784 1086 803 mammona
1103 776 1157 804 Dco
1176 778 1345 810 consentiat;
1360 779 1402 806 vel
1424 783 1454 806 nt
1470 779 1516 814 qui
1533 780 1557 806 ei
1569 776 1712 813 serviunt,

931 820 986 848 Deo
1000 823 1130 849 serviant.
1147 822 1254 850 Domini
1276 828 1318 850 est
1337 825 1484 856 sententia,
1502 825 1545 852 cui
1561 825 1713 854 contradici

931 875 984 894 non
995 871 1084 901 potest
1095 877 1102 894 :
1112 866 1173 894 Non
1182 869 1290 902 potestis
1298 867 1354 895 Deo
1366 870 1463 896 servire
1473 875 1498 896 et
1509 878 1667 898 mammona
1679 871 1712 897 ".

96 903 238 952 ἐλξγχοιτο,
271 917 322 944 κᾶν
342 917 379 952 μὴ
394 903 532 952 ἐλέλξχοιτο
549 916 627 943 τοῦτο
650 903 794 944 ποιεῖν.ογὑ
821 916 875 950 γὰρ

938 911 985 939 \‘os
1019 912 1046 939 in
1064 913 1107 939 his
1128 920 1177 946 pro
1197 913 1299 941 \iribus
1319 914 1505 946 conﬁdentes,
1538 919 1564 942 et
1595 916 1634 942 eis
1655 923 1714 942 cre-

95 960 146 990 οἷόν
157 972 186 989 τε
202 962 420 998 συμῦιὸασοῆναε
433 971 498 989 ποτε
517 962 551 989 τὰ
570 962 724 997 ἀσύμϐατα,
739 961 798 988 οὑδὲ
815 961 874 996 Θεῷ

96 1009 272 1043 συμφωνῆσαι
292 1009 338 1035 τὸν
352 1009 495 1043 μαμωνᾶν,
510 1008 527 1043 ἤ
543 1009 605 1040 τοὺς
619 1007 706 1042 τούτῳ
732 1007 872 1033 δουλεύον-

94 1063 139 1085 τας
151 1054 290 1081 δουλεῦσαι
307 1055 376 1089 Θεῷ.
393 1055 544 1090 Δεσποτικὴ
566 1054 611 1080 καὶ
627 1053 695 1088 αὕτη
719 1054 793 1080 ἐστὶν
808 1053 875 1079 ἀπό-

94 1108 170 1134 φασις
180 1100 382 1135 ἀναμφίλεκτος
397 1108 404 1115 ·
420 1101 461 1126 Οὐ
479 1100 611 1128 δύνασθε
632 1099 692 1132 Θεῷ
719 1099 874 1126 δουλεύειν

93 1144 139 1170 καὶ
161 1144 297 1180 μαμωνᾷ.
322 1145 431 1175 Τούτοις
460 1144 672 1180 ἐπιθαῤῥοῦντες
702 1145 781 1179 ἡμεῖς
805 1143 874 1170 κατὰ

92 1188 211 1224 δύναμιν,
234 1190 280 1216 καὶ
303 1190 408 1221 τούτοις
429 1190 587 1221 ὑπείκοντες
619 1190 686 1225 μετὰ
712 1189 758 1215 τοῦ
789 1189 874 1215 ταῦτα

93 1235 227 1269 φήσαντος
254 1235 326 1262 κατὰ
352 1234 406 1262 τῶν
438 1235 524 1262 ταῦτα
547 1235 798 1270 παρανομούντων,
823 1234 873 1269 τὴν

90 1280 224 1314 ἀτώφασιν
247 1280 430 1315 πεποιήμεθα.
442 1280 614 1316 Φροντισὰτω
628 1280 656 1306 δὲ
669 1280 716 1306 καὶ
728 1280 744 1314 ὴ
758 1279 791 1314 σὴ
804 1280 874 1306 ὁσιό-

91 1333 137 1359 της
149 1324 236 1352 ταῦτα
251 1325 296 1351 διὰ
309 1326 399 1360 πάσης
412 1326 612 1360 παραφυλακῆς
631 1325 790 1359 ποιουμένη,
805 1325 873 1359 δῆλα

91 1371 257 1406 καταστῆσαι
275 1371 308 1398 δι’
320 1372 503 1407 ἀντιγράφων,
516 1372 563 1398 καὶ
575 1372 630 1402 τοῖς
645 1371 696 1397 ὑπο
705 1371 735 1397 σὲ
751 1370 872 1405 Θεοφιλε-

92 1417 194 1449 ατάτοις
207 1417 370 1449 ἐπισκόποις
383 1418 430 1444 καὶ
443 1417 638 1453 περιοδευταῖς,
655 1417 702 1443 καὶ
715 1417 769 1447 τοῖς
784 1415 872 1446 ἄλλοις

91 1461 187 1489 ἆπασιν
198 1470 205 1476 ·
221 1463 267 1488 ἵνα
283 1463 311 1488 ὲν
327 1463 366 1488 ἐνὶ
390 1462 525 1497 πνεύματι
546 1462 594 1488 καὶ
615 1462 664 1497 μιᾷ
684 1461 756 1497 ψυχῇ
770 1460 871 1492 πάντες

929 957 1034 989 dentes,
1048 966 1109 985 cum
1127 966 1160 986 eo
1173 960 1218 993 qui
1234 959 1292 986 haec
1306 959 1385 990 dixit.
1409 960 1542 987 adversus
1557 967 1604 988 eos
1621 961 1667 994 qui
1683 961 1710 987 in

927 1004 962 1031 iis
978 1009 1101 1039 peccant,
1127 1004 1287 1031 sententiam
1309 1004 1482 1039 protulimus.
1499 1005 1556 1032 Tua
1578 1006 1712 1034 sanctitas

927 1055 1020 1075 curam
1034 1054 1119 1084 gerat,
1143 1050 1217 1076 omni
1239 1050 1358 1078 adhibita
1385 1051 1535 1086 diligentia,
1549 1056 1577 1078 ut
1591 1051 1647 1078 hanc
1663 1059 1711 1086 per

929 1095 1093 1130 transcripta
1108 1096 1276 1129 exemplaria
1295 1087 1471 1123 innotescant
1490 1102 1517 1123 et
1529 1097 1710 1124 sanctissimis

928 1140 1064 1175 episcopis
1075 1141 1120 1175 qui
1138 1141 1185 1168 tibi
1205 1141 1333 1174 subsunt,
1357 1147 1384 1169 et
1398 1142 1594 1177 περιοδευταῐς,
1609 1148 1633 1169 et
1649 1142 1709 1169 aliis

928 1186 1056 1213 omnibus
1072 1195 1079 1213 :
1095 1192 1124 1213 ut
1139 1187 1166 1213 in
1184 1194 1240 1214 uno
1267 1188 1364 1222 spiritu
1383 1192 1409 1214 et
1426 1195 1479 1215 una
1501 1187 1592 1214 anima
1613 1195 1710 1215 omnes

927 1232 1010 1258 sintut
1033 1233 1179 1267 constipati
1199 1233 1348 1261 Christiani
1375 1233 1507 1260 adversus
1533 1240 1708 1261 communem

928 1277 1083 1311 inimicum,
1100 1278 1147 1305 Dei
1161 1279 1274 1311 autilio,
1288 1279 1425 1314 possimus
1440 1279 1563 1306 avaritiae
1579 1279 1708 1312 radicem.

926 1331 987 1358 qua:
996 1324 1030 1350 ab
1045 1324 1091 1351 illo
1104 1325 1130 1351 in
1147 1325 1227 1351 nobis
1242 1325 1321 1351 insita
1331 1329 1383 1355 est,
1398 1332 1461 1352 cum
1474 1325 1603 1352 omnibus
1613 1331 1708 1352 eorum

925 1369 1061 1397 malorum
1093 1369 1262 1405 germinibus
1297 1370 1467 1398 exscindere.
1499 1369 1614 1397 Omnem
1648 1377 1710 1405 qua:

926 1420 1015 1442 tecum
1028 1418 1069 1443 est
1081 1415 1108 1442 in
1117 1415 1227 1443 Christo
1235 1415 1433 1450 fraternitatem
1445 1416 1608 1444 salutamus.
1620 1415 1709 1443 Fortis

924 1468 955 1488 ex
960 1461 1058 1488 sistens
1066 1461 1092 1488 in
1101 1461 1219 1493 Christo,
1228 1469 1275 1487 ora
1283 1468 1332 1496 pro
1342 1461 1429 1493 nobis,
1435 1461 1606 1489 sanctissime
1612 1461 1707 1489 frater.

89 1507 152 1541 ὁμοῦ
166 1509 326 1543 Χριστιανοὶ
349 1507 576 1543 συμφραξάμενοι
594 1506 666 1534 κατὰ
691 1507 738 1534 τοῦ
765 1506 855 1533 κοινοῦ
879 1505 1036 1541 δυσμενοῦς,
1063 1506 1216 1541 ἰσχύσωμεν
1237 1506 1284 1533 σὺν
1301 1505 1360 1541 Θεῷ
1381 1507 1431 1542 τὴν
1456 1507 1502 1533 ὑπ’
1529 1507 1634 1533 ἐκείνου
1656 1516 1709 1542 φυ-

89 1554 223 1581 τευθείσαν
234 1555 265 1581 ὲν
275 1555 340 1589 ἡμῖν
352 1555 400 1589 τῆς
414 1554 596 1589 φιλαργυρίας
605 1554 693 1590 ῥίζαν,
705 1553 763 1588 ἅμα
771 1553 854 1580 πᾶσιν
865 1552 948 1588 αὑτῆς
964 1553 1017 1579 τῶν
1025 1553 1118 1580 κακῶν
1134 1554 1190 1585 τοῖς
1209 1553 1396 1588 βλάστημασιν
1411 1554 1546 1587 ἐκτεμεῖν.
1559 1554 1651 1580 [πᾶσαν
1657 1554 1707 1588 τὴν

89 1601 135 1628 σὺν
146 1603 185 1629 σοὶ
197 1603 226 1630 ὲν
236 1602 348 1638 Χριστῷ
360 1602 525 1638 ἀδελφότητα
536 1601 786 1637 προσαγορεύομεν.
803 1599 973 1634 Ἐρῤωμένος
986 1600 1014 1625 ὲν
1023 1599 1117 1635 Κυρίῳ
1130 1599 1280 1634 ὑπερεύχου
1292 1598 1379 1633 ἡμῶν,
1395 1598 1585 1632 Θεοφιλέστατε
1597 1599 1706 1634 ἀδελφέ.

120 1647 261 1680 Γεννάδιος
287 1649 437 1680 ἐπίσκοπος
461 1647 790 1678 Κωνσταντινουπὸλεως,
808 1645 872 1676 νέας

95 1692 200 1729 Ῥώμης
214 1693 373 1729 ὑπέγραψα.

127 1782 305 1814 ’Δναστάσιος
332 1782 480 1814 ἐπίσκοπος
509 1781 709 1818 μητροπολίτης
735 1781 870 1817 Ἀγκύρας

88 1826 123 1852 ὑπ

119 1873 250 1908 Εὑνόμιος
268 1873 466 1909 μητροπολίτης
478 1873 662 1908 Νικομηδείας
680 1873 728 1899 ὑπ.

117 1962 219 1997 Πέτρος
239 1963 444 1999 μητροπολίτης
456 1950 574 1995 Νικαίας
590 1964 637 1990 ὑπ.

120 2018 281 2054 Περγάμιος
310 2019 512 2056 μητροπολίτης
537 2018 700 2054 Ἀντιοχείας
719 2018 769 2054 τῆς
790 2019 868 2046 Πισι-

83 2062 138 2094 Bia;
150 2064 197 2091 ὑπ.

119 2109 225 2142 Παῦλος
246 2109 450 2146 μητροπολῐτης
464 2109 730 2146 Μαρκιανουπόλεως
741 2109 787 2136 ὑπ.

123 2201 274 2238 Νουνέχιος
292 2202 492 2237 μητροπολιτης
505 2201 666 2234 Λαοδικείας
686 2203 733 2229 ὑπ.

113 2292 216 2328 Πέτρος
235 2292 438 2328 μητροπολίτης
459 2293 591 2329 Γαγγρῶν
607 2293 654 2320 ὑπ.

116 2395 272 2430 Καρτέριος
287 2395 490 2430 μητροπολιτης
500 2395 738 2427 Κλαυδιουπόλεως
756 2395 803 2424 ὑπ,

119 2485 278 2521 Ἀγαπητδς
295 2486 496 2522 μητροπολίτης
515 2485 603 2513 Ῥόδου
615 2487 662 2513 ὑπ.

110 2584 285 2621 Ἐλευθέριος
301 2585 502 2620 μητροπολετης
514 2584 683 2620 Χαλκηδόνος
700 2585 747 2611 ὑπ.

111 2676 250 2710 Στέφανος
270 2676 470 2712 μητροπολιτης
489 2677 666 2712 Ἰεραπόλεως
691 2677 740 2712 τῆς
755 2677 863 2712 Εὐφρα-

79 2722 168 2756 τησεας
179 2723 228 2750 ὑπ.

111 2767 263 2804 Γρηγὸριος
281 2768 481 2804 μητροπολίτης
501 2768 746 2803 Ἀδριανουπόλεως
761 2770 807 2796 ὑπ.

110 2859 264 2890 Λουκιανὸς
282 2860 482 2896 μητροπολίτης
499 2859 587 2895 Βύζης
600 2860 647 2887 ὑπ.

109 2903 130 2918 ’³
151 2902 249 2930 Matth.
272 2911 308 2935 vr.
327 2904 372 2932 24.

963 1645 1017 1681 76
1027 1645 1184 1672 Gennadius
1192 1646 1335 1680 cpiscopus
1345 1644 1618 1680 ConSIantinopoleos
1630 1653 1708 1673 novat

886 1685 906 1712 Ο
924 1691 1018 1718 Roma
1032 1690 1197 1724 subscripsi.

947 1735 1536 1771 Joannesepiscopusmetropolcoslleraclea:
1544 1737 1704 1772 subscripsi.

954 1783 1114 1810 Anastasius
1136 1782 1281 1817 episcopus
1304 1781 1487 1816 metropolcos
1512 1784 1625 1818 Ancyra:
1639 1783 1706 1810 sub-

919 1828 1026 1862 scripsi.

955 1873 1104 1900 Eunomius
1118 1873 1262 1908 episcopus
1279 1873 1462 1908 metropolcos
1470 1873 1637 1902 Nicomediae
1644 1875 1705 1902 sub-

923 1921 1033 1955 scripsi.

956 1966 1052 1993 Petrus
1064 1965 1209 1999 cpiscopus
1226 1965 1408 2000 metropolcos
1421 1966 1516 1993 Nicmae
1529 1967 1688 2003 subscripsi.

958 2011 1115 2046 Pergamius
1131 2010 1276 2045 episcopus
1291 2012 1474 2046 metropolcos
1485 2012 1637 2041 Antiochia
1656 2013 1703 2041 Pi-

922 2057 998 2084 sidiae
1012 2056 1174 2090 subscripsi.

955 2102 1056 2129 Paulus
1067 2103 1211 2137 episcopus
1223 2101 1406 2136 metropolcos
1418 2101 1624 2137 Marcianopolis
1636 2102 1700 2130 sub-

921 2148 1028 2182 scripsi.

955 2193 1115 2222 Nuneclnius
1133 2194 1278 2228 episcopus
1293 2192 1473 2227 metropolcos
1483 2192 1624 2220 Laodicea:
1637 2193 1700 2220 sub-

920 2239 1028 2273 scripsi.

954 2285 1050 2311 Petrus
1069 2284 1215 2318 episcopus
1235 2283 1420 2318 metropoleos
1440 2282 1612 2316 Gangrorum
1634 2282 1685 2310 sub

917 2331 1025 2366 scripsi.

952 2389 1092 2418 Carterius
1116 2387 1259 2422 cpiscopus
1278 2385 1461 2420 metropolcos
1485 2384 1700 2420 Claudiopolita-

916 2444 1012 2464 norum
1029 2422 1189 2468 sbbscripsi.

950 2480 1087 2515 Agapetus
1117 2478 1262 2513 cpiscopus
1295 2476 1479 2511 metropolcos
1513 2475 1601 2503 Rhodi
1635 2477 1700 2504 sub-

916 2525 1024 2560 scripsi.
1082 2518 1089 2524 ’

954 2571 1131 2599 Eleuther-ius
1158 2570 1305 2605 cpiscopus
1322 2567 1505 2602 metropolcos
1518 2566 1698 2594 Chalcedonis

915 2618 1076 2646 subscripsi.

950 2626 1020 2646 bscn
1042 2626 1076 2646 sn.

950 2626 1106 2698 Stcpl‘mnns
1117 2662 1261 2696 cpiscopus
1278 2660 1460 2694 metropolcos
1474 2657 1625 2692 llicrapolis
1641 2656 1697 2684 Eu—

914 2709 1057 2746 phratesiac
1073 2707 1233 2742 subscripsi.

951 2755 1099 2790 Gregorius
1125 2754 1267 2788 cpiscopus
1294 2750 1474 2785 metropolcos
1505 2747 1696 2782 Adrianopolis

913 2801 1069 2835 subscripsi.

947 2847 1084 2876 Lucianus
1093 2848 1238 2883 episcopus
1250 2848 1430 2884 metropolcos
1438 2848 1515 2884 Byzae
1533 2844 1694 2893 subscripsi.
