1951 3081
105 177 158 210 529

141 236 275 270 Φωτεινὺς
290 237 439 271 ἐπίσκοπος
449 239 608 273 Βαϐυλῶνος
618 241 666 269 ὑπ.

140 282 323 317 Δύγουστῖνος
336 283 486 317 ἐπίσκοπος
500 284 565 318 νέας
579 286 743 322 Μαρκιανῆς
758 287 806 314 ὑπ.

148 372 276 406 Ἰωάννης
287 373 437 406 ἐπίσκοπος
450 374 622 408 Νικοπόλεως
645 375 792 412 Ἀρμενίας
811 376 857 404 ὑπ.

149 416 294 448 Ἰουλιανὸς
306 417 455 450 ἐπίσκοπος
470 418 550 446 Κώου
565 419 613 448 ὑπ.

140 504 295 537 Σαΰὸἀτιος
308 506 460 539 ἐπίσκοπος
484 507 653 543 ’Λγχιάλεως
666 508 715 536 ὑπ.

141 551 315 587 Στρατοκλῆς
330 552 481 585 ἐπίσκοπος
498 554 689 589 Προκοννήσου
710 555 758 582 ὑπ.

149 596 277 630 Ἰωάννης
293 597 443 631 ἐπίσκοπος
458 599 671 634 Τρανουπύλεως
687 600 736 627 ὑπ.

142 684 270 721 Μάξιμος
282 686 434 720 ἐπίσκοπος
447 688 552 724 Διδύης
564 690 614 718 ὑπ.

141 731 285 764 Θεόδωλος
294 733 443 767 ἐπίσκοπος
462 735 703 771 Τραϊανουπόλεως
716 737 768 765 ὑπ.

142 822 265 857 Μαρῖνος
285 823 435 858 ἐπίσκοπος
457 825 634 861 Ἐπιφανείας
648 827 697 855 ὑπ.

142 868 281 902 Βασίλειος
293 869 441 902 ἐπίσκοπος
455 872 657 909 Ἀλεξανδρείας
665 874 712 902 ὑπ.

147 914 272 950 Ἰωάννης
287 915 435 948 ἐπίσκοπος
446 917 648 953 Γερμανικείας
664 921 712 948 ὑπ.

142 960 261 996 Ἰνδιμος
277 960 428 994 ἐπίσκοπος
440 963 663 999 Εζρηνουπὸλεως
676 966 725 995 ὑπ.

139 1005 271 1041 Τιμόθεος
285 1006 434 1040 ἐπίσκοπος
455 1009 568 1045 Δολιχῆς
583 1010 630 1038 ὑπ.

137 1094 283 1128 Ποντιανὸς
296 1095 446 1130 ἐπίσκοπος
467 1097 634 1133 Ἀγαλασσοῢ
646 1099 693 1128 ὑπ.

136 1182 301 1218 Δοκιμάσιος
314 1183 463 1216 ἐπίσκοπος
477 1184 640 1221 Μαρωνείας
651 1186 700 1215 ὑπ.

136 1229 251 1262 Νοὸἰνος
267 1230 415 1263 ἐπίσκοπος
428 1231 556 1259 Διὸελτοῠ
569 1232 618 1260 ὑπ.

103 1285 148 1320 Τῷ
163 1287 200 1314 τὰ
211 1286 310 1314 πάντα
329 1287 480 1322 ἁγιωτάτῳ
487 1289 538 1316 καί
546 1291 760 1326 μακαριωτὰτῳ
768 1292 890 1329 ἀδελφῷ

138 1332 188 1359 καί
214 1331 438 1368 συλλειτουργῷ
460 1333 540 1368 κυρῷ
560 1334 702 1369 Ἀδριανῷ
726 1336 812 1371 πάπᾳ
834 1338 890 1373 τῆς

135 1377 341 1412 πρεσὸυτέρας
356 1378 470 1413 Ῥώμης
477 1379 621 1414 Ταράσιος
632 1381 758 1416 ἀνάξιος
769 1382 890 1412 ἐπίσκο-

134 1430 194 1456 πος
205 1424 554 1460 Κωνσταντινουπόλεως
565 1425 638 1460 νέας
645 1427 770 1462 Ῥώμης,
781 1429 816 1456 ὲν
830 1431 890 1457 Κυ-

131 1469 191 1502 ρίῳ
205 1469 329 1503 χαίρειν.

134 1515 301 1550 Πολυμερῶς
314 1516 363 1543 καὶ
389 1516 578 1552 πολυτρόπως,
603 1518 802 1555 εὖαγγελικῶς,
819 1521 876 1549 ἀπο

502 182 705 214 SYNTAGMA
722 183 917 216 CANONUM.
934 188 971 203 -—‘
984 185 1059 217 TIT.
1071 185 1096 223 I,
1113 185 1192 217 CAP.
1213 187 1318 218 XXIV.

908 242 936 272 Δ
982 241 1096 271 Pliotius
1111 243 1256 279 cpiscopus
1269 244 1414 281 Babylonis
1429 244 1589 280 subscripsit

1678 189 1735 221 530

981 289 1153 324 Augustinus
1189 290 1337 326 episcopus
1369 297 1447 318 novat
1479 290 1628 319 Marciana:
1662 292 1730 321 sub-

947 335 1055 370 scripsi.

980 379 1099 408 Joannes
1108 388 1251 416 eplscopus
1258 380 1417 417 Nicopoleos
1428 382 1562 410 Armeniae
1570 383 1728 418 subscripsi.

982 425 1074 462 [Forte
1087 425 1271 461 Scarphiensis
1296 430 1324 454 et
1348 426 1441 454 Graece
1463 427 1616 462 Σκαρφίων.
1631 427 1730 463 11Αιω.]

946 469 1071 499 Julianus
1086 473 1231 508 episcopus
1243 472 1358 500 Coensis
1373 473 1538 508 subscripsi.

982 516 1128 545 Sahbatius
1146 518 1291 553 cpiscopus
1303 518 1428 546 Anchiali
1445 519 1608 554 subscripsi.

979 559 1129 586 Stratocles
1144 559 1292 594 episcopus
1307 559 1476 588 Proconnesi
1492 561 1659 595 subscripsi.

980 601 1099 630 Joannes
1112 602 1257 638 episcopus
1269 603 1370 639 [Leum
1389 603 1614 639 Trajanapoleox}
1633 603 1731 631 Trani-

946 647 1039 681 poleos
1051 647 1215 682 subscripsi.

981 690 1115 720 Maximus
1129 692 1274 728 episcopus
1287 692 1378 728 Libya
1395 693 1559 728 subscripsi.

982 733 1156 763 Theodosius
1172 735 1317 770 episcopus
1331 735 1430 772 [Leun.
1454 735 1602 764 Theodotus
1630 736 1734 764 Trana-

944 777 1043 814 polm]
1055 777 1270 814 Trajanopoleos
1281 779 1440 814 subscripsi.

980 822 1101 850 Marinus
1115 824 1259 858 episcopus
1274 824 1433 858 Epiphania
1448 825 1610 860 subscripsi.

981 867 1100 896 Basilius
1114 869 1259 904 episcopus
1275 869 1447 897 Alexandriae
1462 871 1623 905 subscripsi.

909 909 931 937 Β
978 913 1097 942 Joannes
1111 915 1257 949 episcopus
1270 915 1450 943 Germaniciat
1466 916 1631 951 subscripsi.

979 958 1099 988 lndimus
1111 960 1257 996 episcopus
1267 961 1442 996 lrenopoleos
1459 962 1623 997 subscripsi.

980 1002 1139 1033 Timotheus
1154 1005 1301 1040 episcopus
1318 1004 1417 1042 [Leun.
1442 1005 1591 1041 Dotischiaz]
1605 1006 1732 1035 Dolicltes

943 1047 1106 1082 subscripsi.

979 1092 1122 1129 [Photinus
1142 1093 1291 1130 Agalam'.]
1307 1094 1474 1123 Fonteianus
1488 1096 1632 1131 episcopus
1647 1095 1730 1132 Saga-

943 1138 1008 1167 lassi
1021 1139 1183 1174 subscripsi.

976 1184 1149 1213 Docimasius
1163 1185 1308 1220 episcopus
1323 1184 1453 1213 Maroniaa
1469 1185 1621 1221 subscripsi
1631 1198 1639 1206 ι

976 1230 1034 1266 78
1045 1229 1159 1259 Iovinus
1171 1231 1316 1266 episcopus
1330 1231 1434 1259 Debelti
1452 1231 1614 1267 subscripsi.

944 1286 997 1314 Per
1017 1287 1106 1314 omnia
1124 1287 1292 1315 sanctissimo
1306 1292 1332 1315 et
1350 1288 1501 1316 beatissimo
1517 1289 1597 1323 fratri
1614 1292 1640 1316 et
1657 1296 1730 1316 com-

976 1331 1099 1359 minirtro
1125 1331 1245 1358 Adriano
1264 1339 1339 1366 papa
1362 1332 1475 1359 senioris
1494 1331 1584 1360 Rome
1603 1331 1729 1360 Tarasius

977 1374 1102 1409 indignus
1119 1375 1254 1409 episcopus
1267 1375 1539 1411 Constantinopoleos,
1559 1383 1630 1404 nova;
1642 1375 1730 1403 Romae

978 1418 1006 1446 in
1020 1418 1133 1446 Domino
1144 1417 1269 1447 salutem.

979 1515 1124 1544 Multil'arie
1139 1515 1288 1552 multisque
1306 1515 1406 1551 modis,
1424 1516 1581 1550 evangelise
1599 1517 1681 1546 simul
1702 1522 1732 1546 et.

99 1561 245 1593 στολικῶς,
260 1562 308 1588 καὶ
327 1563 488 1598 πατριακῶς
514 1564 710 1601 διδασκόμεθα,
732 1567 886 1605 ἀφιλάργυ-

950 1563 1090 1597 apostolico
1101 1567 1186 1599 atque
1200 1566 1315 1598 paterno
1322 1563 1465 1594 docemur,
1482 1563 1542 1591 sine
1555 1564 1671 1591 avaritia
1683 1565 1727 1591 ha-

101 1615 149 1642 ρον
160 1606 206 1633 τὸν
219 1606 319 1642 τρόπον
331 1607 405 1643 ἐχειν
419 1609 448 1635 ὲν
467 1610 500 1645 τῇ
517 1610 567 1645 τῆς
580 1611 732 1648 ἱερωσύνης
749 1613 888 1650 ἁγιστείᾳ,

98 1653 149 1680 καὶ
172 1652 211 1688 μὴ
235 1653 410 1688 χρυσίζεσθαι
434 1654 664 1692 ῆάργυρίζεσθαι
679 1659 696 1694 ἤ
710 1668 737 1686 τι
759 1663 888 1697 σφετερι-

99 1698 253 1731 ζεσθαιὲπὶ
269 1700 420 1736 χειροτονίᾳ
434 1702 535 1734 παντὸς
557 1703 697 1738 ίερατικοῦ
722 1706 831 1741 ἀνδρὸς,
849 1707 888 1740 ὡς

99 1742 278 1777 ὑποδείξομεν
292 1744 321 1769 ἐν
343 1745 404 1776 ταῖς
427 1745 719 1782 καθυποτεταγμέναις
744 1751 886 1786 χρήσεσιν,

99 1787 156 1815 ἀπό
164 1797 195 1814 τε
209 1789 352 1824 γραφικῶν
364 1789 525 1826 θεηγοριῶν,
539 1793 586 1819 καὶ
606 1795 748 1829 πατρικῶν
761 1796 890 1825 διδασκα-

100 1833 178 1862 λιῶν.
206 1835 238 1861 Οί
264 1835 319 1871 γὰρ
342 1835 513 1869 ἐπιτιθέντες
540 1839 644 1874 χεῖρας,
674 1841 811 1877 ὑπηρέται
842 1843 888 1870 τοῦ

100 1878 260 1915 Πνεῦματός
275 1882 355 1915 είσιν,
373 1882 433 1918 οὐχὶ
460 1884 562 1919 πρά-ται
576 1885 624 1912 τοῦ
642 1886 815 1923 Πνεύματος.
832 1890 888 1916 Δω-

101 1925 168 1959 ρεὰν
177 1926 232 1962 γὰρ
257 1926 443 1962 λαμϐάνοντες
461 1929 511 1965 τὴν
528 1930 608 1966 χάριν
632 1932 679 1959 τοῦ
711 1934 884 1969 Πνεύματος,

99 1971 205 2007 δωρεὰν
220 1972 337 2000 δίδοσθαι
349 1975 406 2005 toi;
433 1975 498 2011 παρ’
512 1977 603 2003 αὐτῶν
627 1979 885 2015 μεταλαμβάνουσιν

99 2017 285 2052 ἀπεφήναντο,
308 2020 341 2046 ἐκ
366 2021 416 2055 τῆς
430 2021 577 2057 Κυριακῆς
599 2024 692 2059 φωνῆς
711 2025 815 2061 ταύτην
837 2027 896 2062 τὴν

98 2062 307 2099 ἐλευθεριότητα
320 2065 471 2101 εἰληφότες.
483 2067 515 2093 El
527 2067 556 2094 δέ
570 2076 614 2100 τις
626 2069 768 2106 ἐλεγχθείη
781 2073 886 2108 χρυσίῳ

97 2108 202 2143 ταύτην
214 2109 401 2145 ὠνησάμενος,
417 2112 609 2149 ἁποκὴρυκτον
622 2115 813 2153 διαγορεύουσι
837 2120 884 2146 τὸν

96 2154 221 2181 τοιοῦτον
234 2155 284 2188 τῆς
299 2155 438 2191 ἱερατικῆς
451 2157 554 2190 τάξεως
564 2167 572 2175 ι
587 2160 634 2186 καὶ
649 2162 673 2187 εί
696 2162 744 2189 καὶ
767 2163 883 2198 ὀνόματι

96 2200 313 2236 τὴνιερωσύνην
329 2201 511 2239 κεκλήρωται,
538 2205 596 2232 ἀλλ’
611 2203 657 2233 οὖν
679 2207 854 2243 διαψεύδεται
871 2212 885 2237 ὁ

943 1609 1007 1636 berc.
1028 1615 1119 1637 mores
1142 1609 1170 1636 in
1187 1608 1334 1636 sacerdotii
1359 1608 1586 1643 sanctiﬁcatione,
1619 1614 1647 1636 et
1674 1617 1729 1637 non

942 1662 1051 1686 aurum,
1068 1661 1122 1681 non
1141 1658 1296 1689 argentum,
1320 1658 1367 1680 aut
1382 1653 1485 1688 aliquid
1501 1654 1575 1681 aliud
1596 1662 1729 1689 usurpare

942 1707 1024 1734 super
1037 1707 1136 1727 manus
1151 1699 1325 1734 impositione
1336 1699 1427 1726 omnis
1442 1699 1542 1726 sacrati
1557 1699 1618 1731 viri,
1634 1707 1730 1734 quem-

940 1745 1087 1771 admodum
1109 1745 1286 1772 ostendemus
1312 1744 1339 1770 in
1359 1743 1493 1771 ordinatis
1517 1743 1631 1771 inferius
1653 1746 1730 1772 testi-

942 1789 1052 1820 moniis,
1079 1792 1133 1816 tam
1158 1796 1190 1816 ex
1212 1788 1361 1823 Scriptum
1385 1788 1487 1816 divina:
1515 1789 1729 1822 assertionibus,

940 1841 1020 1869 quam
1044 1842 1077 1861 ex
1095 1834 1216 1869 paternis
1233 1834 1397 1869 magisteriis
1414 1834 1574 1869 assumptis.
1588 1834 1639 1867 Qui
1656 1835 1728 1862 enim

941 1887 1038 1908 manus
1053 1880 1208 1914 imponunt,
1222 1879 1342 1907 ministri
1355 1884 1419 1907 sunt
1436 1879 1566 1914 Spiritus,
1585 1888 1638 1907 non
1667 1888 1731 1908 vcn-

939 1925 1042 1953 ditores
1056 1925 1193 1960 Spiritus;
1210 1925 1296 1960 gratis
1311 1925 1412 1960 quippe
1429 1926 1597 1960 accipientes
1613 1927 1727 1961 gratiam

940 1969 1070 2003 Spiritus,
1087 1969 1172 2004 gratis
1187 1968 1229 1995 his
1248 1969 1294 2002 qui
1319 1976 1333 1995 a
1354 1976 1384 1996 se
1399 1970 1564 2004 pcrcipiunl,
1584 1970 1649 1997 dare
1660 1978 1731 2005 pra:-

939 2015 1088 2049 cipiuntur,
1112 2021 1145 2042 ex
1160 2013 1257 2040 Domin
1267 2014 1308 2040 ica
1327 2021 1393 2041 voce
1414 2014 1485 2042 hanc
1503 2015 1654 2042 libertatem
1670 2015 1728 2051 [ην.

940 2059 1141 2096 liberalitatem]
1153 2060 1254 2095 adepti.
1271 2059 1299 2086 Si
1313 2060 1375 2095 quis
1388 2065 1478 2087 autem
1490 2061 1631 2088 convictus
1645 2061 1728 2090 fuerit

938 2107 1055 2142 pecunia
1081 2106 1153 2134 hanc
1169 2106 1333 2138 obtinuisse,
1356 2106 1491 2141 abiectum
1511 2106 1570 2134 fore
1581 2107 1617 2134 ab
1632 2107 1728 2134 ordine

939 2158 1033 2181 sancto
1052 2153 1226 2188 promulgant
1249 2151 1407 2186 hujusmodi
1438 2161 1445 2179 :
1475 2157 1503 2180 et
1529 2153 1594 2180 licet
1619 2154 1729 2180 nomine

940 2197 1123 2224 sacerdotium
1139 2196 1281 2228 sortiatur,
1301 2195 1348 2223 sed
1365 2194 1467 2222 fallitur
1480 2203 1572 2222 sermo
1596 2195 1624 2222 in
1642 2202 1728 2223 causa

96 2245 177 2280 λόγος
185 2246 231 2272 ἐπὶ
244 2245 283 2280 τῷ
295 2246 449 2282 πράγματι.
464 2248 569 2283 οὐδεὶς
579 2250 633 2285 γὰρ
646 2250 706 2283 Θεῷ
722 2240 884 2282 δουλεύειν

950 2242 981 2278 _in
1001 2241 1054 2278 re}.
1087 2240 1172 2270 Nemo
1192 2242 1261 2268 enim
1291 2241 1387 2268 servire
1412 2244 1497 2275 potest
1521 2240 1575 2267 Deo
1594 2246 1619 2267 et
1643 2248 1730 2267 mam-

95 2290 222 2318 δύναται
245 2292 294 2318 καὶ
307 2291 444 2328 μαμωνᾷ,
467 2293 505 2326 ὡς
521 2295 709 2331 εὐαγγελικῶς
734 2299 883 2336 ἐμάθομεν.

96 2337 153 2367 Καὶ
163 2338 256 2374 ἐπειδὴ
272 2338 431 2374 ἠκούσαμεν
446 2342 624 2377 προφητικῶς
646 2344 694 2371 τοῦ
716 2345 782 2372 Θεοῦ
800 2346 884 2381 βοῶν-

95 2391 142 2415 τος
156 2390 163 2397 ·
186 2381 298 2418 Ἰερεῖς,
316 2384 473 2419 λαλήσατε
484 2387 529 2419 εἰς
546 2387 604 2422 τὴν
626 2390 753 2424 καρδίαν
774 2392 883 2426 Ἰερου-

94 2428 201 2463 σαλήμ
213 2438 221 2445 ·
239 2427 317 2461 αὖθίς
348 2439 378 2456 τε
394 2431 606 2466 ἐπαπειλοῦντος
625 2435 674 2462 καὶ
699 2435 834 2471 λέγοντος,
857 2439 888 2465 ‘O

95 2474 214 2507 σκοπὸς
230 2475 284 2502 ἐὰν
304 2475 353 2510 ιδῃ
372 2475 431 2510 ’τὴν
458 2478 612 2513 ῥομφαίαν
634 2480 811 2517 ἐρχομένην,
839 2484 888 2512 καὶ

93 2519 139 2555 μὴ
152 2519 275 2555 σημάνῃ
289 2520 327 2555 τῇ
341 2521 496 2557 σάλπιγγι,
530 2523 580 2551 καί
596 2526 613 2552 ὁ
626 2526 703 2560 λαὸς
717 2527 760 2562 μὴ
787 2529 887 2563 gaudii-

95 2565 258 2599 ξηταιμιαὶ
271 2567 405 2594 ἐλθοῦσα
420 2568 442 2602 ἠ
464 2569 599 2604 ῥομφαία
626 2571 704 2607 λάϐῃ
725 2573 760 2606 ἐξ
785 2575 887 2602 αὐτῶν

92 2612 214 2647 ψυχὴν,
231 2613 266 2640 τὸ
277 2611 348 2649 uasa
362 2613 396 2640 ἐκ
411 2614 468 2648 τῆς
488 2617 589 2651 χειρὸς
600 2618 653 2646 τοῦ
665 2619 784 2647 σκοποῦ
803 2619 887 2655 ἐκζη-

94 2657 181 2692 τήσω
198 2666 206 2674 ⁸
218 2658 294 2693 φόϐῳ
306 2660 355 2687 τοῦ
369 2661 419 2696 τῆς
444 2663 551 2698 σιωπῆς
566 2664 783 2699 κατακρίματος,
799 2665 884 2700 ἀναγ-

94 2702 228 2739 γέλλομεν
241 2705 296 2736 τοῖς
311 2706 451 2742 προέδροις
460 2709 527 2735 πᾶσι
541 2708 595 2735 τῶν
607 2709 667 2735 καθ’
679 2710 753 2744 ἡμᾶς
769 2709 885 2746 Ἐκκλη-

94 2749 173 2784 eti-1v,
188 2750 232 2778 ῐνα
241 2751 311 2786 μετὰ
326 2753 483 2789 παρρησίας
502 2754 572 2781 κατὰ
589 2755 636 2782 τὸν
664 2755 737 2782 θεῖον
759 2756 885 2784 ’Δπόστο-

93 2794 141 2823 λον
150 2796 274 2832 είπιιιμεν
285 2805 293 2813 ·
308 2797 431 2834 Καθαροί
447 2799 531 2834 ἐσμεν
549 2800 603 2827 ἀπὺ
622 2800 670 2827 τοῦ
693 2800 809 2836 αἵματος
832 2801 887 2828 τῶν

941 2296 1036 2321 ηιοηω,
1058 2288 1128 2316 sicut
1153 2295 1185 2314 ex
1201 2287 1345 2323 Evangelia
1361 2287 1506 2314 didicimus
1519 2285 1552 2313 ".
1577 2286 1646 2319 Quia
1665 2294 1727 2314 vero

940 2334 1099 2370 prophetico
1118 2333 1272 2360 audivimus
1297 2332 1352 2360 Deo
1379 2332 1515 2360 clamante
1535 2342 1541 2360 :
1559 2331 1725 2365 Sacerdotes,

941 2379 1079 2415 loquimini
1108 2379 1143 2406 ad
1168 2386 1213 2405 cor
1239 2377 1389 2405 Jerusalem
1410 2379 1452 2411 “;
1473 2385 1623 2412 rursusque
1650 2385 1726 2406 com-

942 2417 1062 2453 minante
1086 2429 1167 2460 atque
1187 2425 1310 2452 dicente:
1339 2423 1494 2458 Speculator
1517 2424 1540 2451 si
1554 2423 1647 2450 viderit
1670 2423 1728 2459 gla-

940 2472 1015 2498 dium
1024 2471 1178 2504 vam’entem,
1193 2474 1217 2497 et
1241 2478 1293 2497 non
1317 2469 1464 2497 insonuerit
1479 2469 1553 2502 tuba,
1576 2474 1601 2496 et
1614 2469 1727 2504 populus

938 2524 966 2543 se
981 2524 1032 2543 non
1059 2515 1232 2547 custodierit;
1252 2520 1277 2542 et
1297 2516 1401 2542 veniens
1424 2514 1528 2549 gladius
1544 2516 1674 2549 acceperit
1695 2523 1728 2542 ex

939 2563 977 2590 eis
996 2562 1125 2594 animam,
1151 2561 1304 2596 sanguinem
1331 2561 1362 2588 de
1380 2569 1462 2588 manu
1488 2561 1662 2595 speculatoris
1687 2569 1728 2588 re-

937 2608 1042 2643 quiram
1063 2607 1104 2640 ⁸⁸;
1130 2607 1256 2634 timorem
1278 2614 1311 2633 ex
1335 2606 1441 2634 silentio
1467 2606 1652 2634 damnationis
1681 2606 1728 2633 de-

937 2653 1095 2680 nuntiamus
1119 2652 1282 2687 praesulibus
1301 2651 1430 2680 omnibus
1453 2651 1637 2680 Ecclesiarum
1667 2658 1727 2685 qua:

938 2698 1009 2734 apud
1024 2706 1073 2726 nos
1089 2703 1163 2732 sunt,
1180 2703 1209 2725 ut
1228 2706 1289 2726 cum
1309 2697 1407 2725 ﬁducia
1423 2698 1573 2725 secundum
1603 2697 1724 2723 divinum

939 2743 1101 2780 Apostolum
1112 2743 1135 2759 ⁸⁷
1146 2743 1269 2771 dicamus
1280 2752 1287 2770 :
1299 2742 1391 2770 Mundi
1402 2750 1498 2770 sumus
1507 2742 1561 2777 79
1570 2750 1585 2769 a
1594 2741 1727 2775 sanguine

940 2789 1176 2825 praevaricantium
1192 2788 1338 2816 canonicas
1363 2787 1568 2823 dispositiones,
1594 2790 1621 2814 et
1642 2786 1727 2813 multo

127 2885 154 2904 ⁸⁵
168 2885 379 2929 Mattbmnjl.
411 2889 432 2906 "
449 2888 500 2917 lsa.
518 2898 561 2924 η,
573 2890 600 2918 2.
634 2891 656 2907 “
672 2890 770 2919 Ezccb.
793 2898 888 2924 sunt,
905 2890 931 2918 6.
974 2890 995 2907 ⁸⁷
1012 2890 1073 2919 Act.
1099 2897 1144 2924 xx,
1160 2889 1207 2923 26,
1218 2889 1261 2917 27.
