1951 3081
100 165 155 200 533

206 224 313 253 Κανῶν
328 223 388 252 τῶν
405 222 497 259 ἁγίων
519 224 711 256 ἀποστόλων,
728 223 781 252 κθ’.

137 271 189 299 xﬂ’.
210 270 243 298 Εἴ
255 279 296 302 τις
309 270 457 302 ιπίσκοπος
471 269 515 296 διὰ
531 269 690 305 χρημάτων,
704 278 731 297 κ.
749 278 774 297 τ.
785 269 812 296 λ.

158 316 206 343 Ἐκ
225 315 285 343 τῶν
300 315 440 349 Πράξεων
453 314 513 342 τῶν
529 315 621 350 ἁγίων
642 315 834 342 ἀποστόλων.

142 361 215 388 Ἰδὼν
227 361 256 388 δὲ
269 361 283 387 6
300 360 392 395 Σίμων
417 361 459 388 ὅτι
474 360 518 387 διὰ
535 360 585 396 τῆς
599 359 750 392 ἐπιθέσεως
764 360 819 386 τῶν
834 368 890 395 χει-

99 407 157 443 ρῶν
169 407 224 434 τῶν
236 406 394 434 ἀποστόλων
423 407 524 433 δίδοται
542 407 574 433 τὺ
599 406 713 441 Πνεῦμα
737 406 769 433 τὸ
799 406 888 440 ἅγιον,

97 453 289 488 προσήνεγκεν
305 452 398 484 αὐτοῖς
414 452 545 488 χρήματα
555 451 652 486 λέγων,
667 452 733 479 Δότε
746 452 830 487 κάμοὶ
841 452 890 488 τὴν

98 498 225 532 ἐξουσίαν
238 498 342 534 ταύτην
351 507 359 515 ·
369 498 412 526 ἵνα
424 495 446 532 ᾧ
457 497 490 525 ἂν
499 497 585 525 ἑπιθῶ
594 497 645 529 τὰς
654 498 749 533 χεῖρας
763 498 890 534 λαμϐάνῃ

99 543 215 579 Πνεῦμα
230 544 319 578 ἅγιον.
332 543 436 580 Πέτρος
463 544 492 572 δὲ
511 543 572 570 εἷπε
587 544 656 579 πρὸς
675 543 766 578 αὐτὸν,
783 544 820 571 To
838 544 890 579 ἁρ-

98 589 195 624 γύριόν
210 597 259 616 σου
273 590 324 617 σὺν
337 589 380 617 σοὶ
393 590 436 625 εἴη
458 590 499 622 εις
512 589 649 617 ἀπώλειαν
669 590 710 617 ὄτι
721 589 770 625 τὴν
783 589 891 624 δωρεὰν

97 635 148 663 τοῦ
164 636 233 663 Θεοῦ
247 636 376 671 ἐνόμισας
390 636 436 663 διὰ
455 637 606 672 χρημάτων
625 635 753 668 κτᾶσθαι,
768 636 819 663 οὐκ
830 635 889 663 ἐστι

99 690 142 709 σοι
151 682 231 718 μερὶς
238 682 300 709 οὐδὲ
311 682 410 717 κλῆρος
419 683 449 709 ὲν
459 681 499 717 τῷ
513 682 585 717 λόγῳ
593 681 691 717 τούτῳο
699 682 716 717 ἡ
729 681 782 717 γὰρ
791 681 890 717 καρδία

98 736 147 755 σου
166 728 217 754 οὐκ
229 727 304 754 ἐστιν
317 727 410 754 εὐθεῖα
419 727 533 754 ἐνώπιον
548 727 596 754 τοῦ
614 726 694 754 Θεοῦ.
715 727 890 762 Μετανόησον

97 771 149 812 οὖν
157 773 213 800 ἀπὸ
225 772 276 808 τῆς
291 772 389 805 κακίας
403 773 516 808 ταύτης,
529 772 577 799 καὶ
589 772 701 808 δεήθητι
715 771 763 799 τοῦ
774 772 854 805 Θεοῦ,
864 773 889 799 el

97 817 155 853 ἄρα
166 817 333 854 ἀφεθήσεταί
341 826 382 844 σοι
392 818 410 852 ἡ
418 817 524 844 ἐπίνοια
533 817 584 851 τῆς
595 817 709 852 καρδίας
719 825 777 850 σου,
789 817 828 849 είς
835 817 889 854 γὰρ

99 863 183 899 χολὴν
196 864 309 900 πικρίας
323 865 371 890 καὶ
387 863 534 899 σύνδεσμον
544 862 652 895 ἀδικίας
664 862 720 898 ὸρῶ
735 871 765 890 σε
775 862 853 892 ὂντα.

247 953 296 980 Ἐκ
309 951 364 985 τῆς
377 952 480 987 τρίτης
490 950 551 978 τῶν
567 950 745 978 Βασιλειῶν.

137 998 193 1026 Καὶ
205 998 255 1026 οὐκ
270 997 437 1032 ἐπέστρεψεν
464 996 606 1032 Ἰεροὸοὰμ
632 997 686 1024 ἀπὸ
708 997 758 1032 τῆς
788 996 889 1030 κακίας

100 1044 188 1071 αὐτοῦ
200 1051 207 1059 ·
227 1043 276 1071 καὶ
288 1042 440 1078 ιπέστρεψι
462 1042 510 1069 καὶ
530 1043 659 1078 ἐποίησεν
677 1042 709 1069 ἐκ
730 1042 829 1078 μέρους
840 1042 888 1070 τοῦ

100 1089 168 1118 λαοῦ
183 1090 266 1125 ἱερεῖς
280 1089 391 1125 ὑψηλῶν
399 1097 406 1105 ⁸
418 1090 433 1116 ὁ
443 1088 604 1124 βουλόμενος
618 1087 739 1123 ἐπλήρου
750 1088 799 1123 τὴν
810 1090 889 1124 χεῖρα

101 1135 197 1168 αὑτοῦ,
211 1136 258 1162 καὶ
274 1135 381 1170 ἐγένετο
394 1135 484 1170 lapsi);
502 1135 542 1166 είς
557 1133 592 1160 τὰ
607 1133 706 1168 ὑψηλὰ,
719 1134 766 1161 καὶ
782 1134 890 1169 ἐγένετο

104 1181 182 1216 ῥῆμα
195 1180 273 1208 τοῦτο
291 1181 331 1212 είς
345 1180 482 1215 ἁμαρτίαν
505 1178 544 1214 τῷ
571 1178 640 1214 οἴκῳ
671 1179 822 1214 Ἰεροϐοὰμ,
843 1180 891 1207 καὶ

103 1227 145 1258 είς
159 1226 280 1263 ὖλεθρον,
295 1225 343 1253 καὶ
363 1226 404 1258 εἰς
416 1225 571 1260 ἀφανισμὸν
597 1224 652 1252 ἀπὸ
667 1224 815 1261 προσώπου
841 1226 892 1261 τῆς

102 1281 168 1308 γης.

234 1317 282 1345 Ἐκ
296 1318 352 1353 τῆς
364 1317 504 1352 τετάρτης
520 1316 580 1345 ⁴ι’ὥν·
593 1317 768 1345 Βασιιιειῶν.

140 1363 198 1390 Καὶ
212 1363 362 1399 ἐπέστρεψε
378 1364 491 1400 Νεεμὰν
504 1364 572 1399 προς
591 1364 735 1397 Ἐλισσαιὲ,
752 1363 833 1396 αὐτὸς
845 1363 893 1390 καὶ

104 1409 183 1436 πᾶσα
195 1410 212 1445 ἡ
223 1409 382 1444 παρεμϐολὴ
397 1409 490 1442 αὐτοῦ,
505 1410 551 1436 καὶ
561 1407 626 1445 ἦλθε
641 1409 689 1436 καὶ
711 1409 813 1445 ἔστηκε
827 1409 894 1436 ὲνώ⁴

104 1462 169 1480 πιον
185 1454 278 1486 αὐτοῦ,
289 1453 335 1480 καὶ¹
349 1453 440 1481 εἶπεν·
460 1454 528 1481 Ἰδοὺ
543 1454 575 1489 δὴ
586 1454 695 1487 ἔγνωκα
718 1454 759 1481 ὅτι
771 1455 821 1480 οὐκ
835 1454 893 1481 ἔστι

104 1498 172 1530 Θεὸς
183 1498 213 1525 ὲν
229 1500 303 1535 πάσῃ
319 1500 352 1534 τῇ
369 1500 416 1534 γῇ,
431 1499 488 1526 ἀλλ’
505 1499 563 1535 ἢέν
584 1499 623 1534 τῷ
643 1499 761 1534 Ἰσραήλ.
778 1499 832 1526 Καὶ
847 1500 894 1526 νῦν

104 1545 173 1571 λάϐε
187 1544 237 1581 τὴν
252 1545 378 1580 εὐλογίαν
392 1546 468 1580 παρὰ
485 1545 532 1572 τοῦ
554 1545 649 1572 δούλου
663 1553 719 1572 σου.
739 1546 794 1573 Καὶ
816 1544 893 1573 εἶπεν

112 1591 247 1618 Ἐλισσαιέ
258 1592 305 1627 ’Ζῇ
321 1591 422 1626 Κύριος
434 1587 458 1625 ᾦ
473 1592 613 1627 παρέστην
629 1591 744 1618 ἐνώπιον
757 1591 852 1624 αὑτοῦ,
870 1593 894 1620 εἰ

105 1637 247 1672 λήψομαμ
262 1637 310 1663 κα)⁸
331 1637 517 1672 παρεϐιάσατο
532 1637 613 1663 αὑτὸν
629 1637 733 1670 λαὸεῖν,
754 1638 800 1664 καὶ
817 1638 894 1672 ἠπεί-

107 1683 185 1715 θησε.
200 1682 255 1710 Kal
271 1683 335 1717 μετ’
349 1683 447 1717 ὀλίγα·
462 1683 516 1709 Καὶ¹
530 1680 589 1709 εἷπε
604 1683 679 1716 Γιεζὶ
699 1683 730 1709 τὸ
753 1683 896 1719 παιδάριον

113 1727 250 1754 Ἐλισσαιέ
261 1736 268 1743 ·
285 1728 351 1754 Ἰδοὺ
370 1727 496 1761 ἐφείσατο
510 1729 524 1755 ὁ
545 1728 638 1763 κύριός
655 1737 704 1763 μου
719 1728 766 1755 τοῦ
787 1729 896 1763 Νεεμὰν

107 1773 158 1800 τοῦ
174 1773 261 1808 Σύρου
270 1773 317 1800 τοῦ
330 1773 422 1800 λαϐεῖν
432 1774 464 1800 ὲκ
478 1774 567 1808 χειρὸς
578 1773 659 1800 αὑτοῦ
669 1769 706 1799 ὧν
722 1774 843 1808 ἐνήνοχε.
858 1774 895 1809 Ζῇ

109 1819 225 1854 Κύριος.
242 1820 266 1846 εἰ
283 1819 320 1855 μὴ
334 1818 491 1854 δραμοῦμαι
506 1819 593 1845 ὀπίσω
607 1818 701 1851 αὐτοῦ,
714 1819 761 1845 καὶ
775 1819 896 1854 λήψομαι

109 1864 176 1899 παρ’
189 1864 272 1891 αὐτοῦ
287 1873 315 1890 τι
326 1872 333 1879 δ
343 1864 390 1891 καὶ
403 1864 494 1897 ἐδίωξε
512 1864 588 1895 Γιεζὶ
604 1864 691 1891 ὀπίσω
706 1864 826 1898 Νεεμάν.
841 1865 894 1892 Καὶ

105 1910 183 1945 μετὰ
195 1911 322 1945 βραχέα.
338 1911 392 1937 Καὶ
406 1909 466 1936 εἶπε
480 1910 600 1944 Νεεμὰν,
613 1909 685 1936 Λάϐε
711 1909 743 1945 δὴ
767 1910 896 1937 τάλαντον

108 1956 242 1991 ἀργυρίου
253 1965 259 1972 ·
273 1956 321 1983 καὶ
333 1956 413 1983 ἐλαόε
424 1955 470 1982 δύο
484 1956 601 1982 τάλαντα
622 1955 755 1990 ἀργυρίου
782 1956 810 1981 ὲν
838 1956 896 1982 δυσί

111 2001 250 2033 θυλάκοις,
267 2002 314 2028 καὶ
325 2001 371 2028 δύο
398 2001 602 2036 ἀλλισσομὲνας
624 2000 732 2031 στολάς.
752 2000 805 2027 Kal
832 2001 896 2035 μετ’

108 2047 206 2081 ἔτερα·
219 2048 273 2073 Καὶ
285 2045 344 2073 εἶπε
358 2047 424 2082 πρὸς
434 2047 514 2073 αὑτὸν
529 2046 675 2073 Ἐλισσαιὲ”
694 2046 792 2078 Πόθεν,
804 2045 878 2077 Γιεζί
889 2055 896 2080 ;

110 2093 159 2119 καὶ
174 2089 235 2119 εἷπε
253 2093 336 2125 Pisa,
351 2093 386 2119 Οὑ
400 2093 565 2128 πεπόρευται
580 2092 594 2117 ὁ
610 2091 703 2123 δοῦλός
717 2100 761 2118 σου
773 2091 836 2118 ἐνῡα
852 2091 898 2118 καὶ

110 2137 192 2164 ἔνθα·
208 2137 256 2164 καὶ
267 2134 327 2163 εἷπε
341 2137 408 2172 πρὸς
418 2137 500 2164 αὑτὸν
522 2136 668 2163 Ἐλισσαιέ
685 2136 751 2171 Οὐχὶ
767 2137 783 2172 ἡ
800 2136 898 2172 καρδία

113 2190 166 2218 μου
180 2181 316 2217 ἐπορεύθη
333 2182 401 2216 μετὰ
419 2181 465 2208 σοῦ
479 2190 487 2214 ;
509 2181 556 2208 καὶ
573 2179 631 2207 οἶδα
645 2181 690 2208 ὅτε
706 2181 872 2216 ἐπέστρεψεν
883 2183 898 2208 6

495 165 695 197 SYNTAGMA
710 167 906 198 CANONUM.
927 181 962 185 —
977 168 1050 199 TIT-
1072 169 1096 207 ῐ,
1112 169 1191 200 CAP.
1208 170 1310 202 XXIV.

1672 172 1728 206 535

1077 226 1170 255 Conon
1181 232 1332 255 sanctorum
1347 228 1526 263 apostolorum
1537 229 1584 257 29.

974 270 1019 299 29.
1036 271 1064 299 Si
1083 272 1146 306 quis
1159 273 1301 308 episcopus
1317 274 1450 309 pecuniis,
1460 279 1525 307 etc.,
1543 280 1571 302 ut
1584 283 1646 310 pag.
1659 275 1724 304 5l5.

1066 316 1106 344 De
1122 317 1232 345 Actibus
1246 323 1398 345 sanctorum
1413 319 1604 354 apostolorum.

975 362 1044 392 Cum
1068 363 1182 392 vidisset
1205 369 1294 392 autem
1321 364 1428 398 Simon,
1453 365 1519 400 quia
1544 373 1593 400 per
1611 365 1726 401 imposi-

941 408 1043 436 tionem
1053 416 1150 436 manus
1157 409 1343 444 apostolorum
1354 409 1465 437 daretur
1472 409 1592 445 Spiritus
1602 415 1725 442 sanctus.

940 454 1040 482 obtulit
1063 454 1104 483 eis
1128 454 1284 490 pecuniam,
1300 455 1414 482 dicens:
1444 455 1512 483 Date
1530 459 1558 483 et
1572 456 1638 484 mihi
1655 455 1727 482 hanc

940 503 1113 534 potestatem,
1137 504 1167 527 ut
1181 500 1337 534 cuicunque
1355 500 1512 535 imposuere
1527 508 1635 533 manus,
1652 501 1726 529 acci-

940 545 998 580 piat
1020 544 1151 580 Spiritum
1186 550 1321 573 sanctum.
1353 545 1449 574 Petrus
1478 550 1568 574 autem
1595 545 1664 573 dixit
1692 546 1726 572 ad

939 598 1002 619 eum
1023 599 1030 617 :
1047 589 1163 618 Pecunia
1176 595 1222 618 tua
1236 595 1325 618 tecum
1352 591 1387 619 sit
1404 591 1430 618 in
1448 591 1647 626 perditionem:
1661 591 1726 625 quia

941 636 1044 664 donum
1068 636 1115 664 Dei
1135 636 1297 664 existimasti
1323 637 1438 671 pecunia
1455 637 1600 671 possideri,
1615 645 1668 664 non
1684 641 1727 664 est

941 682 990 711 tibi
1012 690 1086 718 pars,
1114 690 1203 717 neque
1217 690 1278 710 sors
1293 682 1320 709 in
1341 689 1468 710 sermone
1483 683 1556 710 isto:
1581 689 1630 709 cor
1651 683 1724 709 enim

941 734 1018 757 tuum
1045 736 1100 756 non
1126 732 1169 756 est
1190 732 1295 756 rectum
1324 735 1417 755 coram
1436 727 1501 755 Deo.
1529 727 1725 755 Paenitentiam

941 772 1032 808 itaque
1048 780 1098 808 age
1120 773 1154 801 ab
1168 773 1220 801 hac
1245 772 1366 808 nequitia
1381 777 1437 804 tua.
1453 778 1481 800 et
1501 779 1568 807 roga
1584 772 1680 804 Deum,
1702 772 1725 799 si

941 819 1011 848 forte
1033 819 1187 846 remittatur
1214 819 1262 846 tibi
1288 819 1346 846 haec
1361 818 1490 854 cogitatio
1514 818 1606 846 cordis
1628 818 1678 845 tui.
1696 817 1726 845 in

942 866 1003 893 felle
1021 865 1095 892 enim
1120 864 1313 892 amaritudinis
1332 868 1359 892 et
1380 864 1547 899 obligatione
1574 863 1726 899 iniquitatis

940 911 1017 939 video
1031 916 1058 938 te
1070 917 1131 938 esse
1143 909 1176 936 ".

1128 955 1171 982 Ea:
1186 955 1253 982 tibro
1269 955 1344 982 tertio
1356 954 1516 990 Regnorum.

974 1002 1032 1031 Non
1047 1006 1090 1030 est
1111 1009 1239 1030 reversus
1253 1000 1398 1029 Jeroboam
1417 1000 1451 1028 de
1464 1001 1508 1028 via
1523 1007 1574 1028 sua
1594 999 1725 1035 pessima.

939 1049 986 1078 sed
1006 1057 1022 1078 e
1048 1048 1187 1077 contrario
1210 1048 1275 1076 fecit
1299 1047 1333 1075 de
1351 1046 1509 1074 novissimis
1526 1046 1620 1081 populi
1635 1052 1726 1073 sacer-

939 1095 1017 1123 dotes
1037 1094 1220 1122 excelsorum.
1254 1093 1417 1127 Quicunque
1445 1092 1566 1124 volebat,
1596 1091 1727 1126 implebat

941 1148 1051 1168 manum
1079 1147 1156 1168 suam
1183 1143 1210 1167 et
1234 1139 1315 1166 ﬁebat
1338 1138 1466 1166 sacerdos
1492 1137 1676 1170 excelsorutn,
1699 1140 1728 1164 et

941 1191 1052 1222 propter
1077 1186 1149 1213 hanc
1173 1192 1284 1213 causam
1307 1184 1432 1219 peccavit
1458 1183 1558 1211 domus
1570 1182 1727 1217 Jeroboam,

941 1236 969 1260 et
985 1239 1081 1260 eversa
1095 1235 1151 1264 est,
1166 1235 1194 1259 et
1210 1230 1298 1258 deleta
1314 1231 1431 1265 desuper
1447 1229 1516 1257 facie
1530 1233 1612 1257 terrae
1623 1229 1656 1256 ”.

1128 1317 1171 1344 Ea;
1184 1317 1250 1344 libro
1268 1322 1363 1353 quarto
1379 1317 1538 1352 Regnorum.

976 1363 1166 1398 novet-susque
1187 1362 1368 1397 Naamanad
1394 1364 1484 1391 virum
1509 1364 1555 1391 Dei
1583 1371 1645 1391 cum
1669 1362 1735 1390 uni-

942 1417 1021 1438 verso
1045 1409 1176 1438 comitatu
1203 1415 1264 1441 suo,
1281 1409 1356 1438 venit
1382 1413 1409 1436 et
1434 1409 1511 1436 stetit
1526 1417 1618 1437 coram
1634 1417 1679 1440 eo.
1704 1413 1732 1436 et

944 1457 1000 1484 ait:
1017 1455 1085 1484 Vere
1101 1456 1159 1484 scio
1174 1455 1248 1490 quod
1262 1463 1317 1482 non
1333 1455 1368 1483 sit
1388 1455 1460 1482 Deus
1477 1455 1545 1482 alius
1561 1455 1587 1481 in
1604 1455 1731 1481 universa

945 1507 1016 1530 terra
1033 1522 1040 1532 .
1067 1502 1120 1530 nisi
1142 1506 1247 1529 tantum
1269 1501 1297 1528 in
1320 1500 1414 1528 Israel.
1442 1500 1562 1529 Obsecro
1587 1500 1679 1535 itaque
1701 1504 1732 1528 ut

906 1559 928 1588 ς
945 1548 1063 1582 accipias
1075 1547 1291 1575 benedictionem
1310 1553 1324 1573 a
1342 1553 1421 1573 servo
1437 1550 1493 1573 tuo.
1507 1546 1541 1572 At
1557 1545 1604 1573 ille
1619 1552 1734 1580 respon-

945 1594 998 1621 dit:
1015 1592 1086 1620 Vivit
1102 1592 1245 1625 Dominus,
1262 1596 1326 1619 ante
1340 1599 1420 1626 quem
1439 1596 1492 1623 sto,
1509 1591 1574 1626 quia
1587 1598 1643 1618 non
1658 1590 1734 1617 acci-

946 1641 1028 1675 piam.
1053 1639 1176 1674 Cumque
1197 1639 1253 1666 vim
1278 1637 1390 1672 l‘aceret,
1415 1639 1525 1672 penitus
1550 1645 1603 1664 non
1619 1635 1733 1671 acquie-

946 1685 985 1713 vit
1014 1685 1047 1712 ”.
1084 1686 1119 1712 Et
1155 1688 1213 1719 post
1242 1691 1328 1719 pauca
1355 1693 1363 1710 :

948 1731 997 1759 viri
1020 1731 1080 1758 Dei:
1105 1730 1227 1765 Pepercit
1248 1730 1377 1757 dominus
1411 1735 1488 1756 meus
1521 1727 1642 1755 Naaman
1667 1728 1734 1762 Syro

948 1777 1003 1809 isti,
1020 1780 1048 1802 ut
1069 1783 1123 1802 non
1140 1775 1277 1809 acciperet
1299 1774 1332 1801 ab
1347 1782 1380 1801 eo
1394 1781 1455 1808 quo:
1472 1773 1571 1800 attulit.
1595 1771 1666 1799 Vivit
1684 1772 1739 1798 Dn-

947 1823 1050 1855 miuus,
1068 1822 1132 1857 quia
1152 1829 1262 1848 curram
1287 1825 1349 1856 post
1365 1828 1440 1852 eum,
1460 1823 1488 1846 et
1503 1819 1634 1853 accipiam
1655 1818 1689 1844 ab
1703 1825 1736 1844 eo

947 1869 1060 1904 aliquid.
1090 1868 1123 1895 Et
1152 1872 1261 1895 secutus
1286 1871 1327 1894 est
1355 1866 1430 1894 Giezi
1450 1870 1510 1901 post
1529 1871 1634 1900 tergum
1662 1863 1734 1891 Naa-

948 1922 1011 1941 man
1043 1914 1078 1940 ".
1111 1913 1144 1940 Et
1179 1917 1237 1947 post
1274 1920 1380 1947 pauca:
1417 1911 1450 1938 Et
1485 1911 1553 1938 dixit
1593 1910 1735 1937 Nnamau:

948 1959 1047 1994 Accipe
1058 1958 1186 1985 talentum
1202 1957 1324 1992 argenti;
1343 1960 1369 1983 et
1391 1956 1480 1991 coegit
1502 1963 1575 1987 eum,
1591 1954 1737 1989 ligavitque

947 2003 1002 2030 duo
1027 2002 1127 2029 talenta
1143 2000 1248 2035 argenti
1272 2000 1299 2027 in
1318 1999 1425 2028 duobus
1441 1999 1540 2031 saccis,
1568 2002 1593 2024 et
1617 1997 1736 2031 duplicia

948 2048 1108 2075 vestimenta
1133 2047 1166 2074 ".
1193 2047 1227 2074 Et
1251 2050 1309 2080 post
1331 2045 1407 2072 alia:
1440 2044 1473 2071 Et
1497 2044 1567 2071 dixit
1595 2042 1734 2070 Eliszeus:

949 2093 1026 2122 Unde
1048 2095 1122 2122 venit
1138 2092 1299 2126 Giezi?Qui
1323 2091 1480 2126 respondit:
1498 2090 1555 2116 Non
1573 2089 1621 2115 ivit
1642 2089 1742 2115 servus

950 2145 1013 2168 tuus
1037 2147 1186 2174 quoquam.
1215 2139 1249 2165 At
1277 2138 1321 2164 ille
1337 2137 1392 2164 ait:
1413 2135 1509 2163 Nonne
1529 2143 1576 2162 cor
1592 2142 1682 2161 meum
1709 2134 1735 2160 in

951 2185 1078 2220 prtesenli
1093 2189 1162 2217 erat,
1177 2184 1288 2218 quando
1310 2189 1438 2209 reversus
1452 2185 1495 2208 est
1511 2180 1593 2207 homo
1606 2180 1638 2206 de
1654 2186 1735 2206 curru

111 2227 184 2262 ἀνὴρ
197 2227 251 2253 ἀπὸ
267 2226 314 2253 τοῦ
342 2227 465 2262 ἅρματος
482 2227 522 2258 εἰς
538 2227 699 2262 συνάντησίν
714 2235 771 2260 σου,
789 2227 836 2254 καὶ
849 2227 892 2255 νῦν

949 2238 1000 2258 suo
1021 2229 1047 2256 in
1061 2237 1205 2257 occursum
1222 2229 1281 2255 tui?
1295 2227 1373 2255 Nunc
1388 2227 1468 2262 igitur
1483 2225 1612 2260 accepisti
1626 2224 1679 2259 82
1695 2232 1738 2250 ιιι--

110 2271 209 2303 ἔλαϐες
220 2271 250 2298 τδ
266 2272 407 2308 ἀργύριον,
423 2273 470 2299 καὶ
484 2273 532 2300 νῦν
547 2273 642 2306 ἔλαϐες
662 2274 697 2301 τὰ
730 2275 834 2310 ἱμάτια,
852 2275 899 2302 καὶ

111 2316 186 2353 λήψῃ
202 2319 231 2344 ὲν
246 2318 336 2350 αὐτοῖς
349 2318 465 2353 κήπους,
477 2319 524 2345 καὶ
536 2319 663 2353 ἐλαιῶνα,
678 2320 724 2347 καὶ
738 2321 898 2355 ἀμπελῶνα.

112 2363 160 2389 καὶ
169 2361 303 2397 πρόϐατα,
313 2363 359 2388 καὶ
375 2362 449 2397 βόας,
456 2366 503 2390 καὶ
511 2364 617 2397 παῖδας,
632 2365 679 2392 καὶ
686 2366 841 2398 παιδίσκας,
853 2368 900 2394 καὶ

110 2409 128 2444 ἡ
144 2407 232 2443 λέπρα
246 2407 356 2442 Νεεμὰν
369 2408 563 2443 κολληθήσεται
575 2411 603 2437 ὲν
619 2411 712 2438 animi
721 2412 751 2438 ὲν
765 2412 803 2446 τῷ
818 2413 902 2449 σπέρ-

111 2452 179 2488 ματί
193 2461 239 2478 σου
255 2453 294 2483 εις
303 2452 349 2478 τὸν
359 2453 456 2486 αἱῶηα.
474 2454 527 2480 Καὶ
539 2454 649 2489 ἐξῆλθεν
664 2455 697 2482 ἐκ
712 2455 760 2482 τοῦ
788 2458 896 2492 προσώ-

111 2506 165 2524 πυυ
188 2497 270 2524 αὑτοῦ
283 2497 488 2532 λελεπρωμενος
499 2499 564 2525 ὡσεὶ
578 2499 653 2534 χιών.

132 2543 189 2570 Τοῦ
205 2543 291 2578 ἁγίου
312 2544 476 2579 Βασιλείαν
489 2545 524 2571 ἐκ
542 2544 597 2578 τῆς
617 2547 660 2579 εις
684 2547 736 2573 τὸν
756 2547 881 2576 Ἡσαΐαν

422 2578 590 2613 ἑρμηνείας.

148 2621 250 2655 Νόμον
259 2622 352 2650 ἔδωκε
361 2624 404 2656 εις
411 2624 568 2658 βοήθειαν,
580 2625 630 2652 ἵνα
641 2626 776 2654 εἴπωσιν⁹
789 2631 850 2664 Οὐχ
862 2630 902 2662 ὡς

111 2668 145 2694 τὸ
155 2667 239 2702 ῥῆμα
248 2669 349 2711 τοῦτο,
361 2670 427 2705 περὶ
439 2668 474 2699 οὗ
487 2672 541 2698 οὐκ
551 2671 616 2699 ἔστι
630 2673 707 2707 δῶρα
718 2674 822 2702 δοῦναι
833 2677 901 2711 περὶ

110 2712 207 2740 αὐτοῦ
217 2722 223 2728 -
238 2710 316 2746 οὗτος
329 2714 358 2741 δὲ
373 2715 387 2741 6
402 2715 483 2750 νόμος
495 2716 545 2743 οὐκ
559 2716 632 2743 ἔστιν
643 2718 680 2750 ὡς
691 2718 721 2745 τὸ
734 2720 809 2756 ῥῆμα
823 2710 902 2749 τοῦτο

110 2757 142 2784 ’τὸ
152 2759 382 2795 ἐγγαστρίμυθον·
399 2761 430 2787 οὺ
445 2761 498 2797 γὰρ
512 2762 580 2797 πρὸς
594 2763 701 2799 ἀπάτην
715 2765 898 2803 ἐπινενόηται,

110 2862 133 2878 ﬂ
506 2829 671 2898 txilluiivg.
689 2843 745 2868 xm,
759 2834 803 2870 54,
823 2838 866 2869 54.

937 2836 993 2863 'iV
1023 2836 1088 2872 Heg.
1118 2844 1139 2870 v‘
1173 2834 1208 2865 ’ἰν
1249 2833 1289 2861 16.

951 2279 1074 2310 genium,
1101 2279 1127 2302 et
1150 2274 1281 2309 accepisti
1301 2278 1407 2300 vestes:
1433 2277 1461 2298 ut
1478 2278 1554 2298 emas
1571 2269 1680 2302 olheta,
1706 2272 1729 2296 vt

952 2323 1056 2355 vineas,
1086 2326 1113 2348 et
1143 2327 1219 2353 oves,
1253 2323 1280 2346 et
1304 2318 1399 2350 boves,
1429 2324 1456 2345 et
1494 2323 1599 2348 servos,
1628 2320 1655 2342 et
1691 2323 1724 2341 an

951 2368 1042 2396 cillas:
1068 2367 1115 2395 sed
1143 2367 1217 2400 lepra
1238 2365 1360 2392 Naaman
1387 2362 1539 2391 adhaerebit
1562 2362 1609 2389 tibi
1639 2366 1666 2389 et
1695 2368 1739 2388 se-

952 2414 1018 2442 mini
1034 2418 1081 2441 tuo
1097 2413 1122 2440 in
1150 2412 1355 2445 sempiternum.
1383 2410 1417 2438 Et
1440 2415 1568 2445 egressus
1583 2412 1625 2436 est
1650 2407 1684 2435 ab
1707 2414 1739 2434 eo

951 2461 1077 2496 icprosus
1089 2459 1168 2495 quasi
1183 2459 1227 2485 nix
1243 2458 1277 2485 ³⁷.

1023 2547 1114 2576 Sancti
1131 2546 1227 2574 Basilii
1249 2553 1282 2573 εκ
1295 2543 1486 2572 commentario
1510 2542 1537 2569 iu
1555 2541 1668 2569 Isaiam.

986 2627 1079 2662 Legem
1095 2626 1177 2661 igitur
1195 2625 1267 2651 dedit
1289 2624 1316 2650 in
1337 2622 1480 2654 auxilium,
1500 2625 1527 2648 ut
1550 2620 1639 2647 dicunt
1654 2627 1663 2645 :
1678 2617 1737 2644 Non

955 2674 1023 2700 litui
1041 2676 1144 2702 verbum
1159 2673 1216 2702 hoc,
1240 2671 1272 2697 tle
1290 2678 1341 2704 quo
1360 2677 1411 2696 nou
1433 2672 1470 2695 est
1495 2674 1604 2694 munera
1619 2665 1683 2691 dare
1707 2663 1738 2689 de

954 2730 984 2749 eo
994 2723 1028 2749 ³³⁸.
1043 2722 1106 2749 Huc
1121 2725 1211 2748 autem
1228 2720 1270 2746 lex
1291 2725 1344 2744 non
1363 2723 1393 2743 se
1408 2715 1489 2742 habet
1505 2714 1577 2740 sicut
1595 2712 1646 2738 hoc
1674 2717 1739 2736 ven-

956 2769 1064 2804 lriloqui
1089 2767 1212 2795 verbum.
1234 2764 1292 2792 Non
1315 2762 1387 2791 enim
1415 2761 1448 2788 ad
1468 2759 1562 2786 fucum
1586 2755 1739 2783 faciendum

1345 2832 1367 2848 νδ
1388 2829 1454 2858 ibid.
1483 2828 1527 2854 20.
1571 2827 1593 2842 "
1607 2825 1673 2853 ibid.
1694 2825 1739 2851 ‘25.

1400 1682 1527 1717 Dixitque
1561 1682 1635 1709 Giezi
1667 1688 1735 1716 puer
1787 1683 1789 1685 ’
