1951 3081
222 174 275 210 535

799 170 931 202 PHOTII
947 168 1198 200 PATRIARCHAE
1215 169 1268 200 (ΣΡ.

1793 159 1847 198 536

221 232 377 268 excogitata
399 235 452 264 est,
471 230 511 259 utl
534 229 580 258 illa
607 229 669 265 ejus
694 227 776 255 verba
798 235 805 253 ε
823 227 869 255 sed
885 225 1009 254 veritatis

1074 225 1155 262 ὅσπερ
1174 228 1278 259 ἐκεῖνα,
1295 224 1352 252 ἀλλ’
1367 224 1495 260 ἀληθείας
1512 223 1570 251 ἐστὶ
1593 222 1762 255 διδάσκαλος.
1788 223 1847 250 Κά-

221 281 264 305 est
286 276 430 311 magistra.
456 275 545 309 Atque
567 274 606 302 illi
633 273 743 309 quidem
767 272 953 299 vaticinantur
976 270 1011 297 ob

222 328 377 358 argentum.
397 321 456 349 Hoc
479 328 597 355 namque
621 319 769 348 ridiculum
794 323 846 350 est,
869 317 942 353 quod
963 316 1011 351 qui

223 369 410 402 decipiuntur,
425 367 569 402 pecuniam
580 366 662 393 etiam
674 372 723 399 pro
735 362 868 391 mendacii
885 362 1011 390 mercede

224 414 265 441 cis
279 413 396 440 solvant.
420 412 479 438 lloc
491 416 583 438 autem
604 410 730 442 verbum,
745 409 813 443 legis
829 407 943 440 scilicet,
959 407 1012 434 talo

225 468 279 487 non
300 463 353 491 est,
372 462 402 485 ut
423 465 536 484 munera
561 457 661 484 dentur
683 463 733 490 pro
757 462 800 482 eo.
820 453 888 481 Nam
903 454 949 489 qui
965 453 1012 480 Dei

225 505 340 541 gratiam
356 504 466 536 vendat,
483 510 564 530 nemo
575 508 626 530 est.
643 501 734 529 Gratis
749 500 898 534 «cepistis,
912 498 1012 534 inquit,

225 550 309 585 gratis
330 549 391 576 date
402 549 436 576 ".
454 549 535 576 Vides
553 547 698 583 quomodo
719 546 817 574 Petrus
836 545 939 572 Simoni
964 551 1014 579 pro

225 595 410 630 comparando
433 594 553 629 Spiritus
579 593 668 621 sancti
685 592 758 620 dono
781 591 924 626 pecuniam
947 590 1014 618 olle-

226 641 296 668 renti
311 639 518 668 snccensuerit?
531 639 649 666 Pecunia
661 638 733 665 enim
751 642 807 669 tua,
819 636 916 670 inquit,
930 640 1015 662 tecum

225 687 260 713 sit
277 687 304 712 in
320 686 505 720 perditionem,
527 685 653 720 quoniam
677 682 835 710 existimasti
849 682 948 708 donum
967 681 1014 708 Dei

225 732 341 766 peouniis
361 731 485 766 parari‘.
514 730 609 765 Itaque
631 728 769 763 Evangelii
785 734 877 756 sermo
896 734 950 754 non
974 730 1016 753 est

227 779 298 805 sicut
324 777 407 804 verba
432 784 447 804 ιι
480 776 661 810 ventriloquis
686 774 808 802 vendita.
830 773 917 806 Quam
941 772 1015 801 enim

228 822 315 856 possit
340 821 402 856 quis
424 820 574 855 rependere
600 819 847 846 remunerationem
877 815 1016 851 Evangelii

227 867 320 894 verbis
339 867 469 902 dignam?
489 866 618 893 Davidem
643 865 705 892 andi
728 864 820 891 animo
843 862 1014 898 pendentem,

228 920 260 941 ac
278 913 411 940 dicentem
429 921 436 939 :
451 911 521 944 Quid
536 911 680 937 retribuam
697 909 810 936 Domino
831 915 878 942 pro
894 908 1014 934 onmibus

228 966 288 994 qua;
306 958 429 997 retribuit
452 957 517 984 milii
529 957 559 984 ’ἲν
577 956 636 984 Νοιι
657 959 700 983 est
722 955 804 991 igitur
820 962 935 982 munera
950 953 1016 981 dare

229 1005 263 1032 de
281 1012 325 1035 eo,
341 1012 401 1039 quae
414 1004 474 1038 ejus
489 1004 561 1031 dono
577 1002 683 1038 possint
698 1001 827 1029 conferri.
846 999 935 1027 Unum
956 1006 1017 1026 mu-

231 1058 285 1078 nus
297 1050 408 1085 dignum
425 1049 518 1082 fuerit,
534 1049 557 1076 si
575 1049 602 1075 id
614 1047 688 1083 quod
705 1048 752 1075 dat
768 1046 950 1074 custodiatur.
964 1044 1017 1077 Qui

229 1097 278 1124 tibi
296 1097 370 1124 hunc
382 1096 542 1124 thesaurum
565 1095 712 1125 concessit.
729 1093 789 1120 dari
809 1093 925 1128 pretium
943 1090 1018 1118 haud

230 1142 326 1177 exigit,
346 1141 394 1169 sed
409 1140 563 1168 custodiam
580 1147 610 1167 re
624 1140 685 1166 data
701 1139 822 1174 dignam.

230 1188 286 1223 83
300 1187 427 1221 Ejusdem
437 1195 470 1214 ex
483 1186 596 1225 epistula
611 1185 645 1211 ad
659 1185 868 1225 chorepiecopos,
883 1184 953 1218 quod
966 1190 1019 1211 non

388 1226 505 1255 oporteat
523 1221 605 1255 pretio
621 1227 712 1246 manus
729 1221 867 1254 imponere.

271 1299 411 1327 Putantse
431 1300 490 1328 ideo
508 1306 560 1326 non
587 1305 711 1333 peccare,
727 1297 800 1333 quod
824 1305 879 1325 non
897 1302 960 1325 ante
974 1304 1020 1325 ac-

234 1347 346 1384 cipiant,
370 1346 418 1375 sed
447 1350 508 1381 post
533 1345 734 1373 ordinationem
756 1344 903 1379 accipiant.
938 1343 1020 1371 Acci-

234 1402 298 1430 pere
308 1397 396 1421 autem
411 1396 451 1420 cst
463 1392 682 1428 quandocunque
692 1390 825 1425 accipere.
835 1390 909 1426 Rogo
918 1391 1019 1424 itaque,

235 1440 352 1468 reditum
374 1439 461 1471 illum,
479 1438 536 1466 sive
555 1438 645 1473 potius
663 1437 734 1464 viam
753 1437 779 1463 in
796 1436 948 1471 gehennam
969 1437 1021 1464 du-

235 1490 340 1514 centem
355 1485 509 1520 relinquite,
521 1492 571 1511 nec
588 1491 687 1511 manus
699 1482 834 1517 ejusmodi
859 1482 1021 1509 muneribus

236 1532 463 1565 contaminantes,
480 1532 605 1567 indignos
623 1539 672 1559 vos
688 1529 811 1559 elliciatis
825 1528 872 1564 qui
883 1528 1020 1564 mysteria

237 1582 331 1608 sancta
342 1578 491 1606 celebretis.
509 1577 553 1605 Sic
566 1578 646 1604 etiam
659 1586 720 1612 paq.
738 1577 801 1604 522.

362 1625 402 1652 Ea:
415 1625 469 1651 vita
479 1623 686 1651 sanctiluannia
702 1623 890 1659 Chrysostomi.

275 1705 399 1732 Accessit
411 1704 443 1732 ad
459 1712 509 1731 nos
523 1703 677 1738 episcopos,
694 1702 793 1736 prolixi
806 1701 942 1730 sermonis
957 1708 1024 1728 cau-

239 1759 279 1784 sa,
289 1751 423 1778 Eusebius
439 1754 581 1778 accusator
593 1756 638 1776 sex
649 1748 816 1782 reliquorum
825 1747 1023 1783 episcoporum,

244 1805 342 1833 rogans
355 1801 384 1824 ut
399 1798 430 1824 ad
446 1795 666 1824 communionem
685 1793 883 1820 admitteretur.
908 1793 1025 1820 Contra-

240 1844 335 1873 dicunt
367 1843 477 1878 quidam
499 1840 629 1876 episcopi,
650 1839 817 1874 adduntque,
843 1838 1025 1866 calumniator

242 1896 304 1916 cum
322 1892 405 1920 esset,
423 1895 476 1916 non
499 1890 624 1921 oportere
638 1886 727 1920 ipsum
741 1884 857 1913 admitti.
876 1883 941 1911 Post
968 1883 1026 1910 haec

241 1934 403 1969 supplicavit
429 1933 522 1961 dicens
542 1941 548 1960 :
567 1932 701 1965 Quoniam
722 1939 806 1958 causa
837 1931 888 1958 ista
915 1929 1026 1958 bicnnlo

240 1981 359 2010 maxima
376 1987 408 2006 ex
420 1984 496 2014 parte
507 1979 662 2007 examinata
680 1981 733 2010 est,
746 1981 773 2005 et
789 1977 822 2004 ad
838 1975 948 2004 testium
977 1975 1026 2002 ad-

241 2032 351 2057 ventum
374 2025 445 2054 facta
467 2030 508 2053 est
529 2025 633 2058 dilatio,
659 2033 725 2061 rogo
744 2025 870 2060 pietatem
895 2027 1025 2054 vestram,

242 2079 271 2101 ut
286 2073 365 2101 hodie
382 2073 495 2107 jamjam
511 2076 595 2100 testes
615 2073 776 2107 producam.
804 2069 863 2098 Etsi
881 2069 952 2097 enim
970 2069 1027 2098 An-

243 2119 354 2147 toninus
379 2123 504 2146 mortuus
518 2122 571 2150 est,
586 2117 633 2152 qui
646 2124 774 2144 nummos
789 2115 893 2150 accepit
909 2119 936 2141 et
951 2113 1025 2141 ordi-

243 2166 327 2197 navit,
350 2170 469 2192 attamen
496 2168 643 2199 supersunt
657 2167 685 2190 et
708 2163 754 2198 qui
772 2163 915 2194 dederunt,
934 2163 966 2188 'et
981 2161 1026 2195 qui

1062 274 1145 300 κεῖνοι
1162 272 1212 307 μὲν
1227 272 1270 298 ἐπ’
1285 271 1411 307 ἀργυρίῳ
1427 269 1616 306 μαντεύονται’
1628 269 1707 296 τοῦτο
1719 269 1775 304 γάρ
1787 270 1847 296 ἔστι

1060 319 1091 345 τὺ
1109 317 1311 351 καταγέλαστον
1343 317 1383 343 ὅτι
1404 316 1451 343 καὶ
1473 315 1604 351 ἀργύριον
1633 315 1723 346 αὐτοῖς
1739 313 1848 341 τελοῦσι

1063 364 1156 400 μισθὸν
1167 362 1214 390 τοῦ
1224 362 1338 397 ψεύδους
1348 362 1372 388 οί
1381 359 1566 395 ἀπατώμενοι.
1580 359 1665 387 Τοῦτο
1678 360 1708 386 δὲ
1718 360 1793 394 τδῥῆ
1797 367 1847 395 μα,

1061 409 1180 436 τοιοῦτόν
1193 409 1251 434 ἐστι
1267 407 1314 434 τοῦ
1332 406 1488 442 νομοθέτου,
1508 406 1557 432 οὐκ
1571 405 1629 432 ἐστι
1643 404 1763 432 τοιοῦτον
1777 404 1850 431 ὥστε

1061 457 1135 491 δῶρα.
1151 455 1243 482 δοῦναι
1272 453 1339 488 περὶ
1364 451 1467 479 αὐτοῦ·
1497 451 1584 483 οὐδεὶς
1616 451 1670 487 γὰρ
1694 451 1743 486 τὴν
1768 450 1851 486 χάριν

1062 502 1109 529 τοῦ
1123 501 1190 528 Θεοῦ
1202 500 1372 527 ἀποδίδοται·
1385 499 1511 532 Δωρεὰν,
1529 497 1614 533 φησὶν
1624 517 1631 528 ,
1647 496 1780 528 ἐλάϐετε,
1795 495 1852 523 δω‹

1059 547 1134 582 psth-
1146 547 1224 573 δότε.
1250 546 1332 581 Ὁρᾷς
1346 545 1404 577 πῶς
1417 545 1592 580 ἠγανάκτησε
1615 542 1718 577 Πέτρος
1736 542 1783 568 ἐπὶ
1809 541 1851 576 τῷ

1064 595 1177 629 Σίμωνι,
1191 592 1322 628 ἀργύριον
1339 592 1408 626 ὑπὲρ
1425 591 1473 625 τῆς
1486 590 1533 617 τοῦ
1555 589 1714 624 Πνεὺματος
1741 588 1852 623 χάριτος

1064 638 1300 675 προσκομίοαντι;
1319 637 1354 664 Τὸ
1369 636 1424 671 γὰρ
1447 635 1589 670 ἀργύριόν
1612 642 1681 666 σου,
1697 635 1774 669 φησὶ,
1791 633 1852 660 σὺν

1064 685 1115 713 σοι
1131 685 1178 718 ειη
1197 685 1240 716 εις
1254 683 1416 714 ἀπώλειαν,
1432 682 1477 709 ὅτι
1492 682 1637 715 ἐνόμισας
1655 680 1713 714 τὴν
1738 678 1853 713 δωρεὰν

1065 729 1118 755 τοῦ
1135 728 1208 755 Θεοῦ
1222 726 1271 755 διὰ
1284 726 1443 761 χρημάτων
1469 725 1606 753 κτᾶσθαι.
1627 725 1685 752 Οὐκ
1716 724 1789 751 ἐστιν
1805 722 1854 750 οὖν

1066 774 1080 800 6
1104 773 1152 800 τοῦ
1172 773 1338 807 Εὑαγγελίου
1355 772 1434 805 λόγος
1450 771 1488 803 ὡς
1505 771 1540 797 τὰ
1565 770 1727 805 πωλούμενα
1742 770 1854 805 ῥήματα

1066 819 1119 846 τῶν
1130 817 1367 853 ἐγγαστριμύθων.
1383 817 1415 843 Τί
1429 817 1483 852 γὰρ
1495 816 1528 843 ἄν
1542 825 1584 848 τις
1596 815 1650 852 δῲη
1670 815 1744 848 ἄξιον
1762 814 1855 841 αὐτῶν

1068 865 1261 898 ἀντάλλαγμας
1288 863 1370 890 ἄκουε
1398 862 1445 889 τοῦ
1463 862 1544 891 Δαὸὶδ
1567 861 1733 897 ἀποροῦντος
1747 861 1794 887 καὶ
1809 859 1856 887 λέ·-

1068 919 1160 945 γοντος
1172 918 1179 925 ·
1197 911 1228 936 Τί
1237 908 1438 937 ἀνταποδώσω
1447 908 1487 941 τῷ
1494 908 1592 941 Κυρίῳ
1601 906 1668 942 περὶ
1677 907 1798 934 πάντων
1810 902 1857 933 ὧν

1067 955 1256 985 ἀνταπέδωκέ
1274 963 1340 990 ttat;
1361 956 1417 982 Οὐκ
1433 954 1505 981 ἐστιν
1521 953 1567 981 οὖν
1591 953 1665 988 δῶρα
1683 952 1775 979 δοῦναι
1789 951 1857 987 περὶ

1066 1003 1173 1036 τούτου,
1191 1001 1305 1034 ἀντάξια
1319 1001 1369 1036 τῆς
1394 1000 1442 1027 ἀπ’
1464 999 1548 1026 αὐτοῦ
1565 998 1686 1034 χάριτος.
1703 997 1752 1024 Ἐν
1767 997 1858 1032 δῶρον

1068 1049 1142 1082 ἄξιον
1157 1049 1173 1084 ἡ
1190 1047 1298 1083 φυλακὴ
1312 1046 1360 1073 τοῦ
1377 1045 1562 1081 δωρηθέντοςο
1579 1045 1594 1071 ὁ
1607 1043 1669 1075 δούς
1693 1051 1734 1070 σοι
1747 1042 1793 1069 τδν
1806 1041 1858 1077 θη-

1069 1095 1179 1131 σαυρὸν,
1196 1095 1256 1130 οὐχὶ
1270 1094 1353 1129 τιμὴν
1368 1092 1480 1120 άπαιτεῖ
1499 1090 1547 1118 τοῦ
1569 1090 1702 1123 δοθέντος,
1719 1089 1787 1116 ἀλλὰ
1800 1096 1856 1123 φυ-

1069 1142 1154 1178 λακὴν
1168 1141 1245 1174 ἀξίαν
1257 1140 1304 1167 τοῦ
1314 1138 1467 1174 δεδομένου.
1502 1169 1505 1172 ⁴

1072 1189 1128 1217 Τοῦ
1142 1187 1235 1215 αὑτοῦ
1255 1186 1289 1213 ἐκ
1304 1185 1359 1219 τῆς
1377 1182 1542 1219 ἐπιστολῆς
1556 1181 1611 1219 τῆς
1626 1181 1701 1215 πρὸς
1715 1179 1786 1219 me;
1803 1179 1859 1219 ιξιςοξ

1104 1214 1214 1250 ἑαυτὸν
1231 1214 1417 1252 ἐπισκόπους
1427 1240 1435 1252 ,
1455 1214 1536 1246 ὥστε
1548 1214 1590 1251 μὴ
1611 1214 1792 1252 χειροτονεῖν
1805 1214 1859 1242 ἐπι

1105 1265 1216 1293 χρημα-

1105 1304 1256 1340 Νομίζουσι
1270 1302 1307 1338 μὴ
1323 1301 1488 1337 ἁμαρτάνειν
1505 1298 1543 1334 τῷ
1557 1298 1594 1334 μὴ
1609 1297 1667 1333 ἅμα
1679 1295 1861 1332 προσλαμὸά-

1071 1360 1137 1383 νειν,
1158 1349 1226 1377 ἀλλὰ
1241 1348 1310 1384 μετά
1326 1348 1377 1383 τὴν
1396 1345 1564 1382 χειροτονίαν
1581 1343 1741 1379 λαμϐάνειν.
1756 1341 1861 1368 Λαϐεῖν

1071 1398 1101 1425 δέ
1122 1399 1180 1423 ἔστι
1196 1396 1226 1423 τὺ
1240 1394 1333 1421 λαϐεῖν
1348 1393 1503 1426 ὁτεδήποτε.
1521 1389 1675 1426 Παρακαλῶ
1689 1385 1735 1414 οὖν
1752 1385 1859 1421 ταύτην

1072 1444 1123 1478 τὴν
1137 1441 1278 1477 πρόσοδον,
1296 1439 1399 1475 μᾶλλον
1421 1438 1450 1464 δὲ
1469 1437 1517 1472 τὴν
1539 1431 1788 1478 προσαγωγὴνντὴν
1811 1431 1862 1459 ἐπὶ

1073 1477 1184 1523 γέενναν
1200 1485 1367 1513 ἀποθέσθαι·
1389 1483 1437 1510 καὶ
1452 1481 1490 1517 μὴ
1503 1480 1553 1512 τὰς
1573 1481 1668 1516 χεῖρας
1692 1477 1863 1523 μολύναντας

1074 1521 1206 1563 τοιούτοις
1222 1532 1374 1567 λήμμασιν,
1391 1529 1504 1559 ἑαυτοὺς
1519 1525 1647 1558 ἀναξίους
1662 1524 1795 1559 ποιήσητε
1810 1521 1861 1549 τοῦ

1074 1577 1207 1605 ἐπιτελεῖν
1226 1575 1292 1610 ἅγια.
1307 1575 1451 1610 μυστήρια.

1081 1625 1129 1652 Ἐκ
1151 1622 1206 1650 τοῦ
1224 1622 1296 1655 ,βίου
1320 1621 1373 1648 τοῦ
1391 1620 1478 1681 άγίιέυ
1501 1617 1642 1645 Ἰωάννου
1662 1614 1716 1642 τοῦ
1741 1614 1864 1648 Χρυσο-

1407 1663 1445 1681 στ
1463 1662 1530 1681 uov.

1407 1662 1530 1689 στομου.

1110 1705 1265 1742 Προσῆλθεν
1290 1705 1305 1731 ὁ
1325 1703 1374 1738 τῆς
1397 1699 1584 1737 μακρηγορίας
1608 1698 1674 1734 ἡμῖν
1697 1695 1783 1742 αἴτιος
1805 1694 1866 1742 τοῖς

1075 1740 1235 1782 ἐπισκόποις
1252 1750 1335 1776 πᾶσιν
1352 1746 1481 1778 Εὐσέϐιος
1494 1747 1507 1772 ὁ
1522 1744 1674 1779 κατήγορος
1686 1741 1740 1768 τῶν
1755 1740 1785 1773 ἓξ
1807 1740 1866 1766 λοι-

1076 1796 1135 1823 πῶν
1163 1794 1336 1825 ἐπισκόπων,
1366 1791 1449 1825 ἀξιῶν
1483 1789 1610 1825 δεχθῆναι
1640 1788 1681 1819 είς
1708 1785 1866 1814 κοινωνίαν.

1076 1838 1320 1877 Προσαντιλέγουσί
1337 1845 1408 1868 τινες
1429 1835 1483 1865 τῶν
1498 1834 1664 1865 ἐπισκόπων,
1682 1832 1718 1867 μὴ
1739 1832 1794 1858 δεῖν
1812 1830 1868 1856 αὑ-

1076 1874 1123 1914 rev
1138 1885 1263 1921 δεχθῆναι
1283 1885 1321 1915 ὡς
1343 1882 1521 1916 συκοφάντην.
1545 1879 1609 1907 Ἐπὶ
1633 1876 1734 1908 τούτοις
1755 1874 1868 1901 ἱκέτευε

1076 1934 1162 1967 λέγων
1169 1919 1184 1946 ’ἱ
1197 1930 1306 1965 Ἐπειδὴ
1318 1930 1335 1964 ἡ
1349 1928 1411 1963 δίκη
1427 1927 1457 1956 τι
1472 1926 1596 1953 πλεῖστον
1610 1923 1691 1959 μέρος
1701 1921 1802 1967 ιπιεῖη
1816 1919 1868 1947 δύο

1077 1965 1254 2010 ἐϐασανίσθη,
1269 1975 1309 2006 εἰς
1321 1974 1460 2009 μάρτυρας
1471 1971 1500 1997 δὲ
1515 1970 1659 2004 γεγένηται
1673 1968 1688 2002 ἡ
1705 1965 1867 2001 ὑπέρθεσις,

1077 2024 1174 2059 δέομαι
1192 2022 1242 2056 τῆς
1270 2019 1406 2055 ὑμετέρας
1432 2016 1569 2051 θεοφιλίας
1593 2014 1712 2049 σήμερον
1735 2011 1868 2046 παραυτά

1077 2069 1167 2101 δοῦναι
1187 2076 1221 2103 με
1242 2067 1305 2097 τοὺς
1329 2065 1480 2102 μάρτυρας.
1505 2061 1537 2088 Et
1559 2060 1613 2095 γὰρ
1632 2060 1680 2086 καὶ
1708 2058 1868 2088 Ἀντωνῖνος

1079 2115 1272 2149 τετελεύτηκεν
1283 2111 1441 2142 ἐπίσκοπος,
1455 2110 1469 2136 ὁ
1480 2108 1570 2134 λαϐὼν
1584 2106 1614 2135 τὸ
1627 2105 1737 2141 χρυσίον
1755 2103 1802 2130 καὶ
1812 2111 1870 2138 χει-

1081 2162 1246 2198 ροτονήσας,
1270 2158 1327 2188 ἀλλ’
1344 2154 1390 2184 οὖν
1411 2164 1443 2190 γε
1465 2155 1590 2190 μένουσιν
1606 2152 1631 2178 οἱ
1649 2150 1794 2180 δεδωκότες
1819 2150 1870 2176 καὶ

242 2212 359 2240 ordinati
381 2216 454 2238 sunt.
469 2210 577 2238 Justum
592 2209 680 2236 visum
700 2213 742 2237 est
768 2208 893 2244 prazsenti
921 2208 1021 2243 synodo

1080 2194 1326 2244 ietpo'rov'qﬁévrsg.
1346 2201 1506 2229 Ἑδικαίωσε
1523 2199 1612 2226 τοίνυν
1627 2199 1643 2233 ἡ
1661 2196 1785 2231 παροῦσα
1802 2194 1870 2221 σῦν-

243 2267 299 2286 rcm
314 2259 445 2294 perquiri.
459 2258 557 2293 Incipit
568 2265 650 2286 causa
661 2264 675 2283 a
690 2256 804 2283 lectione
818 2260 955 2287 actorum,
967 2261 1028 2289 qnze

243 2305 318 2340 prius
337 2305 408 2332 facta
417 2305 536 2334 fuerant.
548 2303 665 2338 ingressi
679 2307 743 2330 sunt
765 2306 857 2333 testes,
873 2299 988 2335 ingrcssi
1001 2304 1029 2326 et

243 2359 289 2379 sex
309 2351 346 2378 illi
362 2351 408 2384 qui
425 2350 567 2385 pecuniam
583 2349 725 2380 dederant,
739 2352 765 2374 et
775 2347 892 2374 ordinati
907 2345 1026 2373 fuerant.

245 2396 276 2423 lit
290 2395 367 2422 initio
394 2394 505 2429 quidem
523 2393 668 2428 negabant.
686 2391 855 2419 lnstantihus
878 2395 967 2418 autem
988 2394 1028 2416 tc-

242 2442 331 2469 stibus
358 2441 456 2475 partim
486 2439 574 2471 laicis,
594 2438 691 2473 partim
720 2436 903 2472 presbyteris,
929 2435 1029 2470 quibus

243 2488 380 2515 t-onlidere
406 2487 580 2517 videbantur,
606 2491 710 2512 necnon
739 2483 901 2511 mulieribus
915 2482 1030 2518 quihus-

243 2536 317 2566 dam.
340 2534 387 2570 qui
413 2533 495 2560 etiam
514 2532 657 2568 pignorum
692 2538 740 2558 seu
766 2537 909 2557 munerum
926 2529 1031 2564 species

243 2582 381 2613 dicebant,
404 2586 432 2607 et
443 2580 514 2608 loca.
529 2582 556 2606 et
576 2583 716 2612 tempora,
734 2581 761 2604 et
774 2577 953 2612 quantitatem
967 2583 1029 2603 cum

243 2635 338 2656 eorum
366 2625 533 2654 conscientia
557 2630 632 2654 recta
655 2633 710 2653 non
731 2628 823 2655 esset,
858 2623 930 2650 ultro
966 2629 1031 2650 con-

245 2676 366 2705 ﬁtentur,
381 2673 432 2700 levi
462 2671 583 2699 adhibita
604 2671 767 2699 necessitate
785 2679 792 2697 :
810 2669 947 2701 Dedimus,
965 2675 1031 2695 con-

245 2720 348 2748 fessum
362 2723 414 2752 est,
429 2723 455 2746 et
470 2718 587 2746 ordinati
607 2725 702 2745 sumus
718 2725 724 2744 :
742 2716 822 2744 talem
839 2720 966 2750 putantes
976 2713 1032 2748 84

246 2774 308 2794 esse
324 2765 562 2796 consuetudinem.
577 2768 606 2790 ut
621 2763 774 2790 videremur
786 2770 799 2788 ιι
811 2762 888 2789 curia
913 2760 1030 2788 liberati.

246 2810 281 2840 Et
296 2818 369 2838 nunc
379 2818 500 2843 oranius,
514 2809 537 2837 si
552 2809 594 2837 l'as
607 2813 658 2843 est,
675 2809 759 2836 simus
771 2808 797 2834 in
815 2807 965 2834 ministerio
983 2806 1032 2833 Ec-

284 2889 306 2908 ⁸³
319 2890 414 2919 Matth.
431 2898 456 2920 ι,
474 2890 500 2918 8.
540 2890 619 2918 ¹Λςι.
638 2897 696 2918 νιιι.
710 2888 754 2915 ‘28.
778 2888 786 2903 '
800 2886 870 2916 l‘sal.
889 2894 948 2915 cxv.
969 2887 1010 2914 l2.

1079 2241 1137 2285 οδοξ
1155 2252 1306 2288 ζητηθῆναι
1321 2249 1351 2276 τὺ
1366 2249 1491 2284 πρᾶγμα·
1512 2246 1624 2281 ἄρχεται
1648 2244 1665 2278 ἡ
1690 2242 1818 2271 ὑπόθεσις
1839 2241 1872 2288 eg

1079 2297 1301 2333 ἀναγνωσμάτων
1320 2294 1373 2321 τῶν
1395 2293 1492 2328 πρώην
1515 2289 1690 2326 πραχθέντων
1703 2287 1872 2333 ὑπομνημά-

1079 2332 1143 2375 τωνξ
1160 2343 1290 2378 Είσῆλθον
1305 2342 1329 2368 οἱ
1348 2340 1496 2376 μάρτυρες,
1512 2338 1559 2363 καὶ
1577 2334 1700 2369 εἰσῆλθον
1722 2334 1746 2359 οἱ
1762 2333 1791 2365 ἒξ
1813 2332 1873 2359 τῶν

1079 2390 1234 2418 δεδωκότων
1248 2388 1295 2416 καὶ
1308 2384 1559 2422 χειροτονηθέντων.
1581 2383 1624 2409 Ἐν
1639 2382 1709 2416 ἀρχῇ
1726 2379 1872 2414 ἠρνοῦντο·

1083 2435 1270 2471 ἐπιμενόντων
1296 2433 1325 2459 δὲ
1343 2431 1398 2458 τῶν
1426 2427 1585 2465 μαρτύρων,
1608 2426 1663 2453 τῶν
1690 2425 1739 2460 μὲν
1753 2423 1870 2456 λαῖκῶν,

1081 2483 1134 2510 τῶν
1149 2482 1177 2508 δὲ
1190 2479 1394 2516 πρεσὸυτέρων,
1410 2474 1450 2508 οἷς
1472 2475 1544 2507 ἔδοξε
1557 2472 1755 2512 τεθαρρηκὲναι
1765 2491 1773 2503 ,
1787 2471 1874 2497 τινῶν

1081 2530 1109 2557 δὲ
1118 2526 1323 2563 καὶγυναικῶν,
1335 2525 1383 2554 καὶ
1392 2523 1425 2550 τὰ
1438 2523 1494 2555 εἴδη
1504 2521 1559 2548 τῶν
1574 2519 1709 2555 ἐνεχύρων
1722 2517 1872 2552 λεγόντων,

1083 2574 1203 2606 καὶτοὺς
1215 2573 1323 2604 τόπους,
1336 2571 1383 2597 καὶ
1396 2570 1457 2601 τοὺς
1470 2568 1592 2604 καιροὺς.
1605 2566 1652 2593 καὶ
1664 2565 1711 2599 τὴν
1721 2563 1871 2598 ποσότητα,

1082 2621 1112 2648 οὐ
1128 2621 1199 2646 πάνυ
1217 2618 1308 2650 καλῶς
1321 2616 1411 2644 αὐτῶν
1424 2614 1598 2650 διακειμένης
1613 2613 1661 2646 τῆς
1679 2610 1871 2644 συνειδήσεως,

1083 2667 1240 2701 αὐθαίρετοι
1256 2664 1416 2700 ὁμολογοῦσι
1428 2661 1489 2696 δίχα
1503 2660 1602 2694 πολλῆς
1615 2659 1746 2692 ἀνάγκης,
1763 2657 1805 2682 ὅτι
1821 2656 1872 2681 Δε-

1084 2714 1211 2748 δώκαμεν
1235 2713 1282 2739 καὶ
1301 2711 1462 2745 γεγόναμεν·
1478 2707 1606 2741 τοιαύτην
1627 2705 1787 2740 νομίσαντες
1803 2702 1873 2729 ἁκο-

1083 2747 1191 2788 λουθίαν
1207 2757 1286 2790 εἶναι,
1300 2758 1344 2784 ἵνα
1356 2756 1476 2791 δόξωμεν
1488 2754 1538 2788 τῆς
1556 2752 1654 2788 βουλῆς
1673 2750 1723 2784 τῆς
1735 2747 1872 2783 δημοσίας

1083 2805 1303 2843 ἐλευθεροῦσθαι·
1324 2803 1370 2830 καὶ
1384 2802 1431 2829 νῦν
1444 2799 1570 2836 δεόμεθα.
1591 2798 1615 2824 εἰ
1633 2796 1684 2832 μέν
1701 2796 1774 2830 ἐστιν
1785 2794 1871 2825 ὅσιον,
