1951 3081
126 152 180 186 537

133 255 160 280 τ’»
174 256 282 301 χρυσίον
295 256 310 283 δ
323 257 480 294 δεδώκαμεν
496 261 539 287 ἴνα
560 262 696 298 λάϐωμεν·
719 265 773 292 τῶν
792 266 846 301 γὰρ
863 275 912 300 γυ-

134 300 227 326 ναικῶν
246 301 324 336 ἡμῶν
340 303 494 340 δεδώκαμέν
507 314 579 340 τινες
595 308 690 344 σκεύη.
716 310 745 337 '0
768 311 797 338 δὲ
824 300 914 339 Ἰωάν-

133 344 257 390 νηςγπρὺς
279 346 364 373 ταῦτα
381 348 513 384 ὑπέσχετο
538 353 570 386 τῇ
597 353 708 388 συνόδῳ,
728 355 769 381 ὅτι
792 355 846 382 Τοῦ
862 357 913 390 μὲν

133 387 319 426 βουλευτηρίου
338 392 393 426 ιγὼ
407 394 505 426 αὐτοὺς
520 396 568 422 σὺν
580 397 639 432 Θεῷ
653 387 818 427 ἀπαλλάσσω
830 387 913 432 aela-

133 443 179 466 σας
193 435 239 462 τὸν
253 436 376 471 βασιλέα,
389 439 467 474 ὑμεῖς
479 440 507 466 δὲ
523 442 692 476 προστάξατε
708 444 808 476 αὐτοὺς
820 445 913 473 λαϐεῖν

131 480 145 506 ὃ
153 480 296 513 δεδώκασι,
310 484 386 518 παρὰ
397 484 450 511 τῶν
458 485 613 513 Ἀντωνίνου
627 487 812 524 κληρονόμων.
824 490 912 524 Προσο

131 525 222 557 ἔταξεν
244 527 261 561 ὴ
287 526 414 561 σύνοδος,
442 529 473 556 τὸ
495 531 546 565 μὲν
568 533 679 567 χρυσίον
697 534 797 565 αὐτοὺς
820 535 912 563 λαὸεῖν

131 572 203 607 παρὰ
216 572 271 599 τῶν
291 574 448 602 ’Δντωνίνου
464 576 652 612 κληρονόμων,
667 580 805 606 κοινωνεῖν
820 579 848 606 δὲ
869 580 912 607 ἐν-

130 616 172 643 δον
184 616 231 644 τοῦ
253 617 445 655 θυσιαστηρίου
455 628 462 636 ·
485 619 555 649 εῖναι
576 623 605 650 δὲ
618 623 672 650 ἀπὸ
693 624 800 659 ἱερέων,
816 625 859 652 ῐνα
874 625 912 661 μὴ

130 662 230 689 τούτων
255 666 503 700 συγχωρηθέντων,
517 667 576 700 εϐος
599 669 710 704 γένηται
730 670 874 697 Ἰουδαϊκὸν
895 671 912 707 ἢ

129 707 275 741 Αίγύπτιον
289 710 335 736 τοῦ
350 711 449 738 πωλεῖν
462 714 508 740 καὶ
519 713 664 749 ἀγοράζειν
683 715 733 750 τὴν
749 716 912 752 ἱερωσύνην.

130 753 196 779 Φασὶ
209 753 264 790 γὰρ
283 755 328 782 τὸν
341 755 470 790 λυμεῶνα
486 759 532 784 καὶ
550 758 726 795 ψευδώνυμον
739 762 913 797 πατριάρχην

129 799 182 826 τῶν
203 801 350 833 Ἰουδαίων,
367 804 427 829 κατ’
441 804 499 836 ἔτος
515 805 639 840 ἀμείϐειν
654 807 671 842 ἦ
688 809 754 842 παρ’
768 808 827 840 ἔτος
849 810 913 841 τοὺς

130 845 376 881 ἀρχισυναγώγους,
389 849 434 875 ἐπὶ
446 850 562 886 συλλογῇ
575 852 621 877 τοῦ
634 852 776 888 ἀργυρίου.
798 853 912 888 Ὁμοίως

530 161 727 195 SYNTAGMA
737 165 931 198 CANONUM-

950 180 968 186 θ·
979 181 986 186 ·
997 169 1070 201 ΤΙΤ.
1081 172 1106 209 Ι,
1127 173 1205 205 CAP.
1224 175 1328 207 XXIV.

126 211 199 267 ,ἡμᾶς
210 208 279 267 εῖναι
288 211 316 267 é‘v
325 214 358 267 τῇ
368 213 523 266 λειτουργίᾳ
534 218 586 253 τῆς
605 219 779 254 Ἐκκλησίας,
790 222 851 249 ἐπεὶ
863 222 915 249 κᾶν

969 225 1057 254 είθείαε
1073 235 1080 254 :
1098 229 1139 255 sin
1156 230 1257 262 minus,
1274 239 1385 264 aurum.
1400 234 1472 267 quod

1701 181 1754 214 538

1488 235 1625 269 dedimus,
1638 235 1753 271 recipia-

964 278 1027 298 mus
1045 283 1050 299 :
1069 273 1179 307 quidam
1198 276 1270 302 enim
1286 284 1301 303 e
1316 278 1394 305 nobis
1416 287 1532 307 uxorum
1555 281 1750 315 supellectilem

963 314 1099 344 dedimus.
1118 317 1158 344 Ad
1174 319 1233 346 haec
1252 319 1374 349 Joannes
1397 323 1501 357 synodo
1525 314 1663 358 pollicitus
1682 328 1726 352 est
1742 333 1750 352 :

964 360 1041 392 Quod
1055 362 1088 389 ad
1109 363 1215 391 curiam
1232 365 1342 400 quidem
1369 367 1475 399 attinet,
1492 375 1542 401 ego
1559 375 1618 400 eos,
1634 368 1689 396 Deo
1707 369 1753 403 ju-

965 409 1054 437 vante,
1081 406 1212 439 liberabo;
1236 414 1350 437 exorato
1374 410 1539 446 imperatore
1570 420 1641 440 :vos
1661 416 1751 440 autem

963 451 1100 484 mandate,
1122 457 1151 479 ut
1165 453 1199 480 ab
1216 454 1368 483 heredibus
1391 457 1521 484 Antonini
1538 458 1590 493 ipsi
1604 458 1751 494 accipiant,

962 502 1024 529 quae
1049 495 1192 524 dederunt.
1221 497 1352 535 Praecepit
1366 502 1496 536 synodus,
1513 507 1543 530 ut
1567 510 1663 530 aurum
1681 504 1754 531 acci-

963 545 1059 574 perent
1084 542 1119 569 ab
1139 542 1293 572 haeredibus
1315 547 1458 579 Antonini,
1476 553 1503 575 et
1517 549 1754 577 communicarent

963 585 1036 614 intra
1049 588 1136 615 altare
1166 598 1173 616 :
1196 595 1289 618 essent
1308 597 1400 620 autem
1424 594 1480 627 jam
1511 602 1564 621 non
1580 595 1748 628 sacerdotes,

963 639 1010 659 sex
1041 640 1074 660 ex
1103 635 1301 670 sacerdotibus,
1330 645 1384 670 ne,
1401 639 1423 666 si
1447 639 1500 667 ista
1528 640 1752 673 concederentur,

963 684 1024 705 mos
1040 678 1117 706 lieret
1135 679 1266 709 Judaicus
1281 688 1327 709 aut
1339 683 1484 720 Egyptius
1495 706 1503 718 ,
1520 685 1653 713 vendendi
1670 690 1754 720 atque

963 724 1071 750 emendi
1095 725 1289 754 sacerdotium.
1317 728 1418 756 Dicunt
1431 730 1504 757 enim
1527 731 1710 765 pestilentem,
1726 735 1755 758 et

967 768 1067 797 falsum
1077 769 1235 800 Judxorum
1248 774 1430 808 patriarcham
1443 796 1450 808 ,
1465 777 1580 811 singulis
1596 777 1687 808 annis,
1705 782 1755 804 ant

964 823 1037 842 anno
1065 816 1225 851 interjecto,
1255 827 1397 855 synagoga:
1422 821 1560 856 principes
1585 826 1693 849 mutare
1720 821 1753 849 ad

964 859 1158 886 corradendam
1172 863 1325 895 pecuniam,
1339 863 1465 891 similiter
1476 869 1504 891 et
1515 865 1596 899 hujus
1613 865 1752 897 aemulum.

131 892 232 919 καὶτὸν
243 892 368 929 ζηλωτὴν
382 894 483 922 τούτων
499 896 543 922 τδν
559 897 715 930 Αίγυπτίων
730 899 911 935 πατριάρχην·

969 903 1150 939 (Egyptiorum
1172 890 1360 939 patriarcham
1373 928 1381 940 ,
1398 914 1429 936 ut
1451 890 1595 943 impleatur
1609 910 1676 937 illud
1692 917 1754 945 pro-

130 937 171 965 ῐια
188 938 319 974 πληρωθῇ
333 939 365 966 τὸ
381 941 558 981 πρρφητικόν·
577 943 609 969 Ol
623 943 711 977 ιερεῖς
729 943 824 979 αὐτῆς
842 945 914 979 μετὰ

131 982 229 1017 δώρων
241 984 457 1019 ἁπεκρίναντοξ,
472 986 559 1014 καίοι
572 988 722 1023 προφῆται
735 989 832 1024 αὐτῆς
839 991 915 1025 μετὰ

131 1028 271 1064 ἀργυρίου
282 1030 489 1064 ἐμαντεύοντο.

138 1075 183 1103 Ἐκ
197 1076 260 1116 τῶν
269 1077 406 1116 κανόνων
421 1078 481 1105 τῶν
495 1081 541 1116 χλ¹
556 1079 648 1114 (ig-law
662 1081 801 1116 Πατάρων
811 1081 871 1109 τῶν
879 1082 915 1109 ὲν

235 1112 405 1146 Χαλκηδόνι
419 1112 640 1148 συνελθόντων,
657 1112 757 1143 κανὼν
771 1115 806 1152 β’.

163 1154 196 1182 6'.
210 1156 244 1182 Εῖ
251 1165 292 1188 τις
303 1157 450 1190 ἐπίσκοπος
466 1158 512 1185 ἐπὶ
526 1160 649 1195 χρήμασι
660 1161 825 1196 χειροτονίαν
833 1162 913 1197 ποιή-

131 1209 218 1234 σαιτο,
231 1210 258 1229 κ.
273 1210 299 1230 τ.
312 1201 339 1230 λ.

135 1246 184 1274 Ἕκ
202 1246 261 1282 τῆς
280 1247 444 1282 ἐγκυκλίου
460 1249 627 1284 ἐπιστολῆς
649 1251 815 1280 Γενναδίου
831 1254 914 1280 Kair-

370 1286 660 1319 σταντινουπόλεως.

164 1327 244 1355 Ἐστι
258 1329 348 1356 τοίνυν
363 1329 564 1366 ἀποκήρυκτος,
581 1341 609 1359 κ.
628 1341 654 1359 τ.
670 1333 696 1360 λ.
713 1341 796 1368 utque
809 1334 844 1361 ad
859 1343 913 1370 μα-

131 1374 218 1409 μωνᾷ.

137 1418 185 1447 Ἐκ
214 1419 275 1447 τῶν
287 1421 423 1449 κανόνων
454 1422 509 1456 τῆς
537 1422 624 1457 ἁγίας
651 1423 741 1458 ἕκτης
768 1425 913 1459 συνόδου,

461 1457 562 1484 κανὼν
578 1458 630 1493 κβ’.

461 1465 562 1484 κανων
578 1465 618 1486 κη’
623 1478 630 1486 υ

164 1500 214 1528 κδ’.
232 1500 304 1533 Τοὺς
318 1501 364 1529 ἐπὶ
379 1503 500 1538 χρήμασι
514 1504 768 1540 χειροτονουμὲνους
778 1525 785 1538 ,
801 1514 828 1533 κ.
843 1515 869 1533 τ.
885 1506 912 1534 λ.

965 949 1074 983 phelze:
1101 949 1254 979 Sacerdotes
1279 953 1335 987 ejus
1355 962 1415 980 cum
1438 955 1588 982 muneribus
1613 956 1753 990 responde-

964 996 1038 1029 bant,
1052 1001 1077 1024 et
1089 997 1224 1031 prophetae
1237 998 1295 1032 ejus
1307 1007 1368 1027 cum
1382 1001 1494 1035 pecunia
1503 1002 1716 1028 vaticinabantur
1730 1003 1751 1030 ³.

965 1088 1008 1116 Ea;
1025 1090 1168 1118 canonibus
1183 1096 1365 1120 sexcentarum
1379 1093 1490 1120 Patrum
1508 1093 1673 1122 Chalcedone
1690 1101 1755 1121 con-

1211 1132 1377 1162 gregatarum
1392 1136 1477 1155 canon
1491 1128 1520 1156 2.

999 1172 1027 1200 2.
1048 1172 1077 1200 Si
1092 1173 1155 1208 quis
1170 1173 1313 1209 episcopus
1330 1179 1439 1209 propter
1461 1176 1590 1210 pecunias
1604 1174 1753 1203 ordinatio-

964 1225 1026 1246 nem
1045 1217 1149 1250 fecerit,
1167 1224 1219 1246 etc.
1232 1225 1261 1246 ut
1275 1228 1337 1255 pag.
1352 1220 1415 1248 5l5.

1000 1262 1043 1290 Ea:
1068 1263 1181 1298 epistola
1205 1266 1344 1327 angelica!
1358 1264 1488 1306 annadii
1511 1264 1753 1299 Constantinopoli-

1346 1309 1402 1327 am.

1346 1309 1402 1328 ant.

999 1342 1040 1371 Sit
1055 1350 1129 1379 ergo,
1141 1347 1207 1378 etc.,
1218 1351 1299 1379 usque
1317 1344 1352 1371 ad
1369 1343 1540 1376 Mammonae,
1553 1348 1583 1371 ut
1598 1352 1660 1379 pag.
1672 1343 1736 1372 526.

999 1429 1043 1456 Ea:
1068 1428 1212 1456 nationibus
1240 1433 1339 1456 sancta:
1372 1428 1466 1490 aggredi
1492 1429 1657 1457 mcumem'ca:
1679 1437 1718 1462 vt,

1277 1472 1362 1490 canon
1414 1483 1421 1490 .

1277 1472 1362 1491 canon
1374 1472 1421 1490 22.

993 1508 1040 1536 22.
1049 1508 1102 1535 Eos
1108 1508 1153 1543 qui
1160 1507 1229 1536 datis
1237 1508 1358 1544 pecuniis
1367 1509 1536 1540 ordinantur,
1544 1513 1608 1542 etc.,
1618 1513 1646 1535 ut
1654 1517 1680 1544 ρ.
1690 1508 1754 1536 515.

170 1545 346 1582 Ἀκούσωμεν
367 1547 453 1574 ταῦτα
477 1548 565 1577 πάντα
588 1550 636 1577 καὶ
656 1551 863 1586 ἑνωτισώμεθα,
882 1553 912 1579 οὗ

1000 1553 1133 1588 Agedum,
1149 1552 1263 1580 auribus
1281 1552 1472 1587 mentibusque
1495 1554 1555 1580 haec
1577 1552 1660 1579 verba
1678 1559 1755 1580 reco-

131 1591 208 1627 μόνον
221 1592 363 1628 ἀρχιερεῖς
385 1593 432 1620 καὶ
454 1594 548 1629 ίερεῖς,
571 1596 619 1623 καὶ
634 1596 659 1622 οἱ
674 1596 712 1632 τῷ
732 1597 825 1632 κλήρῳ
847 1606 914 1624 κατ-

129 1638 323 1674 ηριθμημένοι,
343 1638 411 1667 ἀλλά
425 1640 472 1666 καὶ
487 1640 587 1672 πάντες
605 1642 630 1667 οἱ
654 1641 845 1675 κατοικοῦντες
868 1644 916 1679 τὴν

129 1683 303 1719 οἰκουμένην.
326 1685 375 1711 Δεῖ
389 1684 443 1720 γὰρ
463 1687 662 1722 περισσοτέρως
683 1688 757 1724 ἡμᾶς
773 1689 918 1724 προσέχειν

130 1728 182 1758 τοῖς
198 1728 374 1762 ἀκουσθεῖσι,
406 1730 443 1764 μή
472 1738 537 1756 ποτε
569 1732 788 1767 παραρῤυῶμεν·
816 1733 857 1760 ὅτι
886 1734 916 1761 οὗ

130 1772 261 1808 φθαρτοῖς
283 1774 407 1810 ἀργυρίῳ
428 1775 445 1810 ἢ
471 1775 574 1811 χρυσίῳ
591 1777 784 1812 ὴγοράσθημεν
810 1780 843 1807 ἐκ
868 1780 918 1814 τῆς

132 1820 248 1851 ματαίας
264 1819 416 1853 παραδότου
430 1820 621 1856 ἀναστροφῆς,
639 1821 706 1849 ἀλλὰ
718 1823 801 1858 τιμίῳ
817 1823 915 1858 αἵματι

128 1861 165 1893 ὡς
181 1863 270 1899 ἀμνοῦ
286 1864 401 1899 ἀμώμου
416 1865 464 1892 καὶ
479 1866 593 1893 ἀσπίλου
615 1867 699 1902 Ἰησοῦ
717 1869 846 1904 Χριστοῦ.
864 1869 917 1896 Οὕ-

128 1916 181 1940 τως
195 1910 272 1945 ἡμᾶς
285 1910 397 1944 δίδαξον,
415 1911 480 1946 ἄνερ
493 1911 634 1947 ἱερώτατε,
649 1913 762 1940 ἔπεσθαι
777 1916 833 1946 τοῖς
852 1923 919 1950 γρα-

129 1957 218 1988 φικοῖς
233 1956 284 1983 καὶ
296 1957 483 1991 εὐαγγελικοῖς
503 1958 550 1984 καὶ
568 1959 756 1991 ἀποστολικοῖς
768 1962 919 1993 κανονικοῖς

128 2008 157 2028 τε
169 2001 215 2028 καὶ
231 2004 377 2037 πατρικοῖς
388 2003 611 2039 παραγγέλμασι.
626 2004 781 2040 Πειθόμεθα
792 2005 846 2041 γὰρ
862 2007 919 2038 τοῖς

129 2045 233 2080 ῥήμασι
251 2046 301 2073 τοῦ
319 2047 450 2083 στόματος
468 2049 558 2083 ὑμῶν.
573 2049 636 2076 Ἐπὶ
651 2050 706 2076 τῶν
727 2050 837 2085 ὑψηλῶν
854 2052 919 2079 ἀνά-

129 2090 202 2125 ϐηθι,
219 2091 331 2126 ὕψωσον
345 2094 373 2119 ἑν
390 2093 461 2127 ίσχύῐ
475 2093 524 2128 τὴν
542 2095 635 2130 φωνήν
654 2103 713 2121 σου·
727 2095 875 2131 πορεύθητι
890 2097 919 2124 ὲν

128 2135 284 2172 πλατυσμῷ
294 2157 302 2170 ,
317 2138 434 2174 κήρυξον
456 2139 526 2173 μετά
540 2141 706 2177 παρρησίας
721 2141 795 2173 ὅπως
817 2142 918 2177 ἐξαρθῇ

127 2182 175 2208 καὶ
189 2184 230 2214 εἰς
242 2184 409 2219 ἀφανισμόν·
425 2185 564 2220 οἰχήσεται
580 2186 596 2220 ἡ
610 2186 653 2214 διὰ.
666 2188 815 2222 χρημάτων
830 2197 918 2223 χειρο-

127 2226 223 2262 θεσία,
238 2228 289 2255 καὶ
304 2229 357 2255 πᾶν
369 2229 395 2255 ετ
410 2238 436 2255 τι
448 2229 533 2267 ταύτῃ
550 2230 594 2257 διὰ
616 2232 798 2268 φιλαργυρίαν
811 2233 917 2260 ἀδικίαν

126 2278 156 2296 τε
172 2272 219 2298 καὶ
240 2273 377 2307 ἐμπορίαν
400 2274 600 2310 αἰσχροκερδῶς
623 2277 793 2311 παρέπεται·
817 2278 918 2313 ταύτης

131 2317 181 2352 {ip
199 2318 272 2352 μετὰ
286 2318 341 2344 τῶν
359 2320 569 2355 συστοιχούντων
584 2321 651 2359 αὐτῇ
670 2322 867 2358 ἐξαιρουμένης
885 2325 918 2351 ἐκ

126 2361 173 2387 τοῦ
194 2362 443 2397 περιουτίουολαοῦ
454 2385 461 2397 ,
477 2365 523 2392 τοῦ
543 2366 580 2403 τῷ
602 2366 715 2401 ὀνόματι
731 2368 849 2402 Χριστοῦ
872 2377 919 2395 κε-

127 2407 280 2442 κλημένου,
297 2409 343 2435 καὶ
364 2409 468 2445 δωρεὰν
484 2410 610 2446 τυχόντος
623 2411 670 2446 τῆς
687 2411 900 2448 ἀπολυτρώσεως
910 2433 918 2446 ,

126 2454 218 2480 πάντα
233 2455 271 2481 τὰ
283 2456 316 2489 τῇ
335 2455 418 2490 κακίᾳ
433 2456 602 2490 συνεπόμενα
618 2458 759 2491 μιάσματα
773 2458 919 2494 πρόρριζον

128 2500 412 2536 συνεκτμηθήσονται·
429 2502 475 2528 καὶ
485 2503 509 2528 ot
521 2503 602 2538 ἱερεῖς
612 2503 649 2535 ὡς
663 2504 750 2538 φοίνιξ
762 2505 917 2539 ἀνθήσουσι,

127 2546 249 2581 Χριστοῦ
269 2547 385 2574 εὐωδίαν
401 2550 458 2580 τοῖς
475 2548 638 2584 σωζομένοις
662 2551 844 2586 ἐμπνέοντες,
868 2552 916 2578 κα)⁵

127 2593 160 2626 τῇ
186 2593 339 2628 Ἐκκλησία
356 2594 497 2626 ὲπινικίως
509 2596 687 2631 προσ-ᾄδοντες
698 2604 705 2612 '
721 2597 853 2630 Περιεῖλε
867 2598 919 2625 Κύ-

130 2646 187 2671 ριος
213 2638 249 2665 ὲκ
273 2639 332 2666 σοῦ
349 2640 385 2666 τὰ
402 2639 569 2676 ἀδικήματά
586 2649 655 2669 σου·
682 2642 722 2669 ἐτι
738 2643 766 2669 δὲ
791 2643 838 2670 καὶ
856 2644 920 2676 τοὺς

128 2681 315 2718 δρεπομένους
343 2683 541 2719 γλυκάζοντες,
567 2687 748 2722 πληθύνοντές
772 2697 802 2715 τε
819 2689 919 2722 αὐτοὺς

129 2728 159 2753 ὲν
185 2728 272 2764 γήρει
293 2729 383 2762 πίονι,
407 2730 456 2764 τῆς
476 2732 612 2767 μακαρίας
626 2732 697 2767 λέγω
712 2734 758 2761 καὶ
781 2735 919 2771 ἀκηράτου

130 2771 202 2807 ζωῆς
219 2772 405 2808 κληρονόμους
420 2774 652 2808 ἀναδεικνύοντες.

166 2851 177 2866 ³
188 2850 274 2879 Μίειι.
289 2861 329 2887 ιιι,
343 2853 383 2881 ll.

969 1598 1067 1630 lamus,
1083 1598 1130 1626 sed
1144 1605 1198 1625 non
1215 1598 1303 1626 solum
1329 1598 1557 1634 archipresbyteri
1578 1606 1609 1626 ac
1625 1598 1755 1626 sacerdo-

968 1649 1019 1677 tes,
1035 1645 1255 1679 clericorumque
1284 1644 1312 1671 in
1336 1651 1450 1672 numero
1471 1645 1613 1677 accensiti,
1633 1645 1679 1672 sed
1696 1652 1755 1671 om-

968 1699 1017 1719 nes
1039 1695 1173 1718 terrarum
1199 1691 1313 1724 incolae;
1329 1690 1411 1725 idque
1434 1697 1468 1717 eo
1487 1691 1575 1725 magis
1589 1698 1644 1725 quo
1665 1691 1755 1718 minus

967 1738 1047 1773 plane
1073 1737 1286 1765 confundamur.
1314 1736 1372 1764 Non
1404 1737 1475 1764 enim
1503 1737 1550 1763 vili
1579 1736 1755 1764 denariorum

968 1782 1055 1818 pretio
1077 1787 1140 1818 post
1165 1790 1265 1810 vanam
1292 1782 1430 1810 traditoris
1465 1782 1672 1817 penitentiam,
1707 1782 1756 1810 sed

968 1829 1088 1863 pretioso
1113 1829 1246 1865 sanguine
1268 1827 1332 1856 Jesu
1355 1828 1469 1860 Christi,
1498 1827 1560 1863 agni
1587 1827 1756 1855 innocentis-

968 1874 1029 1901 simi
1046 1878 1073 1901 et
1090 1873 1267 1906 immaculati,
1292 1873 1426 1908 redempti
1442 1881 1550 1901 sumus.
1568 1873 1697 1907 Dignare,
1713 1872 1756 1900 vir

970 1920 1154 1953 sanctissime,
1181 1920 1260 1947 nobis
1279 1924 1434 1947 monstrare
1457 1920 1540 1953 viam,
1557 1928 1612 1956 qua
1633 1918 1756 1954 Scriptu-

970 1973 1062 1993 rarum
1076 1985 1083 1997 ,
1101 1966 1302 2001 evangeliorum
1317 1986 1324 1998 ,
1346 1966 1558 2001 apostolicornm
1579 1973 1713 1993 canonum
1729 1970 1756 1993 ct

969 2015 1125 2039 sanctorum
1148 2011 1258 2038 Patrum
1287 2012 1432 2046 prmecptis
1463 2012 1621 2039 insistentes
1645 2019 1755 2046 progre-

968 2057 1086 2084 diamur.
1105 2055 1205 2084 Vestra:
1227 2064 1346 2090 namque
1368 2057 1500 2084 doctrinm
1521 2056 1635 2084 docilem
1660 2064 1753 2083 aurem

968 2102 1089 2136 praebere
1118 2101 1196 2129 nobis
1226 2101 1301 2128 cordi
1333 2105 1382 2128 cst.
1417 2102 1541 2129 Asccnde
1571 2109 1666 2129 versus
1697 2109 1755 2128 cec-

969 2147 1044 2178 lum,
1065 2148 1120 2174 alta
1151 2155 1217 2175 voce
1246 2147 1353 2180 clama;
1378 2148 1448 2174 viam
1482 2147 1577 2174 insiste
1606 2155 1621 2174 a
1648 2147 1754 2182 populis

970 2193 1080 2226 tritam;
1111 2200 1173 2220 cum
1209 2193 1283 2220 omni
1320 2193 1446 2220 libertate
1479 2192 1674 2227 evangelizato.
1708 2191 1755 2219 Sic

930 2224 1041 2264 I)enim
1062 2237 1120 2264 auri
1154 2237 1239 2264 fames
1260 2245 1321 2264 cuin
1346 2237 1474 2264 omnibus
1497 2245 1556 2271 qua:
1582 2237 1644 2264 inde
1667 2236 1755 2263 fluunt

970 2284 1148 2319 cupiditatum
1184 2284 1264 2311 undis
1290 2291 1398 2319 pessum
1429 2284 1487 2310 ibit.
1519 2283 1572 2310 Fac
1605 2287 1634 2310 ut
1662 2288 1754 2319 gentes

968 2337 1029 2364 qua:
1059 2337 1074 2356 a
1103 2329 1212 2356 Christo
1244 2337 1343 2356 nomen
1374 2329 1478 2356 ducunt
1507 2334 1533 2356 et
1561 2337 1621 2363 qua:
1648 2330 1750 2356 redcino

969 2376 1070 2412 ptionis
1100 2375 1229 2402 beneﬁcio
1259 2376 1340 2402 salvae
1363 2380 1531 2408 evaserunt,
1567 2376 1602 2402 ab
1628 2375 1755 2402 onmibus

969 2421 1071 2457 peccati
1095 2420 1223 2448 sordibus
1249 2420 1406 2447 abluantur.
1434 2421 1480 2448 Sic
1504 2420 1576 2447 enim
1601 2420 1756 2447 sacerdotes

969 2466 1041 2493 sicut
1063 2466 1152 2500 palma
1173 2465 1319 2496 ﬂorebunt,
1343 2465 1499 2500 Christique
1524 2465 1624 2492 bonum
1642 2464 1754 2491 odorem

969 2511 1094 2538 lldelibus
1122 2511 1291 2538 insut‘ﬂanlcs
1315 2510 1464 2538 Ecclesium
1489 2514 1571 2537 cantu
1596 2517 1646 2536 suo
1669 2509 1756 2544 reple-

969 2557 1036 2584 bunt
1047 2557 1196 2585 clamantes
1213 2564 1220 2583 :
1236 2556 1363 2583 Dominus
1380 2563 1403 2583 te
1414 2565 1430 2582 a
1446 2556 1560 2590 peccatis
1575 2555 1627 2582 luis
1641 2555 1755 2581 munda-

969 2601 1016 2628 υἱι.
1035 2601 1081 2628 Sic
1094 2601 1172 2628 electi
1189 2601 1346 2636 gaudebunt
1361 2601 1425 2636 quia
1444 2606 1571 2628 senectus
1585 2608 1680 2627 eorum
1697 2599 1756 2626 feli-

968 2646 1058 2674 citatis
1079 2646 1139 2673 olco
1164 2650 1247 2673 nneta
1261 2650 1313 2680 cst,
1327 2650 1355 2674 ct
1367 2645 1423 2681 jam
1438 2646 1499 2673 vita:
1515 2650 1622 2673 aeternae
1637 2644 1755 2672 beatitu—

968 2691 1059 2720 dinem
1076 2692 1211 2728 praelibat.

1795 2378 1813 2391 Ι
