1951 3081
226 169 280 204 535

803 167 935 199 PHOTII
951 166 1202 198 PATRIARCH/E
1218 168 1272 199 CP.

1797 160 1847 200 536

225 226 381 262 excogitata
402 230 455 259 est,
475 226 515 254 utl
538 225 584 253 illa
611 224 673 260 ejus
698 224 780 252 verba
802 232 809 250 :
826 224 872 252 sed
888 223 1013 251 veritatis

1071 223 1158 261 ὒσπερ
1177 226 1281 258 ἐκεῖνα,
1299 223 1356 252 ἀλλ’
1371 224 1499 260 ἀληθείας
1515 223 1574 251 ἐστὶ
1597 223 1766 255 διδάσκαλος.
1791 224 1847 251 Kh.

225 275 268 299 est
290 270 434 305 magistra.
459 270 548 304 Atque
571 269 610 297 illi
636 269 746 304 quidem
771 268 957 296 vaticinantur
979 268 1015 295 ob

226 322 380 352 argentum.
401 316 459 343 Hoe
482 324 601 351 namque
624 316 773 343 ridiculum
797 319 850 347 est,
871 314 945 350 quod
966 314 1014 349 qui

226 363 413 396 decipiuntur,
428 362 572 397 pecuniam
583 361 665 388 etiam
678 368 727 395 pro
738 359 871 388 mendacii
889 359 1014 387 mercede

226 407 267 435 eis
282 408 399 434 solvant.
423 406 481 433 Hoc
494 411 586 434 autem
607 406 733 439 verbum,
748 405 815 440 legis
831 405 946 437 scilicet,
962 404 1015 431 tale

228 461 281 481 non
303 458 356 485 est,
375 457 405 480 ut
425 460 538 479 munera
563 453 663 479 dentur
685 459 735 486 pro
759 458 802 479 eo.
823 450 891 478 Nam
906 451 952 486 qui
968 450 1015 477 Dei

227 499 343 534 gratiam
358 498 468 530 vendat,
484 505 566 526 nemo
577 503 629 525 est.
646 497 737 525 Grati:
751 497 900 531 arcepistis,
915 496 1014 531 inquit,

227 544 311 578 gratia
332 543 393 571 date
404 544 439 570 ³³.
456 543 537 571 Vides
555 543 700 578 quomodo
721 542 819 570 Petrus
838 542 941 569 SimOni
966 549 1016 576 pro

227 589 412 624 comparando
435 589 555 623 Spiritus
580 589 671 617 sancti
686 588 760 616 dono
783 588 926 623 pecuniam
948 587 1016 614 oll‘e-

227 635 297 662 renti
313 634 520 662 succensuerit?
533 634 651 661 Pecunia
662 633 735 661 enim
752 638 808 664 tua,
821 633 918 667 inquit,
932 638 1016 660 tuum

227 681 261 707 sit
278 681 305 707 in
321 680 506 714 perditionem,
528 679 655 715 quoniam
678 679 836 706 existimaui
851 679 949 705 donum
968 678 1016 705 Dei

226 726 342 759 pecuniis
362 725 486 760 parari‘.
515 724 610 760 Itaque
633 724 770 758 Evangelii
786 731 878 752 sermo
897 731 952 751 non
975 728 1018 750 est

227 772 299 799 sicut
325 772 408 798 verba
433 779 448 798 a
481 771 662 805 ventriloquis
687 770 808 798 vendita.
831 769 918 802 Quam
942 769 1016 798 enim

229 816 316 850 possit
340 816 403 850 quis
425 815 575 850 rependere
601 815 848 842 remunerationem
878 812 1017 848 Evangelii

227 861 320 888 Verbis
339 861 470 896 dignam?
490 860 619 888 Davidem
643 860 705 887 audi
728 860 820 887 animo
843 859 1014 894 pendentem,

228 913 261 934 ac
279 907 411 934 dicentem
429 915 436 933 :
451 906 521 939 Quid
536 906 680 932 retribuam
697 905 810 932 Domino
831 912 879 938 pro
894 904 1014 931 omnibus

228 960 288 988 qum
308 952 429 979 retribuit
452 952 559 979 milii“?
577 951 635 979 Non
657 955 700 979 est
723 951 805 987 igitur
820 959 935 978 munera
950 950 1016 978 dare

229 998 263 1026 de
281 1006 325 1029 eo.
341 1006 401 1033 qua:
413 998 473 1033 ejus
489 998 562 1026 dono
577 997 683 1033 possint
698 997 827 1025 conferri.
846 995 935 1024 Unum
955 1003 1016 1023 mu-

231 1052 284 1072 nus
297 1044 408 1079 dignum
424 1043 518 1077 fuerit,
533 1044 557 1071 si
574 1043 601 1071 id
614 1043 688 1079 quod
704 1043 751 1070 dat
768 1042 949 1071 custodiatur.
963 1041 1016 1075 Qui

228 1091 278 1118 tibi
295 1091 369 1118 hunc
381 1091 541 1118 thesaurum
564 1090 712 1121 concessit,
728 1089 788 1116 dari
808 1089 924 1124 pretium
943 1087 1017 1116 haud

229 1136 324 1170 exigit,
345 1135 392 1164 sed
407 1135 562 1163 custodiam
579 1142 609 1162 re
623 1135 685 1162 data
700 1135 821 1170 dignam.

229 1181 285 1217 83
299 1181 425 1216 Ejusdem
436 1189 469 1208 ex
482 1181 595 1221 epistola
609 1180 644 1207 ad
658 1180 867 1221 cliorepiscopos,
882 1180 951 1215 quod
965 1187 1018 1208 non

386 1221 504 1250 oporteat
522 1217 604 1250 pretio
619 1223 711 1242 manus
727 1217 866 1250 imponere.

268 1293 368 1321 Putant
380 1301 409 1321 se
429 1294 488 1322 ideo
506 1301 558 1321 non
585 1301 709 1328 peccare,
725 1293 798 1329 quod
823 1301 878 1322 non
895 1298 958 1322 ante
972 1302 1018 1322 ac-

231 1341 344 1377 cipiant,
369 1340 416 1368 sed
445 1345 506 1376 post
531 1340 732 1367 ordinationem
754 1340 901 1375 accipiant.
936 1340 1018 1368 Acci-

232 1395 296 1424 pere
306 1391 395 1415 autem
409 1391 449 1414 est
460 1387 680 1423 quandocunque
690 1386 823 1421 accipere.
832 1386 907 1422 Rogo
916 1387 1017 1421 itaque,

233 1433 350 1461 reditum
372 1433 458 1465 illum,
477 1433 534 1460 sive
553 1433 642 1468 potius
661 1433 732 1460 viam
750 1432 776 1459 in
793 1432 945 1467 gehennam
966 1433 1019 1461 du-

232 1484 337 1508 centem
352 1479 506 1514 relinquite,
519 1487 569 1506 nec
586 1486 684 1506 manus
696 1478 832 1512 ejusmodi
857 1479 1019 1506 muneribus

233 1526 460 1559 eontaminantes,
477 1526 602 1562 indignos
621 1534 669 1554 vos
686 1525 808 1554 clliciatis
822 1525 869 1560 qui
888 1524 1017 1561 mysteria

234 1576 328 1601 sancta
339 1572 488 1600 celebretis.
505 1572 550 1599 Sic
564 1573 643 1599 etiam
656 1581 716 1607 paq.
735 1573 798 1600 5‘22.

358 1618 399 1645 Ea:
412 1619 466 1645 vita
476 1619 563 1646 sancti
571 1618 683 1646 Joannis
699 1618 888 1654 Chrysottomi.

271 1699 395 1726 Accessit
407 1699 440 1726 ad
455 1707 505 1726 nos
519 1698 673 1733 episcopos,
691 1697 789 1732 prolixi
803 1697 938 1726 sermonis
953 1705 1020 1725 cau-

235 1753 276 1778 sa,
285 1745 419 1773 Eusebius
435 1749 577 1772 accusator
589 1751 634 1772 sex
645 1743 812 1778 reliquorum
821 1743 1019 1779 episcoporum,

240 1799 338 1827 rogans
351 1795 380 1818 ut
395 1791 426 1818 ad
442 1790 662 1818 communionem
681 1789 879 1816 admitteretur.
904 1789 1022 1816 Contra-

236 1838 331 1867 dicunt
363 1838 473 1872 quidam
495 1835 625 1871 episcopi,
646 1835 813 1869 adduntque,
839 1835 1021 1862 calumniator

237 1891 299 1910 cum
317 1887 400 1914 esset,
418 1890 471 1910 non
494 1886 619 1917 oportere
634 1880 722 1915 ipsum
736 1880 853 1909 admitti.
871 1879 936 1907 Post
963 1881 1022 1907 hate

237 1929 399 1964 supplicavit
424 1928 517 1956 dicens
537 1937 543 1955 :
562 1928 697 1961 Quoniam
717 1935 801 1954 causa
831 1928 883 1955 ista
910 1926 1021 1954 biennio

236 1975 354 2004 maxima
371 1982 403 2001 ex
415 1979 490 2008 parte
501 1974 657 2002 examinata
675 1977 728 2006 est,
741 1977 768 2001 et
784 1973 817 2000 ad
833 1972 944 2001 testium
971 1972 1021 1999 adv

235 2026 345 2051 ventum
369 2020 439 2048 facta
462 2025 502 2048 est
524 2021 628 2053 dilatio,
654 2028 720 2056 rogo
739 2020 865 2055 pietatem
890 2023 1020 2051 vestram,

236 2072 266 2095 ut
281 2067 360 2094 hodie
377 2067 489 2101 jamjam
505 2071 589 2095 testes
609 2068 771 2102 producam.
799 2065 857 2094 Etsi
876 2066 947 2093 enim
965 2066 1022 2094 Anc

237 2113 348 2140 toninus
374 2117 499 2140 mortuus
513 2118 565 2145 est,
580 2113 627 2147 qui
641 2120 769 2140 nummos
783 2111 887 2147 accepit
903 2115 931 2138 et
946 2110 1020 2137 ordi-

237 2159 322 2190 narit,
344 2164 463 2186 attamen
490 2163 637 2194 supersunt
652 2163 679 2185 et
702 2159 748 2193 qui
766 2159 909 2190 dederunt,
928 2160 961 2185 ’ct
975 2157 1020 2191 qui

1065 272 1148 298 κεῖνοι
1165 271 1215 306 μὲν
1229 271 1274 297 ἐπ’
1289 270 1414 306 ἀργυρίῳ
1430 269 1619 306 μαντεύονται·
1632 269 1711 297 τοῦτο
1723 269 1778 305 γάρ
1790 271 1847 297 ἔστι

1063 317 1095 343 τὺ
1112 316 1314 350 καταγέλαστον
1345 316 1386 342 ὅτι
1408 315 1453 342 καὶ
1476 314 1608 350 ἀργύριον
1636 315 1727 347 αὐτοῖς
1742 315 1848 342 τελοῦσι

1066 362 1159 397 μισθὸν
1170 361 1217 388 τοῦ
1226 361 1340 396 ψεύδους
1351 361 1375 387 οἱ
1384 359 1569 396 ἀπατώμενοι.
1583 359 1668 387 Τοῦτο
1682 361 1710 387 δὲ
1722 360 1846 396 τδ·ρῆμα,

1063 407 1183 434 τοιοῦτόν
1195 408 1253 433 ἐστι
1269 406 1316 433 τοῦ
1334 405 1491 441 νομοθέτου,
1511 405 1560 432 οὐκ
1575 405 1632 432 ἔστι
1646 405 1766 432 τοιοῦτον
1780 405 1849 432 ὥστε

1064 454 1137 489 δῶρα
1153 453 1245 480 δοῦναι
1275 452 1341 487 περὶ
1367 451 1470 478 αὑτοῦ⁸
1500 451 1587 483 οὐδεὶς
1619 451 1673 487 γὰρ
1697 452 1746 487 τὴν
1770 451 1850 487 χάριν

1063 500 1112 527 τοῦ
1126 499 1192 526 Θεοῦ
1204 499 1374 526 ἀποδίδοται·
1386 498 1514 532 Δωρεὰν,
1532 497 1616 533 φησὶν
1626 518 1634 529 ,
1649 497 1783 529 ἐλάϐετε,
1798 496 1851 524 δω-

1060 545 1136 579 ρεὰν
1148 545 1226 572 δότε,
1252 544 1334 580 Ὁρᾷς
1348 544 1407 576 πῶς
1419 544 1594 580 ἠγανάκτησε
1617 542 1720 577 Πέτρος
1738 543 1785 569 ἐπὶ
1811 542 1850 577 τῷ

1065 592 1178 627 Σίμωνι,
1193 591 1324 626 ἀργύριον
1341 591 1410 626 ὑπὲρ
1426 591 1475 625 τῆς
1488 589 1534 617 τοῦ
1557 589 1717 625 Πνεύματος
1742 589 1851 624 χάριτος

1066 636 1301 672 προσκομίσαντι;
1320 636 1356 663 Τὸ
1370 636 1426 670 γὰρ
1449 635 1591 670 ἀργύριόν
1613 642 1683 666 σου,
1698 635 1775 670 φησὶ,
1792 634 1850 661 σὺν

1065 683 1116 710 σοὶ
1132 683 1179 716 εἴη
1198 683 1241 714 εις
1255 681 1418 713 ἀπώλειαν,
1434 682 1478 708 ὅτι
1493 681 1638 715 ἐνόμισας
1656 681 1714 714 τὴν
1740 679 1851 714 δωρεὰν

1066 727 1120 754 τοῦ
1135 726 1210 753 Θεοῦ
1223 725 1272 753 διὰ
1285 726 1444 760 χρημάτων
1470 725 1607 753 κτᾶσθαι.
1628 725 1686 752 Οὐκ
1716 724 1790 752 ἐστιν
1806 723 1852 752 οὖν

1067 772 1081 798 6
1104 771 1152 798 τοῦ
1172 771 1339 805 Εὑαγγελίου
1356 771 1435 804 λόγος
1451 771 1489 803 ὡς
1506 771 1541 797 τὰ
1565 771 1728 806 πωλούμενα
1744 771 1851 806 ῥήματα

1067 817 1120 844 τῶν
1131 816 1368 852 ἐγγαστριμύθων.
1383 817 1416 842 Τί
1429 816 1484 852 γὰρ
1495 816 1529 844 ἄν
1543 825 1585 848 τις
1596 816 1652 852 δῴη
1671 816 1746 849 ἄξιον
1762 815 1852 842 αὐτῶν

1068 862 1261 897 ἀντάλλαγμας
1288 862 1370 888 ἄκουε
1399 862 1446 889 τοῦ
1463 861 1545 890 Δαεὶδ
1568 861 1734 897 ἀποροῦντος
1748 863 1795 888 καὶ
1809 861 1852 888 λές

1067 917 1160 943 γοντος
1172 916 1179 923 ·
1197 909 1228 935 Τί
1237 907 1438 935 ἀνταποδώσω
1447 908 1488 941 τῷ
1495 908 1593 941 Κυρίῳ
1601 907 1669 942 περὶ
1677 907 1799 934 πάντων
1810 903 1853 934 ὧν

1066 954 1256 982 ἀνταπέδωκέ
1274 962 1340 989 μοις
1361 955 1417 981 Οὐκ
1433 953 1506 980 ἐστιν
1521 953 1567 981 οὖν
1591 953 1665 988 δῶρα
1683 953 1776 980 δοῦναι
1789 953 1853 988 περὶ

1065 1000 1173 1033 τούτου,
1191 1000 1305 1032 ἀντάξια
1319 1000 1369 1035 τῆς
1394 999 1441 1026 ἀπ’
1465 998 1548 1025 αὑτοῦ
1565 998 1687 1034 χάριτος.
1703 998 1752 1024 Ἓν
1768 998 1853 1033 δῶρον

1067 1047 1142 1080 ἄξιον
1156 1047 1172 1082 ἡ
1190 1046 1297 1082 φυλακὴ
1312 1045 1359 1073 τοῦ
1377 1045 1545 1081 δωρηθέντος
1555 1053 1562 1060 ·
1579 1045 1594 1071 6
1607 1044 1669 1076 δούς
1693 1052 1734 1070 σοι
1747 1043 1793 1070 τὸν
1805 1043 1853 1078 θη-

1068 1093 1179 1129 σαυρὸν,
1195 1093 1255 1129 οὐχὶ
1269 1093 1352 1128 τιμὴν
1367 1092 1480 1119 ἀπαιτεῖ
1499 1090 1546 1118 τοῦ
1568 1090 1702 1124 δοθέντος,
1719 1090 1787 1118 ἀλλὰ
1799 1097 1851 1124 φύς

1067 1140 1153 1176 λακὴν
1167 1140 1244 1172 ἀξίαν
1256 1139 1303 1165 τοῦ
1314 1137 1466 1173 δεδομένου.
1501 1169 1505 1172 .

1070 1186 1127 1214 Τοῦ
1141 1185 1234 1213 αὐτοῦ
1253 1185 1288 1212 ἐκ
1303 1183 1358 1218 τῆς
1376 1183 1541 1215 ἐπιστολῆς
1555 1181 1611 1218 τῆς
1625 1181 1700 1216 πρὸς
1714 1180 1785 1218 tot);
1802 1180 1854 1218 ῥφξ

1103 1221 1212 1261 tauror-
1229 1215 1416 1252 ἐπισκόπους
1426 1239 1434 1252 ,
1454 1218 1532 1245 ὥστε
1547 1215 1589 1252 μὴ
1609 1215 1791 1252 χειροτονεῖν
1803 1215 1854 1243 ἐπὶ

1103 1263 1204 1291 χρημα
1208 1275 1214 1282 ·

1104 1302 1255 1338 Νομίζουσι
1268 1301 1306 1337 μὴ
1321 1300 1487 1336 ἁμαρτάνειν
1504 1298 1542 1334 τῷ
1555 1298 1593 1335 μὴ
1608 1298 1666 1333 ἅμα
1677 1296 1856 1333 προσλαμϐά-

1069 1357 1135 1381 νειν,
1156 1347 1224 1375 ἀλλὰ
1239 1347 1308 1383 μετὰ
1324 1347 1375 1382 τὴν
1394 1345 1563 1382 χειροτονίαν
1579 1344 1739 1379 λαμϐάνειν.
1755 1343 1855 1369 Λαὸεἴν

1070 1395 1099 1422 δέ
1120 1396 1178 1421 ἐστι
1194 1394 1224 1421 τὸ
1238 1393 1331 1420 λαδεῖν
1346 1392 1501 1426 ότεδήποτε.
1519 1389 1673 1426 Παρακαλῶ
1686 1385 1733 1415 οὖν
1750 1387 1854 1423 ταύτην

1069 1441 1120 1476 τὴν
1135 1439 1276 1475 πρόσοδον,
1293 1438 1396 1474 μᾶλλον
1419 1438 1448 1464 δὲ
1467 1437 1515 1472 τὴν
1537 1433 1718 1471 προσαγωγὴν
1737 1432 1786 1468 τὴν
1808 1432 1856 1461 ἐπὶ

1070 1485 1182 1520 γέενναν
1197 1483 1364 1511 ἀποθέσθαι·
1386 1482 1434 1509 καὶ
1450 1481 1487 1517 μὴ
1500 1480 1550 1512 τὰς
1571 1480 1666 1515 χεῖρας
1690 1478 1856 1514 μολύναντας

1071 1531 1203 1561 τοιούτοις
1219 1530 1371 1565 λήμμασιν,
1389 1527 1502 1559 ἑαυτοὺς
1517 1526 1644 1559 ἀναξίους
1660 1525 1792 1560 ποιήσητε
1807 1522 1855 1550 τοῦ

1071 1575 1204 1602 ἐπιτελεῖν
1223 1574 1289 1608 ἅγια
1304 1573 1448 1610 μυστήρια.

1078 1622 1126 1649 Ἐκ
1148 1620 1203 1648 τοῦ
1220 1621 1293 1653 ,ϐίου
1316 1620 1370 1647 τοῦ
1388 1620 1475 1681 (ir/(:51)
1498 1617 1639 1645 Ἰωάννου
1659 1615 1713 1642 τοῦ
1738 1615 1857 1649 Χρυσο-

1403 1663 1441 1681 ιγτ
1460 1662 1527 1681 μου.

1403 1662 1527 1689 στομου.

1106 1703 1262 1740 Προσῆλθεν
1287 1703 1301 1729 6
1321 1702 1370 1737 τῆς
1393 1699 1580 1736 μακρηγορίας
1605 1699 1670 1734 ἡμῖν
1693 1697 1779 1728 αἴτιος
1802 1695 1858 1726 τοῖς

1071 1749 1231 1780 ἐπισκόποις
1249 1748 1331 1774 πᾶσιν
1348 1745 1477 1777 Εὐσέϐιος
1490 1746 1504 1771 6
1519 1745 1670 1779 κατήγορος
1683 1742 1737 1769 τῶν
1752 1742 1782 1775 ἐξ
1803 1741 1859 1768 λοι-

1072 1793 1130 1820 πῶν
1160 1792 1332 1823 ὲπισκὸπων,
1362 1790 1445 1824 ἀξιῶν
1479 1789 1606 1825 δεχθῆναι
1636 1789 1677 1819 εἰς
1704 1786 1858 1815 κοινωνίαν.

1072 1837 1316 1874 Προσαντιλέγουσί
1332 1845 1404 1868 τινες
1425 1835 1480 1864 τῶν
1494 1834 1660 1865 ἐπισκόπων.
1677 1833 1714 1868 μὴ
1735 1833 1790 1859 δεῖν
1807 1831 1860 1858 αὑ-

1071 1885 1118 1911 τὸν
1133 1883 1259 1919 δεχθῆναι
1279 1883 1316 1914 ὼς
1338 1881 1517 1915 συκοφάντην.
1541 1879 1604 1907 Ἐπὶ
1626 1877 1730 1908 τούτοις
1752 1876 1860 1902 ἱκέτευε

1072 1931 1158 1964 λέγων
1170 1937 1177 1944 '
1192 1928 1301 1964 Ἐπειδὴ
1314 1929 1330 1963 ή
1345 1927 1406 1962 δίκη
1422 1926 1452 1955 τὺ
1467 1926 1592 1954 πλεῖστον
1605 1923 1687 1959 μέρος
1697 1923 1742 1949 ἐπὶ
1751 1922 1797 1956 ἔτη
1811 1921 1860 1948 δύο

1072 1974 1250 2009 ἐϐασανισθη,
1264 1973 1303 2004 εἰς
1316 1973 1455 2008 μάρτυρας
1466 1970 1494 1997 δὲ
1510 1970 1654 2004 γεγένηται
1668 1969 1684 2003 ἡ
1700 1966 1859 2002 ὑπέρθεσις,

1072 2022 1169 2056 δέομαι
1187 2020 1237 2055 τῆς
1265 2018 1401 2054 ὑμετέρας
1426 2016 1564 2051 θεοφιλίας
1587 2015 1707 2050 σήμερον
1730 2011 1861 2047 παραυτὰ

1072 2066 1162 2098 δοῦναί
1181 2075 1215 2101 με
1236 2065 1300 2096 τοὺς
1323 2064 1475 2101 μάρτυρας.
1499 2061 1532 2088 Εἰ
1554 2060 1608 2096 γὰρ
1627 2060 1674 2087 καὶ
1703 2059 1861 2089 Ἀντωνῖνος

1073 2113 1266 2147 τετελεύτηκεν
1277 2110 1435 2142 ἐπίσκοπος,
1449 2109 1463 2135 6
1474 2108 1565 2134 λαϐὼν
1578 2107 1608 2135 τὸ
1621 2105 1732 2141 χρυσίον
1749 2105 1795 2131 καὶ
1807 2113 1862 2139 χει-

1075 2159 1240 2195 ροτονήσας,
1264 2156 1321 2186 ἀλλ’
1339 2153 1384 2183 οὖν
1405 2164 1437 2190 γε
1459 2154 1584 2190 μένουσιν
1600 2153 1625 2179 οἱ
1643 2151 1788 2182 δεδωκότες
1813 2151 1863 2176 καὶ

237 2206 353 2232 ordinati
375 2210 448 2232 sunt.
463 2204 571 2232 Justum
586 2204 673 2232 visum
694 2209 736 2232 est
762 2204 887 2239 praesenti
915 2204 1018 2239 synodo

1074 2203 1320 2241 χειροτονηθέντες.
1340 2200 1500 2228 Ἐδικαίωσε
1518 2199 1606 2226 τοίνυν
1621 2199 1637 2233 ὴ
1656 2197 1779 2233 παροῦσα
1795 2195 1863 2222 σύν-

237 2261 293 2279 rem
308 2253 439 2288 perquiri.
452 2252 550 2287 Incipit
561 2260 644 2281 causa
654 2259 668 2278 a
684 2252 798 2279 lectione
812 2257 949 2283 actorum,
961 2258 1021 2285 qua:

237 2299 312 2334 prius
331 2299 400 2326 facta
410 2299 529 2329 fuerant.
542 2298 658 2334 lngressi
673 2302 736 2326 sunt
759 2302 851 2329 testes,
867 2296 981 2331 ingressi
995 2301 1023 2323 et

237 2352 282 2372 sex
302 2344 339 2371 illi
355 2345 402 2378 qui
419 2344 560 2378 pecuniam
575 2344 718 2375 dederant,
732 2348 759 2370 et
768 2342 885 2370 ordinati
900 2342 1019 2370 fuerant.

238 2390 270 2416 lit
284 2387 360 2415 initio
387 2388 498 2422 quidem
516 2388 661 2422 negabant.
679 2387 848 2415 lnstantibus
871 2391 960 2414 autem
981 2390 1021 2413 te-

235 2435 324 2462 stibus
351 2434 449 2468 partim
479 2434 567 2465 laicis,
587 2433 684 2467 partim
713 2432 896 2467 presbyteris,
921 2431 1022 2467 quibus

236 2481 373 2508 conlidere
399 2480 572 2511 videbantur,
598 2486 702 2507 necnon
731 2479 893 2506 mulieribus
908 2479 1023 2514 quibus-

235 2529 310 2559 dam,
333 2527 380 2562 qui
405 2527 487 2554 etiam
506 2526 649 2562 pignorum
684 2533 732 2554 seu
758 2533 901 2552 munerum
918 2526 1023 2560 species

235 2575 374 2606 dicebant,
396 2579 424 2601 et
435 2573 506 2602 loca.
521 2577 548 2600 et
568 2578 708 2607 tempora,
726 2576 753 2599 et
765 2572 944 2607 quantitatem
959 2580 1021 2599 cum

236 2628 330 2648 eorum
359 2619 524 2648 conscientia
549 2625 623 2648 recta
647 2629 701 2648 non
722 2623 814 2651 esset,
849 2619 922 2646 ultro
957 2626 1023 2646 con-

237 2668 358 2699 iitentur,
373 2667 423 2694 levi
453 2666 575 2694 adhibita
596 2666 758 2694 necessitate
777 2675 783 2692 :
801 2665 939 2697 Dedimus,
956 2672 1023 2692 eon-

237 2713 339 2741 fessum
354 2717 406 2747 est,
419 2718 446 2740 et
461 2714 578 2741 ordinati
599 2720 693 2740 sumus
709 2721 716 2740 :
733 2711 813 2738 talem
831 2709 1023 2746 putantesﬁﬁI

238 2767 299 2788 esse
315 2760 553 2790 consuetudinem,
568 2763 598 2785 ut
612 2759 765 2785 videremur
776 2765 790 2784 a
802 2757 879 2784 curia
904 2756 1021 2784 liberati.

238 2803 272 2832 Et
288 2812 360 2832 nunc
370 2812 490 2838 oramus,
504 2804 527 2832 si
543 2803 584 2831 fas
597 2808 648 2837 est,
665 2804 749 2831 simus
762 2803 787 2830 in
805 2803 956 2830 ministerio
974 2803 1023 2830 Ec-

275 2883 297 2901 "
310 2883 404 2913 Matth.
421 2893 447 2914 ι,
464 2885 490 2912 8.
530 2885 609 2913 'Act.
628 2892 687 2913 νιιι.
701 2883 745 2911 ‘28.
767 2883 776 2899 ¹
790 2882 861 2912 l‘sal.
879 2891 939 2911 ειν.
959 2883 1001 2911 12.

1073 2253 1131 2283 οδος
1149 2250 1299 2285 ζητηθῆναι
1315 2248 1345 2275 τὸ
1360 2249 1485 2284 πρᾶγμα’
1506 2245 1618 2280 ἄρχεται
1642 2245 1658 2278 ἡ
1683 2242 1812 2273 ὑπόθεσις
1832 2242 1865 2274 ἐξ

1072 2295 1294 2330 ἀναγνωσμάτων
1313 2293 1367 2320 τῶν
1389 2292 1486 2327 πρώην
1509 2290 1683 2326 πραχθέντων
1697 2288 1865 2323 ὑπομνημά-

1072 2351 1137 2372 των.
1153 2341 1283 2376 Είσῆλθον
1298 2340 1322 2366 οἱ
1341 2339 1490 2374 μάρτυρες,
1505 2337 1552 2363 καὶ
1570 2335 1694 2370 εἰσῆλθον
1715 2334 1739 2360 οι
1754 2334 1784 2366 ἒξ
1806 2333 1866 2359 τῶν

1072 2388 1227 2416 δεδωκότων
1241 2386 1288 2414 καὶ
1301 2383 1552 2420 χειροτονηθέντων.
1574 2383 1617 2409 Ἑν
1632 2382 1702 2417 ἀρχῇ
1718 2380 1865 2415 ἠρνοῦντο·

1075 2433 1262 2469 ἐπιμενόντων
1289 2431 1318 2457 δὲ
1335 2429 1391 2456 τῶν
1419 2427 1578 2464 μαρτύρων,
1600 2426 1656 2453 τῶν
1683 2426 1732 2461 μὲν
1746 2425 1864 2457 λαῖκῶν,

1073 2480 1127 2507 τῶν
1142 2479 1170 2506 δὲ
1183 2477 1386 2514 πρεσϐυτέρων,
1402 2473 1442 2507 οἷς
1465 2474 1536 2506 εδοξε
1550 2472 1747 2512 τεθαρρηκέναι
1758 2492 1765 2504 ,
1780 2472 1868 2498 τινῶν

1073 2527 1101 2556 δὲ
1110 2526 1158 2554 καὶ
1165 2524 1316 2560 γυναικῶν,
1327 2522 1418 2552 καὶτὰ
1430 2522 1486 2555 εἴδη
1496 2521 1551 2547 τῶν
1566 2519 1701 2555 ἐνεχύρων
1714 2518 1866 2552 λεγόντων,

1075 2571 1194 2603 καὶτοὺς
1207 2571 1315 2602 τόπους,
1328 2569 1375 2596 καὶ
1388 2569 1449 2600 τοὺς
1462 2568 1584 2603 καιροὺς,
1597 2566 1644 2593 καὶ
1655 2565 1703 2600 τὴν
1713 2564 1866 2599 ποσότητα,

1073 2618 1104 2645 οὺ
1120 2618 1191 2644 πάνυ
1209 2615 1300 2647 καλῶς
1313 2615 1403 2642 αὐτῶν
1416 2613 1589 2648 διακειμένης
1604 2613 1653 2647 τῆς
1671 2611 1867 2645 συνειδήσεως,

1075 2664 1231 2698 αὐθαίρετοι
1247 2662 1408 2698 ὁμολογοῦσι
1419 2661 1481 2696 δίχα
1494 2660 1593 2694 πολλῆς
1606 2659 1738 2693 ἀνάγκης,
1755 2657 1797 2684 ὅτι
1814 2658 1868 2683 Δε-

1076 2711 1203 2746 δὼκαμεν
1226 2710 1273 2737 καὶ
1293 2709 1454 2743 γεγόναμεν·
1469 2706 1597 2741 τοιαύτην
1618 2706 1778 2741 νομίσαντες
1794 2703 1870 2731 ἀκο-

1074 2757 1182 2784 λουθίαν
1197 2755 1277 2788 εἶναι,
1291 2756 1336 2782 ἵνα
1347 2755 1467 2790 δόξωμεν
1479 2753 1529 2788 τῆς
1547 2752 1644 2787 βουλῆς
1664 2750 1714 2785 τῆς
1726 2749 1870 2785 δημοσίας

1075 2803 1294 2840 ἐλευθεροῦσθαι·
1315 2801 1362 2829 καὶ
1376 2801 1422 2827 νῦν
1435 2798 1561 2835 δεόμεθα,
1582 2798 1605 2824 εἰ
1623 2797 1675 2832 μέν
1691 2797 1765 2831 ἐστιν
1776 2796 1870 2828 ἇσιον,
