1951 3081
136 141 188 174 537

539 149 735 182 SYNTAGMA
746 153 940 185 CANONUM-
959 167 976 173 ι·
988 168 994 173 ·
1005 155 1114 196 TlT.I,
1136 159 1214 191 CAP.
1231 161 1336 194 XXIV.

1709 167 1762 199 538

127 199 208 256 ﬁlii-5;
219 197 287 256 εἶναι
296 199 325 256 ιγ
333 201 531 256 ἷῇθλειτουργξᾳ
607 206 787 256 ΖΕκκλησίας,
799 209 860 236 ἐπεὶ
872 210 924 236 κᾶν

980 212 1065 241 clesia:
1081 223 1089 240 :
1106 215 1147 242 sin
1165 216 1266 248 minus,
1282 226 1393 250 aurum,
1408 220 1480 254 quod
1496 221 1634 255 dedimus,
1646 221 1761 256 recipia-

135 243 165 268 τδ
180 244 291 278 χρυσίον
304 244 319 272 ὃ
332 246 489 282 δεδώκαμεν
504 248 548 276 ῖνα
569 250 705 285 λάϐωμεν·
728 252 782 279 τῶν
801 254 855 288 γὰρ
872 262 921 287 γυ-

136 288 237 315 ναικῶν
255 289 333 324 ἡμῶν
348 291 503 327 δεδώκαμεν
516 302 589 327 τινες
604 296 699 331 σκεύη.
725 297 754 324 '0
776 298 806 324 δὲ
833 299 922 326 Ἰωάν-

135 340 185 378 νης
197 333 266 368 πρὸς
288 334 373 362 ταῦτα
390 336 522 372 ὑπέσχετο
546 340 580 374 τῇ
606 340 717 376 συνόδῳ,
737 342 778 368 ὅτι
801 342 855 369 Τοῦ
871 344 921 378 μὲν

137 375 328 414 βουλευτηρίου
347 380 402 414 ὲγὼ
416 382 514 414 αὐτοὺς
529 384 577 410 σὺν
589 385 648 420 Θεῷ
662 375 827 414 ἀπαλλάσσω
839 375 922 419 ἀξιώ-

136 431 188 454 σας
201 424 248 451 τὸν
262 424 385 459 βασιλέα,
397 427 476 462 ὑμεῖς
489 428 517 454 δὲ
532 430 701 463 προστάξατε
718 431 817 463 αὐτοὺς
830 432 922 460 λαϐεῖν

134 468 150 494 ὃ
159 469 305 502 δεδώκασι,
319 472 395 506 παρὰ
406 472 460 499 τῶν
467 472 622 500 Ἀντωνίνου
636 475 822 511 κληρονόμων.
833 477 921 512 Προσ·

136 513 231 545 έταξεν
253 516 270 550 ἡ
297 515 423 549 σύνοδος,
451 517 483 544 τὸ
505 519 555 553 μὲν
577 520 688 554 χρυσίον
706 521 806 553 αὐτοὺς
830 522 922 549 λαϐεῖν

135 560 212 596 παρὰ
226 560 280 587 τῶν
301 562 457 590 Ἀντωνίνου
474 563 661 599 κληρονόμων,
677 567 815 593 κοινωνεῖν
829 567 857 594 δε
879 567 921 594 lv-

134 604 181 631 δον
194 605 240 632 τοῦ
262 606 454 643 Θυσιαστηρίου
465 616 472 624 ’
494 607 565 637 εἶναι
586 610 614 637 δὲ
627 611 681 637 ἀπὸ
703 612 809 646 ἱερέων,
825 612 868 639 ῖνα
884 612 922 647 μὴ

135 650 239 677 τούτων
264 654 512 688 συγχωρηθέντων,
527 655 586 687 ἔθος
608 656 720 691 γένηται
739 657 883 684 Ἰουδαϊκὸν
904 658 921 694 ἢ

135 696 285 729 Αίγύπτιον
298 697 345 724 τοῦ
359 699 458 726 πωλεῖν
471 701 518 727 καὶ
529 701 674 736 ἀγοράζειν
693 702 743 737 τὴν
758 703 922 739 ἱερωσύνην.

135 741 205 768 Φασὶ
218 742 273 778 γὰρ
293 743 338 769 τὸν
351 743 480 778 λυμεῶνα
495 747 542 772 καὶ
559 746 735 782 ψευδώνυμον
749 750 922 784 πατριάρχην

135 788 192 814 τῶν
213 789 360 821 Ἰουδαίων,
377 792 436 817 κατ’
451 791 509 823 ἔτος
525 793 649 827 ἀμείϐειν
664 794 681 829 ἢ
698 796 763 829 παρ’
777 795 837 827 ἐτος
858 797 922 828 τοὺς

136 834 386 870 ἀρχισυναγώγους,
399 837 444 863 ἐπὶ
456 837 572 873 συλλογῇ
585 839 631 865 τοῦ
643 840 786 875 ἀργυρίου.
808 840 922 876 Ὁμοίως

973 265 1035 285 mus
1053 270 1059 285 :
1077 260 1187 294 quidam
1206 262 1279 289 enim
1294 271 1309 290 e
1325 264 1403 292 nobis
1424 272 1540 293 uxorum
1564 266 1759 301 supellectilem

972 301 1107 331 dedimus.
1127 304 1167 331 Ad
1183 305 1241 333 haec
1261 306 1382 335 Joannes
1405 309 1510 343 synodo
1534 310 1671 344 pollicitus
1691 314 1734 338 est
1751 319 1759 337 :

972 346 1050 380 Quod
1063 348 1096 375 ad
1118 350 1223 377 curiam
1241 351 1350 386 quidem
1378 353 1483 385 attinet,
1500 361 1551 387 ego
1568 361 1627 386 eos,
1643 354 1697 382 Deo
1716 355 1762 389 ju-

973 395 1063 424 vante,
1089 392 1220 426 liberabo,
1245 401 1358 423 exorato
1383 397 1548 432 imperatore
1578 405 1649 426 :vos
1669 402 1760 425 autem

972 438 1109 470 mandate,
1131 444 1160 465 ut
1173 440 1208 467 ab
1224 441 1377 470 luere-dibus
1400 443 1529 471 Antonini
1547 444 1599 479 ipsi
1613 444 1759 479 accipiant,

971 489 1033 516 quae
1059 482 1201 511 dederunt.
1229 484 1361 521 Prmcepit
1375 488 1505 522 synodus,
1522 493 1552 516 ut
1576 497 1672 516 aurum
1690 489 1762 517 acci-

972 532 1068 561 perent
1093 528 1128 556 ab
1148 529 1302 558 heredibus
1324 534 1467 565 Antonini,
1485 539 1512 561 et
1526 535 1763 562 communicarent

973 572 1045 600 intra
1058 574 1145 602 altare
1175 585 1182 602 :
1205 582 1298 605 essent
1317 583 1409 606 autem
1433 580 1489 613 jam
1520 587 1573 607 non
1589 581 1757 612 sacerdotes,

973 625 1020 645 sex
1050 626 1084 647 ex
1112 622 1310 656 sacerdotibus.
1339 632 1393 656 ne,
1410 625 1432 652 si
1457 625 1509 653 ista
1537 626 1761 658 concederentur.

973 671 1033 692 mos
1049 665 1126 693 tieret
1144 666 1275 696 Judaicus
1290 674 1336 696 aut
1348 669 1494 705 Egyptins
1505 692 1512 704 ,
1528 671 1662 699 vendendi
1679 676 1763 706 atque

972 710 1080 737 emendi
1105 712 1298 740 sacerdotium.
1327 715 1427 743 Dicunt
1441 717 1513 743 enim
1537 716 1719 751 pestilentem.
1735 721 1764 744 et

976 755 1076 784 falsum
1087 756 1245 786 Judieorum
1258 761 1440 794 patriarcham
1452 782 1459 794 ,
1474 762 1590 797 singulis
1606 763 1696 794 annis,
1715 767 1764 790 ant

973 809 1047 829 anno
1075 803 1235 837 interjecto,
1264 813 1407 841 synagoga:
1432 807 1570 842 principes
1594 812 1702 835 mutare
1729 807 1763 834 ad

974 845 1167 872 corradendam
1181 849 1335 881 pecuniam,
1349 850 1474 877 similiter
1486 855 1514 877 et
1525 850 1606 884 hujus
1622 851 1762 882 aemulum,

138 881 185 908 καὶ
196 880 242 907 τὸν
253 881 378 917 ζηλωτὴν
391 882 494 909 τούτων
509 884 553 910 τὸν
569 885 725 918 Αἰγυπτίων
740 887 921 922 πατριάρχην·

980 890 1160 926 (Egyptiorum
1181 877 1370 926 lpatriarcham
1383 914 1391 926 ,
1408 900 1438 922 ut
1461 877 1605 929 impleatur
1618 895 1685 923 illud
1701 877 1764 930 pro;

137 926 182 955 ῖια
199 926 329 962 πληρωθῇ
343 928 374 954 τὸ
391 929 568 969 πρρφητικόν·
587 931 619 956 οι
633 930 720 964 ιερεῖς
739 931 834 966 αὐτῆς
851 932 924 966 μετὰ

980 936 1084 968 pheta:
1111 936 1264 965 Sacerdotes
1288 939 1345 974 ejus
1364 948 1425 966 cum
1448 926 1598 968 muneribus
1623 926 1763 976 responde-

138 971 240 1005 δώρων
252 972 467 1007 ἁπεκρίναντοξ,
483 974 532 1001 καί
543 975 569 1002 οι
582 975 731 1010 προφῆται
745 977 841 1012 αὐτῆς
849 978 925 1012 μετὰ

980 982 1048 1016 iant,
1062 988 1086 1010 et
1099 983 1233 1018 propheta
1247 971 1306 1018 ejus
1318 993 1377 1013 cum
1392 987 1504 1021 pecunia
1513 971 1725 1014 vaticinabantur
1740 988 1760 1015 '.

138 1017 281 1052 ἀργυρίου
292 1018 500 1052 ἐμαντεύοντο.

148 1064 196 1091 Ἐκ
210 1063 271 1107 τῶς
279 1065 416 1107 κανότῳν
431 1065 492 1092 τῶν
505 1067 659 1107 ἔθ’-ἁγίων
672 1067 811 1107 Πατέρωγ
821 1068 881 1096 τῶν
890 1068 926 1096 ὲν

980 1075 1018 1103 Ea:
1035 1077 1178 1104 canonibus
1193 1082 1375 1106 sexcentarum
1389 1079 1500 1106 Patrum
1518 1079 1683 1107 Chalcedone
1700 1087 1764 1107 con-

246 1100 416 1134 Χαλκηδόνι
430 1100 650 1135 συνελθόντων,
667 1100 768 1130 nar-(irr-
782 1103 816 1139 β’,

174 1141 209 1170 6'.
222 1143 303 1176 Εῐτις
313 1145 460 1178 ἐπίσκοπος
476 1145 522 1172 ἐπὶ
536 1147 659 1182 χρήμασι
670 1148 835 1184 χειροτονίαν
844 1149 924 1184 ποιή-

141 1197 229 1222 σαιτο,
242 1198 269 1217 κ.
284 1198 310 1218 τ,
322 1189 349 1218 λ.

146 1234 197 1263 Ἐκ
216 1234 271 1269 τῆς
291 1235 455 1270 ἐγκυκλίου
471 1236 637 1271 ἐπιστολῆς
659 1239 826 1267 Γενναδίου
841 1241 924 1267 Κων-

381 1274 671 1306 σταντινουπόλεως.

176 1315 256 1343 Ἐστι
269 1316 359 1343 τοίνυν
374 1317 575 1353 ἀποκήρυκτος,
592 1327 620 1346 κ.
639 1328 665 1346 τ.
680 1320 707 1347 λ.
723 1328 806 1354 usque
819 1321 854 1348 ad
869 1330 923 1357 μα-

141 1362 231 1397 μωνᾷ.

146 1407 198 1435 Ἐκ
228 1407 287 1435 τῶν
299 1409 434 1437 κανόνων
464 1409 520 1444 τῆς
530 1410 635 1480 ὼάγίσές
662 1410 752 1445 ἕκτης
779 1412 924 1446 συνόδου,

472 1453 530 1471 καν
555 1454 573 1471 ν
589 1454 606 1472 κ
635 1465 641 1473 ι

472 1453 573 1471 κανων
589 1453 628 1473 κβ·
635 1465 641 1473 -

176 1487 229 1515 κ6’.
245 1488 315 1521 Τοὺς
330 1489 376 1516 ἐπὶ
390 1490 511 1525 χρήμασι
525 1490 779 1527 χειροτονουμένους
789 1512 796 1524 ,
812 1501 839 1520 κ.
854 1502 880 1520 τ.
896 1492 922 1521 λ.

1221 1119 1387 1148 gregatorum
1402 1122 1488 1142 canon
1501 1114 1530 1142 2.

1010 1159 1037 1186 2.
1058 1159 1087 1187 Si
1103 1159 1165 1194 quis
1180 1159 1323 1195 episcopus
1340 1165 1450 1195 propter
1471 1161 1600 1196 pecunias
1614 1160 1763 1188 ordinatio-

975 1211 1036 1232 nem
1055 1204 1159 1237 fecerit,
1177 1209 1230 1232 etc.
1242 1210 1271 1232 ut
1285 1214 1347 1240 pag.
1363 1206 1425 1234 515.

1010 1249 1053 1276 Ea:
1078 1249 1191 1284 epistola
1215 1252 1354 1313 encyclica‘
1369 1250 1498 1292 Gennadit'
1521 1250 1763 1284 σοιειαηιὺιοροίί-

1357 1295 1413 1313 am.

1357 1295 1413 1314 am.

1010 1329 1051 1357 Sit
1065 1336 1140 1366 ergo,
1151 1333 1217 1364 etc.,
1228 1337 1309 1365 usque
1328 1330 1363 1356 ad
1380 1330 1550 1362 Mammonae,
1564 1333 1593 1356 ut
1608 1338 1671 1365 pag.
1682 1329 1747 1358 5‘26.

1010 1415 1053 1442 Ea;
1079 1414 1222 1442 canonibus
1250 1419 1350 1442 sancta
1383 1414 1477 1476 aggredi
1502 1415 1668 1442 meumenicte
1690 1422 1728 1448 Vl,

1288 1458 1373 1476 canon
1424 1469 1432 1476 .

1288 1458 1373 1476 canon
1385 1458 1432 1476 ΖΖ.

1004 1495 1050 1523 22.
1060 1494 1113 1522 Eos
1119 1493 1240 1529 quidatis
1248 1495 1369 1530 pecuniis
1378 1494 1547 1526 ordinantur,
1555 1498 1619 1527 etc.,
1628 1498 1656 1521 ut
1665 1502 1691 1529 ρ.
1701 1493 1764 1521 515.

183 1533 357 1569 ’Δκούσωμεν
378 1534 464 1562 ταῦτα
488 1536 576 1564 πάντα
599 1537 647 1564 καὶ
667 1538 875 1573 ὲνωτισώμεθα,
893 1539 923 1566 οὒ

1011 1539 1144 1574 Agedum,
1160 1538 1274 1566 auribus
1292 1538 1483 1573 mentibusque
1505 1539 1566 1565 haec
1588 1537 1671 1565 verba
1689 1544 1766 1565 reco-

142 1579 222 1616 μόνον
236 1580 374 1615 ἀρχιερεῖς
397 1580 443 1608 καὶ
465 1582 559 1616 ἱερεῖς,
582 1583 630 1610 καὶ
646 1583 670 1609 oi
685 1583 723 1618 τῷ
743 1583 836 1619 κλήρῳ
858 1593 925 1611 κατ-

140 1625 335 1661 ηριθμημένοι,
354 1626 422 1654 ἀλλὰ
436 1627 483 1654 καὶ
498 1627 599 1659 πάντες
617 1628 641 1654 οἱ
665 1628 856 1662 κατοικοῦντες
879 1630 928 1666 τὴν

140 1671 315 1707 οἰκουμένην.
338 1672 386 1698 Δεῖ
400 1672 454 1708 γὰρ
474 1674 673 1709 περισσοτέρως
694 1675 768 1710 ἡμᾶς
784 1676 929 1711 προσέχειν

141 1716 197 1746 τοῖς
213 1716 386 1749 ἁκουσθεῖσι,
418 1717 455 1752 μὴ
483 1725 548 1744 ποτε
580 1719 799 1754 παραῤῥνῶμεν·
828 1720 868 1747 ὅτι
897 1720 927 1747 οὐ

143 1761 273 1796 φθαρτοῖς
295 1762 418 1797 ἀργυρίῳ
440 1762 456 1798 ἢ
482 1763 586 1798 χρυσίῳ
603 1763 795 1799 ὴγοράσθημεν
821 1767 854 1793 ὲκ
880 1766 929 1800 τῆς

144 1807 262 1840 ματαίας
276 1807 428 1841 παραδότου
442 1808 632 1843 ἀναστροφῆς,
650 1808 718 1836 ἀλλὰ
729 1809 812 1844 τιμίῳ
829 1810 926 1845 αἵματι

141 1851 180 1882 ὼς
197 1851 282 1886 ἀμ.νοῦ
297 1852 413 1887 ἀμώμου
428 1853 475 1879 καὶ
491 1853 605 1880 ἀσπίλου
626 1854 711 1889 Ἰησοῦ
728 1855 857 1890 Χριστοῦ.
876 1855 929 1882 Οὓ-

141 1906 197 1928 τως
211 1898 283 1932 ἡμᾶς
296 1897 409 1931 δίδαξον,
426 1898 492 1934 ἆνερ
505 1898 646 1934 ἱερώτατε,
661 1900 774 1927 ἕπεσθαι
789 1903 844 1932 τοῖς
864 1909 931 1937 γρα-

144 1944 234 1977 φικοῖς
249 1944 296 1970 καὶ
308 1944 495 1978 εὑαγγελικοῖς
514 1945 562 1972 καὶ
580 1946 768 1978 ἀποστολικοῖς
780 1949 931 1979 κανονικοῖς

142 1997 173 2017 τε
184 1989 231 2016 καὶ
246 1991 389 2024 πατρικοῖς
400 1991 624 2026 παραγγέλμασι.
638 1991 793 2026 Πειθόμεϐα
804 1992 858 2027 γὰρ
875 1994 931 2024 τοῖς

144 2034 249 2069 ῥήμασι
265 2034 313 2060 τοῦ
331 2035 462 2070 στόματος
480 2036 569 2071 ὑμῶν.
585 2036 647 2063 Ἐπὶ
663 2037 718 2063 τῶν
739 2037 849 2072 ὑψηλῶν
866 2039 931 2065 ἀνά-

144 2078 219 2113 ὓηθι,
235 2078 343 2114 ὕψωσον
357 2082 385 2106 ὲν
402 2081 473 2115 ίσχὺῖ
488 2080 536 2115 τὴν
554 2081 647 2117 φωνήν
666 2089 725 2108 σθω
739 2082 887 2117 πορεύθητι
902 2083 931 2110 ὲν

143 2123 296 2159 πλατυσμῷ
307 2144 314 2157 ,
329 2125 446 2161 κήρυξον
469 2126 538 2161 μετὰ
553 2128 719 2164 παρρησίας·
733 2128 807 2159 ὅπως
830 2128 930 2164 ἐξαρθῇ

143 2170 192 2196 καὶ
206 2171 246 2202 εἰς
258 2171 421 2206 ἀφανισμόν·
437 2173 577 2207 οἰχήσεται
592 2173 609 2207 ὴ
623 2173 665 2201 διὰ
678 2174 827 2209 χρημάτων
842 2183 931 2209 χειρο-

144 2215 223 2242 Θεσία
232 2235 240 2249 ,
254 2216 301 2242 καὶ
316 2217 369 2243 πᾶν
382 2216 408 2242 εί
422 2226 448 2242 τι
460 2217 545 2254 ταύτῃ
562 2217 606 2244 διὰ
628 2219 810 2256 φιλαργυρίαν
823 2220 929 2247 ἀδικίαν
942 2211 970 2240 D

143 2267 175 2285 τε
190 2260 236 2285 καὶ
256 2260 389 2296 ἐμπορίαν
412 2261 612 2297 αίσχροκερδῶς
635 2263 805 2298 παρέπεται·
829 2265 931 2300 ταύτης

149 2306 199 2340 γὰρ
216 2306 285 2339 μετὰ
299 2306 353 2332 τῶν
371 2307 582 2342 συστοιχούντων
597 2309 664 2347 αὐτῇ
682 2309 880 2345 ἐξαιρουμένης
898 2312 930 2338 ἐκ

144 2349 192 2376 τοῦ
212 2350 456 2385 περιουσίουολαοῦ
467 2372 474 2384 ,
490 2352 535 2380 τοῦ
555 2353 593 2391 τῷ
615 2353 727 2388 ὀνόματι
744 2354 862 2389 Χριστοῦ
884 2364 932 2381 κε-

145 2395 292 2430 κλημένου,
310 2397 356 2423 καὶ
376 2397 481 2432 δωρεὰν
496 2398 622 2433 τυχόντος
635 2398 683 2433 τῆς
700 2398 913 2434 ἀπολυτρώσεως
923 2419 930 2432 ,

144 2442 235 2468 πάντα
249 2442 284 2468 τὰ
297 2444 330 2478 τῇ
348 2443 431 2478 κακίᾳ
446 2444 614 2478 συνεπόμενα
631 2445 771 2478 μιάσματα
786 2445 932 2480 πρόρριζον

146 2488 425 2524 αυνεκτμηθήσονται·
442 2489 488 2516 καὶ
498 2491 521 2516 οί
534 2491 615 2526 ἱερεῖς
625 2490 661 2522 ὡς
675 2491 763 2525 φοίνιξ
775 2491 930 2526 ἀνθήσουσι,

145 2535 264 2569 Χριστοῦ
284 2535 397 2562 εὐωδίαν
414 2537 471 2567 τοῖς
488 2536 651 2571 σωζομένοις
675 2538 857 2572 ἐμπνέοντες,
881 2539 928 2565 καὶ

144 2582 179 2615 τῇ
204 2580 352 2616 Ἐκκλησία
369 2581 510 2613 ὲπινικίως
522 2583 700 2618 προσᾴδοντες
710 2591 718 2598 ⁸
733 2584 866 2617 Περιεῗλε
880 2584 932 2611 Κύ-

148 2635 205 2661 ριος
230 2626 264 2653 ἐκ
287 2627 345 2654 σοῦ
362 2627 398 2654 τὰ
416 2627 582 2663 ἀδικήματά
599 2636 668 2656 σου”
695 2629 735 2656 ἔτι
751 2630 779 2656 δὲ
805 2630 851 2657 καὶ
869 2631 933 2662 τοὺς

145 2671 329 2707 δρεπομένους
357 2671 555 2706 γλυκάζοντες,
581 2674 761 2709 πληθύνοντες
785 2684 815 2702 τε
833 2676 932 2709 αὐτοὺς

146 2717 177 2742 ὲν
203 2716 285 2752 γήρει
308 2717 397 2749 πίονι,
420 2718 469 2751 τῆς
489 2719 625 2754 μακαρίας
639 2719 710 2754 λέγω
725 2721 771 2747 καὶ
794 2721 932 2757 ἀκηράτου

147 2761 220 2795 ζωῆς
235 2760 419 2796 κληρονόμους
434 2762 665 2795 ἀναδεικνύοντες.

185 2838 287 2868 ³Μιειι.
303 2848 343 2874 ιιι,
356 2841 398 2868 Η.

980 1585 1078 1617 lamus.
1094 1584 1141 1612 sed
1155 1591 1209 1611 non
1226 1584 1314 1612 solum
1340 1583 1568 1619 archipresbyteri
1588 1591 1620 1611 ac
1636 1583 1766 1611 sacerdo-

979 1635 1031 1663 tes,
1046 1631 1266 1665 clericorumque
1295 1630 1323 1657 in
1347 1637 1461 1657 numero
1482 1630 1624 1662 accensiti,
1644 1631 1690 1657 sed
1707 1636 1767 1656 om-

979 1685 1028 1705 nes
1051 1681 1184 1704 terrarum
1211 1676 1324 1710 incolae;
1340 1676 1422 1711 idque
1445 1683 1479 1703 eo
1498 1677 1586 1710 magis
1600 1683 1655 1710 quo
1676 1676 1766 1703 minus

979 1724 1059 1760 plane
1084 1722 1297 1751 confundamur.
1325 1721 1384 1750 Non
1415 1722 1486 1750 enim
1514 1722 1561 1749 vili
1590 1722 1766 1749 denariorum

979 1769 1066 1804 pretio
1089 1773 1152 1804 post
1176 1776 1276 1796 vanam
1303 1768 1441 1796 traditoris
1476 1767 1684 1803 paenitentiam,
1718 1767 1767 1795 sed

979 1815 1099 1850 pretioso
1125 1815 1258 1851 sanguine
1279 1812 1344 1842 Jesu
1366 1813 1480 1846 Christi,
1509 1813 1571 1848 agni
1599 1812 1767 1840 innocentis-

979 1860 1040 1887 simi
1058 1865 1085 1887 et
1102 1859 1279 1892 immaculati,
1303 1859 1437 1894 redempti
1454 1866 1561 1886 sumus.
1579 1858 1709 1892 Dignare,
1725 1858 1767 1885 vir

982 1906 1166 1938 sanctissime,
1193 1905 1272 1933 nobis
1291 1910 1445 1933 monstrare
1469 1905 1551 1938 viam,
1569 1913 1623 1941 qua
1645 1904 1768 1939 Scriptu-

982 1959 1074 1979 rarum
1088 1972 1095 1983 ,
1113 1952 1314 1987 evangeliorum
1329 1972 1336 1984 ,
1358 1951 1570 1987 apostolicornm
1591 1958 1725 1979 canonum
1741 1955 1768 1978 et

981 2001 1137 2025 sanctorum
1159 1997 1270 2024 Patrum
1299 1998 1443 2032 prmceptis
1475 1997 1632 2024 insistentes
1657 2004 1767 2031 progre-

981 2043 1098 2071 diamur.
1117 2041 1217 2070 Vestra:
1239 2049 1358 2076 namque
1380 2043 1512 2070 doctrinae
1532 2042 1647 2069 docilem
1671 2049 1765 2068 aurem

980 2088 1101 2122 praebere
1130 2087 1208 2114 nobis
1238 2087 1313 2114 cordi
1344 2091 1394 2114 est.
1429 2088 1552 2114 Ascende
1583 2095 1679 2114 versus
1709 2094 1767 2113 ccc-

981 2133 1057 2164 lum,
1078 2134 1132 2160 alta
1163 2141 1229 2160 voce
1258 2133 1365 2166 clama;
1390 2133 1460 2160 viam
1494 2133 1589 2160 insiste
1618 2140 1632 2159 ο
1660 2131 1766 2167 populis

983 2179 1092 2212 tritam;
1124 2186 1185 2206 cum
1221 2178 1295 2206 omni
1333 2178 1458 2205 libertate
1491 2177 1686 2212 evangelizato.
1721 2176 1767 2203 Sic

982 2224 1053 2251 enim
1074 2223 1132 2250 auri
1166 2223 1251 2250 fames
1272 2230 1333 2250 cum
1358 2222 1486 2249 omnibus
1509 2230 1568 2256 qua:
1595 2222 1656 2248 inde
1680 2222 1768 2248 ﬂuunt

982 2271 1160 2306 cupiditatum
1196 2270 1276 2297 undis
1302 2277 1410 2304 pessum
1442 2269 1500 2296 ibit.
1530 2268 1584 2295 Fac
1618 2272 1646 2295 nt
1674 2273 1767 2303 gentes

980 2324 1042 2351 qua:
1071 2323 1086 2342 a
1115 2315 1225 2342 Christo
1257 2323 1355 2341 nomen
1386 2315 1490 2342 ducunt
1519 2319 1545 2341 et
1573 2322 1633 2348 qua:
1660 2315 1762 2341 redem-

981 2363 1082 2398 ptionis
1112 2361 1242 2389 beneﬁcio
1271 2361 1352 2388 salvae
1376 2365 1543 2393 evaserunt,
1580 2361 1614 2387 ab
1640 2360 1767 2387 omnibus

982 2407 1084 2444 peccati
1108 2406 1236 2434 sordibus
1262 2405 1418 2433 abluantur.
1447 2406 1492 2433 Sic
1516 2406 1588 2432 enim
1613 2405 1768 2432 sacerdotes

982 2452 1054 2479 sicut
1076 2452 1164 2486 palma
1186 2451 1332 2482 ﬂorebunt,
1356 2451 1512 2485 Christique
1536 2450 1636 2477 bonum
1655 2450 1767 2476 odorem

983 2497 1107 2524 lidelihus
1135 2497 1304 2524 insumanles
1328 2496 1476 2523 Ecclesium
1502 2499 1584 2522 cantu
1609 2502 1659 2521 suo
1681 2494 1768 2529 reple-

981 2543 1049 2570 bunt
1061 2543 1209 2571 clamantes
1226 2550 1232 2569 :
1249 2541 1376 2568 Dominus
1392 2548 1415 2568 te
1427 2550 1442 2568 α
1459 2541 1573 2576 peccatis
1587 2541 1639 2566 tuis
1654 2540 1767 2566 munda—

982 2588 1029 2615 vit.
1048 2587 1094 2615 Sic
1107 2587 1185 2614 electi
1201 2587 1360 2622 gaudebunt
1374 2587 1438 2622 quia
1457 2591 1584 2614 senectus
1598 2593 1692 2613 eorum
1709 2584 1769 2611 feli-

981 2632 1071 2660 citatis
1092 2632 1152 2660 oleo
1177 2636 1260 2659 uncta
1274 2636 1326 2666 est,
1340 2636 1368 2659 et
1380 2631 1436 2667 jam
1451 2632 1513 2658 vita:
1528 2635 1636 2658 aeternae
1650 2628 1768 2657 beatitu-

981 2678 1072 2706 dinem
1089 2678 1224 2714 praelibat.
