1951 3081
179 166 232 198 533

765 165 879 196 ΡΙῙΟΤΙ
883 167 895 196 Ι
911 166 1161 198 PATRIARCH/E
1181 168 1235 198 (ΣΡ.

1750 155 1802 197 sto

217 219 326 246 Tum.
342 218 414 254 Lege
425 218 476 247 lib.
493 226 513 251 ι,
531 218 577 246 ιιι.
591 218 619 251 5,
635 221 724 246 const.
737 219 783 251 50,
796 218 841 253 4t;
856 223 884 247 et
897 220 937 246 lit.
951 219 962 245 l

1053 220 1128 249 Βιϐλ.
1146 221 1184 251 A’,
1198 229 1251 248 τιτ.
1264 220 1299 254 α’,
1310 221 1378 248 linit.
1394 220 1426 251 λ’,
1442 223 1496 255 pa"
1508 219 1554 247 καὶ
1565 228 1618 247 τιτ.
1632 214 1662 246 α”
1672 219 1727 246 τῶν
1741 229 1804 247 νεα-

179 264 364 298 Novcllarum,
375 269 466 293 eonst.
482 265 509 297 l,
520 264 549 298 2,
562 265 607 297 Η,
621 265 648 291 in
663 265 763 300 quibus
773 265 854 292 etiam
865 265 966 293 dicitur

179 312 213 339 de
229 311 415 344 insinuativls,
431 319 492 347 qua:
507 311 541 338 ab
552 311 689 346 episcopis
699 315 727 338 et
736 311 843 338 clericis
855 311 964 343 dantur,

179 363 216 387 (ιι,
228 357 299 392 quod
315 357 435 392 Byzantii
452 356 564 393 [solum]
573 356 675 392 Magna:
684 356 816 388 ecclesiae,
831 364 887 383 non
902 363 967 383 vero

180 402 263 429 etiam
279 403 394 430 aliarum
424 401 638 438 [ecclesiarum]
661 401 752 430 clerici
780 401 839 429 luce
854 402 965 437 collegis

181 446 239 473 suis
254 447 330 474 dant.
347 446 397 479 Qui
416 454 480 474 vero
496 447 542 474 illa
557 447 643 478 dant,
668 455 722 474 non
749 447 815 475 dare
836 447 966 482 amplius,

180 499 263 526 quam
275 492 356 520 unius
369 492 433 519 anni
450 492 549 520 diaria.
567 491 757 528 [Quodetiam]
768 499 856 527 neque
871 500 965 519 curam

180 537 411 572 qualemcunque,
425 544 513 572 neque
526 537 789 565 administrationem
802 537 968 565 ecclesiasti-

181 589 242 608 cam
255 588 303 615 per
320 581 523 617 [quarumpiam
551 582 655 618 rerum]
685 582 822 610 dationem
848 590 965 616 sumere,

181 625 222 651 vel
236 632 385 659 pauperum
399 625 537 658 domibus,
555 626 742 658 xenodocliiis,
755 626 882 655 domuive
898 626 968 662 [cui-

181 669 266 705 piam]
297 678 382 698 sacrae
405 671 506 706 praelici
522 671 667 706 quisquam
682 676 782 706 potest.
808 672 874 705 Qua:
902 679 967 699 vero

181 721 290 750 propter
305 718 364 744 haec
379 717 478 745 dantur
490 721 538 745 aut
551 718 758 753 promittuntur,
772 725 804 745 ea
816 718 910 745 omnia
922 725 967 745 cc-

181 762 293 790 clesiam
310 770 451 790 sacramve
465 762 575 790 domum
587 763 734 790 vindicare.
754 763 904 798 Episcopos
918 771 967 790 au-

182 812 235 834 tem
248 808 405 836 facultatem
433 809 543 841 habere,
562 814 592 836 ttt
611 814 659 836 aut
677 815 740 836 ante
755 813 801 836 aut
816 813 877 844 post
891 810 967 837 ordi-

182 853 320 881 nationem
332 854 457 888 ecclesiis
472 854 627 890 [quidlibet]
643 854 770 882 offerant.

215 898 292 927 CAP.
313 898 432 927 XXV.—
440 899 480 926 Ne
491 900 670 927 ordinationes
685 900 823 927 iterantur.

393 988 580 1022 Apostolorum
600 997 686 1016 canon
703 989 750 1017 68.

216 1033 261 1062 68.
274 1033 375 1069 Siquis
385 1035 538 1070 episcopus,
556 1035 597 1063 vel
608 1036 759 1072 presbyter,
776 1035 819 1063 vel
837 1034 969 1064 diaconus

182 1079 331 1107 secundam
358 1080 558 1108 ordinationem
575 1081 610 1108 ab
632 1081 686 1108 alio
705 1082 869 1116 susceperit,
885 1081 969 1116 depo—

183 1126 370 1160 naturctipse,
383 1130 412 1153 et
424 1126 471 1160 qui
481 1126 628 1158 ordinavit,
642 1127 693 1154 nisi
705 1127 798 1162 utique
805 1127 967 1160 constiterit,

183 1171 255 1206 quod
280 1171 314 1197 ab
333 1171 468 1198 haereticis
481 1171 682 1198 ordinationem
704 1172 812 1199 habeat.
827 1171 879 1206 Qui
895 1173 969 1200 enim

183 1216 219 1242 ab
241 1215 282 1243 eis
305 1215 434 1250 baptizati
460 1220 486 1243 et
514 1215 633 1243 ordinati
659 1220 740 1249 sunt,
766 1221 796 1244 ut
814 1217 909 1245 ﬁdeles
928 1217 969 1244 vel

183 1260 276 1289 clerici
290 1261 360 1295 sint,
374 1261 433 1288 ﬂeri
452 1268 506 1288 non
521 1265 610 1296 potest
624 1260 740 1296 (59-21).

288 1348 402 1378 Concilii
415 1349 631 1386 Carthaginemis
648 1350 705 1385 (22)
722 1359 807 1378 canon
820 1351 865 1378 48.

186 1393 225 1421 De
243 1392 491 1428 rebaptizationibus
511 1398 536 1420 et
560 1394 799 1421 reordinationibus
824 1395 862 1422 vel
885 1398 973 1423 trans-

413 1427 555 1455 lationibus
572 1429 762 1463 episcoporum.

220 1475 264 1502 ιε.
284 1474 353 1502 lllud
370 1479 460 1502 autem
478 1475 653 1510 suggerimus
665 1475 676 1491 δ
703 1475 862 1502 mandatum
883 1476 973 1510 nobis,

185 1521 257 1555 quod
274 1521 355 1548 etiam
374 1520 400 1547 in
423 1519 559 1555 Capuensi
584 1521 706 1555 plenaria
731 1522 836 1556 synodo
865 1522 972 1550 videtur

186 1570 331 1598 statutum,
352 1570 382 1593 ut
399 1573 452 1593 non
468 1566 547 1593 liceat
567 1566 624 1593 ﬁeri
641 1566 881 1602 rebaptizationes,
896 1575 971 1594 reor-

187 1612 351 1643 dinationes,
377 1612 418 1639 Vel
444 1612 639 1640 translationes
666 1612 871 1648 episcoporum.
901 1612 968 1640 Nam

187 1658 349 1686 Cresconius
362 1659 431 1685 villa:
456 1658 618 1693 Rhegiensis
641 1659 787 1693 episcopus
803 1678 810 1691 ,
829 1659 907 1693 plebe
922 1667 971 1687 sua

187 1702 328 1735 derelicta,
353 1703 517 1731 Tubicnsetn
548 1704 603 1738 (25)
631 1704 731 1730 invasit
759 1703 921 1735 Ecclesium,
947 1709 975 1732 et

189 1757 275 1783 usque
290 1749 370 1776 hodie
381 1749 574 1782 commonitus,
592 1750 741 1777 secundum
760 1750 831 1785 quod
844 1755 973 1777 statutum

189 1797 287 1827 fuerat,
303 1796 458 1830 relinquere
470 1795 593 1822 eamdem
605 1803 686 1830 quam
702 1796 841 1823 invaserat
857 1796 973 1830 plebem,

189 1841 363 1875 contempsit.
378 1841 516 1869 Adversus
535 1842 615 1868 istum
642 1849 702 1876 quae
723 1843 898 1876 pronuntiata
921 1843 975 1870 fue-

191 1890 262 1917 rant,
277 1887 438 1913 conﬁrmata
457 1886 565 1921 quidem
581 1887 737 1914 audivimus
756 1896 762 1914 :
779 1888 826 1914 sed
846 1889 974 1922 petimus,

191 1932 341 1959 secundum
359 1933 430 1966 quod
447 1932 528 1959 nobis
543 1932 701 1959 mandatum
719 1937 771 1964 est,
785 1937 814 1960 ut
827 1933 976 1967 dignemini

191 1977 258 2004 dare
274 1976 412 2008 ﬁduciam,
430 1984 484 2012 quo
494 1976 549 2011 jam
564 1977 728 2004 necessitate
742 1978 800 2012 ipsa
816 1982 930 2013 cogente
942 1977 975 2004 li-

191 2023 287 2050 berum
303 2022 383 2049 nobis
397 2022 432 2050 sit
444 2027 577 2049 rectorem
591 2023 737 2057 provinciae
756 2023 906 2050 secundum
921 2023 976 2057 87

192 2073 293 2096 statuta
308 2068 568 2103 gloriosissimorum
584 2069 735 2103 principum
756 2069 887 2096 adversus
901 2070 976 2096 illum

192 2114 267 2140 adire
284 2123 291 2140 :
309 2118 336 2139 ut
351 2113 398 2148 qui
421 2113 480 2140 miti
505 2113 692 2140 admonitione
713 2113 866 2142 sanctitatis
881 2119 977 2141 vestrae

192 2160 366 2194 acquiescere
381 2159 478 2192 noluit,
501 2163 528 2186 et
541 2159 686 2186 emendare
713 2159 852 2191 illicitum,
882 2165 977 2187 aucto-

193 2206 272 2233 ritate
283 2204 426 2239 judiciaria
448 2205 574 2239 protinus
590 2205 762 2232 excludatur.

228 2250 354 2278 Aurelius
369 2251 514 2285 episcopus
529 2250 598 2277 dixit
615 2259 621 2276 :
643 2250 755 2278 Servata
781 2249 867 2278 forma
893 2250 978 2278 disci-

193 2298 274 2333 plina:
295 2305 348 2324 non
374 2297 555 2325 :estimabitur
580 2298 715 2332 appetitus
728 2298 795 2333 (‘24),
810 2297 833 2325 si
853 2304 867 2325 a
888 2303 977 2325 vestra

194 2343 325 2371 cltaritate
337 2343 458 2370 modeste
469 2348 619 2370 conventus
637 2344 762 2371 recedere
776 2343 977 2375 detrectarerit,

193 2397 256 2418 cum
278 2389 370 2422 fuerit,
383 2397 432 2416 suo
445 2393 602 2423 contemptu
619 2393 646 2415 et
661 2389 832 2415 contumacia
851 2388 977 2420 faciente,

194 2436 276 2463 etiam
306 2437 466 2463 auctoritate
487 2435 633 2469 iudiciaria
659 2439 810 2463 conventura
832 2434 882 2470 [αι.
909 2443 975 2462 con-

194 2481 306 2517 victus].

231 2526 387 2554 Honoratus
406 2529 433 2552 ct
449 2524 577 2553 Urbanus
605 2525 725 2559 episcopi
752 2526 879 2553 dixerunt
896 2533 902 2552 :
921 2525 980 2553 lloc

195 2578 260 2604 ergo
271 2570 399 2597 omnibus
410 2569 516 2604 placet?
530 2570 568 2597 Ab
579 2570 715 2598 universis
729 2569 865 2605 episcopis
874 2570 977 2598 dictum

195 2621 240 2644 est
255 2625 261 2643 :
278 2616 380 2649 Placet,
396 2616 536 2650 etjuslum
553 2619 605 2643 est.

231 2662 243 2678 ⁵
255 2662 406 2690 Concilium
422 2662 507 2691 Arrio.
528 2671 592 2690 can.
605 2663 649 2690 15.

1020 266 1074 300 ρῶν
1081 266 1151 294 διάτ.
1166 266 1200 299 α’,
1210 266 1243 301 β’,
1259 269 1303 299 ια’,
1318 268 1348 294 ἐν
1362 264 1405 298 αἷς
1419 267 1527 302 εἴρηται
1539 265 1657 300 καὶπερὶ
1668 265 1722 298 τῶν
1736 265 1804 292 διδοο

1021 310 1109 345 μένων
1123 311 1327 345 ὲμφανιστικῶν
1341 311 1416 347 παρὰ
1427 312 1583 338 ἐπισκόπων
1595 311 1642 337 καὶ
1655 309 1804 345 κληρικῶν·

1019 356 1066 381 καὶ
1079 355 1121 382 ὅτι
1132 356 1160 382 ἐν
1169 355 1309 391 Βυζαντίῳ
1325 356 1399 392 μόνοι
1409 357 1434 383 οι
1444 356 1493 390 τῆς
1504 355 1634 390 Μεγάλης
1645 354 1804 390 ἐκκλησίας,

1017 401 1048 427 οὐ
1065 401 1119 436 μὴν
1133 401 1158 428 οἱ
1178 402 1232 429 τῶν
1246 401 1333 429 ἄλλων
1349 401 1474 437 κληρικοὶ
1484 421 1492 434 ,
1506 401 1563 432 τοῖς
1583 400 1672 427 αὐτῶν
1688 400 1807 434 συγκλη-

1020 448 1105 482 ρικοῖς
1122 447 1210 474 ταῦτα
1223 447 1340 474 διδόασιν
1350 455 1357 462 ”
1371 447 1396 473 οἱ
1411 447 1440 473 δὲ
1454 446 1619 482 παρέχοντες
1631 466 1638 479 ,
1661 446 1691 472 οὐ
1705 446 1806 472 διδόασι

1018 492 1098 519 πλέον
1118 493 1177 525 ἐνὸς
1194 492 1318 519 ἐνιαυτοῦ
1332 493 1434 528 διάρια·
1454 491 1515 518 οὒτε
1530 492 1558 518 δὲ
1572 491 1726 527 φρόντισμα
1738 491 1807 517 οἱον-

1018 537 1128 572 δήποτε,
1143 537 1160 572 ἢ
1175 536 1308 571 διοίκησιν
1322 535 1553 571 ὲκκλησιαστικὴν
1566 535 1612 562 ἐπὶ
1625 535 1698 562 δόσει
1708 543 1750 566 τις
1764 534 1807 561 δύ-

1017 590 1097 608 ναται
1108 581 1210 614 λαϐεῖν,
1225 581 1242 617 ἢ
1253 583 1299 608 ἐπὶ
1311 582 1365 608 τῶν
1375 581 1491 616 πτωχῶν
1502 581 1634 615 γίνεσθαι,
1646 581 1662 616 ἢ
1680 581 1804 613 ξενῶνας,

1018 628 1034 662 ἢ
1050 627 1165 661 εὐαγοῦς
1181 629 1257 655 οῐκου
1273 628 1424 663 προστῆναι
1437 636 1445 644 ·
1461 627 1550 654 πάντα
1564 627 1595 653 δὲ
1608 627 1644 654 τὰ
1658 627 1704 653 ἐπὶ
1719 626 1807 662 τούτῳ

1017 673 1143 708 διδόμενα
1155 673 1172 709 ἢ
1186 674 1388 708 ὑπισχνούμενα
1397 693 1405 705 ,
1419 674 1435 709 ἡ
1458 672 1605 708 Ἐκκλησία
1616 693 1623 706 ,
1641 673 1658 708 ἥ
1672 673 1686 700 ό
1704 673 1806 707 εὑαγὴς

1018 718 1106 753 οἶκος,
1125 720 1238 746 ὲκδικεϊ.
1262 719 1402 751 Ἐξουσίαν
1425 719 1454 745 δὲ
1478 719 1586 755 ἔχουσιν
1603 720 1628 745 οἱ
1645 718 1804 750 ἐπίσκοποι,

1018 765 1066 792 καὶ
1079 765 1133 800 πρὸ
1144 765 1194 800 τῆς
1207 764 1384 800 χειροτονίας,
1403 764 1450 792 καὶ
1464 764 1535 799 μετὰ
1549 763 1635 792 ταῦτα
1644 784 1653 798 ,
1665 765 1725 796 ταῖς
1744 764 1808 791 Ἐκ·

1019 811 1145 846 κλησίσις
1159 811 1248 837 αὐτῶν
1267 810 1442 846 προσφέρειν.

981 885 1003 913 Β
1052 898 1177 926 ΚΕΦΔΔ.
1196 898 1261 926 ΚΕ¹.
1277 897 1347 932 Περὶ
1360 897 1414 925 τοῦ
1426 896 1470 932 μὴ
1492 897 1628 932 τίνεσθαι
1650 896 1806 932 ἀναχωρο-

1014 943 1163 977 corticem.

1231 988 1418 1016 Ἀποστόλων
1432 987 1533 1015 κανὼν
1545 988 1594 1023 Εη’.

1052 1034 1101 1070 ξη¹.
1119 1034 1153 1061 Et
1163 1042 1205 1066 τις
1220 1034 1377 1067 ἐπίσκοπος,
1397 1033 1414 1069 ἢ
1430 1033 1625 1069 πρεσϐύτερος,
1641 1031 1658 1068 ἥ
1673 1032 1808 1063 διάκονος.

1016 1080 1143 1115 δευτέραν
1159 1079 1323 1115 χειροτονίαν
1336 1079 1444 1112 δέξεται
1461 1079 1539 1114 πσρὰ
1552 1087 1644 1112 τινος,
1660 1077 1805 1114 καθαιρεί-

1019 1127 1075 1153 σθω
1100 1126 1146 1152 καὶ
1168 1126 1248 1157 αὐτὸς
1265 1125 1311 1152 καὶ
1332 1126 1347 1152 ὁ
1367 1125 1577 1160 χειροτονήσας,
1595 1125 1620 1151 ει
1645 1124 1681 1159 μή
1700 1132 1732 1157 γε
1747 1123 1802 1158 ἄρα

1019 1171 1133 1205 συσταίη
1146 1191 1154 1204 ,
1170 1171 1210 1198 ὅτι
1234 1170 1309 1205 παρὰ
1329 1170 1476 1205 αἱρετικῶν
1491 1169 1548 1204 ἔχει
1565 1169 1614 1203 τὴν
1626 1167 1804 1204 χειροτονίαν·

1019 1216 1082 1247 τοὺς
1097 1215 1151 1251 γὰρ
1167 1216 1231 1251 περὶ
1244 1215 1298 1242 τῶν
1309 1215 1438 1242 τοιούτων
1459 1213 1699 1250 χειροτονηθέντας
1719 1212 1737 1248 ἢ
1755 1212 1808 1247 βα-

1020 1260 1197 1294 πτισθέντας,
1215 1260 1277 1287 οὔτε
1293 1260 1406 1292 πιστοὺς
1427 1259 1489 1287 οὔτε
1506 1259 1656 1295 κληρικοὺς
1676 1257 1746 1286 εἶναι
1759 1257 1806 1285 δυ-

1021 1307 1109 1335 νατόν.

1144 1352 1278 1380 Συνόδου
1290 1352 1499 1388 Καρθαγέννης
1515 1352 1616 1380 κανὼν
1629 1354 1684 1388 μη’.

1057 1399 1127 1434 Περὶ
1155 1399 1425 1432 ἀναεαπτισμὰτων
1451 1399 1500 1427 καὶ
1525 1395 1773 1433 ἀναχειροτονιῶν
1786 1395 1809 1430 ἣ

1207 1433 1398 1466 μεταϐάσεωιν
1413 1435 1597 1462 ἐπιὼιόπων.

1061 1482 1117 1514 μη’.
1138 1478 1241 1505 Ἐκεῖνο
1258 1479 1286 1504 δὲ
1297 1479 1471 1514 ἀναφέρομεν
1483 1477 1610 1505 ὲνταλθὲν
1624 1477 1702 1511 ἡμῖν,
1717 1475 1748 1500 τὸ
1761 1473 1806 1499 καὶ

1026 1527 1055 1553 ὲν
1073 1527 1106 1560 τῇ
1122 1526 1222 1560 συνόδῳ
1234 1525 1267 1560 τῇ
1280 1525 1309 1551 ἐν
1324 1524 1425 1560 Καπύῃ
1437 1523 1556 1559 ὁρισθὲν,
1568 1523 1637 1550 ὥστε
1656 1523 1693 1558 μὴ
1708 1520 1809 1554 ἐξεῖναι

1022 1571 1143 1606 γίνεσθαι
1162 1570 1374 1603 ἀναὸαπτίσεις,
1393 1570 1410 1605 ἢ
1426 1570 1677 1605 ἁναχειροτονήσεις
1692 1569 1708 1605 ἢ
1727 1578 1810 1605 μετα-

1022 1620 1142 1654 κινήσεις
1159 1618 1325 1645 ὲπισκόπων.
1345 1616 1518 1653 Κρεσκώνιος
1534 1615 1580 1644 οὖν
1597 1617 1644 1643 τοῦ
1666 1616 1810 1651 Ῥεκένο-ης

1022 1665 1107 1700 ἀγροῦ
1123 1664 1271 1695 ἐπίσκοπος
1287 1664 1497 1698 καταφρονήσας
1511 1662 1558 1689 τοῦ
1586 1662 1651 1689 ἰδίου
1669 1661 1734 1688 λαοῦ
1747 1681 1754 1694 ,
1775 1663 1810 1698 τῇ

1023 1711 1068 1738 τοῦ
1085 1710 1182 1745 Βικένη
1205 1709 1290 1745 ἐπέϐη
1309 1709 1457 1744 Ἐκκλησίᾳ
1472 1716 1478 1723 ·
1497 1708 1544 1735 καὶ
1557 1708 1609 1739 ἕως
1627 1708 1676 1740 τῆς
1691 1709 1811 1742 σήμερον

1024 1755 1152 1787 πολλάκις
1178 1754 1363 1790 ὑπομνησθεὶς
1382 1754 1452 1780 κατά
1469 1753 1500 1780 τὸ
1513 1753 1620 1788 ὁρισθὲν
1647 1752 1809 1779 καταλιπεῖν

1023 1802 1072 1836 τὴν
1091 1801 1175 1835 αὑτὴν
1199 1797 1395 1836 Ἐκκλησίανῇ
1420 1808 1473 1826 τινι
1494 1799 1620 1833 ἐπῆλθεν,
1641 1799 1691 1833 οὐχ
1712 1797 1812 1825 εἵλετο.

1024 1847 1092 1882 Περὶ
1103 1846 1197 1873 τούτου
1212 1846 1240 1872 δὲ
1253 1846 1286 1872 τὰ
1298 1845 1519 1880 προαγγελθὲντα
1534 1844 1630 1879 βέὸαια
1641 1843 1811 1879 ἠκούσαμεν,

1024 1893 1071 1920 καὶ
1087 1892 1213 1927 αἰτοῦμεν
1227 1892 1296 1918 κατὰ
1310 1892 1340 1917 τὸ
1352 1891 1461 1917 ἐνταλὲν
1474 1891 1550 1925 ἡμῖν,
1565 1890 1608 1916 ἴνα
1623 1889 1812 1924 καταξιὼσητε

1025 1938 1114 1966 δοῦναι
1129 1938 1284 1973 παρρησίαν
1296 1937 1338 1963 ἐπ’
1352 1936 1445 1967 ἀδείας
1458 1937 1523 1971 ἡμῖν
1535 1935 1671 1969 γενέσθαι·
1689 1935 1730 1961 ὃτι
1743 1934 1812 1969 αὕτη

1026 1985 1042 2018 ἡ
1055 1984 1162 2018 ἀνάγκη
1177 1981 1382 2018 παρασκευάζει
1399 1979 1438 2015 τῷ
1458 1980 1569 2015 ἄρχοντι
1584 1979 1634 2014 τῆς
1649 1979 1740 2014 χώρας
1754 1978 1814 2005 κατ’

1026 2028 1130 2054 ἐκείνου
1147 2026 1318 2062 προσελθεῖν,
1331 2025 1402 2052 κατὰ
1416 2025 1465 2057 τὰς
1481 2024 1627 2057 διαστίξεις
1641 2024 1695 2050 τῶν
1711 2024 1814 2056 ἐνδοξο-

1026 2073 1115 2099 τάτων
1129 2071 1275 2107 βασιλέων
1290 2071 1334 2098 ἴνα
1344 2071 1358 2097 ὁ
1374 2071 1407 2106 τῇ
1423 2070 1502 2105 πράῳ
1518 2070 1671 2105 ὑπομνήσει
1685 2070 1734 2103 τῆς
1749 2069 1817 2104 ὑμε-

1026 2119 1108 2152 τέρας
1122 2116 1277 2152 ἁγιωσύνης
1290 2116 1474 2151 πειθαρχῆσαι
1488 2114 1526 2150 μὴ
1545 2114 1671 2149 Θελὴσας,
1687 2114 1734 2140 καὶ
1745 2114 1817 2149 Step-

1028 2162 1166 2189 θώσασθαι
1194 2162 1223 2188 τὸ
1258 2160 1474 2196 ἀσυγχώρητον,
1507 2159 1635 2194 αὺθεντίᾳ
1668 2159 1817 2194 ἀρχοντικῇ

989 2213 1011 2241 ι)
1026 2208 1196 2244 παραχρῆμα
1212 2206 1331 2241 κωλυθῇ.

1062 2253 1195 2290 Αὐρήλιος
1208 2252 1355 2283 ἐπίσκοπος
1368 2248 1453 2278 εἶπεν·
1470 2249 1655 2285 Φυλαχθέντος
1669 2248 1716 2276 τοῦ
1729 2249 1818 2276 τύπου

1027 2303 1077 2337 τῆς
1093 2299 1304 2330 καταστάσεως,
1325 2297 1362 2333 μὴ
1377 2297 1460 2332 κριθῇ
1485 2296 1534 2331 τῆς
1550 2296 1659 2322 συνόδου
1675 2295 1818 2330 ὑπάρχων,

1028 2347 1075 2374 ἐὰν
1096 2345 1224 2377 ἐπιεικῶς
1243 2343 1366 2379 αἰτηθεὶς
1386 2342 1462 2377 παρὰ
1483 2342 1532 2376 τῆς
1547 2341 1684 2376 ὑμετέρας
1706 2341 1820 2375 ἀγάπης

1028 2393 1178 2427 ἀποστῆναι
1193 2390 1381 2426 παρῃτήσατο,
1391 2387 1485 2422 ἐπειδὴ
1502 2389 1534 2414 ἐκ
1548 2387 1597 2421 τῆς
1613 2386 1716 2417 οἰκείας
1729 2395 1817 2412 κατα-

1032 2438 1189 2473 φρονήσεως
1215 2435 1262 2462 καὶ
1285 2433 1440 2470 μονοτονίας
1465 2432 1611 2468 περιῆλθεν
1637 2433 1677 2463 εις
1690 2431 1819 2466 ἄρχοντι-

1033 2483 1082 2518 κὴν
1097 2481 1230 2514 ἐξουσίαν.

1073 2528 1223 2562 Ὁνωράτος
1237 2526 1284 2552 καὶ
1292 2524 1430 2561 οὑρϐανὺς
1443 2524 1468 2551 οἰ
1477 2523 1621 2551 ἐπίσκοποι
1632 2520 1719 2550 εἴπον-
1732 2521 1820 2548 Τοῦτο

1032 2575 1099 2600 πᾶσι
1119 2573 1232 2609 ἀρέσκει
1246 2581 1253 2588 ·
1269 2572 1322 2600 ἀπὸ
1341 2572 1452 2600 πάντων
1466 2571 1624 2598 ἐπισκόπων
1639 2567 1738 2604 ἐλέχθη
1749 2576 1758 2585 ’
1773 2568 1820 2595 Δί-

1031 2620 1108 2647 καιόν
1121 2621 1206 2653 ἔστιν,
1220 2619 1344 2655 ἀρέσκει.

967 2711 1082 2740 NOTAE.

235 2758 340 2793 (39-21)
353 2757 514 2791 lntelligitur
526 2758 559 2785 de
577 2757 804 2793 Catapltrygibus,
821 2761 851 2786 ut
862 2765 923 2793 cap.
946 2759 980 2786 19

197 2794 297 2823 concil.
313 2793 383 2827 Nic.,
398 2799 426 2821 et
437 2793 472 2821 95
487 2798 571 2821 sexta:
583 2793 691 2828 synodi.

199 2828 388 2892 antnﬁiﬁgsgpnc.
400 2829 527 2864 Carthag.
540 2836 580 2862 ιιι,
592 2835 653 2857 can.
667 2828 712 2863 38;
728 2828 870 2864 Capueuse
880 2828 980 2857 concil.

1068 2761 1124 2796 (‘25)
1143 2761 1199 2788 MS.
1219 2771 1228 2786 ι
1246 2760 1484 2796 Tubunicnscm.._.
1499 2763 1535 2796 et_
1547 2765 1633 2796 usque
1643 2757 1688 2796 _in_
1696 2755 1788 2796 hodie.
1806 2764 1816 2781 ι

1069 2791 1125 2835 (τι)
1152 2796 1207 2825 lloc
1226 2801 1277 2829 est,
1305 2805 1313 2822 ι
1339 2803 1394 2823 ιιοιι
1423 2791 1602 2823 aestimabitur
1624 2792 1649 2821 ei
1675 2791 1746 2820 facta
1777 2791 1819 2817 itt-

1044 2839 1111 2858 una.
1136 2841 1145 2857 ὶ
