1951 3081
131 177 180 210 Ml

526 180 726 211 SYNTAGMA
741 180 937 212 CANONUM.
952 193 988 199 -
1001 181 1074 211 TIT.
1095 182 1120 218 Ι,
1137 182 1216 212 CAP.
1237 180 1331 211 XXVI

1702 179 1756 212 542

166 233 291 262 ΚΕΦΔΛ.
311 235 384 268 KG’.
395 250 430 255 —-
443 235 510 269 Περὶ
526 236 579 263 toﬁ
590 237 633 271 μὴ
645 237 776 271 μετιέναι
791 237 915 264 ἐπίσκο-

1004 236 1080 265 CAP.
1099 236 1194 264 XXVI.
1210 251 1246 257 —-
1261 236 1303 264 Ne
1322 237 1458 271 episcopus
1471 235 1509 264 vel
1527 235 1637 263 clericus
1649 235 1681 263 de
1701 243 1755 262 una

130 288 190 306 πον
208 280 228 314 ἢ
238 279 384 313 κληρικὸν
395 279 455 307 ἀπὸ
472 281 588 314 πόλεως
604 282 647 315 εὶς
661 281 762 309 πόλιν.

270 346 406 374 Συνόδου
423 347 547 380 Νικαίας
560 347 660 374 κανὼν-
673 351 715 381 ιε’,
728 351 776 381 ις’.

166 411 208 438 ιε’.
233 411 282 439 Διὰ
296 411 341 439 τὸν
356 411 440 439 πολὺν
462 412 582 448 τάραχον
602 414 714 446 καὶτὰς
737 414 846 447 στάσεις
866 415 918 447 τὰς

130 458 299 492 γινομένας,
330 457 403 490 ἔδοξε
441 459 598 485 παντάπασι
631 460 842 495 περιαιρεθῆναι
866 461 916 496 τὴν

132 503 276 538 συνήθειαν
291 502 341 538 τὴν
364 503 441 538 παρὰ
460 504 505 530 τὸν
522 504 622 530 κανόνα
638 504 799 540 εὑρεθεῖσαν
818 505 847 532 ἐν
859 514 917 532 τισι

134 548 258 583 μέρεσιν,
282 548 353 575 ὥστε
379 548 434 575 ἀπὸ
459 549 564 581 πόλεως
588 551 629 581 εις
657 550 736 577 πόλιν
765 551 802 586 μὴ
833 560 918 586 μετα-

131 591 245 626 δαίνειν,
269 594 337 628 μήτε
354 593 513 625 ἐπίσκοπον,
536 595 606 629 μήτε
628 594 823 630 πρεσϐύτερον,
847 596 917 631 μήτε

130 639 265 666 διάκονον,
280 639 312 664 El
325 638 354 665 δέ
367 647 420 670 τις,
441 639 511 674 μετὰ
525 639 570 666 τὸν
579 640 628 674 τῆς
637 640 718 674 ἁγίας
734 641 781 667 καὶ
794 641 918 677 μεγάλης

132 685 243 711 συνόδου
256 685 329 719 ὅρον,
346 684 458 720 τοιούτῳ
480 686 532 712 τινὶ
547 686 759 721 ἐπιχειρήσειεν,
777 687 793 722 ἢ
810 687 916 724 ἐπιδοίη

132 730 228 757 ἐαυτὸν
242 730 387 764 πράγματι
399 730 523 765 τοιούτῳ,
537 732 746 766 ἀκυρωθήσεται
768 731 919 765 ἐξάπαντος

131 774 163 800 τὸ
176 774 392 810 κατασκεύασμα
402 794 410 806 ,
425 774 471 801 καὶ
485 775 777 811 ἀποκατασταθήσεται
793 778 826 812 τῇ
857 777 919 804 Ἐκ-

132 817 259 857 κλησίᾳῇ
273 821 288 847 ό
302 821 477 856 ἐπίσκοποςῆ
492 823 506 848 ὸ
518 821 701 856 πρεσϐύτερος
716 823 917 859 ἐχειροτονήθη.

169 864 216 897 ις’.
229 865 306 892 Ὅσοι
321 865 523 900 ῥιψοκινδύνως,
543 867 612 902 μήτε
626 867 672 894 τδν
691 868 773 902 φόϐον
785 868 832 895 τοῦ
849 869 917 895 Θεοῦ

975 282 1001 309 ὶη
1013 282 1095 309 aliam
1106 283 1238 310 ciuitatem
1253 282 1460 317 transferantur.

1121 346 1221 382 Synodt'
1235 347 1352 374 Nicwua:
1370 355 1479 373 canone:
1494 346 1538 380 15,
1555 345 1600 374 16.

1006 414 1051 441 15.
1070 413 1205 449 Propter"
1235 413 1351 440 multum
1380 412 1526 440 tumultum
1550 417 1577 440 et
1608 410 1756 439 seditiones

971 467 1032 495 qua:
1050 460 1129 492 liunt,
1148 459 1261 486 omnino
1276 460 1365 486 visum
1382 463 1425 486 est
1441 462 1471 486 ut
1495 457 1678 490 consuetudo,
1695 465 1757 492 qua:

970 509 1069 540 praeter
1089 512 1221 532 canoriem
1247 505 1274 532 in
1299 505 1437 533 nonnullis
1456 505 1580 539 partibus
1605 504 1755 535 invenitur,

971 549 1082 577 tollatur
1099 558 1106 575 :
1123 553 1152 576 ut
1171 556 1186 576 a
1201 549 1310 576 civitate
1330 549 1357 575 in
1371 549 1509 576 civitatem
1532 556 1582 576 nec
1599 549 1756 584 episcopus,

971 602 1023 622 nec
1040 594 1193 629 presbyter,
1211 601 1261 621 nec
1282 595 1415 622 diaconus
1432 598 1564 622 transeat.
1580 594 1609 620 Si
1625 593 1687 629 quis
1708 601 1758 621 au-

971 644 1026 668 tem
1039 644 1102 674 post
1116 644 1219 667 sanctae
1233 644 1260 666 et
1272 647 1376 674 magn-.e
1395 639 1490 674 synodi
1503 639 1687 667 deﬁnitionem
1703 639 1758 666 tale

971 685 1109 720 quidpiam
1123 693 1269 720 aggressus
1287 685 1379 718 fuerit,
1399 686 1440 713 vel
1461 693 1492 713 se
1505 686 1544 712 rei
1561 685 1695 720 ejusmodi
1710 686 1758 712 de-

971 729 1051 761 derit.
1075 729 1148 764 quod
1173 730 1276 757 factum
1296 730 1358 762 erit,
1378 730 1492 757 omnino
1517 729 1711 761 inﬁrmabitur.
1729 733 1758 756 et

972 774 1100 802 Ecclesiae
1120 775 1287 807 restituetur,
1308 775 1353 803 cui
1382 775 1527 810 episcopus
1548 775 1590 802 vel
1616 775 1758 810 presbyter

971 821 1113 849 ordinatus
1130 821 1212 849 fuerit

1006 867 1051 895 16.
1073 867 1257 901 Quicunque'
1278 871 1381 894 temere
1406 871 1434 894 et
1457 867 1677 898 inconsiderate,
1705 873 1757 894 nec

132 910 186 946 πρὸ
207 910 355 946 ὀφθαλμῶν
378 911 496 946 ἔχοντες,
523 913 592 948 μήτε
619 913 666 939 τὸν
689 913 916 948 ἐκκλησιαστικὸν

974 913 1018 941 Dei
1040 914 1165 941 timorem
1185 921 1239 949 pra:
1257 915 1345 941 oculis
1361 915 1501 947 habentes,
1525 922 1575 942 nec
1589 914 1757 942 ecclesiasti-

132 955 233 983 κανόνα
253 957 364 989 εἰδότες,
380 957 587 993 ἀναχωρήσουσι
601 958 652 993 τῆς
673 958 836 992 Ἐκκλησίας
851 969 920 995 πρε-

131 1001 259 1036 σϐύτεροι
273 1002 290 1038 ἢ
306 1002 434 1035 διάκονοι,
452 1003 469 1038 ἢ
487 1004 555 1036 ὅλως
577 1005 606 1031 ἐν
626 1004 664 1040 τῷ
680 1006 773 1032 κανόνι
799 1005 922 1038 ἐξεταζό-

133 1056 220 1083 μενοι,
234 1045 306 1075 οὗτοι
317 1049 442 1084 οὺδαμιῖις
451 1050 541 1076 δεκτοὶ
554 1050 707 1084 ὀφείλουσιν
717 1048 786 1078 εἶναι
798 1052 826 1078 ἐν
838 1052 920 1087 ἑτέρᾳ

130 1093 281 1129 ἐκκλησίᾳ·
298 1095 366 1122 ἀλλὰ
381 1096 472 1122 πᾶσαν
490 1095 582 1127 αὐτοῖς
596 1096 718 1131 ἀνάγκην
733 1096 848 1123 ἕπεσθαι
866 1097 919 1133 χρὴ

131 1139 313 1174 ἀναστρέφειν
326 1141 367 1172 είς
379 1140 428 1172 τὰς
446 1141 551 1168 ἑαυτῶν
570 1143 725 1176 παροικίας,
743 1143 760 1178 ἦ
776 1144 919 1178 ἐπιμένον-

130 1192 182 1216 τας
198 1185 397 1220 ἀκοινωνίῃους
411 1183 481 1213 εἶναι
500 1188 644 1222 προσήκει.
668 1188 698 1214 Εἰ
713 1188 741 1214 δὲ
754 1189 800 1215 καὶ
816 1189 919 1224 τολμή-

133 1229 189 1256 σειέ
209 1238 253 1262 τις
275 1231 436 1266 ὑφαρπάσαι
455 1231 502 1257 τὸν
524 1232 563 1267 τῷ
582 1233 669 1268 ἑτέρῳ
686 1233 847 1268 διαφέροντα
872 1234 920 1261 καὶ

131 1276 320 1311 χειροτονῆσαι
339 1277 368 1302 ἐν
382 1278 415 1312 τῇ
434 1277 518 1304 αὐτοῦ
544 1278 692 1314 Ἐκκλησία
704 1301 710 1309 ,
731 1279 767 1314 μὴ
782 1287 920 1313 συγκατα-

130 1318 272 1353 τιθεμένου
289 1320 336 1347 τοῦ
352 1321 418 1347 ἰδίου
434 1321 585 1348 ἐπισκόπου
605 1319 636 1349 οὗ
658 1323 831 1359 ἀνεχώρησεν
854 1325 868 1351 ό
890 1325 919 1351 ἐν

130 1364 171 1400 τῷ
185 1366 277 1393 κανόνι
291 1366 495 1401 ἐξεταζόμενος,
512 1368 614 1403 ἄκυρος
630 1368 700 1395 ἔστω
714 1369 730 1404 ἡ
743 1370 905 1405 χειροτονία.

257 1411 394 1438 Συνόδου
421 1412 604 1447 Ἀντιοχείας
623 1413 724 1440 κανὼν
741 1417 794 1441 κα’.

166 1455 221 1482 κα’.
237 1455 401 1483 Έπίσκοπον
408 1457 460 1484 ἀπὸ
470 1459 613 1494 παροικίας
621 1459 716 1494 ἐτέρας
723 1460 762 1491 είς
772 1460 867 1494 ἑτέραν
880 1460 917 1496 μὴ

132 1500 321 1536 μεθίστασθαι,
339 1503 408 1538 μήτε
423 1503 591 1539 αὐθαιρέτως
599 1505 794 1540 ἐπιρῤίπτοντα
809 1505 916 1539 ἐαυτὸν,

132 1548 202 1583 μήτε
224 1548 276 1575 ὑπὸ
291 1548 363 1576 λαῶν
380 1549 584 1584 ἐκὸιαξόμενον,
607 1551 675 1585 μήτε
692 1551 744 1578 ὑπὸ
759 1551 917 1578 ἐπισκόπων

130 1579 360 1629 ἀναγκαζόμενον·
378 1579 472 1630 μένειν
492 1579 520 1622 δὲ
536 1579 625 1632 είςῆν
638 1579 782 1632 ἐκληρώθη
801 1597 853 1624 ὑπὸ
868 1597 915 1624 τοῦ
930 1579 952 1610 c

130 1639 200 1665 Θεοῦ
214 1639 244 1672 ἐξ
259 1641 346 1676 ἀρχῆς
357 1641 500 1677 ἐκκλησίᾳ,
513 1642 560 1668 καὶ
576 1642 613 1677 μὴ
628 1641 806 1676 μεθίστασθαι
821 1643 916 1678 αὐτῆς,

131 1684 204 1711 κατὰ
229 1685 274 1712 τὸν
299 1686 349 1721 ῆδη
376 1687 507 1722 πρότερον
534 1687 598 1722 περὶ
624 1687 719 1714 τούτου
743 1687 917 1724 ἐξενεχθέντα

131 1730 204 1766 ὅρον.

219 1777 354 1805 Συνόδου
369 1777 561 1811 Χαλκηδόνος
572 1778 673 1805 κανὼν
691 1782 722 1811 ε’,
744 1778 770 1812 ι’,
785 1782 821 1806 κ’.

165 1827 198 1851 ε’.
215 1824 283 1859 Περὶ
297 1823 350 1850 τῶν
366 1823 583 1858 μεταϐαινόντων
597 1824 651 1850 ἀπὸ
664 1824 767 1856 πόλεως
783 1825 822 1856 εἰς
837 1825 915 1852 πόλιν

130 1870 288 1896 ἐπισκόπων
302 1870 319 1904 ἢ
337 1869 485 1905 κληρικῶν,
501 1869 574 1901 ἔδοξε
589 1870 650 1901 τοὺς
667 1870 730 1902 περὶ¹
749 1870 853 1897 τούτων
872 1880 917 1897 τε-

130 1916 226 1947 θέντας
239 1915 353 1947 κανόνας
368 1915 443 1950 παρὰ
457 1915 512 1942 τῶν
530 1916 616 1950 ἁγίων
631 1916 761 1952 Πατέρων
783 1916 855 1952 ἔχειν
868 1916 917 1952 τὴν

131 1961 200 1989 ἰδίαν
213 1961 300 1997 ἰσχύν.

168 2007 194 2035 t'.
212 2009 258 2043 Μὴ
278 2008 377 2041 ἐξεῖναι
391 2007 519 2042 κληρικδν
534 2008 564 2035 ἐν
584 2008 631 2034 δύο
645 2008 749 2036 πόλεων
764 2009 836 2036 κατὰ
851 2018 918 2036 ταυ-

129 2055 176 2082 τὸν
195 2054 393 2088 καταλέγεσθαι
425 2054 594 2089 ἐκκλησίαις,
615 2055 644 2081 ἐν
705 2064 735 2081 τε
757 2055 807 2090 τὴν
833 2055 919 2091 ἀρχὴν

129 2100 330 2135 ἐχειροτονήθη,
344 2099 390 2126 καὶ
404 2100 431 2126 ἐν
476 2099 646 2134 προσέφυγεν
659 2100 696 2131 ὡς
712 2100 816 2134 μείζονι
827 2100 918 2135 δῆθεν,

128 2146 175 2173 διὰ
187 2146 266 2180 δόξης
282 2147 361 2181 κενῆς
374 2145 531 2181 ἐπιθυμίαν.
549 2146 618 2178 Τοὺς
627 2146 655 2172 δέ
669 2155 701 2180 γε
716 2147 795 2173 τοῦτο
807 2146 917 2173 ποιοῦν-

128 2201 197 2224 τας,
224 2191 458 2218 ἀποκαθίστασθαι
485 2193 518 2227 τῇ
546 2192 599 2227 ἰδίᾳ
629 2192 760 2227 ἐκκλησίᾳ
789 2193 818 2219 ἐν
890 2192 919 2226 ἐξ

970 968 1032 988 cum
1047 968 1178 988 canonem
1200 961 1320 988 scientes
1336 961 1488 996 presbyteri
1508 961 1550 988 vel
1572 961 1691 993 diaconi,
1715 961 1756 988 vel

969 1006 1026 1041 88
1038 1006 1196 1041 quicunque
1210 1006 1323 1033 omnino
1341 1006 1368 1032 in
1386 1013 1492 1033 canone
1506 1010 1694 1038 recensentur,
1721 1005 1757 1032 ab

969 1052 1093 1080 ecclesiis
1116 1053 1292 1086 secesserint,
1315 1053 1334 1080 ii
1362 1053 1390 1079 in
1416 1052 1505 1079 aliena
1536 1051 1652 1079 ecclesia
1679 1050 1756 1078 nullo

970 1098 1051 1125 modo
1066 1097 1150 1132 recipi
1168 1097 1279 1129 debent,
1303 1098 1351 1125 sed
1377 1097 1491 1124 omnino
1509 1097 1622 1131 cogendi
1641 1100 1706 1123 sunt
1727 1097 1754 1124 in

970 1150 1036 1170 suas
1064 1142 1187 1177 ipsorum
1214 1143 1362 1177 parochias
1389 1143 1499 1170 redire:
1516 1142 1558 1169 vel
1584 1142 1607 1169 si
1629 1148 1756 1176 perseve-

969 1192 1041 1220 rent,
1063 1195 1110 1215 805
1131 1195 1146 1214 a
1170 1188 1366 1215 communione
1393 1191 1533 1222 separatos
1556 1194 1617 1214 esse
1638 1191 1754 1221 oportet.

970 1232 1019 1260 Sin
1037 1237 1128 1260 autem
1144 1233 1226 1260 etiam
1247 1240 1331 1261 ausus
1343 1233 1355 1249 '
1370 1233 1453 1260 fuerit
1467 1233 1602 1268 quispiam
1619 1239 1694 1264 cum,
1707 1231 1755 1267 qui

969 1280 1002 1307 ad
1020 1279 1104 1306 alium
1119 1279 1236 1313 pertinet
1249 1279 1401 1314 subripere,
1413 1284 1440 1307 et
1453 1280 1580 1307 ordinare
1591 1279 1618 1306 in
1638 1278 1754 1306 ecclesia

968 1333 1022 1353 non
1036 1326 1223 1353 conSentiente
1239 1327 1349 1361 proprio
1364 1326 1513 1360 episcopo;
1537 1333 1553 1352 a
1568 1333 1623 1360 quo
1642 1326 1757 1353 recessit

968 1374 1015 1408 qui
1033 1374 1059 1401 in
1080 1381 1185 1402 canone
1204 1379 1348 1407 censetur,
1370 1373 1446 1400 irrita
1462 1373 1496 1400 sit
1511 1373 1658 1402 ordinatio.

1137 1421 1250 1448 Concilii
1266 1420 1422 1448 Amice/teni
1438 1428 1523 1446 canon
1540 1420 1587 1447 ‘21.

1004 1467 1048 1494 21.
1073 1468 1225 1503 Episcopus
1253 1467 1287 1493 ah
1316 1466 1369 1493 alia
1399 1466 1527 1500 parochia
1560 1466 1586 1492 in
1611 1466 1692 1492 aliam
1721 1473 1756 1492 nc

969 1517 1099 1545 transeat.
1120 1520 1170 1540 nec
1192 1520 1222 1540 se
1237 1519 1286 1539 sua
1301 1515 1398 1546 sponte
1415 1512 1552 1546 ingerens,
1568 1519 1617 1538 nec
1634 1519 1647 1537 a
1669 1518 1756 1545 popu-

970 1560 1003 1586 lis
1015 1559 1040 1585 vi
1067 1559 1192 1590 adactus,
1221 1565 1269 1584 nec
1287 1558 1321 1584 ab
1341 1556 1478 1592 episcopis
1499 1561 1630 1584 coactus:
1647 1562 1756 1596 maneat

969 1610 1058 1632 autem
1076 1605 1101 1631 in
1123 1612 1154 1631 ea
1176 1612 1258 1639 quam
1275 1611 1290 1631 a
1308 1603 1363 1631 Deo
1385 1604 1501 1631 sortitus
1524 1607 1567 1630 est
1582 1603 1709 1633 ecclesia.
1727 1604 1766 1628 et'

968 1651 1002 1678 ab
1026 1658 1058 1678 ea
1081 1658 1135 1677 non
1153 1650 1274 1682 recedat,
1299 1650 1449 1677 secundum
1466 1649 1603 1676 decretum
1629 1650 1706 1684 prius
1721 1648 1755 1676 de

967 1703 1000 1724 ea
1015 1703 1044 1722 re
1059 1695 1172 1722 editum.

1047 1783 1158 1811 Concilii
1169 1782 1387 1810 Chalcedonensis
1406 1790 1519 1809 canones
1533 1782 1559 1813 5,
1578 1782 1622 1814 10,
1636 1782 1683 1810 ‘20.

1004 1829 1031 1856 5.
1047 1829 1084 1856 De
1098 1829 1244 1863 episcopis,
1264 1828 1305 1855 vel
1319 1828 1437 1860 clericis,
1454 1828 1498 1862 qui
1515 1836 1529 1854 a
1547 1829 1655 1855 civitate
1671 1829 1696 1854 in
1715 1828 1753 1855 ci-

969 1875 1077 1902 vitatem
1099 1879 1250 1906 transeunt,
1267 1873 1369 1908 placuit
1381 1881 1429 1900 eos
1444 1874 1489 1907 qui
1505 1873 1567 1900 editi
1582 1877 1646 1900 sunt
1658 1880 1672 1900 a
1688 1880 1753 1900 san-

968 1922 1019 1949 ctis
1031 1921 1159 1948 Pati-ibus
1175 1928 1306 1953 canones,
1320 1921 1394 1948 vires
1414 1921 1548 1947 oblinere.

1005 2013 1047 2039 10.
1066 2013 1125 2039 Non
1149 2012 1230 2039 licere
1262 2011 1361 2039 clerico
1375 2011 1402 2038 in
1419 2011 1535 2037 duarum
1555 2011 1694 2037 civitatum
1711 2018 1755 2038 ec-

969 2059 1058 2086 clesiis
1073 2058 1168 2085 eodem
1194 2062 1316 2092 tempore
1336 2057 1363 2084 in
1387 2057 1540 2090 catalognm
1565 2050 1710 2088 rel'erri,et
1728 2056 1754 2082 in

969 2112 1000 2131 ea
1017 2105 1043 2130 in
1077 2111 1131 2139 qua
1148 2111 1164 2130 a
1190 2103 1326 2138 principio
1359 2103 1503 2130 ordinatus
1516 2107 1567 2134 est,
1584 2108 1611 2129 et
1633 2103 1658 2128 in
1672 2110 1713 2133 ea,
1728 2101 1754 2128 in

970 2156 1052 2184 quam
1069 2153 1197 2183 tanquam
1213 2148 1246 2175 ad
1266 2147 1409 2182 majorem,
1424 2147 1555 2181 confugit,
1573 2152 1682 2181 propter
1697 2146 1757 2173 ina-

971 2195 1014 2222 nis
1031 2194 1123 2229 gloriae
1140 2194 1315 2229 cupiditatem
1329 2202 1335 2220 :
1349 2201 1396 2221 eos
1411 2197 1500 2220 autem
1514 2193 1559 2227 qui
1573 2193 1624 2219 hoc
1637 2192 1754 2224 facium,

130 2238 217 2273 ἀρχῆς
232 2238 484 2273 ἐχειροτονήθησαν,
501 2239 548 2264 καὶ
563 2239 620 2264 ἐκεῖ
641 2238 722 2272 μόνον
736 2238 915 2274 λειτουργεῖν.

974 2241 1088 2276 propria:
1101 2240 1224 2268 ecclesiae
1238 2240 1356 2271 restitui.
1378 2240 1405 2267 in
1426 2247 1479 2274 qua
1495 2239 1529 2266 ab
1549 2239 1627 2265 initio
1637 2239 1755 2265 ordinati

129 2283 162 2310 Ει
189 2283 238 2317 μέν
258 2291 299 2309 τοι
322 2283 371 2318 ἤδη
397 2292 437 2315 τις
461 2283 591 2318 μετετέθη
618 2283 646 2316 ἐξ
666 2283 749 2319 ἄλλης
773 2284 812 2316 εἰς
834 2285 918 2320 ἄλλην

129 2325 288 2360 ἐκκλησίαν,
317 2327 400 2361 μηδὲν
430 2328 487 2358 τοῖς
510 2329 560 2362 τῆς
587 2327 721 2364 προτέρας
752 2329 917 2364 ἐκκλησίας,

130 2371 191 2406 ἦτοι
217 2371 270 2396 τῶν
299 2372 344 2398 ὑπ’
374 2372 459 2408 αὐτὴν
484 2374 655 2408 μαρτυρείων
681 2374 698 2409 ἢ
730 2375 870 2410 πτωχείων
900 2375 916 2410 ἦ

131 2416 301 2451 ξενοδοχείων
314 2418 498 2444 ἐπικοινωνεῖν
513 2419 673 2454 πράγμασι·
689 2421 753 2452 τοὺς
765 2421 793 2447 δέ
811 2430 842 2455 γε
858 2421 918 2448 τολ-

132 2462 257 2497 μῶντας,
283 2463 351 2497 μετὰ
371 2463 416 2489 τὸν
433 2464 494 2499 ὅρον
523 2464 574 2499 τῆς
603 2465 725 2501 μεγάλης
751 2467 797 2493 καὶ
825 2468 916 2493 οἰκου-

131 2507 246 2542 μενικῆς
268 2507 368 2544 ταύτης
388 2509 508 2542 συνόδου,
525 2511 656 2546 πράττειν
673 2520 699 2538 τι
716 2512 772 2539 τῶν
798 2513 844 2538 νῦν
862 2513 916 2540 ἀπ-

129 2553 332 2588 ηγορευμένων,
347 2554 445 2590 ὥρισεν
460 2557 476 2591 η
491 2556 555 2590 ἁγία
577 2556 685 2589 σύνοδος
706 2558 850 2586 ἐκπίπτειν
869 2559 916 2585 τοῦ

129 2598 233 2624 οἰκείου
250 2598 366 2634 βαθμοῦ.

165 2647 201 2670 κ’.
229 2644 384 2680 Κληρικοὺς
404 2646 444 2678 εἰς
468 2647 616 2683 ἐκκλησίαν
641 2649 802 2683 τελοῦντας,
821 2650 913 2682 καθὼς

131 2689 183 2724 ῆδη
197 2689 348 2725 ὡρίσαμεν,
368 2691 405 2725 μὴ
420 2692 519 2724 ἐξεῖναι
544 2693 583 2724 εἰς
603 2693 687 2729 ἄλλης
700 2695 806 2727 πόλεως
819 2697 914 2723 τάττε-

132 2733 194 2761 σθαι
208 2735 365 2771 ἐκκλησίαν,
378 2736 446 2764 ἀλλὰ
460 2738 582 2774 στέργειν
598 2739 704 2775 ἐκείνην
717 2741 746 2768 ἐν
795 2741 916 2777 λειτουρ-

185 2831 368 2870 ξΑροειηίὲἰς
388 2835 493 2863 Sardic.
517 2837 549 2870 l;
567 2837 665 2867 Leonis
678 2839 722 2867 '58,

132 2867 219 2897 Afric.
232 2867 284 2903 ΞΗ
306 2867 400 2899 Iunce.
415 2871 462 2904 M;
478 2867 571 2900 Gelas.
591 2873 632 2901 25.

777 2839 892 2876 “Apost.
909 2842 941 2870 15
956 2847 983 2870 et
997 2843 1049 2877 '55;
1069 2843 1197 2873 Antioch.
1211 2845 1245 2879 3;
1261 2845 1357 2874 Chalc.
1374 2846 1390 2874 5
1405 2850 1432 2875 ct
1443 2846 1488 2874 20.

967 2291 1043 2318 sunt,
1060 2291 1090 2313 ut
1113 2286 1168 2313 illic
1180 2286 1269 2313 solum
1298 2286 1474 2313 ministrent:
1493 2286 1539 2312 sed
1555 2286 1577 2313 si
1605 2285 1662 2320 jam
1678 2286 1755 2320 quis-

966 2333 1038 2368 piam
1050 2340 1083 2359 ex
1096 2333 1148 2359 alia
1158 2333 1184 2359 in
1199 2333 1279 2359 aliam
1292 2332 1435 2359 ecclesiam
1451 2333 1597 2359 translatus
1618 2335 1670 2363 est,
1689 2331 1756 2358 nihil

966 2378 1066 2413 prioris
1078 2378 1199 2405 ecclesia:
1214 2378 1255 2405 vel
1265 2385 1361 2405 eorum
1377 2385 1437 2413 quae
1450 2378 1500 2405 sub
1513 2385 1544 2404 ea
1558 2381 1622 2404 sunt
1651 2382 1756 2412 marty-

967 2425 1082 2456 riorum,
1097 2424 1139 2451 vel
1158 2424 1439 2458 ptochotrophiorum,
1455 2424 1495 2451 vel
1507 2424 1612 2451 xenodo
1630 2424 1755 2450 chinrum

970 2471 1052 2498 rebus
1078 2470 1290 2498 communicare.
1318 2470 1371 2498 Eos
1388 2476 1476 2497 autem
1499 2469 1545 2505 qui
1570 2470 1629 2497 ausi
1657 2470 1757 2496 fuerint

969 2521 1032 2551 post
1044 2525 1148 2552 magna:
1156 2517 1236 2552 hujus
1244 2520 1270 2544 et
1280 2517 1442 2544 universalis
1454 2517 1550 2552 synodi
1560 2516 1755 2548 deﬁnitionem,

970 2563 1073 2598 aliquid
1101 2571 1196 2591 eorum
1220 2563 1277 2598 89
1292 2571 1352 2598 qua:
1376 2567 1442 2590 sunt
1469 2563 1604 2598 prohibita
1618 2583 1625 2595 ,
1645 2562 1755 2594 facere,

970 2610 1167 2638 statuitsnncta
1185 2610 1305 2644 synodus
1317 2617 1364 2637 eos
1386 2610 1495 2644 proprio
1518 2610 1602 2644 gradu
1619 2609 1753 2636 excidere.

1005 2654 1050 2682 20.
1067 2654 1186 2682 Clericos
1211 2655 1236 2681 in
1262 2655 1386 2682 ccclesiis
1417 2655 1569 2681 ministerio
1596 2655 1754 2688 fungentes,

969 2701 1197 2735 quemadmodum
1215 2701 1271 2735 jam
1287 2702 1442 2734 statuimus,
1466 2709 1519 2728 nou
1541 2701 1622 2727 licere
1640 2701 1667 2727 iu
1685 2700 1756 2728 alius

969 2745 1086 2772 civitatis
1100 2746 1214 2774 ecclesia
1229 2746 1350 2774 ordinari
1368 2755 1374 2773 :
1389 2746 1435 2774 sed
1457 2746 1503 2773 illa
1519 2753 1579 2773 esse
1598 2749 1752 2779 contentos,

1555 2846 1565 2862 ⁷
1576 2845 1671 2881 Apost.
1703 2842 1753 2880 16;
