1951 3081
188 185 240 218 543

763 180 896 212 ΡΗΟΤΙῙ
918 179 1169 211 PATRIARCH/E
1186 179 1241 210 ΟΡ.

1765 173 1817 206 545

190 242 218 270 in
233 246 285 274 qua
303 239 339 267 ab
352 237 433 266 initio
447 241 477 265 ut
488 236 690 270 ministrarent,
707 235 781 271 (ligni
796 235 880 263 habiti
896 241 980 263 sunt:

1048 237 1092 263 ἐῖν
1109 235 1140 268 ἐξ
1156 234 1243 270 ἀρχῆς
1263 231 1429 268 ἠξιώθησαν
1452 230 1530 262 ἐκτὸς
1551 229 1672 262 ἐκείνων,
1695 228 1722 255 οἵ
1745 237 1817 260 τινες

190 291 288 322 [ιι-αξιοι·
301 286 362 313 illos
381 284 427 319 qui
448 283 548 310 amissa
565 289 615 310 sua
631 281 728 316 patria,
746 281 773 307 in
793 281 874 307 aliam
891 281 978 308 eccle-

191 332 259 358 siam
284 328 440 357 necessario
473 327 652 354 transierunt.
676 325 704 352 Si
729 325 776 360 qui
803 329 894 351 autem
922 324 980 358 epi-

191 377 266 410 scopi
289 380 352 411 post
366 376 418 402 hoc
434 374 585 404 decretum,
609 371 738 399 clericum
767 370 813 405 qui
840 370 873 398 ad
896 370 979 397 alium

192 423 350 456 episcopum
380 419 507 455 pertinet,
524 416 706 452 susceperint,
733 415 909 450 placuitesse
931 423 981 442 ex-

192 466 423 498 cuntmunicatos,
440 471 557 497 eumque
577 462 623 497 qui
641 465 784 495 susceptus
799 465 852 492 est,
866 464 894 487 et
906 467 980 493 eum,

193 513 237 547 qui
253 512 373 546 suscepit
388 531 396 544 ,
411 511 498 537 donec
511 508 629 536 clericus
641 507 688 542 qui
705 506 841 541 migravit,
858 505 886 532 in
903 512 982 533 suam

193 558 337 586 ecclesiam
349 557 451 584 redeat.

299 612 411 641 Concilii
425 610 590 638 Sardicensis
603 616 714 636 canone:
731 608 756 640 ί,
770 606 798 640 2,
815 606 860 633 l5.

197 639 448 682 Sancta'rsynodus
478 646 598 682 Sardich
628 646 789 678 congregata
806 648 847 682 rex
873 639 983 668 diversi:

318 680 473 718 provinciis,
491 680 610 715 deﬁnivit
626 687 684 713 qua:
698 681 856 712 sequuntur.

232 727 350 755 LOsius
365 728 441 755 urbis
451 726 585 753 Cordubae
598 725 652 760 (25)
661 723 807 757 episcopus
817 721 886 748 dixit
901 729 908 748 :
925 719 985 747 Non

196 780 251 801 tam
270 774 341 801 mala
357 772 535 803 consuetudo,
554 778 635 805 quam
651 767 882 804 perniciosissima
892 772 985 793 rerum

197 819 364 853 corruptela,
377 822 419 845 est
437 825 470 845 ex
485 817 551 852 ipsis
567 814 752 842 fundamentis
767 813 875 848 penitus
885 811 986 838 exstir-

197 864 286 899 panda
307 872 314 890 :
333 871 368 890 ne
381 862 425 889 cui
438 862 567 896 episeopo
583 861 665 887 liceat
678 867 694 886 ιι
714 866 799 893 parva
818 857 930 885 civitate
956 855 985 882 in

198 908 279 934 aliam
303 907 432 941 migrare.
458 905 525 940 Ejus
550 905 625 932 enim
651 910 742 931 causae
765 906 914 936 praetextus
941 904 1023 936 est];

199 945 372 984 manifestus,
386 955 497 986 propter
515 957 597 984 quem
623 948 688 976 talia
712 950 863 974 tentantur.
891 944 987 972 Nullus

197 998 271 1025 «tim
286 997 432 1032 cpiscopus
443 996 533 1023 adhuc
546 993 663 1022 inveniri
679 992 778 1028 potuit,
791 991 837 1027 qui
859 998 874 1018 a
890 990 987 1025 majori

199 1044 310 1071 civitate
324 1044 351 1071 in
367 1043 501 1070 minorem
518 1041 635 1068 transire
658 1038 804 1067 studuerit.
823 1036 900 1064 Unde
921 1043 989 1063 con-

200 1094 255 1118 stat
278 1097 327 1117 eos
340 1088 445 1116 ardenti
459 1087 535 1122 plura
548 1085 666 1114 habendi
684 1084 832 1119 cupiditate
848 1081 993 1114 succendi,

200 1139 229 1162 et
243 1136 331 1169 magis
345 1132 508 1168 arrogantiae
523 1131 637 1163 servire,
655 1135 686 1157 ut
703 1130 845 1157 videantur
857 1128 988 1163 majorem

203 1179 306 1207 habere
322 1182 497 1213 potestatem.
510 1175 639 1203 Placetne
652 1174 703 1201 boe
716 1172 857 1205 omnibus,
874 1175 905 1199 ut
916 1170 990 1205 ejus-

203 1225 278 1253 nzodi
305 1223 465 1258 improbitas
496 1222 621 1249 acerbius
649 1219 827 1247 vindicetur?
858 1217 991 1244 Existimo

202 1269 277 1298 enim
296 1276 344 1296 eos
358 1275 393 1296 ne
409 1267 542 1295 laicurum
559 1265 669 1301 quidem
684 1264 782 1292 debere
796 1263 897 1290 habere
917 1268 991 1289 com-

204 1316 376 1345 Inunionem.

239 1427 343 1455 Omnes
358 1426 478 1462 episcopi
493 1425 622 1453 dixerunt
638 1433 645 1452 :
660 1423 753 1452 Placet
765 1422 902 1451 omnibus.

239 1517 269 1544 9.
284 1517 366 1545 Osius
379 1516 524 1551 episcopus
538 1514 623 1542 dixit:
642 1512 670 1540 Si
680 1513 743 1548 quis
755 1516 845 1539 autem
860 1510 926 1538 adeo
939 1509 994 1545 9o

1029 281 1212 312 ἀπολέσαντες
1232 280 1282 311 τὰς
1309 279 1378 309 ιδίας
1395 277 1539 312 πατρίδας,
1564 276 1618 303 ἀπὸ
1640 275 1763 310 ἀνάγκης
1777 275 1819 306 είς

1030 326 1114 361 ἀλλην
1125 325 1272 361 ἐκκλησίαν
1289 323 1432 359 μετῆλθον.
1449 323 1480 349 Εἰ
1491 322 1520 349 δέ
1535 330 1575 353 τις
1588 321 1737 352 ἐπίσκοπος
1750 321 1819 355 μετὰ

1029 373 1076 399 τὸν
1092 372 1154 407 ὅρον
1164 371 1270 402 τοῦτον,
1286 369 1358 404 ἄλλῳ
1375 368 1517 402 ἐπισκόπῳ
1531 367 1706 403 προσήκοντα
1718 365 1820 399 δέξαιτο

1030 417 1170 453 κληρικὺν,
1182 416 1271 450 ἔδοξεν
1286 415 1468 449 ἀκοινώνητον
1485 412 1554 441 εἶναι
1570 414 1617 440 καὶ
1631 413 1676 440 τὸν
1691 413 1820 448 δεχθέντα

1030 463 1079 490 καὶ
1106 462 1151 489 τὸν
1174 461 1339 496 δεξάμενον·
1365 460 1419 492 ἕως
1441 459 1473 487 ἂν
1491 460 1505 487 ό
1532 459 1669 495 μεταστὰς
1689 458 1820 494 κληρικὺς

1031 508 1072 541 είς
1082 508 1132 544 τὴν
1147 507 1217 535 ἰδίαν
1231 506 1367 542 ἐπανέλθῃ
1378 506 1536 542 ἐκκλησίαν.

1155 627 1291 655 Σωτάδου
1305 627 1453 662 Σφδικῆς
1462 627 1564 662 κανὼν
1575 626 1612 659 α’,
1625 626 1659 662 β’,
1673 625 1716 654 ιε’.

1039 661 1076 690 Ἠ
1086 662 1155 696 ἀτία
1169 662 1299 695 σύνοδος
1309 663 1328 696 ἠ
1345 661 1380 689 ἐν
1389 661 1520 696 Σαρδικῇ
1537 661 1776 696 συγ-κρατηθεῖσα
1786 661 1821 688 ἐκ

1070 695 1220 731 διαφόρων
1231 695 1383 732 ἐπαρχιῶν
1400 695 1488 731 ὥρισε
1500 695 1537 723 ἰὰ
1549 695 1783 731 ὑποτεταγμένα.

1071 745 1105 769 α’.
1122 742 1213 774 ¹¹οσιος
1229 742 1377 773 ἐπίσκοπος
1392 742 1495 774 πόλεως
1509 740 1665 777 Κυρδούόης
1679 738 1764 768 εἷπεψ
1784 739 1823 767 Οὔ

1035 787 1163 815 τοσοῦτον
1178 788 1195 823 ἡ
1220 787 1310 822 φαύλη
1334 787 1476 823 συνήθεια,
1502 787 1564 814 ὅσον
1588 787 1605 822 ὴ
1629 786 1823 822 βλαϐερωτάτη

1036 833 1090 860 τῶν
1105 833 1275 869 πραγμάτων
1289 833 1423 868 διαφθορὰ
1433 853 1440 864 ,
1465 833 1494 866 ἐξ
1508 832 1597 859 αὐτῶν
1614 832 1668 859 τῶν
1691 832 1824 868 θεμελίων

1038 880 1110 906 ἐστὶν
1125 879 1284 915 ἐκριζωτέα·
1303 879 1346 906 ῐνα
1361 879 1457 914 μηδενὶ
1471 879 1524 906 τῶν
1535 879 1692 906 ἐπισκόπων
1707 878 1755 914 ἐξῇ
1769 878 1825 905 ἀπὸ

1038 925 1140 956 πόλεως
1165 925 1266 960 μικρᾶς
1290 925 1331 955 είς
1354 924 1451 960 ἑτέραν
1475 924 1552 950 πόλιν
1571 923 1761 959 μεθίστασθαι.
1790 923 1825 949 ἸΙ

1038 970 1092 1005 γὰρ
1109 970 1156 1005 τῆς
1179 969 1268 1001 αίτίας
1284 969 1385 1004 ταύτης
1409 969 1546 1004 πρόφασις
1566 968 1671 1004 φανερὰ
1684 968 1717 995 δι’
1733 968 1767 1004 ὴν
1790 967 1826 994 τὰ

1038 1015 1149 1048 τοιαῦτα
1164 1016 1355 1050 ἐπιχειρεῖται,
1372 1014 1466 1046 Οὐδεὶς
1481 1014 1535 1049 γὰρ
1556 1014 1667 1040 πώποτε
1682 1013 1826 1049 εὑρεθῆναι

1038 1060 1187 1092 ἐπίσκοπος
1206 1060 1367 1095 δεδύνηται,
1383 1059 1411 1091 ὃς
1434 1059 1488 1086 ἀπὸ
1512 1058 1635 1093 μείζονος
1656 1058 1761 1090 πόλεως
1785 1059 1826 1090 είς

1039 1106 1247 1141 ἐλαχιστοτέραν
1272 1105 1349 1132 πόλιν
1371 1105 1521 1132 ἐσπούδασε
1554 1104 1739 1140 μεταστῆναι⁸
1765 1104 1827 1130 ὅθεν

1041 1153 1189 1187 συνέστηκε
1204 1150 1329 1187 διαπύρῳ
1344 1150 1502 1183 πλεονεξίας
1517 1150 1609 1184 τρόπῳ
1628 1148 1827 1176 ὑπεκκαίεσθαι

1040 1197 1103 1229 τοὺς
1118 1197 1270 1228 τοιούτους,
1286 1197 1334 1223 καὶ
1351 1196 1451 1231 μᾶλλον
1465 1197 1499 1231 τῇ
1517 1194 1662 1230 ἀλαζονείᾳ
1678 1194 1825 1226 δουλεύειν,

1040 1244 1114 1275 ὅπως
1129 1242 1252 1275 ἐξουσίαν
1275 1243 1378 1269 δοκοῖεν
1401 1242 1512 1277 μείζονα
1527 1240 1687 1275 κεκτῆσθαι.
1713 1241 1745 1267 El
1760 1241 1829 1267 πᾶσι

1040 1289 1129 1317 τοίνυν
1145 1289 1224 1316 τοῦτο
1239 1289 1363 1324 ἀρέσκει,
1380 1287 1449 1315 ὥστε
1472 1288 1522 1323 τὴν
1536 1287 1664 1322 τοιαύτην
1679 1286 1829 1321 σκαιότητα

1041 1335 1239 1371 αὐστηρότερον
1253 1334 1447 1369 ἐκδικηθῆναι,
1469 1332 1589 1369 ἡγοῦμαι
1612 1333 1666 1369 γὰρ
1683 1332 1751 1367 μηδὲ
1767 1332 1828 1359 λαῖ-

1041 1380 1098 1408 κῶν
1111 1379 1183 1415 ἔχειν
1195 1379 1258 1411 τοὺς
1271 1379 1407 1410 τοιούτους
1421 1379 1519 1414 χρῆναι
1533 1376 1686 1403 κοινωνίαν.

1077 1427 1215 1458 ’Ἅπαντες
1237 1425 1262 1452 οί
1295 1426 1440 1453 ἐπίσκοποι
1469 1422 1563 1451 εἷπον·
1598 1421 1684 1449 Τοῦτο
1717 1422 1829 1458 ἀρέσκει

1042 1474 1136 1500 πᾶσιν.

1079 1528 1112 1564 β’.
1133 1528 1226 1560 Ὀσιος
1249 1527 1397 1559 ἐπίσκοπος
1421 1523 1508 1553 εἶπεν⁸
1532 1525 1566 1552 Εἰ
1588 1525 1617 1552 δέ
1640 1519 1684 1556 ⁸ἱις
1711 1523 1831 1556 τοιοῦτος

205 1565 328 1597 insanus,
347 1563 388 1590 vel
402 1563 492 1590 audax
507 1561 676 1590 inveniatur,
699 1564 729 1586 ut
754 1558 788 1586 de
810 1558 844 1585 iis
868 1557 992 1584 videatur

1048 1557 1198 1610 εὑρίσκοιτο
1212 1557 1349 1609 μανιώδης
1360 1572 1377 1608 ἢ
1387 1557 1535 1606 τολμηρὸς,
1545 1571 1584 1602 ὡς
1595 1571 1659 1606 περὶ
1672 1570 1728 1596 τῶν
1745 1569 1833 1596 τοιού-

206 1611 325 1645 aliquam
340 1608 438 1636 aﬂerre
453 1607 660 1636 excusationem
671 1626 678 1638 ,
695 1611 821 1633 asserens
842 1603 893 1630 sibi
910 1612 924 1630 a
942 1609 992 1638 po-

207 1657 271 1691 pulo
286 1655 383 1682 allatas
397 1661 459 1681 esse
474 1653 596 1684 litteras;
611 1651 715 1679 clarum
730 1655 772 1676 est
783 1647 904 1683 peluisse
923 1655 994 1682 puu-

207 1710 255 1730 eos
271 1702 380 1736 aliquos
400 1699 526 1726 mercede
550 1702 578 1724 et
604 1697 692 1732 pretio
721 1699 865 1729 corruptos
888 1694 916 1720 in
944 1692 996 1720 Ec-

208 1748 289 1775 clesia
307 1746 467 1774 seditionem
484 1750 604 1774 movere.
621 1746 652 1769 ut
675 1741 801 1769 eumdem
828 1740 923 1774 utique
945 1745 996 1773 po-

209 1792 311 1820 stulent
326 1791 426 1818 habere
441 1789 610 1824 episcopum.
624 1786 742 1814 Omnino
751 1793 815 1820 ergo
827 1785 877 1812 has
887 1783 996 1812 fraudes

209 1843 237 1866 et
251 1843 324 1864 artes
339 1835 492 1872 puniendas
507 1842 567 1862 esse
581 1833 726 1865 existimo;
742 1837 772 1860 ut
794 1839 875 1859 nemo
899 1830 997 1866 possit,

209 1884 256 1919 qui
281 1887 323 1910 est
347 1881 492 1917 ejusmodi,
515 1889 549 1907 ne
576 1880 603 1907 in
630 1879 682 1906 lino
697 1878 806 1913 quidem
826 1877 895 1904 laica
920 1883 998 1904 com-

211 1929 342 1956 munione
354 1927 453 1962 dignus
467 1925 574 1953 haberi.
591 1925 634 1952 An
649 1931 715 1959 ergo
730 1924 789 1952 haec
810 1922 914 1958 placeat
935 1928 998 1949 sen-

211 1972 309 2006 tentia,
329 1971 501 2007 respondete.

247 2061 455 2097 Responderunt
471 2069 478 2087 :
491 2059 605 2086 Placent
623 2065 685 2092 quae
699 2057 772 2084 dicta
787 2059 861 2083 sunt.

249 2109 294 2136 l5.
313 2107 396 2136 Osius
418 2107 564 2141 episcopus
589 2105 659 2132 dixit
675 2113 683 2131 :
697 2102 753 2130 Hoc
765 2108 876 2137 quoque
903 2106 1000 2129 omnes

212 2157 392 2187 deliniamns,
413 2158 443 2180 ut
463 2153 487 2180 si
500 2152 562 2187 quis
584 2151 730 2186 cpiscopus
750 2157 783 2176 ex
800 2148 852 2176 alia
869 2145 999 2182 parocltia

213 2203 278 2230 velit
306 2202 425 2229 alienum
451 2199 608 2227 ministrum
637 2197 698 2224 sine
730 2202 870 2222 consensu
897 2191 1000 2228 proprii

213 2247 332 2283 episcopi
352 2247 379 2274 in
400 2246 492 2281 aliquo
510 2245 594 2280 gradu
613 2242 790 2272 constituere,
816 2239 892 2266 irrita
905 2242 934 2265 et
956 2237 1000 2264 in-

214 2295 292 2321 ﬁrma
310 2292 446 2328 ejusmodi
459 2290 619 2318 constitutio
638 2287 821 2315 existimetur.
839 2285 867 2311 Si
882 2284 928 2318 qui
949 2291 1000 2310 au-

214 2344 268 2365 tem
300 2338 352 2365 boc
376 2338 428 2365 sibi
457 2335 525 2371 ipsis
555 2333 746 2369 permiserint,
771 2339 786 2357 a
815 2329 945 2357 fratribus
973 2332 1001 2356 et

214 2383 381 2419 coepiscopis
393 2387 421 2410 et
437 2381 580 2410 admoneri
596 2383 622 2406 et
641 2377 740 2412 corrigi
758 2376 868 2404 debent.

251 2484 352 2512 ()mnes
380 2484 507 2512 dixerunt
528 2490 536 2509 :
554 2480 611 2507 lloe
639 2486 750 2515 quoque
780 2477 922 2504 decretum
949 2479 1003 2503 stet

215 2531 323 2558 ﬁrmum
341 2533 369 2557 et
385 2527 533 2556 immobile.

311 2575 424 2602 Concilii
439 2570 657 2606 Carlhagineusis
672 2567 782 2597 canones
797 2570 841 2603 54,
858 2570 903 2597 90.

255 2620 289 2648 Ut
328 2621 431 2647 alienus
471 2617 582 2678 derisu;
616 2616 728 2687 (vagiam
767 2616 933 2650 suscipiatur
967 2615 1000 2642 ab

545 2659 599 2678 ato
675 2669 684 2678 .

545 2659 599 2678 auo
616 2659 684 2678 [20l-

1045 1628 1099 1646 των
1116 1618 1191 1652 δόξαι
1204 1618 1265 1645 τινὰ
1287 1618 1381 1652 φέρειν
1398 1616 1574 1652 παραίτησιν,
1595 1614 1834 1650 διαὸεϐαιούμενον

1045 1665 1098 1692 ἀπὸ
1111 1664 1158 1692 τοῦ
1175 1664 1292 1699 πλήθους
1307 1663 1403 1690 ἐαυτὸν
1418 1662 1582 1697 κεκομίσθαι
1597 1662 1749 1697 γράμματα
1761 1680 1769 1693 ,
1786 1660 1835 1695 δῆ-

1045 1711 1092 1738 λόν
1104 1711 1178 1738 ἐστιν
1190 1710 1298 1744 ὀλίγους
1310 1709 1387 1741 τινὰς
1401 1707 1570 1743 δεδυνῆσθαι,
1590 1707 1678 1742 μισθῷ
1694 1707 1741 1733 καὶ
1752 1707 1835 1742 τιμή-

1048 1765 1114 1792 ματι
1129 1755 1344 1791 διαφθαρέντας,
1359 1755 1388 1781 ἐν
1401 1755 1435 1789 τῇ
1455 1753 1588 1788 ἐκκλησίᾳ
1606 1752 1774 1784 στασιάζειν,
1796 1751 1836 1783 ὡς

1046 1802 1128 1838 δῆθεν
1151 1802 1198 1829 τὸν
1220 1802 1300 1828 αὑτὸν
1319 1801 1390 1836 ἐχειν
1407 1800 1556 1827 ἐπίσκοπον
1576 1799 1733 1832 ἀξιοῦνταςι
1759 1798 1836 1824 Καθ-

1047 1848 1121 1881 άπαξ
1140 1846 1186 1875 οὖν
1208 1848 1257 1880 τὰς
1279 1847 1408 1878 τοιαύτας
1433 1846 1609 1882 ῥᾳδιουργίας
1625 1845 1671 1872 καὶ
1691 1844 1786 1879 τέχνας
1803 1843 1835 1871 οὗ

1046 1894 1168 1926 δεκτέας,
1181 1893 1249 1920 ἀλλὰ
1265 1893 1366 1928 μᾶλλον
1380 1892 1529 1923 κολαστέας
1547 1889 1617 1918 εἶναι
1630 1889 1743 1926 νομίζω,
1765 1889 1837 1916 ὥστε

1050 1940 1152 1976 μηδένα
1165 1939 1285 1966 τοιοῦτον
1298 1939 1364 1975 μηδὲ
1374 1939 1403 1965 ἐν
1414 1938 1454 1974 τῷ
1466 1937 1537 1964 τέλει
1552 1937 1650 1971 λαῖκῆς
1665 1935 1731 1971 γοῦν
1746 1935 1838 1968 ἀξιοῦ-

1050 1987 1112 2015 σθαι
1130 1985 1281 2017 κοινωνίας.
1302 1985 1333 2011 El
1348 1983 1438 2011 τοίνυν
1460 1983 1572 2019 ἀρέσκει
1596 1981 1666 2017 αἷίτη
1691 1982 1706 2018 ὴ
1723 1980 1837 2016 γνώμη,

1050 2029 1244 2066 ἀποκρίνασθε.

1089 2075 1304 2112 Ἀπεκρίναντο]·
1320 2073 1361 2101 Τὰ
1374 2073 1506 2109 λεχθέντα
1521 2073 1631 2108 ἤρεσεν.

1087 2125 1129 2150 ιε’.
1146 2122 1241 2152 ὐσιος
1262 2120 1411 2151 ἐπίσκοπος
1435 2116 1506 2145 εἶπε·
1525 2118 1582 2145 Καὶ
1598 2117 1678 2145 τοῦτο
1694 2117 1722 2144 δὲ
1738 2117 1838 2149 πάντες

992 2163 999 2205 ξ
1050 2168 1198 2205 δρίσωμεν,
1212 2166 1256 2194 ίνα
1271 2165 1298 2192 εί
1310 2173 1352 2197 τις
1367 2165 1517 2196 ἐπίσκοπος
1536 2164 1565 2196 ἐξ
1581 2164 1676 2199 ἐτέρας
1691 2163 1841 2199 παροικίας

1053 2214 1170 2250 βουληθῇ
1193 2213 1332 2248 ἀλλότριον
1367 2210 1523 2246 ὑπηρέτην,
1549 2209 1635 2245 χωρὶς
1655 2210 1706 2245 τῆς
1738 2217 1841 2242 συγκα-

1051 2262 1187 2293 ταθέσεως
1211 2260 1257 2287 τοῦ
1293 2259 1358 2286 ίδίου
1387 2257 1557 2290 ἐπισκόπου,
1586 2256 1626 2288 είς
1649 2265 1710 2283 τινα
1735 2256 1843 2291 βαθμὸν

1052 2307 1232 2341 καταστῆσαι,
1246 2305 1347 2339 ἄκυρος
1361 2303 1408 2330 καὶ
1432 2302 1559 2333 ἀϐέϐαιος
1583 2303 1599 2337 ή
1631 2302 1797 2332 κατάστασις
1825 2302 1843 2337 ἡ

1053 2352 1163 2387 τοιαύτη
1187 2351 1339 2386 νομίζοιτο·
1358 2349 1384 2376 εί
1406 2356 1479 2380 τινες
1500 2347 1529 2374 δὲ
1549 2347 1629 2374 τοῦτο
1653 2346 1842 2383 ἑπιτρέψειαν,

1055 2398 1131 2434 παρὰ
1161 2397 1215 2424 τῶν
1237 2395 1360 2430 ἀδελφῶν
1382 2393 1430 2421 καὶ
1455 2393 1664 2420 συνεπισκόπων
1690 2393 1768 2428 ἡμῶν
1793 2394 1844 2420 καὶ

1056 2442 1312 2479 ὑπομιμνήσκεσθαι
1330 2441 1378 2468 καὶ
1391 2439 1562 2476 διορθοῦσθαι
1577 2439 1742 2473 ὀφείλουσιν.

1089 2491 1226 2521 ’Λπαντες
1250 2488 1396 2524 εἰρήκασι·
1428 2485 1483 2513 Καὶ
1515 2481 1594 2516 οὗτος
1625 2487 1640 2512 ό
1660 2485 1723 2520 ὄρος
1753 2484 1846 2520 στήτω

1054 2536 1212 2567 ἀσάλευτος.

1160 2578 1295 2607 Συνόδου
1305 2577 1513 2612 Καρθαγέννης
1526 2575 1628 2602 κανὼν
1641 2574 1688 2607 νδ’,
1699 2573 1736 2608 Lf.

1055 2624 1124 2660 Περὶ
1144 2624 1198 2651 τοῦ
1217 2623 1404 2660 ᾀκῑλοτρίους.
1419 2620 1583 2660 κληρικᾳὺς
1605 2619 1748 2660 μηδαμῶς
1773 2617 1846 2653 παρ’

1185 2658 1293 2694 ἐτέρων
1310 2654 1511 2691 ὖποδέχεσθαι
1525 2654 1710 2682 ἐπισκόπων.

967 2749 1085 2778 ΝΟΤίΕ.

255 2803 312 2837 (25)
325 2801 460 2837 Canones
477 2800 554 2832 istos,
575 2807 634 2837 non
655 2803 841 2837 secusﬁatque
864 2797 1008 2837 Αῇὶςοιιοε

219 2832 316 2866 Latine
324 2837 408 2864 fuisse
421 2835 538 2870 primum
551 2834 637 2870 editos
646 2835 724 2861 docet
734 2833 877 2870 Dionysius
887 2832 1007 2870 Exiguus

220 2873 248 2900 in
264 2868 429 2899 Prmfationc’
447 2869 481 2897 ad
511 2868 676 2904 Stephanum
700 2869 783 2904 episc.
808 2868 1006 2896 Salonitanum.

1097 2797 1155 2833 (26)
1174 2796 1280 2833 concil.
1304 2795 1443 2833 Caruing
1459 2802 1502 2833 m_,
1527 2801 1588 2833 cap:
1611 2793 1658 2833 ἄῤ,
1679 2797 1705 2821 et
1730 2793 1852 2823 Femina

1062 2829 1112 2860 dus
1124 2829 1185 2868 cap.
1200 2831 1245 2864 27,
1261 2838 1294 2858 ex
1308 2830 1406 2858 concil.
1423 2830 1551 2864 Carthag.
1567 2829 1609 2857 tit.
1626 2829 1671 2857 55.
