1951 3081
132 168 186 202 515

521 166 720 198 SYN'I‘AGMA
742 165 936 198 CANONUM.
954 178 988 184 —
1007 164 1084 197 TlT.
1110 166 1135 203 Ι,
1156 166 1234 198 CAP.
1255 167 1360 199 XXVI.

1708 167 1762 200 546

165 224 213 252 νϐ’.
239 223 393 258 Ἐπιγόνιος
405 223 553 255 ἐπισκοπος
568 221 656 250 εἷπεν·
674 224 718 250 Ἐν
734 222 846 255 πολλαῖς
861 231 922 250 συν.

1009 223 1055 251 51.
1076 223 1225 259 Epigonius
1241 225 1387 260 episcopus
1402 225 1491 253 dixit:
1510 225 1539 252 In
1554 223 1647 252 multis
1666 226 1760 253 conci-

128 271 199 302 όδοις
213 271 293 297 τοῦτο
315 270 434 306 ὁρισθὲν,
453 270 501 296 καὶ
517 270 565 296 νῦν
582 270 622 296 ἔτι
638 271 692 305 μὴν
707 271 739 297 ἐκ
755 270 804 304 τῆς
820 270 919 305 ὑμετέ-

130 324 181 350 ρας
207 315 344 351 βεὸαιωθῇ
375 315 527 348 συνέσεως,
556 315 763 351 μακαριώτατοι
789 316 918 350 ἀδελφοὶ,

129 361 201 387 ὥστε
217 361 320 396 μηδένα
335 361 484 387 ἐπίσκοπον
501 361 688 388 ίδιοποιείσθαι
701 361 841 397 ἀλλότριον
853 361 921 397 κλη-

131 406 208 441 ρικὸν
226 407 303 441 παρά
317 405 366 441 τὴν
381 405 472 441 κρίσιν
487 406 532 432 τοῦ
556 407 691 442 προτέρου
706 407 789 433 αὐτοῦ
806 407 920 434 ἐπισκό-

130 460 194 477 που.
217 451 359 486 Ἀναφέρω
381 451 409 477 δὲ
438 451 581 478 Ἰουλιανδν
601 452 758 486 ἀχαρίστως
773 451 920 487 ἀνεχθέντα

130 497 195 532 περὶ
210 496 260 528 τὰς
274 496 318 523 διὰ
331 497 380 532 τῆς
395 498 465 532 ἐμῆς
483 497 652 533 βραχύτητος
665 497 705 528 εις
722 497 804 524 αὐτὸν
817 506 920 532 σωρευ-

130 542 226 574 θείσας
248 542 381 574 τοσαύτας
403 543 451 569 τοῦ
473 542 541 569 Θεοῦ
565 543 743 577 εὐεργεσίας,
765 543 814 570 καὶ
834 542 921 575 οὕτως

130 588 277 622 προπετῶς
292 589 338 615 καὶ
352 588 497 624 τολμηρῶς
510 588 710 623 διαγενόμενον,
723 588 793 616 ὥστε
806 589 853 616 τὸν
867 589 921 616 ἀπὸ

130 634 232 668 νηπίας
255 634 363 668 ἡλικίας
383 635 428 660 ὑπ’
441 635 509 669 ἐμοῦ
529 635 735 669 βαπτισθέντα,
750 635 796 661 τὸν
817 634 865 661 καὶ
877 635 921 662 διὰ

131 680 235 713 πολλὴν
258 680 362 706 ἑνδειαν
378 680 408 712 ἐξ
428 680 511 707 αὐτοῦ
532 681 722 716 παρατεθέντα
738 690 795 716 μοι,
810 681 860 707 καὶ
874 681 930 707 ἐπὶ.

132 724 218 752 πολλὰ
233 724 281 760 ἐτη
302 724 331 756 ἐξ
344 724 412 759 ἐμοῦ
427 725 564 759 τραφέντα
577 725 624 751 καὶ
639 721 803 759 αὐξηθέντα,
820 726 866 751 τδν
883 724 921 757 ὡς

131 768 210 797 εἶπον
226 771 255 796 ἐν
271 771 304 805 τῇ
320 771 373 805 ἐμῇ
387 770 520 805 ἐκκλησίᾳ
534 771 566 805 τῇ
580 770 651 806 χειρὶ
664 771 712 805 τῆς
726 770 795 805 ἐμῆς
811 771 919 806 μετριό-

131 825 212 851 τητος
228 816 428 851 βαπτισθέντα,
446 816 493 842 καὶ
508 816 682 851 δεικνύμενον
696 817 725 843 ἐν
738 817 771 851 τῇ
787 816 840 842 τῶν
857 816 919 843 Μα-

132 862 254 888 παλιτῶν
281 862 413 897 παροικίᾳ
434 862 613 898 ἀναγνώστην
636 863 793 897 γενόμενον,
810 863 859 889 καὶ
874 862 920 889 ἐπὶ

131 907 178 934 δύο
192 907 238 942 ετη
254 909 343 934 ἐκεῖσε
365 907 597 942 ἀναγινώσκοντα,
612 909 706 934 τοῦτον
721 908 771 935 οὐκ
783 906 841 935 οἶδα
855 908 919 944 ποίᾳ

132 954 335 988 καταφρονήσει
363 953 413 988 τῆς
443 953 516 988 ἐμῆς
540 954 734 989 μετριότητος,
757 954 919 990 ἀφαρπάσαι

130 998 177 1024 τὸν
189 997 269 1024 αὐτὸν
299 998 449 1030 Ὶουλιανδν,
466 999 514 1025 καὶ
527 998 618 1032 λέγειν
633 999 746 1034 πολίτην
764 999 810 1026 τοῦ
824 999 918 1034 διαφέ-

133 1050 225 1076 ροντος
239 1041 314 1077 αὺτῷ
325 1041 510 1077 Βαξαριτανοῠ
523 1043 617 1076 τόπου,
630 1043 678 1069 καὶ
694 1043 770 1078 παρά
783 1042 833 1078 τὴν
848 1042 918 1079 ἐμὴν

132 1086 245 1122 γνώμην
260 1087 346 1123 τούτῳ
359 1087 592 1123 κατακεχρῆσθαν
607 1087 656 1114 καὶ
668 1087 723 1123 γὰρ
738 1087 786 1114 καὶ
796 1087 919 1115 διάκονον

131 1131 226 1157 τοῦτον
241 1133 440 1167 ἐχειροτόνησε.
461 1133 546 1159 Τοῦτο
564 1133 589 1159 εί
601 1132 689 1165 ἔξεστι
701 1152 709 1165 ,
730 1133 839 1168 γνωσθῇ
855 1132 919 1167 ὑμῖν

971 270 1015 297 liis
1030 271 1081 297 hoc
1099 275 1229 298 statutum
1245 276 1287 298 est
1297 271 1319 303 ⁸,
1338 273 1421 299 etiam
1437 279 1510 299 nunc
1526 271 1577 298 hoc
1596 270 1761 301 conﬁrman-

971 316 1036 343 dum
1056 321 1098 344 est
1112 324 1127 343 a
1146 321 1235 344 vestra
1251 318 1405 352 prudentia,
1426 317 1574 346 beatissimi
1600 316 1708 349 fratres,
1732 321 1762 344 ut

971 362 1102 389 clericum
1125 362 1245 389 alienum
1271 363 1364 390 nullus
1384 363 1438 390 sibi
1456 363 1595 398 praeripiat
1616 363 1761 398 cpiscopus

970 413 1069 443 praeter
1088 407 1147 443 ejus
1164 408 1318 442 arbitrium,
1335 409 1415 443 cujus
1443 407 1526 435 fuerit
1547 408 1673 436 clericus.
1698 408 1762 435 Dico

971 457 1062 480 autem
1080 453 1217 481 Julianum
1234 454 1302 488 (27),
1317 455 1362 489 qui
1378 454 1502 489 ingratus
1519 458 1561 482 est
1586 453 1633 481 Dei
1656 454 1761 481 benefi-

971 498 1022 526 ciis
1036 506 1083 533 per
1097 506 1185 526 meam
1205 500 1365 533 parvitatem
1385 499 1411 526 in
1433 506 1463 526 se
1479 499 1596 531 collatis,
1622 500 1659 526 ita
1676 503 1761 526 teme-

971 543 1074 570 rarium
1101 547 1128 570 et
1153 543 1283 571 audacem
1309 544 1458 576 exstitisse,
1484 544 1573 579 ut91
1589 552 1651 572 cum
1675 546 1722 580 qui
1745 552 1759 572 a

972 595 1016 615 me
1039 588 1192 622 baptizatus
1216 593 1268 620 est,
1290 596 1352 616 cum
1371 593 1445 616 esset
1467 597 1534 624 puer
1557 590 1760 624 egentissimus,

973 632 1038 660 mihi
1065 633 1099 660 ab
1134 633 1229 660 eodem
1257 634 1484 664 commendatus;
1519 642 1638 669 cumque
1669 634 1761 662 multis

972 678 1052 705 annis
1075 685 1090 704 a
1111 685 1154 704 me
1174 678 1294 705 aleretur
1315 683 1397 713 atque
1422 679 1603 711 incresceret;
1626 679 1709 711 hunc,
1731 684 1761 706 ut

971 723 1027 750 dixi
1039 743 1046 754 .
1061 723 1225 757 baptizatum
1241 731 1302 751 esse
1317 724 1345 751 in
1367 724 1481 752 ecclesia
1502 732 1561 751 mea
1577 732 1623 759 per
1648 733 1759 752 manum

971 769 1114 803 parvitatis
1127 777 1193 796 mea:
1205 773 1323 797 constat.
1337 769 1410 798 Idem
1423 770 1448 797 in
1459 769 1570 798 dioecesi
1583 770 1760 805 Mappaliensi

972 814 1057 842 lector
1071 822 1131 843 esse
1147 820 1276 850 eruperat,
1294 816 1350 844 imo
1366 817 1446 843 annis
1460 816 1545 844 ferme
1561 817 1668 844 duobus
1687 817 1760 852 lege-

972 865 1023 888 rat.
1040 860 1134 888 Nescio
1158 869 1212 896 quo
1232 866 1389 896 contemptu
1413 863 1578 890 humilitatis
1603 871 1669 890 mea:
1689 863 1758 890 idem

971 904 1098 932 Julianus
1112 913 1174 932 eum
1194 905 1323 939 abripuit,
1343 914 1425 940 quem
1442 906 1508 933 dicit
1523 908 1601 941 quasi
1619 908 1757 939 proprium

973 951 1060 978 civem
1085 951 1127 978 sui
1153 951 1206 978 loci
1230 950 1397 982 Vazaritani,
1427 958 1470 977 me
1498 948 1654 975 inconsulto
1678 951 1757 972 usur-

972 1003 1037 1030 pare
1054 1005 1061 1024 :
1076 1004 1141 1024 nam
1157 1000 1185 1024 et
1205 996 1352 1024 diaconum
1374 995 1452 1022 illum
1478 993 1623 1021 ordinavit.
1653 991 1710 1018 lloc
1730 989 1756 1016 si

971 1043 1044 1075 licet.
1066 1047 1158 1078 pateat
1175 1043 1233 1070 haec
1253 1041 1361 1069 licentia
1384 1048 1399 1068 a
1416 1039 1505 1072 vobis,
1531 1037 1683 1065 beatissimi
1699 1036 1756 1062 ira-

972 1092 1050 1119 tres;
1070 1087 1112 1113 sin
1130 1086 1231 1117 minus,
1256 1089 1310 1112 tam
1333 1084 1476 1119 imprudens
1497 1083 1667 1114 cohibeatur,
1683 1087 1758 1108 ncso

973 1133 1085 1159 miseeat
1101 1131 1286 1158 communioni
1302 1130 1478 1165 cujusquam.

132 1176 149 1209 ἡ
171 1176 283 1211 τοιαύτη
307 1177 399 1210 ἄδεια,
425 1178 628 1212 μακαριώτατοι
649 1177 776 1212 ἀδελφοί·
794 1178 819 1204 εί
833 1177 861 1204 δὲ
878 1177 915 1212 μή
934 1185 982 1211 γε,
1012 1177 1042 1203 τὸ
1063 1177 1149 1209 οὕτως
1172 1176 1280 1208 ἀναιδὲς
1300 1175 1445 1210 κωλυθείη,
1477 1174 1521 1201 ἱνα
1542 1173 1580 1210 μὴ
1615 1174 1630 1200 ὁ
1653 1170 1759 1208 λεχθεὶς

139 1217 279 1254 Ἰουλιανὸς
299 1223 460 1258 ἐπικοινωνῇ
475 1223 626 1258 ἀλλοτρίοις

168 1267 320 1302 Νουμήὸιος
331 1269 478 1299 ἐπίσκοπος
494 1266 580 1294 εἵπεψ
597 1268 672 1299 Ἐὰν,
685 1269 722 1303 μὴ
736 1267 919 1303 ἐρονιηοείσης

135 1312 203 1348 μηδέ
217 1312 372 1348 αἰτηθείσης
384 1313 432 1348 τῆς
443 1313 492 1348 σῆς
507 1313 595 1346 ἀξίας,
609 1313 705 1348 φανείη
717 1313 795 1339 τοῦτο
813 1312 920 1348 πράξας

140 1358 284 1390 Ἰουλιανὸς
294 1378 302 1391 ,
327 1358 458 1394 κρίνομεν
474 1359 576 1390 πάντες
591 1358 692 1390 ἀδίκως
713 1358 858 1393 γενόμενον
874 1357 922 1384 καὶ

136 1404 175 1440 μὴ
190 1403 283 1436 ἀξίως.
300 1404 345 1430 Διὸ
357 1405 381 1431 εί
396 1405 434 1440 μὴ
447 1405 461 1430 ὁ
482 1404 562 1436 αὐτὸς
582 1403 724 1436 Ἰουλιανὸς
739 1403 921 1439 διορθώσηται

134 1449 184 1484 τὴν
202 1449 305 1476 οἰκείαν
328 1449 442 1484 πλάνην,
459 1452 506 1477 καὶ
529 1450 598 1485 μετά
614 1450 861 1484 ἀποθεραπεύσεως
882 1450 921 1486 τῷ

136 1495 262 1531 ὑμετέρῳ
273 1495 332 1531 λαῷ
348 1496 392 1522 τὸν
407 1496 488 1522 αὑτὸν
504 1497 725 1531 ἀποκαταστήσει
739 1495 878 1531 κληρικὺν,
892 1495 922 1521 ὃν

135 1540 269 1576 ἐτόλμησε
294 1541 497 1576 χειροτονῆσαι,
527 1541 598 1568 κατά
627 1541 680 1568 τῶν
703 1541 866 1577 ὁρισθέντων
890 1542 923 1576 τῇ

137 1585 239 1620 συνόδῳ
255 1585 393 1620 πράττων,
419 1587 466 1613 καὶ
486 1587 630 1622 χωρισθεὶς
644 1588 691 1621 ἀφ’
707 1587 797 1622 ἡμῶν,
819 1587 868 1622 τῆς
884 1587 924 1613 ol-

137 1631 215 1662 κείας
229 1632 384 1666 μονοτονίας
400 1631 540 1667 ἀπενέγκῃ
555 1632 603 1667 τὴν
617 1632 717 1668 κρίσιν.

1005 1264 1151 1292 Numidius
1170 1264 1314 1298 episcopus
1339 1262 1408 1290 dixit
1431 1271 1438 1289 :
1460 1262 1490 1289 Si
1521 1269 1575 1288 non
1603 1260 1760 1295 postulata,

972 1319 1060 1346 neque
1078 1310 1202 1338 consulta
1229 1315 1274 1337 tua
1299 1309 1457 1344 dignatione
1481 1307 1507 1335 id
1531 1307 1638 1334 videtur
1660 1306 1760 1334 fecisse

972 1356 1097 1384 Julianus
1111 1376 1119 1388 ,
1137 1356 1293 1391 judicamus
1316 1362 1412 1382 omnes
1440 1354 1534 1388 inique
1551 1353 1652 1379 factum
1678 1357 1761 1386 atque

973 1402 1092 1436 indigne.
1114 1401 1284 1436 Quapropter
1317 1400 1371 1428 nisi
1398 1400 1468 1426 idem
1486 1399 1612 1426 Julianus
1636 1405 1760 1425 correxe-

975 1448 1011 1475 rit
1033 1455 1153 1475 errorem
1175 1455 1266 1479 suum,
1296 1451 1323 1473 et
1345 1453 1408 1473 cum
1428 1445 1615 1473 eatisfactione
1635 1443 1759 1471 eumdem

976 1495 1117 1526 clericum,
1133 1501 1214 1529 quem
1228 1493 1318 1521 fuerat
1332 1499 1416 1521 ausus
1430 1492 1569 1524 ordinare,
1592 1489 1762 1518 revocaverit

976 1545 1029 1568 tuae
1051 1540 1134 1575 plebi,
1155 1543 1249 1567 contra
1269 1543 1369 1566 statuta
1398 1536 1507 1565 concilii
1524 1536 1638 1567 faciens,
1662 1539 1761 1563 contu-

978 1585 1073 1612 macia:
1090 1592 1157 1616 suae,
1176 1588 1319 1619 separatus
1335 1591 1351 1610 a
1374 1583 1465 1616 nobis,
1481 1582 1600 1617 excipiet
1615 1580 1763 1616 judicium.

179 1676 330 1710 Ἑπιγόνιος
355 1676 504 1708 ἐπίσκοπος
519 1675 596 1704 εἶπεν
608 1684 616 1692 ⁸
638 1678 667 1704 '0
683 1678 754 1704 κατὰ
771 1677 820 1713 τὴν
835 1678 922 1713 κήραν

1009 1673 1158 1708 Epigonius
1171 1671 1316 1707 episcopus
1328 1670 1397 1698 dixit
1412 1679 1418 1697 :
1433 1669 1525 1697 Etate
1540 1668 1619 1696 Pater
1631 1688 1638 1699 ,
1664 1672 1691 1695 et
1705 1667 1763 1702 ipsa

137 1723 244 1758 Πατήρ,
261 1722 307 1749 καὶ
321 1722 391 1758 αὐτῇ
404 1724 438 1758 τῇ
454 1725 579 1759 προκοπῇ
593 1723 770 1759 ἀρχαιότατος
784 1723 925 1753 ἐπαινετὸς

137 1766 218 1802 ἀνὴρ,
230 1768 244 1794 ὁ
258 1766 372 1802 ἀδελφὸς
386 1767 433 1794 καὶ
444 1767 652 1803 συλλειτουργὸς
666 1768 744 1804 ὴμῶν
756 1768 862 1804 Βίκτωρ
877 1768 926 1804 τὴν

138 1812 246 1847 αἴτησιν
258 1812 360 1847 ταύτην
383 1813 495 1849 γενικὴν
508 1813 633 1849 βούλεται
655 1814 702 1840 ἐπὶ
719 1815 802 1841 πᾶσιν
819 1813 927 1840 ἐκτελε-

139 1857 247 1893 σθῆναι.

174 1903 210 1937 ιζ.
229 1904 345 1940 Ὁμοίως
359 1905 458 1940 ἧρεσεν
470 1905 514 1931 ἵνα
538 1904 713 1940 ὁστισδήποτε
730 1905 759 1930 ἐν
783 1903 926 1939 ἐκκλησίᾳ,

139 1949 191 1977 κᾶν
203 1950 277 1983 ἅπαξ
286 1951 401 1985 ἀνέγνω,
411 1951 456 1978 ὑπ’
465 1951 548 1987 ἄλλης
557 1950 704 1985 ἐκκλησίας
713 1950 779 1985 πρὸς
791 1950 840 1985 κλή
845 1957 928 1984 ρωσιν

141 1997 180 2034 μὴ
195 1998 354 2033 κατέχηται.
370 1999 425 2026 Καὶ
436 1998 610 2033 ὑπέγραψαν.
629 1997 763 2032 Αὐρήλιος
779 1997 928 2028 ἐπίσκοπος

139 2043 189 2078 τῆς
204 2044 233 2069 ἐν
246 2043 401 2078 Καρχηδόνι
420 2042 570 2078 Ἐκκλησία
592 2042 630 2077 τῷ
646 2041 761 2077 παρόντι
771 2041 926 2076 ψηφίσματι

140 2088 286 2124 συνῄνεσα,
301 2089 348 2116 καὶ
369 2088 571 2123 ἀναγνωσθέντι
595 2088 750 2124 ὑπέγραψα·
766 2086 866 2124 ὁμοίως
880 2087 928 2114 καὶ¹

139 2136 164 2161 οἱ
178 2135 268 2161 λοιποὶ
282 2134 426 2161 ἐπίσκοποι
439 2134 611 2170 ὑπέγραψαν.

157 2181 295 2207 Συννόᾶοῡ
309 2180 520 2215 οὶκουμενικῆς
533 2180 623 2215 ἕκτης
639 2180 738 2208 κανὼν
755 2179 799 2214 ιζ’,
820 2182 864 2215 ιη’,
880 2182 916 2207 κ’.

178 2226 221 2258 ιζ’.
251 2226 416 2262 Ἐπειδήπερ
449 2227 584 2262 διαφόρων
611 2225 764 2262 ἐκκλησιῶν
791 2225 928 2262 κληρικοὶ,

141 2269 191 2300 τὰς
208 2268 276 2300 ιδίας
291 2269 321 2295 ἐν
342 2266 386 2301 αἷς
410 2270 656 2305 ἐχειροτονήθησαν
682 2269 830 2305 ἐκκλησίας
847 2279 930 2297 κατα-

976 1718 1149 1754 promotione
1167 1716 1387 1752 antiquissimus,
1405 1715 1445 1743 vir
1462 1714 1618 1746 laudabilis,
1640 1713 1723 1740 frater
1738 1717 1765 1740 et

977 1764 1080 1799 collega
1097 1767 1191 1791 noster
1210 1762 1303 1790 Victor
1323 1762 1380 1789 vult
1396 1761 1467 1788 hanc
1481 1759 1637 1796 petitionem
1651 1766 1765 1794 genera—

978 1809 1031 1838 lem
1047 1809 1175 1837 omnibus
1189 1808 1268 1837 elIici.

1013 1897 1058 1925 90.
1079 1897 1145 1925 item
1171 1896 1274 1932 placuit
1298 1896 1331 1929 ',
1359 1899 1390 1923 ut
1415 1894 1572 1930 quicunque
1595 1893 1623 1920 in
1650 1893 1766 1921 ecclesia

978 1942 1021 1970 vel
1032 1942 1116 1969 semel
1128 1941 1236 1976 legerit,
1250 1941 1284 1968 ab
1299 1940 1352 1967 alia
1365 1939 1481 1967 ecclesia
1494 1939 1526 1965 ad
1541 1938 1699 1966 clericatum
1712 1945 1766 1964 non

980 1993 1116 2016 teneatur.
1128 1987 1170 2022 ‘LEt
1185 1988 1407 2021 subscripserunt
1422 1995 1428 2012 ε
1442 1985 1496 2020 92
1512 1985 1639 2012 Aurelius
1659 1983 1767 2018 episco-

980 2043 1030 2069 pus
1046 2033 1176 2061 Ecclesiae
1192 2032 1417 2066 Carthaginensis
1432 2032 1495 2058 huic
1506 2031 1616 2058 decreto
1626 2030 1766 2062 consensi,

980 2085 1006 2108 et
1024 2081 1151 2115 praelecto
1167 2078 1328 2113 subscripsi.
1343 2077 1473 2105 Similiter
1491 2081 1518 2104 et
1537 2076 1628 2103 caeteri
1644 2076 1766 2111 episcopi

980 2126 1204 2161 subscripserunt
1217 2125 1283 2160 (28).

1035 2174 1148 2202 Concilii
1163 2173 1313 2201 mcumenici
1328 2172 1397 2199 sexti
1413 2179 1525 2198 canorae:
1543 2169 1643 2204 17,18,
1655 2169 1700 2197 20.

1017 2223 1062 2250 1⁸1.
1083 2223 1218 2256 Quoniam
1238 2222 1408 2250 diversarum
1436 2219 1615 2247 ecclesiarum
1633 2217 1655 2233 ¹⁰
1676 2217 1766 2244 clerici

982 2270 1110 2305 propriis,
1127 2269 1154 2295 in
1167 2268 1265 2303 quibus
1280 2265 1397 2294 ordinati
1420 2269 1494 2296 sunt,
1510 2263 1613 2291 relictis
1632 2261 1767 2294 ecclesiis,

142 2314 283 2345 λιπόντες,
298 2315 366 2349 πρὸς
379 2314 489 2350 ἐτέρους
503 2315 671 2351 συνέδραμον
693 2315 868 2348 ἐπισκόπους,
883 2316 922 2342 καί

983 2316 1016 2343 ad
1034 2315 1102 2343 alios
1128 2314 1272 2349 episcopos
1289 2321 1318 2340 se
1334 2311 1521 2342 contulerunt,
1538 2315 1565 2337 et
1587 2309 1646 2337 sine
1663 2309 1766 2344 proprii

142 2358 256 2393 γνώμης
271 2358 332 2394 δίχα
347 2359 394 2386 τοῦ
415 2359 514 2386 οἰκείου
533 2361 695 2393 ἐπισκόπου,
718 2361 748 2387 ἐν
768 2361 828 2392 ταῖς
851 2360 922 2387 ἀλλο-

983 2359 1104 2396 episcopi
1135 2358 1270 2386 sententia
1295 2356 1322 2384 in
1348 2355 1445 2382 alienis
1471 2353 1594 2381 ecolesiis
1626 2352 1768 2380 constituti

143 2404 231 2440 τρίαις
245 2405 434 2440 κατετάγησαν
450 2406 618 2441 ἐκκλησίαις,
632 2407 665 2434 ὲκ
677 2406 772 2433 τούτου
789 2415 818 2433 τε
831 2406 922 2433 συνέῦτ

984 2408 1059 2437 sunt,
1077 2407 1104 2430 et
1118 2409 1152 2429 ex
1168 2409 1200 2428 eo
1212 2400 1288 2436 ipsos
1305 2399 1380 2427 reddi
1402 2397 1552 2425 insolentes
1566 2403 1597 2424 ac
1611 2396 1771 2423 inobedien—

144 2450 349 2482 ἁνυποτάκτους
373 2451 472 2483 αὐτοὺς
499 2452 680 2485 καταστῆναι,
705 2451 832 2487 ὁρίζομεν
859 2451 922 2478 ὥστε

984 2456 1024 2478 tes
1038 2450 1129 2477 evenit
1149 2457 1156 2474 :
1170 2446 1326 2478 statuimus,
1348 2449 1378 2472 ut
1393 2451 1407 2471 a
1422 2450 1514 2471 mense
1527 2442 1658 2470 Januario
1673 2446 1771 2477 pmic-

144 2496 199 2522 ἀπὸ
214 2496 261 2522 τοῦ
274 2496 340 2529 νῦν,
355 2497 414 2532 ἢτοι
440 2497 494 2524 ἀπὸ
516 2497 564 2524 τοῦ
590 2498 754 2533 Ἰανουαρίου
778 2497 862 2533 μηνὸς
881 2497 922 2531 τῆς

986 2497 1045 2524 rita:
1058 2499 1163 2530 quarta:
1177 2491 1349 2525 indictionis,
1363 2490 1456 2517 nullus
1472 2489 1585 2516 omnino
1598 2487 1725 2520 clericus,
1743 2488 1770 2514 in

145 2540 337 2577 παρελθούσης
362 2542 496 2578 τετάρτης
519 2532 729 2579 ἐπινεμήσεως,
752 2532 856 2578 μηδένα
880 2543 922 2569 τῶν

982 2547 1145 2577 quocunque
1167 2538 1202 2566 sit
1219 2537 1321 2573 gradu,
1336 2538 1498 2570 potestatem
1516 2534 1612 2561 habeat
1634 2532 1692 2560 sine
1707 2540 1771 2579 pro-

146 2587 277 2614 ἁπάντων
285 2576 432 2623 κληρικῶν,
443 2576 495 2615 κάν
503 2589 531 2615 ἐν
538 2576 686 2624 οίῳδήποτε
696 2576 815 2624 τυγχάνῃ
828 2588 877 2624 βαθ
882 2587 922 2623 μῷ

984 2576 1036 2621 prii
1050 2584 1169 2619 episcopi
1189 2583 1289 2617 scripta
1305 2579 1472 2612 dimissoria,
1489 2579 1518 2606 in
1533 2578 1629 2605 alien:e
1650 2576 1772 2604 ecclesia:

146 2631 241 2658 ἄδειαν
252 2632 323 2668 ἔχειν
330 2633 408 2665 ἐκτὸς
416 2634 464 2668 τῆς
471 2633 518 2660 τοῦ
526 2622 626 2661 οἰκείου
637 2622 787 2660 ἐπισκόπου
799 2622 920 2668 ἔγγράφὸ

988 2631 1144 2665 catalogum
1161 2627 1266 2656 referri.
1290 2627 1340 2660 Qui
1354 2626 1406 2653 hoc
1424 2625 1497 2653 enim
1513 2632 1527 2652 a
1555 2622 1680 2659 praesenti
1701 2629 1773 2649 nunc

147 2677 317 2714 ἀπολυτικῆς
327 2698 336 2711 ,
351 2679 381 2706 ἐν
396 2679 478 2714 ἐτέρᾳ
490 2678 706 2706 κατατάττεσθαι
718 2678 862 2714 ἐκκλησίᾳ”
878 2678 922 2704 ἐπε

987 2681 1110 2712 tempore
1135 2683 1189 2703 non
1210 2673 1370 2705 servaverit.
1385 2673 1432 2700 sed
1448 2671 1520 2706 quod
1536 2671 1562 2698 in
1588 2677 1617 2697 sc
1632 2674 1684 2702 est,
1709 2676 1772 2695 eum

147 2723 164 2749 ό
186 2723 224 2759 μὴ
240 2724 320 2752 τοῦτο
341 2725 395 2751 ἀπὸ
408 2713 522 2752 τοῧγνῦν
550 2724 846 2760 παραφυλαττόμενος,
868 2723 922 2750 ἀλλη

991 2723 1038 2758 qui
1055 2721 1093 2749 illi
1105 2728 1204 2748 manus
1218 2719 1358 2755 imposuit,
1375 2718 1510 2745 dedecore
1534 2714 1664 2747 aifecerit,
1688 2713 1773 2748 depo-

186 2779 361 2808 ‘Concilium
376 2780 461 2808 Afric.
476 2787 537 2815 cap.
553 2780 600 2808 2i.
655 2780 666 2795 °
679 2778 830 2808 Concilium
846 2778 934 2807 Afric.
951 2786 1011 2813 cap.
1030 2778 1075 2805 57.
1128 2777 1149 2793 '°
1169 2776 1300 2804 Cbalced.
1315 2775 1384 2803 Can.
1397 2775 1424 2807 6,
1441 2773 1485 2806 10,
1502 2772 1548 2800 20.

902 2824 1019 2854 NOTAE.

188 2873 245 2909 (27)
265 2873 429 2910 Episcopum
448 2873 648 2901 \‘azarltanum.
1027 2869 1085 2906 (‘28)
1105 2869 1171 2898 Vide
1186 2869 1299 2904 August.
1315 2867 1393 2901 epist.
1407 2866 1460 2894 ειο
1472 2870 1498 2893 ct
1515 2864 1578 2892 235.
