1951 3081
205 167 259 200 547

787 164 916 194 ΡΠΟΤῙῙ
930 163 1182 194 PATRIARCHE
1201 163 1256 194 (ΣΡ.

1779 164 1832 195 liis

205 226 288 248 natur
309 223 337 248 et
355 219 423 255 ipse,
443 223 470 247 ct
490 219 537 253 qui
561 225 623 246 cum
649 222 747 254 prmter
778 219 910 247 rationem
938 227 996 248 sus-

1053 220 1248 255 καταισχύνων,
1265 220 1340 253 τόγε
1364 219 1504 254 ἐπάὑτῷ,
1527 219 1573 246 τὸν
1595 220 1644 256 τὴν
1667 223 1833 257 χειροτονίαν

205 266 288 300 copit.

245 356 290 383 18.
310 355 364 382 Eos
375 355 423 390 qui
438 354 590 382 barbaricae
617 354 782 382 incursionis
798 357 939 388 praetextu,
955 353 997 380 vol

207 402 301 437 aliquo
317 402 370 429 alio
391 401 474 428 modo
493 405 605 436 propter
618 401 737 435 aliquam
761 400 996 427 circumstantiam

208 448 388 482 cmigrarunt,
406 447 533 480 clericos,
548 451 692 481 postquam
714 445 813 473 modus
829 446 874 472 ille
893 453 925 472 ac
944 445 999 472 cir-

209 493 376 520 cumstantia
407 493 531 524 cessarit,
565 493 606 518 Vel
633 492 783 519 barbaricae
814 491 996 522 incursiones.

209 543 319 572 propter
339 545 411 572 quas
430 541 610 569 recesserant,
628 544 724 563 rursus
749 537 775 562 in
793 543 857 563 suas
870 535 998 569 juhemus

211 584 340 611 ecclesias
358 583 474 614 reverti,
490 590 540 609 nec
564 589 610 609 eas
633 581 679 608 diu
705 581 809 615 absque
823 581 896 615 justa
915 587 998 607 causa

210 630 370 662 relinquere.
388 628 416 654 Si
429 628 491 661 quis
506 631 596 654 autem
618 634 684 658 nou,
701 631 729 653 ut
745 633 866 661 praesens
878 625 934 652 vult
948 633 995 652 ca-

209 682 274 707 non,
291 675 397 705 adierit,
415 681 582 708 segregetur,
598 673 686 700 donec
710 673 744 699 ad
761 680 836 700 suam
855 672 998 699 ecclesiam

210 721 311 747 redeat.
330 720 386 746 lloc
404 720 493 754 ipsum
505 723 595 746 autem
609 718 689 745 etiam
705 717 733 744 in
748 725 781 745 eo
797 718 843 744 liat
857 717 998 752 episcopo,

210 766 257 801 qui
274 766 351 793 illum
365 765 480 792 detinet.

244 865 289 892 20.
306 864 345 892 Nc
359 865 440 891 liceat
453 864 581 899 episcopo
605 863 632 890 in
648 863 700 890 alia
714 863 746 895 “,
762 870 822 897 qua:
848 862 880 889 ad
900 870 930 889 se
946 869 998 889 non

211 912 336 946 pertinet,
359 911 468 937 civitate
482 910 588 944 publice
605 909 714 935 docere.
727 908 755 935 Si
767 908 828 943 quis
846 913 934 934 autem
950 907 1000 935 hoc

211 957 301 983 facere
321 956 505 990 deprehensus
519 954 617 986 fuerit,
644 955 677 981 ab
697 954 852 988 episcopatu
868 953 999 986 desismt,

211 1002 358 1036 presbyteri
375 1005 464 1028 autent
482 1008 595 1027 munere
611 1000 751 1035 fungatur.

245 1048 299 1084 93
311 1048 418 1074 Toxlus.
428 1047 546 1074 Const.9
557 1051 584 1074 et
599 1047 642 1079 10,
656 1047 696 1074 tit.
707 1047 719 1073 1
729 1046 899 1074 Novellartrm
910 1047 998 1079 aiunt.

210 1093 281 1127 quod
310 1093 336 1119 in
362 1092 484 1126 Magnam
508 1091 648 1118 ecclesiam
672 1091 998 1126 Coustantinopolitanam

212 1139 326 1165 aliarum
342 1138 400 1171 ejus
415 1137 592 1163 ecclesiarum
611 1136 703 1163 clerici
717 1135 929 1164 transferantur.

249 1225 325 1253 CAP.
350 1224 456 1252 XXVII.
473 1240 507 1245 —-
532 1225 569 1251 De
585 1233 614 1251 eo
634 1225 678 1258 qui
694 1225 793 1259 peccati
816 1233 886 1258 reus,
903 1225 999 1252 uilu'lo-

212 1272 299 1298 minus
319 1271 457 1297 ordinatus
471 1270 532 1304 fuit.

364 1315 478 1342 Coucilii
496 1314 602 1342 Nicwni
627 1323 739 1342 canones
755 1316 782 1347 9,
799 1316 843 1343 10.

247 1362 274 1389 9.
287 1361 315 1388 Si
342 1361 388 1395 qui
411 1362 478 1388 citra
502 1361 731 1388 examinationem
761 1361 783 1376 "
802 1361 917 1395 promoti
936 1364 1000 1387 sunt

212 1407 372 1443 presbyteri,
390 1406 431 1433 vel
443 1405 591 1433 examinati
601 1413 650 1432 sua
665 1410 776 1440 peccata
789 1405 909 1433 confessi
925 1409 998 1437 sunt,

210 1453 304 1487 eisque
328 1452 471 1482 confessis.
498 1457 598 1485 praeter
622 1458 754 1478 canonem
784 1450 850 1477 moti
876 1451 999 1477 homines

212 1506 308 1525 manus
323 1498 520 1532 imposuerunt.
541 1504 589 1524 eos
605 1504 693 1524 canon
707 1503 759 1523 non
775 1497 903 1523 admittit.
922 1495 998 1526 Quod

1015 886 1037 916 Β

1046 265 1121 300 αὑτῷ
1146 265 1343 298 ἐπιτεθεικότα,
1370 266 1556 302 καθαιρείσθω
1575 267 1624 294 καὶ
1646 267 1728 299 αὐτὸς
1752 269 1799 295 καὶ
1818 269 1832 295 ὸ

1047 311 1214 347 παραλόγως
1225 311 1305 338 αὐτὸν
1318 312 1544 347 προσδεξάμενος.

1084 357 1129 392 ιη’.
1163 357 1233 388 Τοὺς
1262 357 1397 392 προφάσει
1423 357 1593 393 βαρϐαρικῆς
1618 358 1789 393 ἐπιδρομῆς,
1814 360 1830 394 ἢ

1046 403 1134 434 ἄλλως
1149 412 1208 434 πως
1222 404 1255 429 ἐκ
1267 402 1453 438 περιστάσεως
1465 423 1472 435 ,
1492 403 1661 438 μετανάστας
1671 405 1833 439 γενομένους

1047 448 1194 483 κληρικοὺς
1204 468 1211 479 ,
1229 449 1310 484 ἡνίκα
1324 448 1346 475 δ’
1370 449 1404 475 ἂν
1419 449 1434 475 ό
1450 449 1550 484 τρόπος
1568 449 1660 481 αὐτοῖς
1671 450 1833 485 ἀποπαύση-

1047 503 1109 526 ται,
1126 494 1142 529 ἢ
1157 495 1184 520 αι
1202 494 1255 521 τῶν
1273 494 1416 530 βαρϐάρων
1435 495 1597 530 ἐπιδρομαὶ,
1619 495 1652 521 δι’
1668 495 1687 522 ἃ,
1704 496 1754 531 τὴν
1769 496 1834 522 ἀνα-

1047 539 1169 575 χώρησιν
1183 540 1362 574 ἐποιήσαντο,
1380 540 1457 572 αὖθις
1480 541 1509 566 ἐν
1529 542 1589 572 ταῖς
1606 541 1721 572 οίκείαις
1736 542 1833 576 ἐκκλη-

1050 585 1121 617 σίαις
1137 585 1342 620 προστάσσομεν
1355 586 1568 621 ἐπανέρχεσθαι,
1589 586 1636 613 καὶ
1653 587 1690 621 μὴ
1704 587 1750 612 ἐπὶ
1767 587 1832 614 πολὺ

1048 632 1149 664 ταύτας
1167 633 1378 667 ἀπροφασίστως
1395 631 1620 666 καταὶιμπάνειν.
1643 633 1674 658 Εἰ
1691 632 1718 659 δέ
1735 641 1776 663 τις
1797 633 1833 668 μὴ

1049 676 1120 703 κατὰ
1143 677 1189 704 τὸν
1213 677 1336 712 παρόντα
1354 676 1511 711 διαγένηται
1528 676 1643 709 κανόνα,
1661 677 1833 711 ἀφοριζέσῡω

1051 723 1148 757 μέχρις
1167 722 1200 749 ἂν
1213 722 1281 757 πρὸς
1292 722 1340 757 τὴν
1355 722 1457 748 οἰκείαν
1474 722 1621 756 ἐκκλησίαν
1636 723 1831 758 ἐπαναδράμοι.

1050 769 1088 795 Τὸ
1100 768 1166 795 αὐτὸ
1190 769 1219 795 δὲ
1238 768 1316 795 τοῦτο
1338 769 1385 794 καὶ
1405 769 1451 795 ἐπὶ
1466 768 1505 803 τῷ
1525 768 1667 804 κατέχοντι
1680 769 1761 796 αὑτὸν
1772 770 1834 795 ἐπι-

1051 814 1145 849 σκόπῳ
1160 814 1286 849 γινέσθω.

1087 863 1122 888 κ’.
1138 861 1183 895 Μὴ
1199 860 1300 893 ἐξέστω
1315 861 1455 896 ἐπισκόπῳ
1470 861 1509 892 είς
1526 861 1622 897 ἑτέραν
1643 861 1693 896 τὴν
1709 860 1745 896 μὴ
1760 860 1833 895 αὐτῷ

1051 907 1242 941 προσήκουσαν
1259 907 1335 933 πόλιν
1347 907 1464 943 δημοσίᾳ
1476 907 1612 934 διδάσκειν
1622 916 1629 923 ·
1645 907 1710 942 είγδέ
1723 915 1765 938 τις
1779 915 1835 941 φω-

1051 951 1146 986 ραθείη
1157 951 1235 977 τοῦτο
1253 951 1348 984 ποιῶν,
1363 952 1412 986 τῆς
1426 951 1579 987 ἐπισκοπῆς
1593 950 1737 984 παυέσθω,
1755 949 1789 976 τά
1806 949 1834 975 δὲ

1049 996 1096 1023 τοῦ
1112 996 1297 1032 πρεσὸυτέρου
1312 997 1467 1032 ἐνεργείτω.

1092 1042 1124 1069 'H
1141 1043 1168 1068 δὲ
1180 1042 1204 1068 0'
1221 1043 1268 1069 καὶ
1284 1046 1300 1069 ι’
1316 1043 1386 1070 διάτ.
1401 1043 1448 1069 τοῦ
1464 1043 1547 1070 α’τίτ.
1562 1043 1616 1070 τῶν
1633 1042 1737 1078 νεαρῶν
1750 1041 1833 1076 λέγει,

1049 1087 1108 1119 πῶς
1142 1089 1183 1119 εἰς
1208 1087 1258 1123 τὴν
1284 1088 1414 1124 Μεγάλην
1444 1089 1591 1124 ἐκκλησίαν
1616 1089 1834 1114 Κωνσταντινου-

1049 1132 1154 1164 πόλεως
1179 1133 1204 1159 οἱ
1226 1133 1280 1160 τῶν
1301 1133 1388 1160 ἄλλων
1419 1134 1503 1169 αὐτῆς
1529 1133 1682 1168 ἐκκλησιῶν
1710 1131 1834 1167 κληρικοὶ
1865 1132 1871 1141 ⁵

1050 1179 1248 1213 μετατίθενται.

1084 1225 1209 1252 ΚΕΦΛΛ.
1225 1225 1288 1252 KZ'.
1297 1240 1332 1245 ——
1344 1226 1413 1259 Περὶ
1427 1225 1480 1252 τοῦ
1491 1225 1688 1260 ὑποκειμένου
1704 1223 1833 1259 ἁμαρτή-

1048 1277 1126 1304 ματι,
1143 1270 1191 1297 καί
1209 1272 1479 1305 χειροτονηθέντος.

1205 1318 1338 1345 Συνόδου
1351 1318 1474 1351 Νικαίας
1487 1317 1588 1344 κανὼν
1600 1317 1622 1343 θ’
1634 1336 1642 1349 ,
1661 1320 1687 1344 ι’.

1084 1365 1115 1392 θ’,
1136 1364 1245 1396 Εῐτινες
1260 1363 1445 1395 ἀνεξετάστως
1453 1362 1630 1398 προήχθησαν
1640 1360 1832 1397 πρεσϐύτεροι,

1049 1411 1065 1446 ἤ
1079 1412 1287 1446 ἀνακρινόμενοι
1302 1409 1479 1445 ὡμολόγησαν
1491 1409 1526 1435 τὰ
1537 1408 1718 1443 ἡμαρτημένα
1731 1408 1832 1440 αὐτοῖς,

1049 1457 1095 1482 καὶ
1105 1456 1329 1491 ὁμολογησάντων
1340 1455 1440 1487 αὐτῶν,
1457 1456 1533 1490 παρὰ
1554 1454 1653 1481 κανόνα
1679 1453 1834 1488 κινούμενοι

1049 1501 1073 1526 οἱ
1091 1501 1240 1535 ἄνθρωποι,
1259 1502 1315 1532 τοῖς
1324 1500 1454 1531 τοιούτοις
1466 1502 1545 1535 χεῖρα
1563 1499 1760 1531 ὲπιτεθείκασι,
1771 1498 1835 1525 τού-

211 1548 254 1572 cst
264 1545 336 1572 enim
346 1551 362 1571 a
373 1543 583 1578 reprehensione
593 1543 721 1576 alienum,
733 1542 853 1570 defendit
864 1541 996 1570 Ecclesia.

1053 1556 1111 1578 τους
1135 1548 1149 1573 ὁ
1166 1547 1255 1573 κανὼν
1282 1547 1312 1572 οὐ
1332 1547 1472 1581 προσίεται
1485 1555 1492 1562 ·
1513 1547 1543 1574 τὸ
1568 1545 1623 1582 γὰρ
1648 1545 1833 1580 ἀνεπίληπτον

247 1640 292 1669 10.
312 1641 471 1675 Ωιιὶοιιιηιιιο
485 1649 519 1669 ex
535 1641 568 1669 iis
580 1641 626 1676 qui
638 1641 706 1675 lapsi
721 1644 795 1672 sunt,
804 1640 845 1667 vel
858 1648 906 1675 per
921 1639 998 1675 igno—

211 1687 340 1718 rantiam,
354 1686 395 1713 vel
412 1686 562 1713 scientibus
580 1686 614 1712 iis
629 1685 675 1720 qui
693 1688 902 1719 proutoveruut,
921 1685 997 1711 ordi-

213 1732 268 1758 nati
283 1736 358 1764 suut,
374 1731 424 1757 hoc
439 1730 626 1758 ecclesiastico
638 1729 736 1757 cationi
755 1735 810 1755 nou
828 1727 995 1762 pra-judicat.

211 1778 233 1806 li
248 1778 319 1805 enim
333 1778 432 1812 cogniti
447 1777 631 1811 deponuntur.

299 1822 409 1850 Concilii
422 1822 525 1849 Nicwni
543 1821 766 1848 Neocwsariensis
782 1828 866 1847 canon
884 1819 910 1847 9.

248 1866 276 1894 Si
303 1867 465 1902 presbyter,
494 1867 540 1901 qui
569 1874 684 1901 corpore
708 1867 784 1900 prius
815 1869 973 1900 peccaverat
989 1885 996 1897 ,

212 1917 354 1948 promotus
371 1912 462 1944 fuerit,
479 1917 506 1939 et
524 1912 546 1939 si
570 1917 633 1939 aute
649 1911 848 1939 ordinationem
870 1918 998 1945 peccasse

211 1959 354 1987 confessus
376 1958 466 1990 fuerit,
483 1966 516 1985 ne
537 1959 642 1991 olli-rat,
665 1966 778 1985 manens
798 1957 824 1984 in
841 1957 911 1988 aliis,
935 1964 998 1991 pro-

211 2011 271 2041 pter
286 2005 357 2032 aliud
377 2005 436 2039 ejus
462 2006 538 2032 bona:
552 2004 613 2031 vita:
634 2004 764 2031 studium.
789 2002 902 2038 Reliqua
925 2002 996 2029 enim

212 2055 321 2086 peccata
353 2050 447 2077 dicunt
471 2050 543 2076 multi
575 2057 704 2076 manuum
727 2048 900 2083 impositione
928 2048 995 2075 tolli.

211 2095 288 2129 Quod
307 2096 331 2123 si
351 2095 407 2130 ipsa
429 2103 483 2122 non
507 2095 679 2125 conﬁteatur,
705 2099 797 2129 aperte
820 2098 910 2121 autem
928 2101 996 2120 con-

212 2142 285 2170 vinci
303 2149 357 2169 non
375 2141 503 2176 potuerit,
522 2141 595 2168 illius
611 2148 719 2175 quoque
732 2140 757 2167 ei
771 2139 818 2167 ﬁat
832 2143 960 2175 potestas.

459 2186 556 2214 Basilii
587 2193 670 2212 canon
696 2185 741 2212 ΕΠ.

1047 1593 1176 1628 ὲκδικεῖἡ
1191 1593 1321 1628 καθολικὴ
1340 1592 1498 1628 Ἐκκλησία.

1083 1641 1109 1665 ι’.
1132 1638 1210 1665 ’Ὁσοι
1223 1638 1468 1674 προεχειρίσθησαν
1487 1638 1542 1665 τῶν
1559 1637 1833 1673 παραπεπτωκότων,

1047 1683 1118 1711 κατὰ
1128 1684 1250 1718 ἄγνοιαν,
1270 1684 1287 1719 ἢ
1298 1686 1345 1711 καὶ
1363 1685 1527 1720 προειδότων
1544 1684 1599 1711 τῶν
1619 1683 1835 1719 προχειρισαμέ-

1047 1737 1117 1762 νων,
1132 1729 1211 1757 τοῦτο
1234 1731 1265 1757 οὐ
1286 1731 1426 1766 προκρίνει
1447 1731 1486 1766 τῷ
1506 1731 1599 1758 κανόνι
1625 1730 1665 1765 τῷ
1690 1729 1836 1765 ἐκκλησια-

1049 1774 1133 1809 στικῷ
1147 1783 1154 1790 ·
1170 1775 1337 1809 γνωσθέντες
1351 1772 1405 1810 γᾶρ
1417 1774 1622 1810 καθαιροῦνται.

1155 1820 1289 1848 Συνόδου
1318 1821 1550 1854 Νεοκαισαρείας
1567 1820 1669 1846 κανὼν
1696 1827 1708 1846 1

1083 1868 1272 1904 Πρεσϐύτερος
1301 1867 1349 1894 ἐὰν
1381 1866 1603 1903 προημαρτηκὼς
1633 1865 1739 1901 σώματι
1767 1873 1834 1900 προ-

1047 1915 1128 1950 αχθῇ,
1148 1914 1194 1940 καὶ
1211 1913 1364 1948 ὁμολογήσῃ
1382 1913 1423 1939 ὅτι
1445 1912 1553 1948 ἥμαρτε
1572 1912 1624 1947 πρὸ
1637 1906 1687 1947 τῆς
1713 1919 1834 1946 χειροτοι

1047 1961 1116 1993 νίας,
1136 1959 1173 1995 μὴ
1198 1959 1376 1995 προσφερέτω
1388 1978 1395 1991 ,
1424 1959 1511 1993 μένων
1524 1959 1553 1984 ἐν
1572 1959 1629 1989 τοῖς
1651 1958 1763 1989 λοιποῖς,
1788 1957 1834 1983 διὰ

1046 2005 1096 2040 τὴν
1123 2004 1206 2040 ἄλλην
1234 2004 1361 2038 σπουδήν.
1391 2002 1432 2030 Τά
1458 2005 1512 2039 γὰρ
1540 2003 1621 2030 λοιπὰ
1647 2003 1833 2038 ἁμαρτήματα

1047 2050 1151 2085 ἔφασαν
1166 2051 1190 2076 oi
1209 2049 1301 2076 πολλοὶ
1315 2050 1363 2076 καὶ
1376 2049 1426 2084 τὴν
1443 2048 1613 2084 χειροθεσίαν
1628 2049 1747 2084 ἀφιέναι.
1768 2048 1834 2075 Ἐὰν

1046 2095 1075 2123 δὲ
1092 2095 1173 2127 αὐτὸς
1201 2095 1239 2130 μὴ
1266 2094 1395 2130 ὁμολογῇ,
1419 2094 1579 2129 ἐλεγχθῆναι
1601 2094 1629 2120 δὲ
1653 2093 1777 2129 φανερῶς
1795 2093 1834 2128 μὴ

1046 2141 1159 2177 δυνηθῇ,
1175 2141 1219 2167 ἐπ’
1234 2140 1310 2174 αὐτῷ
1324 2141 1420 2175 ἐκείνῳ
1434 2139 1568 2166 ποιεῖσθαι
1580 2139 1629 2175 τὴν
1643 2139 1778 2172 ἐξουσίαν.

1258 2187 1421 2214 Βασιλείου
1439 2187 1540 2214 κανὼν
1553 2186 1605 2218 κζ’.

246 2233 291 2261 27.
319 2233 355 2261 De
375 2232 550 2268 presbytero,
572 2231 617 2266 qui
635 2231 754 2258 insciens
776 2230 875 2258 illicitis
894 2229 996 2264 nuptiis

1083 2233 1135 2266 κζ’.
1144 2233 1212 2270 Περὶ
1220 2233 1267 2260 τοῦ
1278 2234 1463 2269 πρεσϐυτέρου
1471 2233 1518 2259 τοῦ
1526 2233 1595 2259 κατὰ
1603 2233 1712 2266 ἄγνοιαν
1720 2232 1834 2268 ἀθέσμῳ

212 2278 366 2313 implicatus
393 2282 445 2310 est,
474 2278 556 2304 Statui
583 2284 644 2311 qua:
669 2277 821 2311 oportebat,
851 2275 995 2302 cathedrae

211 2325 320 2360 quidem
336 2325 493 2359 participem
509 2331 579 2356 csse,
598 2324 644 2351 sed
660 2331 676 2350 a
694 2323 805 2358 reliquis
819 2322 920 2350 muniis
935 2323 998 2348 abs-

213 2371 308 2397 tinere.
329 2369 396 2396 Nam
412 2369 478 2397 satis
499 2373 539 2396 cst
562 2369 700 2403 ejusmodi
718 2368 821 2396 homini
842 2368 931 2395 venia.
965 2366 998 2394 Ut

211 2419 303 2444 autem
317 2416 399 2442 alium
421 2415 573 2448 beuedicat,
596 2415 642 2450 qui
666 2415 775 2450 propria
799 2421 898 2441 curare
917 2414 996 2441 debet

210 2461 334 2494 vulnera,
362 2461 475 2488 minime
501 2466 726 2488 consentaneum.
748 2459 903 2487 Benedictio
923 2460 996 2486 enim

211 2507 436 2535 sanctiﬁcationis
457 2506 513 2542 94
528 2506 738 2542 communicatio
761 2510 815 2532 est.
844 2505 930 2538 Quam
950 2506 997 2540 qui

211 2562 265 2581 non
279 2553 370 2587 habet,
384 2558 524 2588 propterea
537 2553 608 2587 quod
625 2552 742 2579 insciens
757 2551 850 2586 lapsus
867 2556 996 2586 est,quo-

210 2599 291 2627 modo
304 2600 366 2626 aliis
382 2599 535 2633 impertiet?
557 2598 650 2633 Itaque
672 2605 722 2624 nec
745 2597 853 2632 publice
873 2605 923 2625 nec
939 2599 996 2632 pri-

211 2645 291 2671 vatim
311 2645 461 2677 bencdicat,
477 2652 527 2672 nec
539 2652 639 2678 corpus
650 2643 749 2670 Christi
765 2644 909 2671 distribuat
921 2644 994 2677 aliis,

209 2698 259 2718 nec
275 2691 392 2725 quodvis
411 2689 486 2717 aliud
512 2697 621 2717 sacrum
639 2697 737 2717 munus
753 2689 843 2722 obeat,
863 2689 920 2720 sed,
943 2689 994 2716 ho-

208 2736 321 2763 noriﬁca
335 2735 399 2762 sede
415 2739 570 2767 contentus,
586 2739 661 2769 roget
675 2741 738 2761 cum
754 2733 883 2769 lacrymis
900 2733 994 2761 Domi-

210 2789 286 2813 num,
301 2785 331 2808 ut
341 2781 392 2808 sibi
404 2780 566 2816 ignorantia:
583 2782 723 2814 peccatum
738 2779 902 2806 remittatur.

243 2862 264 2877 “
279 2862 371 2896 Apost.
389 2868 450 2890 can.
464 2861 515 2894 M;
531 2861 659 2889 Antioch.
674 2868 736 2889 can.
753 2860 797 2889 l6.
832 2860 853 2878 ¹²
869 2860 988 2890 Neocaas.
1005 2861 1030 2889 9.

1046 2278 1128 2313 γάμῳ
1160 2278 1377 2314 περιπαρέντος,
1409 2278 1495 2312 ὥρισα
1525 2278 1543 2304 ἃ
1566 2278 1651 2313 ἐχρῆν
1665 2297 1673 2309 .
1697 2277 1834 2312 καθέδρας

1048 2324 1097 2359 μὲν
1123 2324 1256 2359 μετέχειν,
1272 2323 1326 2351 τῶν
1340 2323 1368 2349 δὲ
1382 2322 1482 2350 λοιπῶν
1497 2323 1641 2358 ἐνεργειῶν
1656 2323 1807 2358 ἀπέχεσθαι
1823 2331 1831 2338 ·

1045 2368 1161 2404 ἀρκετὸν
1181 2369 1236 2404 γὰρ
1262 2368 1301 2403 τῷ
1327 2368 1440 2404 τοιούτῳ
1468 2369 1485 2403 ἠ
1515 2367 1684 2403 συγγνώμη·
1709 2368 1834 2402 εὐλογεῖν

1045 2413 1073 2440 δέ
1095 2413 1189 2449 ἕτερον
1211 2414 1257 2441 τὸν
1277 2414 1311 2441 τὰ
1333 2415 1421 2441 οἰκεῖα
1438 2414 1566 2449 τημελεῖν
1590 2413 1730 2448 ὀφείλοντα
1745 2413 1834 2449 τραύ-

1048 2468 1120 2495 ματα
1147 2460 1338 2487 ἀνακόλουθον.
1362 2459 1479 2494 Εὐλογια
1502 2460 1555 2495 γὰρ
1582 2458 1719 2494 άγιασμοῦ
1745 2459 1833 2494 μετά-

1045 2505 1117 2537 δοσίς
1139 2506 1222 2533 ἐστιν.
1256 2504 1286 2533 '0
1311 2505 1339 2532 δὲ
1369 2505 1450 2532 τυῠτο
1480 2505 1517 2541 μὴ
1540 2505 1609 2541 ἔχων
1629 2505 1673 2532 διὰ
1688 2505 1719 2531 τὸ
1734 2505 1767 2531 ἐκ
1781 2505 1833 2539 τῆς

1044 2551 1156 2585 ἀγνοίας
1176 2552 1362 2587 παράπτωμα,
1387 2551 1446 2583 πῶς
1463 2551 1548 2587 ἑτέρῳ
1562 2550 1727 2586 μεταδώσεις
1751 2551 1833 2586 Μήτε

1044 2597 1133 2623 τοίνυν
1146 2597 1273 2632 δημοσίᾳ,
1296 2598 1364 2632 μήτε
1380 2596 1432 2632 ἰδίᾳ
1446 2597 1598 2632 εὐλογείτω,
1618 2597 1687 2632 μήτε
1699 2597 1729 2623 τὺ
1749 2597 1834 2632 σῶμα

1043 2642 1090 2669 τοῦ
1107 2642 1226 2677 Χριστοῦ
1242 2643 1419 2678 κατανεμέτω
1434 2643 1547 2678 ἑτέροις,
1562 2643 1630 2678 μήτε
1643 2651 1671 2668 τι
1688 2641 1752 2669 ἄλλο
1778 2642 1834 2668 λει-

1043 2688 1212 2723 τουργείτωο
1234 2688 1292 2715 ἀλλ’
1316 2688 1485 2724 ἀρκούμενος
1514 2690 1547 2724 τῇ
1574 2688 1714 2724 προεδρίᾳ,
1743 2696 1833 2723 προσ-

1044 2733 1160 2760 κλαιέτω
1174 2732 1213 2768 τῷ
1230 2733 1326 2770 Κυρίῳ
1346 2733 1556 2770 συγχωρηθῆναι
1570 2733 1645 2769 αὐτῷ
1663 2733 1694 2760 τὸ
1722 2734 1755 2760 ἐκ
1777 2732 1832 2768 τῆς

1042 2778 1153 2812 ἀγνοίας
1165 2778 1251 2814 ἁνόμη
1256 2787 1305 2814 μα.
