1951 3081
144 149 199 182 519

181 250 212 276 δ’.
232 248 299 283 Περὶ
313 247 341 274 δὲ
364 246 474 278 Πανοὺφ
497 244 544 270 τοῦ
558 242 742 273 καταστάντος
767 240 892 267 διακόνου
907 240 937 265 ἑν

146 297 181 330 τῇ
197 293 278 328 Λυκῷ
298 292 416 327 ζητῆσαι
431 299 438 306 ·
451 290 499 317 καὶ
526 289 551 316 ει
578 289 627 324 μὲν
649 287 774 324 εὑρεθείη
791 283 869 316 οὗτος
895 285 936 311 ἔτι

149 337 352 374 κατηχούμενος
366 336 517 371 τυγχάνων,
531 334 581 369 τὴν
591 333 736 367 ἀδελφιδῆν
755 331 853 358 ἑαυτοῦ
869 330 937 365 πρὸς

150 386 239 420 γάμου
253 383 395 410 κοινωνίαν
409 381 564 416 δεξάμενος,
596 379 666 415 μετὰ
683 379 712 405 δὲ
739 378 771 404 τὸ
794 377 936 412 βάπτισμα

149 432 191 462 εἰς
205 429 306 464 κλῆρον
315 427 418 463 ἀχθεὶς,
438 427 541 461 μενέτω
556 426 584 452 ὲν
601 424 640 458 τῷ
654 424 759 459 κλήρῳ,
772 424 837 457 εἴγε
847 422 938 449 κεκοι-

153 485 238 512 μηται
256 475 359 509 ἐκείνη,
386 474 432 500 καὶ
445 472 515 508 μετὰ
539 472 571 498 τὸ
595 471 737 506 βάπτισμα
749 470 780 496 οὐ
807 467 938 497 κεκοινώ-

152 530 236 556 νηκεν
262 520 341 555 αὐτῇ.
369 519 401 546 Εἰ
434 519 463 545 δὲ
489 517 584 548 πιστὸς
615 516 757 551 τυγχάνων
781 515 831 550 τὴν
854 514 939 550 αὐτὴν

151 566 295 601 ἀδελφιδῆν
327 564 423 592 ἑαυτοῦ
451 563 518 597 πρὸς
542 562 633 597 γάμου
654 561 795 588 κοινωνίαν
821 560 938 592 ἐδέξατο,

154 613 224 639 ἔστω
238 610 285 637 τοῦ
305 610 408 645 κλήρου
433 607 586 641 ἀλλότριος.
611 607 648 634 Οὐ
668 606 723 641 γὰρ
739 606 881 640 πρόκριμα
901 604 941 640 τῷ

153 656 295 690 ὲπισκόπῳ
330 654 409 689 φέρει
444 652 604 684 Ἀπόλλωνι,
635 652 659 678 εί
687 649 717 683 ἐξ
746 650 858 684 ἀγνοίας
874 658 940 676 κατ-

154 703 269 737 έστησεν
288 701 379 727 αὐτόν.

189 747 221 773 ε’.
239 746 307 782 Περὶ
336 744 432 772 Ἰακὼῦ
460 744 576 779 ζητῆσαι
593 751 601 759 ⁸
635 743 659 769 εί
690 741 867 776 ἁναγνώστης
892 741 941 772 ὢν,

155 793 306 828 ἐγκλήματι
335 791 462 827 πορνείας
482 789 631 820 ὑπεύθυνος
651 787 756 823 ἐδείχθη
770 807 777 819 ,
799 787 846 813 καὶ
868 786 944 821 παρὰ

154 838 208 864 τῶν
234 837 424 872 πρεσὸυτέρων
452 834 593 870 ἐξεϐλήθη,
619 832 679 860 εἶτα
709 833 941 868 κεχειροτόνηται,

514 143 715 176 8ῩΝΤΑ6ΜΔ
732 139 926 172 CANONUM.
949 150 984 156 -
998 137 1074 168 ΤῙΤ.
1093 138 1118 175 Ι,
1136 138 1215 169 CAP.
1231 138 1367 170 XXVIII.

173 203 320 239 Θεοφίλου
332 201 366 228 ἐκ
376 200 430 228 τοῦ
443 197 674 233 ὐπομνηστικοῡ
683 196 783 223 κανὼν
798 195 829 226 δ’,
845 197 878 228 ε’,
889 197 926 229 η’.
959 197 982 224 Α

1726 137 1780 170 550

1103 193 1241 228 Theophili
1254 194 1448 221 commonitorit'
1462 201 1546 222 canon
1559 194 1586 228 ι,
1599 195 1628 228 5,
1647 194 1675 222 8.

1024 238 1051 265 ι.
1071 238 1109 266 De
1123 238 1248 274 l‘anuplt,
1260 239 1307 274 qui
1331 240 1358 267 in
1374 239 1446 275 Lyco
1462 240 1595 267 diaconus
1610 240 1781 268 constitutus

989 288 1042 317 est,
1067 291 1190 318 quaerere
1216 290 1346 320 oportet;
1374 291 1401 313 et
1429 286 1452 313 si
1474 286 1497 314 is
1527 287 1635 321 quidem
1656 286 1783 313 inventus

992 331 1086 364 fuerit,
1109 339 1169 359 cum
1181 336 1253 358 esset
1267 332 1491 364 cateeltumenus,
1516 331 1608 359 fratris
1631 331 1672 359 sui
1699 331 1782 358 llliam

991 376 1019 404 in
1035 376 1201 404 matrimonii
1212 377 1371 405 societatem
1384 377 1532 412 accepisse,
1544 382 1607 412 post
1618 378 1782 412 baptismum

992 421 1020 449 in
1037 421 1139 449 clerum
1162 426 1314 455 promotus,
1327 423 1353 449 in
1381 423 1455 450 clero
1481 428 1601 455 maneat,
1632 423 1655 451 si
1686 423 1732 450 illa
1750 431 1782 449 ex

993 467 1048 494 vita
1060 467 1195 502 migrarit,
1208 471 1235 494 et
1249 472 1311 502 post
1336 468 1500 502 baptismum
1515 476 1577 496 cmn
1602 476 1633 495 ea
1648 477 1704 495 rem
1731 477 1786 496 non

995 512 1131 540 habuerit.
1157 513 1204 541 Sin
1232 519 1322 540 autem
1353 521 1415 541 cum
1441 519 1514 541 esset
1546 514 1632 541 ﬁdelis
1657 515 1782 541 eamdem

1000 557 1094 585 lratris
1109 558 1152 585 sui
1173 557 1257 585 ﬁliam
1273 558 1300 585 in
1316 559 1484 586 matrimonii
1508 559 1666 586 societatem
1693 559 1785 591 duxit,

994 603 1030 630 sit
1054 611 1069 630 a
1084 603 1157 631 clero
1177 604 1294 632 alienus.
1322 604 1382 632 Non
1398 611 1442 632 est
1461 605 1534 632 enim
1556 605 1686 640 episcopo
1700 605 1784 639 Apol-

996 646 1043 673 lini
1074 647 1262 681 prtejudicium
1292 649 1314 676 si
1343 656 1406 676 cum
1435 657 1482 684 per
1513 650 1695 685 ignorantiam
1723 657 1789 677 con—

996 692 1096 719 stituit.

1032 737 1059 765 5.
1076 737 1114 765 De
1125 738 1210 766 Jacob
1222 747 1345 774 quaerere
1358 745 1475 775 opertet.
1493 741 1522 769 Si
1533 743 1605 770 enim
1620 744 1704 770 lector
1718 748 1788 776 erat,

997 788 1024 810 et
1038 784 1146 811 crimini
1167 784 1357 813 fornicationis
1383 787 1468 814 lui~se
1487 795 1550 815 cum
1571 789 1720 816 obnoxiqu
1744 797 1789 816 os-

999 832 1104 855 tensuttl
1121 829 1165 861 sit,
1188 833 1215 856 et
1235 837 1250 856 a
1268 831 1432 866 presbyteris
1451 832 1488 859 sit
1510 833 1621 866 eiectus,
1638 834 1736 860 deinde
1766 835 1790 861 is

154 882 232 915 οἶτος
247 883 434 914 ἐκϐαλλὲσθω,
461 881 592 917 ἀκριϐοῦς
617 880 766 913 ἐξετάσεως
782 879 940 914 γινομένης,

1009 878 1033 901 st
1059 875 1220 907 ordinatus,
1249 876 1393 910 ejiciatur,
1423 883 1549 905 accurata
1587 879 1791 908 examinatione

156 929 203 955 aut
218 928 255 964 μὴ
271 928 349 962 μόνον
367 928 400 953 ἐκ
414 927 588 962 ψιθυρισμῶν
606 926 622 961 ἢ
636 925 806 958 κακολογιῶν
824 924 942 958 ὑποψίας

155 976 195 1006 εἰς
204 974 284 1001 αὐτὸν
297 974 456 1008 γενομένης,
480 973 510 999 Εἰ
524 973 551 999 δὲ
569 972 606 1007 μὴ
631 971 755 1007 εὑρεθείη
780 970 942 1003 ὑπεύθυνος,

155 1020 262 1055 μενέτω
279 1019 307 1044 ἐν
320 1018 359 1053 τῷ
376 1018 469 1052 κλήρῳ
480 1025 487 1031 ·
504 1017 535 1044 οὑ
548 1017 601 1052 γὰρ
614 1016 655 1043 δεῖ
668 1017 727 1047 ταῖς
743 1014 871 1051 ματαίαις
885 1014 945 1040 δια-

154 1063 248 1094 ίολαῖς
260 1063 413 1097 προσέχειν.

193 1112 227 1144 η’.
256 1108 364 1143 Ἐπειδὴ
387 1108 474 1143 Ἰέραξ
488 1108 562 1134 τόνδε
581 1108 681 1134 ὡσανεὶ
696 1108 742 1134 ἐπὶ
757 1107 867 1142 πορνεία
886 1108 946 1133 δια-

155 1151 331 1185 ϐαλλόμενον,
348 1151 397 1177 οὐκ
412 1151 530 1185 ὀφείλειν
554 1152 583 1177 ἑν
598 1151 636 1186 τῷ
660 1152 753 1187 κλήρῳ
775 1150 856 1184 εἶναι,
886 1153 899 1178 ὁ
918 1151 947 1177 δὲ

158 1196 306 1227 ἐπίσκοπος
342 1196 478 1224 Ἀπόλλων
504 1197 705 1231 διῐσχυρίσατο,
737 1197 767 1223 τὸ
796 1197 948 1232 τηνικαῦτα

160 1244 262 1278 μηδένα
277 1243 429 1278 κατήγορον
451 1244 479 1269 ὲν
501 1243 575 1278 μέσῳ
587 1243 744 1277 ἐληλυθέναι
770 1244 829 1270 κατ’
854 1243 946 1274 αὑτοῦ,

158 1289 326 1321 ἐξεταζέσθω
348 1290 395 1315 καὶ
414 1286 502 1320 οὗτος,
531 1290 585 1316 Καὶ
613 1291 638 1315 εί
657 1289 706 1324 μὲν
736 1291 888 1325 κατήγορός
907 1298 949 1321 τις

160 1335 312 1369 ἀναφύεται
339 1336 457 1367 πίσῑεως
482 1335 566 1368 ἄξιος,
591 1336 638 1362 καὶ
669 1335 699 1362 τὸ
725 1335 851 1370 ἔγκλημα
882 1337 950 1362 ἀπο-

160 1381 322 1414 δείκνυνται,
353 1382 509 1417 φερομένων
530 1381 675 1417 μαρτύρων
701 1382 881 1414 ἀξιοπίστων,
902 1382 950 1417 τῆς

161 1426 308 1461 ἐκκλησίας
324 1427 497 1454 ὲκϐαλλέσθω
507 1435 514 1442 ·
526 1428 550 1453 εἰ
563 1427 590 1454 δὲ
605 1427 652 1454 τοῦ
673 1427 774 1463 κλήρου
793 1428 866 1459 ἄξιός
881 1429 949 1459 ἐστι,

162 1472 210 1497 καὶ
242 1471 288 1497 ἐπὶ
328 1471 490 1508 σωφροσύνῃ
525 1474 724 1508 μαρτυρεῖται,
765 1473 871 1508 μενέτω
916 1473 946 1500 ὲν

163 1516 259 1552 τούτῳ.

341 1561 408 1590 Klt’.
425 1577 461 1582 —
478 1562 547 1597 Περὶ
564 1562 616 1596 τῆς
640 1563 758 1597 ἡλικίας
774 1562 834 1590 τῶν
855 1571 951 1598 χείρω-ι
964 1541 987 1571 c

163 1607 352 1642 τονουμένων
370 1607 503 1642 ὰρῤἑνων
525 1608 575 1635 καὶ
588 1608 725 1643 θηλειῶν.

270 1654 405 1681 Συνόδου
429 1655 661 1688 Νεοκαισαρεῖιις
678 1654 779 1682 κανὼν
801 1657 846 1682 ια’.

200 1699 244 1726 ια’.
259 1700 396 1735 Πρεσϐύτε
402 1708 446 1735 ρος
457 1700 509 1735 πρὸ
520 1701 574 1727 τῶν
582 1700 603 1726 λ’
611 1701 678 1727 ἑτῶν
688 1701 726 1736 μὴ
738 1700 950 1736 χειροτονείσθω,

166 1745 213 1771 ἐὰν
239 1746 286 1771 καὶ
308 1745 378 1772 πάνυ
408 1745 451 1781 εἴη
479 1746 493 1771 ὁ
522 1745 664 1780 ἄνθρωπος
695 1745 779 1779 ἄξιος,
805 1746 863 1772 ἀλλ’
882 1747 951 1773 ἀπο-

165 1791 311 1826 τηρείσϐω.
338 1791 368 1817 ’0
382 1791 436 1826 γὰρ
454 1791 555 1826 Κύριος
578 1790 683 1826 Ἰησοῦς
711 1791 828 1826 Χριστὸς
855 1792 885 1818 ἐν
913 1791 954 1828 τῷ

165 1837 318 1872 τριακοστῷ
335 1837 390 1863 ἔτει
403 1837 541 1872 ἐφωτίσθη
559 1838 607 1864 καὶ
621 1838 722 1873 ήρξατο
735 1838 882 1865 διδάσκειν.

305 1883 440 1910 Συγόδυυ
451 1883 646 1917 Χαλκηδόνος
662 1883 762 1910 κανὼν
774 1887 814 1911 ιε’.

204 1932 245 1955 ιε’.
254 1929 433 1956 Διακόνισσαν
441 1929 478 1964 μὴ
486 1929 696 1964 χειροτονεῖσθαι
702 1931 819 1962 γυναῖκα
826 1929 880 1964 πρὸ
887 1929 955 1957 ἑτῶν

166 1974 380 2009 τεσσαράκοντα,
395 1974 442 2000 καὶ
451 1974 553 2009 ταύτην
565 1974 632 2009 μετὰ
643 1974 773 2009 ἀκριϐοῦς
784 1974 954 2010 δοκιμασίας.

168 2019 200 2045 Εἰ
218 2019 246 2045 δὲ
266 2027 297 2053 γε
312 2019 444 2055 δεξαμένη
458 2019 507 2054 τὴν
521 2019 704 2055 χειροθεσίαν,
725 2020 772 2046 καὶ
786 2020 882 2055 χρόνον
897 2020 957 2048 τινὰ

167 2065 362 2100 παραμείνασα
387 2067 419 2101 τῇ
450 2065 617 2101 λειτουγρίᾳ,
639 2065 736 2101 ἑαυτὴν
753 2065 837 2101 ἐπιδῷ
863 2066 955 2101 γάμῳ,

168 2110 305 2146 ὑϐρίσασα
320 2111 370 2146 τὴν
395 2111 441 2137 τοῦ
463 2111 529 2137 Θεοῦ
548 2112 639 2146 χάριν,
655 2112 672 2147 ή
693 2111 804 2147 τοιαύτη
820 2112 958 2148 ἀναθεμα-

168 2156 284 2188 τιςέσθω
303 2157 371 2192 μετὰ
393 2156 440 2183 τοῦ
465 2157 533 2192 αὐτῇ
559 2156 750 2192 συναφθέντος.

277 2268 413 2297 Συνόδου
434 2270 642 2304 Καρθαγέννης
669 2269 770 2297 κανὼν
802 2270 850 2302 ις’.

206 2315 295 2342 Ὥστε
328 2315 445 2349 μηδένα
478 2315 648 2342 ἐπίσκοπον
673 2316 692 2350 ἢ
718 2317 920 2350 πρεσϐύτερον
938 2317 958 2351 ἣ

169 2360 311 2388 διάκονον
337 2361 469 2396 ἐκληψίν
496 2369 563 2387 τινα
588 2361 753 2395 λαμϐάνειν
767 2369 774 2377 ·
803 2363 853 2388 καὶ
883 2362 960 2389 ὣστε

170 2406 241 2439 τοὺς
270 2405 463 2440 ἀναγνώστας
489 2406 615 2440 γαμετὰς
634 2405 799 2440 λαμϐάνειν
812 2414 819 2421 ·
840 2407 888 2433 καὶ
911 2407 962 2434 ἵνα

170 2451 198 2478 οι
222 2451 358 2485 κληρικοί
391 2450 542 2485 γυναικῶν
572 2450 622 2477 καὶ
648 2452 744 2478 τόκων
764 2451 932 2486 ἀπέχωνται
950 2460 958 2468 '

995 918 1085 952 facta;
1102 927 1156 946 non
1181 926 1270 948 autem
1293 930 1325 948 ex
1349 923 1470 950 susurris
1490 924 1532 950 vel
1557 925 1706 952 maledictis
1731 931 1790 952 orta

996 963 1021 990 in
1040 971 1101 991 eum
1118 965 1284 999 suspicione.
1309 968 1356 993 Sin
1371 973 1462 995 autent
1489 976 1543 995 non
1563 969 1645 996 fuerit
1665 971 1791 998 inventus

995 1009 1105 1036 crimini
1138 1010 1285 1043 obnoxius,
1306 1017 1415 1039 tuaneat
1430 1013 1456 1039 in
1480 1014 1580 1041 clero:
1605 1022 1694 1048 neque
1717 1015 1790 1043 enim

997 1054 1073 1080 Vanis
1090 1055 1235 1082 calumniis
1245 1056 1367 1083 animum
1381 1057 1510 1085 adbibere
1526 1064 1640 1092 oportet.

1033 1099 1060 1127 ιζ.
1081 1099 1216 1132 Quoniam
1235 1100 1333 1128 Hierax
1353 1101 1419 1129 dicit
1442 1103 1585 1137 quemdam
1608 1111 1662 1131 non
1695 1104 1794 1133 debere

997 1152 1058 1172 esse
1077 1146 1104 1172 in
1129 1146 1211 1179 elcro,
1234 1153 1264 1174 ut
1285 1148 1332 1182 qui
1359 1149 1395 1175 sit
1411 1148 1601 1177 fornicationis
1626 1157 1792 1186 accusatus;

997 1191 1094 1226 Apollo
1123 1198 1215 1220 autent
1246 1194 1390 1229 episcopus
1424 1199 1488 1222 tunc
1517 1196 1660 1224 aillrmavit
1690 1198 1793 1225 nullum

999 1243 1185 1266 accusatorem
1202 1240 1334 1268 adversus
1345 1249 1407 1268 eum
1425 1242 1451 1268 in
1475 1243 1593 1269 medium
1614 1245 1794 1277 processisse,

1001 1285 1045 1311 hic
1057 1293 1166 1319 quoque
1181 1286 1352 1314 examinetur
1366 1295 1372 1319 ;
1389 1292 1417 1314 et
1428 1288 1449 1314 si
1468 1288 1567 1322 aliquis
1589 1290 1698 1324 quidem
1712 1298 1795 1318 accu-

1001 1335 1076 1357 sator
1092 1331 1143 1358 litle
1154 1332 1254 1366 dignus
1272 1333 1408 1364 exoritur,
1434 1338 1461 1360 et
1473 1334 1575 1361 eritnen
1590 1336 1720 1368 probatur
1734 1344 1797 1371 pro-

1001 1374 1089 1402 ductis
1116 1376 1168 1402 lide
1190 1376 1278 1411 dignis
1306 1378 1431 1411 testibus,
1447 1379 1562 1407 ecclesia
1584 1379 1638 1414 95
1654 1381 1794 1416 ejiciatur;

1003 1421 1044 1447 sin
1063 1426 1153 1448 autem
1169 1423 1268 1457 dignus
1296 1427 1338 1450 est
1355 1424 1439 1457 clero,
1452 1429 1479 1451 et
1501 1425 1536 1452 de
1550 1425 1610 1460 ejus
1628 1427 1796 1455 continentia

1005 1467 1192 1494 testimonium
1208 1468 1320 1500 feratur,
1337 1469 1363 1495 in
1379 1476 1412 1496 co
1426 1474 1546 1498 maneat.

1037 1574 1113 1602 CAP.
1150 1575 1270 1603 XXVIII.
1297 1591 1332 1596 -
1351 1577 1387 1604 De
1423 1578 1632 1605 ordinandarum
1663 1580 1798 1616 utriusque

1002 1629 1079 1648 εεπιιε
1095 1627 1182 1648 aetate.

1142 1666 1254 1695 Concilit'
1272 1667 1498 1696 Neoca'mriemia
1516 1678 1598 1698 canon
1618 1671 1660 1698 ll.

1040 1712 1083 1740 Η.
1098 1713 1243 1749 Presbyter
1261 1714 1281 1729 ¹³
1310 1719 1372 1742 ante
1388 1715 1498 1750 triginta
1513 1724 1600 1743 annos
1617 1724 1670 1744 non
1687 1717 1798 1745 ordine-

1005 1762 1060 1792 tur,
1077 1759 1183 1786 etiamsi
1201 1759 1283 1786 fuerit
1311 1761 1393 1787 homo
1411 1761 1492 1789 valde
1515 1762 1622 1797 dignus,
1638 1763 1685 1790 sed
1707 1771 1796 1790 reser-

1004 1811 1091 1832 vetur.
1117 1804 1251 1835 Dominus
1265 1806 1337 1832 enim
1361 1806 1439 1835 Jcsus
1459 1806 1586 1836 Christus
1607 1808 1635 1835 in
1661 1809 1800 1837 tricesimo

1004 1858 1074 1879 anno
1087 1851 1240 1886 baptizatus
1252 1857 1293 1879 est
1308 1852 1340 1885 ",
1358 1858 1385 1880 et
1399 1854 1483 1888 erepit
1498 1854 1608 1882 docere.

1154 1896 1266 1923 Concilii
1277 1895 1496 1925 Chalcedonensis
1512 1907 1597 1926 canon
1615 1899 1659 1927 15.

1044 1941 1087 1970 l5.
1104 1942 1290 1970 Diaeonissam
1306 1951 1359 1970 non
1383 1951 1444 1972 esse
1463 1945 1601 1972 mulierem
1623 1946 1800 1974 ordinandam

1007 1992 1070 2015 ante
1083 1996 1185 2016 annum
1203 1989 1454 2024 quadragesimum,
1471 1995 1498 2017 et
1512 1998 1573 2017 eam
1593 1998 1657 2018 eum
1671 1997 1801 2019 accurata

1006 2034 1222 2062 examinatione.
1243 2034 1272 2061 Si
1288 2039 1378 2062 autem
1393 2041 1537 2070 postquam
1551 2036 1721 2063 ordinatione
1737 2045 1800 2064 sus—

1009 2085 1087 2115 cepta
1104 2079 1257 2107 ministerio
1275 2079 1367 2114 aliquo
1393 2084 1516 2114 tempore
1538 2082 1700 2116 permansit,
1730 2082 1802 2116 seip-

1009 2131 1067 2151 sam
1082 2124 1258 2151 matrimonio
1273 2124 1425 2156 tradiderit,
1441 2125 1488 2152 Dei
1501 2125 1596 2160 gratia;
1617 2125 1746 2160 injuriam
1763 2126 1803 2152 {a-

1009 2169 1095 2202 ciens,
1109 2178 1140 2197 ea
1157 2177 1210 2197 una
1218 2177 1280 2198 eum
1294 2170 1342 2198 illo
1355 2171 1402 2205 qui
1414 2169 1439 2197 ei
1453 2171 1617 2206 conjunctus
1627 2174 1680 2204 est,
1690 2171 1804 2198 anathe-

973 2209 996 2237 ί)
1011 2215 1167 2243 matizetur.

1109 2271 1222 2299 Cancilii
1239 2272 1456 2300 Chalcedonensis
1478 2273 1534 2308 (29)
1553 2281 1637 2300 canon
1658 2273 1702 2301 to.

1048 2315 1082 2343 Ut
1094 2317 1183 2344 nullus
1199 2318 1346 2352 episcopus,
1365 2319 1508 2354 presbyter,
1523 2323 1548 2345 et
1561 2319 1689 2346 diaconus
1708 2321 1805 2347 condn-

1013 2365 1070 2388 τιον
1082 2363 1202 2395 exsistat,
1213 2369 1236 2390 et
1248 2368 1276 2390 ut
1292 2364 1400 2391 lectore!
1411 2372 1505 2391 uxores
1517 2365 1660 2400 accipiant,
1675 2371 1698 2393 et
1716 2366 1804 2394 clerici

1014 2408 1163 2436 abstineant
1177 2409 1210 2436 ab
1221 2411 1309 2437 usuris
1319 2418 1329 2437 :
1343 2416 1367 2438 et
1380 2419 1430 2446 qua
1446 2415 1559 2446 tempore
1571 2411 1609 2438 vel
1624 2413 1684 2446 ipsi,
1697 2413 1734 2440 rel
1750 2414 1805 2439 vir-

1012 2454 1085 2488 ginea
1099 2460 1294 2488 consecuntur,
1309 2460 1334 2482 et
1350 2455 1382 2483 de
1394 2464 1446 2483 non
1461 2457 1604 2483 salutando
1614 2458 1719 2492 populo.

171 2498 220 2524 καὶ
247 2497 321 2530 ποίῳ
340 2496 386 2524 δεῖ
403 2496 493 2531 καιρῷ
518 2497 537 2532 ἢ
551 2497 660 2530 αὐτοὺς
683 2497 702 2532 ἢ
725 2497 780 2530 τὰς
799 2497 966 2532 παρθένους
985 2500 1192 2533 καθιεροῦσθαι
1210 2501 1276 2529 ’καὶ
1308 2502 1443 2536 περὶτοῦ
1469 2503 1513 2537 μὴ
1539 2503 1724 2538 προσκυνεῖν
1752 2504 1806 2530 τὸν

223 2554 278 2572 ιον.

223 2554 231 2571 ι
271 2565 278 2572 .

171 2548 389 2626 δηΐςῗῇομοίως
402 2591 499 2626 ἤρεσεν
510 2591 553 2617 ἵνα
567 2591 710 2618 ἐπίσκοποι
721 2591 768 2618 καὶ
780 2591 959 2627 πρεσϐύτεροι

172 2638 220 2664 καὶ
235 2637 362 2670 διάκονοι,
386 2638 555 2672 ικλήπτορες
571 2637 609 2672 μὴ
630 2637 757 2672 γίνωνται
772 2638 789 2672 ἢ
802 2637 958 2673 προκουρά-

1049 2591 1092 2618 is.
1118 2591 1182 2619 Item
1198 2593 1220 2608 "
1244 2593 1360 2628 placuit.
1375 2599 1406 2621 ut
1431 2594 1562 2629 episcopi,
1597 2594 1758 2630 presbyteri,
1780 2597 1806 2621 rt

1013 2638 1120 2666 diaconi
1147 2646 1201 2666 non
1230 2639 1286 2667 sint
1309 2639 1492 2668 conductores
1519 2644 1566 2668 aut
1595 2643 1802 2675 procuratores,

211 2738 234 2754 "
252 2737 376 2765 Distinet.
388 2737 433 2764 78.
473 2737 495 2752 “
513 2736 579 2763 Luc.
596 2744 636 2769 ιιι,
649 2736 694 2764 25.
733 2736 754 2752 ¹³
770 2735 898 2772 Cartltag.
914 2743 945 2768 ιι,
958 2744 1019 2772 cap.
1039 2737 1081 2765 l5.

904 2791 1020 2820 NOT/E.

211 2850 268 2886 (29)
295 2849 451 2879 Ferrandus
474 2858 535 2886 cap.
567 2850 610 2884 70,
640 2857 674 2878 cx
709 2850 807 2878 concil.
832 2849 962 2885 Cartltag.
981 2850 1024 2878 tit.
1047 2851 1093 2878 24.
