1951 3081
199 166 252 199 551

781 164 912 198 ΡΗΟἸΊΙ
938 162 1188 198 ΡΑΤΒῙΛΒΩΠΑΞ
1205 162 1260 196 CP.

1774 164 1825 198 ιιι

197 227 286 255 neque
299 219 356 248 ullo
368 218 441 254 turpl
457 219 566 255 negotio
577 223 605 248 et
620 219 765 248 inhonesto
779 222 880 248 victum
907 228 978 255 quae-

1036 227 1120 254 τορες,
1135 219 1202 255 μηδὲ
1229 219 1261 245 ἐκ
1280 227 1354 251 τινος
1367 218 1482 255 αἰσχροῦ
1507 220 1523 255 ἢ
1548 219 1648 255 ἀτίμου
1662 221 1825 256 πράγματος

197 270 270 298 rant,
285 266 349 300 quia
363 265 500 300 respicere
518 266 620 293 debent
635 267 766 300 scriptum
791 274 867 293 esse:
882 265 982 292 Nullus

198 312 317 338 militans
354 311 408 337 Deo
432 311 552 345 implicat
577 319 603 338 se
626 312 735 345 negotiis
759 312 929 339 swcularibus
948 312 980 338 ¹⁶.

195 357 262 384 Item
281 357 301 372 ”
318 357 422 390 (47450)
433 357 570 391 placuitut
587 357 700 384 lectores
711 365 772 384 cum
785 358 818 384 ad
833 365 920 385 annos
933 365 982 392 pu-

196 402 309 428 bertatis
323 401 378 436 96
392 401 575 435 pervenerim,
602 405 736 436 cogantur
756 406 804 428 aut
819 408 916 428 uxores
931 401 982 427 du-

195 455 266 479 cere,
282 452 329 474 aut
353 448 549 475 continentiam
575 448 706 482 proﬁteri.
734 448 797 474 ltetn
822 447 933 482 placuit,
951 451 982 474 ut

194 493 321 522 clericus.
341 493 363 520 si
382 493 597 520 commodaverit
617 493 762 527 pecuniam
775 493 892 527 accipiat
910 492 977 527 ('51),

195 539 217 566 si
234 538 351 573 speciem
368 543 498 572 quantam
515 539 620 565 dederit
632 539 766 572 accipiat:
785 543 813 565 ct
825 542 854 565 ut
865 543 929 565 ante
944 538 980 564 25

193 592 280 611 annos
305 584 392 611 anatis
414 584 436 600 "
454 591 504 611 nec
525 584 633 611 diaconi
657 584 819 611 ordinentur
836 583 904 618 ('52),
922 584 981 616 {nec

193 631 311 665 virgines
325 631 381 666 (33)
400 635 614 658 consecrentur:
634 635 662 658 et
673 636 702 657 ut
719 631 836 658 lectores
848 630 978 665 populum

193 683 245 703 non
263 677 392 704 salutent.

279 721 392 749 Concilii
411 722 564 750 tecumenict'
583 730 610 749 Vl
622 730 744 755 canones,
758 722 801 755 14,
823 723 868 750 15.

228 769 272 795 14.
293 769 455 795 Sanctorum
469 769 679 803 divinorumque
692 768 802 796 Patrum
819 774 977 796 nostrorum

191 822 278 842 canon
301 815 328 841 in
344 815 387 842 bis
402 822 511 850 quoque
530 815 628 847 valeat,
647 820 676 842 ut
696 815 837 850 presbyter
852 820 913 842 ante
930 815 979 842 tri-

191 861 267 895 ginta
293 867 381 887 annos
407 868 460 886 non
483 860 635 891 ordinetur,
663 859 744 886 etiam
772 860 795 886 si
828 860 862 886 sit
895 860 976 887 homo

191 906 270 932 valde
289 905 399 940 dignus,
416 905 462 932 sed
479 909 643 932 reservetur.
660 904 792 931 Dominus
809 905 881 931 enini
896 903 975 932 Jesus
990 899 1014 928 Β

190 951 316 978 Christus
338 951 477 978 tricesimo
500 958 572 977 anno
589 950 743 985 baptizatus
771 954 823 982 est,
846 955 872 977 et
896 951 978 984 cmpit

189 997 296 1025 docere.
321 997 452 1024 Similiter
469 1004 520 1024 nec
544 997 678 1024 diaconus
696 1001 759 1024 ante
780 997 874 1032 viginti
894 998 978 1030 quin-

189 1048 242 1075 que
257 1048 354 1073 annos,
379 1049 429 1068 nec
443 1040 599 1068 diaconissa
614 1046 678 1068 ante
691 1040 871 1075 quadraginta
891 1039 984 1067 annos'

190 1087 341 1114 ordinetur.

224 1132 268 1159 15.
294 1132 484 1160 Subdiaconus
506 1139 541 1160 ne
567 1131 657 1160 minor
683 1131 778 1167 viginti
802 1132 882 1159 annis
904 1132 978 1159 ordi-

190 1183 277 1206 nctur.
299 1178 325 1204 Si
345 1178 406 1212 quis
433 1182 523 1205 autem
548 1178 574 1204 in
590 1178 688 1212 quovis
715 1178 862 1205 sacerdotii
891 1178 977 1213 gradu

190 1229 288 1259 prmler
309 1225 440 1259 praeﬁnita
464 1229 587 1259 tempora
611 1224 753 1252 ordinatus
773 1224 871 1257 fuerit,
892 1224 977 1260 depo-

190 1275 279 1297 natur.

227 1327 336 1355 Tenus.
358 1327 453 1355 Const.
471 1327 498 1360 9,
522 1328 564 1355 tit.
580 1327 606 1360 1,
627 1327 675 1355 lib.
690 1336 710 1361 ι,
726 1328 788 1355 cod.
804 1335 857 1355 non
877 1333 976 1356 conce-

189 1372 230 1400 dit
240 1372 423 1400 diaconlssam
439 1373 507 1405 ﬁeri,
521 1381 582 1408 quae
597 1373 794 1408 sexagesimum
809 1381 910 1401 annum
923 1381 976 1401 non

191 1418 338 1451 superavit.
356 1417 474 1445 Constit.
487 1425 550 1445 vero
564 1418 591 1450 1,
606 1419 648 1445 tit.
662 1419 688 1451 1,
707 1418 882 1446 Novellarum
899 1419 975 1452 dicit,

191 1464 270 1499 [satis
282 1471 352 1497 esse,
369 1463 404 1500 si]
417 1464 612 1499 quinquaginta
627 1471 761 1491 annorum
779 1465 822 1492 sit.
837 1465 869 1491 Et
881 1465 903 1492 si
916 1472 978 1499 pro-

191 1514 250 1543 pter
272 1508 454 1535 necessariam
475 1508 593 1542 aliquam
615 1515 727 1536 causam
755 1508 806 1535 bac
822 1512 901 1535 aetate
915 1507 977 1543 [ali-

192 1554 256 1590 qua]
277 1555 364 1581 minor
380 1554 505 1581 ordinata
521 1554 613 1587 fuerit,
628 1553 725 1590 [illam]
744 1554 770 1581 in
782 1554 976 1582 monasterium
991 1571 1013 1599 ο

191 1601 298 1628 detrudi
311 1601 378 1633 vult,
398 1601 424 1627 in
440 1608 494 1635 quo
514 1600 565 1628 viri
583 1600 778 1627 commercium
797 1607 850 1625 non
866 1598 976 1631 habent,

192 1655 242 1674 nec
262 1647 344 1674 libera
359 1647 466 1673 vivendi
484 1646 552 1673 ratio
570 1650 620 1672 est.
637 1645 736 1672 Verum
753 1649 840 1672 const.
866 1643 884 1670 2
906 1643 980 1679 ejus-

192 1694 252 1721 dem
269 1693 311 1720 tit.
336 1692 458 1720 ecclesia:
477 1690 662 1719 diaconissam
681 1690 738 1717 ﬁeri
762 1697 816 1717 non
836 1689 904 1720 vult,
919 1697 980 1724 qua:

192 1739 371 1774 quadraginta
387 1738 468 1765 annis
495 1738 584 1764 minor
603 1736 648 1764 sit.
666 1736 765 1763 Eadem
790 1743 872 1770 porro
887 1738 978 1764 const.

192 1785 256 1812 ait:
291 1783 476 1811 Ordinanduni
505 1783 693 1817 presbyterum
719 1789 772 1808 non
797 1781 895 1808 debere
919 1788 980 1808 esse

193 1831 326 1858 minorem
347 1830 427 1857 annis
453 1829 582 1864 triginta,
609 1828 751 1855 diaconum
777 1827 823 1858 25.
850 1827 977 1854 lectorem

192 1876 344 1904 octodecim
361 1896 368 1908 ,
385 1875 544 1910 episcopum
560 1872 700 1910 [denique]
719 1873 829 1908 triginta
845 1872 977 1906 quinque.

193 1921 246 1948 Sed
266 1924 354 1948 const.
381 1921 414 1948 l7
437 1920 559 1955 ejusdem
577 1919 618 1946 tit.
646 1919 704 1946 vult
720 1923 750 1946 ut
764 1918 908 1952 episcopus
930 1917 980 1945 tri-

192 1967 327 2002 gesimum
342 1973 442 1993 annum
455 1966 615 1994 excesserit.

223 2012 277 2047 97
288 2012 366 2042 CAP.
382 2011 555 2039 XXIX—Dc
578 2011 820 2046 cliorepiscoporum
837 2011 978 2043 creatione,

191 2063 217 2085 et
245 2060 349 2093 quando
375 2066 407 2084 ac
430 2057 560 2092 quomodo
587 2057 701 2091 offerant
727 2057 766 2083 vel
781 2057 786 2091 |
801 2056 908 2082 tradant
937 2063 977 2082 res

191 2113 293 2138 sacras,
311 2109 335 2132 et
346 2112 472 2139 quoniam
486 2112 518 2131 ea:
526 2104 562 2130 eis
578 2103 702 2130 ordinare
715 2103 793 2130 liceat
806 2110 851 2129 nec
865 2110 906 2129 ne.

369 2150 482 2177 Concilii
497 2150 632 2185 Ancyrani
649 2157 733 2175 canon
749 2149 795 2175 15.

227 2197 273 2225 15.
289 2194 574 2230 Chorepiscopos'non
588 2194 669 2220 licere
683 2193 855 2227 presbyteros
865 2192 908 2220 vel
919 2192 978 2219 dia-

193 2251 280 2272 conos
298 2243 437 2273 ordinare,
463 2241 511 2268 sed
530 2247 618 2274 neque
638 2239 714 2266 urbis
731 2238 914 2273 presbyteros,
930 2239 978 2266 nisi

1036 2238 1129 2271 κόνους
1156 2243 1320 2276 χειροτονεῖν
1345 2249 1353 2258 '

193 2297 255 2317 eum
273 2288 372 2316 litteris
380 2288 414 2315 ab
425 2287 553 2322 episcopo
563 2286 728 2321 permissum
743 2284 835 2316 fuerit,
851 2284 877 2311 in
890 2284 978 2313 aliena

193 2334 332 2369 parocliia.

335 2390 448 2418 Concilii
459 2389 680 2417 Neocmariensis
695 2397 780 2416 canon
793 2389 837 2417 13.

229 2438 274 2464 13.
291 2436 392 2464 Vicarii
406 2441 497 2464 autem
519 2435 671 2471 presbyteri
689 2442 744 2462 non
761 2439 877 2469 possunt
892 2434 919 2461 in
932 2433 982 2461 do—

192 2484 294 2511 minico
313 2482 412 2510 oiIerre
429 2485 562 2517 praesente
575 2481 714 2515 episcopo,
725 2480 767 2508 vel
779 2480 854 2507 urbis
869 2479 982 2514 presby-

1032 264 1135 300 τροφὴν
1149 264 1322 299 πορίζωνται.
1341 265 1492 300 Ὀφείλουσι
1505 265 1560 301 γὰρ
1570 265 1724 300 ἀποϐλέψαι
1739 267 1778 298 εις
1795 267 1826 293 τὸ

1032 309 1234 344 γεγραμμένον·
1275 309 1381 342 Οὐδεὶς
1412 311 1652 344 στρατευόμενος
1679 309 1720 342 τῷ
1753 311 1824 343 Θεῷ,

1031 355 1173 388 ἐμπλέκει
1203 355 1312 382 ἑαυτὸν
1336 355 1488 390 πράγμασι
1518 355 1691 390 κοσμικοῖςο
1727 357 1825 391 ἤρεσεν

1031 401 1101 427 ὥστε
1115 402 1178 433 τοὺς
1190 401 1377 434 ἀναγνώστας,
1406 402 1446 433 εἰς
1476 401 1522 427 τὸν
1555 402 1649 436 καιρὺν
1672 401 1722 436 τῆς
1753 402 1824 436 ἥϐης

1032 446 1197 481 ἐρχομένους
1227 446 1428 480 ἀναγκάζεσθαι
1457 447 1473 482 ἢ
1499 448 1629 482 συμϐίους
1660 448 1822 481 ἀγαγέσθαι,

1030 493 1047 527 ἢ
1067 493 1231 528 ἐγκράτειαν
1251 494 1404 527 ὁμολογεῖν.
1437 495 1552 529 Ὁμοίως
1581 495 1680 530 ἤρεσεν
1695 494 1739 520 ἵνα
1754 495 1822 529 κλη-

1031 539 1115 574 ρικὺς,
1128 539 1174 565 ὲὰν
1191 540 1320 574 χρήματα
1330 540 1367 574 δῷ
1383 541 1412 566 ὲν
1421 540 1527 575 χρήσει,
1541 540 1574 566 τὰ
1585 542 1713 575 χρήματα
1728 540 1798 575 λάϐῃ
1814 549 1822 556 ·

1030 585 1076 611 ἐὰν
1094 585 1122 611 δὲ
1142 583 1220 617 εἶδος,
1232 586 1294 612 ὅσον
1309 586 1407 612 δέδωκε
1421 586 1492 620 λάϐῃ
1504 606 1512 618 ,
1530 586 1578 612 καὶ
1594 586 1636 612 ἴνα
1650 584 1703 620 πρὸ
1714 586 1769 612 τῶν
1785 589 1823 612 κε’

1029 631 1170 664 ἐνιαυτῶν,
1184 632 1253 666 μήτε
1274 632 1391 658 διάκονοι
1409 633 1615 666 χειροτονῶνται
1627 640 1634 647 ·
1650 632 1718 659 ἀλλὰ
1733 633 1781 659 κα)⁸
1798 633 1824 659 οἱ

1029 676 1199 709 ἀναγνῶσται
1214 676 1259 703 τδν
1273 677 1358 712 δῆμον
1383 678 1420 712 μὴ
1437 677 1640 712 προσκυνῶσιν.

1081 732 1216 759 Συνόδου
1230 733 1438 768 οἰκουμενικῆς
1452 734 1542 767 ἕκτης
1557 734 1657 760 κανὼν
1672 734 1711 765 ιδ’,
1728 734 1769 762 ιε’,

1064 776 1104 802 ιδ’.
1126 777 1155 803 Ὀ
1171 778 1225 804 τῶν
1248 778 1334 812 ἁγίων
1359 779 1406 805 καὶ
1437 779 1574 814 θεοφόρων
1599 780 1676 814 ἡμῶν
1693 781 1823 815 Πατέρων

1027 822 1164 857 κρατείτω
1182 823 1271 849 κανὼν
1287 825 1334 850 καὶ
1358 825 1387 851 ὲν
1416 825 1512 860 τούτῳ,
1532 824 1602 851 ὥστε
1633 825 1819 861 πρεσϐύτερον

1027 866 1081 902 πρὸ
1099 868 1120 894 λ’
1137 869 1204 895 ἐτῶν
1223 869 1259 904 μὴ
1274 870 1495 904 χειροτονεῖσθαι,
1523 871 1573 897 κᾶν
1590 871 1661 897 πάνυ
1719 872 1793 903 ἄξιος
1807 873 1822 898 ὁ

1028 914 1191 949 ἄνθρωπος,
1228 915 1285 941 ἀλλ’
1322 916 1532 950 ἀποτηρεῖσθαι,
1573 915 1603 942 Ὀ
1623 916 1678 951 γὰρ
1719 917 1822 952 Κύριος

1036 956 1141 995 Ὶησοῦς
1155 961 1270 995 Χριστὸς
1298 963 1327 988 ὲν
1341 962 1380 997 τῷ
1408 963 1561 998 τριακοστῷ
1584 963 1638 990 ἔτει
1658 963 1821 998 ἐϐαπτίσθη,

1028 1004 1075 1030 καὶ
1097 1004 1199 1040 ἤρξατο
1225 1005 1361 1033 διδάσκειν
1374 1015 1382 1022 ·
1399 1007 1499 1042 ὁμοίως
1531 1009 1599 1042 μήτε
1627 1008 1749 1035 διάκονον
1767 1008 1822 1042 πρὸ

1027 1049 1081 1076 τῶν
1099 1053 1136 1076 κε’
1152 1051 1239 1084 ἐτῶν,
1270 1052 1287 1087 ἢ
1315 1052 1487 1079 διακόνισσαν
1513 1053 1566 1089 πρὸ
1581 1053 1635 1080 τῶν
1664 1056 1690 1088 μ’
1713 1054 1821 1089 χρόνων

1028 1096 1247 1130 χειροτονείσοω.

1065 1141 1105 1168 ιε’.
1125 1141 1318 1174 ’Υποδιάκονος
1332 1143 1369 1178 μὴ
1386 1145 1474 1179 ἥττων
1491 1145 1546 1170 τῶν
1563 1148 1602 1171 κε’
1616 1144 1822 1180 χειροτονείσθω

1028 1185 1170 1213 ἐνιαυτῶν.
1185 1188 1216 1213 Εἰ
1239 1188 1267 1214 δέ
1294 1195 1335 1220 τις
1351 1189 1404 1215 τῶν
1419 1190 1447 1216 ἐν
1466 1189 1557 1225 οῑᾳοῦν
1586 1190 1709 1225 ίερατικῇ
1738 1197 1823 1216 κατα-

1031 1232 1125 1258 στάσει
1143 1233 1218 1268 παρὰ
1231 1233 1293 1265 τοὺς
1304 1235 1462 1270 ὀρισθέντας
1477 1236 1678 1271 χειροτονηθείη
1697 1235 1820 1271 χρόνους.

1029 1276 1224 1312 καθαιρείσθω.

1071 1323 1103 1349 '11
1119 1323 1141 1349 0'
1158 1323 1279 1357 διάταξις
1292 1325 1338 1352 τοῦ
1353 1325 1378 1352 α’
1391 1327 1443 1353 τίτ.
1459 1326 1506 1353 τοῦ
1524 1329 1548 1354 α’
1563 1326 1635 1362 βιϐλ.
1653 1328 1701 1354 τοῦ
1713 1329 1778 1356 κώδ.
1791 1330 1822 1356 οὐ

1029 1371 1166 1404 συγχωρεῖ
1179 1370 1301 1404 γίνεσθαι
1316 1371 1498 1404 διακόνισσαν,
1523 1373 1572 1408 τὴν
1594 1373 1631 1409 μὴ
1657 1374 1818 1409 ὑπερϐᾶςαν

1027 1414 1073 1441 τὸν
1087 1414 1108 1447 ξ’
1118 1415 1240 1442 ἐνιαυτόν
1254 1425 1262 1432 ·
1282 1418 1298 1452 ἡ
1312 1417 1339 1443 δὲ
1356 1418 1454 1445 α’διάτ.
1469 1419 1516 1445 τοῦ
1529 1422 1553 1445 α’
1565 1420 1617 1446 τίτ.
1628 1420 1683 1447 τῶν
1698 1422 1819 1457 νεαρῶν,

1029 1460 1098 1486 ὲτῶν
1111 1461 1196 1497 αὐτὴν
1214 1459 1283 1488 εἶναι
1298 1463 1369 1489 θέλει
1381 1467 1412 1496 v',
1425 1464 1463 1496 ὡς
1476 1465 1503 1491 ετ
1519 1474 1562 1499 γε,
1579 1465 1623 1492 διά
1640 1476 1701 1493 τινα
1725 1469 1816 1495 αἰτίαν

1029 1506 1189 1539 ἀναγκαίαν,
1208 1508 1326 1534 ἐλάττων
1342 1509 1408 1535 οὖσα
1433 1510 1535 1546 ταύτης
1555 1512 1605 1546 τῆς
1623 1512 1731 1547 ἡλικίας
1746 1515 1818 1548 ἐχει-

1031 1551 1181 1586 ροτονήθητ
1205 1552 1328 1587 βούλεται
1347 1556 1520 1590 μοναστηρίῳ
1539 1556 1720 1592 ἐμϐληθῆναι,
1741 1559 1770 1585 ἐν
1799 1552 1822 1593 ᾧ

1029 1597 1133 1632 ἀνδρῶν
1149 1598 1274 1633 ἐπιμιξία
1285 1600 1334 1626 οὐκ
1347 1600 1430 1633 ἔστιν,
1447 1600 1507 1628 οὔτε
1521 1603 1694 1636 αὑτεξούσιος
1708 1604 1798 1632 δίαιτα
1813 1611 1822 1622 ‘

1028 1643 1045 1678 ἡ
1065 1642 1115 1678 μέν
1135 1652 1177 1670 τοι
1199 1644 1221 1679 β’
1241 1645 1311 1672 διάτ.
1332 1646 1378 1671 τοῦ
1397 1647 1478 1673 αὑτοῦ
1496 1648 1549 1674 τίτ.
1573 1649 1604 1675 οὑ
1629 1648 1699 1676 ὑέλει
1727 1650 1823 1677 διακό-

1029 1696 1123 1715 νισσσιν
1136 1689 1283 1725 ἐκκλησίας
1307 1691 1440 1725 γίνεσθαι,
1461 1693 1515 1719 τῶν
1530 1698 1556 1729 μ’
1568 1695 1638 1722 ὲτῶν
1651 1696 1762 1731 ἥττονα.
1787 1696 1822 1724 Ἡ

1029 1734 1098 1769 αὑτὴ
1121 1735 1149 1761 δὲ
1179 1735 1248 1762 διάτ.
1274 1737 1350 1770 φησὶ,
1363 1737 1408 1764 τὸν
1431 1739 1667 1775 χειροτονούμενον
1699 1742 1822 1776 πρεσϐύ-

1028 1788 1106 1815 τερον
1124 1781 1160 1816 μὴ
1176 1781 1293 1816 ὀφείλειν
1311 1781 1380 1809 εἶναι
1392 1784 1490 1819 ἦττονα
1506 1785 1559 1812 τῶν
1577 1785 1600 1812 λ’
1615 1787 1694 1820 ὲτῶν,
1720 1787 1768 1814 καὶ
1781 1782 1822 1814 κε’

1028 1825 1075 1852 τὺν
1091 1826 1224 1859 διάκονον,
1241 1828 1286 1854 τὸν
1309 1828 1337 1855 δὲ
1353 1830 1529 1866 ἀναγνώστην
1557 1831 1602 1866 ιη’,
1624 1832 1670 1859 καὶ
1688 1833 1734 1859 τὸν
1760 1834 1823 1860 ἐπί-

1031 1880 1129 1899 σκοπον
1149 1873 1185 1899 λε’
1195 1882 1201 1889 ·
1218 1875 1234 1909 ή
1253 1875 1280 1901 δὲ
1293 1875 1326 1907 ιζ’
1344 1876 1414 1903 διάτ.
1434 1876 1480 1903 τοῦ
1491 1878 1574 1904 αὐτοῦ
1587 1878 1639 1906 τίτ.
1655 1878 1725 1906 ϐέλει
1740 1879 1822 1908 αὐτὸν

1030 1919 1248 1955 ὑπερϐεϐηκέναι
1266 1921 1301 1947 τὰ
1317 1921 1337 1947 λ’
1357 1922 1415 1957 ἐτη.
1612 1917 1617 1922 ’

1065 2009 1189 2038 ΚΕΦΑΛ.
1202 2011 1266 2038 ΚΘ’.
1282 2026 1317 2032 -
1332 2013 1399 2047 Περὶ
1416 2013 1563 2048 ποιήσεως
1574 2018 1818 2051 χωρεπισκόπων,

1029 2054 1077 2081 καὶ
1093 2055 1174 2087 πότε,
1197 2056 1246 2083 καί
1262 2057 1325 2091 πῶς
1335 2059 1559 2094 προσφέρουσιν
1577 2061 1596 2095 ἢ
1614 2062 1817 2098 μεταδιδόασι,

1029 2101 1078 2128 καὶ
1092 2102 1176 2135 τινας
1194 2105 1419 2137 χειροτονοῦσιν
1431 2105 1451 2140 ἢ
1467 2107 1513 2134 οὔ.

1173 2149 1308 2176 Συνόδου
1343 2151 1482 2186 Ἀγκύρας
1505 2155 1605 2182 κανὼν
1619 2159 1663 2190 ιγ’.

1066 2197 1110 2227 ιγ’.
1119 2194 1344 2230 Χωρεπισκὸποις
1358 2198 1396 2233 μὴ
1408 2198 1507 2231 ἐξεῖναι
1519 2201 1717 2238 πρεσϐυτέρους
1729 2203 1746 2239 ἢ
1758 2202 1819 2230 δια-

1381 2243 1449 2270 ἀλλὰ
1480 2245 1533 2280 μὴν
1559 2246 1627 2281 μηδὲ
1659 2247 1820 2280 ἐπισκόποις

1032 2285 1146 2318 πόλεως,
1159 2288 1244 2322 χωρὶς
1258 2288 1304 2314 τοῦ
1320 2289 1503 2325 ἐπιτραπῆναι
1522 2291 1574 2318 ὑπὸ
1595 2292 1642 2319 τοῦ
1663 2294 1817 2321 ἐπισκόπου

1032 2332 1100 2366 μετὰ
1115 2334 1296 2368 γραμμάτων,
1311 2335 1341 2361 ὲν
1351 2335 1432 2371 ἑτέρᾳ
1447 2338 1588 2373 παροικίᾳ.

1117 2389 1252 2417 Συνόδου
1286 2392 1517 2426 Νεοκαισαρείας
1551 2395 1651 2422 κανὼν
1681 2399 1725 2431 ιγ’.

1065 2433 1109 2468 ιγ.
1129 2435 1284 2471 Ἐπιχώριοι
1298 2437 1478 2474 πρεσϐύτεροι
1489 2440 1518 2466 ὲν
1530 2440 1569 2475 τῷ
1578 2442 1701 2477 κυριακῷ
1712 2443 1760 2478 τῆς
1769 2444 1820 2470 πόα

1028 2479 1097 2512 λεως
1114 2482 1278 2516 προσφέρειν
1293 2483 1323 2509 οὺ
1336 2483 1473 2517 δύνανται,
1491 2487 1625 2520 παρόντος
1638 2489 1788 2516 ἐπισκόπου
1800 2490 1817 2526 ἢ

192 2530 259 2557 teris
275 2538 281 2556 :
299 2536 386 2563 neque
414 2535 511 2563 panem
529 2528 595 2555 dare
617 2526 795 2561 precationis,
812 2533 901 2560 neque
913 2525 978 2552 cali-

1036 2526 1223 2562 ιτρεσϐυτέρων
1240 2527 1366 2563 πόλεως,
1392 2529 1454 2556 οὔτε
1483 2530 1536 2566 μὴν
1555 2531 1637 2567 ἄρτον
1663 2533 1764 2561 διδόναι
1789 2525 1820 2562 ἐν

191 2584 260 2604 cem.
278 2576 325 2603 Sin
339 2579 429 2603 autem
442 2574 544 2608 absint,
560 2577 588 2601 et
601 2573 677 2602 solus
689 2573 722 2600 ad
737 2571 920 2608 precationem
935 2578 978 2598 vo-

1036 2571 1097 2606 εὐχῇ
1125 2571 1185 2597 οὐδὲ
1209 2573 1337 2608 ποτήριον
1350 2581 1358 2589 ·
1380 2574 1428 2602 ἐὰν
1447 2575 1475 2602 δὲ
1495 2576 1596 2611 ὰπῶσι,
1612 2578 1659 2605 καὶ
1674 2579 1715 2610 εις
1735 2580 1820 2616 εὐχὴν

190 2626 269 2651 catus
282 2622 375 2655 fuerit,
390 2622 447 2649 dat.

1031 2616 1129 2652 κληθῇ,
1145 2617 1226 2651 μόνος
1242 2618 1358 2647 δίδωσιν.

218 2679 240 2694 ¹⁶
254 2677 275 2704 ΙΙ
301 2678 372 2706 Tim.
387 2686 418 2711 ιι,
433 2678 461 2705 4.
498 2678 518 2694 ¹⁷
531 2677 660 2713 Carthag.
674 2685 714 2710 ιιι,
726 2684 786 2712 cap.
801 2675 843 2704 19.
885 2673 906 2690 ι’

1036 2681 1050 2706 ξ.
1067 2681 1108 2706 ιιι,
1121 2682 1181 2710 cap.
1198 2675 1241 2703 16.

202 2768 332 2828 Iulii-750)
353 2769 386 2796 Et
399 2767 554 2796 Ferrandus
565 2776 626 2804 cap.
641 2769 704 2801 129,
717 2773 744 2796 et
756 2775 834 2796 conc.
849 2766 976 2800 Cartliag.

203 2812 209 2828 l
224 2823 230 2828 .
297 2823 303 2828 .

191 2803 347 2899 mltﬁlzflils.
363 2839 392 2866 Si
412 2839 614 2867 commodaverit
630 2839 785 2874 pecuniam,
799 2844 823 2867 et
840 2839 977 2874 pecuniam

191 2880 292 2899 accmta
308 2893 314 2899 .

190 2881 314 2906 accipiat.

1068 2766 1248 2809 (522n90ncil.
1271 2769 1399 2809 Gartliag.
1411 2779 1459 2809 VIII,
1475 2781 1535 2808 cap.
1554 2775 1581 2807 ι,
1605 2779 1632 2802 et
1649 2773 1818 2806 Ferrandus.

1032 2802 1220 2842 cap_._1%l,_ex
1233 2805 1331 2842 congii.
1344 2802 1470 2842 Gartbag.
1487 2802 1527 2835 tit.
1544 2809 1571 2836 9.

1046 2871 1052 2877 '
1067 2837 1268 2878 (55_)_l§gbertus
1286 2839 1400 2868 Eborac.
1419 2837 1459 2869 tit:
1479 2843 1525 2876 91,
1547 2844 1621 2872 addit
1639 2853 1645 2873 :
1671 2853 1681 2871 ι
1695 2844 1756 2873 Nisi
1773 2854 1818 2872 m-

1032 2872 1152 2900 tionabili
1168 2875 1320 2902 necessitate
1332 2881 1445 2911 cogente.
1464 2887 1473 2904 ι
