1951 3081
152 163 204 195 553

284 217 419 245 Συνόδου
453 217 636 252 Ἀντιοχείας
661 217 763 245 κανὼν
778 221 806 245 ι’.

188 261 214 290 ι’.
227 263 296 295 Τοὺς
312 263 341 289 ἐν
364 263 425 294 ταῖς
441 262 548 298 κώμαις
562 263 579 298 ἢ
595 263 710 299 χώραις,
730 263 748 299 ἢ
771 264 835 296 τοὺς
848 263 943 291 καλου-

150 308 248 343 μένους
280 309 522 345 χωρεπισκόπους,
557 309 582 335 ενι
611 309 659 335 καὶ
687 309 857 344 χειροθεσίαν
886 307 942 336 εἷεν

150 355 308 381 ἐπισκόπων
332 355 484 391 εἰληφότες,
501 354 574 387 ἔδοξε
596 356 629 390 τῇ
644 355 711 390 ἁγίᾳ
728 355 830 391 συνόδῳ
841 355 941 382 εἰδέναι

149 401 184 427 τὰ
209 400 312 427 ἑαυτῶν
340 400 437 436 μέτρα,
457 400 511 427 -καὶ
538 400 651 427 διοικεῖν
676 400 728 432 τὰς
756 401 941 436 ὑποκειμένας

149 446 242 476 αὐτοῖς
253 445 412 482 ἐκκλησίας,
431 446 478 473 καὶ⁸
491 447 524 481 τῇ
535 446 639 473 τούτων
653 446 798 481 ἀρκεῖσθαι
819 446 941 481 φροντίδι

150 491 197 518 καὶ
211 491 370 527 κηδεμονίᾳ,
396 491 528 527 καθιστᾷν
556 500 588 518 τε
610 491 786 526 ἀναγνώστας
805 493 852 519 καὶ
872 493 940 520 ὑπο-

148 537 289 569 διακόνους
312 538 359 564 καὶ
374 537 545 573 ὲξορκιστὰς,
559 538 607 565 καὶ
626 539 659 573 τῇ
675 537 778 565 τούτων
795 538 939 574 ἀρκεῖσθαι

149 584 311 618 προαγωγῇ,
341 583 411 618 μήτε
434 583 464 609 δὲ
494 583 680 619 πρεσὸύτερον
709 584 779 619 μήτε
811 584 936 611 διάκονον

149 629 312 664 χειροτονεῖν
322 628 425 664 τολμᾷν
441 629 503 663 δίχα
517 628 563 656 τσῦ
578 629 607 655 ὲν
625 631 660 664 τῇ
677 628 754 656 πόλει
777 630 938 663 ἐπισκόπου,

148 671 167 710 ᾗ
180 674 322 700 ὑπόκειται
337 674 419 706 αὑτός
430 683 461 701 τε
480 674 527 701 καὶ
541 675 558 710 ἡ
576 673 662 710 χώρα.
687 674 718 701 El
742 674 771 701 δὲ
793 675 940 710 τολμήσειί

147 728 191 750 τις
217 719 372 755 παραϐῆναι
398 719 433 747 τὰ
458 720 610 756 ὁρισθέντα,
641 720 834 756 καθαιρεῖσθαι
857 722 939 749 αὐτὸν

148 765 196 791 καὶ
220 762 252 800 ἧς
269 765 377 801 μετέχει
399 765 502 801 τιμῆς”
521 765 733 801 χωρεπίσκοπον
756 766 786 793 δὲ
815 766 939 800 γίνεσθαι

148 810 201 837 ὑπὸ
215 810 262 836 τοῦ
276 810 326 846 τῆς
340 810 442 843 πόλεως
455 808 625 847 ᾖὺπόκειται
637 811 797 839 ἐπισκόπου.

184 856 347 882 Βασαείου
376 856 411 882 ὲκ
431 855 486 890 τῆς
509 856 585 890 πρὸς
601 856 671 889 τοὺς
690 858 938 892 χωρεπισκόπους

523 163 723 194 SYNTAGMA
741 163 934 194 CANONUM.
946 164 1062 194 —TlT.
1074 164 1098 194 Ι.
1108 164 1186 193 CAP.
1206 164 1408 194 XXIX'XXX.

1725 164 1777 195 5M

1171 218 1282 246 Consilii
1297 217 1452 245 Antiocheni
1462 224 1546 244 canon
1558 217 1600 243 10.

1031 264 1073 292 l0.
1083 264 1102 292 li
1112 264 1230 299 quisunt
1240 264 1265 290 in
1276 264 1342 290 vicis
1358 263 1399 290 vel
1413 262 1550 297 pagis,qui
1560 262 1688 289 dicuntur
1698 263 1778 290 chor-

992 309 1125 344 episcopi,
1145 309 1253 337 etiamsi
1271 309 1390 343 episcopi
1401 307 1601 335 ordinationem
1612 314 1778 335 manuumve

992 355 1191 391 impositionem
1210 355 1375 389 acceperint,
1394 354 1482 380 visum
1497 357 1551 384 est,
1572 357 1602 380 ut
1620 360 1700 380 suum
1717 361 1778 380 mo-

991 400 1055 427 dum
1082 400 1181 432 Sciant,
1210 405 1238 427 et
1261 400 1314 427 sibi
1337 399 1475 433 subjeclas
1503 398 1634 426 ecclesias
1659 399 1777 425 admini-

991 450 1089 478 strent,
1098 453 1249 480 earumque
1263 453 1329 473 cura
1341 449 1368 472 et
1378 444 1564 472 sollicitudine
1579 445 1696 479 gerenda
1708 451 1777 471 con-

991 491 1058 519 tenti
1080 491 1154 519 sint:
1171 491 1341 519 constituant
1364 495 1455 518 autem
1485 491 1612 523 lectores,
1643 490 1776 525 hypodia—

990 545 1076 565 conos
1089 542 1117 564 et
1127 537 1322 569 exorcistas,et
1334 544 1428 564 eorum
1438 536 1639 571 promotionem
1650 536 1776 563 suﬂicere

990 581 1160 614 existiment,
1181 588 1233 609 nec
1254 580 1453 616 presbyterum,
1474 588 1524 608 nec
1535 580 1679 607 diaconum
1699 579 1775 607 ordi-

990 635 1057 654 nare
1071 627 1190 667 audeant
1205 627 1309 662 absque
1323 627 1401 654 urbis
1409 626 1548 661 episcopo,
1564 625 1608 653 cui
1630 625 1775 659 subjicitur

989 673 1048 707 ipse
1063 678 1090 700 et
1105 673 1192 708 regio.
1219 673 1248 700 Si
1262 673 1325 708 quis
1340 677 1430 700 autem
1447 679 1479 700 ea
1501 679 1562 706 qua:
1574 671 1686 699 deﬁnita
1709 675 1776 699 sunt

990 719 1143 753 transgredi
1172 719 1281 751 audeat,
1306 719 1365 754 ipse
1377 726 1488 754 quoque
1513 719 1664 753 deponatur
1686 717 1721 745 ab
1739 724 1774 745 eo

989 764 1094 792 honore
1104 772 1185 800 quem
1201 765 1293 792 habet.
1312 765 1374 792 Fiat
1387 771 1478 792 autem
1499 764 1713 800 chorepiscopus
1738 764 1774 791 ab

988 810 1117 846 episcopo
1133 811 1263 844 civitatis,
1280 811 1324 838 cui
1340 810 1493 845 subjicitur.

1026 855 1083 891 98
1093 856 1194 883 Basilii
1207 864 1239 883 ea:
1250 856 1361 891 epistola
1372 857 1406 883 ad
1420 857 1625 892 clwrepitcopot,
1636 855 1712 888 Quad
1722 864 1773 884 non

147 900 326 936 ἐπιστολῆς,
347 901 426 930 ὥστε
450 903 494 937 μὴ
511 903 646 937 τίνεσθαι
669 902 757 937 χωρίς
771 903 864 931 αὑτοῦ
880 906 935 932 ὑπ-

990 905 1105 934 oporteat
1118 901 1177 935 ﬁeri
1195 901 1329 928 ministros
1342 905 1433 928 contra
1445 909 1566 930 canones.

148 946 257 981 ηρέτας
267 948 347 982 παρὰ
359 948 431 982 τοὺς
445 949 587 982 κανόνας.

185 993 258 1020 Πάνυ
271 1002 305 1027 με
319 993 400 1020 λυπεῖ
409 995 449 1021 ὅτι
459 994 646 1021 ὲπιλελοίπασι
660 994 764 1029 λοιπὸν,
780 1006 808 1024 κ.
828 1005 855 1023 τ.
866 997 891 1023 λ.

184 1038 310 1066 ΚΕΦΔΔ.
326 1037 367 1066 Δ¹.
383 1053 419 1059 -
430 1039 501 1073 Περὶ
514 1040 568 1067 τοῦ
585 1039 661 1067 ἑπτὰ
678 1042 728 1068 καί
736 1043 850 1077 μόνους
863 1040 939 1070 εἶναι

147 1083 307 1118 διακόνους
321 1084 463 1120 ὀφείλειν,
479 1086 537 1114 κᾶν
549 1087 569 1122 ἡ
584 1089 673 1121 πόλις
692 1089 809 1125 μεγάλη
829 1087 861 1125 ᾖ.

237 1131 375 1158 Συνόδου
388 1132 623 1167 Νεοκαισαρείας
635 1134 737 1162 κανὼν
754 1136 794 1169 ιδ’,
808 1139 849 1163 ιε’.

183 1175 225 1203 ιδ’.
239 1176 271 1202 Ol
287 1176 316 1203 δὲ
327 1177 530 1213 χωρεπίσκοποι
548 1179 602 1206 εἰσὶ
619 1180 669 1215 μὲν
682 1181 722 1213 είς
735 1182 822 1210 τύπον
838 1182 893 1210 τῶν
905 1187 936 1216 o',

146 1220 184 1253 ὡς
198 1221 227 1248 δὲ
251 1221 464 1258 συλλειτουργοὶ,
487 1223 531 1250 διὰ
545 1224 595 1259 τὴν
621 1226 738 1262 σπουδὴν
756 1227 806 1262 τὴν
820 1229 860 1260 είς
873 1229 937 1260 τοὺς

147 1266 287 1301 πτωχοὺς,
300 1268 482 1303 προσφέρουσι
492 1269 654 1304 τιμώμενοι.

185 1317 226 1341 ιε’.
238 1314 362 1341 Διάκονοι
373 1314 443 1342 ἑπτὰ
454 1314 606 1350 ὀφείλουσιν
616 1314 685 1343 εἶναι
692 1317 763 1344 κατὰ.
769 1317 815 1345 τὸν
823 1319 934 1351 κανόνα,

147 1358 200 1385 κᾶν
218 1359 289 1385 πάνυ
312 1359 417 1395 μεγάλη
476 1361 493 1396 ὴ
516 1361 592 1393 πόλις
605 1369 612 1377 ⁸
627 1362 760 1398 πεισθήσῃ
776 1363 805 1389 δὲ
821 1364 875 1391 ἀπὸ
887 1366 935 1400 τῆς

147 1403 241 1439 βίϐλου
254 1405 308 1432 τῶν
320 1405 459 1441 Ηράξεων.
785 1437 788 1440 ,

224 1450 356 1478 Συνόδσυ
369 1451 578 1486 οίκουμενικῆς
594 1452 684 1485 ἕκτης
700 1453 801 1480 κανὼν
813 1453 862 1486 ις’.

183 1493 231 1528 ις’.
239 1496 349 1532 Ἐπειδὴ
359 1497 386 1523 al
401 1497 456 1524 τῶν
468 1496 597 1533 Πράξεων
608 1497 705 1533 βίδλοι,
714 1498 784 1525 ἑπτὰ
794 1499 933 1531 διακόνους

146 1540 200 1568 ὑπὸ
215 1541 270 1568 τῶν
282 1542 438 1569 ἀποστόλων
451 1543 620 1578 καταστῆναι
641 1544 845 1578 παραδιδόασιν,
863 1546 887 1572 οἱ
904 1545 932 1572 δὲ

146 1588 197 1622 τῆς
222 1589 294 1615 κατὰ
315 1588 531 1626 Νεοκαισάρειαν
566 1590 678 1617 συνόδου
715 1591 802 1622 οὕτως
825 1592 855 1617 ὲν
875 1592 931 1624 τοῖς

145 1633 279 1660 ὲκτεθεῖσι
291 1635 356 1669 παρ’
365 1634 455 1661 αὐτῶν
484 1635 578 1662 κανόσι
597 1636 691 1670 σαφῶς
716 1636 854 1672 διεξῆλθον
866 1659 873 1671 ,
892 1638 933 1664 ὅτι

145 1678 263 1705 διάκονοι
273 1679 344 1706 ἑπτὰ
357 1680 510 1715 ὀφείλουσιν
527 1680 598 1709 εἶναι
610 1682 680 1708 κατὰ
698 1682 744 1709 τὸν
761 1683 870 1715 κανόνα,
883 1683 934 1710 κᾶν

146 1725 217 1751 πάνυ
233 1725 337 1760 μεγάλη
353 1727 370 1760 ὴ
386 1726 462 1757 πόλις
473 1726 526 1761 εἴη,
539 1727 673 1763 πεισθήσῃ
686 1727 714 1754 δὲ
729 1728 761 1754 ὲκ
775 1728 825 1763 τῆς
842 1728 934 1763 βίϐλου

145 1770 200 1796 τῶν
211 1770 350 1806 Πράεεων·
364 1772 445 1808 ἡμεῖς
464 1772 505 1807 τῷ
529 1773 699 1808 ἀποστολικῷ
725 1773 799 1810 ῥητῷ
811 1774 856 1801 τὸν
872 1774 935 1802 νοῦν

146 1816 351 1851 ἑφαρμόσαντες
375 1816 429 1843 τῶν
459 1818 601 1853 Πατέρων,
618 1818 736 1854 εὕρομεν
759 1819 798 1851 ὠς
825 1820 839 1846 ὁ
855 1820 934 1851 λόγος

145 1861 237 1893 αὐτοῖς
253 1862 283 1888 οὐ
297 1863 362 1898 περὶ
383 1863 437 1889 τῶν
452 1864 509 1895 τοῖς
534 1864 695 1900 μυστηρίοις
717 1864 934 1900 διακονουμένων

144 1907 250 1942 ἀνδρῶν
280 1906 326 1944 ἦν,
355 1908 422 1935 ἀλλὰ
447 1908 511 1944 περὶ
541 1909 592 1945 τῆς
616 1910 646 1936 ὲν
676 1911 737 1941 ταῖς
758 1910 863 1945 χρείαις
879 1911 934 1937 τῶν

144 1952 288 1986 τραπεζῶν
316 1953 467 1989 ὑπουργίας
483 1962 492 1971 ο
520 1955 572 1990 τῆς
593 1955 648 1982 τῶν
679 1955 808 1990 Πράξεων
843 1956 933 1991 βίϐλου

144 1997 231 2029 οὕτως
249 1998 382 2034 ἐχούσης·
404 2000 457 2027 Ἐν
478 2000 543 2033 ταῖς
557 2000 681 2035 ἡμέραις
704 2001 834 2035 ἐκείναις
856 2004 935 2036 πλη-

145 2043 298 2070 θυνόντων
312 2043 371 2071 τῶν
379 2044 529 2080 μαθητῶν,
545 2046 663 2081 ἐγένετο
678 2047 849 2082 γογγυσμὸς
873 2047 934 2074 τῶν

150 2089 355 2123 Ἑλληνιστῶν
377 2091 450 2124 πρὸς
462 2091 534 2125 τοὺς
547 2091 711 2126 Ἐϐραίους,
727 2093 772 2120 ὅτι
787 2095 934 2127 παρεθεω-

141 2135 251 2168 ροῦντο
273 2135 308 2162 ἐν
321 2136 358 2170 τῇ
373 2136 509 2171 διακονίᾳ
531 2137 569 2172 τῇ
593 2138 778 2173 καθημερινῇ
800 2141 829 2166 αἱ
844 2139 935 2173 χῆραι

142 2179 244 2208 αὐτῶν
254 2188 261 2196 ·
276 2181 558 2217 προσκαλεσάμενοι
574 2183 609 2210 δὲ
622 2184 650 2211 οὶ
668 2183 783 2211 δώδεκα
800 2184 834 2212 τὸ
853 2184 934 2218 πλῆ-

1024 989 1221 1018 Permolestum
1237 990 1314 1023 mihi,
1324 994 1377 1018 etc.
1396 989 1430 1016 Ut
1442 997 1503 1025 pag.
1520 989 1584 1017 490.

1023 1035 1100 1063 CAP.
1114 1035 1200 1063 XXX.
1219 1050 1254 1057 —
1280 1034 1315 1062 Ut
1337 1035 1363 1062 in
1379 1043 1536 1070 unaquaque
1563 1034 1636 1067 urbe,
1667 1035 1773 1062 etiamsi

989 1088 1085 1115 magna
1098 1081 1134 1107 ait
1144 1100 1152 1114 ,
1165 1088 1216 1108 non
1234 1081 1286 1108 u'nt
1297 1080 1403 1107 diaconi
1415 1080 1474 1115 plus
1488 1088 1567 1115 quam
1576 1084 1684 1114 septem.

1097 1125 1208 1154 Coacilii
1223 1125 1434 1154 Neoctesarcnsit
1444 1134 1555 1153 canones
1573 1125 1614 1158 l4,
1630 1125 1673 1153 l5.

1023 1171 1067 1199 M.
1094 1172 1286 1207 Chorepiscopi
1312 1177 1403 1200 autem
1421 1177 1486 1200 sunt
1509 1172 1619 1207 quidem
1641 1172 1668 1199 in
1688 1171 1773 1207 tignra

987 1217 1156 1252 septuaginta
1175 1226 1182 1244 :
1203 1223 1233 1245 ut
1253 1223 1343 1245 autem
1363 1218 1557 1249 comministri,
1580 1223 1691 1252 propter
1714 1222 1772 1245 stu—

986 1263 1062 1290 dium
1075 1264 1103 1290 in
1116 1271 1261 1299 pauperes,
1277 1264 1394 1292 ollerunt
1410 1264 1545 1292 honorati.

1021 1308 1065 1336 15.
1075 1308 1185 1337 Diaconi
1196 1314 1300 1345 septem
1312 1317 1373 1337 esse
1383 1309 1483 1337 debent
1499 1317 1532 1337 ex
1551 1317 1667 1344 canone,
1680 1311 1774 1339 etiam-

985 1355 1007 1381 si
1035 1355 1070 1382 sit
1092 1363 1190 1391 magna
1206 1355 1316 1384 civitas.
1342 1355 1407 1391 Ejus
1422 1361 1512 1384 autem
1533 1357 1570 1384 rei
1599 1358 1678 1385 ﬁdem
1693 1358 1774 1385 faciet

985 1400 1053 1427 liber
1067 1401 1206 1428 Actorum.

1133 1448 1246 1476 Concilii
1256 1448 1405 1476 tecumenici
1419 1456 1447 1475 vt
1466 1456 1551 1476 canon
1567 1448 1612 1476 l6.

1022 1496 1064 1524 l6.
1083 1495 1220 1530 Quoniam
1236 1496 1352 1522 Actuum
1370 1494 1439 1522 liber
1461 1498 1565 1529 septem
1582 1494 1713 1524 diaconos
1736 1496 1772 1522 ab

985 1542 1115 1578 apostolis
1152 1541 1318 1569 constitutos
1345 1547 1407 1568 esse
1432 1540 1528 1572 tradit,
1553 1539 1772 1568 Neocaesarensis

984 1593 1074 1616 autem
1090 1586 1239 1623 synodus“
1253 1586 1333 1614 sicin
1349 1594 1364 1613 a
1381 1594 1412 1614 se
1425 1586 1505 1614 editis
1515 1586 1665 1614 canonibus
1680 1592 1772 1621 aperte

984 1634 1131 1668 disseruit;
1152 1633 1224 1669 quod
1238 1637 1342 1668 septem
1355 1632 1454 1660 debent
1474 1639 1536 1660 esse
1552 1632 1660 1660 diaconi
1673 1640 1706 1660 ex
1726 1640 1772 1661 ca-

986 1687 1066 1712 none,
1080 1679 1188 1707 etiamsi
1201 1679 1237 1707 sit
1249 1678 1325 1706 valde
1341 1685 1438 1713 magna
1460 1677 1568 1710 civitas,
1582 1685 1616 1705 ex
1631 1677 1702 1705 libro
1720 1686 1770 1705 au-

984 1731 1038 1754 tem
1058 1726 1172 1754 Actuum
1195 1725 1425 1760 persuadeberis:
1446 1731 1496 1752 nos
1526 1732 1590 1752 cum
1610 1724 1684 1752 dicto
1703 1732 1772 1760 apo-

984 1772 1082 1800 stolico
1104 1771 1216 1799 Patrum
1232 1775 1350 1799 mentem
1380 1771 1598 1805 adaptassemus,
1619 1770 1774 1798 invenimus

984 1825 1032 1846 eos
1047 1825 1109 1846 esse
1122 1818 1229 1846 locutos
1242 1824 1298 1845 non
1311 1817 1345 1844 de
1357 1817 1435 1849 viris,
1457 1816 1505 1852 qui
1527 1816 1687 1844 ministrant
1710 1825 1771 1852 my-

984 1863 1075 1891 steriis
1088 1883 1096 1897 ,
1117 1863 1165 1891 sed
1181 1864 1215 1891 de
1230 1862 1383 1891 ministerio
1410 1862 1484 1897 quod
1499 1861 1526 1889 in
1548 1869 1600 1890 usu
1616 1869 1773 1889 mensarum

984 1911 1174 1943 adhibebatur,
1199 1917 1264 1937 cum
1290 1909 1358 1936 liber
1377 1909 1495 1936 Actuum
1523 1908 1564 1936 sic
1589 1908 1687 1936 habeat
1711 1917 1719 1935 :
1739 1907 1775 1935 In

984 1956 1157 1988 diebus,illi.r
1190 1963 1250 1982 cum
1279 1953 1473 1989 discipulorum
1503 1953 1644 1981 multitudo
1666 1962 1774 1982 cresce-

985 2007 1042 2034 ret,
1074 2002 1126 2036 fuit
1149 2000 1301 2029 Graecorum
1328 2008 1451 2027 murmur
1479 2000 1603 2028 adt-erm
1629 2000 1772 2032 Heln-arae,

983 2047 1053 2082 quod
1068 2045 1278 2081 despiciebantur
1292 2053 1382 2072 eorum
1397 2044 1484 2071 vidua:
1499 2045 1527 2071 in
1540 2044 1688 2072 ministerio
1707 2053 1773 2079 quo-

984 2093 1097 2121 tidiana.
1111 2092 1167 2127 99
1182 2091 1326 2119 Duodecim
1340 2098 1414 2126 ergo,
1430 2091 1562 2118 accerlita
1582 2091 1774 2124 discipulorum.

985 2139 1153 2166 multitudine
1165 2138 1310 2165 dixerunt:
1324 2136 1385 2163 Non
1400 2135 1495 2171 placet,
1511 2141 1540 2162 ut
1564 2136 1640 2163 verba
1656 2136 1706 2163 Dei
1728 2144 1773 2163 re-

984 2185 1048 2212 licto
1062 2185 1158 2212 mensis
1171 2184 1331 2215 serviamus;
1343 2182 1475 2218 providete
1489 2189 1550 2216 ergo
1559 2201 1566 2213 ,
1579 2181 1687 2216 fratres,
1702 2183 1772 2210 viros

143 2227 195 2258 θος
207 2224 267 2251 τῶν
273 2226 422 2260 μαθητῶν,
432 2225 528 2253 εἷπον·
547 2228 608 2254 οὐκ
621 2228 750 2261 ἀρεστόν
757 2229 843 2256 ἐστιν
855 2228 934 2263 ἡμεῖς

990 2237 1017 2257 ea:
1031 2229 1116 2263 vobis,
1131 2230 1162 2257 de
1174 2229 1268 2264 quibus
1281 2229 1377 2256 bonum
1389 2229 1423 2255 sit
1440 2228 1619 2255 testimonium
1630 2249 1637 2262 ,
1661 2234 1771 2263 septem,

143 2271 384 2305 καταλείψαντας
390 2272 443 2299 τὸν
448 2273 541 2307 λόγον
546 2273 598 2300 τοῦ
608 2273 692 2306 Θεοῦ,
703 2274 855 2302 διακονεῖν
866 2282 934 2309 τραε

142 2315 243 2349 πέζαις
253 2323 262 2332 ·
276 2315 484 2350 ἐπισκέψασθε
497 2315 554 2345 οὖν
566 2338 574 2350 ,
589 2318 714 2353 ἀδελφοὶ
726 2338 734 2350 ,
761 2318 873 2352 ἄνδρας
897 2319 932 2352 ἐξ

142 2361 227 2395 ὑμῶν
239 2362 500 2397 μαρτυρουμένους
513 2363 599 2395 ἑπτὰ,
621 2364 749 2398 πλήρεις
760 2365 932 2399 Πνεύματος

141 2407 228 2441 ἁγίου
254 2408 304 2434 καί
322 2409 441 2442 σοφίας,
468 2408 523 2442 οὒς
552 2409 785 2445 καταστήσομεν
805 2410 855 2437 ἐπὶ
875 2411 931 2445 τῆς

142 2453 245 2488 χρείας
271 2454 382 2487 ταύτης
396 2461 403 2468 ·
425 2455 511 2489 ἡμεῖς
538 2455 572 2481 δὲ
595 2455 634 2490 τῇ
648 2456 806 2491 προσευχῇ
825 2457 874 2484 καὶ
894 2456 932 2491 τῇ

141 2498 280 2531 διακονία
314 2499 369 2525 τοῦ
397 2499 491 2533 λόγου
527 2501 841 2536 προσκαρτερήσομεν.
877 2496 934 2528 Καὶ

141 2544 254 2578 ἤρεσεν
268 2545 284 2571 ό
301 2545 393 2579 λόγος
413 2545 463 2572 ἐπὶ
486 2547 600 2579 παντὸς
622 2547 676 2574 τοῦ
699 2548 839 2580 πλήθους
852 2555 859 2563 ·
885 2548 934 2574 καὶ

141 2590 321 2622 ἐξελέξαντο
332 2590 484 2625 Στέφανον
498 2592 592 2626 ἄνδρα
610 2592 712 2627 πλήρη
729 2594 859 2627 πίστεως
883 2594 933 2620 καὶ

141 2636 316 2669 Πνε-ύματος
327 2636 423 2671 ἁγίου,
439 2637 488 2663 καὶ
507 2638 667 2670 Φίλιππον,
693 2638 744 2665 και
768 2639 930 2673 Πρόχορον,

141 2682 191 2710 καί
202 2681 362 2715 Νικάνορα,
378 2682 427 2708 καὶ
454 2683 586 2717 Τίμωνα,
606 2684 653 2710 καὶ
683 2684 851 2719 Παρμενᾶν,
880 2685 930 2712 καὶ

141 2727 290 2755 Νικόλαον
317 2727 514 2761 προσήλυτον
530 2729 693 2763 Ἀντιοχέα,
719 2729 772 2763 οὓς
794 2730 932 2764 ἔστησαν

142 2773 270 2801 ἐνώπιον
297 2773 357 2800 τῶν
386 2774 578 2801 ἀποστόλων.
597 2775 690 2802 Ταῦτα
715 2775 901 2811 διερμηνεύων
917 2777 932 2802 ὁ

141 2820 361 2854 τῆςἘκκλησίας
379 2820 538 2851 διδάσκαλος
559 2821 685 2855 Ἰωάννης
701 2822 715 2847 ὁ
729 2821 930 2856 Χρυσόστομος,

181 2878 203 2894 ¹⁹
221 2878 289 2904 (Ian.
306 2878 350 2906 15.
390 2878 412 2894 ὀ
429 2878 490 2904 Act.
507 2886 543 2919 vt,
563 2878 619 2906 l-7.

248 2927 383 2956 PATROL.
407 2926 467 2956 Gn.
492 2926 526 2956 Cl
534 2927 569 2957 ν.

658 2879 679 2894 ¹¹
696 2874 796 2907 lloniil.
810 2878 842 2906 15
855 2879 881 2906 in
897 2879 973 2906 Acta.

982 2275 1086 2311 Spiritu
1100 2280 1192 2302 sancto
1207 2279 1232 2302 et
1249 2274 1383 2309 sapientia
1405 2273 1506 2309 plenos,
1529 2282 1593 2309 quos
1608 2275 1634 2301 in
1658 2276 1707 2302 hoc
1721 2283 1773 2303 usu

981 2323 1192 2349 constituemus:
1207 2329 1253 2348 nos
1268 2326 1357 2348 autem
1373 2321 1403 2347 in
1413 2321 1533 2348 oratione
1548 2325 1574 2348 et
1603 2321 1672 2348 verbi
1693 2322 1773 2349 mini-

981 2368 1062 2396 steria
1080 2367 1186 2403 fortiter
1200 2365 1434 2401 perseverabimus.
1459 2365 1494 2393 Et
1512 2366 1703 2401 placuitsermo
1725 2377 1771 2396 co—

981 2422 1039 2442 ram
1056 2413 1129 2441 omni
1155 2412 1336 2444 multitudine,
1356 2412 1523 2447 etelegerunt
1547 2411 1707 2447 Stephanum
1732 2415 1771 2442 ui-

983 2466 1043 2485 rum
1059 2457 1165 2492 plenum
1189 2457 1242 2491 ﬁde
1253 2461 1279 2484 et
1308 2456 1413 2491 Spiritu
1430 2461 1533 2488 sancto,
1550 2456 1714 2492 Philippum,
1744 2465 1771 2486 et

984 2501 1156 2534 Prae/torum,
1168 2505 1194 2528 et
1211 2501 1382 2534 Nicanorem,
1402 2506 1428 2528 et
1453 2501 1600 2534 Timonem,
1621 2507 1646 2530 et
1660 2502 1771 2531 Parme-

984 2557 1055 2580 nam,
1080 2553 1104 2575 et
1132 2547 1276 2574 Nicolaum
1295 2547 1457 2582 prorelytum
1485 2548 1687 2581 Antiochenam,
1705 2557 1771 2583 quo:

983 2599 1132 2621 statuerunt
1146 2601 1236 2620 coram
1252 2593 1379 2628 apostolis
1391 2593 1425 2619 '°.
1442 2593 1505 2620 Haec
1519 2593 1701 2628 interpretans
1717 2594 1770 2622 Ec-

985 2638 1076 2666 clesiae
1089 2639 1185 2666 doctor
1196 2637 1316 2665 Joannes
1336 2637 1593 2672 Chrysostomua“,
1619 2639 1659 2666 sic
1675 2646 1770 2673 prose-

981 2684 1075 2719 quitur
1089 2693 1096 2711 :
1114 2683 1162 2711 Est
1173 2691 1263 2718 operte
1279 2683 1396 2718 pretium
1409 2683 1551 2715 admirari,
1561 2684 1697 2717 quomodo
1714 2693 1769 2712 non

980 2735 1022 2758 est
1043 2730 1131 2758 scissa
1158 2729 1306 2757 multitudo
1326 2730 1353 2757 in
1375 2729 1498 2757 virorum
1528 2729 1669 2758 electione.
1701 2737 1771 2764 quo-

981 2776 1062 2804 modo
1084 2784 1138 2804 non
1155 2781 1220 2804 sunt
1244 2776 1280 2803 ab
1301 2776 1368 2810 ipsis
1382 2775 1474 2810 rejecli
1492 2782 1524 2801 ac
1551 2775 1686 2809 rrprobati
1699 2783 1766 2810 apo-

981 2821 1056 2849 stoli.
1077 2819 1230 2854 Quamnam
1248 2825 1338 2849 autem
1361 2820 1496 2848 habebant
1523 2819 1550 2846 hi
1566 2820 1767 2853 auctoritatem,

1533 2928 1568 2956 18
