1960 3076
164 143 217 175 555

740 139 875 170 PIIOTII
893 122 1147 170 PATRIARCHB
1157 139 1218 170 ον.

1744 138 1797 171 556

164 203 192 227 et
203 205 286 234 quam
303 199 468 232 acceperunt
490 194 702 227 ordinationem,
717 194 788 222 seire
800 199 842 222 est
857 201 954 221 neces-

1011 192 1091 224 )ﬁtw;
1108 193 1232 225 διέξεισι·
1246 192 1392 227 Θαυμάσαι
1406 192 1482 225 ἄξιον
1496 193 1554 224 πῶς
1566 193 1617 220 οὐκ
1635 193 1753 229 ’ἐσχίσθη
1768 195 1798 220 τὸ

164 241 440 278 sarium.,Numquid
456 240 746 275 diaconorumiAlqui
764 240 817 267 hoc
836 247 891 266 non
911 243 953 266 est

164 289 192 316 in
214 287 349 316 ecclesiis.
375 286 430 314 Sed
455 290 497 314 est
518 285 739 320 presbyterorum
763 282 953 318 dispensatio?

164 331 246 367 Atqui
266 331 359 358 nullus
373 329 463 356 adhuc
484 333 544 356 erat
559 328 714 362 episcopus,
743 327 790 354 sed
812 326 862 354 soli
887 333 953 361 apo-

164 375 236 403 stoli.
253 373 329 402 Unde
342 381 390 401 nec
402 373 591 404 diaconornm,
607 379 656 398 nec
667 372 887 406 presbyterorum
904 378 953 397 no-

165 417 425 445 menexistimamus
432 419 556 449 apertum
571 421 633 441 esse
646 421 678 440 ac
688 413 874 440 manifestum.
887 411 955 439 Pro-

164 468 225 497 pter
239 462 291 489 hoc
307 467 373 496 ergo
389 467 436 487 nos
455 466 562 493 quoque
578 458 769 492 praedicamus,
791 462 821 484 ut
835 456 954 491 praedicti

165 512 268 542 septem
285 505 393 534 diaconi
414 512 467 532 non
479 505 512 532 de
537 505 571 531 iis
586 504 768 538 accipiantur,
790 503 838 537 qui
855 508 955 538 mystc-

165 554 213 581 riis
231 553 365 584 serviunt,
380 555 408 578 ut
436 555 477 578 est
491 550 567 584 prius
587 549 711 583 exposita
737 548 874 580 doctrina,
905 548 953 576 sed

163 606 211 626 eos
228 597 398 631 essejquibus
407 596 458 623 fuit
469 595 624 623 concredita
636 603 667 622 ac
677 595 775 622 tradita
785 595 951 631 dispensatio

164 643 304 670 communi
318 650 410 669 eorum
423 649 484 673 usu,
501 641 548 676 qui
563 640 742 668 tunccolleeti
753 640 862 667 fuerant
877 641 948 675 (54),

164 690 209 724 qui
230 689 309 716 nobis
327 689 354 716 in
376 689 427 716 hoc
451 695 560 722 quoque
577 687 663 714 forma
682 686 759 714 fuere
773 687 951 714 humanitatis

164 741 190 763 et
203 736 285 763 studii
305 736 332 762 in
344 742 391 762 eos
406 736 454 769 qui
466 734 599 769 indigent.

1005 238 1106 274 πλῆθος
1125 238 1171 265 ἐπὶ
1187 240 1220 274 τῇ
1237 239 1342 274 αἱρέσει
1355 238 1411 265 τῶν
1419 239 1536 274 ἀνδρῶν,
1547 239 1606 271 πῶς
1625 239 1676 266 οὐκ
1690 241 1799 271 ,ἀπεδο-

1005 284 1180 319 κιμάσθησαν
1196 284 1243 311 ὑπ’
1256 285 1347 310 αὐτῶν
1362 285 1387 311 οἱ
1399 285 1544 311 ἀπόστολοι
1561 293 1570 301 ν
1586 285 1678 311 ὁποῖον
1692 285 1721 312 δὲ
1743 285 1798 322 ἄρα

1005 330 1115 365 ἀξίωμα
1130 327 1202 364 εἶχον
1221 326 1303 362 οὗτοι,
1317 330 1365 356 καὶ
1380 330 1461 357 ποίαν
1475 331 1601 364 ἐδέξαντο
1618 331 1797 366 χειροτονίαν.

1006 377 1156 410 ἀναγκαῖον
1172 375 1268 410 μαθεῖν
1280 383 1290 392 ⁸
1303 374 1359 413 ἄρα
1372 377 1421 412 τὴν
1432 378 1487 404 τῶν
1503 377 1634 404 διακόνων
1645 386 1652 411 ;
1666 378 1714 404 καὶ
1743 379 1796 413 μὴν

1006 420 1087 447 τοῦτο
1105 421 1134 448 ἐν
1154 422 1217 452 ταῖς
1231 421 1392 457 ἐκκλησίαις
1408 422 1459 449 οὐκ
1476 422 1561 449 ἐστιν·
1576 422 1645 448 ἀλλὰ
1658 422 1713 448 τῶν
1731 431 1798 457 πρε-

1006 468 1145 503 σὸυτέρων
1163 468 1238 494 ἐστὶν
1253 469 1269 503 ἠ
1287 468 1428 503 οίκονομία
1445 468 1520 500 ;1(αί
1533 477 1574 495 τοι
1586 469 1693 496 οὐδέπω
1710 469 1798 500 οὐδεὶς

1003 513 1152 545 ἐπίσκοπος
1180 511 1224 549 ἦν,
1245 514 1301 540 ἀλλ’
1326 514 1351 540 οἱ
1368 514 1511 540 ἀπόστολοι
1537 514 1617 550 μόνον
1634 523 1641 530 ·
1655 515 1716 542 ὅθεν
1735 514 1798 541 οὕτε

1001 559 1142 593 διακόνων,
1170 559 1232 586 οὗτε
1258 560 1452 595 πρεσϐυτέρων
1470 559 1586 587 εἶναιτὸ
1605 561 1691 595 ὖνομα
1718 560 1797 594 δῆλον

1003 605 1131 639 φανερόν.
1155 604 1217 631 Ἐπὶ
1237 605 1340 636 τούτοις
1357 603 1404 632 οὖν
1433 605 1607 640 κηρύσσομεν
1631 606 1679 631 καὶ
1704 606 1796 640 ἡμεῖς,

1004 649 1075 675 ὥστε
1089 649 1153 680 τοὺς
1162 649 1380 684 προειρημένους
1392 650 1461 676 ἐπτὰ
1472 649 1624 683 διακόνους,
1637 649 1675 686 μὴ
1687 650 1797 676 ἐπὶτῶν

1005 692 1062 722 τοῖς
1077 692 1236 727 μυστηρίοις
1265 693 1483 728 διακονουμένων
1508 694 1706 728 λαμϐάνεσθαι,
1726 695 1798 721 κατὰ

1006 737 1056 773 τὴν
1071 738 1341 774 προερμηνευθεῖσαν
1367 739 1553 773 διδασκαλίαν,
1576 740 1644 767 ἀλλὰ
1659 741 1723 772 τοὺς
1749 740 1800 775 τὴν

164 781 319 816 οἰκονομίαν
351 781 400 816 τῆς
420 780 512 814 κοινῆς
549 779 644 814 χρείας
667 778 723 805 τῶν
754 778 814 806 τότε
840 781 1080 817 συνηθροισμένων
1100 784 1330 819 ὲγχειρισθέντας,
1352 785 1465 816 τούτους
1489 785 1634 820 ὑπάρχειν,
1667 785 1692 812 οἳ
1713 785 1798 816 τύπος

163 829 231 864 ἡμῖν
257 828 307 854 κὰν
336 827 424 861 τούτῳ
442 826 571 860 γεγόνασι
587 826 638 860 τῆς
652 825 716 860 περὶ
728 825 791 856 τοὺς
808 825 952 860 δεομένους
972 829 1177 864 φιλανθρωπίας
1202 838 1232 857 τε
1260 830 1309 857 καὶ
1332 831 1460 866 σπουδῆς.

200 873 309 900 Tutus.
329 872 426 899 Const.
452 879 471 904 ι,
490 872 532 899 tit.
552 873 563 899 i
581 873 756 899 Novellarum
772 871 854 903 dicit,
878 871 950 906 quod
967 876 989 903 Β

163 926 260 946 eorum
279 925 433 951 numerum,
450 917 534 952 quiin
546 925 710 952 unaquaque
724 918 842 945 ecclesia
872 918 955 945 mini-

162 969 261 996 strant,
286 964 423 991 redituum
461 964 540 998 100
569 963 707 998 quantitas
739 967 766 990 et
805 963 953 991 inveterata

163 1009 333 1037 consuetudo
365 1009 485 1037 deﬁniat.
513 1009 609 1036 Const.
633 1017 698 1036 vero
723 1009 740 1036 9
759 1009 883 1043 ejusdem
910 1009 951 1036 Iit.

161 1057 255 1091 jubet,
278 1060 308 1083 ut
334 1056 361 1083 in
380 1055 475 1091 Magna
509 1056 623 1083 ecclesia
648 1055 952 1090 Constantinopolitana

163 1103 219 1129 sint
235 1102 388 1137 presbyteri
409 1102 561 1136 sexaginta,
588 1102 698 1128 diaconi
715 1104 843 1135 centum,
859 1101 952 1128 diaco-

164 1147 246 1175 nissae
265 1147 371 1182 viginti,
389 1147 550 1175 subdiaconi
574 1147 725 1181 nonaginta
736 1167 744 1180 ,
760 1147 876 1174 lectores
890 1154 956 1174 cen-

164 1196 221 1219 tum
237 1195 264 1218 et
283 1192 395 1223 decem,
418 1196 544 1218 cantores
561 1191 656 1226 viginti
688 1191 827 1226 quinque,
851 1191 956 1218 ostiarii

164 1242 287 1266 centum.
315 1236 443 1272 Ejusdem
468 1242 559 1264 autem
588 1237 630 1264 tit.
652 1242 738 1264 const.
765 1237 809 1268 i0,
835 1237 911 1270 vult,
927 1242 958 1264 ut

164 1283 192 1310 in
207 1282 268 1309 aliis
280 1281 403 1309 ecclesiis
417 1286 540 1308 servetur
559 1281 594 1307 ab
616 1280 693 1307 initio
709 1280 850 1308 deﬁnitum
868 1285 957 1308 statu~

164 1333 234 1356 tum.
257 1327 392 1355 Caeterum
416 1335 464 1362 per
491 1327 604 1353 turmam
626 1326 729 1353 domini
758 1325 875 1353 ileraclii
895 1333 958 1353 con-

164 1374 251 1403 stituti
280 1379 342 1401 sunt
368 1373 395 1400 in
421 1372 516 1400 eadem
546 1372 641 1407 Magna
671 1372 787 1399 ecclesia
809 1372 958 1407 presbyteri

165 1420 313 1455 octoginta,
331 1418 441 1446 diaconi
461 1418 679 1453 quinquaginta,
704 1417 865 1445 diaconissze
890 1425 960 1452 qua-

1044 874 1076 901 'H
1083 875 1111 901 δέ
1123 879 1148 902 α’
1159 875 1280 909 διάταξις
1288 876 1336 903 τοῦ
1351 880 1375 902 α’
1389 876 1442 904 τίτ.
1459 876 1513 903 τῶν
1528 877 1642 910 Νεαρῶν
1655 877 1740 912 φησὶ,
1755 875 1798 904 ὅτι

1005 920 1051 946 τὸν
1063 920 1125 956 ἀριο
1130 921 1179 956 μδν
1189 921 1244 948 τῶν
1256 923 1284 948 ἐν
1297 923 1400 958 ἑκάστῃ
1411 922 1544 958 ἐκκλησίᾳ
1555 923 1794 958 λειτουργούντων.

1006 965 1155 1001 ήποσότης
1177 967 1227 1001 τῆς
1250 968 1381 1002 προσόδου
1401 968 1450 994 καὶ
1478 969 1495 1003 ἡ
1523 968 1686 1003 κρατήσασα
1711 968 1798 1004 ὁρίζει

1006 1010 1146 1045 συνήθεια.
1169 1011 1203 1037 Ἦ
1216 1011 1244 1037 δέ
1270 1011 1293 1037 0'
1308 1011 1354 1038 τοῦ
1381 1011 1462 1038 αὐτοῦ
1480 1011 1584 1044 τίτλου,
1606 1012 1699 1038 τάττει
1714 1011 1743 1037 ἐν
1763 1011 1797 1046 τῇ

1004 1056 1119 1092 Μεγάλῃ
1146 1056 1281 1092 ἐκκλησίᾳ
1312 1057 1627 1088 Κωνσταντινουπόλεως
1646 1056 1798 1092 πρεσὸυτέ-

1005 1110 1069 1136 ρους
1079 1101 1111 1134 ξ’,
1126 1102 1267 1134 διακόνους
1278 1102 1313 1138 ρ’,
1323 1102 1494 1134 διακονίσσας
1503 1106 1540 1137 μ’,
1557 1102 1749 1134 ὑποδιακόνους
1760 1101 1798 1135 ι’,

1005 1146 1181 1181 ἀναγνώστας
1197 1151 1242 1182 ρι’,
1257 1147 1362 1182 ψάλτας
1378 1151 1427 1180 κε’,
1444 1147 1586 1183 θυρωροὺς
1599 1151 1631 1183 ρ’·
1645 1149 1661 1183 ἡ
1675 1148 1704 1174 δὲ
1719 1151 1735 1174 ι’
1749 1147 1799 1174 τοῦ

1005 1190 1088 1217 αὐτοῦ
1103 1190 1155 1218 τίτ.
1169 1191 1239 1218 διάτ.
1254 1191 1380 1226 βούλεται
1390 1193 1419 1218 ἐν
1437 1193 1497 1223 ταῖς
1517 1191 1611 1223 ἄλλαις
1636 1191 1797 1226 ἐκκλησίαις

1007 1235 1187 1268 φυλάττεσθαι
1199 1236 1230 1262 τὸ
1250 1237 1279 1268 ἐξ
1298 1237 1384 1272 ἀρχῆς
1400 1236 1509 1272 ὁρισθὲν
1537 1236 1697 1263 πατοῦτον.
1727 1236 1797 1263 ’Δπδ

1005 1280 1033 1307 δὲ
1044 1280 1130 1308 τύπου
1141 1281 1188 1308 τοῦ
1200 1282 1332 1309 δεσπότου
1351 1282 1511 1318 Ἡρακλείου
1538 1282 1697 1318 ὼρίσθησαν
1711 1283 1740 1308 ἐν
1763 1283 1800 1318 τῇ

1007 1326 1075 1362 αὐτῇ
1088 1327 1204 1363 Μεγάλῃ
1215 1328 1348 1363 ἐκκλησίᾳ
1363 1328 1544 1364 πρεσὸύτεροι
1560 1328 1599 1361 π’,
1616 1327 1734 1355 διάκονοι
1747 1331 1797 1362 ρν¹,

1008 1372 1176 1399 διακόνισσαι
1187 1375 1224 1407 μ’,
1245 1373 1415 1401 ὑποδιάκονοι
1429 1374 1462 1406 o’,
1482 1374 1654 1408 ὰναγνῶστσιι
1671 1371 1798 1408 ρξ’,ψάλ-

1008 1427 1053 1445 ται
1068 1421 1118 1452 κε’,
1135 1419 1256 1455 θυρωροὶ
1272 1423 1320 1447 os'.

165 1466 303 1502 dragiuta,
328 1465 489 1508 subdiaconi
505 1465 688 1500 septuaginta,
712 1465 828 1492 lectores
841 1469 951 1492 centum
974 1466 1127 1500 sexaginta,
1142 1471 1268 1495 cantores
1280 1466 1375 1503 viginti
1390 1466 1524 1502 quinque,
1554 1467 1659 1495 ostiarii
1686 1473 1801 1503 septua-

165 1517 241 1553 ginta
255 1515 389 1550 quinque.

199 1561 276 1589 CAP.
301 1560 399 1588 XXXI.
423 1576 455 1581 —
470 1559 585 1593 Quinam
610 1559 661 1586 sint
684 1558 790 1590 clerici,
817 1558 870 1585 sive
893 1558 954 1594 qui-

1043 1555 1169 1584 ΚΕΦΔΛ.
1191 1554 1256 1582 AA'.
1281 1571 1317 1576 —
1333 1556 1416 1588 Τίνες
1441 1551 1502 1583 εἰσὶ
1524 1555 1681 1589 adaptato),
1706 1555 1726 1589 ἢ
1745 1555 1801 1589 τῆς

166 1616 227 1636 naut
244 1607 278 1634 ad
293 1607 499 1635 ecclesiasticum
516 1606 635 1632 ordinent
650 1605 829 1639 pertinentes?

338 1652 453 1681 Concilii
475 1651 617 1678 Laudiceni
637 1657 721 1677 canon
736 1649 782 1676 24.

199 1700 244 1727 24.
255 1698 332 1732 Quod
353 1705 407 1725 non
422 1701 532 1732 oportet
546 1700 678 1728 sacratos,
694 1702 710 1722 a
729 1694 895 1730 presbyteris
909 1701 957 1721 us-

166 1750 219 1778 que
241 1743 274 1770 ad
297 1743 437 1774 diaconos,
464 1745 491 1768 et
515 1740 644 1774 deinceps
659 1739 808 1775 quemlibet
824 1738 954 1766 ecclesia-

166 1789 227 1817 stici
241 1788 346 1816 ordinis
369 1794 457 1822 usque
480 1787 514 1814 ad
537 1786 690 1819 ministros,
710 1785 752 1812 vel
773 1785 899 1817 lectores,
914 1784 955 1811 vel

167 1840 305 1868 cantores,
319 1834 361 1861 vel
377 1833 590 1862 exercitatorum
608 1831 730 1866 ordines,
753 1831 781 1858 in
803 1837 957 1866 cauponam

168 1879 284 1915 ingredi.

202 1924 310 1952 Teum.
338 1923 433 1952 Const.
458 1931 496 1957 ιι,
516 1924 558 1951 tit.
583 1924 594 1951 ι
620 1923 813 1955 Novellarum,
843 1922 958 1958 presby-

167 1976 252 2004 teros,
262 1971 404 2003 diaconos,
421 1970 547 2002 lectores,
561 1975 687 1996 cantores
701 1989 708 2002 ,
741 1969 856 1996 clericos
875 1967 957 2004 [esse]

166 2016 241 2044 dicit.
271 2016 343 2050 Quin
374 2016 574 2043 exorcistarum
611 2015 692 2042 etiam
725 2019 752 2041 et
781 2013 957 2041 ostiariorum

167 2066 255 2089 coast.
273 2061 301 2092 6.
314 2061 358 2088 tit.
371 2061 398 2093 ὅ,
416 2061 462 2088 lib.
482 2069 502 2088 ι.
517 2060 578 2088 cod.
593 2059 729 2088 meminit.

200 2151 278 2178 CAP.
293 2150 404 2178 XXXII.
423 2164 459 2169 —
468 2149 509 2177 Ne
531 2150 556 2176 is
566 2149 701 2176 ordinetur
713 2149 788 2182 cujus
799 2156 866 2176 uxor
878 2147 959 2183 fuerit

166 2198 299 2225 adultera.
333 2197 403 2230 Quid
429 2201 518 2223 autem
544 2195 568 2223 si
595 2195 685 2222 clerici
707 2202 775 2221 uxor
799 2194 959 2221 adulterium

166 2243 328 2271 committat?

314 2287 425 2316 Consilii
441 2286 666 2314 Neoctzsariensis
679 2293 763 2313 canon
777 2285 804 2313 8.

201 2335 229 2362 8.
247 2334 275 2362 Si
295 2333 413 2369 alicujus
428 2340 509 2365 uxor,
523 2340 586 2360 cum
603 2336 677 2360 esset
691 2332 788 2364 laicus.
803 2331 957 2359 adulterata

165 2381 252 2408 fuisse
266 2381 390 2408 convicta
405 2379 498 2412 fuerit,
514 2379 538 2406 is
555 2387 608 2406 non
624 2383 713 2413 potest
725 2378 760 2406 ad
774 2378 955 2406 ministerium

165 2425 304 2454 accedere.
323 2425 399 2460 101
422 2425 472 2452 Sin
499 2429 591 2452 autem
615 2425 698 2451 etiam
718 2428 780 2458 post
807 2423 949 2450 ordinatio

164 2478 227 2498 nem
255 2470 407 2497 adulterata
423 2469 515 2501 fuerit,
537 2468 616 2496 debet
629 2477 690 2496 eam
714 2468 863 2495 dimittere.
877 2467 955 2500 Quod

165 2517 188 2545 si
204 2517 351 2549 cobabitet,
374 2523 426 2543 non
444 2520 534 2550 potest
561 2515 614 2544 sibi
634 2515 812 2543 commissum
829 2514 955 2541 ministe-

163 2563 235 2590 rium
246 2562 369 2598 exsequi.

200 2608 309 2636 Tutus.
338 2608 425 2635 Etiam
455 2608 543 2635 civilis
570 2607 630 2641 lex,
653 2613 832 2642 quoscunque
854 2612 955 2633 uxores

165 2661 229 2681 suas
244 2654 382 2682 adulteras
394 2663 447 2681 non
473 2654 630 2689 repudiant,
647 2653 735 2688 punit.
750 2653 847 2680 Const.
862 2657 952 2680 autem

166 2700 194 2732 2,
210 2699 253 2728 tit.
269 2700 296 2733 9,
313 2700 361 2727 lib.
376 2707 402 2727 Ix
427 2700 489 2727 ceti.
511 2700 638 2726 lenonem
652 2706 712 2726 esse
727 2698 792 2728 dicit
813 2705 888 2729 eum,
905 2697 953 2732 qui

164 2755 278 2775 uxorem
295 2755 373 2775 suam
388 2747 416 2774 in
432 2746 569 2774 adulterio
581 2745 794 2780 deprehensam,
810 2744 838 2772 in
856 2743 954 2771 matri-

1005 1600 1262 1636 ἑκκλησιαστικῆς
1275 1601 1387 1634 τάξεως
1403 1610 1412 1634 ;

1126 1648 1261 1676 Συνόδου
1284 1647 1461 1681 Λαοδικείας
1491 1647 1593 1674 κανὼν
1617 1645 1667 1675 κδ’.

1041 1694 1092 1722 κδ’.
1107 1695 1168 1721 Ὅτι
1183 1695 1214 1720 οὐ
1229 1694 1270 1721 δεῖ
1293 1693 1447 1730 ίερατικοὺς
1466 1693 1520 1719 ἀπὸ
1537 1692 1730 1728 πρεσϐυτέρων
1746 1692 1799 1724 ἕως

1005 1742 1148 1773 διακόνων,
1163 1740 1210 1767 καὶ
1225 1739 1288 1775 ἐξῆς
1301 1740 1352 1775 τῆς
1362 1738 1593 1774 ἐκκλησιαπικῆς
1608 1738 1723 1771 τάξεως,
1743 1738 1796 1770 ἕως

1007 1787 1162 1821 ὑπηρετῶν,
1184 1786 1201 1821 ἢ
1225 1785 1417 1820 ἀναγνωστῶν,
1444 1785 1460 1820 ἦ
1483 1785 1603 1820 ψαλτῶν,
1635 1785 1654 1820 ἢ
1672 1785 1798 1820 ἐπιορκι-

1009 1833 1091 1864 στῶν,
1107 1832 1123 1867 ἦ
1137 1830 1304 1868 θυρωρῶν,ἢ
1319 1831 1366 1858 τοῦ
1382 1831 1522 1866 τάγματος
1537 1831 1593 1858 τῶν
1604 1831 1742 1867 ἀσκητῶν,
1757 1831 1798 1862 είς

1007 1877 1154 1913 καπηλεῖον
1179 1877 1302 1903 εἰσιέναι.

1047 1924 1082 1950 Ἦ
1097 1924 1119 1958 β’
1134 1923 1255 1955 διάταξις
1273 1922 1322 1949 τοῦ
1338 1921 1361 1949 α’
1374 1922 1427 1949 τίτ.
1441 1922 1498 1949 τῶν
1509 1922 1624 1958 Νεαρῶν
1647 1921 1798 1958 κληρικοὺς

1009 1969 1078 2004 ἔχει,
1095 1968 1310 2004 πρεσῦυτέρους,
1332 1968 1483 2000 διακόνους,
1504 1968 1707 2001 ὑποδιακόνους,
1732 1969 1798 1995 ἁνα-

1009 2014 1143 2049 γνώστας,
1152 2013 1267 2048 ψάλτας.
1287 2013 1320 2039 Ἦ
1328 2013 1419 2047 μέντοι
1433 2013 1537 2045 ς’διάτ.
1548 2013 1595 2039 τοῦ
1607 2017 1634 2047 γ’
1643 2014 1695 2040 τίτ.
1714 2014 1760 2040 τοῦ
1772 2013 1797 2041 α’

1010 2060 1084 2094 βιὸλ.
1111 2059 1159 2086 τοῦ
1188 2058 1253 2086 κώδ.
1281 2059 1329 2085 καὶ
1351 2058 1517 2094 ἐξορκιστῶν
1532 2059 1580 2086 καὶ
1597 2059 1731 2095 πυλωρῶν
1746 2060 1797 2094 μέ-

1010 2115 1121 2141 μνηται.

1045 2152 1171 2178 ΚΕΦΑΛ.
1183 2149 1282 2178 ΔΒ’.--
1293 2150 1362 2185 Περὶ
1379 2150 1434 2177 τοῦ
1444 2149 1487 2185 μὴ
1500 2149 1734 2185 χειροτονεῖσθαι
1747 2148 1797 2178 οὗ·

1010 2206 1092 2231 τινος
1108 2198 1128 2231 ἠ
1140 2197 1217 2232 γυνὴ
1234 2197 1393 2232 ἐμοιχεύθη
1408 2205 1416 2212 ·
1430 2197 1480 2224 καὶ
1495 2196 1550 2223 ἐὰν
1562 2196 1639 2231 γυνὴ
1650 2196 1796 2232 κληρικοῦ

976 2243 998 2270 D
1007 2242 1163 2278 potzevaﬁ.

1104 2288 1239 2315 Συνόόου
1269 2288 1503 2322 Νεοκαισαρειας
1525 2288 1627 2314 κανὼν
1655 2289 1691 2322 η’.

1042 2333 1153 2370 η’.Γυνή
1164 2342 1236 2365 τινος
1247 2333 1419 2369 μοιχευθεῖσα
1428 2332 1521 2360 λαῖκοῦ
1528 2333 1614 2365 ὄντος,
1626 2332 1674 2360 ἐὰν
1681 2331 1798 2367 ἐλεγχθῇ

1006 2380 1142 2415 φανερῶς,
1161 2381 1176 2407 ὁ
1193 2379 1314 2411 τοιοῦτος
1341 2381 1381 2412 εἰς
1407 2380 1559 2415 ὑπηρεσίαν
1589 2379 1676 2405 ἐλθεῖν
1700 2379 1730 2405 οὺ
1748 2378 1796 2405 δύ-

1006 2434 1086 2453 ναται
1103 2434 1110 2441 ·
1138 2425 1187 2452 ἐὰν
1219 2426 1249 2453 δέ
1283 2427 1353 2461 μετὰ
1379 2425 1428 2460 τὴν
1452 2425 1621 2461 χειροτονίαν
1653 2424 1795 2460 μοιχευθῇ,

1005 2471 1108 2506 ὀφείλει
1122 2472 1258 2499 ἀπολῦσαι
1278 2472 1363 2507 αὑτήν
1375 2481 1383 2488 ·
1409 2471 1458 2499 ἐὰν
1484 2472 1513 2499 δὲ
1533 2471 1612 2507 συζῇ,
1637 2471 1667 2497 οὺ
1684 2471 1796 2499 δύναται

1005 2517 1115 2553 ἔχεσθαι
1125 2518 1175 2553 τῆς
1188 2517 1407 2553 ἐγχειρισθείσης
1416 2516 1496 2552 αὐτῷ
1507 2515 1671 2552 ὑπηρεσίας.

1040 2606 1096 2632 Καὶ
1111 2606 1126 2632 ὁ
1147 2604 1285 2637 πολιτικὸς
1298 2604 1380 2639 νόμος
1404 2605 1509 2636 πάντας
1523 2604 1586 2636 τοὺς
1601 2603 1651 2635 τὰς
1663 2603 1796 2637 γυναῖκας

1005 2652 1108 2678 ἑαυτῶν
1123 2650 1331 2687 μοιχευομένας,
1344 2651 1381 2686 μὴ
1399 2650 1568 2681 ἀπολύοντος
1582 2649 1763 2684 τιμωρεῖται·
1778 2648 1795 2683 ὴ

1003 2698 1031 2726 δὲ
1049 2697 1071 2733 β’
1087 2698 1157 2725 διάτ.
1177 2698 1225 2724 τοῦ
1241 2697 1263 2723 θ’
1276 2697 1329 2725 τίτ.
1349 2697 1397 2724 τοῦ
1418 2697 1439 2723 θ’
1456 2696 1526 2732 βιβλ.
1548 2696 1595 2723 τοῦ
1613 2695 1678 2722 κώδ.
1709 2693 1794 2728 λέγει,

1002 2745 1044 2771 ὅτι
1056 2745 1219 2779 προαγωγὸς
1238 2744 1312 2771 ἐστιν
1328 2745 1342 2771 ὁ
1362 2744 1412 2779 τὴν
1433 2743 1517 2771 αὑτοῦ
1537 2743 1661 2779 γαμετὴν
1684 2747 1794 2777 μοιχευ-

200 2835 259 2870 βι)
273 2844 282 2861 ι
298 2835 349 2869 Qui
366 2842 428 2863 cum
444 2834 575 2870 apostolis
589 2833 745 2869 congregati
758 2837 849 2866 erant.
862 2836 890 2860 et
901 2831 1098 2866 crediderant,»
1111 2831 1200 2867 inquit
1215 2831 1441 2860 Zonaraleard.
