1951 3081
189 162 240 194 557

535 161 734 192 SYNTAGMA
754 159 1065 190 CANONUﬂx—TIT.
1079 159 1104 188 Ι.
1121 159 1201 190 CAP.
1220 161 1460 190 XXXI—XXXVI.

1756 164 1807 195 553

187 207 280 234 θεῖσαν
296 205 335 240 μὴ
355 204 492 237 ἀπολύσας
506 212 513 220 ·
534 205 565 231 οὺ
578 205 632 240 μὴν
647 205 660 230 ὁ
680 203 766 238 ψιλῶς
792 202 974 233 ὑποπτεύσας.

1033 203 1120 229 mortis)
1135 203 1299 231 detinuerit:
1314 212 1367 231 non
1380 209 1484 236 autem,
1500 204 1582 232 etiam
1595 205 1643 240 qui
1657 205 1808 234 adulteram

187 252 311 287 Σήμερον
325 251 354 277 δὲ
372 251 419 278 καὶ
432 251 502 286 μετὰ
523 250 601 284 δίκην
614 249 727 276 δύναται
751 249 766 274 ὁ
781 249 850 283 ἀνὴρ
871 248 972 274 ἀναλα-

187 298 244 324 ϐεῖν
259 299 291 324 ἐκ
314 297 362 323 τοῦ
387 296 567 332 μοναστηρίου
593 296 643 330 τὴν
675 294 863 329 μοιχευθεῖσαν
888 292 973 319 αὐτοῦ

186 344 313 377 γυναῖκα,
324 343 395 369 κατὰ
406 341 454 377 τὴν
474 341 666 378 παρατήρησιν
682 341 730 375 τῆς
742 340 807 375 περὶ
835 339 971 373 repudium

187 386 231 423 ρμ¹
242 388 352 422 νεαρᾶς.

221 433 347 460 ΚΕΨΔΛ.
377 433 438 460 ΛΓ.
458 448 490 454 ——-
513 433 584 467 Περὶ
603 431 658 459 τοῦ
671 431 714 466 μὴ
738 430 972 466 χειροτονεῖσθαι

186 478 350 512 κληρικοὺς
386 478 619 513 ἀπολελυμένως
634 499 642 511 ,
668 477 749 504 ἀλλὰ
776 475 895 509 πάντως
928 477 972 508 εἰς

185 523 355 558 ἐκκλησίαν
366 523 385 557 ἢ
400 525 443 558 εἰς
454 524 670 558 μοναστήριον.

325 569 460 596 Συνόδου
476 569 667 604 Χαλκηδόνος
679 569 779 597 κανὼν
794 572 831 600 ς’.

223 615 372 651 ς¹.Μηδένα
380 615 588 650 ἀπολελυμένως
595 615 816 651 χειροτονεῖσθαι,
826 614 896 649 μήτε
906 622 974 648 πρε-

187 660 330 695 σὸύτερον,
348 661 416 696 μήτε
440 661 573 693 διάκονον,
587 662 655 697 μήτε
681 661 750 693 ὅλως
774 661 836 687 τινὰ
862 659 916 685 τῶν
944 659 973 685 ἐν

186 707 225 742 τῷ
238 707 455 743 ὲκκλησιαστικῷ
464 706 595 742 τάγματι,
609 708 632 733 εἰ
647 706 684 743 μὴ
699 706 790 738 ίδικῶς
802 706 830 733 ἐν
839 705 973 740 ἐκκλησίᾳ

188 753 289 784 πόλεως
317 753 333 788 ἢ
355 752 462 788 κώμης,
483 753 499 788 ἢ
517 753 674 788 μαρτυρείῳ
698 753 715 787 ἢ
744 751 927 788 μοναστηρίῳ,
958 751 973 776 ό

187 797 424 833 χειροτονούμενος
446 798 673 834 ὲπικηρύττοιτο·
697 798 760 829 τοὺς
778 798 807 824 δὲ
830 796 973 827 ἀπολύτως

186 842 452 879 χειροτονουμένους,
476 843 576 879 ὥρισεν
603 843 620 878 ἡ
647 843 714 878 ἁγία
732 843 841 874 σύνοδος
868 843 971 877 ἄκυρον

1024 249 1198 276 solummodo
1218 254 1374 284 suspectam
1396 250 1531 277 habuerit.
1549 249 1635 278 Hodie
1648 259 1714 278 vero
1726 253 1809 280 etiam

1023 299 1084 327 post
1098 294 1351 322 condemnationem
1365 299 1456 329 potest
1470 295 1583 322 maritus
1605 303 1718 323 uxorem
1731 305 1809 324 suam

1023 339 1173 366 adulteram
1203 347 1219 367 e
1243 340 1409 368 monasterio
1434 340 1574 374 recipere:
1594 341 1698 377 [idque]
1717 350 1811 370 secun-

1022 385 1087 412 dum
1105 385 1322 413 observationem
1339 385 1462 427 Novella:
1478 386 1539 417 154,
1558 387 1591 414 de
1607 388 1737 421 repudiis.

1058 431 1136 459 CAP.
1147 431 1269 459 XXXIII.
1282 447 1318 452 ——
1334 432 1376 459 Ne
1385 433 1473 460 clerici
1490 433 1569 459 libere
1584 433 1752 467 ordinentur,
1765 434 1809 460 sed

1024 478 1130 504 omnino
1151 478 1190 504 vel
1205 483 1282 505 certa:
1296 478 1413 505 ecclesia:
1437 479 1478 505 vel
1501 479 1662 506 monasterio
1684 480 1810 514 deputen-

1023 529 1075 550 tur.

1162 569 1274 597 Cancilii
1287 569 1508 598 Chalcedonensis
1526 579 1613 599 canor:
1626 571 1652 598 6.

1059 617 1086 643 6.
1095 615 1203 644 Nullum
1216 617 1339 644 absolute
1347 617 1536 650 ordiuari,nec
1548 617 1746 653 presbyterum,
1759 625 1811 645 nec

1023 663 1180 695 diaconum,
1198 669 1249 689 nec
1265 663 1379 690 omnino
1391 663 1511 698 aliquem
1523 671 1619 690 eorum
1636 663 1683 698 qui
1703 668 1768 690 sunt
1781 663 1809 690 in

1023 708 1118 736 ordine
1131 708 1326 742 ecclesiastico,
1344 709 1397 736 nisi
1412 709 1568 744 specialiter
1593 709 1619 736 in
1642 709 1756 737 ecclesia
1770 710 1809 736 ci-

1024 754 1126 787 vitatis,
1157 754 1199 782 vel
1224 755 1297 790 pagi.
1318 755 1362 783 vel
1381 756 1522 790 martyrio,
1548 756 1590 783 vel
1606 757 1772 788 monasterio
1786 756 1810 783 is

1023 801 1070 835 qui
1095 799 1249 832 ordinatur,
1264 800 1430 836 designetur.
1445 801 1499 829 Eos
1513 806 1602 828 autem
1623 802 1668 836 qui
1684 801 1808 829 absolute

1025 846 1197 878 ordinantur,
1208 846 1328 873 decrevit
1343 851 1438 874 sancta
1452 847 1574 882 synodus
1588 847 1695 874 irritam
1711 854 1744 874 ac
1767 847 1808 874 in-

186 888 258 923 ἔχειν
273 888 324 923 τὴν
347 888 476 924 τοιαύτην
501 888 683 924 χειροθεσίαν,
701 888 750 915 καὶ
775 887 902 924 μηδαμοῦ
930 886 974 914 δύ-

1033 891 1142 918 validam
1174 891 1275 919 habere
1292 890 1427 925 ejusmodi
1446 881 1576 919 manuum
1595 891 1808 927 impositiouem,

185 933 282 961 νασθαι
294 935 426 969 ἐνεργεῖν,
440 934 483 969 ἐφ’
499 933 578 970 ὕϐρει
593 934 640 961 τοῦ
656 934 904 971 χειροτονήσαντος.

224 1035 349 1062 ΚΕΦΔΛ.
363 1035 424 1063 AA’.
439 1051 473 1057 —
483 1035 554 1071 Περὶ
567 1034 766 1070 περιοδευτῶν
785 1034 836 1062 καὶ
859 1033 920 1062 τῶν
942 1034 977 1062 ἐν

185 1081 250 1115 ταῖς
275 1081 384 1117 κώμαις
405 1082 586 1116 ἐκκλησιῶν.

328 1140 466 1167 Συνόδου
482 1139 659 1173 Λαοδικείας
670 1139 771 1166 κανὼν
786 1140 824 1171 νζ¹

221 1182 271 1216 vC‘.
283 1184 344 1211 ὀτι
355 1185 385 1212 οὺ
397 1185 437 1212 δεῖ
449 1185 480 1212 ἐν
495 1186 557 1218 ταῖς
571 1185 677 1221 κώμαις
693 1186 739 1212 καὶ
749 1187 777 1212 ἐν
787 1186 845 1216 ταῖς
860 1184 975 1220 χώραις,

185 1229 366 1257 καθίστασθαι
388 1231 574 1265 ἐπισκόπους,
600 1230 670 1257 ἀλλὰ
691 1230 868 1265 περιοδευτάς
881 1238 888 1245 ·
913 1230 977 1262 τοὺς

187 1276 280 1310 μέντοι
306 1275 356 1312 ήδη
370 1276 657 1311 προκατασταθέντας,
674 1275 758 1311 μηδὲν
770 1275 901 1310 πράττειν
912 1274 975 1301 ἄνευ

186 1321 298 1356 γνώμης
312 1321 360 1348 τοῦ
373 1321 522 1348 ἐπισκόπου
536 1321 583 1348 τοῦ
598 1322 627 1348 ὲν
642 1323 674 1358 τῇ
688 1321 764 1348 πόλει
780 1328 788 1336 ν
806 1321 937 1352 ὡσαύτως
946 1321 976 1348 δὲ

187 1368 235 1393 καὶ
249 1367 312 1398 τοὺς
334 1366 548 1402 πρεσϐυτέρους,
565 1366 649 1402 μηδὲν
675 1366 807 1401 πράττειν
834 1366 899 1393 ἄνευ
925 1366 975 1402 τῆς

185 1411 283 1447 γνώμη
289 1422 296 1442 ;
312 1412 359 1439 τοῦ
373 1413 533 1439 ἐπισκόπου.

228 1458 260 1484 Ἦ
273 1458 302 1484 δὲ
315 1461 349 1484 ια’
362 1458 482 1490 διάταξις
495 1457 544 1484 τοῦ
562 1461 586 1492 γ’
597 1457 650 1485 τίτ.
661 1456 708 1484 τοῦ
718 1457 742 1484 α’
756 1457 826 1492 βιὸλ.
845 1457 930 1492 λέγει,
944 1458 976 1484 ὲκ

185 1504 240 1530 τῶν
253 1504 360 1539 χωρίων
378 1504 425 1531 καὶ
432 1504 486 1531 τῶν
500 1504 613 1539 κωμῶν,
630 1505 678 1530 καὶ
693 1504 743 1530 οὐκ
757 1504 857 1535 ἔξωθεν
872 1504 912 1534 είς
926 1503 975 1535 τὰς

1026 941 1054 963 et
1066 943 1202 971 nuSquam
1215 943 1342 964 exercere
1356 943 1389 963 ac
1409 937 1516 975 operari
1530 944 1609 971 posse
1628 937 1661 964 ad
1678 937 1737 972 ejus
1763 939 1810 971 qui

1027 981 1161 1008 ordinavit
1176 981 1316 1016 injuriam.

1063 1036 1138 1065 CAP.
1154 1036 1276 1065 XXXIV.
1297 1052 1331 1058 -—
1354 1037 1393 1066 De
1417 1038 1580 1074 periodeutis
1597 1043 1623 1065 et
1648 1039 1679 1066 de
1694 1038 1809 1066 ecclesiis

1027 1082 1179 1110 rusticanis.

1198 1139 1311 1167 Concilii
1329 1139 1471 1168 Laudiceni
1493 1148 1578 1167 cotton
1591 1140 1636 1168 57.

1061 1186 1106 1213 57.
1123 1186 1202 1219 Quod
1230 1194 1284 1213 non
1304 1186 1332 1213 in
1353 1187 1421 1215 vicis
1444 1191 1471 1214 et
1493 1188 1569 1222 pagis
1587 1187 1733 1223 episcopos
1746 1195 1813 1215 con-

1026 1231 1121 1263 stitui,
1147 1231 1193 1258 sed
1215 1231 1294 1266 102
1317 1231 1501 1266 periodentas,
1529 1232 1582 1259 hoe
1604 1236 1667 1263 est.
1695 1233 1812 1260 circum-

1027 1274 1254 1309 cursatores;eos
1268 1282 1358 1304 autem
1373 1277 1421 1312 qui
1436 1277 1512 1312 prius
1533 1277 1675 1305 constituti
1692 1277 1813 1312 fuerunt,

1027 1321 1093 1348 nihil
1108 1329 1188 1357 agere
1203 1322 1264 1349 sine
1277 1326 1368 1349 mente
1387 1322 1507 1358 episcopi
1523 1323 1570 1358 qui
1587 1327 1629 1350 est
1645 1324 1673 1350 in
1691 1323 1812 1352 civitate.

1027 1366 1159 1395 Similiter
1181 1372 1272 1395 autem
1298 1372 1326 1395 et
1351 1369 1527 1404 presbyteros
1549 1369 1619 1396 nihil
1642 1377 1722 1405 agere
1752 1371 1813 1397 sine

1026 1417 1115 1440 monte
1130 1412 1261 1447 episcopi.

1064 1457 1169 1485 Tutus.
1193 1459 1287 1487 Const.
1311 1467 1348 1491 ll,
1360 1460 1404 1487 tit.
1422 1459 1450 1491 5,
1465 1459 1513 1487 lib.
1527 1468 1533 1486 I
1547 1478 1555 1491 ,
1567 1460 1653 1493 dicit,
1669 1466 1701 1486 ex
1722 1459 1815 1495 {ipss}

1027 1503 1248 1536 possessionibus
1268 1509 1296 1533 et
1318 1504 1406 1538 vicis,
1432 1512 1487 1532 non
1507 1509 1600 1531 autem
1630 1505 1758 1537 aliunde,
1787 1505 1813 1532 in

185 1549 333 1584 ἐκκλησίας
350 1549 440 1576 αὐτῶν
455 1549 677 1584 χειροτονεῖσθαι,
690 1548 761 1576 ὥστε
775 1549 912 1576 συντελεῖν
925 1549 974 1584 τὴν

1033 1548 1158 1577 :cclesias
1179 1549 1301 1584 ipsorum
1323 1549 1446 1578 ordinari
1469 1549 1604 1586 [debere],
1622 1555 1652 1577 ut
1674 1550 1813 1585 propriam

187 1595 255 1622 ἰδίαν
273 1594 452 1621 καπιτατιόνα
469 1595 516 1622 καὶ
539 1594 571 1621 τὸ
593 1594 734 1629 δημόσιον.
758 1594 790 1621 'ﬂ
802 1594 830 1620 δὲ
848 1598 884 1627 ις’
898 1594 969 1621 διάτ.

185 1642 233 1668 τοῦ
253 1641 335 1668 αὑτοῦ
354 1642 454 1673 τίτλου,
473 1641 522 1668 καὶ
537 1643 554 1677 ἡ
570 1641 593 1677 β’
606 1641 654 1668 τοῦ
672 1644 697 1667 α’
713 1640 766 1668 τίτ.
781 1639 835 1667 τῶν
848 1639 971 1674 Νεαρῶν,

186 1689 251 1722 φασὶ
266 1689 328 1719 τοὺς
344 1687 561 1723 ἐναπογράφους,
570 1688 617 1714 καὶ
630 1687 751 1714 ἀκόντων
759 1686 813 1712 τῶν
823 1686 972 1718 δεσποτῶν,

186 1735 216 1760 ἐν
231 1736 289 1765 ταῖς
303 1735 363 1761 κατ’
389 1735 489 1766 αὐτοὺς
504 1734 615 1768 κτήσεσι
640 1733 852 1769 χειροτονεῖσθαι
862 1740 869 1748 ’
894 1733 937 1767 ἐφ’
951 1729 973 1766 ᾧ

185 1780 230 1806 διὰ
243 1780 299 1806 τῶν
307 1780 444 1807 δεσποτῶν
457 1779 506 1814 τὴν
521 1779 701 1806 καπιτατιόνα
717 1779 864 1812 συντελεῖν,
881 1779 928 1806 καὶ
938 1778 973 1804 δι’

187 1816 412 1852 mmmam
427 1824 604 1860 λειτουργεῖν.

222 1907 346 1942 ΚΕΦᾹΛ.
369 1914 431 1942 AE'.
451 1929 486 1935 _
503 1914 570 1948 Περι
590 1914 644 1941 τοῦ
662 1914 721 1942 ὑπὸ
739 1914 792 1941 τὸν
806 1914 975 1941 ἐπίσκοπον

186 1956 242 1992 τῆς
261 1960 375 1992 πόλεως
387 1957 463 1986 εῖναι
475 1960 546 1992 τοὺς
565 1959 728 1994 κληρικοὺς
750 1959 807 1986 τῶν
823 1959 975 1994 πτωχείων

187 2005 236 2032 καὶ
253 2006 461 2040 μοι-ασττιρίων
487 2006 535 2032 καὶ
554 2007 748 2041 μαρτυρειων.

327 2060 462 2088 Συνόδου
478 2061 673 2095 Χαλκηδόνος
690 2060 792 2088 κανὼν
807 2064 831 2096 η’

220 2105 258 2142 η’.
266 2107 297 2134 Oi
310 2107 436 2142 κληρικοὶ
447 2107 502 2134 τῶν
513 2108 655 2143 πτωχείων
664 2108 710 2134 καὶ
720 2107 909 2142 μοναστηρίων
927 2107 976 2134 καὶ

188 2146 370 2188 μαρτυρείων,
381 2153 433 2179 ὑπὸ
446 2153 496 2189 τὴν
508 2153 632 2186 ἐξουσίαν
643 2154 698 2180 τῶν
717 2154 746 2180 ὲν
769 2154 872 2189 ἑκάστῃ
897 2153 975 2180 πόλει

186 2199 343 2227 ἐπισκόπων
357 2199 427 2226 κατὰ
440 2200 489 2236 τὴν
503 2199 558 2226 τῶν
571 2199 657 2234 ἁγίων
673 2200 803 2235 Πατέρων
818 2197 975 2235 παράδοσιν

185 2245 397 2279 διαμενέτωσαν,
417 2246 464 2272 καὶ
481 2245 518 2280 μὴ
535 2245 606 2271 κατὰ
617 2245 761 2272 αὐθάδειαν
781 2245 974 2280 ἀφηνιάτωσαν

186 2289 233 2316 τοῦ
246 2288 309 2316 ἰδίου
323 2289 482 2316 ἐπισκόπου.
508 2290 539 2316 Ol
549 2289 578 2316 δὲ
587 2289 741 2324 τολμῶντες
753 2290 917 2325 ἀνατρέπειν
925 2291 975 2326 τὴν

192 2334 312 2369 τοιαύτην
325 2335 492 2363 διατύπωσιν
504 2335 566 2362 καθ’
576 2336 734 2370 οἱανδήποτε
749 2337 860 2371 τρόπον,
878 2338 925 2363 καὶ
937 2337 974 2373 μὴ

190 2381 400 2417 δποταττόμενοι
423 2382 461 2417 τῷ
489 2382 546 2417 ἰδίῳ
566 2382 717 2418 ὲπισκόπῳ,
736 2383 760 2408 εί
774 2383 822 2417 μὲν
840 2381 894 2409 εἷεν
910 2383 976 2418 κλη-

191 2426 282 2462 ρικοὶ,
311 2428 366 2458 τοῖς
395 2427 450 2453 τῶν
478 2428 599 2454 κανόνων
641 2427 849 2454 ὑποκείσθωσαν
889 2428 975 2454 ἐπιτι-

189 2472 280 2508 μίοις·
302 2473 371 2500 εἰδὲ
399 2473 560 2511 μονάζοντες
585 2474 602 2509 ἢ
629 2474 728 2507 λαῖκοὶ,
757 2473 879 2501 ἔστωσαν
901 2475 973 2501 ἀκοι-

186 2518 309 2554 νώνητοι.

222 2576 348 2603 ΚΕΦᾹΛ.
364 2575 434 2610 AC7.
462 2591 497 2597 -—-
519 2577 589 2611 Περὶ
608 2576 726 2604 δούλων
753 2578 973 2612 κῖηρουμένων.

397 2623 590 2650 Ἀποο-τόλων
619 2623 721 2650 κανὼν
738 2624 793 2658 πβ’.

224 2668 278 2704 πβ¹.
294 2668 409 2699 Οἰκέτας
437 2670 477 2700 είς
492 2669 591 2705 κλῆρον
605 2670 827 2705 προχειρίζεσθαι
844 2670 908 2696 ἄνευ
926 2671 976 2705 τῆς

188 2715 241 2742 τῶν
257 2715 393 2742 δεσποτῶν
408 2716 530 2750 γνώμης,
552 2716 602 2742 οὐκ
631 2717 814 2751 ἐπιτρέπομεν
834 2717 880 2742 ἐπὶ
903 2716 976 2753 λύττῃ

188 2762 241 2788 τῶν
251 2762 439 2797 κεκτημένων·
460 2762 541 2788 οἴκων
562 2763 616 2796 γὰρ
632 2762 788 2796 ἀνατροπὴν
813 2763 842 2788 τὸ
871 2762 976 2788 τοιοῦτο

188 2807 343 2842 ἐργάζεται.
362 2808 392 2834 El
407 2808 434 2833 δέ
446 2816 510 2833 ποτε
523 2808 570 2834 καὶ
583 2807 657 2839 ἄξιος
673 2808 770 2843 φανείη
785 2808 892 2842 οίκέτης
906 2808 975 2843 πρὶς

189 2855 352 2890 χειροτονίαν
371 2853 486 2889 βαθμοῦ.
502 2849 557 2881 οἷος
576 2856 624 2890 καὶ
641 2855 655 2879 ὁ
676 2854 815 2893 ἡμέτερος.
831 2854 975 2889 Ὀνήσιμος

1023 1594 1217 1628 capitatiouem
1233 1601 1266 1622 ac
1280 1595 1394 1629 vectigal
1409 1595 1597 1623 contribuaut.
1618 1595 1736 1624 Constit.
1749 1604 1815 1624 vero

1024 1639 1058 1667 16
1073 1640 1194 1674 ejusdem
1212 1639 1256 1668 tit.
1271 1645 1299 1668 et
1315 1641 1351 1674 2,
1375 1641 1418 1669 tit.
1443 1640 1618 1669 Novellarunt
1635 1642 1728 1674 aiunt,
1746 1649 1813 1670 cen-

1024 1685 1100 1713 silms
1125 1690 1290 1720 annotatos,
1311 1686 1394 1714 etiam
1419 1687 1511 1715 invitis
1527 1686 1609 1723 [agri]
1627 1686 1756 1719 dominis,
1785 1687 1812 1714 in

1024 1730 1057 1757 iis
1068 1730 1136 1758 vicis
1150 1731 1177 1757 in
1190 1731 1291 1765 quibus
1307 1732 1466 1763 mansitant,
1478 1732 1617 1760 ordinari:
1635 1731 1685 1768 [ita
1696 1733 1813 1768 tamen,]

1025 1781 1055 1803 ut
1080 1776 1272 1811 eapitationem
1301 1777 1493 1811 contribuere,
1524 1783 1553 1805 ct
1578 1786 1626 1813 per
1652 1778 1813 1806 substitutos

1026 1822 1128 1849 ruralia
1144 1822 1275 1858 obsequia
1298 1823 1422 1858 exsequi,
1437 1831 1485 1858 per
1501 1823 1630 1852 dominos
1644 1824 1813 1859 compellan-

1027 1874 1080 1895 Illl'.

1059 1912 1136 1940 CAP.
1149 1911 1259 1941 XXXV.
1273 1929 1308 1934 -—
1323 1913 1358 1941 Ut
1371 1914 1490 1949 episcopo
1510 1915 1581 1942 urbis
1603 1915 1705 1942 subsint
1724 1915 1814 1942 clerici

1025 1962 1078 1984 tum
1097 1957 1125 1983 in
1146 1958 1292 1992 hospitibus
1313 1966 1470 1994 pauperum,
1489 1968 1569 1994 quam
1580 1960 1608 1986 in
1633 1961 1813 1995 utonasteriis,

1027 2003 1064 2030 uel
1083 2002 1149 2030 locis
1162 2011 1221 2038 quae
1234 2004 1361 2031 dicuntur
1372 2006 1504 2040 martyria
1518 2010 1661 2033 versantes.

1062 2059 1177 2086 Concilii
1194 2059 1417 2088 Chalcedonensis
1436 2067 1523 2086 canon
1536 2060 1563 2088 8.

1062 2106 1089 2134 8.
1106 2105 1205 2134 Clerici
1231 2105 1512 2140 ptocbotrophiorum,
1537 2105 1768 2133 monasteriorum
1787 2113 1815 2133 et

1027 2152 1187 2187 templorum
1212 2157 1373 2187 martyrum,
1390 2151 1441 2178 sub
1461 2155 1595 2186 potestate
1610 2153 1812 2186 episcoporum.

1027 2198 1074 2233 qui
1085 2203 1150 2226 sunt
1167 2199 1195 2225 in
1206 2204 1372 2232 unaquaque
1387 2197 1498 2225 civitate
1508 2217 1516 2228 ,
1531 2204 1564 2224 ex
1584 2201 1740 2224 sanctorqu
1760 2196 1813 2223 Pa-

1028 2249 1099 2271 trum
1124 2243 1280 2274 traditione,
1298 2247 1486 2278 permaneant,
1504 2248 1530 2269 ct
1547 2250 1601 2270 non
1619 2250 1666 2276 per
1682 2250 1814 2277 arrogan-

1028 2291 1091 2317 tiam
1107 2297 1138 2317 se
1166 2298 1181 2317 a
1201 2290 1313 2324 proprio
1333 2289 1472 2324 episcopo,
1488 2289 1633 2324 imperium
1648 2289 1708 2324 ejus
1724 2290 1814 2317 detre—

1026 2340 1143 2368 ctantes,
1167 2335 1332 2363 subducant.
1351 2335 1403 2367 Qui
1432 2336 1502 2362 hanc
1519 2340 1610 2362 autem
1636 2334 1814 2363 constitutioi

1028 2391 1088 2409 ncm
1106 2387 1228 2409 avertere
1239 2381 1299 2408 ausi
1320 2380 1433 2414 fuerint,
1461 2382 1484 2409 si
1504 2387 1595 2410 autent
1617 2383 1756 2416 monachi,
1773 2383 1813 2410 vel

1026 2427 1099 2461 laici,
1116 2429 1171 2456 sint
1183 2428 1423 2456 excouununicati.

1063 2573 1138 2601 CAP.
1149 2571 1221 2600 XXX
1227 2572 1348 2600 Vl.--—De
1355 2574 1435 2601 servis
1441 2574 1485 2609 qui
1497 2575 1524 2600 in
1534 2573 1632 2600 clerum
1639 2575 1811 2608 recipiuntur.

1247 2621 1432 2655 Apostolorum
1445 2629 1530 2647 canon
1549 2621 1592 2648 82.

1061 2669 1096 2696 82
1114 2668 1184 2705 [Si].
1201 2669 1301 2696 Servos
1318 2668 1344 2695 in
1359 2668 1461 2695 clerum
1477 2668 1589 2702 provehi
1605 2667 1664 2694 sine
1675 2667 1813 2693 voluntate

1029 2716 1106 2751 103
1124 2716 1310 2747 dominorum,
1328 2722 1380 2741 non
1402 2714 1594 2748 permittimus,
1609 2712 1643 2739 ad
1658 2719 1751 2738 eorum
1766 2711 1813 2745 qui

1027 2763 1167 2796 possident
1191 2763 1353 2789 molestiam.
1381 2761 1526 2787 Domornm
1546 2760 1619 2787 enim
1643 2759 1812 2786 eversionem

1028 2809 1089 2835 talia
1105 2808 1234 2835 efﬁciunt.
1255 2808 1283 2834 Si
1299 2808 1408 2842 quando
1427 2813 1515 2834 autem
1532 2806 1612 2832 etiam
1633 2806 1732 2839 dignus
1754 2813 1814 2832 ser-

1029 2862 1078 2880 vus
1094 2853 1169 2881 visus
1184 2853 1231 2887 sit,
1244 2853 1289 2888 qui
1306 2853 1337 2880 ad
1352 2853 1464 2887 gradum
1478 2851 1602 2886 eligatur,
1617 2850 1708 2884 qualis
1723 2855 1812 2877 noster
