1959 3061
142 161 194 194 559

718 153 849 185 ΡΗΟΤῙΙ
867 152 1120 184 ΡΑΤΒῙΑΒΟΗΕ
1133 153 1189 185 CP.

1711 151 1764 183 560

141 222 251 252 quoque
266 213 414 242 Onesimus
438 212 516 240 visus
538 215 589 244 est,
609 215 637 238 et
659 210 764 238 domini
784 216 928 238 concesse-

990 209 1077 245 φάνη,
1088 210 1137 236 καὶ
1160 208 1384 244 συγχωρήσουσιν
1414 207 1439 234 oi
1462 205 1590 234 δεσπόται
1616 206 1664 234 καὶ
1692 207 1768 234 ἐλευ-

141 263 198 290 rint
211 269 243 289 ac
257 259 444 291 Iiberaverint,
458 263 485 287 et
503 258 609 286 aedibus
621 257 774 291 emiserint,
791 257 848 284 ﬁat.

176 348 271 376 Const.
289 346 335 379 36,
351 347 394 374 tit.
414 313 511 394 #lib.
526 353 546 378 ι,
568 345 627 373 ced.
643 345 682 372 ait
705 352 813 372 servum
829 352 863 372 ne
880 352 929 371 vo-

141 393 330 428 Ientejquidem
338 390 450 419 domin'o
458 391 584 418 clericum
597 390 667 422 fieri,
678 390 729 418 nisi
741 390 818 425 prius
834 397 930 417 manu-

143 439 277 465 mittatur.
305 437 399 464 Const.
426 436 464 469 2,
491 436 534 463 tit.
563 436 576 462 1
602 435 773 462 Novellarum
800 435 868 463 ait:
900 433 928 461 Si

143 486 247 513 sciente
270 492 359 519 neque
376 483 581 511 contradicente
606 482 717 509 domino
746 481 864 508 clericus
887 480 930 507 fa-

143 536 204 558 ctus
218 530 308 562 fuerit,
324 529 410 566 [eum]
426 529 541 556 liberum
559 535 630 560 esse,
646 535 678 554 ac
697 527 753 554 ﬁeri
770 527 928 561 ingenuum.

144 575 173 602 Si
188 583 252 602 vero
279 573 429 610 [dominus]
449 581 510 601 cum
532 573 709 608 ignorasset,
731 572 801 599 intra
826 578 928 598 annum

144 620 194 655 [illi
207 619 298 655 suam]
311 619 448 646 fortunam
471 619 608 650 ostendat,
637 617 710 654 [eum
732 617 809 644 illum
837 615 929 652 posse]

143 667 275 701 recipere.
293 665 439 701 [Denique]
460 665 576 692 liberum
596 664 710 694 factum,
735 663 757 690 si
777 662 930 689 mundanus

144 713 200 746 ﬁat,
218 712 329 740 domino
347 719 398 740 suo
412 712 439 738 in
455 711 613 738 servitutem
629 710 710 736 tradi.
726 708 826 735 Eadem
839 711 930 735 eonst.

143 759 208 787 dicit
231 759 418 793 episcopatum
453 764 468 784 a
490 756 580 784 servili
609 760 690 790 atque
715 754 930 790 ascriptitiorum

143 805 308 837 conditione,
322 809 348 831 et
362 812 377 831 ε
394 803 481 838 patria
501 806 635 836 potestate
658 801 784 828 liberare.
799 799 877 833 Quod
889 799 931 833 ip-

143 861 205 882 sum
228 860 295 880 sane
317 852 398 879 etiam
414 849 523 878 Novella
545 849 662 883 8‘1.qu:e
681 847 774 880 tradit,
797 854 846 880 per
861 853 931 881 quas

979 253 1140 289 θερὼσουσι,
1165 254 1213 280 καὶ
1239 252 1288 279 τοῦ
1312 253 1388 280 οἴκου
1415 253 1521 280 ἑαυτῶν
1545 252 1766 286 ἐξαποστείλωσι,

978 299 1105 334 γινέσθω.

1019 343 1052 372 'H
1068 345 1097 371 δὲ
1106 345 1150 377 λς’
1165 344 1287 378 διάταξις
1294 343 1341 371 τοῦ
1353 344 1380 379 γ’
1392 344 1446 372 τίτ.
1457 344 1504 372 τοῦ
1516 347 1540 371 α’
1552 344 1623 380 βιὸλ.
1635 344 1683 371 τοῦ
1690 344 1767 377 κώδ.,

979 389 1071 425 φησὶν,
1087 390 1128 416 ὅτι
1142 389 1244 422 δοῦλος,
1261 389 1323 416 οὔτε
1337 390 1407 416 κατὰ
1426 388 1540 424 γνώμην
1566 388 1614 415 τοῦ
1637 389 1768 416 δεσπότου

979 435 1140 470 κληροῦται,
1153 435 1177 461 εἰ
1194 435 1232 470 μὴ
1245 435 1379 470 πρότερον
1393 434 1572 470 ἐλευθερωθῇ.
1587 434 1621 461 Ἦ
1630 434 1658 461 δὲ
1669 434 1767 470 β’διάτ.

979 480 1025 506 τοῦ
1039 482 1065 506 α’
1078 480 1130 507 τίτ.
1147 480 1200 507 τῶν
1215 480 1340 515 Νεαρῶν,
1362 480 1446 515 φησὶν
1461 480 1503 506 ὅτι
1520 479 1568 506 ἐὰν
1587 479 1769 513 γινώσκοντος

980 525 1027 551 καὶ
1043 524 1081 559 μὴ
1097 524 1284 558 ἀντιλέγοντος
1302 524 1349 551 τοῦ
1363 524 1498 550 δεσπότου
1508 523 1646 560 πληρωθῇ,
1663 524 1770 551 ἐλευθε-

982 571 1074 607 ροῦται
1098 571 1144 599 καὶ
1169 572 1283 608 εὐγενὴς
1306 572 1422 607 γίνεται.
1446 572 1479 599 El
1493 571 1522 598 δέ
1550 571 1685 607 ἠγνόησεν
1704 572 1771 598 εἵσω

980 618 1101 644 ἐνιαυτοῦ
1113 619 1220 650 δεικνὺς
1238 619 1289 654 τὴν
1314 619 1410 655 τύχην,
1432 618 1567 653 λαμϐάνει
1591 619 1683 646 αὐτόν.
1701 619 1770 645 ’0δέ

980 663 1216 699 ἐλευθερούμενος,
1237 665 1285 691 ἐὰν
1298 664 1429 700 κοσμικὺς
1449 664 1572 699 γένηται,
1592 664 1770 699 παραδίδοται

980 709 1020 740 εις
1031 708 1153 735 δουλείαν
1166 708 1207 744 τῷ
1220 708 1340 744 δεσπότῃ
1361 708 1453 735 αὐτοῦ.
1474 709 1506 734 'H
1519 709 1549 735 δέ
1565 708 1633 742 αὐτὴ
1647 707 1770 739 διάταξις

979 753 1064 789 λέγει,
1077 755 1118 781 ὅτι
1131 755 1149 789 ἡ
1165 755 1312 790 ἐπισκοπὴ,
1324 755 1370 781 καὶ
1382 755 1508 790 ὼυλικῆς
1520 755 1567 781 καὶ
1578 754 1771 789 ἐναπογράφου

980 799 1064 835 τύχης
1076 800 1217 835 ἐλευθεροῖ
1233 801 1279 827 καὶ
1299 800 1524 835 ὐπεξουσιότητος
1536 808 1546 816 υ
1557 800 1590 826 τὺ
1607 799 1674 826 αὐτὸ
1682 799 1711 826 δὲ
1723 800 1771 826 καὶ

981 846 998 880 ὴ
1010 849 1045 872 σε’
1059 847 1143 882 νεαρὰ
1162 847 1179 881 ἡ
1192 846 1412 881 διαλαμϐάνουσα
1433 846 1478 873 διὰ
1503 846 1588 872 ποίων
1607 845 1773 880 ἀξιωμάτων

143 899 289 934 dignitates
310 899 394 925 curiae
419 895 516 932 [nexu]
538 894 679 930 patriaque
705 897 841 929 potestate
867 892 929 927 quis

990 892 1170 934 ιουλευτηρίον
1190 901 1232 925 τις
1249 893 1439 928 ἐλευθεροῦται
1453 893 1501 920 καὶ
1515 892 1741 927 ὑπεξουσιότητος
1761 899 1768 907 ’

143 945 284 973 liberetur.

178 1000 255 1029 CAP.
273 999 395 1027 XXXVI.
410 1013 444 1019 —
456 997 495 1026 De
511 995 682 1029 diaconim'r,
702 999 728 1023 et
748 994 820 1030 quod
834 992 930 1021 mulier

142 1045 345 1082 presbyteralem
358 1044 514 1080 dignitatem
527 1051 579 1070 non
592 1042 720 1070 obtineat.

333 1100 446 1128 Consilii
468 1099 573 1127 Nicaeni
595 1106 679 1126 canon
695 1097 740 1124 £9.

179 1148 224 1175 I9.
237 1147 275 1174 De
290 1146 479 1176 Paulianistis.
489 1145 535 1179 qui
549 1144 646 1171 deinde
658 1143 692 1170 ad
706 1141 848 1169 ecclesiam
861 1147 928 1168 con-

144 1193 289 1228 fugerunt,
313 1195 446 1219 statutum
469 1194 533 1222 est.
559 1193 589 1216 ut
618 1189 636 1216 ii
669 1188 782 1215 omnino
806 1186 928 1221 rebapti-

143 1243 251 1266 zentur.
271 1237 299 1264 Si
317 1236 364 1271 qui
389 1242 454 1263 vero
473 1239 594 1269 tempore
614 1233 753 1268 prmterito
769 1234 795 1259 in
816 1232 930 1260 clerico-

143 1292 203 1312 rum
222 1289 338 1311 numero
354 1285 443 1313 erant,
459 1280 481 1308 si
492 1279 601 1315 quidem
613 1286 628 1306 a
645 1278 724 1313 culpa
739 1282 767 1305 et
781 1277 930 1313 reprehen-

143 1331 222 1357 sione
233 1329 315 1363 aquui
328 1328 379 1355 visi
391 1326 503 1359 fuerint,
518 1324 848 1360 rebaptitatfordinentur
858 1331 872 1349 ιι
884 1331 930 1350 ca-

143 1376 251 1404 tholica:
258 1373 337 1409 105.
345 1372 474 1401 Ecclesiae
488 1372 626 1407 episcopo.
645 1371 672 1398 Si
686 1378 751 1398 vero
762 1369 930 1398 examinatio

143 1427 191 1447 eos
215 1427 269 1447 non
286 1426 347 1446 esse
370 1422 449 1452 aptos
463 1416 655 1452 deprehendit,
673 1415 771 1450 deponi
786 1423 834 1442 eos
847 1422 931 1449 opor-

144 1471 192 1493 tet.
212 1464 345 1492 Similiter
364 1468 457 1490 autem
470 1466 497 1490 et
519 1463 554 1489 de
578 1462 753 1494 diaconissis,
778 1464 805 1488 et
818 1460 931 1488 omnino

144 1511 178 1538 de
197 1509 328 1538 omnibus
341 1508 390 1543 qui
406 1508 478 1535 inter
500 1507 616 1534 clericos
639 1510 866 1538 annumerantur,
886 1512 931 1532 ea-

981 940 999 974 ἠ
1014 940 1070 974 γὰρ
1084 942 1105 965 o'
1120 939 1206 974 νεαρὰ
1218 939 1377 966 ἐπισκόπων
1397 939 1429 966 οὐ
1453 939 1600 974 μέμνηται.
1651 967 1653 970 π

1014 994 1142 1022 ΚΕΦΔΛ.
1170 994 1231 1022 ΛΖ’.
1257 1009 1292 1015 —-
1315 994 1385 1029 Περὶ
1407 995 1622 1026 διακονισσῶν,
1647 993 1697 1021 καὶ
1725 993 1771 1020 ὅτι

980 1039 1056 1074 γυνὴ
1072 1041 1108 1068 οὐ
1126 1040 1239 1076 γίνεται
1255 1040 1452 1076 πρεσϐυτέρα.

1146 1096 1281 1124 Συνόᾶου
1303 1097 1428 1129 Νικαίας
1451 1096 1553 1124 κανὼν
1576 1095 1621 1122 LO’.

1015 1140 1059 1169 ιθ’,
1073 1141 1142 1178 Περὶ
1156 1142 1469 1174 τῶν-Παυλιανισάντων,
1486 1140 1547 1168 εἶτα
1561 1140 1772 1179 προσφυγόντων

979 1189 1014 1224 τῇ
1029 1188 1162 1224 καθολικῇ
1185 1188 1332 1224 Ἐκκλησία
1342 1209 1350 1222 ,
1365 1188 1427 1223 ope;
1450 1187 1600 1214 ἐκτέθειται
1615 1185 1772 1221 ,ἀνασαπτί-

980 1233 1075 1265 ζεσθαι
1096 1233 1195 1261 αὐτοὺς
1205 1233 1364 1264 ἐξάπαντος.
1381 1232 1413 1259 Εἰ
1436 1232 1465 1258 δέ
1477 1241 1549 1264 τινες
1570 1231 1609 1266 τῷ
1620 1230 1772 1266 παρεληλυ-

981 1279 1038 1306 θότι
1068 1279 1158 1314 χρόνῳ
1181 1279 1211 1305 ἐν
1244 1278 1284 1311 τῷ
1310 1278 1404 1314 κλήρῳ
1442 1277 1642 1313 ἐξητάσθησαν,
1671 1278 1695 1303 εἰ
1722 1277 1772 1312 μὲν

980 1327 1121 1362 ἄμεμπτοι
1136 1326 1182 1352 καὶ
1200 1325 1379 1360 ἀνεπίληπτοι
1395 1324 1771 1359 φανειεν,ἁνα6απτισθέντες

981 1371 1237 1409 χειροτονείσθωσαν
1252 1371 1303 1398 ὑπὸ
1318 1371 1363 1398 τοῦ
1375 1371 1426 1406 τῆς
1440 1371 1589 1406 καθολικῆς
1608 1370 1772 1406 Ἐκκλησίας

982 1418 1142 1445 ἐπισκόπου.
1157 1418 1189 1443 Et
1203 1417 1231 1443 δὲ
1247 1418 1265 1452 ἡ
1289 1418 1434 1452 ἀνάκρισις
1449 1417 1654 1452 ἀνεπιτηδείους
1670 1417 1772 1448 αὐτοὺς

981 1463 1116 1498 εὑρίσκει,
1144 1462 1337 1497 καθαιρεῖσθαι
1349 1462 1447 1494 αὐτοὺς
1467 1463 1611 1498 προσήκει.
1635 1462 1772 1494 Ὡσαύτως

981 1509 1008 1535 δὲ
1024 1509 1143 1544 καὶπερὶ
1158 1509 1213 1535 τῶν
1229 1509 1420 1541 διακονισσῶν,
1435 1510 1481 1536 καὶ
1499 1509 1568 1541 ὅλως
1587 1509 1651 1546 περὶ
1672 1509 1728 1536 τῶν
1742 1509 1772 1535 ἐν

143 1557 205 1584 dem
222 1555 308 1583 forma
326 1554 488 1582 servabitur.
507 1553 735 1591 rDiaconissarum
757 1556 848 1578 autem
873 1557 929 1577 me-

990 1554 1024 1589 ιῷ
1041 1555 1133 1581 κανόνι
1152 1554 1364 1590 ἐξεταζομένων,
1390 1556 1404 1581 ό
1419 1555 1500 1586 αὐτὸς
1515 1556 1601 1588 τύπος
1618 1555 1772 1591 περιφυλα-

145 1602 274 1628 minimus
296 1607 358 1635 quae
380 1599 408 1626 in
434 1599 530 1626 habitu
548 1598 659 1633 quidem
685 1600 842 1627 censentur.
866 1603 932 1630 quo-

145 1647 218 1674 niam
237 1653 287 1673 nec
308 1645 391 1672 ullam
407 1645 509 1672 habent
523 1651 653 1671 manuum
671 1642 884 1676 impositionem,
903 1644 933 1668 ut

145 1692 257 1720 omnino
277 1692 349 1718 inter
366 1691 452 1718 Iaicos
467 1691 534 1724 ipsa
549 1692 792 1716 connumerentur.

325 1781 438 1808 Concilii
457 1779 599 1807 Laodiceni
612 1787 698 1806 canon
709 1778 753 1806 Il.

180 1828 224 1854 tl.
237 1826 297 1854 Non
311 1831 438 1861 oportere
451 1834 499 1854 eas
510 1833 570 1860 qua
585 1826 713 1853 dicuntur
728 1824 894 1860 presbyterze
905 1828 932 1851 et

145 1872 332 1907 praesidentes,
345 1873 372 1898 in
384 1871 509 1899 ecclesiis
524 1871 664 1899 constitui.

290 1926 403 1954 Conciti!"
417 1926 638 1954 Chalcedonensis
649 1934 734 1953 canon
745 1926 789 1954 15.

181 1970 223 1998 15.
244 1970 433 1999 Diaconissam
458 1980 512 1999 non
536 1979 598 2000 esse
622 1973 776 2005 mulierem,
802 1977 869 2004 etc.,
899 1975 930 1998 ut

145 2024 207 2051 pag.
223 2016 286 2044 550.

269 2060 383 2089 Consilii
396 2062 548 2089 acumenici
561 2061 629 2089 sexti
645 2070 730 2089 canon
743 2061 788 2089 Η.

180 2106 223 2133 M.
255 2106 418 2135 Sanctorum
437 2107 649 2142 divinorumque
668 2107 789 2141 Patrum,
816 2110 882 2140 etc.,
900 2111 928 2133 ut

143 2159 204 2186 pag.
216 2152 279 2180 55L

177 2197 255 2226 CAP.
274 2198 419 2226 XXXVIII.
442 2213 479 2220 —
497 2199 634 2233 Quatenus
661 2208 708 2235 per
725 2200 929 2234 :ordinationem

143 2248 250 2278 peccata
265 2244 409 2272 solvantur.

292 2300 405 2328 Concilii
417 2300 640 2329 Neocmariensis
653 2310 736 2329 canon
749 2303 776 2330 9.

181 2347 208 2374 9.
219 2347 248 2374 Si
259 2349 462 2420 ggepbyterﬂui
471 2356 586 2384 corpore
594 2350 670 2384 prius
683 2354 854 2384 peccaverat,
862 2354 928 2383 etc.,

144 2397 175 2420 ut
189 2400 247 2428 pag.
319 2415 325 2421 .
543 2404 550 2409 -

986 1599 1126 1634 χθήσεται,
1146 1599 1322 1635 ἐμνήσθημεν
1331 1600 1360 1627 δὲ
1372 1600 1426 1627 τῶν
1438 1601 1617 1629 διακονισσῶν
1628 1603 1682 1629 τῶν
1691 1604 1720 1629 ἐν
1732 1602 1772 1638 τῷ

986 1645 1105 1680 σχήματι
1121 1645 1325 1679 ἐξετασθεισῶν,
1351 1646 1413 1673 ἐπεὶ
1440 1647 1507 1683 μηδέ
1531 1648 1700 1684 χειροθεσίαν
1710 1648 1772 1675 τινὰ

985 1691 1112 1727 ἔχουσινν
1144 1691 1215 1718 ὥστε
1241 1692 1392 1725 ἐξάπαντος
1421 1693 1450 1720 ἐν
1475 1694 1532 1725 τοῖς
1557 1693 1663 1726 λαῖκοῖς
1686 1694 1771 1726 αὑτὰς

985 1737 1170 1770 ἐξετάζεσθαι.

1135 1784 1270 1811 Συνόδου
1283 1784 1460 1818 Λαοδικείας
1469 1786 1569 1812 κανὼν
1586 1789 1631 1813 ια’.

1021 1827 1067 1856 ια’.
1080 1829 1148 1865 Περὶ
1162 1830 1209 1855 τοῦ
1228 1829 1267 1865 μὴ
1276 1829 1331 1856 δεῖν
1345 1829 1396 1861 τὰς
1409 1830 1559 1865 λεγομένας
1578 1829 1770 1866 πρεσϐύτιδας,

985 1875 1042 1910 ἦτοι
1051 1875 1277 1911 προκαθημένας,
1287 1876 1317 1902 ἐν
1329 1875 1462 1911 ἐκκλησίᾳ
1477 1875 1668 1905 καθίστασθαι.

1116 1931 1252 1959 Συνόδου
1269 1931 1462 1966 Χαλκηδόνος
1484 1931 1586 1959 κανὼν
1598 1931 1642 1959 ιε’.

1021 1977 1062 2006 ιε’.
1072 1978 1252 2006 Διακόνισσαν
1264 1979 1302 2014 μὴ
1315 1979 1656 2014 χειροτονεῖσθαιγυναῖχα,
1665 1987 1728 2007 aut.
1742 1979 1768 2007 λ.

1041 2067 1178 2096 Συνόδου
1202 2067 1411 2102 οικουμενικῆς
1429 2068 1519 2102 ἕκτης
1541 2068 1644 2096 κανὼν
1665 2068 1708 2096 ιδ’.

1019 2114 1060 2141 ιδ’.
1084 2115 1115 2140 '0
1128 2113 1183 2140 τῶν
1197 2113 1283 2147 ἁγίων
1306 2114 1354 2140 καὶ
1378 2114 1516 2149 θεοφόρων
1533 2114 1612 2150 ἡμῶν
1626 2115 1768 2150 Πατέρων,

984 2168 1011 2187 κ.
1025 2169 1050 2187 τ.
1063 2159 1090 2186 λ.

1018 2190 1144 2232 ΚΕΦΑΛλ
1165 2204 1232 2232 AH’.
1247 2220 1276 2224 —
1297 2204 1368 2239 Περὶ
1378 2205 1439 2233 τῶν
1457 2205 1506 2233 διὰ
1516 2204 1570 2239 τῆς
1583 2207 1769 2241 χειροτονίας

983 2251 1139 2286 ,λυομένων
1157 2251 1381 2286 ἁμαρτημάτων.

1107 2307 1243 2334 Συνόδου
1257 2308 1490 2342 Νεοκιιισιιρείας
1508 2308 1608 2335 κανὼν
1621 2308 1654 2336 θ’.

1021 2353 1053 2381 θ’.
1062 2353 1250 2390 Πρεσϐύτερος
1259 2354 1307 2381 ἐὰν
1316 2354 1537 2390 προημαρτηκὼς
1545 2354 1663 2390 σώματι,
1672 2363 1699 2382 κ.
1709 2363 1735 2382 τ.
1744 2354 1768 2381 λ.
