1959 3061
171 185 224 219 561

611 186 812 216 SYNTAGMA
827 186 1022 217 CANONUM.
1037 197 1071 205 -
1089 187 1164 216 TIT.
1181 186 1222 216 II.
1241 186 1320 216 CAP.
1335 187 1359 216 Ι.

1747 185 1800 217 562

835 337 1046 384 ’ΤΙΤΑοΣ
1082 337 1143 382 B’.

173 440 252 468 ΠΕΡΙ
269 441 438 468 ΠΟΙΗΣΕΩΣ
445 440 648 468 ΕΚΚΑΗΣΙοΝ
665 441 723 467 ΚΑΙ
737 441 818 468 ΠΕΡΙ
828 442 928 468 ΙΕΡΩΝ
943 442 1081 469 ΣΚΕΥΩΝ
1097 442 1157 468 ΚΑΙ
1170 442 1420 474 ΛΝΑΘΗΜΑΤΩΝ,
1439 441 1500 468 ΚΑΙ
1514 440 1695 468 ΚΛΗΡΙΚΩΝ
1709 440 1799 468 ΠΔΡΔ

577 476 725 504 ΓΝΩΜΗΝ
745 475 944 504 ΕΠΙΣΚΟΠΩΝ
959 477 1134 504 ΙΣΤΩΝΤΩΝ
1149 477 1390 504 ΘΥΣΙΔΣΤΗΡΙΔ.

744 629 823 666 ¹⁰⁵
847 638 1108 685 TITULUS
1154 639 1221 683 ll.

172 736 217 764 DE
231 734 498 764 EXSTBUCTIONE
514 734 772 767 ECCLESIKRUM,
786 735 829 762 ET
845 734 889 761 DE
911 734 1035 762 SACRIS
1062 733 1162 762 VASIS
1180 733 1298 767 ATQUE
1319 733 1501 768 DONARIIS,
1521 733 1566 762 ET
1583 734 1627 762 DE
1645 732 1804 761 CLERICIS

488 770 640 799 PBAL'TER
661 769 885 799 SENTENTIAM
898 769 1052 798 EPISCOPI
1070 769 1223 797 ALTARIA
1236 768 1480 798 EIUGENTIBUS.

169 925 180 948 Γ
206 925 405 952 ΚΕΦΑΛΔΙΟΝ
419 924 604 953 ΠΡΩΤΟΝ.-
612 924 682 958 Περὶ
701 925 902 960 καθιερώσεως
913 925 961 953 ἐκ-

1047 924 1165 954 CAPUT
1190 923 1336 952 PRIMUM.
1357 939 1391 944 —
1404 923 1440 950 De
1462 923 1657 950 consecratione
1677 923 1803 951 ecclesia—

170 971 308 1004 ιιλησιῶν
332 971 382 998 καὶ
407 971 591 1006 μαοτυρείων
609 970 654 1006 μὴ
680 971 814 1006 ἐχόντων
830 972 963 1006 λείψανα

169 1017 272 1053 ἁγίων.

252 1062 388 1090 Συνόδου
415 1062 627 1097 Καρθατέννης
644 1061 745 1090 κανὼν
762 1066 801 1096 ς’,
816 1062 874 1097 σῖγ’.

207 1107 297 1134 Ὥστε
312 1107 427 1142 χρίσμα
447 1108 506 1135 ἀπὸ
535 1108 743 1142 πρεσϐυτέρων
758 1108 801 1143 μὴ
815 1109 960 1144 γίνεσθαι.

207 1153 246 1185 ς’.
260 1153 461 1189 Φουρτουνάτος
472 1154 621 1186 iniquom;
641 1151 728 1181 εἶπεν·
747 1154 792 1181 Ἐν
814 1156 875 1187 ταῖς
895 1163 962 1190 προ⁸

170 1198 318 1230 λαϐούσαις
334 1199 454 1232 συνόδοις
475 1199 639 1235 μεμνήμεθα
658 1200 693 1227 τὰ
709 1199 861 1235 ὁρισθέντα,
891 1200 961 1227 ὥστε

172 1243 287 1279 χρίσμα,
306 1244 509 1281 ἢκαταλλατὴν
523 1245 736 1280 μετανοούντων,
759 1246 777 1281 ἢ
794 1246 894 1282 κορῶν,
915 1246 962 1273 καὶ

172 1290 333 1323 etiamm”!
346 1292 417 1318 ναῶν
441 1292 606 1326 καθιέρωσιν
632 1292 686 1319 ἀπὸ
714 1292 909 1328 πρεσϐυτέρων
923 1292 962 1328 μὴ

173 1336 297 1371 γίνεσθαι
309 1346 316 1353 ·
340 1338 388 1365 ἐὰν
403 1337 432 1364 δέ
450 1346 492 1370 τις
506 1338 614 1374 ἀναφυῇ
631 1338 710 1365 τοῦτο
723 1338 861 1372 πράττων,
880 1338 907 1365 τί
922 1339 963 1365 δεῖ

174 1383 240 1418 περὶ
252 1382 347 1410 τούτου
369 1383 479 1419 cpiam;
499 1383 633 1420 Ᾱῦρήλιος
647 1384 797 1415 ἐπίσκοπος
810 1382 898 1411 εἶπεν·
924 1384 961 1410 Τὸ

173 1429 306 1464 ὑμέτερον
332 1429 441 1464 ἀξίωμα
467 1430 569 1466 ἢκουσε
593 1429 624 1456 τὸ
648 1429 790 1465 ἀνενεχοὲν
812 1430 889 1465 παρά
913 1429 961 1456 τοῦ

171 1473 286 1508 ἀδελφοῦ
300 1475 346 1501 καὶ
374 1474 581 1510 συλλειτουργοῦ
602 1475 683 1510 ἡμῶν
701 1476 916 1510 Φουρτουνάτου,
934 1476 962 1502 τί

172 1520 242 1555 πρδς
253 1520 340 1547 ταῦτα
363 1520 476 1555 λέγετε;
497 1521 563 1548 Ἀπδ
586 1521 695 1548 πάντων
722 1521 777 1548 τῶν
802 1522 961 1548 ἐπισκόπων

172 1565 282 1601 ὲλέχθηο
299 1566 458 1602 Χρισματος
478 1567 598 1602 ποίησις,
609 1567 657 1594 καὶ
673 1566 763 1602 κορῶν
785 1567 960 1603 καθιέρωσις,

171 1610 227 1637 ἀπὸ
243 1611 440 1647 πρεσϐυτέρων
461 1612 500 1648 μὴ
519 1612 642 1648 γένηται,
664 1613 733 1648 μήτε
747 1612 776 1639 δὲ
794 1613 961 1646 καταλλάξαι
979 1606 1001 1634 Β

172 1656 235 1682 τινὰ
249 1656 288 1687 είς
296 1655 429 1691 δημοσίαν
444 1657 616 1693 λειτουργίαν
634 1657 813 1693 πρεσϐυτέρῳ
840 1657 961 1694 ἐξεῖναι,-

172 1702 252 1729 τοῦτο
267 1703 349 1730 πᾶσιν
371 1703 494 1739 ἀρέσκει.

209 1749 278 1783 Περι
291 1748 351 1776 τῶν
370 1750 516 1777 πλαστῶν
525 1750 679 1785 μνημείων
697 1749 929 1784 τῶνμαρτύρων.

210 1798 266 1828 πγν.
287 1795 404 1830 Ὁμοίως
428 1796 526 1832 ἤρεσεν
541 1797 584 1823 ἵνα
610 1796 643 1823 τὰ
666 1795 803 1831 πανταχοῦ
831 1796 883 1822 ἀνὰ
902 1797 966 1828 τοὺς

172 1840 276 1875 ἀγροὺς
294 1841 342 1867 καὶ
371 1841 434 1873 τοὺς
461 1841 627 1877 ἀμπελῶνας
655 1841 846 1877 θυσιαστήρια,
863 1841 965 1869 ὡσανεὶ

172 1886 214 1918 εἰς
229 1886 340 1921 μνήμην
371 1886 518 1923 μαρτύρων
543 1887 740 1922 καθιστάμενα,
764 1888 792 1914 ἐν
805 1884 846 1919 οἷς
858 1887 917 1914 οὐδὲ
936 1887 965 1915 ἓν

174 1931 255 1966 σῶμα
280 1932 296 1967 η
319 1932 432 1967 λείψανα
451 1933 598 1969 μαρτύρων
626 1935 796 1969 ἀποκείμενα
817 1934 963 1969 δείκνυται,

172 1977 228 2004 ἀπὸ
250 1977 304 2004 τῶν
319 1978 451 2005 ἐντοπίων
467 1979 626 2006 ἐπισκόπων
649 1981 674 2007 ει
704 1982 761 2008 ἐστι
780 1982 892 2009 δυνατὸν
913 1992 964 2009 κα-

173 2023 388 2059 ταστρέφωνται.
410 2025 441 2051 Ei
466 2025 494 2052 δὲ
513 2025 592 2052 τοῦτο
617 2025 743 2062 θορύϐοις
760 2028 918 2063 δημοτικοῖς
933 2029 963 2056 οὺ

174 2070 368 2104 συγχωρεῖται,
390 2070 464 2105 ὅμως
479 2070 514 2097 τὰ
531 2071 622 2113 πλήθῃ
646 2073 830 2109 νουθετηῦῶσι
848 2073 887 2110 μὴ
901 2075 964 2109 ὀχλ-

172 2116 293 2148 αγωγείν
318 2116 381 2148 τοὺς
395 2117 495 2148 τόπους
517 2117 640 2148 ἐκείνους
654 2126 661 2134 '
683 2119 732 2146 καὶ
747 2119 790 2146 ἵνα
805 2121 829 2146 οι
847 2119 881 2146 τά
897 2120 965 2154 ὀρθά

172 2161 336 2196 φρονοῦντες
368 2162 489 2198 μηδεμιᾷ
521 2162 717 2199 δεισιδαιμονίᾳ
747 2164 801 2191 τῶν
836 2164 964 2191 τοιούτων

171 2207 264 2234 τόπων
280 2208 524 2243 καταδεσμῶνται·
546 2209 593 2236 καὶ
613 2211 754 2241 παντελῶς
777 2211 844 2246 μηδὲ
869 2211 963 2247 μνήμη

173 2255 321 2290 μαρτύρων
338 2256 507 2292 ἐπιτελεσθῇ.
541 2258 565 2284 εἰ
591 2258 628 2293 μή
656 2267 707 2284 που
729 2259 746 2293 ἢ
766 2258 878 2294 σῶμ.αῆ
902 2267 964 2286 τινα

171 2302 287 2336 λείψανα
309 2299 386 2336 ὦσιν,
401 2303 418 2337 ἢ
433 2303 611 2339 ἀρχαιογονία
624 2305 696 2336 τινὸς
710 2305 855 2341 οἰκήσεως,
870 2306 886 2341 ἢ
903 2307 962 2333 κτί-

172 2356 253 2380 σεως,
286 2349 302 2384 ἢ
338 2348 443 2381 πάθους
468 2351 552 2385 πιστῇ
578 2351 739 2386 ἀρχαιότητι
766 2351 961 2386 παραδίδοται·

171 2393 223 2421 ὅσα
243 2395 299 2430 γὰρ
318 2395 353 2421 δι’
377 2395 512 2423 ἐνυπνίων
538 2396 587 2422 καὶ
614 2397 739 2431 ματαίων
761 2397 963 2433 ἀποκαλύψεων

170 2439 324 2474 ἀνθρώπων
346 2441 429 2468 τινῶν
458 2442 628 2477 ὁπουδήποτε
656 2443 834 2470 καθίστανται
862 2443 961 2471 ουσια-

172 2487 292 2520 στήρια,
320 2487 402 2513 παντὶ
444 2487 538 2523 τρόπῳ
571 2487 607 2514 τὰ
647 2488 758 2515 τοιαῦτα
792 2489 960 2525 ἀποδοκιμα-

172 2530 286 2558 σοῶσιν.

277 2577 413 2604 Συνόδου
424 2578 547 2611 Νικαίας
558 2578 593 2606 τὸ
605 2578 647 2613 β’,
658 2579 759 2607 ’κανὼν
776 2581 857 2614 ζ’,ιζ’.

206 2623 274 2649 ὀτι
294 2623 366 2657 τοὺς
387 2625 635 2659 ὲγκαινισθέντας
653 2627 746 2661 ναοὺς
759 2627 847 2661 ἐκτὸς
872 2637 964 2656 κατα-

169 2668 282 2701 θέσεως
320 2670 413 2704 ἀτίων
451 2671 626 2706 λειψάνων,
671 2672 743 2700 δέον
782 2674 963 2709 ἀναπληρω-

169 2714 270 2748 θῆναι.

205 2759 241 2791 ζ’.
253 2761 326 2796 Ἔφη
341 2761 446 2794 Παῦλος
458 2763 472 2789 ὁ
487 2762 558 2795 θεῖος
568 2764 727 2797 ἀπόστολος·
744 2764 835 2792 Ῐινῶν
848 2765 963 2800 ἀνθρώ-

170 2812 237 2831 πων
266 2807 295 2832 al
317 2806 455 2841 ἁμαρτίαι
483 2808 630 2843 πρόδηλοί
656 2811 736 2844 εἰσι,
766 2810 827 2837 τισὶ
851 2810 885 2838 δὲ
912 2812 960 2838 καὶ

1015 980 1074 1000 rum
1087 976 1112 999 et
1127 971 1315 1007 martyriorum
1328 979 1387 1006 qute
1402 975 1555 998 sanctarum
1570 970 1684 1006 reliquiis
1700 974 1801 998 carent.

1134 1060 1246 1088 Concilii
1261 1059 1478 1096 Carthaginemir
1493 1067 1575 1087 certon
1592 1059 1620 1093 6,
1639 1060 1684 1087 85.

1052 1106 1086 1134 Ut
1100 1107 1215 1134 chrisma
1230 1115 1246 1134 ο
1259 1106 1417 1141 presbyteri:
1431 1114 1484 1133 non
1498 1106 1546 1141 ﬁat
1558 1107 1592 1134 “.

1051 1153 1077 1181 6.
1094 1153 1261 1181 Fortunatus
1271 1153 1416 1188 episcopus
1431 1152 1517 1180 dixit:
1532 1152 1561 1179 ln
1575 1152 1723 1188 praeteritis
1737 1159 1805 1179 con-

1014 1199 1087 1227 ciliis
1102 1203 1233 1228 statutum
1256 1198 1332 1236 [ηιμ.
1356 1197 1518 1234 constituta]
1533 1198 1709 1226 meminimus
1724 1206 1804 1232 esse,

1014 1250 1046 1274 ut
1063 1246 1183 1274 chrisma
1202 1245 1245 1273 vel
1260 1245 1448 1273 reconciliatio
1470 1244 1662 1280 ptenitentium
1673 1265 1680 1277 ,
1696 1252 1803 1273 necnon

1014 1297 1041 1320 et
1052 1292 1204 1327 puellarum
1220 1292 1408 1324 consecratio,
1427 1299 1443 1319 a
1464 1290 1632 1326 presbyteris
1646 1298 1701 1319 non
1716 1290 1781 1318 [iam
1796 1300 1804 1318 :

1015 1338 1039 1366 si
1058 1339 1121 1373 quis
1137 1343 1228 1366 autem
1242 1338 1386 1366 emerserit
1407 1339 1458 1365 hoc
1483 1337 1603 1371 faciens,
1628 1338 1693 1373 quid
1717 1337 1751 1365 de
1771 1345 1805 1365 eo

1016 1383 1092 1420 [mam
1109 1385 1142 1412 de
1157 1384 1220 1420 hoc]
1246 1384 1421 1412 statuendum
1437 1384 1474 1411 sit
1487 1383 1498 1410 ἲ
1517 1383 1647 1411 Aurelius
1661 1383 1804 1418 episcopus

1015 1429 1102 1457 dixit:
1122 1429 1232 1457 Audivit
1252 1429 1374 1464 dignatio
1384 1434 1474 1457 vestra
1490 1429 1691 1464 suggestionem
1711 1427 1805 1456 fratris

1017 1480 1044 1502 et
1066 1475 1217 1511 coepiscopi
1242 1475 1327 1504 nostri
1350 1474 1509 1508 Fortunali;
1533 1475 1597 1511 quid
1616 1475 1649 1503 ad
1664 1475 1723 1502 haec
1735 1474 1803 1502 dici-

1015 1522 1123 1550 tislAb
1139 1522 1274 1550 universis
1286 1523 1420 1557 episcopis
1439 1522 1541 1550 dictum
1559 1526 1600 1550 est
1616 1531 1623 1549 :
1641 1521 1804 1550 Chrismatis

1016 1567 1085 1604 fma.
1110 1567 1254 1604 chrisma]
1271 1568 1415 1601 confectio,
1431 1572 1458 1595 et
1472 1568 1622 1603 puellarum
1634 1567 1805 1595 consecratio

1014 1622 1029 1642 a
1050 1615 1215 1650 presbyteris
1238 1622 1293 1642 non
1318 1615 1365 1642 ﬁat
1380 1623 1387 1640 :
1400 1615 1441 1642 vel
1454 1614 1629 1642 reconciliare
1638 1621 1803 1649 quemquam

1014 1660 1041 1688 in
1051 1660 1160 1695 publica
1176 1660 1259 1688 missa
1271 1660 1430 1696 presbytero
1443 1667 1497 1687 non
1508 1659 1601 1693 licere,
1611 1659 1663 1687 hoc
1676 1659 1806 1686 omnibus

1015 1707 1114 1743 placet.

1140 1752 1178 1779 De
1193 1751 1367 1779 monumentis
1383 1756 1531 1786 martyrum
1547 1751 1670 1786 factitiis.

1048 1799 1092 1826 83.
1117 1796 1182 1826 Item
1198 1797 1233 1831 “,
1261 1802 1290 1825 ut
1306 1797 1400 1824 altaris
1415 1805 1475 1832 quae
1496 1797 1598 1832 passim
1618 1804 1666 1831 per
1680 1804 1762 1831 agros
1779 1801 1806 1824 et

1015 1851 1063 1880 per
1077 1844 1135 1871 vias
1154 1848 1284 1879 tanquam
1302 1842 1443 1870 memoria:
1458 1846 1610 1878 martyrum
1632 1842 1806 1870 constituun-

1015 1893 1070 1923 tur,
1086 1889 1113 1916 in
1125 1888 1226 1924 quibus
1233 1888 1338 1916 nullum
1350 1895 1451 1923 corpus
1468 1893 1515 1915 aut
1524 1887 1645 1923 reliquiae
1656 1892 1805 1923 martyrum

1015 1934 1132 1963 conditae
1151 1934 1314 1969 probantur,
1339 1933 1374 1961 ab
1396 1933 1533 1968 episcopis
1553 1933 1600 1968 qui
1615 1932 1684 1961 locis
1703 1932 1806 1961 eisdem

1014 1986 1136 2016 praesunt
1158 1981 1253 2016 106,
1265 1981 1286 2008 si
1302 1980 1360 2007 ﬁeri
1373 1983 1473 2014 potest,
1486 1982 1656 2007 evertantur.
1672 1979 1701 2006 Si
1714 1984 1804 2006 autem

1016 2024 1069 2051 hoc
1084 2031 1133 2059 per
1149 2024 1281 2052 tumultus
1294 2022 1440 2059 populares
1457 2030 1510 2050 non
1524 2023 1634 2054 sinitur,
1655 2023 1748 2058 plebes
1763 2027 1805 2050 ta-

1016 2077 1077 2096 men
1094 2069 1304 2102 admoneantur,
1321 2076 1356 2097 ne
1371 2068 1418 2096 illa
1434 2068 1494 2096 loca
1513 2067 1699 2103 frequentem,
1716 2072 1747 2095 ut
1759 2069 1806 2103 qui

1016 2119 1088 2142 recte
1096 2114 1218 2148 sapiunt,
1228 2114 1302 2142 nulla
1314 2114 1350 2142 ibi
1361 2114 1558 2149 superstitione
1565 2114 1683 2141 devincti
1695 2117 1808 2141 teneam

1017 2165 1071 2188 tur.
1084 2160 1117 2187 Et
1136 2161 1251 2188 omnino
1266 2160 1341 2188 nulla
1358 2160 1491 2187 memoria
1510 2164 1660 2195 martyrum
1676 2159 1805 2194 probabi-

1015 2205 1076 2233 liter
1092 2211 1257 2242 acceptetur,
1270 2206 1323 2233 nisi
1334 2206 1379 2234 ubi
1392 2213 1492 2241 corpus
1508 2209 1555 2233 aut
1569 2205 1668 2241 aliqua:
1680 2205 1805 2240 reliquiae

1015 2256 1090 2282 sunt,
1105 2252 1183 2287 origo
1202 2252 1319 2287 alicujus
1334 2252 1511 2280 habitationis
1529 2253 1570 2279 vel
1587 2252 1723 2286 passionis
1739 2252 1805 2280 lide-

1015 2297 1121 2324 lissima
1144 2296 1252 2331 origine
1270 2296 1396 2323 traditur.
1418 2295 1486 2323 Nam
1507 2304 1568 2331 qua:
1583 2304 1630 2331 per
1649 2295 1756 2322 somnia
1777 2299 1805 2323 et

1013 2349 1063 2377 per
1084 2342 1181 2370 inanes
1197 2342 1276 2377 quasi
1297 2342 1480 2370 revelationes
1502 2341 1689 2377 quorumlibet
1713 2341 1803 2368 humi-

1014 2396 1080 2415 num
1101 2388 1259 2423 ubicunque
1278 2388 1485 2416 constituuntur
1502 2388 1610 2421 altaria,
1632 2387 1707 2415 oumi
1722 2387 1804 2415 modo

1015 2434 1215 2470 improbentur.

1139 2581 1254 2608 Coucilii
1270 2581 1375 2609 Nicwni
1390 2590 1409 2608 ιι
1426 2589 1538 2608 canones
1552 2580 1569 2606 7
1585 2585 1610 2607 et
1630 2580 1672 2606 i7.

1052 2626 1166 2662 Templis
1174 2635 1231 2662 quae
1239 2627 1337 2661 absque
1349 2626 1510 2660 depositione
1528 2633 1665 2652 sacrarunt
1677 2624 1803 2659 reliquia-

1015 2682 1075 2701 rum
1092 2674 1198 2709 fuerunt
1213 2673 1347 2707 dedicata,
1361 2673 1420 2708 ﬁeri
1435 2673 1509 2700 debet
1529 2671 1667 2707 depositio.

1053 2764 1080 2792 7.
1097 2765 1142 2792 Ait
1155 2764 1255 2792 Paulus
1267 2764 1376 2792 divinus
1385 2763 1527 2799 apostolus
1540 2771 1547 2789 :
1561 2759 1742 2794 Quorumdam
1758 2760 1803 2786 Ιιο-

1016 2812 1116 2838 minutn
1131 2815 1239 2846 peccatu
1250 2814 1310 2837 sunt
1324 2810 1477 2844 manifesta,
1489 2808 1627 2836 nonnullos
1640 2811 1727 2834 autent
1741 2813 1797 2833 con-

210 2881 233 2897 ²¹
249 2881 358 2919 Cartag.
376 2892 393 2911 ιι
406 2905 413 2918 ,
428 2893 490 2913 can.
507 2887 532 2914 5.
574 2888 595 2904 ³³
614 2887 768 2916 Concilium
783 2889 912 2925 Carthag.
927 2897 951 2923 ι’,
966 2899 974 2917 ι

1025 2889 1055 2922 l;
1069 2889 1215 2919 concilium
1230 2888 1357 2921 Alric.,c.
1375 2888 1420 2916 50.
