  <div class='ocr_page' id='page_1' title='image "/cluster/home/n/w/nwhite01/storage/ocr_20150623/104/njp.32101077772885/289.png"; bbox 0 0 1951 3081; ppageno 0'>
   <div class='ocr_carea' id='block_1_1' title="bbox 155 194 210 226">
    <p class='ocr_par' dir='ltr' id='par_1_1' title="bbox 155 194 210 226">
     <span class='ocr_line' id='line_1_1' title="bbox 155 194 210 226; baseline 0 0"><span class='ocrx_word' id='word_1_1' title='bbox 155 194 210 226; x_wconf 64' lang='lat'><strong>553</strong></span> 
     </span>
    </p>
   </div>
   <div class='ocr_carea' id='block_1_2' title="bbox 733 190 1204 222">
    <p class='ocr_par' dir='ltr' id='par_1_2' title="bbox 733 190 1204 222">
     <span class='ocr_line' id='line_1_2' title="bbox 733 190 1204 222; baseline -0.008 0"><span class='ocrx_word' id='word_1_2' title='bbox 733 192 863 222; x_wconf 82' lang='grc' dir='ltr'><strong>ΡΗΟΤΠ</strong></span> <span class='ocrx_word' id='word_1_3' title='bbox 879 190 1132 222; x_wconf 69' lang='grc' dir='ltr'><strong>ΡΑΤΒΙΑΒΟΗᾸΞ</strong></span> <span class='ocrx_word' id='word_1_4' title='bbox 1151 190 1204 218; x_wconf 81' lang='lat' dir='ltr'><strong>CP.</strong></span> 
     </span>
    </p>
   </div>
   <div class='ocr_carea' id='block_1_3' title="bbox 1732 187 1783 219">
    <p class='ocr_par' dir='ltr' id='par_1_3' title="bbox 1732 187 1783 219">
     <span class='ocr_line' id='line_1_3' title="bbox 1732 187 1783 219; baseline -0.02 0"><span class='ocrx_word' id='word_1_5' title='bbox 1732 187 1783 219; x_wconf 71' lang='grc'><strong>564</strong></span> 
     </span>
    </p>
   </div>
   <div class='ocr_carea' id='block_1_4' title="bbox 156 227 947 284">
    <p class='ocr_par' dir='ltr' id='par_1_4' title="bbox 156 244 943 284">
     <span class='ocr_line' id='line_1_4' title="bbox 156 244 943 284; baseline -0.006 -8"><span class='ocrx_word' id='word_1_6' title='bbox 156 248 345 284; x_wconf 52' lang='lat' dir='ltr'><strong>sequuntur&quot;.</strong></span> <span class='ocrx_word' id='word_1_7' title='bbox 366 246 587 275; x_wconf 81' lang='lat' dir='ltr'><strong>Praecedentibus</strong></span> <span class='ocrx_word' id='word_1_8' title='bbox 612 250 703 272; x_wconf 87' lang='lat' dir='ltr'><strong>autem</strong></span> <span class='ocrx_word' id='word_1_9' title='bbox 730 245 869 279; x_wconf 75' lang='lat' dir='ltr'><strong>peccatis,</strong></span> <span class='ocrx_word' id='word_1_10' title='bbox 891 244 943 271; x_wconf 89' lang='lat' dir='ltr'><strong>alia</strong></span> 
     </span>
    </p>
   </div>
   <div class='ocr_carea' id='block_1_5' title="bbox 1001 227 1784 284">
    <p class='ocr_par' dir='ltr' id='par_1_5' title="bbox 1001 241 1784 278">
     <span class='ocr_line' id='line_1_5' title="bbox 1001 241 1784 278; baseline -0.003 -7"><span class='ocrx_word' id='word_1_11' title='bbox 1001 243 1266 271; x_wconf 66' lang='grc' dir='ltr'>ἐπακολουθοῦσιν,</span> <span class='ocrx_word' id='word_1_12' title='bbox 1303 242 1457 277; x_wconf 83' lang='grc' dir='ltr'>’Λμαρτιῶν</span> <span class='ocrx_word' id='word_1_13' title='bbox 1482 241 1528 268; x_wconf 83' lang='grc' dir='ltr'><strong>οὖν</strong></span> <span class='ocrx_word' id='word_1_14' title='bbox 1552 242 1784 278; x_wconf 71' lang='grc' dir='ltr'>προκαταλαμϐα-</span> 
     </span>
    </p>
   </div>
   <div class='ocr_carea' id='block_1_6' title="bbox 156 291 943 329">
    <p class='ocr_par' dir='ltr' id='par_1_6' title="bbox 156 291 943 329">
     <span class='ocr_line' id='line_1_6' title="bbox 156 291 943 329; baseline -0.008 -8"><span class='ocrx_word' id='word_1_15' title='bbox 156 301 267 329; x_wconf 89' lang='lat' dir='ltr'><strong>quoque</strong></span> <span class='ocrx_word' id='word_1_16' title='bbox 274 301 305 321; x_wconf 87' lang='lat' dir='ltr'><strong>ea</strong></span> <span class='ocrx_word' id='word_1_17' title='bbox 315 298 478 327; x_wconf 89' lang='lat' dir='ltr'><strong>sequuntur.</strong></span> <span class='ocrx_word' id='word_1_18' title='bbox 495 292 609 326; x_wconf 89' lang='lat' dir='ltr'><strong>lmpiam</strong></span> <span class='ocrx_word' id='word_1_19' title='bbox 623 298 689 325; x_wconf 75' lang='lat' dir='ltr'><strong>ergo</strong></span> <span class='ocrx_word' id='word_1_20' title='bbox 698 291 824 318; x_wconf 69' lang='lat' dir='ltr'><strong>hazresim</strong></span> <span class='ocrx_word' id='word_1_21' title='bbox 837 297 943 321; x_wconf 87' lang='lat' dir='ltr'><strong>eorum,</strong></span> 
     </span>
    </p>
   </div>
   <div class='ocr_carea' id='block_1_7' title="bbox 157 336 940 374">
    <p class='ocr_par' dir='ltr' id='par_1_7' title="bbox 157 336 940 374">
     <span class='ocr_line' id='line_1_7' title="bbox 157 336 940 374; baseline -0.005 -7"><span class='ocrx_word' id='word_1_22' title='bbox 157 340 204 374; x_wconf 89' lang='lat' dir='ltr'><strong>qui</strong></span> <span class='ocrx_word' id='word_1_23' title='bbox 220 339 393 366; x_wconf 87' lang='lat' dir='ltr'><strong>Christianos</strong></span> <span class='ocrx_word' id='word_1_24' title='bbox 414 343 555 369; x_wconf 90' lang='lat' dir='ltr'><strong>accusant,</strong></span> <span class='ocrx_word' id='word_1_25' title='bbox 581 337 634 364; x_wconf 90' lang='lat' dir='ltr'><strong>alia</strong></span> <span class='ocrx_word' id='word_1_26' title='bbox 652 344 762 372; x_wconf 85' lang='lat' dir='ltr'><strong>quoque</strong></span> <span class='ocrx_word' id='word_1_27' title='bbox 780 336 865 371; x_wconf 88' lang='lat' dir='ltr'><strong>impia</strong></span> <span class='ocrx_word' id='word_1_28' title='bbox 880 343 940 363; x_wconf 87' lang='lat' dir='ltr'><strong>con-</strong></span> 
     </span>
    </p>
   </div>
   <div class='ocr_carea' id='block_1_8' title="bbox 157 381 944 418">
    <p class='ocr_par' dir='ltr' id='par_1_8' title="bbox 157 381 944 418">
     <span class='ocr_line' id='line_1_8' title="bbox 157 381 944 418; baseline -0.006 -5"><span class='ocrx_word' id='word_1_29' title='bbox 157 389 251 414; x_wconf 80' lang='lat' dir='ltr'><strong>secuta</strong></span> <span class='ocrx_word' id='word_1_30' title='bbox 278 389 352 413; x_wconf 85' lang='lat' dir='ltr'><strong>sunt.</strong></span> <span class='ocrx_word' id='word_1_31' title='bbox 381 383 615 418; x_wconf 83' lang='lat' dir='ltr'><strong>Quemadmodum</strong></span> <span class='ocrx_word' id='word_1_32' title='bbox 644 383 716 410; x_wconf 88' lang='lat' dir='ltr'><strong>enim</strong></span> <span class='ocrx_word' id='word_1_33' title='bbox 747 381 944 409; x_wconf 87' lang='lat' dir='ltr'><strong>venerabilium</strong></span> 
     </span>
    </p>
   </div>
   <div class='ocr_carea' id='block_1_9' title="bbox 158 426 946 466">
    <p class='ocr_par' dir='ltr' id='par_1_9' title="bbox 158 426 946 466">
     <span class='ocr_line' id='line_1_9' title="bbox 158 426 946 466; baseline -0.006 -9"><span class='ocrx_word' id='word_1_34' title='bbox 158 430 308 466; x_wconf 80' lang='lat' dir='ltr'><strong>imaginum</strong></span> <span class='ocrx_word' id='word_1_35' title='bbox 324 435 463 464; x_wconf 84' lang='lat' dir='ltr'><strong>aspectum</strong></span> <span class='ocrx_word' id='word_1_36' title='bbox 480 437 512 456; x_wconf 84' lang='lat' dir='ltr'><strong>ex</strong></span> <span class='ocrx_word' id='word_1_37' title='bbox 536 428 653 456; x_wconf 83' lang='lat' dir='ltr'><strong>ecclesia</strong></span> <span class='ocrx_word' id='word_1_38' title='bbox 675 427 856 459; x_wconf 89' lang='lat' dir='ltr'><strong>sustulerunt,</strong></span> <span class='ocrx_word' id='word_1_39' title='bbox 876 426 946 453; x_wconf 87' lang='lat' dir='ltr'><strong>alios</strong></span> 
     </span>
    </p>
   </div>
   <div class='ocr_carea' id='block_1_10' title="bbox 158 472 947 509">
    <p class='ocr_par' dir='ltr' id='par_1_10' title="bbox 158 472 947 509">
     <span class='ocr_line' id='line_1_10' title="bbox 158 472 947 509; baseline -0.005 -7"><span class='ocrx_word' id='word_1_40' title='bbox 158 483 267 509; x_wconf 87' lang='lat' dir='ltr'><strong>quoque</strong></span> <span class='ocrx_word' id='word_1_41' title='bbox 293 482 383 502; x_wconf 88' lang='lat' dir='ltr'><strong>mores</strong></span> <span class='ocrx_word' id='word_1_42' title='bbox 410 474 598 508; x_wconf 86' lang='lat' dir='ltr'><strong>reliquerunt,</strong></span> <span class='ocrx_word' id='word_1_43' title='bbox 619 480 689 508; x_wconf 90' lang='lat' dir='ltr'><strong>quos</strong></span> <span class='ocrx_word' id='word_1_44' title='bbox 705 472 815 508; x_wconf 81' lang='lat' dir='ltr'><strong>quidem</strong></span> <span class='ocrx_word' id='word_1_45' title='bbox 839 477 947 506; x_wconf 83' lang='lat' dir='ltr'><strong>oportet</strong></span> 
     </span>
    </p>
   </div>
   <div class='ocr_carea' id='block_1_11' title="bbox 159 516 946 554">
    <p class='ocr_par' dir='ltr' id='par_1_11' title="bbox 159 516 946 554">
     <span class='ocr_line' id='line_1_11' title="bbox 159 516 946 554; baseline -0.005 -8"><span class='ocrx_word' id='word_1_46' title='bbox 159 520 308 552; x_wconf 84' lang='lat' dir='ltr'><strong>renovari,</strong></span> <span class='ocrx_word' id='word_1_47' title='bbox 335 524 363 546; x_wconf 88' lang='lat' dir='ltr'><strong>et</strong></span> <span class='ocrx_word' id='word_1_48' title='bbox 388 524 442 546; x_wconf 92' lang='lat' dir='ltr'><strong>tam</strong></span> <span class='ocrx_word' id='word_1_49' title='bbox 466 526 500 546; x_wconf 77' lang='lat' dir='ltr'><strong>ex</strong></span> <span class='ocrx_word' id='word_1_50' title='bbox 515 518 578 554; x_wconf 84' lang='lat' dir='ltr'><strong>jure</strong></span> <span class='ocrx_word' id='word_1_51' title='bbox 599 518 702 553; x_wconf 86' lang='lat' dir='ltr'><strong>scripto</strong></span> <span class='ocrx_word' id='word_1_52' title='bbox 733 517 773 545; x_wconf 86' lang='lat' dir='ltr'><strong>sie</strong></span> <span class='ocrx_word' id='word_1_53' title='bbox 794 516 946 544; x_wconf 83' lang='lat' dir='ltr'><strong>observari.</strong></span> 
     </span>
    </p>
   </div>
   <div class='ocr_carea' id='block_1_12' title="bbox 159 561 947 599">
    <p class='ocr_par' dir='ltr' id='par_1_12' title="bbox 159 561 947 599">
     <span class='ocr_line' id='line_1_12' title="bbox 159 561 947 599; baseline -0.008 -7"><span class='ocrx_word' id='word_1_54' title='bbox 159 563 343 599; x_wconf 61' lang='lat' dir='ltr'><strong>Quacumque</strong></span> <span class='ocrx_word' id='word_1_55' title='bbox 360 571 426 599; x_wconf 79' lang='lat' dir='ltr'><strong>ergo</strong></span> <span class='ocrx_word' id='word_1_56' title='bbox 447 563 548 597; x_wconf 87' lang='lat' dir='ltr'><strong>templa</strong></span> <span class='ocrx_word' id='word_1_57' title='bbox 565 567 729 590; x_wconf 85' lang='lat' dir='ltr'><strong>consecrata</strong></span> <span class='ocrx_word' id='word_1_58' title='bbox 753 567 818 590; x_wconf 87' lang='lat' dir='ltr'><strong>sunt</strong></span> <span class='ocrx_word' id='word_1_59' title='bbox 843 561 947 595; x_wconf 81' lang='lat' dir='ltr'><strong>absque</strong></span> 
     </span>
    </p>
   </div>
   <div class='ocr_carea' id='block_1_13' title="bbox 159 608 946 645">
    <p class='ocr_par' dir='ltr' id='par_1_13' title="bbox 159 608 946 645">
     <span class='ocr_line' id='line_1_13' title="bbox 159 608 946 645; baseline -0.005 -7"><span class='ocrx_word' id='word_1_60' title='bbox 159 611 245 638; x_wconf 81' lang='lat' dir='ltr'><strong>sacris</strong></span> <span class='ocrx_word' id='word_1_61' title='bbox 261 610 384 645; x_wconf 89' lang='lat' dir='ltr'><strong>reliquiis</strong></span> <span class='ocrx_word' id='word_1_62' title='bbox 401 613 565 644; x_wconf 74' lang='lat' dir='ltr'><strong>martyrum,</strong></span> <span class='ocrx_word' id='word_1_63' title='bbox 579 609 606 636; x_wconf 88' lang='lat' dir='ltr'><strong>in</strong></span> <span class='ocrx_word' id='word_1_64' title='bbox 620 609 654 636; x_wconf 86' lang='lat' dir='ltr'><strong>iis</strong></span> <span class='ocrx_word' id='word_1_65' title='bbox 668 608 726 636; x_wconf 87' lang='lat' dir='ltr'><strong>fieri</strong></span> <span class='ocrx_word' id='word_1_66' title='bbox 740 608 887 635; x_wconf 81' lang='lat' dir='ltr'><strong>statuimus</strong></span> <span class='ocrx_word' id='word_1_67' title='bbox 901 614 946 634; x_wconf 87' lang='lat' dir='ltr'><strong>re—</strong></span> 
     </span>
    </p>
   </div>
   <div class='ocr_carea' id='block_1_14' title="bbox 159 653 945 691">
    <p class='ocr_par' dir='ltr' id='par_1_14' title="bbox 159 653 945 691">
     <span class='ocr_line' id='line_1_14' title="bbox 159 653 945 691; baseline -0.005 -9"><span class='ocrx_word' id='word_1_68' title='bbox 159 654 521 691; x_wconf 87' lang='lat' dir='ltr'><strong>liquiarumdepositionem</strong></span> <span class='ocrx_word' id='word_1_69' title='bbox 548 661 611 682; x_wconf 89' lang='lat' dir='ltr'><strong>cum</strong></span> <span class='ocrx_word' id='word_1_70' title='bbox 640 653 779 682; x_wconf 78' lang='lat' dir='ltr'><strong>consuetis</strong></span> <span class='ocrx_word' id='word_1_71' title='bbox 806 653 945 688; x_wconf 87' lang='lat' dir='ltr'><strong>precibus.</strong></span> 
     </span>
    </p>
   </div>
   <div class='ocr_carea' id='block_1_15' title="bbox 159 699 947 737">
    <p class='ocr_par' dir='ltr' id='par_1_15' title="bbox 159 699 947 737">
     <span class='ocr_line' id='line_1_15' title="bbox 159 699 947 737; baseline -0.005 -8"><span class='ocrx_word' id='word_1_72' title='bbox 159 702 309 737; x_wconf 83' lang='lat' dir='ltr'><strong>Episcopus</strong></span> <span class='ocrx_word' id='word_1_73' title='bbox 325 705 415 728; x_wconf 87' lang='lat' dir='ltr'><strong>autem</strong></span> <span class='ocrx_word' id='word_1_74' title='bbox 435 701 549 735; x_wconf 87' lang='lat' dir='ltr'><strong>posthac</strong></span> <span class='ocrx_word' id='word_1_75' title='bbox 563 700 694 734; x_wconf 79' lang='lat' dir='ltr'><strong>templum</strong></span> <span class='ocrx_word' id='word_1_76' title='bbox 707 706 874 727; x_wconf 87' lang='lat' dir='ltr'><strong>consecrans</strong></span> <span class='ocrx_word' id='word_1_77' title='bbox 887 699 947 726; x_wconf 84' lang='lat' dir='ltr'><strong>sine</strong></span> 
     </span>
    </p>
   </div>
   <div class='ocr_carea' id='block_1_16' title="bbox 158 745 947 782">
    <p class='ocr_par' dir='ltr' id='par_1_16' title="bbox 158 745 947 782">
     <span class='ocr_line' id='line_1_16' title="bbox 158 745 947 782; baseline -0.006 -6"><span class='ocrx_word' id='word_1_78' title='bbox 158 748 262 776; x_wconf 64' lang='lat' dir='ltr'><strong>sanctis</strong></span> <span class='ocrx_word' id='word_1_79' title='bbox 290 747 415 782; x_wconf 87' lang='lat' dir='ltr'><strong>reliquiis</strong></span> <span class='ocrx_word' id='word_1_80' title='bbox 429 767 437 780; x_wconf 91' lang='lat'><strong>,</strong></span> <span class='ocrx_word' id='word_1_81' title='bbox 452 748 615 782; x_wconf 83' lang='lat' dir='ltr'><strong>deponatur,</strong></span> <span class='ocrx_word' id='word_1_82' title='bbox 639 745 725 780; x_wconf 86' lang='lat' dir='ltr'><strong>utqui</strong></span> <span class='ocrx_word' id='word_1_83' title='bbox 746 745 947 773; x_wconf 73' lang='lat' dir='ltr'><strong>ecclesiasticas</strong></span> 
     </span>
    </p>
   </div>
   <div class='ocr_carea' id='block_1_17' title="bbox 159 792 665 829">
    <p class='ocr_par' dir='ltr' id='par_1_17' title="bbox 159 792 665 829">
     <span class='ocr_line' id='line_1_17' title="bbox 159 792 665 829; baseline -0.004 -9"><span class='ocrx_word' id='word_1_84' title='bbox 159 793 319 820; x_wconf 79' lang='lat' dir='ltr'><strong>traditiones</strong></span> <span class='ocrx_word' id='word_1_85' title='bbox 335 797 523 827; x_wconf 79' lang='lat' dir='ltr'><strong>transgressus</strong></span> <span class='ocrx_word' id='word_1_86' title='bbox 538 792 583 819; x_wconf 92' lang='lat' dir='ltr'><strong>sit.</strong></span> <span class='ocrx_word' id='word_1_87' title='bbox 662 827 665 829; x_wconf 78' lang='lat'><strong><em>_</em></strong></span> 
     </span>
    </p>
   </div>
   <div class='ocr_carea' id='block_1_18' title="bbox 195 837 944 873">
    <p class='ocr_par' dir='ltr' id='par_1_18' title="bbox 195 837 944 873">
     <span class='ocr_line' id='line_1_18' title="bbox 195 837 944 873; baseline -0.003 -8"><span class='ocrx_word' id='word_1_88' title='bbox 195 838 237 865; x_wconf 83' lang='lat' dir='ltr'><strong>Ne</strong></span> <span class='ocrx_word' id='word_1_89' title='bbox 251 838 308 873; x_wconf 73' lang='lat' dir='ltr'><strong>quis</strong></span> <span class='ocrx_word' id='word_1_90' title='bbox 324 846 384 865; x_wconf 86' lang='lat' dir='ltr'><strong>cum</strong></span> <span class='ocrx_word' id='word_1_91' title='bbox 399 846 450 864; x_wconf 83' lang='lat' dir='ltr'><strong>mm</strong></span> <span class='ocrx_word' id='word_1_92' title='bbox 461 837 555 864; x_wconf 86' lang='lat' dir='ltr'><strong>habeat</strong></span> <span class='ocrx_word' id='word_1_93' title='bbox 569 846 627 873; x_wconf 73' lang='lat' dir='ltr'><strong>quw</strong></span> <span class='ocrx_word' id='word_1_94' title='bbox 644 838 678 864; x_wconf 84' lang='lat' dir='ltr'><strong>ad</strong></span> <span class='ocrx_word' id='word_1_95' title='bbox 692 837 876 872; x_wconf 77' lang='lat' dir='ltr'><strong>perfectionem</strong></span> <span class='ocrx_word' id='word_1_96' title='bbox 885 845 944 870; x_wconf 80' lang='lat' dir='ltr'><strong>per—</strong></span> 
     </span>
    </p>
   </div>
   <div class='ocr_carea' id='block_1_19' title="bbox 160 883 716 918">
    <p class='ocr_par' dir='ltr' id='par_1_19' title="bbox 160 883 716 918">
     <span class='ocr_line' id='line_1_19' title="bbox 160 883 716 918; baseline -0.002 -7"><span class='ocrx_word' id='word_1_97' title='bbox 160 887 243 911; x_wconf 61' lang='lat' dir='ltr'><strong>iment</strong></span> <span class='ocrx_word' id='word_1_98' title='bbox 255 883 374 910; x_wconf 75' lang='lat' dir='ltr'><strong>oratoria</strong></span> <span class='ocrx_word' id='word_1_99' title='bbox 389 883 522 916; x_wconf 74' lang='lat' dir='ltr'><strong>wdi/icare</strong></span> <span class='ocrx_word' id='word_1_100' title='bbox 534 883 716 918; x_wconf 77' lang='lat' dir='ltr'><strong>aggrediatur.</strong></span> 
     </span>
    </p>
   </div>
   <div class='ocr_carea' id='block_1_20' title="bbox 193 927 947 963">
    <p class='ocr_par' dir='ltr' id='par_1_20' title="bbox 193 927 947 963">
     <span class='ocr_line' id='line_1_20' title="bbox 193 927 947 963; baseline -0.004 -7"><span class='ocrx_word' id='word_1_101' title='bbox 193 929 237 956; x_wconf 82' lang='grc'><strong>17.</strong></span> <span class='ocrx_word' id='word_1_102' title='bbox 251 928 366 962; x_wconf 84' lang='lat' dir='ltr'><strong>Quidam</strong></span> <span class='ocrx_word' id='word_1_103' title='bbox 382 928 507 956; x_wconf 86' lang='lat' dir='ltr'><strong>monachi</strong></span> <span class='ocrx_word' id='word_1_104' title='bbox 524 929 581 956; x_wconf 86' lang='lat' dir='ltr'><strong>suis</strong></span> <span class='ocrx_word' id='word_1_105' title='bbox 597 928 675 963; x_wconf 83' lang='lat'><strong>107</strong></span> <span class='ocrx_word' id='word_1_106' title='bbox 696 927 870 956; x_wconf 84' lang='lat' dir='ltr'><strong>monasteriis</strong></span> <span class='ocrx_word' id='word_1_107' title='bbox 884 927 947 954; x_wconf 86' lang='lat' dir='ltr'><strong>rell-</strong></span> 
     </span>
    </p>
   </div>
   <div class='ocr_carea' id='block_1_21' title="bbox 158 974 946 1009">
    <p class='ocr_par' dir='ltr' id='par_1_21' title="bbox 158 974 946 1009">
     <span class='ocr_line' id='line_1_21' title="bbox 158 974 946 1009; baseline -0.003 -9"><span class='ocrx_word' id='word_1_108' title='bbox 158 974 219 1007; x_wconf 90' lang='lat' dir='ltr'><strong>ctis,</strong></span> <span class='ocrx_word' id='word_1_109' title='bbox 234 979 264 1001; x_wconf 88' lang='lat' dir='ltr'><strong>ttt</strong></span> <span class='ocrx_word' id='word_1_110' title='bbox 274 974 320 1009; x_wconf 90' lang='lat' dir='ltr'><strong>qui</strong></span> <span class='ocrx_word' id='word_1_111' title='bbox 332 975 468 1009; x_wconf 87' lang='lat' dir='ltr'><strong>imperare</strong></span> <span class='ocrx_word' id='word_1_112' title='bbox 481 974 647 1007; x_wconf 76' lang='lat' dir='ltr'><strong>desiderent,</strong></span> <span class='ocrx_word' id='word_1_113' title='bbox 663 978 689 1001; x_wconf 89' lang='lat' dir='ltr'><strong>et</strong></span> <span class='ocrx_word' id='word_1_114' title='bbox 699 981 796 1009; x_wconf 85' lang='lat' dir='ltr'><strong>parere</strong></span> <span class='ocrx_word' id='word_1_115' title='bbox 807 978 946 1006; x_wconf 77' lang='lat' dir='ltr'><strong>recusant,</strong></span> 
     </span>
    </p>
   </div>
   <div class='ocr_carea' id='block_1_22' title="bbox 157 1019 946 1055">
    <p class='ocr_par' dir='ltr' id='par_1_22' title="bbox 157 1019 946 1055">
     <span class='ocr_line' id='line_1_22' title="bbox 157 1019 946 1055; baseline -0.003 -8"><span class='ocrx_word' id='word_1_116' title='bbox 157 1020 279 1048; x_wconf 82' lang='lat' dir='ltr'><strong>oratoria</strong></span> <span class='ocrx_word' id='word_1_117' title='bbox 298 1019 432 1047; x_wconf 60' lang='lat' dir='ltr'><strong>aattiticare</strong></span> <span class='ocrx_word' id='word_1_118' title='bbox 454 1019 661 1055; x_wconf 80' lang='lat' dir='ltr'><strong>aggrediuntur,</strong></span> <span class='ocrx_word' id='word_1_119' title='bbox 687 1027 749 1047; x_wconf 94' lang='lat' dir='ltr'><strong>cum</strong></span> <span class='ocrx_word' id='word_1_120' title='bbox 782 1026 814 1046; x_wconf 86' lang='lat' dir='ltr'><strong>ea</strong></span> <span class='ocrx_word' id='word_1_121' title='bbox 827 1026 880 1045; x_wconf 89' lang='lat' dir='ltr'><strong>non</strong></span> <span class='ocrx_word' id='word_1_122' title='bbox 898 1020 946 1045; x_wconf 79' lang='lat' dir='ltr'><strong>lia-</strong></span> 
     </span>
    </p>
   </div>
   <div class='ocr_carea' id='block_1_23' title="bbox 159 1064 947 1100">
    <p class='ocr_par' dir='ltr' id='par_1_23' title="bbox 159 1064 947 1100">
     <span class='ocr_line' id='line_1_23' title="bbox 159 1064 947 1100; baseline 0.001 -9"><span class='ocrx_word' id='word_1_123' title='bbox 159 1065 240 1092; x_wconf 87' lang='lat' dir='ltr'><strong>beant</strong></span> <span class='ocrx_word' id='word_1_124' title='bbox 261 1073 323 1099; x_wconf 82' lang='lat' dir='ltr'><strong>quae</strong></span> <span class='ocrx_word' id='word_1_125' title='bbox 337 1065 369 1092; x_wconf 87' lang='lat' dir='ltr'><strong>ad</strong></span> <span class='ocrx_word' id='word_1_126' title='bbox 383 1064 575 1099; x_wconf 83' lang='lat' dir='ltr'><strong>perfectionem</strong></span> <span class='ocrx_word' id='word_1_127' title='bbox 591 1065 740 1100; x_wconf 80' lang='lat' dir='ltr'><strong>pertinent.</strong></span> <span class='ocrx_word' id='word_1_128' title='bbox 763 1064 791 1092; x_wconf 89' lang='lat' dir='ltr'><strong>Si</strong></span> <span class='ocrx_word' id='word_1_129' title='bbox 805 1065 868 1099; x_wconf 91' lang='lat' dir='ltr'><strong>quis</strong></span> <span class='ocrx_word' id='word_1_130' title='bbox 883 1072 947 1099; x_wconf 80' lang='lat' dir='ltr'><strong>ergo</strong></span> 
     </span>
    </p>
   </div>
   <div class='ocr_carea' id='block_1_24' title="bbox 159 1109 946 1146">
    <p class='ocr_par' dir='ltr' id='par_1_24' title="bbox 159 1109 946 1146">
     <span class='ocr_line' id='line_1_24' title="bbox 159 1109 946 1146; baseline 0.001 -9"><span class='ocrx_word' id='word_1_131' title='bbox 159 1110 211 1137; x_wconf 87' lang='lat' dir='ltr'><strong>hoc</strong></span> <span class='ocrx_word' id='word_1_132' title='bbox 223 1109 312 1138; x_wconf 85' lang='lat' dir='ltr'><strong>facere</strong></span> <span class='ocrx_word' id='word_1_133' title='bbox 341 1118 487 1146; x_wconf 79' lang='lat' dir='ltr'><strong>aggressus</strong></span> <span class='ocrx_word' id='word_1_134' title='bbox 515 1110 610 1144; x_wconf 88' lang='lat' dir='ltr'><strong>fuerit,</strong></span> <span class='ocrx_word' id='word_1_135' title='bbox 642 1111 820 1145; x_wconf 81' lang='lat' dir='ltr'><strong>prohibeatur</strong></span> <span class='ocrx_word' id='word_1_136' title='bbox 837 1111 872 1137; x_wconf 91' lang='lat' dir='ltr'><strong>ab</strong></span> <span class='ocrx_word' id='word_1_137' title='bbox 884 1110 946 1145; x_wconf 84' lang='lat' dir='ltr'><strong>ejus</strong></span> 
     </span>
    </p>
   </div>
   <div class='ocr_carea' id='block_1_25' title="bbox 159 1155 947 1192">
    <p class='ocr_par' dir='ltr' id='par_1_25' title="bbox 159 1155 947 1192">
     <span class='ocr_line' id='line_1_25' title="bbox 159 1155 947 1192; baseline -0.003 -8"><span class='ocrx_word' id='word_1_138' title='bbox 159 1157 210 1185; x_wconf 88' lang='lat' dir='ltr'><strong>loci</strong></span> <span class='ocrx_word' id='word_1_139' title='bbox 227 1157 364 1192; x_wconf 85' lang='lat' dir='ltr'><strong>episcopo.</strong></span> <span class='ocrx_word' id='word_1_140' title='bbox 380 1157 409 1184; x_wconf 88' lang='lat' dir='ltr'><strong>Si</strong></span> <span class='ocrx_word' id='word_1_141' title='bbox 425 1157 486 1192; x_wconf 90' lang='lat' dir='ltr'><strong>quis</strong></span> <span class='ocrx_word' id='word_1_142' title='bbox 502 1161 592 1184; x_wconf 90' lang='lat' dir='ltr'><strong>autem</strong></span> <span class='ocrx_word' id='word_1_143' title='bbox 612 1164 643 1183; x_wconf 88' lang='lat' dir='ltr'><strong>ea</strong></span> <span class='ocrx_word' id='word_1_144' title='bbox 658 1156 741 1191; x_wconf 77' lang='lat' dir='ltr'><strong>habet</strong></span> <span class='ocrx_word' id='word_1_145' title='bbox 754 1163 815 1191; x_wconf 75' lang='lat' dir='ltr'><strong>qua:</strong></span> <span class='ocrx_word' id='word_1_146' title='bbox 834 1155 868 1182; x_wconf 90' lang='lat' dir='ltr'><strong>ad</strong></span> <span class='ocrx_word' id='word_1_147' title='bbox 884 1163 947 1190; x_wconf 57' lang='lat' dir='ltr'><strong>per.</strong></span> 
     </span>
    </p>
   </div>
   <div class='ocr_carea' id='block_1_26' title="bbox 159 1203 945 1237">
    <p class='ocr_par' dir='ltr' id='par_1_26' title="bbox 159 1203 945 1237">
     <span class='ocr_line' id='line_1_26' title="bbox 159 1203 945 1237; baseline 0 -9"><span class='ocrx_word' id='word_1_148' title='bbox 159 1203 302 1231; x_wconf 73' lang='lat' dir='ltr'><strong>fet-tionem</strong></span> <span class='ocrx_word' id='word_1_149' title='bbox 319 1203 466 1236; x_wconf 79' lang='lat' dir='ltr'><strong>suﬂiciunt,</strong></span> <span class='ocrx_word' id='word_1_150' title='bbox 483 1210 544 1237; x_wconf 69' lang='lat' dir='ltr'><strong>qua:</strong></span> <span class='ocrx_word' id='word_1_151' title='bbox 566 1203 601 1230; x_wconf 85' lang='lat' dir='ltr'><strong>ab</strong></span> <span class='ocrx_word' id='word_1_152' title='bbox 619 1203 678 1237; x_wconf 87' lang='lat' dir='ltr'><strong>ipso</strong></span> <span class='ocrx_word' id='word_1_153' title='bbox 693 1203 843 1230; x_wconf 87' lang='lat' dir='ltr'><strong>deliberata</strong></span> <span class='ocrx_word' id='word_1_154' title='bbox 870 1207 945 1234; x_wconf 87' lang='lat' dir='ltr'><strong>sunt,</strong></span> 
     </span>
    </p>
   </div>
   <div class='ocr_carea' id='block_1_27' title="bbox 159 1246 946 1276">
    <p class='ocr_par' dir='ltr' id='par_1_27' title="bbox 159 1246 946 1276">
     <span class='ocr_line' id='line_1_27' title="bbox 159 1246 946 1276; baseline -0.003 -1"><span class='ocrx_word' id='word_1_155' title='bbox 159 1249 191 1276; x_wconf 81' lang='lat' dir='ltr'><strong>ad</strong></span> <span class='ocrx_word' id='word_1_156' title='bbox 206 1249 287 1276; x_wconf 87' lang='lat' dir='ltr'><strong>tinem</strong></span> <span class='ocrx_word' id='word_1_157' title='bbox 304 1249 482 1276; x_wconf 73' lang='lat' dir='ltr'><strong>deducantur.</strong></span> <span class='ocrx_word' id='word_1_158' title='bbox 499 1247 572 1276; x_wconf 87' lang='lat' dir='ltr'><strong>ldem</strong></span> <span class='ocrx_word' id='word_1_159' title='bbox 589 1254 680 1275; x_wconf 86' lang='lat' dir='ltr'><strong>autem</strong></span> <span class='ocrx_word' id='word_1_160' title='bbox 696 1252 820 1275; x_wconf 83' lang='lat' dir='ltr'><strong>servetur</strong></span> <span class='ocrx_word' id='word_1_161' title='bbox 847 1246 876 1274; x_wconf 83' lang='lat' dir='ltr'><strong>in</strong></span> <span class='ocrx_word' id='word_1_162' title='bbox 895 1246 946 1273; x_wconf 82' lang='lat' dir='ltr'><strong>lai-</strong></span> 
     </span>
    </p>
   </div>
   <div class='ocr_carea' id='block_1_28' title="bbox 159 1294 371 1322">
    <p class='ocr_par' dir='ltr' id='par_1_28' title="bbox 159 1294 371 1322">
     <span class='ocr_line' id='line_1_28' title="bbox 159 1294 371 1322; baseline -0.005 0"><span class='ocrx_word' id='word_1_163' title='bbox 159 1295 198 1322; x_wconf 86' lang='lat' dir='ltr'><strong>cis</strong></span> <span class='ocrx_word' id='word_1_164' title='bbox 211 1300 238 1322; x_wconf 90' lang='lat' dir='ltr'><strong>et</strong></span> <span class='ocrx_word' id='word_1_165' title='bbox 254 1294 371 1322; x_wconf 74' lang='lat' dir='ltr'><strong>clericis.</strong></span> 
     </span>
    </p>
   </div>
   <div class='ocr_carea' id='block_1_29' title="bbox 196 1339 948 1376">
    <p class='ocr_par' dir='ltr' id='par_1_29' title="bbox 196 1339 948 1376">
     <span class='ocr_line' id='line_1_29' title="bbox 196 1339 948 1376; baseline -0.003 -9"><span class='ocrx_word' id='word_1_166' title='bbox 196 1340 304 1368; x_wconf 64' lang='lat' dir='ltr'><strong>Tutus.</strong></span> <span class='ocrx_word' id='word_1_167' title='bbox 323 1340 352 1367; x_wconf 89' lang='lat' dir='ltr'><strong>In</strong></span> <span class='ocrx_word' id='word_1_168' title='bbox 367 1348 427 1376; x_wconf 89' lang='lat' dir='ltr'><strong>cap.</strong></span> <span class='ocrx_word' id='word_1_169' title='bbox 442 1341 486 1373; x_wconf 76' lang='grc' dir='ltr'>Η,</span> <span class='ocrx_word' id='word_1_170' title='bbox 503 1341 544 1368; x_wconf 91' lang='lat' dir='ltr'><strong>tit.</strong></span> <span class='ocrx_word' id='word_1_171' title='bbox 558 1340 575 1367; x_wconf 81' lang='grc'>5</span> <span class='ocrx_word' id='word_1_172' title='bbox 599 1340 741 1375; x_wconf 69' lang='grc' dir='ltr'>ριίθεειιιίε</span> <span class='ocrx_word' id='word_1_173' title='bbox 759 1339 850 1374; x_wconf 89' lang='lat' dir='ltr'><strong>operis</strong></span> <span class='ocrx_word' id='word_1_174' title='bbox 872 1343 948 1366; x_wconf 87' lang='lat' dir='ltr'><strong>tran-</strong></span> 
     </span>
    </p>
   </div>
   <div class='ocr_carea' id='block_1_30' title="bbox 161 1383 948 1422">
    <p class='ocr_par' dir='ltr' id='par_1_30' title="bbox 161 1383 948 1422">
     <span class='ocr_line' id='line_1_30' title="bbox 161 1383 948 1422; baseline -0.006 -7"><span class='ocrx_word' id='word_1_175' title='bbox 161 1388 271 1422; x_wconf 80' lang='lat' dir='ltr'><strong>scripsi,</strong></span> <span class='ocrx_word' id='word_1_176' title='bbox 297 1387 435 1421; x_wconf 84' lang='lat' dir='ltr'><strong>quomodo</strong></span> <span class='ocrx_word' id='word_1_177' title='bbox 462 1386 508 1414; x_wconf 84' lang='lat' dir='ltr'><strong>fiat</strong></span> <span class='ocrx_word' id='word_1_178' title='bbox 529 1385 656 1414; x_wconf 86' lang='lat' dir='ltr'><strong>ecclesia.</strong></span> <span class='ocrx_word' id='word_1_179' title='bbox 685 1384 756 1412; x_wconf 88' lang='lat' dir='ltr'><strong>Dicit</strong></span> <span class='ocrx_word' id='word_1_180' title='bbox 781 1391 846 1412; x_wconf 75' lang='lat' dir='ltr'><strong>vero</strong></span> <span class='ocrx_word' id='word_1_181' title='bbox 865 1383 948 1412; x_wconf 85' lang='lat' dir='ltr'><strong>etiam</strong></span> 
     </span>
    </p>
   </div>
   <div class='ocr_carea' id='block_1_31' title="bbox 159 1432 945 1468">
    <p class='ocr_par' dir='ltr' id='par_1_31' title="bbox 159 1432 945 1468">
     <span class='ocr_line' id='line_1_31' title="bbox 159 1432 945 1468; baseline -0.004 -7"><span class='ocrx_word' id='word_1_182' title='bbox 159 1438 251 1461; x_wconf 76' lang='lat' dir='ltr'><strong>const.</strong></span> <span class='ocrx_word' id='word_1_183' title='bbox 268 1433 310 1466; x_wconf 80' lang='grc'>15,</span> <span class='ocrx_word' id='word_1_184' title='bbox 327 1434 367 1461; x_wconf 91' lang='lat' dir='ltr'><strong>tit.</strong></span> <span class='ocrx_word' id='word_1_185' title='bbox 384 1434 412 1466; x_wconf 69' lang='grc' dir='ltr'>Ξ,</span> <span class='ocrx_word' id='word_1_186' title='bbox 428 1433 476 1461; x_wconf 85' lang='lat' dir='ltr'><strong>lib.</strong></span> <span class='ocrx_word' id='word_1_187' title='bbox 491 1441 499 1460; x_wconf 91' lang='lat' dir='ltr'>I</span> <span class='ocrx_word' id='word_1_188' title='bbox 513 1433 575 1461; x_wconf 91' lang='lat' dir='ltr'><strong>cod.</strong></span> <span class='ocrx_word' id='word_1_189' title='bbox 590 1432 702 1468; x_wconf 73' lang='lat' dir='ltr'><strong>quodsi</strong></span> <span class='ocrx_word' id='word_1_190' title='bbox 724 1433 786 1467; x_wconf 88' lang='lat' dir='ltr'><strong>quis</strong></span> <span class='ocrx_word' id='word_1_191' title='bbox 801 1439 859 1458; x_wconf 88' lang='lat' dir='ltr'><strong>rem</strong></span> <span class='ocrx_word' id='word_1_192' title='bbox 885 1438 945 1458; x_wconf 90' lang='lat' dir='ltr'><strong>mo-</strong></span> 
     </span>
    </p>
   </div>
   <div class='ocr_carea' id='block_1_32' title="bbox 161 1479 949 1514">
    <p class='ocr_par' dir='ltr' id='par_1_32' title="bbox 161 1479 949 1514">
     <span class='ocr_line' id='line_1_32' title="bbox 161 1479 949 1514; baseline -0.004 -8"><span class='ocrx_word' id='word_1_193' title='bbox 161 1481 254 1513; x_wconf 75' lang='lat' dir='ltr'><strong>Iillelll,</strong></span> <span class='ocrx_word' id='word_1_194' title='bbox 278 1479 459 1512; x_wconf 88' lang='lat' dir='ltr'><strong>immobilem,</strong></span> <span class='ocrx_word' id='word_1_195' title='bbox 483 1485 530 1507; x_wconf 89' lang='lat' dir='ltr'><strong>aut</strong></span> <span class='ocrx_word' id='word_1_196' title='bbox 556 1480 674 1514; x_wconf 85' lang='lat' dir='ltr'><strong>seipsam</strong></span> <span class='ocrx_word' id='word_1_197' title='bbox 701 1482 867 1511; x_wconf 83' lang='lat' dir='ltr'><strong>moventem,</strong></span> <span class='ocrx_word' id='word_1_198' title='bbox 885 1484 949 1511; x_wconf 87' lang='lat' dir='ltr'><strong>per-</strong></span> 
     </span>
    </p>
   </div>
   <div class='ocr_carea' id='block_1_33' title="bbox 161 1523 948 1560">
    <p class='ocr_par' dir='ltr' id='par_1_33' title="bbox 161 1523 948 1560">
     <span class='ocr_line' id='line_1_33' title="bbox 161 1523 948 1560; baseline -0.005 -8"><span class='ocrx_word' id='word_1_199' title='bbox 161 1533 235 1552; x_wconf 62' lang='lat' dir='ltr'><strong>sonae</strong></span> <span class='ocrx_word' id='word_1_200' title='bbox 267 1523 444 1560; x_wconf 70' lang='lat' dir='ltr'><strong>[cuiuspiam]</strong></span> <span class='ocrx_word' id='word_1_201' title='bbox 476 1523 616 1558; x_wconf 82' lang='lat' dir='ltr'><strong>martyris,</strong></span> <span class='ocrx_word' id='word_1_202' title='bbox 648 1526 696 1550; x_wconf 92' lang='lat' dir='ltr'><strong>aut</strong></span> <span class='ocrx_word' id='word_1_203' title='bbox 725 1523 875 1557; x_wconf 62' lang='lat' dir='ltr'><strong>prophetae,</strong></span> <span class='ocrx_word' id='word_1_204' title='bbox 901 1525 948 1548; x_wconf 86' lang='lat' dir='ltr'><strong>aut</strong></span> 
     </span>
    </p>
   </div>
   <div class='ocr_carea' id='block_1_34' title="bbox 996 289 1781 324">
    <p class='ocr_par' dir='ltr' id='par_1_34' title="bbox 996 289 1781 324">
     <span class='ocr_line' id='line_1_34' title="bbox 996 289 1781 324; baseline -0.001 -7"><span class='ocrx_word' id='word_1_205' title='bbox 996 289 1109 322; x_wconf 85' lang='grc' dir='ltr'>νουσῶν,</span> <span class='ocrx_word' id='word_1_206' title='bbox 1128 290 1176 316; x_wconf 84' lang='grc' dir='ltr'>καὶ</span> <span class='ocrx_word' id='word_1_207' title='bbox 1199 289 1292 323; x_wconf 74' lang='grc' dir='ltr'>ἕτεραι</span> <span class='ocrx_word' id='word_1_208' title='bbox 1305 289 1439 324; x_wconf 78' lang='grc' dir='ltr'><strong>ἁμαρτίαι</strong></span> <span class='ocrx_word' id='word_1_209' title='bbox 1466 289 1635 323; x_wconf 85' lang='grc' dir='ltr'>παρέπονται</span> <span class='ocrx_word' id='word_1_210' title='bbox 1646 289 1758 321; x_wconf 78' lang='grc' dir='ltr'>ταύταις</span> <span class='ocrx_word' id='word_1_211' title='bbox 1774 298 1781 305; x_wconf 92' lang='grc'><strong>·</strong></span> 
     </span>
    </p>
   </div>
   <div class='ocr_carea' id='block_1_35' title="bbox 995 335 1784 373">
    <p class='ocr_par' dir='ltr' id='par_1_35' title="bbox 995 335 1784 373">
     <span class='ocr_line' id='line_1_35' title="bbox 995 335 1784 373; baseline -0.003 -9"><span class='ocrx_word' id='word_1_212' title='bbox 995 339 1029 373; x_wconf 80' lang='grc' dir='ltr'>τῇ</span> <span class='ocrx_word' id='word_1_213' title='bbox 1049 335 1095 364; x_wconf 79' lang='grc' dir='ltr'>οὖν</span> <span class='ocrx_word' id='word_1_214' title='bbox 1107 335 1200 363; x_wconf 80' lang='grc' dir='ltr'>ἀσεϐεῖ</span> <span class='ocrx_word' id='word_1_215' title='bbox 1214 335 1317 371; x_wconf 70' lang='grc' dir='ltr'>αἱρέσει</span> <span class='ocrx_word' id='word_1_216' title='bbox 1328 335 1383 361; x_wconf 84' lang='grc' dir='ltr'>τῶν</span> <span class='ocrx_word' id='word_1_217' title='bbox 1398 335 1719 370; x_wconf 87' lang='grc' dir='ltr'>Χριστιανοκατηγόρων,</span> <span class='ocrx_word' id='word_1_218' title='bbox 1737 337 1784 363; x_wconf 82' lang='grc' dir='ltr'>καὶ</span> 
     </span>
    </p>
   </div>
   <div class='ocr_carea' id='block_1_36' title="bbox 995 379 1784 416">
    <p class='ocr_par' dir='ltr' id='par_1_36' title="bbox 995 379 1784 416">
     <span class='ocr_line' id='line_1_36' title="bbox 995 379 1784 416; baseline -0.003 -6"><span class='ocrx_word' id='word_1_219' title='bbox 995 383 1064 410; x_wconf 83' lang='grc' dir='ltr'>ἄλλα</span> <span class='ocrx_word' id='word_1_220' title='bbox 1077 382 1240 416; x_wconf 79' lang='grc' dir='ltr'>ἀσεϐήματα</span> <span class='ocrx_word' id='word_1_221' title='bbox 1255 379 1458 415; x_wconf 72' lang='grc' dir='ltr'><strong>συνηκολούθει.</strong></span> <span class='ocrx_word' id='word_1_222' title='bbox 1472 381 1581 415; x_wconf 81' lang='grc' dir='ltr'>’Ὠσπερ</span> <span class='ocrx_word' id='word_1_223' title='bbox 1597 382 1651 416; x_wconf 77' lang='grc' dir='ltr'>γὰρ</span> <span class='ocrx_word' id='word_1_224' title='bbox 1664 381 1714 416; x_wconf 85' lang='grc' dir='ltr'><strong>τὴν</strong></span> <span class='ocrx_word' id='word_1_225' title='bbox 1730 381 1784 409; x_wconf 86' lang='grc' dir='ltr'>τῶν</span> 
     </span>
    </p>
   </div>
   <div class='ocr_carea' id='block_1_37' title="bbox 997 426 1783 462">
    <p class='ocr_par' dir='ltr' id='par_1_37' title="bbox 997 426 1783 462">
     <span class='ocr_line' id='line_1_37' title="bbox 997 426 1783 462; baseline -0.003 -7"><span class='ocrx_word' id='word_1_226' title='bbox 997 429 1104 455; x_wconf 80' lang='grc' dir='ltr'>σεπτῶν</span> <span class='ocrx_word' id='word_1_227' title='bbox 1117 428 1229 455; x_wconf 85' lang='grc' dir='ltr'><strong>εἰκόνων</strong></span> <span class='ocrx_word' id='word_1_228' title='bbox 1255 426 1316 461; x_wconf 69' lang='grc' dir='ltr'>ὄψιν</span> <span class='ocrx_word' id='word_1_229' title='bbox 1341 426 1483 461; x_wconf 80' lang='grc' dir='ltr'>ἀφείλοντο</span> <span class='ocrx_word' id='word_1_230' title='bbox 1498 427 1530 453; x_wconf 84' lang='grc' dir='ltr'>ὲκ</span> <span class='ocrx_word' id='word_1_231' title='bbox 1553 428 1603 462; x_wconf 85' lang='grc' dir='ltr'>τῆς</span> <span class='ocrx_word' id='word_1_232' title='bbox 1625 427 1783 462; x_wconf 75' lang='grc' dir='ltr'><strong>ἐκκλησίας,</strong></span> 
     </span>
    </p>
   </div>
   <div class='ocr_carea' id='block_1_38' title="bbox 997 472 1784 510">
    <p class='ocr_par' dir='ltr' id='par_1_38' title="bbox 997 472 1784 510">
     <span class='ocr_line' id='line_1_38' title="bbox 997 472 1784 510; baseline -0.003 -8"><span class='ocrx_word' id='word_1_233' title='bbox 997 475 1044 502; x_wconf 77' lang='grc' dir='ltr'>καὶ</span> <span class='ocrx_word' id='word_1_234' title='bbox 1056 474 1139 510; x_wconf 74' lang='grc' dir='ltr'>ἕτερά</span> <span class='ocrx_word' id='word_1_235' title='bbox 1154 482 1214 500; x_wconf 88' lang='grc' dir='ltr'>τινα</span> <span class='ocrx_word' id='word_1_236' title='bbox 1233 473 1281 508; x_wconf 80' lang='grc' dir='ltr'>ἐθη</span> <span class='ocrx_word' id='word_1_237' title='bbox 1297 473 1357 499; x_wconf 87' lang='grc' dir='ltr'>ἀντὶ</span> <span class='ocrx_word' id='word_1_238' title='bbox 1372 472 1419 498; x_wconf 79' lang='grc' dir='ltr'><strong>τοῦ</strong></span> <span class='ocrx_word' id='word_1_239' title='bbox 1434 472 1638 507; x_wconf 80' lang='grc' dir='ltr'><strong>ἀπεδοκίμασαν</strong></span> <span class='ocrx_word' id='word_1_240' title='bbox 1662 474 1784 509; x_wconf 83' lang='grc' dir='ltr'>παραλε-</span> 
     </span>
    </p>
   </div>
   <div class='ocr_carea' id='block_1_39' title="bbox 996 518 1784 554">
    <p class='ocr_par' dir='ltr' id='par_1_39' title="bbox 996 518 1784 554">
     <span class='ocr_line' id='line_1_39' title="bbox 996 518 1784 554; baseline 0 -8"><span class='ocrx_word' id='word_1_241' title='bbox 996 520 1131 552; x_wconf 85' lang='grc' dir='ltr'>λοίπασιν,</span> <span class='ocrx_word' id='word_1_242' title='bbox 1148 519 1166 546; x_wconf 77' lang='grc' dir='ltr'>ἃ</span> <span class='ocrx_word' id='word_1_243' title='bbox 1177 519 1230 554; x_wconf 88' lang='grc' dir='ltr'><strong>χρὴ</strong></span> <span class='ocrx_word' id='word_1_244' title='bbox 1239 518 1436 553; x_wconf 80' lang='grc' dir='ltr'>ἀνανεωθῆναι,</span> <span class='ocrx_word' id='word_1_245' title='bbox 1446 519 1490 545; x_wconf 72' lang='grc' dir='ltr'>καὶ</span> <span class='ocrx_word' id='word_1_246' title='bbox 1503 519 1574 545; x_wconf 85' lang='grc' dir='ltr'><strong>κατά</strong></span> <span class='ocrx_word' id='word_1_247' title='bbox 1585 519 1634 554; x_wconf 83' lang='grc' dir='ltr'><strong>τὴν</strong></span> <span class='ocrx_word' id='word_1_248' title='bbox 1646 519 1784 554; x_wconf 71' lang='grc' dir='ltr'>ἔγγραφον</span> 
     </span>
    </p>
   </div>
   <div class='ocr_carea' id='block_1_40' title="bbox 997 564 1784 601">
    <p class='ocr_par' dir='ltr' id='par_1_40' title="bbox 997 564 1784 601">
     <span class='ocr_line' id='line_1_40' title="bbox 997 564 1784 601; baseline -0.001 -8"><span class='ocrx_word' id='word_1_249' title='bbox 997 567 1045 593; x_wconf 75' lang='grc' dir='ltr'>καὶ</span> <span class='ocrx_word' id='word_1_250' title='bbox 1060 567 1183 601; x_wconf 79' lang='grc' dir='ltr'>ἄγραφον</span> <span class='ocrx_word' id='word_1_251' title='bbox 1199 565 1378 599; x_wconf 81' lang='grc' dir='ltr'>Θεσμοθεσιαν</span> <span class='ocrx_word' id='word_1_252' title='bbox 1392 564 1479 596; x_wconf 76' lang='grc' dir='ltr'>οὕτως</span> <span class='ocrx_word' id='word_1_253' title='bbox 1503 566 1615 600; x_wconf 85' lang='grc' dir='ltr'>κρατεῖν</span> <span class='ocrx_word' id='word_1_254' title='bbox 1627 573 1634 580; x_wconf 87' lang='grc'><strong>·</strong></span> <span class='ocrx_word' id='word_1_255' title='bbox 1656 566 1714 592; x_wconf 81' lang='grc' dir='ltr'>ὅσοι</span> <span class='ocrx_word' id='word_1_256' title='bbox 1737 565 1784 592; x_wconf 80' lang='grc' dir='ltr'><strong>οὖν</strong></span> 
     </span>
    </p>
   </div>
   <div class='ocr_carea' id='block_1_41' title="bbox 998 609 1785 646">
    <p class='ocr_par' dir='ltr' id='par_1_41' title="bbox 998 609 1785 646">
     <span class='ocr_line' id='line_1_41' title="bbox 998 609 1785 646; baseline -0.001 -8"><span class='ocrx_word' id='word_1_257' title='bbox 998 611 1091 638; x_wconf 80' lang='grc' dir='ltr'>σεπτοὶ</span> <span class='ocrx_word' id='word_1_258' title='bbox 1116 611 1175 637; x_wconf 82' lang='grc' dir='ltr'>ναοὶ</span> <span class='ocrx_word' id='word_1_259' title='bbox 1205 609 1421 645; x_wconf 84' lang='grc' dir='ltr'>καθιερώθησαν,</span> <span class='ocrx_word' id='word_1_260' title='bbox 1441 610 1519 641; x_wconf 78' lang='grc' dir='ltr'>ὲκτδς</span> <span class='ocrx_word' id='word_1_261' title='bbox 1548 610 1634 644; x_wconf 85' lang='grc' dir='ltr'>ἀγιων</span> <span class='ocrx_word' id='word_1_262' title='bbox 1650 611 1785 646; x_wconf 77' lang='grc' dir='ltr'>λειψάνων</span> 
     </span>
    </p>
   </div>
   <div class='ocr_carea' id='block_1_42' title="bbox 999 655 1784 692">
    <p class='ocr_par' dir='ltr' id='par_1_42' title="bbox 999 655 1784 692">
     <span class='ocr_line' id='line_1_42' title="bbox 999 655 1784 692; baseline -0.001 -9"><span class='ocrx_word' id='word_1_263' title='bbox 999 657 1157 692; x_wconf 81' lang='grc' dir='ltr'>μαρτύρων,</span> <span class='ocrx_word' id='word_1_264' title='bbox 1177 655 1344 691; x_wconf 79' lang='grc' dir='ltr'>ὀρίζομενέν</span> <span class='ocrx_word' id='word_1_265' title='bbox 1360 657 1453 687; x_wconf 78' lang='grc' dir='ltr'>αὐτοῖς</span> <span class='ocrx_word' id='word_1_266' title='bbox 1483 656 1630 682; x_wconf 73' lang='grc' dir='ltr'><strong>κατάθεσιν</strong></span> <span class='ocrx_word' id='word_1_267' title='bbox 1656 656 1784 690; x_wconf 79' lang='grc' dir='ltr'>γενέσθαι</span> 
     </span>
    </p>
   </div>
   <div class='ocr_carea' id='block_1_43' title="bbox 997 701 1784 737">
    <p class='ocr_par' dir='ltr' id='par_1_43' title="bbox 997 701 1784 737">
     <span class='ocr_line' id='line_1_43' title="bbox 997 701 1784 737; baseline -0.001 -8"><span class='ocrx_word' id='word_1_268' title='bbox 997 702 1142 737; x_wconf 76' lang='grc' dir='ltr'>λειψάνων,</span> <span class='ocrx_word' id='word_1_269' title='bbox 1177 701 1246 737; x_wconf 75' lang='grc' dir='ltr'>μετὰ</span> <span class='ocrx_word' id='word_1_270' title='bbox 1277 701 1326 736; x_wconf 79' lang='grc' dir='ltr'>τῆς</span> <span class='ocrx_word' id='word_1_271' title='bbox 1348 701 1479 736; x_wconf 79' lang='grc' dir='ltr'><strong>συνήθους</strong></span> <span class='ocrx_word' id='word_1_272' title='bbox 1502 702 1595 737; x_wconf 78' lang='grc' dir='ltr'>εὐχῆς.</span> <span class='ocrx_word' id='word_1_273' title='bbox 1615 702 1645 728; x_wconf 90' lang='grc' dir='ltr'>Ὁ</span> <span class='ocrx_word' id='word_1_274' title='bbox 1668 702 1697 728; x_wconf 81' lang='grc' dir='ltr'>δὲ</span> <span class='ocrx_word' id='word_1_275' title='bbox 1721 702 1784 729; x_wconf 78' lang='grc' dir='ltr'>ἄνευ</span> 
     </span>
    </p>
   </div>
   <div class='ocr_carea' id='block_1_44' title="bbox 998 747 1786 782">
    <p class='ocr_par' dir='ltr' id='par_1_44' title="bbox 998 747 1786 782">
     <span class='ocr_line' id='line_1_44' title="bbox 998 747 1786 782; baseline -0.001 -7"><span class='ocrx_word' id='word_1_276' title='bbox 998 748 1084 782; x_wconf 83' lang='grc' dir='ltr'>ἁγίων</span> <span class='ocrx_word' id='word_1_277' title='bbox 1102 747 1236 782; x_wconf 78' lang='grc' dir='ltr'>λειψάνων</span> <span class='ocrx_word' id='word_1_278' title='bbox 1266 747 1403 782; x_wconf 86' lang='grc' dir='ltr'>καθιερῶν</span> <span class='ocrx_word' id='word_1_279' title='bbox 1430 747 1505 780; x_wconf 77' lang='grc' dir='ltr'>ναὸν,</span> <span class='ocrx_word' id='word_1_280' title='bbox 1537 747 1732 782; x_wconf 67' lang='grc' dir='ltr'><strong>καθαιρείσθω,</strong></span> <span class='ocrx_word' id='word_1_281' title='bbox 1748 748 1786 780; x_wconf 86' lang='grc' dir='ltr'>ὡς</span> 
     </span>
    </p>
   </div>
   <div class='ocr_carea' id='block_1_45' title="bbox 998 792 1695 829">
    <p class='ocr_par' dir='ltr' id='par_1_45' title="bbox 998 792 1695 829">
     <span class='ocr_line' id='line_1_45' title="bbox 998 792 1695 829; baseline 0 -9"><span class='ocrx_word' id='word_1_282' title='bbox 998 792 1197 829; x_wconf 73' lang='grc' dir='ltr'>παραϐεδηκὼς</span> <span class='ocrx_word' id='word_1_283' title='bbox 1208 793 1258 824; x_wconf 79' lang='grc' dir='ltr'>τὰς</span> <span class='ocrx_word' id='word_1_284' title='bbox 1271 792 1501 826; x_wconf 75' lang='grc' dir='ltr'>ἐκκλησιαστικὰς</span> <span class='ocrx_word' id='word_1_285' title='bbox 1521 793 1695 828; x_wconf 85' lang='grc' dir='ltr'>παραδόσεις.</span> 
     </span>
    </p>
   </div>
   <div class='ocr_carea' id='block_1_46' title="bbox 1035 837 1786 873">
    <p class='ocr_par' dir='ltr' id='par_1_46' title="bbox 1035 837 1786 873">
     <span class='ocr_line' id='line_1_46' title="bbox 1035 837 1786 873; baseline -0.001 -8"><span class='ocrx_word' id='word_1_286' title='bbox 1035 840 1099 865; x_wconf 85' lang='grc' dir='ltr'>Ὀτι</span> <span class='ocrx_word' id='word_1_287' title='bbox 1106 838 1149 872; x_wconf 83' lang='grc' dir='ltr'>μὴ</span> <span class='ocrx_word' id='word_1_288' title='bbox 1162 838 1240 872; x_wconf 77' lang='grc' dir='ltr'><strong>ἔχων</strong></span> <span class='ocrx_word' id='word_1_289' title='bbox 1254 846 1298 870; x_wconf 86' lang='grc' dir='ltr'><strong>τις</strong></span> <span class='ocrx_word' id='word_1_290' title='bbox 1309 837 1345 863; x_wconf 82' lang='grc' dir='ltr'>τὰ</span> <span class='ocrx_word' id='word_1_291' title='bbox 1358 837 1432 870; x_wconf 82' lang='grc' dir='ltr'>πρὸς</span> <span class='ocrx_word' id='word_1_292' title='bbox 1450 837 1650 873; x_wconf 79' lang='grc' dir='ltr'><strong>ἀπαρτισμὸν,</strong></span> <span class='ocrx_word' id='word_1_293' title='bbox 1665 837 1709 872; x_wconf 85' lang='grc' dir='ltr'>μὴ</span> <span class='ocrx_word' id='word_1_294' title='bbox 1723 838 1786 865; x_wconf 68' lang='lat' dir='ltr'><strong>sm.</strong></span> 
     </span>
    </p>
   </div>
   <div class='ocr_carea' id='block_1_47' title="bbox 999 882 1508 919">
    <p class='ocr_par' dir='ltr' id='par_1_47' title="bbox 999 882 1508 919">
     <span class='ocr_line' id='line_1_47' title="bbox 999 882 1508 919; baseline -0.004 -7"><span class='ocrx_word' id='word_1_295' title='bbox 999 884 1110 919; x_wconf 80' lang='grc' dir='ltr'>χειροῖη</span> <span class='ocrx_word' id='word_1_296' title='bbox 1127 882 1233 913; x_wconf 76' lang='grc' dir='ltr'><strong>κτίζειν</strong></span> <span class='ocrx_word' id='word_1_297' title='bbox 1243 882 1400 916; x_wconf 84' lang='grc' dir='ltr'>εὐκτήριον</span> <span class='ocrx_word' id='word_1_298' title='bbox 1415 883 1508 910; x_wconf 78' lang='grc' dir='ltr'>οἷκον.</span> 
     </span>
    </p>
   </div>
   <div class='ocr_carea' id='block_1_48' title="bbox 1036 928 1786 963">
    <p class='ocr_par' dir='ltr' id='par_1_48' title="bbox 1036 928 1786 963">
     <span class='ocr_line' id='line_1_48' title="bbox 1036 928 1786 963; baseline -0.003 -6"><span class='ocrx_word' id='word_1_299' title='bbox 1036 930 1079 962; x_wconf 79' lang='grc' dir='ltr'><strong>ιζ’.</strong></span> <span class='ocrx_word' id='word_1_300' title='bbox 1109 929 1170 956; x_wconf 80' lang='grc' dir='ltr'>’Ότι</span> <span class='ocrx_word' id='word_1_301' title='bbox 1196 928 1268 960; x_wconf 78' lang='grc' dir='ltr'>τινὲς</span> <span class='ocrx_word' id='word_1_302' title='bbox 1287 928 1342 954; x_wconf 79' lang='grc' dir='ltr'>τῶν</span> <span class='ocrx_word' id='word_1_303' title='bbox 1367 928 1493 963; x_wconf 85' lang='grc' dir='ltr'>μοναχῶν</span> <span class='ocrx_word' id='word_1_304' title='bbox 1526 928 1722 960; x_wconf 81' lang='grc' dir='ltr'>καταλιπόντες</span> <span class='ocrx_word' id='word_1_305' title='bbox 1751 928 1786 954; x_wconf 75' lang='grc' dir='ltr'>τὰ</span> 
     </span>
    </p>
   </div>
   <div class='ocr_carea' id='block_1_49' title="bbox 999 973 1786 1010">
    <p class='ocr_par' dir='ltr' id='par_1_49' title="bbox 999 973 1786 1010">
     <span class='ocr_line' id='line_1_49' title="bbox 999 973 1786 1010; baseline -0.005 -7"><span class='ocrx_word' id='word_1_306' title='bbox 999 975 1104 1003; x_wconf 80' lang='grc' dir='ltr'>ἑαυτῶν</span> <span class='ocrx_word' id='word_1_307' title='bbox 1122 975 1303 1010; x_wconf 84' lang='grc' dir='ltr'>μοναστήρια,</span> <span class='ocrx_word' id='word_1_308' title='bbox 1324 973 1362 1006; x_wconf 83' lang='grc' dir='ltr'>ὡς</span> <span class='ocrx_word' id='word_1_309' title='bbox 1376 974 1514 1008; x_wconf 77' lang='grc' dir='ltr'><strong>ἐφιέμενοι</strong></span> <span class='ocrx_word' id='word_1_310' title='bbox 1526 974 1621 1009; x_wconf 84' lang='grc' dir='ltr'>ἄρχειν</span> <span class='ocrx_word' id='word_1_311' title='bbox 1634 974 1681 1001; x_wconf 71' lang='grc' dir='ltr'>καὶ</span> <span class='ocrx_word' id='word_1_312' title='bbox 1692 974 1723 1000; x_wconf 84' lang='grc' dir='ltr'>τὸ</span> <span class='ocrx_word' id='word_1_313' title='bbox 1734 974 1786 1001; x_wconf 83' lang='grc' dir='ltr'><strong>ὑπ-</strong></span> 
     </span>
    </p>
   </div>
   <div class='ocr_carea' id='block_1_50' title="bbox 998 1020 1785 1055">
    <p class='ocr_par' dir='ltr' id='par_1_50' title="bbox 998 1020 1785 1055">
     <span class='ocr_line' id='line_1_50' title="bbox 998 1020 1785 1055; baseline -0.004 -7"><span class='ocrx_word' id='word_1_314' title='bbox 998 1022 1109 1049; x_wconf 86' lang='grc' dir='ltr'>ακούειν</span> <span class='ocrx_word' id='word_1_315' title='bbox 1132 1020 1356 1055; x_wconf 84' lang='grc' dir='ltr'>ἀπαναινόμενοι,</span> <span class='ocrx_word' id='word_1_316' title='bbox 1373 1020 1529 1055; x_wconf 77' lang='grc' dir='ltr'>ἐγχειροῦσι</span> <span class='ocrx_word' id='word_1_317' title='bbox 1559 1021 1663 1051; x_wconf 76' lang='grc' dir='ltr'>κτίζειν</span> <span class='ocrx_word' id='word_1_318' title='bbox 1687 1020 1785 1054; x_wconf 81' lang='grc' dir='ltr'>εὐκτη-</span> 
     </span>
    </p>
   </div>
   <div class='ocr_carea' id='block_1_51' title="bbox 998 1064 1786 1104">
    <p class='ocr_par' dir='ltr' id='par_1_51' title="bbox 998 1064 1786 1104">
     <span class='ocr_line' id='line_1_51' title="bbox 998 1064 1786 1104; baseline -0.005 -10"><span class='ocrx_word' id='word_1_319' title='bbox 998 1068 1073 1103; x_wconf 71' lang='lat' dir='ltr'><strong>pinu;</strong></span> <span class='ocrx_word' id='word_1_320' title='bbox 1086 1067 1187 1099; x_wconf 79' lang='grc' dir='ltr'>οἴκους,</span> <span class='ocrx_word' id='word_1_321' title='bbox 1200 1068 1233 1094; x_wconf 84' lang='grc' dir='ltr'>τὰ</span> <span class='ocrx_word' id='word_1_322' title='bbox 1253 1068 1320 1103; x_wconf 78' lang='grc' dir='ltr'>πρὸς</span> <span class='ocrx_word' id='word_1_323' title='bbox 1330 1066 1502 1104; x_wconf 75' lang='grc' dir='ltr'>ἀπαρτισμὸν</span> <span class='ocrx_word' id='word_1_324' title='bbox 1519 1066 1556 1101; x_wconf 85' lang='grc' dir='ltr'>μὴ</span> <span class='ocrx_word' id='word_1_325' title='bbox 1568 1066 1687 1100; x_wconf 72' lang='grc' dir='ltr'>ἔχοντες.</span> <span class='ocrx_word' id='word_1_326' title='bbox 1699 1064 1733 1091; x_wconf 70' lang='lat' dir='ltr'><strong>EE</strong></span> <span class='ocrx_word' id='word_1_327' title='bbox 1745 1072 1786 1096; x_wconf 86' lang='grc' dir='ltr'><strong>τις</strong></span> 
     </span>
    </p>
   </div>
   <div class='ocr_carea' id='block_1_52' title="bbox 998 1110 1788 1149">
    <p class='ocr_par' dir='ltr' id='par_1_52' title="bbox 998 1110 1788 1149">
     <span class='ocr_line' id='line_1_52' title="bbox 998 1110 1788 1149; baseline -0.004 -10"><span class='ocrx_word' id='word_1_328' title='bbox 998 1113 1130 1140; x_wconf 78' lang='grc' dir='ltr'>οὖντοῦτο</span> <span class='ocrx_word' id='word_1_329' title='bbox 1141 1114 1267 1149; x_wconf 80' lang='grc' dir='ltr'>ὲπιχειρή</span> <span class='ocrx_word' id='word_1_330' title='bbox 1273 1122 1313 1139; x_wconf 80' lang='grc' dir='ltr'><strong>σοι</strong></span> <span class='ocrx_word' id='word_1_331' title='bbox 1327 1115 1426 1145; x_wconf 79' lang='grc' dir='ltr'>ποιεῖν,</span> <span class='ocrx_word' id='word_1_332' title='bbox 1437 1112 1583 1139; x_wconf 81' lang='grc' dir='ltr'><strong>κωλυέσθω</strong></span> <span class='ocrx_word' id='word_1_333' title='bbox 1595 1111 1647 1138; x_wconf 69' lang='grc' dir='ltr'>ὑπὸ</span> <span class='ocrx_word' id='word_1_334' title='bbox 1659 1111 1706 1137; x_wconf 91' lang='grc' dir='ltr'><strong>τοῦ</strong></span> <span class='ocrx_word' id='word_1_335' title='bbox 1717 1110 1788 1137; x_wconf 81' lang='grc' dir='ltr'><strong>κατά</strong></span> 
     </span>
    </p>
   </div>
   <div class='ocr_carea' id='block_1_53' title="bbox 998 1156 1787 1192">
    <p class='ocr_par' dir='ltr' id='par_1_53' title="bbox 998 1156 1787 1192">
     <span class='ocr_line' id='line_1_53' title="bbox 998 1156 1787 1192; baseline -0.004 -7"><span class='ocrx_word' id='word_1_336' title='bbox 998 1159 1043 1185; x_wconf 71' lang='grc' dir='ltr'>τὸν</span> <span class='ocrx_word' id='word_1_337' title='bbox 1057 1159 1139 1186; x_wconf 83' lang='grc' dir='ltr'>τόπον</span> <span class='ocrx_word' id='word_1_338' title='bbox 1166 1159 1315 1185; x_wconf 76' lang='grc' dir='ltr'>ἐπισκόπου</span> <span class='ocrx_word' id='word_1_339' title='bbox 1332 1167 1341 1174; x_wconf 86' lang='grc'><strong>·</strong></span> <span class='ocrx_word' id='word_1_340' title='bbox 1355 1159 1379 1185; x_wconf 83' lang='grc' dir='ltr'>εἰ</span> <span class='ocrx_word' id='word_1_341' title='bbox 1407 1158 1435 1185; x_wconf 83' lang='grc' dir='ltr'><strong>δὲ</strong></span> <span class='ocrx_word' id='word_1_342' title='bbox 1460 1158 1494 1185; x_wconf 82' lang='grc' dir='ltr'>τὰ</span> <span class='ocrx_word' id='word_1_343' title='bbox 1516 1158 1586 1192; x_wconf 77' lang='grc' dir='ltr'>πρὸς</span> <span class='ocrx_word' id='word_1_344' title='bbox 1614 1156 1787 1192; x_wconf 77' lang='grc' dir='ltr'>ἀπαρτισμὸν</span> 
     </span>
    </p>
   </div>
   <div class='ocr_carea' id='block_1_54' title="bbox 998 1202 1785 1240">
    <p class='ocr_par' dir='ltr' id='par_1_54' title="bbox 998 1202 1785 1240">
     <span class='ocr_line' id='line_1_54' title="bbox 998 1202 1785 1240; baseline -0.003 -10"><span class='ocrx_word' id='word_1_345' title='bbox 998 1204 1066 1239; x_wconf 75' lang='grc' dir='ltr'>ἔχοι,</span> <span class='ocrx_word' id='word_1_346' title='bbox 1081 1204 1116 1230; x_wconf 83' lang='grc' dir='ltr'>τὰ</span> <span class='ocrx_word' id='word_1_347' title='bbox 1131 1204 1331 1240; x_wconf 70' lang='grc' dir='ltr'>βεϐουλευμένα</span> <span class='ocrx_word' id='word_1_348' title='bbox 1350 1204 1425 1239; x_wconf 77' lang='grc' dir='ltr'>αὑτῷ</span> <span class='ocrx_word' id='word_1_349' title='bbox 1444 1205 1484 1235; x_wconf 80' lang='grc' dir='ltr'><strong>είς</strong></span> <span class='ocrx_word' id='word_1_350' title='bbox 1508 1203 1597 1237; x_wconf 81' lang='grc' dir='ltr'>πέρας</span> <span class='ocrx_word' id='word_1_351' title='bbox 1614 1202 1785 1236; x_wconf 80' lang='grc' dir='ltr'>ἀγέσθωσαν.</span> 
     </span>
    </p>
   </div>
   <div class='ocr_carea' id='block_1_55' title="bbox 998 1248 1786 1285">
    <p class='ocr_par' dir='ltr' id='par_1_55' title="bbox 998 1248 1786 1285">
     <span class='ocr_line' id='line_1_55' title="bbox 998 1248 1786 1285; baseline -0.004 -8"><span class='ocrx_word' id='word_1_352' title='bbox 998 1251 1036 1277; x_wconf 84' lang='grc' dir='ltr'><strong>Τὸ</strong></span> <span class='ocrx_word' id='word_1_353' title='bbox 1050 1250 1117 1277; x_wconf 77' lang='grc' dir='ltr'>αὐτὸ</span> <span class='ocrx_word' id='word_1_354' title='bbox 1138 1251 1167 1277; x_wconf 77' lang='grc' dir='ltr'>δὲ</span> <span class='ocrx_word' id='word_1_355' title='bbox 1196 1250 1374 1285; x_wconf 72' lang='grc' dir='ltr'><strong>φυλαττέσθω</strong></span> <span class='ocrx_word' id='word_1_356' title='bbox 1398 1251 1444 1277; x_wconf 75' lang='grc' dir='ltr'><strong>καὶ</strong></span> <span class='ocrx_word' id='word_1_357' title='bbox 1471 1250 1518 1276; x_wconf 72' lang='grc' dir='ltr'><strong>ἐπὶ</strong></span> <span class='ocrx_word' id='word_1_358' title='bbox 1541 1248 1644 1276; x_wconf 85' lang='grc' dir='ltr'>λαῖκῶν</span> <span class='ocrx_word' id='word_1_359' title='bbox 1657 1249 1706 1275; x_wconf 81' lang='grc' dir='ltr'>καὶ</span> <span class='ocrx_word' id='word_1_360' title='bbox 1721 1248 1786 1283; x_wconf 79' lang='grc' dir='ltr'>κλη-</span> 
     </span>
    </p>
   </div>
   <div class='ocr_carea' id='block_1_56' title="bbox 999 1295 1094 1331">
    <p class='ocr_par' dir='ltr' id='par_1_56' title="bbox 999 1295 1094 1331">
     <span class='ocr_line' id='line_1_56' title="bbox 999 1295 1094 1331; baseline 0.011 -9"><span class='ocrx_word' id='word_1_361' title='bbox 999 1295 1094 1331; x_wconf 84' lang='grc' dir='ltr'>ρικῶν.</span> 
     </span>
    </p>
   </div>
   <div class='ocr_carea' id='block_1_57' title="bbox 1039 1339 1787 1377">
    <p class='ocr_par' dir='ltr' id='par_1_57' title="bbox 1039 1339 1787 1377">
     <span class='ocr_line' id='line_1_57' title="bbox 1039 1339 1787 1377; baseline -0.004 -9"><span class='ocrx_word' id='word_1_362' title='bbox 1039 1342 1083 1368; x_wconf 85' lang='grc' dir='ltr'>Ἐν</span> <span class='ocrx_word' id='word_1_363' title='bbox 1097 1340 1136 1377; x_wconf 84' lang='grc' dir='ltr'><strong>τῷ</strong></span> <span class='ocrx_word' id='word_1_364' title='bbox 1152 1340 1182 1368; x_wconf 87' lang='grc' dir='ltr'>ιδ’</span> <span class='ocrx_word' id='word_1_365' title='bbox 1197 1341 1337 1376; x_wconf 76' lang='grc' dir='ltr'>κεφαλαίῳ</span> <span class='ocrx_word' id='word_1_366' title='bbox 1352 1340 1397 1367; x_wconf 79' lang='grc' dir='ltr'><strong>τοῦ</strong></span> <span class='ocrx_word' id='word_1_367' title='bbox 1409 1343 1434 1374; x_wconf 89' lang='grc' dir='ltr'>γ’</span> <span class='ocrx_word' id='word_1_368' title='bbox 1448 1340 1500 1367; x_wconf 88' lang='grc' dir='ltr'>τίτ.</span> <span class='ocrx_word' id='word_1_369' title='bbox 1516 1340 1563 1366; x_wconf 83' lang='grc' dir='ltr'><strong>τοῦ</strong></span> <span class='ocrx_word' id='word_1_370' title='bbox 1579 1339 1712 1374; x_wconf 80' lang='grc' dir='ltr'>παρόντος</span> <span class='ocrx_word' id='word_1_371' title='bbox 1723 1347 1787 1365; x_wconf 86' lang='grc' dir='ltr'>συν-</span> 
     </span>
    </p>
   </div>
   <div class='ocr_carea' id='block_1_58' title="bbox 1000 1385 1787 1423">
    <p class='ocr_par' dir='ltr' id='par_1_58' title="bbox 1000 1385 1787 1423">
     <span class='ocr_line' id='line_1_58' title="bbox 1000 1385 1787 1423; baseline -0.005 -8"><span class='ocrx_word' id='word_1_372' title='bbox 1000 1388 1154 1423; x_wconf 76' lang='grc' dir='ltr'>τάγματος,</span> <span class='ocrx_word' id='word_1_373' title='bbox 1170 1387 1336 1423; x_wconf 73' lang='grc' dir='ltr'>παρέγραψα</span> <span class='ocrx_word' id='word_1_374' title='bbox 1355 1387 1412 1418; x_wconf 82' lang='grc' dir='ltr'>πῶς</span> <span class='ocrx_word' id='word_1_375' title='bbox 1433 1386 1536 1420; x_wconf 84' lang='grc' dir='ltr'>γίνεται</span> <span class='ocrx_word' id='word_1_376' title='bbox 1548 1385 1692 1420; x_wconf 77' lang='grc' dir='ltr'>ἐκκλησία,</span> <span class='ocrx_word' id='word_1_377' title='bbox 1706 1385 1787 1419; x_wconf 84' lang='grc' dir='ltr'>Λέγει</span> 
     </span>
    </p>
   </div>
   <div class='ocr_carea' id='block_1_59' title="bbox 998 1431 1789 1469">
    <p class='ocr_par' dir='ltr' id='par_1_59' title="bbox 998 1431 1789 1469">
     <span class='ocr_line' id='line_1_59' title="bbox 998 1431 1789 1469; baseline -0.006 -7"><span class='ocrx_word' id='word_1_378' title='bbox 998 1435 1026 1462; x_wconf 86' lang='grc' dir='ltr'>δὲ</span> <span class='ocrx_word' id='word_1_379' title='bbox 1041 1434 1087 1462; x_wconf 68' lang='grc' dir='ltr'>καὶ</span> <span class='ocrx_word' id='word_1_380' title='bbox 1098 1435 1167 1461; x_wconf 82' lang='grc' dir='ltr'>διάτ.</span> <span class='ocrx_word' id='word_1_381' title='bbox 1184 1437 1213 1461; x_wconf 88' lang='grc' dir='ltr'>ιε’</span> <span class='ocrx_word' id='word_1_382' title='bbox 1228 1434 1275 1460; x_wconf 86' lang='grc' dir='ltr'><strong>τοῦ</strong></span> <span class='ocrx_word' id='word_1_383' title='bbox 1297 1433 1320 1469; x_wconf 85' lang='grc' dir='ltr'><strong>β’</strong></span> <span class='ocrx_word' id='word_1_384' title='bbox 1334 1433 1386 1460; x_wconf 85' lang='grc' dir='ltr'>τίτ.</span> <span class='ocrx_word' id='word_1_385' title='bbox 1403 1433 1451 1460; x_wconf 90' lang='grc' dir='ltr'><strong>τοῦ</strong></span> <span class='ocrx_word' id='word_1_386' title='bbox 1466 1431 1489 1459; x_wconf 88' lang='grc' dir='ltr'>α’</span> <span class='ocrx_word' id='word_1_387' title='bbox 1510 1432 1581 1467; x_wconf 80' lang='grc' dir='ltr'><strong>βιὸλ.</strong></span> <span class='ocrx_word' id='word_1_388' title='bbox 1597 1432 1643 1459; x_wconf 79' lang='grc' dir='ltr'><strong>τοῦ</strong></span> <span class='ocrx_word' id='word_1_389' title='bbox 1659 1431 1724 1458; x_wconf 86' lang='grc' dir='ltr'>κώδ.</span> <span class='ocrx_word' id='word_1_390' title='bbox 1751 1431 1789 1462; x_wconf 83' lang='grc' dir='ltr'>ὡς</span> 
     </span>
    </p>
   </div>
   <div class='ocr_carea' id='block_1_60' title="bbox 997 1477 1789 1515">
    <p class='ocr_par' dir='ltr' id='par_1_60' title="bbox 997 1477 1789 1515">
     <span class='ocr_line' id='line_1_60' title="bbox 997 1477 1789 1515; baseline -0.005 -8"><span class='ocrx_word' id='word_1_391' title='bbox 997 1480 1046 1507; x_wconf 77' lang='grc' dir='ltr'><strong>ἐάν</strong></span> <span class='ocrx_word' id='word_1_392' title='bbox 1055 1489 1097 1512; x_wconf 89' lang='grc' dir='ltr'><strong>τις</strong></span> <span class='ocrx_word' id='word_1_393' title='bbox 1107 1480 1261 1515; x_wconf 84' lang='grc' dir='ltr'>δωρήσηται</span> <span class='ocrx_word' id='word_1_394' title='bbox 1272 1480 1389 1514; x_wconf 82' lang='grc' dir='ltr'>πρᾶγμα</span> <span class='ocrx_word' id='word_1_395' title='bbox 1397 1478 1506 1514; x_wconf 76' lang='grc' dir='ltr'>κινητὸν</span> <span class='ocrx_word' id='word_1_396' title='bbox 1516 1478 1533 1513; x_wconf 85' lang='grc' dir='ltr'>ἣ</span> <span class='ocrx_word' id='word_1_397' title='bbox 1545 1477 1699 1513; x_wconf 87' lang='grc' dir='ltr'>ἀκίνητονῆ</span> <span class='ocrx_word' id='word_1_398' title='bbox 1711 1477 1789 1503; x_wconf 82' lang='grc' dir='ltr'>αὑτο-</span> 
     </span>
    </p>
   </div>
   <div class='ocr_carea' id='block_1_61' title="bbox 998 1524 1787 1562">
    <p class='ocr_par' dir='ltr' id='par_1_61' title="bbox 998 1524 1787 1562">
     <span class='ocr_line' id='line_1_61' title="bbox 998 1524 1787 1562; baseline -0.004 -9"><span class='ocrx_word' id='word_1_399' title='bbox 998 1527 1129 1562; x_wconf 84' lang='grc' dir='ltr'>κίνητονῆ</span> <span class='ocrx_word' id='word_1_400' title='bbox 1139 1526 1242 1553; x_wconf 84' lang='grc' dir='ltr'>δίκαιον</span> <span class='ocrx_word' id='word_1_401' title='bbox 1251 1527 1290 1557; x_wconf 85' lang='grc' dir='ltr'>εἰς</span> <span class='ocrx_word' id='word_1_402' title='bbox 1301 1526 1447 1561; x_wconf 82' lang='grc' dir='ltr'>πρόσωπον</span> <span class='ocrx_word' id='word_1_403' title='bbox 1455 1526 1604 1560; x_wconf 83' lang='grc' dir='ltr'>μάρτυρος,</span> <span class='ocrx_word' id='word_1_404' title='bbox 1612 1524 1628 1560; x_wconf 74' lang='grc' dir='ltr'>ἦ</span> <span class='ocrx_word' id='word_1_405' title='bbox 1637 1524 1787 1560; x_wconf 81' lang='grc' dir='ltr'>προφήτου.</span> 
     </span>
    </p>
   </div>
   <div class='ocr_carea' id='block_1_62' title="bbox 162 1569 947 1612">
    <p class='ocr_par' dir='ltr' id='par_1_62' title="bbox 162 1569 947 1607">
     <span class='ocr_line' id='line_1_62' title="bbox 162 1569 947 1607; baseline -0.005 -9"><span class='ocrx_word' id='word_1_406' title='bbox 162 1571 263 1607; x_wconf 77' lang='lat' dir='ltr'><strong>angeli,</strong></span> <span class='ocrx_word' id='word_1_407' title='bbox 281 1576 411 1606; x_wconf 85' lang='lat' dir='ltr'><strong>tanquam</strong></span> <span class='ocrx_word' id='word_1_408' title='bbox 435 1570 487 1605; x_wconf 87' lang='lat' dir='ltr'><strong>ipsi</strong></span> <span class='ocrx_word' id='word_1_409' title='bbox 508 1569 658 1597; x_wconf 87' lang='lat' dir='ltr'><strong>oratorium</strong></span> <span class='ocrx_word' id='word_1_410' title='bbox 683 1574 873 1596; x_wconf 85' lang='lat' dir='ltr'><strong>exstructurus</strong></span> <span class='ocrx_word' id='word_1_411' title='bbox 898 1570 947 1595; x_wconf 89' lang='lat' dir='ltr'><strong>do-</strong></span> 
     </span>
    </p>
   </div>
   <div class='ocr_carea' id='block_1_63' title="bbox 1001 1569 1789 1612">
    <p class='ocr_par' dir='ltr' id='par_1_63' title="bbox 1001 1570 1789 1608">
     <span class='ocr_line' id='line_1_63' title="bbox 1001 1570 1789 1608; baseline -0.005 -9"><span class='ocrx_word' id='word_1_412' title='bbox 1001 1573 1016 1608; x_wconf 82' lang='grc' dir='ltr'>ἢ</span> <span class='ocrx_word' id='word_1_413' title='bbox 1027 1573 1157 1607; x_wconf 81' lang='grc' dir='ltr'>ἀγγέλου,</span> <span class='ocrx_word' id='word_1_414' title='bbox 1172 1572 1209 1604; x_wconf 84' lang='grc' dir='ltr'><strong>ὡς</strong></span> <span class='ocrx_word' id='word_1_415' title='bbox 1223 1571 1305 1599; x_wconf 75' lang='grc' dir='ltr'>αὐτοῦ</span> <span class='ocrx_word' id='word_1_416' title='bbox 1327 1571 1430 1606; x_wconf 81' lang='grc' dir='ltr'>μέλλων</span> <span class='ocrx_word' id='word_1_417' title='bbox 1441 1572 1583 1606; x_wconf 76' lang='grc' dir='ltr'>εὐκτήριον</span> <span class='ocrx_word' id='word_1_418' title='bbox 1595 1570 1789 1605; x_wconf 75' lang='grc' dir='ltr'>οἰκοδομῆσαι,</span> 
     </span>
    </p>
   </div>
   <div class='ocr_carea' id='block_1_64' title="bbox 162 1614 948 1650">
    <p class='ocr_par' dir='ltr' id='par_1_64' title="bbox 162 1614 948 1650">
     <span class='ocr_line' id='line_1_64' title="bbox 162 1614 948 1650; baseline -0.006 -6"><span class='ocrx_word' id='word_1_419' title='bbox 162 1617 277 1650; x_wconf 82' lang='lat' dir='ltr'><strong>navcrit,</strong></span> <span class='ocrx_word' id='word_1_420' title='bbox 299 1617 531 1650; x_wconf 82' lang='lat' dir='ltr'><strong>donationemque</strong></span> <span class='ocrx_word' id='word_1_421' title='bbox 557 1614 604 1641; x_wconf 83' lang='lat' dir='ltr'><strong>ubi</strong></span> <span class='ocrx_word' id='word_1_422' title='bbox 633 1619 752 1648; x_wconf 84' lang='lat' dir='ltr'><strong>oportet,</strong></span> <span class='ocrx_word' id='word_1_423' title='bbox 770 1614 796 1640; x_wconf 90' lang='lat' dir='ltr'><strong>in</strong></span> <span class='ocrx_word' id='word_1_424' title='bbox 818 1619 878 1640; x_wconf 82' lang='lat' dir='ltr'><strong>acta</strong></span> <span class='ocrx_word' id='word_1_425' title='bbox 904 1620 948 1640; x_wconf 83' lang='lat' dir='ltr'><strong>re—</strong></span> 
     </span>
    </p>
   </div>
   <div class='ocr_carea' id='block_1_65' title="bbox 161 1660 948 1698">
    <p class='ocr_par' dir='ltr' id='par_1_65' title="bbox 161 1660 948 1698">
     <span class='ocr_line' id='line_1_65' title="bbox 161 1660 948 1698; baseline -0.008 -7"><span class='ocrx_word' id='word_1_426' title='bbox 161 1663 255 1691; x_wconf 87' lang='lat' dir='ltr'><strong>tulerit</strong></span> <span class='ocrx_word' id='word_1_427' title='bbox 271 1673 276 1690; x_wconf 96' lang='lat'>:</span> <span class='ocrx_word' id='word_1_428' title='bbox 292 1668 406 1698; x_wconf 82' lang='lat' dir='ltr'><strong>cogatur</strong></span> <span class='ocrx_word' id='word_1_429' title='bbox 422 1669 502 1697; x_wconf 86' lang='lat' dir='ltr'><strong>opus,</strong></span> <span class='ocrx_word' id='word_1_430' title='bbox 520 1667 677 1695; x_wconf 85' lang='lat' dir='ltr'><strong>quanquam</strong></span> <span class='ocrx_word' id='word_1_431' title='bbox 694 1663 813 1694; x_wconf 66' lang='lat' dir='ltr'><strong>coeptum</strong></span> <span class='ocrx_word' id='word_1_432' title='bbox 830 1667 885 1686; x_wconf 90' lang='lat' dir='ltr'><strong>non</strong></span> <span class='ocrx_word' id='word_1_433' title='bbox 902 1660 948 1690; x_wconf 90' lang='lat' dir='ltr'><strong>sit,</strong></span> 
     </span>
    </p>
   </div>
   <div class='ocr_carea' id='block_1_66' title="bbox 160 1704 948 1741">
    <p class='ocr_par' dir='ltr' id='par_1_66' title="bbox 160 1704 948 1741">
     <span class='ocr_line' id='line_1_66' title="bbox 160 1704 948 1741; baseline -0.006 -4"><span class='ocrx_word' id='word_1_434' title='bbox 160 1717 223 1738; x_wconf 93' lang='lat' dir='ltr'><strong>cum</strong></span> <span class='ocrx_word' id='word_1_435' title='bbox 253 1709 407 1736; x_wconf 68' lang='lat' dir='ltr'><strong>hmredibus</strong></span> <span class='ocrx_word' id='word_1_436' title='bbox 435 1707 603 1741; x_wconf 85' lang='lat' dir='ltr'><strong>adimplere,</strong></span> <span class='ocrx_word' id='word_1_437' title='bbox 633 1704 689 1741; x_wconf 80' lang='lat' dir='ltr'><strong>[eo]</strong></span> <span class='ocrx_word' id='word_1_438' title='bbox 716 1713 770 1740; x_wconf 89' lang='lat' dir='ltr'><strong>que</strong></span> <span class='ocrx_word' id='word_1_439' title='bbox 801 1706 948 1740; x_wconf 83' lang='lat' dir='ltr'><strong>adimplelo</strong></span> 
     </span>
    </p>
   </div>
   <div class='ocr_carea' id='block_1_67' title="bbox 160 1751 948 1787">
    <p class='ocr_par' dir='ltr' id='par_1_67' title="bbox 160 1751 948 1787">
     <span class='ocr_line' id='line_1_67' title="bbox 160 1751 948 1787; baseline -0.006 -4"><span class='ocrx_word' id='word_1_440' title='bbox 160 1755 339 1783; x_wconf 87' lang='lat' dir='ltr'><strong>donationem</strong></span> <span class='ocrx_word' id='word_1_441' title='bbox 365 1753 503 1781; x_wconf 87' lang='lat' dir='ltr'><strong>conferre.</strong></span> <span class='ocrx_word' id='word_1_442' title='bbox 537 1752 668 1787; x_wconf 87' lang='lat' dir='ltr'><strong>Idemque</strong></span> <span class='ocrx_word' id='word_1_443' title='bbox 694 1752 727 1778; x_wconf 90' lang='lat' dir='ltr'><strong>de</strong></span> <span class='ocrx_word' id='word_1_444' title='bbox 758 1751 948 1785; x_wconf 77' lang='lat' dir='ltr'><strong>xenodochio,</strong></span> 
     </span>
    </p>
   </div>
   <div class='ocr_carea' id='block_1_68' title="bbox 161 1797 948 1834">
    <p class='ocr_par' dir='ltr' id='par_1_68' title="bbox 161 1797 948 1834">
     <span class='ocr_line' id='line_1_68' title="bbox 161 1797 948 1834; baseline -0.005 -6"><span class='ocrx_word' id='word_1_445' title='bbox 161 1800 338 1832; x_wconf 81' lang='lat' dir='ltr'><strong>nosocomio,</strong></span> <span class='ocrx_word' id='word_1_446' title='bbox 362 1804 444 1834; x_wconf 88' lang='lat' dir='ltr'><strong>atque</strong></span> <span class='ocrx_word' id='word_1_447' title='bbox 460 1798 571 1833; x_wconf 87' lang='lat' dir='ltr'><strong>ptochio</strong></span> <span class='ocrx_word' id='word_1_448' title='bbox 589 1797 676 1834; x_wconf 89' lang='lat' dir='ltr'><strong>[dicit.</strong></span> <span class='ocrx_word' id='word_1_449' title='bbox 696 1797 765 1824; x_wconf 91' lang='lat' dir='ltr'><strong>Tum</strong></span> <span class='ocrx_word' id='word_1_450' title='bbox 781 1797 876 1833; x_wconf 87' lang='lat' dir='ltr'><strong>etiam]</strong></span> <span class='ocrx_word' id='word_1_451' title='bbox 890 1797 948 1832; x_wconf 86' lang='lat' dir='ltr'><strong>epi-</strong></span> 
     </span>
    </p>
   </div>
   <div class='ocr_carea' id='block_1_69' title="bbox 160 1842 947 1880">
    <p class='ocr_par' dir='ltr' id='par_1_69' title="bbox 160 1842 947 1880">
     <span class='ocr_line' id='line_1_69' title="bbox 160 1842 947 1880; baseline -0.005 -7"><span class='ocrx_word' id='word_1_452' title='bbox 160 1845 252 1880; x_wconf 73' lang='lat' dir='ltr'><strong>scopis</strong></span> <span class='ocrx_word' id='word_1_453' title='bbox 260 1850 288 1872; x_wconf 92' lang='lat' dir='ltr'><strong>et</strong></span> <span class='ocrx_word' id='word_1_454' title='bbox 301 1843 463 1876; x_wconf 67' lang='lat' dir='ltr'><strong>meonomis,</strong></span> <span class='ocrx_word' id='word_1_455' title='bbox 475 1847 505 1870; x_wconf 91' lang='lat' dir='ltr'><strong>ut</strong></span> <span class='ocrx_word' id='word_1_456' title='bbox 517 1843 566 1871; x_wconf 92' lang='lat' dir='ltr'><strong>hos</strong></span> <span class='ocrx_word' id='word_1_457' title='bbox 579 1847 698 1878; x_wconf 76' lang='lat' dir='ltr'><strong>urgeret,</strong></span> <span class='ocrx_word' id='word_1_458' title='bbox 709 1842 866 1870; x_wconf 83' lang='lat' dir='ltr'><strong>facultatem</strong></span> <span class='ocrx_word' id='word_1_459' title='bbox 877 1850 947 1870; x_wconf 87' lang='lat' dir='ltr'><strong>esse.</strong></span> 
     </span>
    </p>
   </div>
   <div class='ocr_carea' id='block_1_70' title="bbox 162 1887 948 1924">
    <p class='ocr_par' dir='ltr' id='par_1_70' title="bbox 162 1887 948 1924">
     <span class='ocr_line' id='line_1_70' title="bbox 162 1887 948 1924; baseline -0.005 -6"><span class='ocrx_word' id='word_1_460' title='bbox 162 1891 306 1919; x_wconf 80' lang='lat' dir='ltr'><strong>Postremo</strong></span> <span class='ocrx_word' id='word_1_461' title='bbox 324 1890 381 1917; x_wconf 70' lang='lat' dir='ltr'><strong>lucc</strong></span> <span class='ocrx_word' id='word_1_462' title='bbox 397 1889 545 1924; x_wconf 86' lang='lat' dir='ltr'><strong>completa,</strong></span> <span class='ocrx_word' id='word_1_463' title='bbox 566 1893 648 1924; x_wconf 85' lang='lat' dir='ltr'><strong>prout</strong></span> <span class='ocrx_word' id='word_1_464' title='bbox 662 1887 843 1915; x_wconf 70' lang='lat' dir='ltr'><strong>donator-ibus</strong></span> <span class='ocrx_word' id='word_1_465' title='bbox 859 1887 948 1914; x_wconf 89' lang='lat' dir='ltr'><strong>visum</strong></span> 
     </span>
    </p>
   </div>
   <div class='ocr_carea' id='block_1_71' title="bbox 161 1932 950 1970">
    <p class='ocr_par' dir='ltr' id='par_1_71' title="bbox 161 1932 950 1970">
     <span class='ocr_line' id='line_1_71' title="bbox 161 1932 950 1970; baseline -0.006 -6"><span class='ocrx_word' id='word_1_466' title='bbox 161 1941 213 1969; x_wconf 85' lang='lat' dir='ltr'><strong>est,</strong></span> <span class='ocrx_word' id='word_1_467' title='bbox 241 1944 274 1964; x_wconf 87' lang='lat' dir='ltr'><strong>ac</strong></span> <span class='ocrx_word' id='word_1_468' title='bbox 302 1935 452 1964; x_wconf 86' lang='lat' dir='ltr'><strong>secundum</strong></span> <span class='ocrx_word' id='word_1_469' title='bbox 479 1934 618 1970; x_wconf 85' lang='lat' dir='ltr'><strong>injunctas</strong></span> <span class='ocrx_word' id='word_1_470' title='bbox 641 1933 837 1969; x_wconf 71' lang='lat' dir='ltr'><strong>prteccptiones</strong></span> <span class='ocrx_word' id='word_1_471' title='bbox 860 1932 950 1960; x_wconf 80' lang='lat' dir='ltr'><strong>admi-</strong></span> 
     </span>
    </p>
   </div>
   <div class='ocr_carea' id='block_1_72' title="bbox 162 1978 948 2015">
    <p class='ocr_par' dir='ltr' id='par_1_72' title="bbox 162 1978 948 2015">
     <span class='ocr_line' id='line_1_72' title="bbox 162 1978 948 2015; baseline -0.005 -6"><span class='ocrx_word' id='word_1_472' title='bbox 162 1982 283 2009; x_wconf 88' lang='lat' dir='ltr'><strong>nistrari.</strong></span> <span class='ocrx_word' id='word_1_473' title='bbox 298 1982 337 2008; x_wconf 86' lang='lat' dir='ltr'><strong>Ac</strong></span> <span class='ocrx_word' id='word_1_474' title='bbox 352 1985 439 2009; x_wconf 89' lang='lat' dir='ltr'><strong>const.</strong></span> <span class='ocrx_word' id='word_1_475' title='bbox 457 1981 502 2012; x_wconf 72' lang='grc'>45,</span> <span class='ocrx_word' id='word_1_476' title='bbox 516 1980 557 2007; x_wconf 87' lang='lat' dir='ltr'><strong>tit.</strong></span> <span class='ocrx_word' id='word_1_477' title='bbox 574 1980 601 2012; x_wconf 74' lang='lat'><strong>5,</strong></span> <span class='ocrx_word' id='word_1_478' title='bbox 616 1979 739 2015; x_wconf 80' lang='lat' dir='ltr'><strong>ejusdem</strong></span> <span class='ocrx_word' id='word_1_479' title='bbox 755 1987 762 2006; x_wconf 87' lang='grc' dir='ltr'><strong>ι</strong></span> <span class='ocrx_word' id='word_1_480' title='bbox 786 1979 834 2006; x_wconf 90' lang='lat' dir='ltr'><strong>lib.</strong></span> <span class='ocrx_word' id='word_1_481' title='bbox 852 1978 918 2006; x_wconf 90' lang='lat' dir='ltr'><strong>dicit</strong></span> <span class='ocrx_word' id='word_1_482' title='bbox 941 1987 948 2005; x_wconf 93' lang='lat'>:</span> 
     </span>
    </p>
   </div>
   <div class='ocr_carea' id='block_1_73' title="bbox 162 2025 949 2062">
    <p class='ocr_par' dir='ltr' id='par_1_73' title="bbox 162 2025 949 2062">
     <span class='ocr_line' id='line_1_73' title="bbox 162 2025 949 2062; baseline -0.005 -7"><span class='ocrx_word' id='word_1_483' title='bbox 162 2027 241 2061; x_wconf 85' lang='lat' dir='ltr'><strong>Quod</strong></span> <span class='ocrx_word' id='word_1_484' title='bbox 258 2028 281 2056; x_wconf 90' lang='lat' dir='ltr'><strong>si</strong></span> <span class='ocrx_word' id='word_1_485' title='bbox 305 2027 366 2062; x_wconf 88' lang='lat' dir='ltr'><strong>quis</strong></span> <span class='ocrx_word' id='word_1_486' title='bbox 385 2032 433 2055; x_wconf 86' lang='lat' dir='ltr'><strong>aut</strong></span> <span class='ocrx_word' id='word_1_487' title='bbox 453 2034 500 2062; x_wconf 85' lang='lat' dir='ltr'><strong>per</strong></span> <span class='ocrx_word' id='word_1_488' title='bbox 525 2026 737 2058; x_wconf 85' lang='lat' dir='ltr'><strong>institutionem,</strong></span> <span class='ocrx_word' id='word_1_489' title='bbox 757 2030 804 2053; x_wconf 90' lang='lat' dir='ltr'><strong>aut</strong></span> <span class='ocrx_word' id='word_1_490' title='bbox 817 2025 949 2060; x_wconf 71' lang='lat' dir='ltr'><strong>legatum,</strong></span> 
     </span>
    </p>
   </div>
   <div class='ocr_carea' id='block_1_74' title="bbox 162 2071 949 2106">
    <p class='ocr_par' dir='ltr' id='par_1_74' title="bbox 162 2071 949 2106">
     <span class='ocr_line' id='line_1_74' title="bbox 162 2071 949 2106; baseline -0.008 -4"><span class='ocrx_word' id='word_1_491' title='bbox 162 2074 453 2106; x_wconf 79' lang='lat' dir='ltr'><strong>fideicommissumve,</strong></span> <span class='ocrx_word' id='word_1_492' title='bbox 470 2077 518 2100; x_wconf 88' lang='lat' dir='ltr'><strong>aut</strong></span> <span class='ocrx_word' id='word_1_493' title='bbox 533 2072 628 2100; x_wconf 82' lang='lat' dir='ltr'><strong>mortis</strong></span> <span class='ocrx_word' id='word_1_494' title='bbox 644 2079 726 2099; x_wconf 79' lang='lat' dir='ltr'><strong>causa</strong></span> <span class='ocrx_word' id='word_1_495' title='bbox 744 2071 920 2098; x_wconf 87' lang='lat' dir='ltr'><strong>donationem</strong></span> <span class='ocrx_word' id='word_1_496' title='bbox 941 2089 949 2102; x_wconf 95' lang='lat'><strong>,</strong></span> 
     </span>
    </p>
   </div>
   <div class='ocr_carea' id='block_1_75' title="bbox 161 2117 950 2156">
    <p class='ocr_par' dir='ltr' id='par_1_75' title="bbox 161 2117 950 2156">
     <span class='ocr_line' id='line_1_75' title="bbox 161 2117 950 2156; baseline -0.006 -9"><span class='ocrx_word' id='word_1_497' title='bbox 161 2121 233 2156; x_wconf 85' lang='lat' dir='ltr'><strong>piam</strong></span> <span class='ocrx_word' id='word_1_498' title='bbox 249 2119 454 2154; x_wconf 87' lang='lat' dir='ltr'><strong>dispositionem</strong></span> <span class='ocrx_word' id='word_1_499' title='bbox 471 2118 575 2152; x_wconf 79' lang='lat' dir='ltr'><strong>fecerit,</strong></span> <span class='ocrx_word' id='word_1_500' title='bbox 591 2123 703 2153; x_wconf 79' lang='lat' dir='ltr'><strong>cogatur</strong></span> <span class='ocrx_word' id='word_1_501' title='bbox 717 2125 766 2152; x_wconf 88' lang='lat' dir='ltr'><strong>per</strong></span> <span class='ocrx_word' id='word_1_502' title='bbox 791 2117 950 2151; x_wconf 78' lang='lat' dir='ltr'><strong>episcopum</strong></span> 
     </span>
    </p>
   </div>
   <div class='ocr_carea' id='block_1_76' title="bbox 161 2161 950 2199">
    <p class='ocr_par' dir='ltr' id='par_1_76' title="bbox 161 2161 950 2199">
     <span class='ocr_line' id='line_1_76' title="bbox 161 2161 950 2199; baseline -0.006 -6"><span class='ocrx_word' id='word_1_503' title='bbox 161 2166 362 2198; x_wconf 83' lang='lat' dir='ltr'><strong>mandatarius,</strong></span> <span class='ocrx_word' id='word_1_504' title='bbox 379 2165 461 2193; x_wconf 85' lang='lat' dir='ltr'><strong>etiam</strong></span> <span class='ocrx_word' id='word_1_505' title='bbox 478 2165 500 2192; x_wconf 87' lang='lat' dir='ltr'><strong>si</strong></span> <span class='ocrx_word' id='word_1_506' title='bbox 516 2164 644 2199; x_wconf 83' lang='lat' dir='ltr'><strong>episcopo</strong></span> <span class='ocrx_word' id='word_1_507' title='bbox 667 2171 683 2191; x_wconf 88' lang='lat' dir='ltr'><strong>a</strong></span> <span class='ocrx_word' id='word_1_508' title='bbox 706 2167 836 2190; x_wconf 72' lang='lat' dir='ltr'><strong>testatura</strong></span> <span class='ocrx_word' id='word_1_509' title='bbox 860 2161 950 2196; x_wconf 89' lang='lat' dir='ltr'><strong>prohi-</strong></span> 
     </span>
    </p>
   </div>
   <div class='ocr_carea' id='block_1_77' title="bbox 166 2208 950 2244">
    <p class='ocr_par' dir='ltr' id='par_1_77' title="bbox 166 2208 950 2244">
     <span class='ocr_line' id='line_1_77' title="bbox 166 2208 950 2244; baseline -0.008 -4"><span class='ocrx_word' id='word_1_510' title='bbox 166 2214 254 2240; x_wconf 86' lang='lat' dir='ltr'><strong>bitum</strong></span> <span class='ocrx_word' id='word_1_511' title='bbox 282 2213 328 2244; x_wconf 88' lang='lat' dir='ltr'><strong>sit,</strong></span> <span class='ocrx_word' id='word_1_512' title='bbox 349 2219 384 2239; x_wconf 89' lang='lat' dir='ltr'><strong>ne</strong></span> <span class='ocrx_word' id='word_1_513' title='bbox 404 2216 491 2242; x_wconf 86' lang='lat' dir='ltr'><strong>curet.</strong></span> <span class='ocrx_word' id='word_1_514' title='bbox 518 2213 548 2238; x_wconf 77' lang='lat' dir='ltr'><strong>ut</strong></span> <span class='ocrx_word' id='word_1_515' title='bbox 569 2210 593 2237; x_wconf 96' lang='lat' dir='ltr'><strong>si</strong></span> <span class='ocrx_word' id='word_1_516' title='bbox 615 2209 759 2237; x_wconf 84' lang='lat' dir='ltr'><strong>ecclesiam</strong></span> <span class='ocrx_word' id='word_1_517' title='bbox 786 2208 877 2236; x_wconf 88' lang='lat' dir='ltr'><strong>facere</strong></span> <span class='ocrx_word' id='word_1_518' title='bbox 899 2208 950 2243; x_wconf 85' lang='lat' dir='ltr'><strong>ipsi</strong></span> 
     </span>
    </p>
   </div>
   <div class='ocr_carea' id='block_1_78' title="bbox 1000 1613 1789 1654">
    <p class='ocr_par' dir='ltr' id='par_1_78' title="bbox 1000 1613 1789 1654">
     <span class='ocr_line' id='line_1_78' title="bbox 1000 1613 1789 1654; baseline -0.008 -9"><span class='ocrx_word' id='word_1_519' title='bbox 1000 1619 1046 1645; x_wconf 73' lang='grc' dir='ltr'><strong>καὶ</strong></span> <span class='ocrx_word' id='word_1_520' title='bbox 1066 1617 1116 1654; x_wconf 80' lang='grc' dir='ltr'>τὴν</span> <span class='ocrx_word' id='word_1_521' title='bbox 1139 1618 1243 1652; x_wconf 83' lang='grc' dir='ltr'>δωρεὰν</span> <span class='ocrx_word' id='word_1_522' title='bbox 1263 1617 1403 1651; x_wconf 83' lang='grc' dir='ltr'>ὲμφανίσῃ</span> <span class='ocrx_word' id='word_1_523' title='bbox 1420 1617 1463 1651; x_wconf 75' lang='grc' dir='ltr'><strong>ἐφ’</strong></span> <span class='ocrx_word' id='word_1_524' title='bbox 1483 1613 1521 1643; x_wconf 82' lang='grc' dir='ltr'>ὧν</span> <span class='ocrx_word' id='word_1_525' title='bbox 1536 1615 1685 1649; x_wconf 82' lang='grc' dir='ltr'>ἀναγκαῖόν</span> <span class='ocrx_word' id='word_1_526' title='bbox 1703 1615 1789 1645; x_wconf 71' lang='grc' dir='ltr'>ἐστιν,</span> 
     </span>
    </p>
   </div>
   <div class='ocr_carea' id='block_1_79' title="bbox 1000 1660 1790 1698">
    <p class='ocr_par' dir='ltr' id='par_1_79' title="bbox 1000 1660 1790 1698">
     <span class='ocr_line' id='line_1_79' title="bbox 1000 1660 1790 1698; baseline -0.006 -8"><span class='ocrx_word' id='word_1_527' title='bbox 1000 1663 1185 1698; x_wconf 78' lang='grc' dir='ltr'>ἀναγκάζεται</span> <span class='ocrx_word' id='word_1_528' title='bbox 1199 1662 1230 1689; x_wconf 82' lang='grc' dir='ltr'>τὸ</span> <span class='ocrx_word' id='word_1_529' title='bbox 1250 1662 1330 1698; x_wconf 74' lang='grc' dir='ltr'>ἔργον</span> <span class='ocrx_word' id='word_1_530' title='bbox 1353 1662 1405 1689; x_wconf 77' lang='grc' dir='ltr'><strong>κᾶν</strong></span> <span class='ocrx_word' id='word_1_531' title='bbox 1419 1662 1456 1697; x_wconf 85' lang='grc' dir='ltr'>μὴ</span> <span class='ocrx_word' id='word_1_532' title='bbox 1471 1661 1561 1697; x_wconf 81' lang='grc' dir='ltr'>ἦρχθη</span> <span class='ocrx_word' id='word_1_533' title='bbox 1583 1660 1705 1696; x_wconf 85' lang='grc' dir='ltr'>πληροῦν</span> <span class='ocrx_word' id='word_1_534' title='bbox 1720 1664 1790 1695; x_wconf 70' lang='grc' dir='ltr'>μετα</span> 
     </span>
    </p>
   </div>
   <div class='ocr_carea' id='block_1_80' title="bbox 1000 1705 1788 1745">
    <p class='ocr_par' dir='ltr' id='par_1_80' title="bbox 1000 1705 1788 1745">
     <span class='ocr_line' id='line_1_80' title="bbox 1000 1705 1788 1745; baseline -0.005 -9"><span class='ocrx_word' id='word_1_535' title='bbox 1000 1709 1188 1745; x_wconf 81' lang='grc' dir='ltr'>κληρονόμων,</span> <span class='ocrx_word' id='word_1_536' title='bbox 1206 1709 1252 1734; x_wconf 83' lang='grc' dir='ltr'><strong>καὶ</strong></span> <span class='ocrx_word' id='word_1_537' title='bbox 1271 1707 1440 1743; x_wconf 75' lang='grc' dir='ltr'>πληρωθέντι</span> <span class='ocrx_word' id='word_1_538' title='bbox 1454 1707 1545 1733; x_wconf 84' lang='grc' dir='ltr'>δοῦναι</span> <span class='ocrx_word' id='word_1_539' title='bbox 1557 1706 1592 1733; x_wconf 81' lang='grc' dir='ltr'>τὰ</span> <span class='ocrx_word' id='word_1_540' title='bbox 1609 1705 1659 1740; x_wconf 74' lang='grc' dir='ltr'>τῆς</span> <span class='ocrx_word' id='word_1_541' title='bbox 1673 1705 1788 1739; x_wconf 75' lang='grc' dir='ltr'>δωρεᾶς.</span> 
     </span>
    </p>
   </div>
   <div class='ocr_carea' id='block_1_81' title="bbox 1000 1751 1789 1789">
    <p class='ocr_par' dir='ltr' id='par_1_81' title="bbox 1000 1751 1789 1789">
     <span class='ocr_line' id='line_1_81' title="bbox 1000 1751 1789 1789; baseline -0.005 -8"><span class='ocrx_word' id='word_1_542' title='bbox 1000 1755 1037 1781; x_wconf 86' lang='grc' dir='ltr'><strong>Τὸ</strong></span> <span class='ocrx_word' id='word_1_543' title='bbox 1049 1755 1114 1781; x_wconf 73' lang='grc' dir='ltr'>αὐτὸ</span> <span class='ocrx_word' id='word_1_544' title='bbox 1127 1755 1156 1780; x_wconf 73' lang='grc' dir='ltr'>δὲ</span> <span class='ocrx_word' id='word_1_545' title='bbox 1170 1755 1217 1782; x_wconf 84' lang='grc' dir='ltr'>καὶ</span> <span class='ocrx_word' id='word_1_546' title='bbox 1229 1755 1275 1781; x_wconf 75' lang='grc' dir='ltr'>ἐπὶ</span> <span class='ocrx_word' id='word_1_547' title='bbox 1290 1754 1343 1780; x_wconf 85' lang='grc' dir='ltr'><strong>τῶν</strong></span> <span class='ocrx_word' id='word_1_548' title='bbox 1360 1753 1531 1789; x_wconf 79' lang='grc' dir='ltr'>ξενοδοχείων</span> <span class='ocrx_word' id='word_1_549' title='bbox 1546 1752 1594 1779; x_wconf 74' lang='grc' dir='ltr'>καὶ</span> <span class='ocrx_word' id='word_1_550' title='bbox 1607 1751 1789 1786; x_wconf 85' lang='grc' dir='ltr'>νοσοκομείων</span> 
     </span>
    </p>
   </div>
   <div class='ocr_carea' id='block_1_82' title="bbox 1000 1797 1789 1835">
    <p class='ocr_par' dir='ltr' id='par_1_82' title="bbox 1000 1797 1789 1835">
     <span class='ocr_line' id='line_1_82' title="bbox 1000 1797 1789 1835; baseline -0.005 -8"><span class='ocrx_word' id='word_1_551' title='bbox 1000 1801 1047 1828; x_wconf 72' lang='grc' dir='ltr'><strong>καὶ</strong></span> <span class='ocrx_word' id='word_1_552' title='bbox 1065 1801 1220 1835; x_wconf 75' lang='grc' dir='ltr'>πτωχείωψ</span> <span class='ocrx_word' id='word_1_553' title='bbox 1236 1800 1328 1831; x_wconf 82' lang='grc' dir='ltr'>ἀδείας</span> <span class='ocrx_word' id='word_1_554' title='bbox 1340 1799 1424 1834; x_wconf 77' lang='grc' dir='ltr'>οὔσης</span> <span class='ocrx_word' id='word_1_555' title='bbox 1437 1800 1493 1830; x_wconf 84' lang='grc' dir='ltr'>τοῖς</span> <span class='ocrx_word' id='word_1_556' title='bbox 1508 1798 1667 1830; x_wconf 75' lang='grc' dir='ltr'>ἐπισκόποις</span> <span class='ocrx_word' id='word_1_557' title='bbox 1686 1797 1734 1824; x_wconf 76' lang='grc' dir='ltr'><strong>καὶ</strong></span> <span class='ocrx_word' id='word_1_558' title='bbox 1749 1798 1789 1824; x_wconf 76' lang='lat' dir='ltr'><strong>oi-</strong></span> 
     </span>
    </p>
   </div>
   <div class='ocr_carea' id='block_1_83' title="bbox 1000 1843 1789 1881">
    <p class='ocr_par' dir='ltr' id='par_1_83' title="bbox 1000 1843 1789 1881">
     <span class='ocr_line' id='line_1_83' title="bbox 1000 1843 1789 1881; baseline -0.005 -8"><span class='ocrx_word' id='word_1_559' title='bbox 1000 1846 1126 1881; x_wconf 87' lang='grc' dir='ltr'>κονόμοις</span> <span class='ocrx_word' id='word_1_560' title='bbox 1138 1846 1244 1880; x_wconf 77' lang='grc' dir='ltr'>ἐνάγειν</span> <span class='ocrx_word' id='word_1_561' title='bbox 1256 1845 1363 1872; x_wconf 70' lang='grc' dir='ltr'>αὐτούς.</span> <span class='ocrx_word' id='word_1_562' title='bbox 1383 1844 1492 1871; x_wconf 89' lang='grc' dir='ltr'>Τούτων</span> <span class='ocrx_word' id='word_1_563' title='bbox 1506 1844 1534 1871; x_wconf 86' lang='grc' dir='ltr'>δὲ</span> <span class='ocrx_word' id='word_1_564' title='bbox 1550 1844 1755 1879; x_wconf 81' lang='grc' dir='ltr'>πληρουμένων,</span> <span class='ocrx_word' id='word_1_565' title='bbox 1771 1843 1789 1878; x_wconf 80' lang='grc' dir='ltr'>ἡ</span> 
     </span>
    </p>
   </div>
   <div class='ocr_carea' id='block_1_84' title="bbox 1000 1888 1789 1924">
    <p class='ocr_par' dir='ltr' id='par_1_84' title="bbox 1000 1888 1789 1924">
     <span class='ocr_line' id='line_1_84' title="bbox 1000 1888 1789 1924; baseline -0.003 -8"><span class='ocrx_word' id='word_1_566' title='bbox 1000 1889 1131 1924; x_wconf 82' lang='grc' dir='ltr'>διοίκησις</span> <span class='ocrx_word' id='word_1_567' title='bbox 1154 1889 1225 1916; x_wconf 77' lang='grc' dir='ltr'>κατὰ</span> <span class='ocrx_word' id='word_1_568' title='bbox 1251 1889 1285 1915; x_wconf 78' lang='grc' dir='ltr'>τὰ</span> <span class='ocrx_word' id='word_1_569' title='bbox 1306 1888 1421 1922; x_wconf 80' lang='grc' dir='ltr'>δόξαντα</span> <span class='ocrx_word' id='word_1_570' title='bbox 1445 1890 1501 1920; x_wconf 88' lang='grc' dir='ltr'>τοῖς</span> <span class='ocrx_word' id='word_1_571' title='bbox 1517 1888 1789 1923; x_wconf 54' lang='grc' dir='ltr'>,φιλοτιμησαμένοις</span> 
     </span>
    </p>
   </div>
   <div class='ocr_carea' id='block_1_85' title="bbox 1000 1933 1788 1970">
    <p class='ocr_par' dir='ltr' id='par_1_85' title="bbox 1000 1933 1788 1970">
     <span class='ocr_line' id='line_1_85' title="bbox 1000 1933 1788 1970; baseline -0.003 -8"><span class='ocrx_word' id='word_1_572' title='bbox 1000 1937 1047 1962; x_wconf 79' lang='grc' dir='ltr'>καὶ</span> <span class='ocrx_word' id='word_1_573' title='bbox 1061 1936 1123 1966; x_wconf 79' lang='grc' dir='ltr'>τοὺς</span> <span class='ocrx_word' id='word_1_574' title='bbox 1138 1935 1310 1966; x_wconf 77' lang='grc' dir='ltr'>ἐπιτεθέντας</span> <span class='ocrx_word' id='word_1_575' title='bbox 1327 1935 1406 1970; x_wconf 81' lang='grc' dir='ltr'>ὄρους</span> <span class='ocrx_word' id='word_1_576' title='bbox 1424 1934 1542 1968; x_wconf 86' lang='grc' dir='ltr'>γίνεται,</span> <span class='ocrx_word' id='word_1_577' title='bbox 1559 1934 1607 1961; x_wconf 73' lang='grc' dir='ltr'>καὶ</span> <span class='ocrx_word' id='word_1_578' title='bbox 1623 1935 1640 1970; x_wconf 89' lang='grc' dir='ltr'><strong>ή</strong></span> <span class='ocrx_word' id='word_1_579' title='bbox 1658 1938 1699 1969; x_wconf 89' lang='grc' dir='ltr'>με’</span> <span class='ocrx_word' id='word_1_580' title='bbox 1718 1933 1788 1960; x_wconf 78' lang='grc' dir='ltr'>διάτ-</span> 
     </span>
    </p>
   </div>
   <div class='ocr_carea' id='block_1_86' title="bbox 1000 1980 1790 2016">
    <p class='ocr_par' dir='ltr' id='par_1_86' title="bbox 1000 1980 1790 2016">
     <span class='ocr_line' id='line_1_86' title="bbox 1000 1980 1790 2016; baseline -0.003 -8"><span class='ocrx_word' id='word_1_581' title='bbox 1000 1981 1047 2008; x_wconf 89' lang='grc' dir='ltr'><strong>τοῦ</strong></span> <span class='ocrx_word' id='word_1_582' title='bbox 1062 1984 1086 2015; x_wconf 87' lang='grc' dir='ltr'>γ’</span> <span class='ocrx_word' id='word_1_583' title='bbox 1098 1981 1152 2008; x_wconf 85' lang='grc' dir='ltr'>τίτ.</span> <span class='ocrx_word' id='word_1_584' title='bbox 1172 1980 1219 2007; x_wconf 80' lang='grc' dir='ltr'><strong>τοῦ</strong></span> <span class='ocrx_word' id='word_1_585' title='bbox 1231 1981 1313 2007; x_wconf 81' lang='grc' dir='ltr'>αὐτοῦ</span> <span class='ocrx_word' id='word_1_586' title='bbox 1333 1984 1356 2007; x_wconf 86' lang='grc' dir='ltr'>α’</span> <span class='ocrx_word' id='word_1_587' title='bbox 1373 1981 1441 2016; x_wconf 75' lang='grc' dir='ltr'>βιϐλ.</span> <span class='ocrx_word' id='word_1_588' title='bbox 1462 1982 1554 2016; x_wconf 66' lang='grc' dir='ltr'>φησὶν,</span> <span class='ocrx_word' id='word_1_589' title='bbox 1572 1981 1612 2007; x_wconf 74' lang='grc' dir='ltr'>ὅτι</span> <span class='ocrx_word' id='word_1_590' title='bbox 1628 1980 1676 2007; x_wconf 81' lang='grc' dir='ltr'><strong>ὲάν</strong></span> <span class='ocrx_word' id='word_1_591' title='bbox 1690 1989 1731 2011; x_wconf 85' lang='grc' dir='ltr'><strong>τις</strong></span> <span class='ocrx_word' id='word_1_592' title='bbox 1743 1980 1790 2006; x_wconf 78' lang='grc' dir='ltr'><strong>εὑ-</strong></span> 
     </span>
    </p>
   </div>
   <div class='ocr_carea' id='block_1_87' title="bbox 1002 2026 1789 2062">
    <p class='ocr_par' dir='ltr' id='par_1_87' title="bbox 1002 2026 1789 2062">
     <span class='ocr_line' id='line_1_87' title="bbox 1002 2026 1789 2062; baseline -0.001 -9"><span class='ocrx_word' id='word_1_593' title='bbox 1002 2027 1069 2062; x_wconf 78' lang='grc' dir='ltr'>σεϐῆ</span> <span class='ocrx_word' id='word_1_594' title='bbox 1084 2028 1223 2062; x_wconf 77' lang='grc' dir='ltr'>ποιήσοιτο</span> <span class='ocrx_word' id='word_1_595' title='bbox 1244 2026 1422 2059; x_wconf 82' lang='grc' dir='ltr'>διατύπωσιν,</span> <span class='ocrx_word' id='word_1_596' title='bbox 1444 2028 1473 2054; x_wconf 83' lang='grc' dir='ltr'><strong>ὲν</strong></span> <span class='ocrx_word' id='word_1_597' title='bbox 1492 2027 1618 2053; x_wconf 80' lang='grc' dir='ltr'>ἐνστάσει</span> <span class='ocrx_word' id='word_1_598' title='bbox 1632 2027 1649 2061; x_wconf 83' lang='grc' dir='ltr'>ἢ</span> <span class='ocrx_word' id='word_1_599' title='bbox 1667 2026 1789 2061; x_wconf 78' lang='grc' dir='ltr'>ληγάτῳ,</span> 
     </span>
    </p>
   </div>
   <div class='ocr_carea' id='block_1_88' title="bbox 1001 2071 1790 2108">
    <p class='ocr_par' dir='ltr' id='par_1_88' title="bbox 1001 2071 1790 2108">
     <span class='ocr_line' id='line_1_88' title="bbox 1001 2071 1790 2108; baseline -0.001 -9"><span class='ocrx_word' id='word_1_600' title='bbox 1001 2073 1017 2108; x_wconf 83' lang='grc' dir='ltr'>ἥ</span> <span class='ocrx_word' id='word_1_601' title='bbox 1032 2074 1094 2108; x_wconf 81' lang='lat' dir='ltr'><strong>ﬁdei</strong></span> <span class='ocrx_word' id='word_1_602' title='bbox 1112 2073 1251 2100; x_wconf 77' lang='lat' dir='ltr'><strong>commisso</strong></span> <span class='ocrx_word' id='word_1_603' title='bbox 1268 2073 1360 2100; x_wconf 77' lang='lat' dir='ltr'><strong>martis</strong></span> <span class='ocrx_word' id='word_1_604' title='bbox 1373 2081 1453 2099; x_wconf 77' lang='lat' dir='ltr'><strong>causa</strong></span> <span class='ocrx_word' id='word_1_605' title='bbox 1474 2073 1578 2108; x_wconf 85' lang='grc' dir='ltr'>δωρεᾷ,</span> <span class='ocrx_word' id='word_1_606' title='bbox 1596 2072 1718 2108; x_wconf 87' lang='grc' dir='ltr'>ἀνάγκην</span> <span class='ocrx_word' id='word_1_607' title='bbox 1734 2071 1790 2107; x_wconf 75' lang='grc' dir='ltr'>ἔχει</span> 
     </span>
    </p>
   </div>
   <div class='ocr_carea' id='block_1_89' title="bbox 1001 2117 1791 2152">
    <p class='ocr_par' dir='ltr' id='par_1_89' title="bbox 1001 2117 1791 2152">
     <span class='ocr_line' id='line_1_89' title="bbox 1001 2117 1791 2152; baseline -0.001 -8"><span class='ocrx_word' id='word_1_608' title='bbox 1001 2119 1015 2144; x_wconf 86' lang='lat'><strong>6</strong></span> <span class='ocrx_word' id='word_1_609' title='bbox 1030 2117 1186 2150; x_wconf 72' lang='grc' dir='ltr'>κελευσθεὶς</span> <span class='ocrx_word' id='word_1_610' title='bbox 1202 2117 1246 2144; x_wconf 78' lang='grc' dir='ltr'>διὰ</span> <span class='ocrx_word' id='word_1_611' title='bbox 1265 2118 1312 2144; x_wconf 87' lang='grc' dir='ltr'><strong>τοῦ</strong></span> <span class='ocrx_word' id='word_1_612' title='bbox 1338 2118 1505 2149; x_wconf 76' lang='grc' dir='ltr'>ἐπισκόπου,</span> <span class='ocrx_word' id='word_1_613' title='bbox 1525 2118 1576 2144; x_wconf 75' lang='grc' dir='ltr'>κᾶν</span> <span class='ocrx_word' id='word_1_614' title='bbox 1591 2117 1714 2152; x_wconf 78' lang='grc' dir='ltr'><strong>ἐκωλύθη</strong></span> <span class='ocrx_word' id='word_1_615' title='bbox 1739 2117 1791 2144; x_wconf 73' lang='grc' dir='ltr'><strong>ὑπὸ</strong></span> 
     </span>
    </p>
   </div>
   <div class='ocr_carea' id='block_1_90' title="bbox 1001 2163 1791 2199">
    <p class='ocr_par' dir='ltr' id='par_1_90' title="bbox 1001 2163 1791 2199">
     <span class='ocr_line' id='line_1_90' title="bbox 1001 2163 1791 2199; baseline -0.001 -9"><span class='ocrx_word' id='word_1_616' title='bbox 1001 2164 1048 2190; x_wconf 81' lang='grc' dir='ltr'><strong>τοῦ</strong></span> <span class='ocrx_word' id='word_1_617' title='bbox 1079 2164 1239 2199; x_wconf 79' lang='grc' dir='ltr'>διαθεμένου</span> <span class='ocrx_word' id='word_1_618' title='bbox 1267 2165 1426 2198; x_wconf 77' lang='grc' dir='ltr'>προνοῆσαι,</span> <span class='ocrx_word' id='word_1_619' title='bbox 1449 2165 1473 2190; x_wconf 84' lang='grc' dir='ltr'>εἰ</span> <span class='ocrx_word' id='word_1_620' title='bbox 1497 2163 1546 2199; x_wconf 81' lang='grc' dir='ltr'><strong>μὲν</strong></span> <span class='ocrx_word' id='word_1_621' title='bbox 1570 2163 1718 2198; x_wconf 79' lang='grc' dir='ltr'>ἐκκλησίαν</span> <span class='ocrx_word' id='word_1_622' title='bbox 1743 2165 1791 2189; x_wconf 84' lang='grc' dir='ltr'><strong>ὲπ-</strong></span> 
     </span>
    </p>
   </div>
   <div class='ocr_carea' id='block_1_91' title="bbox 1002 2209 1792 2245">
    <p class='ocr_par' dir='ltr' id='par_1_91' title="bbox 1002 2209 1792 2245">
     <span class='ocr_line' id='line_1_91' title="bbox 1002 2209 1792 2245; baseline -0.001 -9"><span class='ocrx_word' id='word_1_623' title='bbox 1002 2209 1110 2245; x_wconf 81' lang='grc' dir='ltr'>ετράπη</span> <span class='ocrx_word' id='word_1_624' title='bbox 1128 2210 1252 2244; x_wconf 80' lang='grc' dir='ltr'>ποιῆσαι,</span> <span class='ocrx_word' id='word_1_625' title='bbox 1264 2209 1385 2244; x_wconf 78' lang='grc' dir='ltr'>πληροῦν</span> <span class='ocrx_word' id='word_1_626' title='bbox 1398 2210 1482 2244; x_wconf 83' lang='grc' dir='ltr'>αὐτὴν</span> <span class='ocrx_word' id='word_1_627' title='bbox 1492 2210 1557 2236; x_wconf 88' lang='grc' dir='ltr'>είσω</span> <span class='ocrx_word' id='word_1_628' title='bbox 1572 2210 1693 2244; x_wconf 81' lang='grc' dir='ltr'>τριετίας</span> <span class='ocrx_word' id='word_1_629' title='bbox 1702 2218 1710 2225; x_wconf 76' lang='grc'><em>’</em></span> <span class='ocrx_word' id='word_1_630' title='bbox 1722 2210 1746 2236; x_wconf 85' lang='grc' dir='ltr'>εἰ</span> <span class='ocrx_word' id='word_1_631' title='bbox 1762 2209 1792 2235; x_wconf 75' lang='grc' dir='ltr'><strong>δὲ</strong></span> 
     </span>
    </p>
   </div>
   <div class='ocr_carea' id='block_1_92' title="bbox 162 2254 947 2294">
    <p class='ocr_par' dir='ltr' id='par_1_92' title="bbox 162 2254 947 2294">
     <span class='ocr_line' id='line_1_92' title="bbox 162 2254 947 2294; baseline -0.006 -8"><span class='ocrx_word' id='word_1_632' title='bbox 162 2259 315 2294; x_wconf 89' lang='lat' dir='ltr'><strong>injunctum</strong></span> <span class='ocrx_word' id='word_1_633' title='bbox 343 2258 435 2291; x_wconf 82' lang='lat' dir='ltr'><strong>fuerit,</strong></span> <span class='ocrx_word' id='word_1_634' title='bbox 457 2258 529 2284; x_wconf 86' lang='lat' dir='ltr'><strong>intra</strong></span> <span class='ocrx_word' id='word_1_635' title='bbox 546 2256 696 2284; x_wconf 85' lang='lat' dir='ltr'><strong>triennium</strong></span> <span class='ocrx_word' id='word_1_636' title='bbox 712 2255 787 2282; x_wconf 90' lang='lat' dir='ltr'><strong>illam</strong></span> <span class='ocrx_word' id='word_1_637' title='bbox 808 2254 947 2282; x_wconf 84' lang='lat' dir='ltr'><strong>absolvat:</strong></span> 
     </span>
    </p>
   </div>
   <div class='ocr_carea' id='block_1_93' title="bbox 1001 2254 1792 2294">
    <p class='ocr_par' dir='ltr' id='par_1_93' title="bbox 1004 2255 1792 2291">
     <span class='ocr_line' id='line_1_93' title="bbox 1004 2255 1792 2291; baseline -0.001 -8"><span class='ocrx_word' id='word_1_638' title='bbox 1004 2257 1122 2290; x_wconf 80' lang='grc' dir='ltr'>ξενῶνα,</span> <span class='ocrx_word' id='word_1_639' title='bbox 1140 2257 1205 2283; x_wconf 78' lang='grc' dir='ltr'>εἵσω</span> <span class='ocrx_word' id='word_1_640' title='bbox 1224 2256 1365 2283; x_wconf 79' lang='grc' dir='ltr'>ἐνιαυτοῦ·</span> <span class='ocrx_word' id='word_1_641' title='bbox 1388 2256 1498 2283; x_wconf 66' lang='grc' dir='ltr'>δυνατὸν</span> <span class='ocrx_word' id='word_1_642' title='bbox 1514 2256 1568 2291; x_wconf 81' lang='grc' dir='ltr'>γὰρ</span> <span class='ocrx_word' id='word_1_643' title='bbox 1586 2257 1633 2283; x_wconf 79' lang='grc' dir='ltr'>καὶ</span> <span class='ocrx_word' id='word_1_644' title='bbox 1653 2255 1727 2283; x_wconf 75' lang='grc' dir='ltr'>οἷκον</span> <span class='ocrx_word' id='word_1_645' title='bbox 1751 2257 1792 2288; x_wconf 81' lang='grc' dir='ltr'>εἰς</span> 
     </span>
    </p>
   </div>
   <div class='ocr_carea' id='block_1_94' title="bbox 161 2301 950 2338">
    <p class='ocr_par' dir='ltr' id='par_1_94' title="bbox 161 2301 950 2338">
     <span class='ocr_line' id='line_1_94' title="bbox 161 2301 950 2338; baseline -0.009 -5"><span class='ocrx_word' id='word_1_646' title='bbox 161 2306 185 2333; x_wconf 75' lang='lat' dir='ltr'><strong>si</strong></span> <span class='ocrx_word' id='word_1_647' title='bbox 203 2312 268 2332; x_wconf 87' lang='lat' dir='ltr'><strong>vero</strong></span> <span class='ocrx_word' id='word_1_648' title='bbox 287 2304 519 2338; x_wconf 49' lang='lat' dir='ltr'><strong>xcnonemuintra</strong></span> <span class='ocrx_word' id='word_1_649' title='bbox 534 2310 647 2330; x_wconf 86' lang='lat' dir='ltr'><strong>annum.</strong></span> <span class='ocrx_word' id='word_1_650' title='bbox 671 2301 777 2328; x_wconf 86' lang='lat' dir='ltr'><strong>Etenim</strong></span> <span class='ocrx_word' id='word_1_651' title='bbox 801 2301 866 2328; x_wconf 89' lang='lat' dir='ltr'><strong>dum</strong></span> <span class='ocrx_word' id='word_1_652' title='bbox 880 2307 950 2335; x_wconf 85' lang='lat' dir='ltr'><strong>opus</strong></span> 
     </span>
    </p>
   </div>
   <div class='ocr_carea' id='block_1_95' title="bbox 162 2346 949 2384">
    <p class='ocr_par' dir='ltr' id='par_1_95' title="bbox 162 2346 949 2384">
     <span class='ocr_line' id='line_1_95' title="bbox 162 2346 949 2384; baseline -0.004 -9"><span class='ocrx_word' id='word_1_653' title='bbox 162 2355 381 2382; x_wconf 70' lang='lat' dir='ltr'><strong>consummrtur,</strong></span> <span class='ocrx_word' id='word_1_654' title='bbox 402 2348 565 2383; x_wconf 86' lang='lat' dir='ltr'><strong>recipiendis</strong></span> <span class='ocrx_word' id='word_1_655' title='bbox 579 2347 688 2384; x_wconf 76' lang='lat' dir='ltr'><strong>tegrotis</strong></span> <span class='ocrx_word' id='word_1_656' title='bbox 710 2346 816 2382; x_wconf 85' lang='lat' dir='ltr'><strong>[aliam]</strong></span> <span class='ocrx_word' id='word_1_657' title='bbox 836 2347 949 2373; x_wconf 88' lang='lat' dir='ltr'><strong>domum</strong></span> 
     </span>
    </p>
   </div>
   <div class='ocr_carea' id='block_1_96' title="bbox 162 2393 951 2430">
    <p class='ocr_par' dir='ltr' id='par_1_96' title="bbox 162 2393 951 2430">
     <span class='ocr_line' id='line_1_96' title="bbox 162 2393 951 2430; baseline -0.008 -6"><span class='ocrx_word' id='word_1_658' title='bbox 162 2396 280 2424; x_wconf 69' lang='lat' dir='ltr'><strong>conduci</strong></span> <span class='ocrx_word' id='word_1_659' title='bbox 295 2403 388 2430; x_wconf 83' lang='lat' dir='ltr'><strong>posse.</strong></span> <span class='ocrx_word' id='word_1_660' title='bbox 405 2395 505 2422; x_wconf 87' lang='lat' dir='ltr'><strong>Deinde</strong></span> <span class='ocrx_word' id='word_1_661' title='bbox 525 2402 558 2421; x_wconf 91' lang='lat' dir='ltr'><strong>eo</strong></span> <span class='ocrx_word' id='word_1_662' title='bbox 571 2399 692 2428; x_wconf 88' lang='lat' dir='ltr'><strong>tempore</strong></span> <span class='ocrx_word' id='word_1_663' title='bbox 715 2394 818 2428; x_wconf 83' lang='lat' dir='ltr'><strong>elapso.</strong></span> <span class='ocrx_word' id='word_1_664' title='bbox 843 2393 951 2427; x_wconf 79' lang='lat' dir='ltr'><strong>episco-</strong></span> 
     </span>
    </p>
   </div>
   <div class='ocr_carea' id='block_1_97' title="bbox 161 2439 951 2477">
    <p class='ocr_par' dir='ltr' id='par_1_97' title="bbox 161 2439 951 2477">
     <span class='ocr_line' id='line_1_97' title="bbox 161 2439 951 2477; baseline -0.005 -8"><span class='ocrx_word' id='word_1_665' title='bbox 161 2450 228 2477; x_wconf 85' lang='lat' dir='ltr'><strong>pum</strong></span> <span class='ocrx_word' id='word_1_666' title='bbox 249 2442 341 2469; x_wconf 86' lang='lat' dir='ltr'><strong>relicta</strong></span> <span class='ocrx_word' id='word_1_667' title='bbox 367 2440 494 2477; x_wconf 81' lang='lat' dir='ltr'><strong>[pariter]</strong></span> <span class='ocrx_word' id='word_1_668' title='bbox 513 2448 574 2467; x_wconf 92' lang='lat' dir='ltr'><strong>cum</strong></span> <span class='ocrx_word' id='word_1_669' title='bbox 597 2439 732 2467; x_wconf 84' lang='lat' dir='ltr'><strong>fructibus</strong></span> <span class='ocrx_word' id='word_1_670' title='bbox 757 2445 839 2474; x_wconf 87' lang='lat' dir='ltr'><strong>atque</strong></span> <span class='ocrx_word' id='word_1_671' title='bbox 857 2445 951 2465; x_wconf 86' lang='lat' dir='ltr'><strong>acces—</strong></span> 
     </span>
    </p>
   </div>
   <div class='ocr_carea' id='block_1_98' title="bbox 163 2485 952 2522">
    <p class='ocr_par' dir='ltr' id='par_1_98' title="bbox 163 2485 952 2522">
     <span class='ocr_line' id='line_1_98' title="bbox 163 2485 952 2522; baseline -0.008 -6"><span class='ocrx_word' id='word_1_672' title='bbox 163 2488 288 2516; x_wconf 86' lang='lat' dir='ltr'><strong>sionibus</strong></span> <span class='ocrx_word' id='word_1_673' title='bbox 310 2495 325 2515; x_wconf 87' lang='lat' dir='ltr'><strong>a</strong></span> <span class='ocrx_word' id='word_1_674' title='bbox 348 2493 471 2522; x_wconf 83' lang='lat' dir='ltr'><strong>tempore</strong></span> <span class='ocrx_word' id='word_1_675' title='bbox 494 2486 591 2513; x_wconf 89' lang='lat' dir='ltr'><strong>mortis</strong></span> <span class='ocrx_word' id='word_1_676' title='bbox 609 2485 747 2513; x_wconf 85' lang='lat' dir='ltr'><strong>testatoris</strong></span> <span class='ocrx_word' id='word_1_677' title='bbox 769 2485 900 2518; x_wconf 79' lang='lat' dir='ltr'><strong>exigere:</strong></span> <span class='ocrx_word' id='word_1_678' title='bbox 919 2491 952 2511; x_wconf 87' lang='lat' dir='ltr'><strong>ac</strong></span> 
     </span>
    </p>
   </div>
   <div class='ocr_carea' id='block_1_99' title="bbox 162 2530 952 2568">
    <p class='ocr_par' dir='ltr' id='par_1_99' title="bbox 162 2530 952 2568">
     <span class='ocr_line' id='line_1_99' title="bbox 162 2530 952 2568; baseline -0.009 -6"><span class='ocrx_word' id='word_1_679' title='bbox 162 2534 305 2566; x_wconf 83' lang='lat' dir='ltr'><strong>ecclesias,</strong></span> <span class='ocrx_word' id='word_1_680' title='bbox 325 2533 406 2568; x_wconf 78' lang='lat'><strong>108</strong></span> <span class='ocrx_word' id='word_1_681' title='bbox 425 2539 556 2563; x_wconf 81' lang='lat' dir='ltr'><strong>xenones,</strong></span> <span class='ocrx_word' id='word_1_682' title='bbox 573 2531 787 2566; x_wconf 76' lang='lat' dir='ltr'><strong>gerontoeomia,</strong></span> <span class='ocrx_word' id='word_1_683' title='bbox 812 2530 952 2564; x_wconf 85' lang='lat' dir='ltr'><strong>orphano-</strong></span> 
     </span>
    </p>
   </div>
   <div class='ocr_carea' id='block_1_100' title="bbox 163 2574 952 2615">
    <p class='ocr_par' dir='ltr' id='par_1_100' title="bbox 163 2574 952 2615">
     <span class='ocr_line' id='line_1_100' title="bbox 163 2574 952 2615; baseline -0.008 -7"><span class='ocrx_word' id='word_1_684' title='bbox 163 2579 285 2615; x_wconf 79' lang='lat' dir='ltr'><strong>tropltia,</strong></span> <span class='ocrx_word' id='word_1_685' title='bbox 306 2578 476 2610; x_wconf 81' lang='lat' dir='ltr'><strong>nos0comia,</strong></span> <span class='ocrx_word' id='word_1_686' title='bbox 493 2582 540 2605; x_wconf 84' lang='lat' dir='ltr'><strong>aut</strong></span> <span class='ocrx_word' id='word_1_687' title='bbox 564 2577 671 2612; x_wconf 86' lang='lat' dir='ltr'><strong>ptochia</strong></span> <span class='ocrx_word' id='word_1_688' title='bbox 689 2577 824 2604; x_wconf 81' lang='lat' dir='ltr'><strong>a-dilicare</strong></span> <span class='ocrx_word' id='word_1_689' title='bbox 841 2584 846 2602; x_wconf 93' lang='lat'>:</span> <span class='ocrx_word' id='word_1_690' title='bbox 869 2574 952 2611; x_wconf 83' lang='lat' dir='ltr'><strong>[tum]</strong></span> 
     </span>
    </p>
   </div>
   <div class='ocr_carea' id='block_1_101' title="bbox 162 2623 949 2659">
    <p class='ocr_par' dir='ltr' id='par_1_101' title="bbox 162 2623 949 2659">
     <span class='ocr_line' id='line_1_101' title="bbox 162 2623 949 2659; baseline -0.006 -5"><span class='ocrx_word' id='word_1_691' title='bbox 162 2627 245 2655; x_wconf 84' lang='lat' dir='ltr'><strong>etiam</strong></span> <span class='ocrx_word' id='word_1_692' title='bbox 262 2625 498 2653; x_wconf 85' lang='lat' dir='ltr'><strong>administratores</strong></span> <span class='ocrx_word' id='word_1_693' title='bbox 513 2624 579 2659; x_wconf 92' lang='lat' dir='ltr'><strong>ipsis</strong></span> <span class='ocrx_word' id='word_1_694' title='bbox 594 2624 743 2659; x_wconf 79' lang='lat' dir='ltr'><strong>praellcere,</strong></span> <span class='ocrx_word' id='word_1_695' title='bbox 761 2623 815 2650; x_wconf 88' lang='lat' dir='ltr'><strong>nisi</strong></span> <span class='ocrx_word' id='word_1_696' title='bbox 827 2627 949 2656; x_wconf 86' lang='lat' dir='ltr'><strong>testator,</strong></span> 
     </span>
    </p>
   </div>
   <div class='ocr_carea' id='block_1_102' title="bbox 162 2668 951 2706">
    <p class='ocr_par' dir='ltr' id='par_1_102' title="bbox 162 2668 951 2706">
     <span class='ocr_line' id='line_1_102' title="bbox 162 2668 951 2706; baseline -0.008 -6"><span class='ocrx_word' id='word_1_697' title='bbox 162 2673 225 2706; x_wconf 91' lang='lat' dir='ltr'><strong>quis</strong></span> <span class='ocrx_word' id='word_1_698' title='bbox 241 2672 436 2700; x_wconf 87' lang='lat' dir='ltr'><strong>administrare</strong></span> <span class='ocrx_word' id='word_1_699' title='bbox 455 2669 563 2700; x_wconf 68' lang='lat' dir='ltr'><strong>debeat.</strong></span> <span class='ocrx_word' id='word_1_700' title='bbox 585 2676 715 2703; x_wconf 87' lang='lat' dir='ltr'><strong>expresse</strong></span> <span class='ocrx_word' id='word_1_701' title='bbox 730 2668 850 2696; x_wconf 75' lang='lat' dir='ltr'><strong>dixerit:</strong></span> <span class='ocrx_word' id='word_1_702' title='bbox 867 2672 894 2695; x_wconf 89' lang='lat' dir='ltr'><strong>et</strong></span> <span class='ocrx_word' id='word_1_703' title='bbox 909 2672 951 2694; x_wconf 87' lang='lat' dir='ltr'><strong>ta-</strong></span> 
     </span>
    </p>
   </div>
   <div class='ocr_carea' id='block_1_103' title="bbox 161 2714 949 2754">
    <p class='ocr_par' dir='ltr' id='par_1_103' title="bbox 161 2714 949 2754">
     <span class='ocr_line' id='line_1_103' title="bbox 161 2714 949 2754; baseline -0.008 -8"><span class='ocrx_word' id='word_1_704' title='bbox 161 2719 242 2747; x_wconf 81' lang='lat' dir='ltr'><strong>metsi</strong></span> <span class='ocrx_word' id='word_1_705' title='bbox 272 2717 535 2754; x_wconf 76' lang='lat' dir='ltr'><strong>[administratorem</strong></span> <span class='ocrx_word' id='word_1_706' title='bbox 561 2714 687 2750; x_wconf 85' lang='lat' dir='ltr'><strong>testator]</strong></span> <span class='ocrx_word' id='word_1_707' title='bbox 717 2714 875 2747; x_wconf 84' lang='lat' dir='ltr'><strong>nominarit,</strong></span> <span class='ocrx_word' id='word_1_708' title='bbox 904 2722 949 2748; x_wconf 91' lang='lat' dir='ltr'><strong>po-</strong></span> 
     </span>
    </p>
   </div>
   <div class='ocr_carea' id='block_1_104' title="bbox 164 2759 951 2800">
    <p class='ocr_par' dir='ltr' id='par_1_104' title="bbox 164 2759 951 2800">
     <span class='ocr_line' id='line_1_104' title="bbox 164 2759 951 2800; baseline -0.009 -7"><span class='ocrx_word' id='word_1_709' title='bbox 164 2770 286 2793; x_wconf 73' lang='lat' dir='ltr'><strong>irstatem</strong></span> <span class='ocrx_word' id='word_1_710' title='bbox 315 2760 431 2800; x_wconf 78' lang='lat' dir='ltr'><strong>[tamen]</strong></span> <span class='ocrx_word' id='word_1_711' title='bbox 451 2761 550 2788; x_wconf 84' lang='lat' dir='ltr'><strong>habere</strong></span> <span class='ocrx_word' id='word_1_712' title='bbox 575 2760 731 2794; x_wconf 81' lang='lat' dir='ltr'><strong>episcopum</strong></span> <span class='ocrx_word' id='word_1_713' title='bbox 751 2779 758 2790; x_wconf 89' lang='lat'><strong>,</strong></span> <span class='ocrx_word' id='word_1_714' title='bbox 782 2763 811 2785; x_wconf 93' lang='lat' dir='ltr'><strong>ut</strong></span> <span class='ocrx_word' id='word_1_715' title='bbox 832 2759 854 2786; x_wconf 89' lang='lat' dir='ltr'><strong>si</strong></span> <span class='ocrx_word' id='word_1_716' title='bbox 881 2759 951 2786; x_wconf 86' lang='lat' dir='ltr'><strong>male</strong></span> 
     </span>
    </p>
   </div>
   <div class='ocr_carea' id='block_1_105' title="bbox 163 2805 949 2843">
    <p class='ocr_par' dir='ltr' id='par_1_105' title="bbox 163 2805 949 2843">
     <span class='ocr_line' id='line_1_105' title="bbox 163 2805 949 2843; baseline -0.011 -4"><span class='ocrx_word' id='word_1_717' title='bbox 163 2814 209 2840; x_wconf 83' lang='lat' dir='ltr'><strong>ille</strong></span> <span class='ocrx_word' id='word_1_718' title='bbox 221 2810 406 2841; x_wconf 85' lang='lat' dir='ltr'><strong>administret,</strong></span> <span class='ocrx_word' id='word_1_719' title='bbox 422 2805 537 2843; x_wconf 84' lang='lat' dir='ltr'><strong>[ipsum]</strong></span> <span class='ocrx_word' id='word_1_720' title='bbox 554 2809 702 2837; x_wconf 67' lang='lat' dir='ltr'><strong>removeat,</strong></span> <span class='ocrx_word' id='word_1_721' title='bbox 717 2810 745 2832; x_wconf 84' lang='lat' dir='ltr'><strong>et</strong></span> <span class='ocrx_word' id='word_1_722' title='bbox 760 2805 842 2831; x_wconf 89' lang='lat' dir='ltr'><strong>alium</strong></span> <span class='ocrx_word' id='word_1_723' title='bbox 858 2805 949 2831; x_wconf 80' lang='lat' dir='ltr'><strong>faciat:</strong></span> 
     </span>
    </p>
   </div>
   <div class='ocr_carea' id='block_1_106' title="bbox 165 2851 951 2890">
    <p class='ocr_par' dir='ltr' id='par_1_106' title="bbox 165 2851 951 2890">
     <span class='ocr_line' id='line_1_106' title="bbox 165 2851 951 2890; baseline -0.009 -5"><span class='ocrx_word' id='word_1_724' title='bbox 165 2859 188 2886; x_wconf 71' lang='lat' dir='ltr'><strong>si</strong></span> <span class='ocrx_word' id='word_1_725' title='bbox 206 2866 270 2885; x_wconf 80' lang='lat' dir='ltr'><strong>vero</strong></span> <span class='ocrx_word' id='word_1_726' title='bbox 289 2856 335 2890; x_wconf 84' lang='lat' dir='ltr'><strong>qni</strong></span> <span class='ocrx_word' id='word_1_727' title='bbox 354 2855 454 2888; x_wconf 86' lang='lat' dir='ltr'><strong>jussus-</strong></span> <span class='ocrx_word' id='word_1_728' title='bbox 467 2857 520 2884; x_wconf 77' lang='lat' dir='ltr'><strong>t‘sl,</strong></span> <span class='ocrx_word' id='word_1_729' title='bbox 546 2852 580 2879; x_wconf 85' lang='lat' dir='ltr'><strong>ab</strong></span> <span class='ocrx_word' id='word_1_730' title='bbox 604 2851 734 2885; x_wconf 78' lang='lat' dir='ltr'><strong>episcopo</strong></span> <span class='ocrx_word' id='word_1_731' title='bbox 763 2851 951 2886; x_wconf 82' lang='lat' dir='ltr'><strong>interpellatus</strong></span> 
     </span>
    </p>
   </div>
   <div class='ocr_carea' id='block_1_107' title="bbox 166 2896 948 2936">
    <p class='ocr_par' dir='ltr' id='par_1_107' title="bbox 166 2896 948 2936">
     <span class='ocr_line' id='line_1_107' title="bbox 166 2896 948 2936; baseline -0.005 -8"><span class='ocrx_word' id='word_1_732' title='bbox 166 2902 373 2936; x_wconf 59' lang='lat' dir='ltr'><strong>magistratuum</strong></span> <span class='ocrx_word' id='word_1_733' title='bbox 399 2897 508 2933; x_wconf 65' lang='lat' dir='ltr'><strong>[etiaml</strong></span> <span class='ocrx_word' id='word_1_734' title='bbox 545 2896 773 2926; x_wconf 84' lang='lat' dir='ltr'><strong>admonitionem.</strong></span> <span class='ocrx_word' id='word_1_735' title='bbox 794 2901 948 2932; x_wconf 76' lang='lat' dir='ltr'><strong>exspectet,</strong></span> 
     </span>
    </p>
   </div>
   <div class='ocr_carea' id='block_1_108' title="bbox 1002 2299 1792 2338">
    <p class='ocr_par' dir='ltr' id='par_1_108' title="bbox 1002 2299 1792 2338">
     <span class='ocr_line' id='line_1_108' title="bbox 1002 2299 1792 2338; baseline 0 -9"><span class='ocrx_word' id='word_1_736' title='bbox 1002 2302 1144 2329; x_wconf 78' lang='grc' dir='ltr'>ἀνάκλισιν</span> <span class='ocrx_word' id='word_1_737' title='bbox 1154 2303 1208 2329; x_wconf 83' lang='grc' dir='ltr'>τῶν</span> <span class='ocrx_word' id='word_1_738' title='bbox 1218 2301 1367 2338; x_wconf 73' lang='grc' dir='ltr'>ἀρρώστων</span> <span class='ocrx_word' id='word_1_739' title='bbox 1377 2302 1548 2337; x_wconf 77' lang='grc' dir='ltr'>μισθοῦσθαι,</span> <span class='ocrx_word' id='word_1_740' title='bbox 1558 2303 1611 2334; x_wconf 79' lang='grc' dir='ltr'><strong>ἓως</strong></span> <span class='ocrx_word' id='word_1_741' title='bbox 1626 2299 1657 2329; x_wconf 73' lang='grc' dir='ltr'>οὗ</span> <span class='ocrx_word' id='word_1_742' title='bbox 1668 2303 1698 2329; x_wconf 79' lang='grc' dir='ltr'>τὸ</span> <span class='ocrx_word' id='word_1_743' title='bbox 1711 2302 1792 2337; x_wconf 78' lang='grc' dir='ltr'>ἔργον</span> 
     </span>
    </p>
   </div>
   <div class='ocr_carea' id='block_1_109' title="bbox 1001 2348 1791 2385">
    <p class='ocr_par' dir='ltr' id='par_1_109' title="bbox 1001 2348 1791 2385">
     <span class='ocr_line' id='line_1_109' title="bbox 1001 2348 1791 2385; baseline 0.001 -11"><span class='ocrx_word' id='word_1_744' title='bbox 1001 2349 1144 2384; x_wconf 75' lang='grc' dir='ltr'>πληρωθῇ.</span> <span class='ocrx_word' id='word_1_745' title='bbox 1171 2348 1224 2375; x_wconf 80' lang='grc' dir='ltr'><strong>Τοῦ</strong></span> <span class='ocrx_word' id='word_1_746' title='bbox 1250 2349 1279 2375; x_wconf 78' lang='grc' dir='ltr'>δὲ</span> <span class='ocrx_word' id='word_1_747' title='bbox 1305 2349 1425 2375; x_wconf 83' lang='grc' dir='ltr'>τοιούτου</span> <span class='ocrx_word' id='word_1_748' title='bbox 1449 2349 1545 2385; x_wconf 88' lang='grc' dir='ltr'>χρόνου</span> <span class='ocrx_word' id='word_1_749' title='bbox 1571 2349 1791 2385; x_wconf 76' lang='grc' dir='ltr'>παρερχομένου,</span> 
     </span>
    </p>
   </div>
   <div class='ocr_carea' id='block_1_110' title="bbox 1001 2394 1792 2430">
    <p class='ocr_par' dir='ltr' id='par_1_110' title="bbox 1001 2394 1792 2430">
     <span class='ocr_line' id='line_1_110' title="bbox 1001 2394 1792 2430; baseline -0.003 -8"><span class='ocrx_word' id='word_1_750' title='bbox 1001 2396 1112 2422; x_wconf 77' lang='grc' dir='ltr'>ἀπαιτεῖ</span> <span class='ocrx_word' id='word_1_751' title='bbox 1133 2395 1164 2421; x_wconf 76' lang='grc' dir='ltr'>τδ</span> <span class='ocrx_word' id='word_1_752' title='bbox 1186 2394 1368 2428; x_wconf 63' lang='grc' dir='ltr'>καταλειφθὲν</span> <span class='ocrx_word' id='word_1_753' title='bbox 1387 2395 1402 2420; x_wconf 97' lang='lat'><strong>6</strong></span> <span class='ocrx_word' id='word_1_754' title='bbox 1419 2395 1569 2426; x_wconf 75' lang='grc' dir='ltr'>ἐπίσκοπος</span> <span class='ocrx_word' id='word_1_755' title='bbox 1587 2396 1657 2427; x_wconf 83' lang='grc' dir='ltr'>μετὰ</span> <span class='ocrx_word' id='word_1_756' title='bbox 1676 2395 1792 2430; x_wconf 81' lang='grc' dir='ltr'>καρπῶν</span> 
     </span>
    </p>
   </div>
   <div class='ocr_carea' id='block_1_111' title="bbox 1003 2438 1791 2474">
    <p class='ocr_par' dir='ltr' id='par_1_111' title="bbox 1003 2438 1791 2474">
     <span class='ocr_line' id='line_1_111' title="bbox 1003 2438 1791 2474; baseline -0.001 -8"><span class='ocrx_word' id='word_1_757' title='bbox 1003 2439 1049 2466; x_wconf 71' lang='grc' dir='ltr'><strong>καὶ</strong></span> <span class='ocrx_word' id='word_1_758' title='bbox 1066 2439 1205 2474; x_wconf 75' lang='grc' dir='ltr'>αὑξήσεων</span> <span class='ocrx_word' id='word_1_759' title='bbox 1221 2439 1275 2466; x_wconf 74' lang='grc' dir='ltr'>ἀπὸ</span> <span class='ocrx_word' id='word_1_760' title='bbox 1296 2438 1343 2465; x_wconf 80' lang='grc' dir='ltr'><strong>τοῦ</strong></span> <span class='ocrx_word' id='word_1_761' title='bbox 1367 2438 1463 2474; x_wconf 81' lang='grc' dir='ltr'>καιροῦ</span> <span class='ocrx_word' id='word_1_762' title='bbox 1490 2440 1538 2474; x_wconf 78' lang='grc' dir='ltr'><strong>τῆς</strong></span> <span class='ocrx_word' id='word_1_763' title='bbox 1560 2439 1607 2466; x_wconf 75' lang='grc' dir='ltr'><strong>τοῦ</strong></span> <span class='ocrx_word' id='word_1_764' title='bbox 1631 2439 1791 2474; x_wconf 80' lang='grc' dir='ltr'>διαθεμένου</span> 
     </span>
    </p>
   </div>
   <div class='ocr_carea' id='block_1_112' title="bbox 1000 2484 1791 2520">
    <p class='ocr_par' dir='ltr' id='par_1_112' title="bbox 1000 2484 1791 2520">
     <span class='ocr_line' id='line_1_112' title="bbox 1000 2484 1791 2520; baseline 0.001 -10"><span class='ocrx_word' id='word_1_765' title='bbox 1000 2485 1129 2520; x_wconf 80' lang='grc' dir='ltr'>τελευτῆς</span> <span class='ocrx_word' id='word_1_766' title='bbox 1139 2506 1147 2518; x_wconf 85' lang='grc'><strong>,</strong></span> <span class='ocrx_word' id='word_1_767' title='bbox 1161 2485 1209 2511; x_wconf 75' lang='grc' dir='ltr'><strong>καὶ</strong></span> <span class='ocrx_word' id='word_1_768' title='bbox 1221 2486 1340 2512; x_wconf 84' lang='grc' dir='ltr'>ποιεῖται</span> <span class='ocrx_word' id='word_1_769' title='bbox 1352 2485 1400 2516; x_wconf 82' lang='grc' dir='ltr'><strong>τὰς</strong></span> <span class='ocrx_word' id='word_1_770' title='bbox 1411 2484 1555 2520; x_wconf 78' lang='grc' dir='ltr'>οἰκοδομὰς</span> <span class='ocrx_word' id='word_1_771' title='bbox 1568 2485 1622 2511; x_wconf 80' lang='grc' dir='ltr'><strong>τῶν</strong></span> <span class='ocrx_word' id='word_1_772' title='bbox 1636 2485 1791 2515; x_wconf 73' lang='grc' dir='ltr'>ἐκκλησιῶν</span> 
     </span>
    </p>
   </div>
   <div class='ocr_carea' id='block_1_113' title="bbox 1002 2531 1790 2567">
    <p class='ocr_par' dir='ltr' id='par_1_113' title="bbox 1002 2531 1790 2567">
     <span class='ocr_line' id='line_1_113' title="bbox 1002 2531 1790 2567; baseline -0.001 -9"><span class='ocrx_word' id='word_1_773' title='bbox 1002 2532 1048 2558; x_wconf 67' lang='grc' dir='ltr'>καὶ</span> <span class='ocrx_word' id='word_1_774' title='bbox 1060 2532 1114 2558; x_wconf 86' lang='grc' dir='ltr'><strong>τῶν</strong></span> <span class='ocrx_word' id='word_1_775' title='bbox 1127 2531 1258 2564; x_wconf 81' lang='grc' dir='ltr'>ξενὼνων,</span> <span class='ocrx_word' id='word_1_776' title='bbox 1273 2532 1289 2566; x_wconf 83' lang='grc' dir='ltr'>ἢ</span> <span class='ocrx_word' id='word_1_777' title='bbox 1303 2531 1357 2558; x_wconf 83' lang='grc' dir='ltr'>τῶν</span> <span class='ocrx_word' id='word_1_778' title='bbox 1378 2532 1577 2567; x_wconf 83' lang='grc' dir='ltr'>γηροκομείων,</span> <span class='ocrx_word' id='word_1_779' title='bbox 1591 2532 1607 2567; x_wconf 86' lang='grc' dir='ltr'><strong>ἢ</strong></span> <span class='ocrx_word' id='word_1_780' title='bbox 1622 2532 1790 2567; x_wconf 84' lang='grc' dir='ltr'>όρφανοτρο-</span> 
     </span>
    </p>
   </div>
   <div class='ocr_carea' id='block_1_114' title="bbox 1001 2575 1792 2612">
    <p class='ocr_par' dir='ltr' id='par_1_114' title="bbox 1001 2575 1792 2612">
     <span class='ocr_line' id='line_1_114' title="bbox 1001 2575 1792 2612; baseline -0.001 -9"><span class='ocrx_word' id='word_1_781' title='bbox 1001 2577 1096 2610; x_wconf 84' lang='grc' dir='ltr'>φείων,</span> <span class='ocrx_word' id='word_1_782' title='bbox 1114 2577 1131 2612; x_wconf 78' lang='grc' dir='ltr'><strong>ἢ</strong></span> <span class='ocrx_word' id='word_1_783' title='bbox 1145 2576 1337 2611; x_wconf 87' lang='grc' dir='ltr'>νοσοκομείων,</span> <span class='ocrx_word' id='word_1_784' title='bbox 1356 2575 1372 2611; x_wconf 81' lang='grc' dir='ltr'><strong>ἢ</strong></span> <span class='ocrx_word' id='word_1_785' title='bbox 1390 2576 1544 2611; x_wconf 80' lang='grc' dir='ltr'>πτωχείων,</span> <span class='ocrx_word' id='word_1_786' title='bbox 1558 2576 1604 2603; x_wconf 74' lang='grc' dir='ltr'>καὶ</span> <span class='ocrx_word' id='word_1_787' title='bbox 1619 2576 1792 2611; x_wconf 84' lang='grc' dir='ltr'>προχειρίζε-</span> 
     </span>
    </p>
   </div>
   <div class='ocr_carea' id='block_1_115' title="bbox 1000 2619 1791 2658">
    <p class='ocr_par' dir='ltr' id='par_1_115' title="bbox 1000 2619 1791 2658">
     <span class='ocr_line' id='line_1_115' title="bbox 1000 2619 1791 2658; baseline 0 -10"><span class='ocrx_word' id='word_1_788' title='bbox 1000 2631 1046 2648; x_wconf 85' lang='grc' dir='ltr'><strong>ται</strong></span> <span class='ocrx_word' id='word_1_789' title='bbox 1058 2622 1122 2653; x_wconf 80' lang='grc' dir='ltr'>τοὺς</span> <span class='ocrx_word' id='word_1_790' title='bbox 1133 2621 1271 2656; x_wconf 78' lang='grc' dir='ltr'>διοικητὰς</span> <span class='ocrx_word' id='word_1_791' title='bbox 1284 2621 1383 2647; x_wconf 76' lang='grc' dir='ltr'>αὐτῶν·</span> <span class='ocrx_word' id='word_1_792' title='bbox 1396 2619 1424 2647; x_wconf 74' lang='grc' dir='ltr'>εἴ</span> <span class='ocrx_word' id='word_1_793' title='bbox 1437 2628 1468 2654; x_wconf 90' lang='grc' dir='ltr'><strong>γε</strong></span> <span class='ocrx_word' id='word_1_794' title='bbox 1481 2620 1518 2655; x_wconf 85' lang='grc' dir='ltr'>μὴ</span> <span class='ocrx_word' id='word_1_795' title='bbox 1533 2621 1622 2657; x_wconf 70' lang='grc' dir='ltr'>ῥητῶς</span> <span class='ocrx_word' id='word_1_796' title='bbox 1635 2623 1649 2648; x_wconf 86' lang='grc' dir='ltr'>ὁ</span> <span class='ocrx_word' id='word_1_797' title='bbox 1662 2621 1791 2658; x_wconf 73' lang='grc' dir='ltr'>τελευτή-</span> 
     </span>
    </p>
   </div>
   <div class='ocr_carea' id='block_1_116' title="bbox 1002 2665 1791 2703">
    <p class='ocr_par' dir='ltr' id='par_1_116' title="bbox 1002 2665 1791 2703">
     <span class='ocr_line' id='line_1_116' title="bbox 1002 2665 1791 2703; baseline 0.001 -10"><span class='ocrx_word' id='word_1_798' title='bbox 1002 2675 1051 2698; x_wconf 83' lang='grc' dir='ltr'><strong>σας</strong></span> <span class='ocrx_word' id='word_1_799' title='bbox 1063 2665 1124 2693; x_wconf 75' lang='grc' dir='ltr'>εἷπε</span> <span class='ocrx_word' id='word_1_800' title='bbox 1143 2667 1189 2693; x_wconf 77' lang='grc' dir='ltr'>τὸν</span> <span class='ocrx_word' id='word_1_801' title='bbox 1204 2666 1352 2700; x_wconf 69' lang='grc' dir='ltr'>ίόφείλοντα</span> <span class='ocrx_word' id='word_1_802' title='bbox 1373 2667 1494 2694; x_wconf 80' lang='grc' dir='ltr'>διοικεῖν·</span> <span class='ocrx_word' id='word_1_803' title='bbox 1519 2669 1543 2694; x_wconf 84' lang='grc' dir='ltr'>εἰ</span> <span class='ocrx_word' id='word_1_804' title='bbox 1566 2668 1613 2694; x_wconf 78' lang='grc' dir='ltr'><strong>καὶ</strong></span> <span class='ocrx_word' id='word_1_805' title='bbox 1639 2667 1791 2703; x_wconf 81' lang='grc' dir='ltr'>ὠνόμασεν,</span> 
     </span>
    </p>
   </div>
   <div class='ocr_carea' id='block_1_117' title="bbox 1000 2712 1790 2749">
    <p class='ocr_par' dir='ltr' id='par_1_117' title="bbox 1000 2712 1790 2749">
     <span class='ocr_line' id='line_1_117' title="bbox 1000 2712 1790 2749; baseline 0 -9"><span class='ocrx_word' id='word_1_806' title='bbox 1000 2712 1093 2740; x_wconf 80' lang='grc' dir='ltr'>ἄδειαν</span> <span class='ocrx_word' id='word_1_807' title='bbox 1108 2712 1123 2738; x_wconf 90' lang='lat'><strong>6</strong></span> <span class='ocrx_word' id='word_1_808' title='bbox 1143 2713 1292 2745; x_wconf 73' lang='grc' dir='ltr'>ἐπίσκοπος</span> <span class='ocrx_word' id='word_1_809' title='bbox 1310 2713 1366 2749; x_wconf 75' lang='grc' dir='ltr'>ἔχει</span> <span class='ocrx_word' id='word_1_810' title='bbox 1382 2715 1476 2746; x_wconf 85' lang='grc' dir='ltr'>κακῶς</span> <span class='ocrx_word' id='word_1_811' title='bbox 1495 2714 1574 2740; x_wconf 73' lang='grc' dir='ltr'>αὐτὸν</span> <span class='ocrx_word' id='word_1_812' title='bbox 1590 2713 1790 2748; x_wconf 85' lang='grc' dir='ltr'>διαγινόμενον,</span> 
     </span>
    </p>
   </div>
   <div class='ocr_carea' id='block_1_118' title="bbox 1001 2760 1791 2791">
    <p class='ocr_par' dir='ltr' id='par_1_118' title="bbox 1001 2760 1791 2791">
     <span class='ocr_line' id='line_1_118' title="bbox 1001 2760 1791 2791; baseline 0.001 -6"><span class='ocrx_word' id='word_1_813' title='bbox 1001 2761 1153 2791; x_wconf 85' lang='grc' dir='ltr'>ἀποκινεῖν,</span> <span class='ocrx_word' id='word_1_814' title='bbox 1168 2760 1215 2786; x_wconf 80' lang='grc' dir='ltr'>καὶ</span> <span class='ocrx_word' id='word_1_815' title='bbox 1233 2761 1320 2787; x_wconf 79' lang='grc' dir='ltr'>ποιεῖν</span> <span class='ocrx_word' id='word_1_816' title='bbox 1342 2760 1432 2787; x_wconf 83' lang='grc' dir='ltr'>ἄλλον.</span> <span class='ocrx_word' id='word_1_817' title='bbox 1451 2761 1481 2787; x_wconf 84' lang='grc' dir='ltr'><strong>Εἰ</strong></span> <span class='ocrx_word' id='word_1_818' title='bbox 1495 2760 1523 2787; x_wconf 78' lang='grc' dir='ltr'>δὲ</span> <span class='ocrx_word' id='word_1_819' title='bbox 1538 2760 1552 2786; x_wconf 90' lang='grc' dir='ltr'><strong>ὀ</strong></span> <span class='ocrx_word' id='word_1_820' title='bbox 1567 2760 1726 2791; x_wconf 79' lang='grc' dir='ltr'>κελευσθεὶς</span> <span class='ocrx_word' id='word_1_821' title='bbox 1741 2761 1791 2787; x_wconf 81' lang='grc' dir='ltr'>καὶ</span> 
     </span>
    </p>
   </div>
   <div class='ocr_carea' id='block_1_119' title="bbox 1002 2805 1791 2842">
    <p class='ocr_par' dir='ltr' id='par_1_119' title="bbox 1002 2805 1791 2842">
     <span class='ocr_line' id='line_1_119' title="bbox 1002 2805 1791 2842; baseline 0.001 -10"><span class='ocrx_word' id='word_1_822' title='bbox 1002 2806 1078 2841; x_wconf 84' lang='grc' dir='ltr'><strong>παρὰ</strong></span> <span class='ocrx_word' id='word_1_823' title='bbox 1093 2805 1138 2832; x_wconf 85' lang='grc' dir='ltr'><strong>τοῦ</strong></span> <span class='ocrx_word' id='word_1_824' title='bbox 1154 2806 1303 2833; x_wconf 79' lang='grc' dir='ltr'>ἐπισκόπου</span> <span class='ocrx_word' id='word_1_825' title='bbox 1321 2806 1460 2842; x_wconf 73' lang='grc' dir='ltr'>ὀχληοεὶς,</span> <span class='ocrx_word' id='word_1_826' title='bbox 1493 2806 1610 2842; x_wconf 79' lang='grc' dir='ltr'>ἀρχικὴν</span> <span class='ocrx_word' id='word_1_827' title='bbox 1635 2806 1791 2841; x_wconf 87' lang='grc' dir='ltr'>ὑπόμνησιν</span> 
     </span>
    </p>
   </div>
   <div class='ocr_carea' id='block_1_120' title="bbox 1001 2851 1792 2887">
    <p class='ocr_par' dir='ltr' id='par_1_120' title="bbox 1001 2851 1792 2887">
     <span class='ocr_line' id='line_1_120' title="bbox 1001 2851 1792 2887; baseline 0 -9"><span class='ocrx_word' id='word_1_828' title='bbox 1001 2851 1145 2887; x_wconf 77' lang='grc' dir='ltr'>ἀναμείνῃ,</span> <span class='ocrx_word' id='word_1_829' title='bbox 1161 2851 1250 2878; x_wconf 82' lang='grc' dir='ltr'>δίδωσι</span> <span class='ocrx_word' id='word_1_830' title='bbox 1265 2851 1375 2878; x_wconf 80' lang='grc' dir='ltr'>διπλοῦν</span> <span class='ocrx_word' id='word_1_831' title='bbox 1390 2852 1420 2878; x_wconf 82' lang='grc' dir='ltr'>τὸ</span> <span class='ocrx_word' id='word_1_832' title='bbox 1433 2851 1620 2885; x_wconf 76' lang='grc' dir='ltr'>καταλειφθέν·</span> <span class='ocrx_word' id='word_1_833' title='bbox 1635 2851 1792 2887; x_wconf 71' lang='grc' dir='ltr'>ῥᾳθυμοῦν-</span> 
     </span>
    </p>
   </div>
   <div class='ocr_carea' id='block_1_121' title="bbox 1004 2892 1790 2932">
    <p class='ocr_par' dir='ltr' id='par_1_121' title="bbox 1004 2892 1790 2932">
     <span class='ocr_line' id='line_1_121' title="bbox 1004 2892 1790 2932; baseline 0 -8"><span class='ocrx_word' id='word_1_834' title='bbox 1004 2906 1048 2930; x_wconf 62' lang='lat' dir='ltr'><strong>to;</strong></span> <span class='ocrx_word' id='word_1_835' title='bbox 1060 2897 1088 2924; x_wconf 77' lang='grc' dir='ltr'><strong>δὲ</strong></span> <span class='ocrx_word' id='word_1_836' title='bbox 1106 2897 1152 2924; x_wconf 77' lang='grc' dir='ltr'><strong>τοῦ</strong></span> <span class='ocrx_word' id='word_1_837' title='bbox 1167 2898 1328 2930; x_wconf 67' lang='grc' dir='ltr'>ἐπισκόπου,</span> <span class='ocrx_word' id='word_1_838' title='bbox 1346 2897 1494 2931; x_wconf 70' lang='grc' dir='ltr'>ἀναγκάζει</span> <span class='ocrx_word' id='word_1_839' title='bbox 1510 2896 1689 2932; x_wconf 73' lang='grc' dir='ltr'>πληρωθῆναι</span> <span class='ocrx_word' id='word_1_840' title='bbox 1704 2897 1733 2924; x_wconf 83' lang='grc' dir='ltr'>τὺ</span> <span class='ocrx_word' id='word_1_841' title='bbox 1745 2892 1790 2924; x_wconf 74' lang='grc' dir='ltr'>8ιά</span> 
     </span>
    </p>
   </div>
  </div>
