  <div class='ocr_page' id='page_1' title='image "/cluster/home/n/w/nwhite01/storage/ocr_20150623/104/njp.32101077772885/291.png"; bbox 0 0 1959 3061; ppageno 0'>
   <div class='ocr_carea' id='block_1_1' title="bbox 49 905 105 951">
    <p class='ocr_par' dir='ltr' id='par_1_1' title="bbox 49 905 105 951">
     <span class='ocr_line' id='line_1_1' title="bbox 49 905 105 951; baseline 0 0"><span class='ocrx_word' id='word_1_1' title='bbox 49 905 105 951; x_wconf 70' lang='lat'><strong>3‘!</strong></span> 
     </span>
    </p>
   </div>
   <div class='ocr_carea' id='block_1_2' title="bbox 17 995 149 1045">
    <p class='ocr_par' dir='ltr' id='par_1_2' title="bbox 17 995 149 1045">
     <span class='ocr_line' id='line_1_2' title="bbox 17 995 149 1045; baseline -0.008 0"><span class='ocrx_word' id='word_1_2' title='bbox 17 1002 96 1045; x_wconf 57' lang='grc' dir='ltr'><strong>εει-’δ</strong></span> <span class='ocrx_word' id='word_1_3' title='bbox 105 995 149 1030; x_wconf 78' lang='lat'><strong>~“</strong></span> 
     </span>
    </p>
   </div>
   <div class='ocr_carea' id='block_1_3' title="bbox 17 1104 132 1148">
    <p class='ocr_par' dir='ltr' id='par_1_3' title="bbox 17 1104 132 1148">
     <span class='ocr_line' id='line_1_3' title="bbox 17 1104 132 1148; baseline -0.009 -3"><span class='ocrx_word' id='word_1_4' title='bbox 17 1104 132 1148; x_wconf 50' lang='grc' dir='ltr'><strong>φύσι,</strong></span> 
     </span>
    </p>
   </div>
   <div class='ocr_carea' id='block_1_4' title="bbox 17 1166 106 1203">
    <p class='ocr_par' dir='ltr' id='par_1_4' title="bbox 17 1166 106 1203">
     <span class='ocr_line' id='line_1_4' title="bbox 17 1166 106 1203; baseline -0.022 -5"><span class='ocrx_word' id='word_1_5' title='bbox 17 1166 106 1203; x_wconf 68' lang='lat' dir='ltr'><strong>Scal</strong></span> 
     </span>
    </p>
   </div>
   <div class='ocr_carea' id='block_1_5' title="bbox 723 74 744 110">
    <p class='ocr_par' dir='ltr' id='par_1_5' title="bbox 723 74 744 110">
     <span class='ocr_line' id='line_1_5' title="bbox 723 74 744 110; baseline 0 -12"><span class='ocrx_word' id='word_1_6' title='bbox 723 74 744 110; x_wconf 49' lang='grc' dir='ltr'>ιθ</span> 
     </span>
    </p>
   </div>
   <div class='ocr_carea' id='block_1_6' title="bbox 183 161 240 194">
    <p class='ocr_par' dir='ltr' id='par_1_6' title="bbox 183 161 240 194">
     <span class='ocr_line' id='line_1_6' title="bbox 183 161 240 194; baseline -0.053 0"><span class='ocrx_word' id='word_1_7' title='bbox 183 161 240 194; x_wconf 75' lang='grc'>,567</span> 
     </span>
    </p>
   </div>
   <div class='ocr_carea' id='block_1_7' title="bbox 183 266 974 309">
    <p class='ocr_par' dir='ltr' id='par_1_7' title="bbox 183 266 974 309">
     <span class='ocr_line' id='line_1_7' title="bbox 183 266 974 309; baseline 0.014 -17"><span class='ocrx_word' id='word_1_8' title='bbox 183 266 268 293; x_wconf 83' lang='lat' dir='ltr'><strong>cietas</strong></span> <span class='ocrx_word' id='word_1_9' title='bbox 281 267 405 295; x_wconf 82' lang='lat' dir='ltr'><strong>solvitur.</strong></span> <span class='ocrx_word' id='word_1_10' title='bbox 422 268 482 296; x_wconf 89' lang='lat' dir='ltr'><strong>Lib.</strong></span> <span class='ocrx_word' id='word_1_11' title='bbox 501 277 578 302; x_wconf 80' lang='lat' dir='ltr'><strong>xVIII,</strong></span> <span class='ocrx_word' id='word_1_12' title='bbox 593 271 635 297; x_wconf 87' lang='lat' dir='ltr'><strong>tit.</strong></span> <span class='ocrx_word' id='word_1_13' title='bbox 656 271 683 302; x_wconf 89' lang='grc'>1,</span> <span class='ocrx_word' id='word_1_14' title='bbox 697 271 793 307; x_wconf 83' lang='lat' dir='ltr'><strong>digest,</strong></span> <span class='ocrx_word' id='word_1_15' title='bbox 812 266 838 305; x_wconf 66' lang='grc' dir='ltr'>Β,</span> <span class='ocrx_word' id='word_1_16' title='bbox 852 273 880 306; x_wconf 81' lang='lat'><strong>6.</strong></span> <span class='ocrx_word' id='word_1_17' title='bbox 894 274 974 309; x_wconf 87' lang='grc' dir='ltr'><strong>ιιο</strong></span> 
     </span>
    </p>
   </div>
   <div class='ocr_carea' id='block_1_8' title="bbox 184 311 971 350">
    <p class='ocr_par' dir='ltr' id='par_1_8' title="bbox 184 311 971 350">
     <span class='ocr_line' id='line_1_8' title="bbox 184 311 971 350; baseline 0.013 -12"><span class='ocrx_word' id='word_1_18' title='bbox 184 311 219 339; x_wconf 75' lang='grc'><strong>62</strong></span> <span class='ocrx_word' id='word_1_19' title='bbox 237 321 244 339; x_wconf 89' lang='lat'>:</span> <span class='ocrx_word' id='word_1_20' title='bbox 261 312 351 340; x_wconf 73' lang='lat' dir='ltr'><strong>Sacrae</strong></span> <span class='ocrx_word' id='word_1_21' title='bbox 372 315 411 341; x_wconf 77' lang='lat' dir='ltr'><strong>rei</strong></span> <span class='ocrx_word' id='word_1_22' title='bbox 431 315 532 350; x_wconf 93' lang='lat' dir='ltr'><strong>emptio</strong></span> <span class='ocrx_word' id='word_1_23' title='bbox 555 317 697 350; x_wconf 85' lang='lat' dir='ltr'><strong>consistit,</strong></span> <span class='ocrx_word' id='word_1_24' title='bbox 721 318 744 345; x_wconf 88' lang='lat' dir='ltr'><strong>si</strong></span> <span class='ocrx_word' id='word_1_25' title='bbox 770 319 843 346; x_wconf 87' lang='lat' dir='ltr'><strong>illam</strong></span> <span class='ocrx_word' id='word_1_26' title='bbox 865 327 971 348; x_wconf 82' lang='lat' dir='ltr'><strong>sacram</strong></span> 
     </span>
    </p>
   </div>
   <div class='ocr_carea' id='block_1_9' title="bbox 183 359 972 397">
    <p class='ocr_par' dir='ltr' id='par_1_9' title="bbox 183 359 972 397">
     <span class='ocr_line' id='line_1_9' title="bbox 183 359 972 397; baseline 0.013 -13"><span class='ocrx_word' id='word_1_27' title='bbox 183 365 245 385; x_wconf 88' lang='lat' dir='ltr'><strong>esse</strong></span> <span class='ocrx_word' id='word_1_28' title='bbox 257 363 362 393; x_wconf 86' lang='lat' dir='ltr'><strong>emptor</strong></span> <span class='ocrx_word' id='word_1_29' title='bbox 374 359 480 394; x_wconf 79' lang='lat' dir='ltr'><strong>ignoret</strong></span> <span class='ocrx_word' id='word_1_30' title='bbox 496 370 502 388; x_wconf 90' lang='lat'>:</span> <span class='ocrx_word' id='word_1_31' title='bbox 518 361 652 397; x_wconf 83' lang='lat' dir='ltr'><strong>habetque</strong></span> <span class='ocrx_word' id='word_1_32' title='bbox 663 363 794 391; x_wconf 84' lang='lat' dir='ltr'><strong>adversus</strong></span> <span class='ocrx_word' id='word_1_33' title='bbox 804 365 972 394; x_wconf 85' lang='lat' dir='ltr'><strong>venditorem</strong></span> 
     </span>
    </p>
   </div>
   <div class='ocr_carea' id='block_1_10' title="bbox 185 402 973 446">
    <p class='ocr_par' dir='ltr' id='par_1_10' title="bbox 185 402 973 446">
     <span class='ocr_line' id='line_1_10' title="bbox 185 402 973 446; baseline 0.01 -16"><span class='ocrx_word' id='word_1_34' title='bbox 185 402 347 440; x_wconf 81' lang='lat' dir='ltr'><strong>[actionem]</strong></span> <span class='ocrx_word' id='word_1_35' title='bbox 367 406 461 440; x_wconf 77' lang='lat' dir='ltr'><strong>quanti</strong></span> <span class='ocrx_word' id='word_1_36' title='bbox 480 406 540 440; x_wconf 80' lang='lat' dir='ltr'><strong>ejus</strong></span> <span class='ocrx_word' id='word_1_37' title='bbox 556 406 688 439; x_wconf 77' lang='lat' dir='ltr'><strong>interfuit.</strong></span> <span class='ocrx_word' id='word_1_38' title='bbox 701 416 734 436; x_wconf 89' lang='lat' dir='ltr'><strong>ne</strong></span> <span class='ocrx_word' id='word_1_39' title='bbox 756 407 798 444; x_wconf 85' lang='lat' dir='ltr'><strong>[ea</strong></span> <span class='ocrx_word' id='word_1_40' title='bbox 816 409 870 446; x_wconf 88' lang='lat' dir='ltr'><strong>res]</strong></span> <span class='ocrx_word' id='word_1_41' title='bbox 885 410 973 438; x_wconf 91' lang='lat' dir='ltr'><strong>vindi-</strong></span> 
     </span>
    </p>
   </div>
   <div class='ocr_carea' id='block_1_11' title="bbox 183 450 971 487">
    <p class='ocr_par' dir='ltr' id='par_1_11' title="bbox 183 450 971 487">
     <span class='ocr_line' id='line_1_11' title="bbox 183 450 971 487; baseline 0.009 -12"><span class='ocrx_word' id='word_1_42' title='bbox 183 454 302 476; x_wconf 87' lang='lat' dir='ltr'><strong>caretur.</strong></span> <span class='ocrx_word' id='word_1_43' title='bbox 313 450 341 477; x_wconf 92' lang='lat' dir='ltr'><strong>Si</strong></span> <span class='ocrx_word' id='word_1_44' title='bbox 355 458 419 478; x_wconf 89' lang='lat' dir='ltr'><strong>vero</strong></span> <span class='ocrx_word' id='word_1_45' title='bbox 431 452 500 478; x_wconf 87' lang='lat' dir='ltr'><strong>sciat</strong></span> <span class='ocrx_word' id='word_1_46' title='bbox 507 457 623 487; x_wconf 87' lang='lat' dir='ltr'><strong>emptor,</strong></span> <span class='ocrx_word' id='word_1_47' title='bbox 636 461 689 480; x_wconf 89' lang='lat' dir='ltr'><strong>non</strong></span> <span class='ocrx_word' id='word_1_48' title='bbox 701 454 827 481; x_wconf 81' lang='lat' dir='ltr'><strong>consistit</strong></span> <span class='ocrx_word' id='word_1_49' title='bbox 838 455 971 482; x_wconf 89' lang='lat' dir='ltr'><strong>venditio.</strong></span> 
     </span>
    </p>
   </div>
   <div class='ocr_carea' id='block_1_12' title="bbox 183 494 972 533">
    <p class='ocr_par' dir='ltr' id='par_1_12' title="bbox 183 494 972 533">
     <span class='ocr_line' id='line_1_12' title="bbox 183 494 972 533; baseline 0.009 -12"><span class='ocrx_word' id='word_1_50' title='bbox 183 494 217 522; x_wconf 86' lang='lat' dir='ltr'><strong>Et</strong></span> <span class='ocrx_word' id='word_1_51' title='bbox 238 495 336 531; x_wconf 79' lang='lat' dir='ltr'><strong>digest.</strong></span> <span class='ocrx_word' id='word_1_52' title='bbox 362 497 396 524; x_wconf 76' lang='lat'><strong>73</strong></span> <span class='ocrx_word' id='word_1_53' title='bbox 413 517 420 529; x_wconf 92' lang='lat'><strong>,</strong></span> <span class='ocrx_word' id='word_1_54' title='bbox 447 497 570 532; x_wconf 84' lang='lat' dir='ltr'><strong>ejusdem</strong></span> <span class='ocrx_word' id='word_1_55' title='bbox 588 498 620 525; x_wconf 88' lang='lat' dir='ltr'><strong>tit</strong></span> <span class='ocrx_word' id='word_1_56' title='bbox 645 507 652 526; x_wconf 89' lang='lat'>:</span> <span class='ocrx_word' id='word_1_57' title='bbox 678 498 747 527; x_wconf 61' lang='lat' dir='ltr'><strong>Alide</strong></span> <span class='ocrx_word' id='word_1_58' title='bbox 768 507 846 527; x_wconf 76' lang='lat' dir='ltr'><strong>sacra</strong></span> <span class='ocrx_word' id='word_1_59' title='bbox 868 499 972 533; x_wconf 86' lang='lat' dir='ltr'><strong>diruta,</strong></span> 
     </span>
    </p>
   </div>
   <div class='ocr_carea' id='block_1_13' title="bbox 182 540 970 581">
    <p class='ocr_par' dir='ltr' id='par_1_13' title="bbox 182 540 970 581">
     <span class='ocr_line' id='line_1_13' title="bbox 182 540 970 581; baseline 0.006 -12"><span class='ocrx_word' id='word_1_60' title='bbox 182 540 260 570; x_wconf 88' lang='lat' dir='ltr'><strong>locus</strong></span> <span class='ocrx_word' id='word_1_61' title='bbox 287 549 341 570; x_wconf 87' lang='lat' dir='ltr'><strong>non</strong></span> <span class='ocrx_word' id='word_1_62' title='bbox 363 543 394 570; x_wconf 86' lang='lat' dir='ltr'><strong>lit</strong></span> <span class='ocrx_word' id='word_1_63' title='bbox 420 551 520 571; x_wconf 88' lang='lat' dir='ltr'><strong>sacer:</strong></span> <span class='ocrx_word' id='word_1_64' title='bbox 547 544 620 572; x_wconf 89' lang='lat' dir='ltr'><strong>unde</strong></span> <span class='ocrx_word' id='word_1_65' title='bbox 642 552 731 580; x_wconf 88' lang='lat' dir='ltr'><strong>neque</strong></span> <span class='ocrx_word' id='word_1_66' title='bbox 757 545 856 573; x_wconf 83' lang='lat' dir='ltr'><strong>vaenire</strong></span> <span class='ocrx_word' id='word_1_67' title='bbox 871 550 970 581; x_wconf 83' lang='lat' dir='ltr'><strong>potest.</strong></span> 
     </span>
    </p>
   </div>
   <div class='ocr_carea' id='block_1_14' title="bbox 625 586 730 627">
    <p class='ocr_par' dir='ltr' id='par_1_14' title="bbox 625 586 730 627">
     <span class='ocr_line' id='line_1_14' title="bbox 625 586 730 627; baseline -0.01 -8"><span class='ocrx_word' id='word_1_68' title='bbox 625 586 669 627; x_wconf 55' lang='grc' dir='ltr'><strong>ῥ’.</strong></span> <span class='ocrx_word' id='word_1_69' title='bbox 684 594 730 618; x_wconf 58' lang='lat' dir='ltr'><strong>IL</strong></span> 
     </span>
    </p>
   </div>
   <div class='ocr_carea' id='block_1_15' title="bbox 221 634 971 671">
    <p class='ocr_par' dir='ltr' id='par_1_15' title="bbox 221 634 971 671">
     <span class='ocr_line' id='line_1_15' title="bbox 221 634 971 671; baseline 0.004 -9"><span class='ocrx_word' id='word_1_70' title='bbox 221 634 334 663; x_wconf 65' lang='lat' dir='ltr'><strong>Tenus;</strong></span> <span class='ocrx_word' id='word_1_71' title='bbox 356 635 390 663; x_wconf 86' lang='lat' dir='ltr'><strong>Et</strong></span> <span class='ocrx_word' id='word_1_72' title='bbox 411 636 458 665; x_wconf 82' lang='lat' dir='ltr'><strong>lib.</strong></span> <span class='ocrx_word' id='word_1_73' title='bbox 469 636 515 670; x_wconf 72' lang='grc'><strong>24,</strong></span> <span class='ocrx_word' id='word_1_74' title='bbox 527 636 569 664; x_wconf 91' lang='lat' dir='ltr'><strong>tit.</strong></span> <span class='ocrx_word' id='word_1_75' title='bbox 582 637 776 671; x_wconf 64' lang='lat' dir='ltr'><strong>l,dist.f6,~5.</strong></span> <span class='ocrx_word' id='word_1_76' title='bbox 798 637 881 665; x_wconf 78' lang='lat' dir='ltr'><strong>Recte</strong></span> <span class='ocrx_word' id='word_1_77' title='bbox 898 638 971 665; x_wconf 91' lang='lat' dir='ltr'><strong>dono</strong></span> 
     </span>
    </p>
   </div>
   <div class='ocr_carea' id='block_1_16' title="bbox 185 681 970 718">
    <p class='ocr_par' dir='ltr' id='par_1_16' title="bbox 185 681 970 718">
     <span class='ocr_line' id='line_1_16' title="bbox 185 681 970 718; baseline 0.003 -10"><span class='ocrx_word' id='word_1_78' title='bbox 185 681 264 709; x_wconf 82' lang='lat' dir='ltr'><strong>uxori</strong></span> <span class='ocrx_word' id='word_1_79' title='bbox 284 689 351 709; x_wconf 72' lang='lat' dir='ltr'><strong>meae</strong></span> <span class='ocrx_word' id='word_1_80' title='bbox 367 682 471 717; x_wconf 87' lang='lat' dir='ltr'><strong>locum,</strong></span> <span class='ocrx_word' id='word_1_81' title='bbox 489 687 519 710; x_wconf 88' lang='lat' dir='ltr'><strong>ut</strong></span> <span class='ocrx_word' id='word_1_82' title='bbox 536 683 563 709; x_wconf 94' lang='lat' dir='ltr'><strong>in</strong></span> <span class='ocrx_word' id='word_1_83' title='bbox 578 682 637 718; x_wconf 88' lang='lat' dir='ltr'><strong>ipso</strong></span> <span class='ocrx_word' id='word_1_84' title='bbox 651 682 737 710; x_wconf 66' lang='lat' dir='ltr'><strong>adem</strong></span> <span class='ocrx_word' id='word_1_85' title='bbox 756 690 862 710; x_wconf 81' lang='lat' dir='ltr'><strong>sacram</strong></span> <span class='ocrx_word' id='word_1_86' title='bbox 877 682 970 716; x_wconf 72' lang='lat' dir='ltr'><strong>faciat,</strong></span> 
     </span>
    </p>
   </div>
   <div class='ocr_carea' id='block_1_17' title="bbox 184 727 969 764">
    <p class='ocr_par' dir='ltr' id='par_1_17' title="bbox 184 727 969 764">
     <span class='ocr_line' id='line_1_17' title="bbox 184 727 969 764; baseline 0.003 -10"><span class='ocrx_word' id='word_1_87' title='bbox 184 731 267 761; x_wconf 81' lang='lat' dir='ltr'><strong>atque</strong></span> <span class='ocrx_word' id='word_1_88' title='bbox 282 727 359 755; x_wconf 88' lang='lat' dir='ltr'><strong>locus</strong></span> <span class='ocrx_word' id='word_1_89' title='bbox 375 728 404 755; x_wconf 87' lang='lat' dir='ltr'><strong>lit</strong></span> <span class='ocrx_word' id='word_1_90' title='bbox 418 735 506 756; x_wconf 84' lang='lat' dir='ltr'><strong>sacer.</strong></span> <span class='ocrx_word' id='word_1_91' title='bbox 522 728 584 755; x_wconf 87' lang='lat' dir='ltr'><strong>Lib.</strong></span> <span class='ocrx_word' id='word_1_92' title='bbox 595 735 680 760; x_wconf 72' lang='lat' dir='ltr'><strong>xvaI.</strong></span> <span class='ocrx_word' id='word_1_93' title='bbox 693 729 735 755; x_wconf 90' lang='lat' dir='ltr'><strong>tit.</strong></span> <span class='ocrx_word' id='word_1_94' title='bbox 745 728 789 762; x_wconf 91' lang='grc'><strong>10,</strong></span> <span class='ocrx_word' id='word_1_95' title='bbox 802 728 902 764; x_wconf 74' lang='lat' dir='ltr'><strong>digest.</strong></span> <span class='ocrx_word' id='word_1_96' title='bbox 915 728 969 756; x_wconf 71' lang='lat'><strong>12:</strong></span> 
     </span>
    </p>
   </div>
   <div class='ocr_carea' id='block_1_18' title="bbox 183 771 969 809">
    <p class='ocr_par' dir='ltr' id='par_1_18' title="bbox 183 771 969 809">
     <span class='ocr_line' id='line_1_18' title="bbox 183 771 969 809; baseline 0.004 -11"><span class='ocrx_word' id='word_1_97' title='bbox 183 771 291 799; x_wconf 84' lang='lat' dir='ltr'><strong>Furiosi</strong></span> <span class='ocrx_word' id='word_1_98' title='bbox 315 777 427 801; x_wconf 82' lang='lat' dir='ltr'><strong>curator</strong></span> <span class='ocrx_word' id='word_1_99' title='bbox 456 780 514 800; x_wconf 88' lang='lat' dir='ltr'><strong>rem</strong></span> <span class='ocrx_word' id='word_1_100' title='bbox 540 773 605 808; x_wconf 88' lang='lat' dir='ltr'><strong>ejus</strong></span> <span class='ocrx_word' id='word_1_101' title='bbox 635 773 763 801; x_wconf 86' lang='lat' dir='ltr'><strong>dedicare</strong></span> <span class='ocrx_word' id='word_1_102' title='bbox 792 781 846 801; x_wconf 92' lang='lat' dir='ltr'><strong>non</strong></span> <span class='ocrx_word' id='word_1_103' title='bbox 869 777 969 809; x_wconf 88' lang='lat' dir='ltr'><strong>potest.</strong></span> 
     </span>
    </p>
   </div>
   <div class='ocr_carea' id='block_1_19' title="bbox 183 815 969 855">
    <p class='ocr_par' dir='ltr' id='par_1_19' title="bbox 183 815 969 855">
     <span class='ocr_line' id='line_1_19' title="bbox 183 815 969 855; baseline 0.003 -11"><span class='ocrx_word' id='word_1_104' title='bbox 183 815 244 844; x_wconf 88' lang='lat' dir='ltr'><strong>Lib.</strong></span> <span class='ocrx_word' id='word_1_105' title='bbox 262 818 308 850; x_wconf 81' lang='lat'><strong>&#39;50,</strong></span> <span class='ocrx_word' id='word_1_106' title='bbox 325 818 424 853; x_wconf 76' lang='lat' dir='ltr'><strong>digesl.</strong></span> <span class='ocrx_word' id='word_1_107' title='bbox 440 818 474 846; x_wconf 79' lang='lat'><strong>39</strong></span> <span class='ocrx_word' id='word_1_108' title='bbox 491 819 563 852; x_wconf 82' lang='lat' dir='ltr'><strong>:Qui</strong></span> <span class='ocrx_word' id='word_1_109' title='bbox 585 826 641 846; x_wconf 89' lang='lat' dir='ltr'><strong>rem</strong></span> <span class='ocrx_word' id='word_1_110' title='bbox 659 826 764 846; x_wconf 85' lang='lat' dir='ltr'><strong>sacram</strong></span> <span class='ocrx_word' id='word_1_111' title='bbox 781 819 864 855; x_wconf 78' lang='lat' dir='ltr'><strong>legat,</strong></span> <span class='ocrx_word' id='word_1_112' title='bbox 879 818 969 847; x_wconf 82' lang='lat' dir='ltr'><strong>furere</strong></span> 
     </span>
    </p>
   </div>
   <div class='ocr_carea' id='block_1_20' title="bbox 183 863 966 900">
    <p class='ocr_par' dir='ltr' id='par_1_20' title="bbox 183 863 966 900">
     <span class='ocr_line' id='line_1_20' title="bbox 183 863 966 900; baseline 0.003 -10"><span class='ocrx_word' id='word_1_113' title='bbox 183 863 309 891; x_wconf 86' lang='lat' dir='ltr'><strong>videtur:</strong></span> <span class='ocrx_word' id='word_1_114' title='bbox 325 871 413 899; x_wconf 89' lang='lat' dir='ltr'><strong>neque</strong></span> <span class='ocrx_word' id='word_1_115' title='bbox 424 864 557 892; x_wconf 61' lang='lat' dir='ltr'><strong>aestimato</strong></span> <span class='ocrx_word' id='word_1_116' title='bbox 572 864 653 900; x_wconf 81' lang='lat' dir='ltr'><strong>[ejus]</strong></span> <span class='ocrx_word' id='word_1_117' title='bbox 665 869 824 900; x_wconf 69' lang='lat' dir='ltr'><strong>pmstatur;</strong></span> <span class='ocrx_word' id='word_1_118' title='bbox 837 865 966 900; x_wconf 91' lang='lat' dir='ltr'><strong>quoniam</strong></span> 
     </span>
    </p>
   </div>
   <div class='ocr_carea' id='block_1_21' title="bbox 703 114 1238 301">
    <p class='ocr_par' dir='ltr' id='par_1_21' title="bbox 703 114 1238 301">
     <span class='ocr_line' id='line_1_21' title="bbox 703 114 1238 301; baseline 0.013 -103"><span class='ocrx_word' id='word_1_119' title='bbox 703 114 900 301; x_wconf 28' lang='grc' dir='ltr'><strong>ἍΟΤΠ</strong></span> <span class='ocrx_word' id='word_1_120' title='bbox 915 171 1167 203; x_wconf 68' lang='grc' dir='ltr'><strong>ΡΑΤΒΙΑΒΕΗΙΕ</strong></span> <span class='ocrx_word' id='word_1_121' title='bbox 1181 175 1238 206; x_wconf 66' lang='grc' dir='ltr'><strong>(ΥΡ.</strong></span> 
     </span>
     <span class='ocr_line' id='line_1_22' title="bbox 708 225 1238 266; baseline 0.009 -14"><span class='ocrx_word' id='word_1_122' title='bbox 708 225 789 253; x_wconf 80' lang='lat' dir='ltr'><strong>fuerit</strong></span> <span class='ocrx_word' id='word_1_123' title='bbox 802 246 811 260; x_wconf 88' lang='lat'><strong>,</strong></span> <span class='ocrx_word' id='word_1_124' title='bbox 828 227 856 255; x_wconf 96' lang='lat' dir='ltr'><strong>iII</strong></span> <span class='ocrx_word' id='word_1_125' title='bbox 875 227 919 255; x_wconf 88' lang='lat' dir='ltr'><strong>illa</strong></span> <span class='ocrx_word' id='word_1_126' title='bbox 931 235 976 256; x_wconf 85' lang='lat' dir='ltr'><strong>so-</strong></span> <span class='ocrx_word' id='word_1_127' title='bbox 989 231 1012 259; x_wconf 81' lang='grc' dir='ltr'><strong>Α</strong></span> <span class='ocrx_word' id='word_1_128' title='bbox 1027 225 1084 264; x_wconf 80' lang='grc' dir='ltr'><strong>ξβ”·</strong></span> <span class='ocrx_word' id='word_1_129' title='bbox 1102 230 1150 257; x_wconf 79' lang='grc' dir='ltr'>τοῦ</span> <span class='ocrx_word' id='word_1_130' title='bbox 1174 231 1238 266; x_wconf 68' lang='grc' dir='ltr'>ἱεροί</span> 
     </span>
     <span class='ocr_line' id='line_1_23' title="bbox 703 271 1238 301; baseline 0.004 -2"><span class='ocrx_word' id='word_1_131' title='bbox 703 271 793 301; x_wconf 64' lang='lat' dir='ltr'><strong>ﬁttest.</strong></span> <span class='ocrx_word' id='word_1_132' title='bbox 831 294 838 301; x_wconf 92' lang='lat'><strong>.</strong></span> <span class='ocrx_word' id='word_1_133' title='bbox 852 273 880 301; x_wconf 77' lang='grc'><strong>6.</strong></span> <span class='ocrx_word' id='word_1_134' title='bbox 894 274 911 301; x_wconf 74' lang='grc' dir='ltr'><strong>¹Ι</strong></span> <span class='ocrx_word' id='word_1_135' title='bbox 922 275 974 301; x_wconf 76' lang='lat' dir='ltr'><strong>In</strong></span> <span class='ocrx_word' id='word_1_136' title='bbox 1023 275 1106 301; x_wconf 74' lang='grc' dir='ltr'>ἀγνοῇ</span> <span class='ocrx_word' id='word_1_137' title='bbox 1124 276 1138 301; x_wconf 98' lang='lat'><strong>6</strong></span> <span class='ocrx_word' id='word_1_138' title='bbox 1154 277 1238 301; x_wconf 69' lang='grc' dir='ltr'>ἀγοοο</span> 
     </span>
    </p>
   </div>
   <div class='ocr_carea' id='block_1_22' title="bbox 184 219 969 269">
    <p class='ocr_par' dir='ltr' id='par_1_22' title="bbox 184 219 969 269">
     <span class='ocr_line' id='line_1_24' title="bbox 184 219 969 269; baseline 0.014 -24"><span class='ocrx_word' id='word_1_139' title='bbox 184 219 228 247; x_wconf 80' lang='grc'><strong>65.</strong></span> <span class='ocrx_word' id='word_1_140' title='bbox 247 219 276 246; x_wconf 90' lang='lat' dir='ltr'><strong>Si</strong></span> <span class='ocrx_word' id='word_1_141' title='bbox 297 227 340 248; x_wconf 88' lang='lat' dir='ltr'><strong>res</strong></span> <span class='ocrx_word' id='word_1_142' title='bbox 355 223 509 251; x_wconf 82' lang='lat' dir='ltr'><strong>communis</strong></span> <span class='ocrx_word' id='word_1_143' title='bbox 530 229 689 252; x_wconf 86' lang='lat' dir='ltr'><strong>consecrata</strong></span> <span class='ocrx_word' id='word_1_144' title='bbox 708 219 856 269; x_wconf 43' lang='lat' dir='ltr'><strong>fuerhin</strong></span> <span class='ocrx_word' id='word_1_145' title='bbox 875 227 919 255; x_wconf 87' lang='lat' dir='ltr'><strong>illa</strong></span> <span class='ocrx_word' id='word_1_146' title='bbox 931 235 969 256; x_wconf 68' lang='lat' dir='ltr'><strong>so</strong></span> 
     </span>
    </p>
   </div>
   <div class='ocr_carea' id='block_1_23' title="bbox 1022 219 1815 269">
    <p class='ocr_par' dir='ltr' id='par_1_23' title="bbox 1027 225 1815 269">
     <span class='ocr_line' id='line_1_25' title="bbox 1027 225 1815 269; baseline 0.009 -14"><span class='ocrx_word' id='word_1_147' title='bbox 1027 225 1084 264; x_wconf 80' lang='grc' dir='ltr'><strong>ξβ”·</strong></span> <span class='ocrx_word' id='word_1_148' title='bbox 1102 230 1150 257; x_wconf 79' lang='grc' dir='ltr'>τοῦ</span> <span class='ocrx_word' id='word_1_149' title='bbox 1174 231 1249 266; x_wconf 84' lang='grc' dir='ltr'>ίεροῦ</span> <span class='ocrx_word' id='word_1_150' title='bbox 1263 231 1426 267; x_wconf 84' lang='grc' dir='ltr'>πράγματος</span> <span class='ocrx_word' id='word_1_151' title='bbox 1442 233 1577 269; x_wconf 85' lang='grc' dir='ltr'>ἀγορασία</span> <span class='ocrx_word' id='word_1_152' title='bbox 1587 234 1754 268; x_wconf 78' lang='grc' dir='ltr'>συνίσταται,</span> <span class='ocrx_word' id='word_1_153' title='bbox 1766 236 1815 263; x_wconf 76' lang='grc' dir='ltr'><strong>ἐὰν</strong></span> 
     </span>
    </p>
   </div>
   <div class='ocr_carea' id='block_1_24' title="bbox 1762 180 1814 212">
    <p class='ocr_par' dir='ltr' id='par_1_24' title="bbox 1762 180 1814 212">
     <span class='ocr_line' id='line_1_26' title="bbox 1762 180 1814 212; baseline 0.019 -2"><span class='ocrx_word' id='word_1_154' title='bbox 1762 180 1814 212; x_wconf 68' lang='grc' dir='ltr'><strong>διε</strong></span> 
     </span>
    </p>
   </div>
   <div class='ocr_carea' id='block_1_25' title="bbox 1023 275 1815 315">
    <p class='ocr_par' dir='ltr' id='par_1_25' title="bbox 1023 275 1815 315">
     <span class='ocr_line' id='line_1_27' title="bbox 1023 275 1815 315; baseline 0.008 -14"><span class='ocrx_word' id='word_1_155' title='bbox 1023 275 1107 311; x_wconf 84' lang='grc' dir='ltr'><strong>ἀγνοῇ</strong></span> <span class='ocrx_word' id='word_1_156' title='bbox 1124 276 1138 301; x_wconf 92' lang='lat'><strong>6</strong></span> <span class='ocrx_word' id='word_1_157' title='bbox 1154 277 1311 315; x_wconf 71' lang='grc' dir='ltr'><strong>ἀγοραστής</strong></span> <span class='ocrx_word' id='word_1_158' title='bbox 1334 277 1406 312; x_wconf 82' lang='grc' dir='ltr'>ἱερὸν</span> <span class='ocrx_word' id='word_1_159' title='bbox 1423 278 1488 305; x_wconf 82' lang='grc' dir='ltr'>αὐτὸ</span> <span class='ocrx_word' id='word_1_160' title='bbox 1501 277 1582 312; x_wconf 77' lang='grc' dir='ltr'>εἶναι,</span> <span class='ocrx_word' id='word_1_161' title='bbox 1607 279 1654 306; x_wconf 76' lang='grc' dir='ltr'>καὶ</span> <span class='ocrx_word' id='word_1_162' title='bbox 1671 280 1728 315; x_wconf 71' lang='grc' dir='ltr'>ἔχει</span> <span class='ocrx_word' id='word_1_163' title='bbox 1744 281 1815 307; x_wconf 83' lang='grc' dir='ltr'>κατὰ</span> 
     </span>
    </p>
   </div>
   <div class='ocr_carea' id='block_1_26' title="bbox 1022 323 1813 362">
    <p class='ocr_par' dir='ltr' id='par_1_26' title="bbox 1022 323 1813 362">
     <span class='ocr_line' id='line_1_28' title="bbox 1022 323 1813 362; baseline 0.006 -13"><span class='ocrx_word' id='word_1_164' title='bbox 1022 323 1070 349; x_wconf 83' lang='grc' dir='ltr'>τοῦ</span> <span class='ocrx_word' id='word_1_165' title='bbox 1085 324 1201 359; x_wconf 84' lang='grc' dir='ltr'>πράτου,</span> <span class='ocrx_word' id='word_1_166' title='bbox 1218 325 1260 356; x_wconf 82' lang='grc' dir='ltr'>εἰς</span> <span class='ocrx_word' id='word_1_167' title='bbox 1275 325 1344 360; x_wconf 82' lang='grc' dir='ltr'>ὅπερ</span> <span class='ocrx_word' id='word_1_168' title='bbox 1364 325 1438 360; x_wconf 78' lang='grc' dir='ltr'>αὐτῷ</span> <span class='ocrx_word' id='word_1_169' title='bbox 1450 326 1558 362; x_wconf 85' lang='grc' dir='ltr'><strong>διέφερε</strong></span> <span class='ocrx_word' id='word_1_170' title='bbox 1573 326 1610 362; x_wconf 71' lang='grc' dir='ltr'><strong>μὴ</strong></span> <span class='ocrx_word' id='word_1_171' title='bbox 1626 327 1813 362; x_wconf 77' lang='grc' dir='ltr'>ἀπατηθῆναι”</span> 
     </span>
    </p>
   </div>
   <div class='ocr_carea' id='block_1_27' title="bbox 1023 368 1812 408">
    <p class='ocr_par' dir='ltr' id='par_1_27' title="bbox 1023 368 1812 408">
     <span class='ocr_line' id='line_1_29' title="bbox 1023 368 1812 408; baseline 0.006 -14"><span class='ocrx_word' id='word_1_172' title='bbox 1023 368 1048 394; x_wconf 91' lang='grc' dir='ltr'>εἰ</span> <span class='ocrx_word' id='word_1_173' title='bbox 1063 368 1091 394; x_wconf 80' lang='grc' dir='ltr'>δὲ</span> <span class='ocrx_word' id='word_1_174' title='bbox 1101 369 1233 404; x_wconf 69' lang='grc' dir='ltr'>γινώσκει</span> <span class='ocrx_word' id='word_1_175' title='bbox 1245 370 1260 396; x_wconf 86' lang='grc' dir='ltr'><strong>ό</strong></span> <span class='ocrx_word' id='word_1_176' title='bbox 1272 370 1436 405; x_wconf 70' lang='grc' dir='ltr'>ἀγοραστής,</span> <span class='ocrx_word' id='word_1_177' title='bbox 1452 371 1482 398; x_wconf 87' lang='grc' dir='ltr'>οὐ</span> <span class='ocrx_word' id='word_1_178' title='bbox 1494 371 1652 399; x_wconf 77' lang='grc' dir='ltr'><strong>συνίσταται</strong></span> <span class='ocrx_word' id='word_1_179' title='bbox 1667 373 1684 407; x_wconf 88' lang='grc' dir='ltr'><strong>ἡ</strong></span> <span class='ocrx_word' id='word_1_180' title='bbox 1701 373 1812 408; x_wconf 84' lang='grc' dir='ltr'>πράσις.</span> 
     </span>
    </p>
   </div>
   <div class='ocr_carea' id='block_1_28' title="bbox 1022 413 1814 452">
    <p class='ocr_par' dir='ltr' id='par_1_28' title="bbox 1022 413 1814 452">
     <span class='ocr_line' id='line_1_30' title="bbox 1022 413 1814 452; baseline 0.008 -13"><span class='ocrx_word' id='word_1_181' title='bbox 1022 413 1098 441; x_wconf 76' lang='grc' dir='ltr'>Βιόλ.</span> <span class='ocrx_word' id='word_1_182' title='bbox 1124 414 1157 447; x_wconf 83' lang='grc' dir='ltr'><strong>ζ’,</strong></span> <span class='ocrx_word' id='word_1_183' title='bbox 1174 418 1226 449; x_wconf 87' lang='grc' dir='ltr'>ογ’,</span> <span class='ocrx_word' id='word_1_184' title='bbox 1252 415 1299 442; x_wconf 87' lang='grc' dir='ltr'>τοῦ</span> <span class='ocrx_word' id='word_1_185' title='bbox 1314 415 1397 442; x_wconf 80' lang='grc' dir='ltr'>αὐτοῦ</span> <span class='ocrx_word' id='word_1_186' title='bbox 1412 416 1466 444; x_wconf 84' lang='grc' dir='ltr'>τίτ.</span> <span class='ocrx_word' id='word_1_187' title='bbox 1476 416 1523 442; x_wconf 87' lang='grc' dir='ltr'>τοῦ</span> <span class='ocrx_word' id='word_1_188' title='bbox 1552 416 1625 452; x_wconf 81' lang='grc' dir='ltr'>ἱεροῦ</span> <span class='ocrx_word' id='word_1_189' title='bbox 1652 419 1780 449; x_wconf 82' lang='grc' dir='ltr'><strong>πεσόντος</strong></span> <span class='ocrx_word' id='word_1_190' title='bbox 1799 419 1814 445; x_wconf 86' lang='grc' dir='ltr'><strong>ό</strong></span> 
     </span>
    </p>
   </div>
   <div class='ocr_carea' id='block_1_29' title="bbox 1022 459 1810 496">
    <p class='ocr_par' dir='ltr' id='par_1_29' title="bbox 1022 459 1810 496">
     <span class='ocr_line' id='line_1_31' title="bbox 1022 459 1810 496; baseline 0.006 -11"><span class='ocrx_word' id='word_1_191' title='bbox 1022 459 1102 491; x_wconf 84' lang='grc' dir='ltr'>τόπος</span> <span class='ocrx_word' id='word_1_192' title='bbox 1116 460 1146 486; x_wconf 81' lang='grc' dir='ltr'>οὐ</span> <span class='ocrx_word' id='word_1_193' title='bbox 1166 460 1273 494; x_wconf 79' lang='grc' dir='ltr'>γίνεται</span> <span class='ocrx_word' id='word_1_194' title='bbox 1291 460 1414 496; x_wconf 73' lang='grc' dir='ltr'>βέϐηλος·</span> <span class='ocrx_word' id='word_1_195' title='bbox 1428 461 1489 488; x_wconf 85' lang='grc' dir='ltr'>ὃθεν</span> <span class='ocrx_word' id='word_1_196' title='bbox 1503 461 1564 489; x_wconf 82' lang='grc' dir='ltr'>οὐδὲ</span> <span class='ocrx_word' id='word_1_197' title='bbox 1576 462 1718 489; x_wconf 84' lang='grc' dir='ltr'>πωλεῖται.</span> <span class='ocrx_word' id='word_1_198' title='bbox 1736 462 1810 490; x_wconf 82' lang='grc' dir='ltr'>Βισλ.</span> 
     </span>
    </p>
   </div>
   <div class='ocr_carea' id='block_1_30' title="bbox 1021 503 1811 543">
    <p class='ocr_par' dir='ltr' id='par_1_30' title="bbox 1021 503 1811 543">
     <span class='ocr_line' id='line_1_32' title="bbox 1021 503 1811 543; baseline 0.003 -11"><span class='ocrx_word' id='word_1_199' title='bbox 1021 503 1072 538; x_wconf 85' lang='grc' dir='ltr'>κδ’,</span> <span class='ocrx_word' id='word_1_200' title='bbox 1091 504 1144 532; x_wconf 79' lang='grc' dir='ltr'>τίτ.</span> <span class='ocrx_word' id='word_1_201' title='bbox 1155 509 1180 533; x_wconf 86' lang='grc' dir='ltr'>α’</span> <span class='ocrx_word' id='word_1_202' title='bbox 1197 506 1322 540; x_wconf 78' lang='grc' dir='ltr'>δίγεατον</span> <span class='ocrx_word' id='word_1_203' title='bbox 1338 509 1387 539; x_wconf 90' lang='grc' dir='ltr'>ις’,</span> <span class='ocrx_word' id='word_1_204' title='bbox 1400 509 1431 533; x_wconf 75' lang='lat' dir='ltr'><strong>s&quot;</strong></span> <span class='ocrx_word' id='word_1_205' title='bbox 1447 507 1538 539; x_wconf 81' lang='grc' dir='ltr'>καλῶς</span> <span class='ocrx_word' id='word_1_206' title='bbox 1553 506 1693 543; x_wconf 84' lang='grc' dir='ltr'><strong>δωροῦμαι</strong></span> <span class='ocrx_word' id='word_1_207' title='bbox 1710 509 1744 542; x_wconf 85' lang='grc' dir='ltr'>τῇ</span> <span class='ocrx_word' id='word_1_208' title='bbox 1760 516 1811 542; x_wconf 84' lang='grc' dir='ltr'>γα-</span> 
     </span>
    </p>
   </div>
   <div class='ocr_carea' id='block_1_31' title="bbox 1023 548 1812 589">
    <p class='ocr_par' dir='ltr' id='par_1_31' title="bbox 1023 548 1812 589">
     <span class='ocr_line' id='line_1_33' title="bbox 1023 548 1812 589; baseline 0.004 -12"><span class='ocrx_word' id='word_1_209' title='bbox 1023 552 1092 586; x_wconf 82' lang='grc' dir='ltr'><strong>μετῇ</strong></span> <span class='ocrx_word' id='word_1_210' title='bbox 1110 560 1161 587; x_wconf 87' lang='grc' dir='ltr'><strong>μου</strong></span> <span class='ocrx_word' id='word_1_211' title='bbox 1176 552 1260 579; x_wconf 82' lang='grc' dir='ltr'><strong>τόπον</strong></span> <span class='ocrx_word' id='word_1_212' title='bbox 1274 553 1318 586; x_wconf 77' lang='grc' dir='ltr'><strong>ἐφ’</strong></span> <span class='ocrx_word' id='word_1_213' title='bbox 1329 548 1351 586; x_wconf 82' lang='grc' dir='ltr'><strong>ᾧ</strong></span> <span class='ocrx_word' id='word_1_214' title='bbox 1366 553 1478 589; x_wconf 75' lang='grc' dir='ltr'>ποιῆσαι</span> <span class='ocrx_word' id='word_1_215' title='bbox 1492 553 1555 580; x_wconf 75' lang='grc' dir='ltr'>ναὸν</span> <span class='ocrx_word' id='word_1_216' title='bbox 1570 554 1599 580; x_wconf 80' lang='grc' dir='ltr'>ὲν</span> <span class='ocrx_word' id='word_1_217' title='bbox 1609 553 1693 589; x_wconf 83' lang='grc' dir='ltr'>αὐτῷ,</span> <span class='ocrx_word' id='word_1_218' title='bbox 1709 554 1755 580; x_wconf 74' lang='grc' dir='ltr'>καὶ</span> <span class='ocrx_word' id='word_1_219' title='bbox 1770 554 1812 588; x_wconf 87' lang='grc' dir='ltr'>γί-</span> 
     </span>
    </p>
   </div>
   <div class='ocr_carea' id='block_1_32' title="bbox 1020 597 1337 633">
    <p class='ocr_par' dir='ltr' id='par_1_32' title="bbox 1020 597 1337 633">
     <span class='ocr_line' id='line_1_34' title="bbox 1020 597 1337 633; baseline 0.006 -10"><span class='ocrx_word' id='word_1_220' title='bbox 1020 605 1096 623; x_wconf 91' lang='grc' dir='ltr'>νεται</span> <span class='ocrx_word' id='word_1_221' title='bbox 1113 597 1127 624; x_wconf 84' lang='grc' dir='ltr'><strong>ὁ</strong></span> <span class='ocrx_word' id='word_1_222' title='bbox 1149 597 1233 629; x_wconf 81' lang='grc' dir='ltr'>τόπος</span> <span class='ocrx_word' id='word_1_223' title='bbox 1254 598 1337 633; x_wconf 75' lang='grc' dir='ltr'>ἱερός.</span> 
     </span>
    </p>
   </div>
   <div class='ocr_carea' id='block_1_33' title="bbox 1057 640 1810 679">
    <p class='ocr_par' dir='ltr' id='par_1_33' title="bbox 1057 640 1810 679">
     <span class='ocr_line' id='line_1_35' title="bbox 1057 640 1810 679; baseline 0.004 -12"><span class='ocrx_word' id='word_1_224' title='bbox 1057 640 1132 668; x_wconf 82' lang='grc' dir='ltr'>Βισλ.</span> <span class='ocrx_word' id='word_1_225' title='bbox 1154 641 1212 675; x_wconf 80' lang='grc' dir='ltr'>κζ’,</span> <span class='ocrx_word' id='word_1_226' title='bbox 1235 643 1287 670; x_wconf 86' lang='grc' dir='ltr'>τίτ.</span> <span class='ocrx_word' id='word_1_227' title='bbox 1320 642 1356 676; x_wconf 87' lang='grc' dir='ltr'><strong>ι’,</strong></span> <span class='ocrx_word' id='word_1_228' title='bbox 1372 642 1427 677; x_wconf 87' lang='grc' dir='ltr'>δίγ.</span> <span class='ocrx_word' id='word_1_229' title='bbox 1453 642 1506 678; x_wconf 85' lang='grc' dir='ltr'><strong>ιβ”</strong></span> <span class='ocrx_word' id='word_1_230' title='bbox 1528 643 1543 670; x_wconf 82' lang='grc' dir='ltr'><strong><em>ὁ</em></strong></span> <span class='ocrx_word' id='word_1_231' title='bbox 1572 643 1619 670; x_wconf 85' lang='grc' dir='ltr'>τοῦ</span> <span class='ocrx_word' id='word_1_232' title='bbox 1647 644 1810 679; x_wconf 78' lang='grc' dir='ltr'>μαινομένου</span> 
     </span>
    </p>
   </div>
   <div class='ocr_carea' id='block_1_34' title="bbox 1020 687 1808 725">
    <p class='ocr_par' dir='ltr' id='par_1_34' title="bbox 1020 687 1808 725">
     <span class='ocr_line' id='line_1_36' title="bbox 1020 687 1808 725; baseline 0.005 -12"><span class='ocrx_word' id='word_1_233' title='bbox 1020 687 1164 724; x_wconf 84' lang='grc' dir='ltr'>κουράτωρ</span> <span class='ocrx_word' id='word_1_234' title='bbox 1171 689 1201 714; x_wconf 87' lang='grc' dir='ltr'>οὺ</span> <span class='ocrx_word' id='word_1_235' title='bbox 1216 688 1329 715; x_wconf 85' lang='grc' dir='ltr'>δύναται</span> <span class='ocrx_word' id='word_1_236' title='bbox 1343 689 1460 725; x_wconf 77' lang='grc' dir='ltr'>πρᾶγμα</span> <span class='ocrx_word' id='word_1_237' title='bbox 1474 689 1556 717; x_wconf 79' lang='grc' dir='ltr'>αὐτοῦ</span> <span class='ocrx_word' id='word_1_238' title='bbox 1570 689 1724 725; x_wconf 81' lang='grc' dir='ltr'>καθιεροῠν-</span> <span class='ocrx_word' id='word_1_239' title='bbox 1739 690 1808 725; x_wconf 77' lang='grc' dir='ltr'>βιὸλ.</span> 
     </span>
    </p>
   </div>
   <div class='ocr_carea' id='block_1_35' title="bbox 1022 732 1810 771">
    <p class='ocr_par' dir='ltr' id='par_1_35' title="bbox 1022 732 1810 771">
     <span class='ocr_line' id='line_1_37' title="bbox 1022 732 1810 771; baseline 0.004 -13"><span class='ocrx_word' id='word_1_240' title='bbox 1022 733 1055 765; x_wconf 90' lang='lat'><strong>1’,</strong></span> <span class='ocrx_word' id='word_1_241' title='bbox 1070 732 1124 767; x_wconf 84' lang='grc' dir='ltr'>δίγ.</span> <span class='ocrx_word' id='word_1_242' title='bbox 1154 733 1204 760; x_wconf 82' lang='grc' dir='ltr'>λθ’·</span> <span class='ocrx_word' id='word_1_243' title='bbox 1220 735 1234 761; x_wconf 87' lang='grc' dir='ltr'><strong>ό</strong></span> <span class='ocrx_word' id='word_1_244' title='bbox 1263 733 1336 770; x_wconf 65' lang='lat' dir='ltr'><strong>Ir;pr</strong></span> <span class='ocrx_word' id='word_1_245' title='bbox 1363 734 1530 769; x_wconf 86' lang='grc' dir='ltr'>ληγατεύων,</span> <span class='ocrx_word' id='word_1_246' title='bbox 1556 735 1699 771; x_wconf 85' lang='grc' dir='ltr'>μαίνεσθαι</span> <span class='ocrx_word' id='word_1_247' title='bbox 1721 735 1810 768; x_wconf 78' lang='grc' dir='ltr'>δοκεῖ,</span> 
     </span>
    </p>
   </div>
   <div class='ocr_carea' id='block_1_36' title="bbox 1018 777 1810 816">
    <p class='ocr_par' dir='ltr' id='par_1_36' title="bbox 1018 777 1810 816">
     <span class='ocr_line' id='line_1_38' title="bbox 1018 777 1810 816; baseline 0.004 -11"><span class='ocrx_word' id='word_1_248' title='bbox 1018 777 1068 805; x_wconf 62' lang='grc' dir='ltr'><strong>καὶ⁵</strong></span> <span class='ocrx_word' id='word_1_249' title='bbox 1091 778 1155 806; x_wconf 78' lang='grc' dir='ltr'>οὒτε</span> <span class='ocrx_word' id='word_1_250' title='bbox 1181 780 1212 806; x_wconf 85' lang='grc' dir='ltr'><strong>τὺ</strong></span> <span class='ocrx_word' id='word_1_251' title='bbox 1241 779 1352 814; x_wconf 82' lang='grc' dir='ltr'>τίμημα</span> <span class='ocrx_word' id='word_1_252' title='bbox 1385 780 1506 816; x_wconf 74' lang='grc' dir='ltr'>δίδοται,</span> <span class='ocrx_word' id='word_1_253' title='bbox 1524 781 1617 816; x_wconf 66' lang='grc' dir='ltr'>ἐπειδὴ</span> <span class='ocrx_word' id='word_1_254' title='bbox 1647 781 1706 807; x_wconf 83' lang='grc' dir='ltr'>οὐδὲ</span> <span class='ocrx_word' id='word_1_255' title='bbox 1741 781 1810 813; x_wconf 75' lang='grc' dir='ltr'>ὅλως</span> 
     </span>
    </p>
   </div>
   <div class='ocr_carea' id='block_1_37' title="bbox 1019 824 1810 861">
    <p class='ocr_par' dir='ltr' id='par_1_37' title="bbox 1019 824 1810 861">
     <span class='ocr_line' id='line_1_39' title="bbox 1019 824 1810 861; baseline 0.004 -11"><span class='ocrx_word' id='word_1_256' title='bbox 1019 824 1161 852; x_wconf 77' lang='grc' dir='ltr'>πωλεῖται.</span> <span class='ocrx_word' id='word_1_257' title='bbox 1190 824 1326 858; x_wconf 80' lang='grc' dir='ltr'>Βισλ.λθ¹,</span> <span class='ocrx_word' id='word_1_258' title='bbox 1357 825 1413 853; x_wconf 85' lang='grc' dir='ltr'>τίτ.</span> <span class='ocrx_word' id='word_1_259' title='bbox 1433 829 1468 858; x_wconf 88' lang='grc' dir='ltr'><strong>α’,</strong></span> <span class='ocrx_word' id='word_1_260' title='bbox 1484 825 1538 860; x_wconf 81' lang='grc' dir='ltr'><strong>διτ.</strong></span> <span class='ocrx_word' id='word_1_261' title='bbox 1567 829 1603 852; x_wconf 89' lang='grc' dir='ltr'><strong>α’·</strong></span> <span class='ocrx_word' id='word_1_262' title='bbox 1623 827 1640 861; x_wconf 79' lang='grc' dir='ltr'>ἡ</span> <span class='ocrx_word' id='word_1_263' title='bbox 1668 826 1733 861; x_wconf 75' lang='grc' dir='ltr'>περὶ</span> <span class='ocrx_word' id='word_1_264' title='bbox 1758 827 1810 861; x_wconf 82' lang='grc' dir='ltr'>τῆς</span> 
     </span>
    </p>
   </div>
   <div class='ocr_carea' id='block_1_38' title="bbox 1019 871 1809 907">
    <p class='ocr_par' dir='ltr' id='par_1_38' title="bbox 1019 871 1809 907">
     <span class='ocr_line' id='line_1_40' title="bbox 1019 871 1809 907; baseline 0.003 -11"><span class='ocrx_word' id='word_1_265' title='bbox 1019 871 1193 904; x_wconf 79' lang='grc' dir='ltr'>καινοτομίας</span> <span class='ocrx_word' id='word_1_266' title='bbox 1209 871 1399 906; x_wconf 68' lang='grc' dir='ltr'>παραγγελία,</span> <span class='ocrx_word' id='word_1_267' title='bbox 1419 871 1512 907; x_wconf 84' lang='grc' dir='ltr'>χώραν</span> <span class='ocrx_word' id='word_1_268' title='bbox 1531 871 1607 907; x_wconf 72' lang='grc' dir='ltr'>ἔχει,</span> <span class='ocrx_word' id='word_1_269' title='bbox 1625 871 1669 898; x_wconf 78' lang='grc' dir='ltr'><strong>ἴνα</strong></span> <span class='ocrx_word' id='word_1_270' title='bbox 1700 872 1738 907; x_wconf 84' lang='grc' dir='ltr'><strong>μὴ</strong></span> <span class='ocrx_word' id='word_1_271' title='bbox 1762 872 1809 907; x_wconf 83' lang='grc' dir='ltr'>γέ-</span> 
     </span>
    </p>
   </div>
   <div class='ocr_carea' id='block_1_39' title="bbox 183 898 969 953">
    <p class='ocr_par' dir='ltr' id='par_1_39' title="bbox 183 898 966 945">
     <span class='ocr_line' id='line_1_41' title="bbox 183 898 966 945; baseline 0.003 -9"><span class='ocrx_word' id='word_1_272' title='bbox 183 909 258 937; x_wconf 87' lang='lat' dir='ltr'><strong>nullo</strong></span> <span class='ocrx_word' id='word_1_273' title='bbox 273 898 386 944; x_wconf 71' lang='lat' dir='ltr'><strong>prorsus</strong></span> <span class='ocrx_word' id='word_1_274' title='bbox 409 910 490 937; x_wconf 93' lang='lat' dir='ltr'><strong>modo</strong></span> <span class='ocrx_word' id='word_1_275' title='bbox 514 898 686 938; x_wconf 65' lang='lat' dir='ltr'><strong>distrahitur.</strong></span> <span class='ocrx_word' id='word_1_276' title='bbox 707 910 768 938; x_wconf 88' lang='lat' dir='ltr'><strong>Lib.</strong></span> <span class='ocrx_word' id='word_1_277' title='bbox 786 898 863 943; x_wconf 55' lang='lat' dir='ltr'><strong>“tu,</strong></span> <span class='ocrx_word' id='word_1_278' title='bbox 877 911 920 938; x_wconf 89' lang='lat' dir='ltr'><strong>tit.</strong></span> <span class='ocrx_word' id='word_1_279' title='bbox 940 912 966 945; x_wconf 81' lang='lat' dir='ltr'><strong>l;</strong></span> 
     </span>
    </p>
   </div>
   <div class='ocr_carea' id='block_1_40' title="bbox 1022 898 1807 953">
    <p class='ocr_par' dir='ltr' id='par_1_40' title="bbox 1023 898 1807 953">
     <span class='ocr_line' id='line_1_42' title="bbox 1023 898 1807 953; baseline 0.001 -9"><span class='ocrx_word' id='word_1_280' title='bbox 1023 925 1105 952; x_wconf 89' lang='grc' dir='ltr'>νηται</span> <span class='ocrx_word' id='word_1_281' title='bbox 1126 898 1203 952; x_wconf 67' lang='grc' dir='ltr'><strong>παρά</strong></span> <span class='ocrx_word' id='word_1_282' title='bbox 1226 898 1272 943; x_wconf 75' lang='grc' dir='ltr'><strong>τόν</strong></span> <span class='ocrx_word' id='word_1_283' title='bbox 1291 898 1485 952; x_wconf 29' lang='grc' dir='ltr'>’νόμονγέργόν</span> <span class='ocrx_word' id='word_1_284' title='bbox 1512 898 1626 953; x_wconf 46' lang='grc' dir='ltr'>ὲνῆίερῷ</span> <span class='ocrx_word' id='word_1_285' title='bbox 1650 898 1737 953; x_wconf 57' lang='lat' dir='ltr'><strong>sdulo:</strong></span> <span class='ocrx_word' id='word_1_286' title='bbox 1753 898 1807 945; x_wconf 54' lang='lat'><strong>1.51:.</strong></span> 
     </span>
    </p>
   </div>
   <div class='ocr_carea' id='block_1_41' title="bbox 182 955 970 992">
    <p class='ocr_par' dir='ltr' id='par_1_41' title="bbox 182 955 970 992">
     <span class='ocr_line' id='line_1_43' title="bbox 182 955 970 992; baseline 0.005 -10"><span class='ocrx_word' id='word_1_287' title='bbox 182 956 282 990; x_wconf 79' lang='lat' dir='ltr'><strong>digest.</strong></span> <span class='ocrx_word' id='word_1_288' title='bbox 303 956 315 984; x_wconf 97' lang='grc'><strong>1</strong></span> <span class='ocrx_word' id='word_1_289' title='bbox 339 965 346 983; x_wconf 86' lang='lat'>:</span> <span class='ocrx_word' id='word_1_290' title='bbox 363 955 431 984; x_wconf 87' lang='lat' dir='ltr'><strong>Novi</strong></span> <span class='ocrx_word' id='word_1_291' title='bbox 445 956 536 992; x_wconf 90' lang='lat' dir='ltr'><strong>operis</strong></span> <span class='ocrx_word' id='word_1_292' title='bbox 559 957 693 984; x_wconf 87' lang='lat' dir='ltr'><strong>nuntiatio</strong></span> <span class='ocrx_word' id='word_1_293' title='bbox 710 957 800 984; x_wconf 82' lang='lat' dir='ltr'><strong>locum</strong></span> <span class='ocrx_word' id='word_1_294' title='bbox 823 956 918 991; x_wconf 82' lang='lat' dir='ltr'><strong>habet,</strong></span> <span class='ocrx_word' id='word_1_295' title='bbox 935 965 970 986; x_wconf 86' lang='lat' dir='ltr'><strong>ne</strong></span> 
     </span>
    </p>
   </div>
   <div class='ocr_carea' id='block_1_42' title="bbox 182 1001 966 1038">
    <p class='ocr_par' dir='ltr' id='par_1_42' title="bbox 182 1001 966 1038">
     <span class='ocr_line' id='line_1_44' title="bbox 182 1001 966 1038; baseline 0.004 -11"><span class='ocrx_word' id='word_1_296' title='bbox 182 1005 278 1028; x_wconf 77' lang='lat' dir='ltr'><strong>contra</strong></span> <span class='ocrx_word' id='word_1_297' title='bbox 294 1001 409 1036; x_wconf 60' lang='lat' dir='ltr'><strong>legesrln</strong></span> <span class='ocrx_word' id='word_1_298' title='bbox 427 1009 504 1029; x_wconf 89' lang='lat' dir='ltr'><strong>sacro</strong></span> <span class='ocrx_word' id='word_1_299' title='bbox 523 1002 584 1029; x_wconf 88' lang='lat' dir='ltr'><strong>loco</strong></span> <span class='ocrx_word' id='word_1_300' title='bbox 597 1009 666 1037; x_wconf 86' lang='lat' dir='ltr'><strong>opus</strong></span> <span class='ocrx_word' id='word_1_301' title='bbox 681 1002 738 1029; x_wconf 83' lang='lat' dir='ltr'><strong>ﬁat.</strong></span> <span class='ocrx_word' id='word_1_302' title='bbox 758 1001 810 1030; x_wconf 88' lang='lat' dir='ltr'><strong>Tit.</strong></span> <span class='ocrx_word' id='word_1_303' title='bbox 827 1002 854 1035; x_wconf 80' lang='grc'>5,</span> <span class='ocrx_word' id='word_1_304' title='bbox 870 1002 966 1038; x_wconf 76' lang='lat' dir='ltr'><strong>digest.</strong></span> 
     </span>
    </p>
   </div>
   <div class='ocr_carea' id='block_1_43' title="bbox 181 1047 969 1085">
    <p class='ocr_par' dir='ltr' id='par_1_43' title="bbox 181 1047 969 1085">
     <span class='ocr_line' id='line_1_45' title="bbox 181 1047 969 1085; baseline 0.004 -11"><span class='ocrx_word' id='word_1_305' title='bbox 181 1047 235 1074; x_wconf 75' lang='lat' dir='ltr'><strong>l7:</strong></span> <span class='ocrx_word' id='word_1_306' title='bbox 253 1047 338 1075; x_wconf 87' lang='lat' dir='ltr'><strong>Sacro</strong></span> <span class='ocrx_word' id='word_1_307' title='bbox 365 1048 426 1076; x_wconf 89' lang='lat' dir='ltr'><strong>loco</strong></span> <span class='ocrx_word' id='word_1_308' title='bbox 443 1048 640 1076; x_wconf 84' lang='lat' dir='ltr'><strong>interveniente</strong></span> <span class='ocrx_word' id='word_1_309' title='bbox 654 1049 771 1076; x_wconf 91' lang='lat' dir='ltr'><strong>servitus</strong></span> <span class='ocrx_word' id='word_1_310' title='bbox 785 1048 862 1085; x_wconf 82' lang='lat' dir='ltr'><strong>[non]</strong></span> <span class='ocrx_word' id='word_1_311' title='bbox 876 1050 969 1077; x_wconf 85' lang='lat' dir='ltr'><strong>consi-</strong></span> 
     </span>
    </p>
   </div>
   <div class='ocr_carea' id='block_1_44' title="bbox 180 1093 970 1135">
    <p class='ocr_par' dir='ltr' id='par_1_44' title="bbox 180 1093 970 1135">
     <span class='ocr_line' id='line_1_46' title="bbox 180 1093 970 1135; baseline 0.005 -15"><span class='ocrx_word' id='word_1_312' title='bbox 180 1093 240 1121; x_wconf 81' lang='lat' dir='ltr'><strong>stit.</strong></span> <span class='ocrx_word' id='word_1_313' title='bbox 260 1093 318 1126; x_wconf 78' lang='lat' dir='ltr'><strong>Lib.</strong></span> <span class='ocrx_word' id='word_1_314' title='bbox 333 1094 667 1135; x_wconf 21' lang='grc' dir='ltr'><strong>ἐπνιμτλὲιεόίξςξιᾉᾷέ</strong></span> <span class='ocrx_word' id='word_1_315' title='bbox 685 1104 693 1123; x_wconf 89' lang='lat'><strong>:</strong></span> <span class='ocrx_word' id='word_1_316' title='bbox 711 1095 867 1124; x_wconf 88' lang='lat' dir='ltr'><strong>Desinimus</strong></span> <span class='ocrx_word' id='word_1_317' title='bbox 881 1096 970 1131; x_wconf 90' lang='lat' dir='ltr'><strong>possi-</strong></span> 
     </span>
    </p>
   </div>
   <div class='ocr_carea' id='block_1_45' title="bbox 181 1130 967 1173">
    <p class='ocr_par' dir='ltr' id='par_1_45' title="bbox 181 1130 967 1173">
     <span class='ocr_line' id='line_1_47' title="bbox 181 1130 967 1173; baseline 0.004 -8"><span class='ocrx_word' id='word_1_318' title='bbox 181 1138 246 1167; x_wconf 87' lang='lat' dir='ltr'><strong>dere</strong></span> <span class='ocrx_word' id='word_1_319' title='bbox 259 1130 688 1173; x_wconf 60' lang='grc' dir='ltr'><strong>ιοοιιιίἶῖιἯῖῖῙίέἶᾶεἷῖῊέἶῦε</strong></span> <span class='ocrx_word' id='word_1_320' title='bbox 704 1145 747 1168; x_wconf 86' lang='lat' dir='ltr'><strong>est</strong></span> <span class='ocrx_word' id='word_1_321' title='bbox 763 1149 770 1168; x_wconf 89' lang='lat'><strong>:</strong></span> <span class='ocrx_word' id='word_1_322' title='bbox 786 1130 894 1169; x_wconf 80' lang='lat' dir='ltr'><strong>tametsi</strong></span> <span class='ocrx_word' id='word_1_323' title='bbox 912 1149 967 1169; x_wconf 89' lang='lat' dir='ltr'><strong>non</strong></span> 
     </span>
    </p>
   </div>
   <div class='ocr_carea' id='block_1_46' title="bbox 180 1184 966 1220">
    <p class='ocr_par' dir='ltr' id='par_1_46' title="bbox 180 1184 966 1220">
     <span class='ocr_line' id='line_1_48' title="bbox 180 1184 966 1220; baseline 0.004 -9"><span class='ocrx_word' id='word_1_324' title='bbox 180 1188 211 1211; x_wconf 93' lang='lat' dir='ltr'><strong>ut</strong></span> <span class='ocrx_word' id='word_1_325' title='bbox 233 1184 324 1217; x_wconf 86' lang='lat' dir='ltr'><strong>talem,</strong></span> <span class='ocrx_word' id='word_1_326' title='bbox 341 1185 388 1212; x_wconf 85' lang='lat' dir='ltr'><strong>sed</strong></span> <span class='ocrx_word' id='word_1_327' title='bbox 403 1189 433 1212; x_wconf 93' lang='lat' dir='ltr'><strong>ut</strong></span> <span class='ocrx_word' id='word_1_328' title='bbox 456 1185 593 1220; x_wconf 88' lang='lat' dir='ltr'><strong>privatum</strong></span> <span class='ocrx_word' id='word_1_329' title='bbox 613 1193 676 1213; x_wconf 90' lang='lat' dir='ltr'><strong>eum</strong></span> <span class='ocrx_word' id='word_1_330' title='bbox 700 1185 843 1218; x_wconf 72' lang='lat' dir='ltr'><strong>habemus,</strong></span> <span class='ocrx_word' id='word_1_331' title='bbox 858 1185 913 1214; x_wconf 89' lang='lat' dir='ltr'><strong>Tit.</strong></span> <span class='ocrx_word' id='word_1_332' title='bbox 938 1186 966 1218; x_wconf 79' lang='grc'>5,</span> 
     </span>
    </p>
   </div>
   <div class='ocr_carea' id='block_1_47' title="bbox 180 1229 967 1267">
    <p class='ocr_par' dir='ltr' id='par_1_47' title="bbox 180 1229 967 1267">
     <span class='ocr_line' id='line_1_49' title="bbox 180 1229 967 1267; baseline 0.004 -11"><span class='ocrx_word' id='word_1_333' title='bbox 180 1230 278 1264; x_wconf 76' lang='lat' dir='ltr'><strong>digest.</strong></span> <span class='ocrx_word' id='word_1_334' title='bbox 309 1230 326 1258; x_wconf 83' lang='lat'><strong>9</strong></span> <span class='ocrx_word' id='word_1_335' title='bbox 340 1238 348 1257; x_wconf 87' lang='lat'>:</span> <span class='ocrx_word' id='word_1_336' title='bbox 363 1229 417 1258; x_wconf 77' lang='lat' dir='ltr'><strong>Res</strong></span> <span class='ocrx_word' id='word_1_337' title='bbox 433 1238 527 1258; x_wconf 79' lang='lat' dir='ltr'><strong>sacras</strong></span> <span class='ocrx_word' id='word_1_338' title='bbox 551 1238 604 1258; x_wconf 91' lang='lat' dir='ltr'><strong>non</strong></span> <span class='ocrx_word' id='word_1_339' title='bbox 633 1230 802 1266; x_wconf 90' lang='lat' dir='ltr'><strong>acquirimus</strong></span> <span class='ocrx_word' id='word_1_340' title='bbox 824 1238 872 1266; x_wconf 88' lang='lat' dir='ltr'><strong>per</strong></span> <span class='ocrx_word' id='word_1_341' title='bbox 895 1231 967 1267; x_wconf 78' lang='lat' dir='ltr'><strong>longi</strong></span> 
     </span>
    </p>
   </div>
   <div class='ocr_carea' id='block_1_48' title="bbox 182 1274 968 1310">
    <p class='ocr_par' dir='ltr' id='par_1_48' title="bbox 182 1274 968 1310">
     <span class='ocr_line' id='line_1_50' title="bbox 182 1274 968 1310; baseline 0.003 -8"><span class='ocrx_word' id='word_1_342' title='bbox 182 1275 313 1310; x_wconf 86' lang='lat' dir='ltr'><strong>temporis</strong></span> <span class='ocrx_word' id='word_1_343' title='bbox 335 1275 550 1310; x_wconf 81' lang='lat' dir='ltr'><strong>possessionem.</strong></span> <span class='ocrx_word' id='word_1_344' title='bbox 565 1274 624 1303; x_wconf 88' lang='lat' dir='ltr'><strong>Lib.</strong></span> <span class='ocrx_word' id='word_1_345' title='bbox 640 1283 718 1309; x_wconf 76' lang='lat' dir='ltr'><strong>XLIII,</strong></span> <span class='ocrx_word' id='word_1_346' title='bbox 736 1275 778 1304; x_wconf 90' lang='lat' dir='ltr'><strong>tit.</strong></span> <span class='ocrx_word' id='word_1_347' title='bbox 794 1277 845 1304; x_wconf 75' lang='lat' dir='ltr'><strong>let</strong></span> <span class='ocrx_word' id='word_1_348' title='bbox 856 1275 874 1302; x_wconf 74' lang='lat'><strong>2</strong></span> <span class='ocrx_word' id='word_1_349' title='bbox 886 1285 894 1305; x_wconf 84' lang='lat'><strong>:</strong></span> <span class='ocrx_word' id='word_1_350' title='bbox 907 1276 968 1304; x_wconf 87' lang='lat' dir='ltr'><strong>Non</strong></span> 
     </span>
    </p>
   </div>
   <div class='ocr_carea' id='block_1_49' title="bbox 181 1320 967 1355">
    <p class='ocr_par' dir='ltr' id='par_1_49' title="bbox 181 1320 967 1355">
     <span class='ocr_line' id='line_1_51' title="bbox 181 1320 967 1355; baseline 0.001 -6"><span class='ocrx_word' id='word_1_351' title='bbox 181 1321 263 1349; x_wconf 82' lang='lat' dir='ltr'><strong>debet</strong></span> <span class='ocrx_word' id='word_1_352' title='bbox 273 1320 379 1355; x_wconf 84' lang='lat' dir='ltr'><strong>aliquid</strong></span> <span class='ocrx_word' id='word_1_353' title='bbox 391 1320 448 1348; x_wconf 86' lang='lat' dir='ltr'><strong>lieri</strong></span> <span class='ocrx_word' id='word_1_354' title='bbox 463 1320 490 1348; x_wconf 88' lang='lat' dir='ltr'><strong>in</strong></span> <span class='ocrx_word' id='word_1_355' title='bbox 505 1328 584 1348; x_wconf 86' lang='lat' dir='ltr'><strong>sacro</strong></span> <span class='ocrx_word' id='word_1_356' title='bbox 598 1320 668 1352; x_wconf 88' lang='lat' dir='ltr'><strong>loco.</strong></span> <span class='ocrx_word' id='word_1_357' title='bbox 682 1321 789 1355; x_wconf 83' lang='lat' dir='ltr'><strong>etquod</strong></span> <span class='ocrx_word' id='word_1_358' title='bbox 801 1321 902 1349; x_wconf 82' lang='lat' dir='ltr'><strong>factum</strong></span> <span class='ocrx_word' id='word_1_359' title='bbox 915 1327 967 1355; x_wconf 85' lang='lat' dir='ltr'><strong>est,</strong></span> 
     </span>
    </p>
   </div>
   <div class='ocr_carea' id='block_1_50' title="bbox 181 1365 969 1402">
    <p class='ocr_par' dir='ltr' id='par_1_50' title="bbox 181 1365 969 1402">
     <span class='ocr_line' id='line_1_52' title="bbox 181 1365 969 1402; baseline 0.001 -7"><span class='ocrx_word' id='word_1_360' title='bbox 181 1367 342 1395; x_wconf 86' lang='lat' dir='ltr'><strong>restituitur.</strong></span> <span class='ocrx_word' id='word_1_361' title='bbox 363 1365 418 1394; x_wconf 87' lang='lat' dir='ltr'><strong>Tit.</strong></span> <span class='ocrx_word' id='word_1_362' title='bbox 435 1366 451 1394; x_wconf 90' lang='lat'><strong>6</strong></span> <span class='ocrx_word' id='word_1_363' title='bbox 469 1366 592 1401; x_wconf 87' lang='lat' dir='ltr'><strong>ejusdem</strong></span> <span class='ocrx_word' id='word_1_364' title='bbox 612 1366 659 1394; x_wconf 94' lang='lat' dir='ltr'><strong>lib.</strong></span> <span class='ocrx_word' id='word_1_365' title='bbox 678 1366 780 1402; x_wconf 81' lang='lat' dir='ltr'><strong>Digest.</strong></span> <span class='ocrx_word' id='word_1_366' title='bbox 794 1375 814 1395; x_wconf 92' lang='lat' dir='ltr'><strong>I.</strong></span> <span class='ocrx_word' id='word_1_367' title='bbox 829 1367 888 1395; x_wconf 89' lang='lat' dir='ltr'><strong>Non</strong></span> <span class='ocrx_word' id='word_1_368' title='bbox 906 1368 969 1396; x_wconf 87' lang='lat' dir='ltr'><strong>licet</strong></span> 
     </span>
    </p>
   </div>
   <div class='ocr_carea' id='block_1_51' title="bbox 181 1412 966 1449">
    <p class='ocr_par' dir='ltr' id='par_1_51' title="bbox 181 1412 966 1449">
     <span class='ocr_line' id='line_1_53' title="bbox 181 1412 966 1449; baseline 0 -8"><span class='ocrx_word' id='word_1_369' title='bbox 181 1413 284 1449; x_wconf 86' lang='lat' dir='ltr'><strong>aliquid</strong></span> <span class='ocrx_word' id='word_1_370' title='bbox 296 1413 388 1441; x_wconf 82' lang='lat' dir='ltr'><strong>facere</strong></span> <span class='ocrx_word' id='word_1_371' title='bbox 400 1413 426 1440; x_wconf 91' lang='lat' dir='ltr'><strong>in</strong></span> <span class='ocrx_word' id='word_1_372' title='bbox 444 1412 503 1440; x_wconf 91' lang='lat' dir='ltr'><strong>loco</strong></span> <span class='ocrx_word' id='word_1_373' title='bbox 519 1420 609 1445; x_wconf 87' lang='lat' dir='ltr'><strong>sacro,</strong></span> <span class='ocrx_word' id='word_1_374' title='bbox 625 1413 653 1440; x_wconf 91' lang='lat' dir='ltr'><strong>in</strong></span> <span class='ocrx_word' id='word_1_375' title='bbox 673 1420 736 1440; x_wconf 90' lang='lat' dir='ltr'><strong>eum</strong></span> <span class='ocrx_word' id='word_1_376' title='bbox 751 1413 793 1440; x_wconf 90' lang='lat' dir='ltr'><strong>vel</strong></span> <span class='ocrx_word' id='word_1_377' title='bbox 811 1413 966 1448; x_wconf 85' lang='lat' dir='ltr'><strong>immittere,</strong></span> 
     </span>
    </p>
   </div>
   <div class='ocr_carea' id='block_1_52' title="bbox 180 1459 967 1497">
    <p class='ocr_par' dir='ltr' id='par_1_52' title="bbox 180 1459 967 1497">
     <span class='ocr_line' id='line_1_54' title="bbox 180 1459 967 1497; baseline -0.001 -8"><span class='ocrx_word' id='word_1_378' title='bbox 180 1461 253 1497; x_wconf 88' lang='lat' dir='ltr'><strong>quod</strong></span> <span class='ocrx_word' id='word_1_379' title='bbox 271 1459 472 1489; x_wconf 81' lang='lat' dir='ltr'><strong>deformitatem</strong></span> <span class='ocrx_word' id='word_1_380' title='bbox 486 1459 536 1493; x_wconf 91' lang='lat' dir='ltr'><strong>illi,</strong></span> <span class='ocrx_word' id='word_1_381' title='bbox 549 1464 577 1487; x_wconf 89' lang='lat' dir='ltr'><strong>et</strong></span> <span class='ocrx_word' id='word_1_382' title='bbox 590 1467 644 1487; x_wconf 91' lang='lat' dir='ltr'><strong>non</strong></span> <span class='ocrx_word' id='word_1_383' title='bbox 654 1463 844 1487; x_wconf 88' lang='lat' dir='ltr'><strong>ornamentum</strong></span> <span class='ocrx_word' id='word_1_384' title='bbox 862 1459 967 1488; x_wconf 82' lang='lat' dir='ltr'><strong>aﬂ‘erat.</strong></span> 
     </span>
    </p>
   </div>
   <div class='ocr_carea' id='block_1_53' title="bbox 180 1505 967 1541">
    <p class='ocr_par' dir='ltr' id='par_1_53' title="bbox 180 1505 967 1541">
     <span class='ocr_line' id='line_1_55' title="bbox 180 1505 967 1541; baseline -0.001 -6"><span class='ocrx_word' id='word_1_385' title='bbox 180 1507 238 1535; x_wconf 84' lang='lat' dir='ltr'><strong>lloc</strong></span> <span class='ocrx_word' id='word_1_386' title='bbox 249 1512 340 1534; x_wconf 86' lang='lat' dir='ltr'><strong>autem</strong></span> <span class='ocrx_word' id='word_1_387' title='bbox 356 1507 388 1533; x_wconf 90' lang='lat' dir='ltr'><strong>ad</strong></span> <span class='ocrx_word' id='word_1_388' title='bbox 401 1506 505 1541; x_wconf 85' lang='lat' dir='ltr'><strong>privata</strong></span> <span class='ocrx_word' id='word_1_389' title='bbox 515 1513 592 1533; x_wconf 84' lang='lat' dir='ltr'><strong>sacra</strong></span> <span class='ocrx_word' id='word_1_390' title='bbox 601 1512 655 1533; x_wconf 92' lang='lat' dir='ltr'><strong>non</strong></span> <span class='ocrx_word' id='word_1_391' title='bbox 672 1505 798 1540; x_wconf 86' lang='lat' dir='ltr'><strong>pertinet.</strong></span> <span class='ocrx_word' id='word_1_392' title='bbox 808 1506 891 1533; x_wconf 88' lang='lat' dir='ltr'><strong>Plane</strong></span> <span class='ocrx_word' id='word_1_393' title='bbox 903 1514 967 1534; x_wconf 79' lang='lat' dir='ltr'><strong>cura</strong></span> 
     </span>
    </p>
   </div>
   <div class='ocr_carea' id='block_1_54' title="bbox 180 1551 967 1586">
    <p class='ocr_par' dir='ltr' id='par_1_54' title="bbox 180 1551 967 1586">
     <span class='ocr_line' id='line_1_56' title="bbox 180 1551 967 1586; baseline -0.003 -5"><span class='ocrx_word' id='word_1_394' title='bbox 180 1560 321 1580; x_wconf 78' lang='lat' dir='ltr'><strong>sacrorum</strong></span> <span class='ocrx_word' id='word_1_395' title='bbox 334 1553 454 1580; x_wconf 87' lang='lat' dir='ltr'><strong>locorum</strong></span> <span class='ocrx_word' id='word_1_396' title='bbox 469 1551 597 1578; x_wconf 83' lang='lat' dir='ltr'><strong>mandata</strong></span> <span class='ocrx_word' id='word_1_397' title='bbox 608 1555 650 1578; x_wconf 87' lang='lat' dir='ltr'><strong>est</strong></span> <span class='ocrx_word' id='word_1_398' title='bbox 661 1551 702 1578; x_wconf 89' lang='lat' dir='ltr'><strong>bis</strong></span> <span class='ocrx_word' id='word_1_399' title='bbox 717 1551 764 1586; x_wconf 86' lang='lat' dir='ltr'><strong>qui</strong></span> <span class='ocrx_word' id='word_1_400' title='bbox 776 1551 828 1579; x_wconf 90' lang='lat' dir='ltr'><strong>illis</strong></span> <span class='ocrx_word' id='word_1_401' title='bbox 836 1556 967 1586; x_wconf 62' lang='lat' dir='ltr'><strong>praesunt.</strong></span> 
     </span>
    </p>
   </div>
   <div class='ocr_carea' id='block_1_55' title="bbox 180 1596 965 1634">
    <p class='ocr_par' dir='ltr' id='par_1_55' title="bbox 180 1596 965 1634">
     <span class='ocr_line' id='line_1_57' title="bbox 180 1596 965 1634; baseline -0.003 -7"><span class='ocrx_word' id='word_1_402' title='bbox 180 1599 234 1627; x_wconf 87' lang='lat' dir='ltr'><strong>Tit.</strong></span> <span class='ocrx_word' id='word_1_403' title='bbox 250 1600 279 1632; x_wconf 80' lang='lat'><strong>8,</strong></span> <span class='ocrx_word' id='word_1_404' title='bbox 295 1599 391 1634; x_wconf 75' lang='lat' dir='ltr'><strong>digest.</strong></span> <span class='ocrx_word' id='word_1_405' title='bbox 407 1598 426 1624; x_wconf 74' lang='lat'><strong>2</strong></span> <span class='ocrx_word' id='word_1_406' title='bbox 436 1607 442 1625; x_wconf 90' lang='lat'>:</span> <span class='ocrx_word' id='word_1_407' title='bbox 454 1596 513 1625; x_wconf 82' lang='lat' dir='ltr'><strong>Non</strong></span> <span class='ocrx_word' id='word_1_408' title='bbox 526 1597 589 1625; x_wconf 89' lang='lat' dir='ltr'><strong>licet</strong></span> <span class='ocrx_word' id='word_1_409' title='bbox 604 1597 630 1624; x_wconf 91' lang='lat' dir='ltr'><strong>in</strong></span> <span class='ocrx_word' id='word_1_410' title='bbox 645 1597 706 1624; x_wconf 90' lang='lat' dir='ltr'><strong>loco</strong></span> <span class='ocrx_word' id='word_1_411' title='bbox 720 1604 798 1624; x_wconf 87' lang='lat' dir='ltr'><strong>sacro</strong></span> <span class='ocrx_word' id='word_1_412' title='bbox 808 1597 942 1624; x_wconf 75' lang='lat' dir='ltr'><strong>:edilicare</strong></span> <span class='ocrx_word' id='word_1_413' title='bbox 958 1607 965 1625; x_wconf 90' lang='lat'><strong>:</strong></span> 
     </span>
    </p>
   </div>
   <div class='ocr_carea' id='block_1_56' title="bbox 180 1642 967 1680">
    <p class='ocr_par' dir='ltr' id='par_1_56' title="bbox 180 1642 967 1680">
     <span class='ocr_line' id='line_1_58' title="bbox 180 1642 967 1680; baseline -0.005 -6"><span class='ocrx_word' id='word_1_414' title='bbox 180 1647 228 1674; x_wconf 76' lang='lat' dir='ltr'><strong>sed</strong></span> <span class='ocrx_word' id='word_1_415' title='bbox 251 1650 277 1673; x_wconf 84' lang='lat' dir='ltr'><strong>ct</strong></span> <span class='ocrx_word' id='word_1_416' title='bbox 305 1645 378 1680; x_wconf 87' lang='lat' dir='ltr'><strong>quod</strong></span> <span class='ocrx_word' id='word_1_417' title='bbox 399 1644 560 1672; x_wconf 62' lang='lat' dir='ltr'><strong>aediﬁcatum</strong></span> <span class='ocrx_word' id='word_1_418' title='bbox 585 1647 637 1676; x_wconf 86' lang='lat' dir='ltr'><strong>est,</strong></span> <span class='ocrx_word' id='word_1_419' title='bbox 662 1644 790 1670; x_wconf 89' lang='lat' dir='ltr'><strong>diruitur.</strong></span> <span class='ocrx_word' id='word_1_420' title='bbox 806 1642 865 1671; x_wconf 89' lang='lat' dir='ltr'><strong>Lib.</strong></span> <span class='ocrx_word' id='word_1_421' title='bbox 885 1651 967 1677; x_wconf 75' lang='lat' dir='ltr'><strong>xuv,</strong></span> 
     </span>
    </p>
   </div>
   <div class='ocr_carea' id='block_1_57' title="bbox 181 1688 968 1726">
    <p class='ocr_par' dir='ltr' id='par_1_57' title="bbox 181 1688 968 1726">
     <span class='ocr_line' id='line_1_59' title="bbox 181 1688 968 1726; baseline -0.003 -7"><span class='ocrx_word' id='word_1_422' title='bbox 181 1692 224 1719; x_wconf 88' lang='lat' dir='ltr'><strong>tit.</strong></span> <span class='ocrx_word' id='word_1_423' title='bbox 242 1691 269 1726; x_wconf 86' lang='lat'><strong>6,</strong></span> <span class='ocrx_word' id='word_1_424' title='bbox 292 1691 390 1726; x_wconf 79' lang='lat' dir='ltr'><strong>digest.</strong></span> <span class='ocrx_word' id='word_1_425' title='bbox 407 1690 423 1717; x_wconf 77' lang='grc'>5</span> <span class='ocrx_word' id='word_1_426' title='bbox 438 1698 445 1717; x_wconf 91' lang='lat'><strong>:</strong></span> <span class='ocrx_word' id='word_1_427' title='bbox 463 1689 523 1716; x_wconf 85' lang='lat' dir='ltr'><strong>Non</strong></span> <span class='ocrx_word' id='word_1_428' title='bbox 539 1689 603 1716; x_wconf 88' lang='lat' dir='ltr'><strong>licet</strong></span> <span class='ocrx_word' id='word_1_429' title='bbox 618 1695 674 1716; x_wconf 89' lang='lat' dir='ltr'><strong>rem</strong></span> <span class='ocrx_word' id='word_1_430' title='bbox 691 1688 835 1723; x_wconf 80' lang='lat' dir='ltr'><strong>litigiosam</strong></span> <span class='ocrx_word' id='word_1_431' title='bbox 853 1689 906 1717; x_wconf 85' lang='lat' dir='ltr'><strong>Deo</strong></span> <span class='ocrx_word' id='word_1_432' title='bbox 921 1689 968 1717; x_wconf 88' lang='lat' dir='ltr'><strong>de-</strong></span> 
     </span>
    </p>
   </div>
   <div class='ocr_carea' id='block_1_58' title="bbox 180 1735 968 1771">
    <p class='ocr_par' dir='ltr' id='par_1_58' title="bbox 180 1735 968 1771">
     <span class='ocr_line' id='line_1_60' title="bbox 180 1735 968 1771; baseline -0.004 -6"><span class='ocrx_word' id='word_1_433' title='bbox 180 1738 272 1765; x_wconf 86' lang='lat' dir='ltr'><strong>dicare</strong></span> <span class='ocrx_word' id='word_1_434' title='bbox 287 1746 295 1764; x_wconf 89' lang='lat'><strong>:</strong></span> <span class='ocrx_word' id='word_1_435' title='bbox 310 1741 338 1764; x_wconf 89' lang='lat' dir='ltr'><strong>et</strong></span> <span class='ocrx_word' id='word_1_436' title='bbox 351 1736 399 1771; x_wconf 90' lang='lat' dir='ltr'><strong>qui</strong></span> <span class='ocrx_word' id='word_1_437' title='bbox 420 1735 472 1763; x_wconf 90' lang='lat' dir='ltr'><strong>hoc</strong></span> <span class='ocrx_word' id='word_1_438' title='bbox 487 1735 600 1768; x_wconf 82' lang='lat' dir='ltr'><strong>fecerit,</strong></span> <span class='ocrx_word' id='word_1_439' title='bbox 615 1739 726 1770; x_wconf 74' lang='lat' dir='ltr'><strong>przeslat</strong></span> <span class='ocrx_word' id='word_1_440' title='bbox 741 1735 854 1769; x_wconf 90' lang='lat' dir='ltr'><strong>duplum</strong></span> <span class='ocrx_word' id='word_1_441' title='bbox 871 1735 968 1762; x_wconf 88' lang='lat' dir='ltr'><strong>adver-</strong></span> 
     </span>
    </p>
   </div>
   <div class='ocr_carea' id='block_1_59' title="bbox 180 1780 967 1818">
    <p class='ocr_par' dir='ltr' id='par_1_59' title="bbox 180 1780 967 1818">
     <span class='ocr_line' id='line_1_61' title="bbox 180 1780 967 1818; baseline -0.004 -7"><span class='ocrx_word' id='word_1_442' title='bbox 180 1783 269 1817; x_wconf 82' lang='lat' dir='ltr'><strong>sario,</strong></span> <span class='ocrx_word' id='word_1_443' title='bbox 281 1790 313 1810; x_wconf 91' lang='lat' dir='ltr'><strong>eo</strong></span> <span class='ocrx_word' id='word_1_444' title='bbox 322 1782 394 1818; x_wconf 82' lang='lat' dir='ltr'><strong>quod</strong></span> <span class='ocrx_word' id='word_1_445' title='bbox 407 1781 565 1809; x_wconf 85' lang='lat' dir='ltr'><strong>adversario</strong></span> <span class='ocrx_word' id='word_1_446' title='bbox 577 1781 691 1808; x_wconf 84' lang='lat' dir='ltr'><strong>traditus</strong></span> <span class='ocrx_word' id='word_1_447' title='bbox 702 1780 737 1808; x_wconf 88' lang='lat' dir='ltr'><strong>sit</strong></span> <span class='ocrx_word' id='word_1_448' title='bbox 752 1781 798 1808; x_wconf 88' lang='lat' dir='ltr'><strong>illo</strong></span> <span class='ocrx_word' id='word_1_449' title='bbox 811 1781 967 1816; x_wconf 87' lang='lat' dir='ltr'><strong>potentiori.</strong></span> 
     </span>
    </p>
   </div>
   <div class='ocr_carea' id='block_1_60' title="bbox 218 1826 969 1862">
    <p class='ocr_par' dir='ltr' id='par_1_60' title="bbox 218 1826 969 1862">
     <span class='ocr_line' id='line_1_62' title="bbox 218 1826 969 1862; baseline -0.004 -5"><span class='ocrx_word' id='word_1_450' title='bbox 218 1829 326 1857; x_wconf 73' lang='lat' dir='ltr'><strong>Textus.</strong></span> <span class='ocrx_word' id='word_1_451' title='bbox 341 1828 400 1856; x_wconf 86' lang='lat' dir='ltr'><strong>Lib.</strong></span> <span class='ocrx_word' id='word_1_452' title='bbox 416 1828 530 1860; x_wconf 75' lang='lat' dir='ltr'><strong>n.v,tit.</strong></span> <span class='ocrx_word' id='word_1_453' title='bbox 547 1835 554 1854; x_wconf 99' lang='lat' dir='ltr'><strong>I</strong></span> <span class='ocrx_word' id='word_1_454' title='bbox 569 1827 664 1862; x_wconf 79' lang='lat' dir='ltr'><strong>digest.</strong></span> <span class='ocrx_word' id='word_1_455' title='bbox 677 1827 712 1854; x_wconf 77' lang='lat'><strong>38</strong></span> <span class='ocrx_word' id='word_1_456' title='bbox 722 1836 728 1853; x_wconf 86' lang='lat'>:</span> <span class='ocrx_word' id='word_1_457' title='bbox 740 1826 822 1854; x_wconf 82' lang='lat' dir='ltr'><strong>Recte</strong></span> <span class='ocrx_word' id='word_1_458' title='bbox 832 1827 908 1861; x_wconf 80' lang='grc' dir='ltr'><strong>ιιι</strong></span> <span class='ocrx_word' id='word_1_459' title='bbox 920 1827 969 1854; x_wconf 91' lang='lat' dir='ltr'><strong>abs</strong></span> 
     </span>
    </p>
   </div>
   <div class='ocr_carea' id='block_1_61' title="bbox 180 1872 969 1910">
    <p class='ocr_par' dir='ltr' id='par_1_61' title="bbox 180 1872 969 1910">
     <span class='ocr_line' id='line_1_63' title="bbox 180 1872 969 1910; baseline -0.004 -6"><span class='ocrx_word' id='word_1_460' title='bbox 180 1882 208 1904; x_wconf 88' lang='lat' dir='ltr'><strong>te</strong></span> <span class='ocrx_word' id='word_1_461' title='bbox 227 1875 355 1910; x_wconf 83' lang='lat' dir='ltr'><strong>slipulor,</strong></span> <span class='ocrx_word' id='word_1_462' title='bbox 372 1878 400 1901; x_wconf 91' lang='lat' dir='ltr'><strong>ut</strong></span> <span class='ocrx_word' id='word_1_463' title='bbox 416 1873 500 1900; x_wconf 65' lang='lat' dir='ltr'><strong>aedem</strong></span> <span class='ocrx_word' id='word_1_464' title='bbox 525 1880 631 1900; x_wconf 89' lang='lat' dir='ltr'><strong>sacram</strong></span> <span class='ocrx_word' id='word_1_465' title='bbox 645 1873 772 1900; x_wconf 66' lang='lat' dir='ltr'><strong>tedilices.</strong></span> <span class='ocrx_word' id='word_1_466' title='bbox 799 1872 833 1900; x_wconf 87' lang='lat' dir='ltr'><strong>Et</strong></span> <span class='ocrx_word' id='word_1_467' title='bbox 847 1873 873 1899; x_wconf 91' lang='lat' dir='ltr'><strong>in</strong></span> <span class='ocrx_word' id='word_1_468' title='bbox 889 1872 969 1901; x_wconf 87' lang='lat' dir='ltr'><strong>istius</strong></span> 
     </span>
    </p>
   </div>
   <div class='ocr_carea' id='block_1_62' title="bbox 180 1918 967 1957">
    <p class='ocr_par' dir='ltr' id='par_1_62' title="bbox 180 1918 967 1957">
     <span class='ocr_line' id='line_1_64' title="bbox 180 1918 967 1957; baseline -0.006 -7"><span class='ocrx_word' id='word_1_469' title='bbox 180 1922 252 1950; x_wconf 90' lang='lat' dir='ltr'><strong>modi</strong></span> <span class='ocrx_word' id='word_1_470' title='bbox 273 1920 330 1957; x_wconf 86' lang='lat' dir='ltr'><strong>[re]</strong></span> <span class='ocrx_word' id='word_1_471' title='bbox 343 1919 441 1948; x_wconf 85' lang='lat' dir='ltr'><strong>locatio</strong></span> <span class='ocrx_word' id='word_1_472' title='bbox 457 1919 537 1947; x_wconf 82' lang='lat' dir='ltr'><strong>valet.</strong></span> <span class='ocrx_word' id='word_1_473' title='bbox 556 1918 695 1954; x_wconf 72' lang='lat' dir='ltr'><strong>Digestum</strong></span> <span class='ocrx_word' id='word_1_474' title='bbox 710 1918 760 1946; x_wconf 77' lang='lat'><strong>85:</strong></span> <span class='ocrx_word' id='word_1_475' title='bbox 778 1918 845 1945; x_wconf 83' lang='lat' dir='ltr'><strong>Rem</strong></span> <span class='ocrx_word' id='word_1_476' title='bbox 863 1926 967 1946; x_wconf 85' lang='lat' dir='ltr'><strong>sacram</strong></span> 
     </span>
    </p>
   </div>
   <div class='ocr_carea' id='block_1_63' title="bbox 179 1964 971 2004">
    <p class='ocr_par' dir='ltr' id='par_1_63' title="bbox 179 1964 971 2004">
     <span class='ocr_line' id='line_1_65' title="bbox 179 1964 971 2004; baseline -0.006 -7"><span class='ocrx_word' id='word_1_477' title='bbox 179 1968 304 2004; x_wconf 85' lang='lat' dir='ltr'><strong>stipulari</strong></span> <span class='ocrx_word' id='word_1_478' title='bbox 317 1975 372 1995; x_wconf 78' lang='lat' dir='ltr'><strong>non</strong></span> <span class='ocrx_word' id='word_1_479' title='bbox 385 1969 541 2002; x_wconf 80' lang='lat' dir='ltr'><strong>possumus,</strong></span> <span class='ocrx_word' id='word_1_480' title='bbox 557 1965 682 2000; x_wconf 83' lang='lat' dir='ltr'><strong>quamvis</strong></span> <span class='ocrx_word' id='word_1_481' title='bbox 713 1964 826 2000; x_wconf 79' lang='lat' dir='ltr'><strong>profana</strong></span> <span class='ocrx_word' id='word_1_482' title='bbox 839 1965 896 1992; x_wconf 81' lang='lat' dir='ltr'><strong>ﬁeri</strong></span> <span class='ocrx_word' id='word_1_483' title='bbox 908 1972 971 2000; x_wconf 81' lang='lat' dir='ltr'><strong>pos-</strong></span> 
     </span>
    </p>
   </div>
   <div class='ocr_carea' id='block_1_64' title="bbox 179 2011 970 2046">
    <p class='ocr_par' dir='ltr' id='par_1_64' title="bbox 179 2011 970 2046">
     <span class='ocr_line' id='line_1_66' title="bbox 179 2011 970 2046; baseline -0.006 -3"><span class='ocrx_word' id='word_1_484' title='bbox 179 2015 228 2043; x_wconf 82' lang='lat' dir='ltr'><strong>sit.</strong></span> <span class='ocrx_word' id='word_1_485' title='bbox 242 2014 311 2042; x_wconf 86' lang='lat' dir='ltr'><strong>Nam</strong></span> <span class='ocrx_word' id='word_1_486' title='bbox 321 2012 428 2041; x_wconf 88' lang='lat' dir='ltr'><strong>tametsi</strong></span> <span class='ocrx_word' id='word_1_487' title='bbox 440 2013 529 2040; x_wconf 91' lang='lat' dir='ltr'><strong>locum</strong></span> <span class='ocrx_word' id='word_1_488' title='bbox 543 2011 687 2046; x_wconf 81' lang='lat' dir='ltr'><strong>profanum</strong></span> <span class='ocrx_word' id='word_1_489' title='bbox 702 2011 864 2046; x_wconf 86' lang='lat' dir='ltr'><strong>promisero.</strong></span> <span class='ocrx_word' id='word_1_490' title='bbox 879 2011 970 2038; x_wconf 91' lang='lat' dir='ltr'><strong>illum-</strong></span> 
     </span>
    </p>
   </div>
   <div class='ocr_carea' id='block_1_65' title="bbox 179 2058 969 2098">
    <p class='ocr_par' dir='ltr' id='par_1_65' title="bbox 179 2058 969 2098">
     <span class='ocr_line' id='line_1_67' title="bbox 179 2058 969 2098; baseline -0.006 -8"><span class='ocrx_word' id='word_1_491' title='bbox 179 2069 233 2098; x_wconf 86' lang='lat' dir='ltr'><strong>que</strong></span> <span class='ocrx_word' id='word_1_492' title='bbox 244 2060 410 2091; x_wconf 84' lang='lat' dir='ltr'><strong>citradolum</strong></span> <span class='ocrx_word' id='word_1_493' title='bbox 426 2067 516 2087; x_wconf 87' lang='lat' dir='ltr'><strong>meum</strong></span> <span class='ocrx_word' id='word_1_494' title='bbox 529 2058 683 2087; x_wconf 82' lang='lat' dir='ltr'><strong>consecrari</strong></span> <span class='ocrx_word' id='word_1_495' title='bbox 692 2058 969 2093; x_wconf 75' lang='lat' dir='ltr'><strong>contiugat,liberor:</strong></span> 
     </span>
    </p>
   </div>
   <div class='ocr_carea' id='block_1_66' title="bbox 178 2103 969 2140">
    <p class='ocr_par' dir='ltr' id='par_1_66' title="bbox 178 2103 969 2140">
     <span class='ocr_line' id='line_1_68' title="bbox 178 2103 969 2140; baseline -0.008 -4"><span class='ocrx_word' id='word_1_496' title='bbox 178 2116 230 2136; x_wconf 87' lang='lat' dir='ltr'><strong>nec</strong></span> <span class='ocrx_word' id='word_1_497' title='bbox 245 2108 268 2135; x_wconf 90' lang='lat' dir='ltr'><strong>si</strong></span> <span class='ocrx_word' id='word_1_498' title='bbox 284 2104 362 2135; x_wconf 88' lang='lat' dir='ltr'><strong>locus</strong></span> <span class='ocrx_word' id='word_1_499' title='bbox 377 2113 475 2133; x_wconf 81' lang='lat' dir='ltr'><strong>rursus</strong></span> <span class='ocrx_word' id='word_1_500' title='bbox 494 2105 553 2140; x_wconf 75' lang='lat' dir='ltr'><strong>lege</strong></span> <span class='ocrx_word' id='word_1_501' title='bbox 566 2104 657 2139; x_wconf 85' lang='lat' dir='ltr'><strong>aliqua</strong></span> <span class='ocrx_word' id='word_1_502' title='bbox 683 2111 760 2132; x_wconf 84' lang='lat' dir='ltr'><strong>sacer</strong></span> <span class='ocrx_word' id='word_1_503' title='bbox 773 2111 833 2132; x_wconf 81' lang='lat' dir='ltr'><strong>esse</strong></span> <span class='ocrx_word' id='word_1_504' title='bbox 846 2103 969 2138; x_wconf 67' lang='lat' dir='ltr'><strong>coeperit,</strong></span> 
     </span>
    </p>
   </div>
   <div class='ocr_carea' id='block_1_67' title="bbox 179 2150 970 2188">
    <p class='ocr_par' dir='ltr' id='par_1_67' title="bbox 179 2150 970 2188">
     <span class='ocr_line' id='line_1_69' title="bbox 179 2150 970 2188; baseline -0.005 -7"><span class='ocrx_word' id='word_1_505' title='bbox 179 2154 206 2181; x_wconf 87' lang='lat' dir='ltr'><strong>iII</strong></span> <span class='ocrx_word' id='word_1_506' title='bbox 224 2153 414 2188; x_wconf 73' lang='lat' dir='ltr'><strong>obligationem</strong></span> <span class='ocrx_word' id='word_1_507' title='bbox 428 2158 551 2179; x_wconf 88' lang='lat' dir='ltr'><strong>revocor.</strong></span> <span class='ocrx_word' id='word_1_508' title='bbox 572 2150 667 2185; x_wconf 85' lang='lat' dir='ltr'><strong>Neque</strong></span> <span class='ocrx_word' id='word_1_509' title='bbox 686 2157 743 2177; x_wconf 87' lang='lat' dir='ltr'><strong>rem</strong></span> <span class='ocrx_word' id='word_1_510' title='bbox 762 2157 869 2178; x_wconf 87' lang='lat' dir='ltr'><strong>sacram</strong></span> <span class='ocrx_word' id='word_1_511' title='bbox 883 2150 970 2185; x_wconf 86' lang='lat' dir='ltr'><strong>stipu-</strong></span> 
     </span>
    </p>
   </div>
   <div class='ocr_carea' id='block_1_68' title="bbox 178 2195 970 2235">
    <p class='ocr_par' dir='ltr' id='par_1_68' title="bbox 178 2195 970 2235">
     <span class='ocr_line' id='line_1_70' title="bbox 178 2195 970 2235; baseline -0.005 -8"><span class='ocrx_word' id='word_1_512' title='bbox 178 2199 229 2228; x_wconf 82' lang='lat' dir='ltr'><strong>lari</strong></span> <span class='ocrx_word' id='word_1_513' title='bbox 246 2206 358 2235; x_wconf 86' lang='lat' dir='ltr'><strong>possum</strong></span> <span class='ocrx_word' id='word_1_514' title='bbox 371 2198 424 2226; x_wconf 86' lang='lat' dir='ltr'><strong>sub</strong></span> <span class='ocrx_word' id='word_1_515' title='bbox 435 2197 602 2230; x_wconf 82' lang='lat' dir='ltr'><strong>conditione,</strong></span> <span class='ocrx_word' id='word_1_516' title='bbox 628 2196 740 2231; x_wconf 89' lang='lat' dir='ltr'><strong>quando</strong></span> <span class='ocrx_word' id='word_1_517' title='bbox 770 2195 884 2230; x_wconf 77' lang='lat' dir='ltr'><strong>profana</strong></span> <span class='ocrx_word' id='word_1_518' title='bbox 908 2203 970 2224; x_wconf 87' lang='lat' dir='ltr'><strong>esse</strong></span> 
     </span>
    </p>
   </div>
   <div class='ocr_carea' id='block_1_69' title="bbox 178 2231 1006 2280">
    <p class='ocr_par' dir='ltr' id='par_1_69' title="bbox 178 2231 1006 2280">
     <span class='ocr_line' id='line_1_71' title="bbox 178 2231 1006 2280; baseline -0.005 -8"><span class='ocrx_word' id='word_1_519' title='bbox 178 2231 304 2280; x_wconf 63' lang='lat' dir='ltr'><strong>ceperit.</strong></span> <span class='ocrx_word' id='word_1_520' title='bbox 321 2243 369 2271; x_wconf 84' lang='lat' dir='ltr'><strong>Illa</strong></span> <span class='ocrx_word' id='word_1_521' title='bbox 383 2243 456 2271; x_wconf 91' lang='lat' dir='ltr'><strong>enim</strong></span> <span class='ocrx_word' id='word_1_522' title='bbox 477 2241 633 2278; x_wconf 77' lang='lat' dir='ltr'><strong>[duntaxatl</strong></span> <span class='ocrx_word' id='word_1_523' title='bbox 658 2241 782 2277; x_wconf 91' lang='lat' dir='ltr'><strong>stipulari</strong></span> <span class='ocrx_word' id='word_1_524' title='bbox 809 2249 968 2276; x_wconf 86' lang='lat' dir='ltr'><strong>possumus,</strong></span> <span class='ocrx_word' id='word_1_525' title='bbox 984 2231 1006 2260; x_wconf 76' lang='lat' dir='ltr'><strong>D</strong></span> 
     </span>
    </p>
   </div>
   <div class='ocr_carea' id='block_1_70' title="bbox 179 2286 969 2323">
    <p class='ocr_par' dir='ltr' id='par_1_70' title="bbox 179 2286 969 2323">
     <span class='ocr_line' id='line_1_72' title="bbox 179 2286 969 2323; baseline -0.001 -8"><span class='ocrx_word' id='word_1_526' title='bbox 179 2296 241 2323; x_wconf 71' lang='lat' dir='ltr'><strong>qum</strong></span> <span class='ocrx_word' id='word_1_527' title='bbox 259 2293 381 2322; x_wconf 90' lang='lat' dir='ltr'><strong>tempore</strong></span> <span class='ocrx_word' id='word_1_528' title='bbox 396 2287 581 2322; x_wconf 87' lang='lat' dir='ltr'><strong>stipulationis</strong></span> <span class='ocrx_word' id='word_1_529' title='bbox 597 2286 695 2321; x_wconf 87' lang='lat' dir='ltr'><strong>subjici</strong></span> <span class='ocrx_word' id='word_1_530' title='bbox 709 2286 805 2314; x_wconf 88' lang='lat' dir='ltr'><strong>usibus</strong></span> <span class='ocrx_word' id='word_1_531' title='bbox 830 2286 969 2314; x_wconf 87' lang='lat' dir='ltr'><strong>dominio-</strong></span> 
     </span>
    </p>
   </div>
   <div class='ocr_carea' id='block_1_71' title="bbox 179 2331 970 2370">
    <p class='ocr_par' dir='ltr' id='par_1_71' title="bbox 179 2331 970 2370">
     <span class='ocr_line' id='line_1_73' title="bbox 179 2331 970 2370; baseline -0.003 -9"><span class='ocrx_word' id='word_1_532' title='bbox 179 2341 234 2370; x_wconf 87' lang='lat' dir='ltr'><strong>que</strong></span> <span class='ocrx_word' id='word_1_533' title='bbox 247 2338 343 2361; x_wconf 83' lang='lat' dir='ltr'><strong>nostro</strong></span> <span class='ocrx_word' id='word_1_534' title='bbox 353 2335 480 2368; x_wconf 84' lang='lat' dir='ltr'><strong>possunt.</strong></span> <span class='ocrx_word' id='word_1_535' title='bbox 495 2331 597 2367; x_wconf 78' lang='lat' dir='ltr'><strong>Digest.</strong></span> <span class='ocrx_word' id='word_1_536' title='bbox 607 2331 640 2359; x_wconf 83' lang='grc'><strong>91</strong></span> <span class='ocrx_word' id='word_1_537' title='bbox 657 2340 665 2358; x_wconf 90' lang='lat'>:</span> <span class='ocrx_word' id='word_1_538' title='bbox 679 2331 707 2359; x_wconf 93' lang='lat' dir='ltr'><strong>Si</strong></span> <span class='ocrx_word' id='word_1_539' title='bbox 717 2339 760 2359; x_wconf 88' lang='lat' dir='ltr'><strong>res</strong></span> <span class='ocrx_word' id='word_1_540' title='bbox 776 2332 803 2358; x_wconf 91' lang='lat' dir='ltr'><strong>in</strong></span> <span class='ocrx_word' id='word_1_541' title='bbox 815 2332 970 2367; x_wconf 86' lang='lat' dir='ltr'><strong>stipulatio-</strong></span> 
     </span>
    </p>
   </div>
   <div class='ocr_carea' id='block_1_72' title="bbox 179 2378 971 2414">
    <p class='ocr_par' dir='ltr' id='par_1_72' title="bbox 179 2378 971 2414">
     <span class='ocr_line' id='line_1_74' title="bbox 179 2378 971 2414; baseline -0.004 -6"><span class='ocrx_word' id='word_1_542' title='bbox 179 2389 242 2408; x_wconf 88' lang='lat' dir='ltr'><strong>nem</strong></span> <span class='ocrx_word' id='word_1_543' title='bbox 255 2380 369 2408; x_wconf 87' lang='lat' dir='ltr'><strong>deducta</strong></span> <span class='ocrx_word' id='word_1_544' title='bbox 379 2380 406 2407; x_wconf 87' lang='lat' dir='ltr'><strong>in</strong></span> <span class='ocrx_word' id='word_1_545' title='bbox 415 2379 496 2407; x_wconf 85' lang='lat' dir='ltr'><strong>rebus</strong></span> <span class='ocrx_word' id='word_1_546' title='bbox 507 2379 635 2406; x_wconf 85' lang='lat' dir='ltr'><strong>humanis</strong></span> <span class='ocrx_word' id='word_1_547' title='bbox 648 2379 694 2411; x_wconf 84' lang='lat' dir='ltr'><strong>sit,</strong></span> <span class='ocrx_word' id='word_1_548' title='bbox 710 2378 757 2406; x_wconf 87' lang='lat' dir='ltr'><strong>sed</strong></span> <span class='ocrx_word' id='word_1_549' title='bbox 768 2379 827 2406; x_wconf 85' lang='lat' dir='ltr'><strong>dari</strong></span> <span class='ocrx_word' id='word_1_550' title='bbox 837 2387 890 2406; x_wconf 89' lang='lat' dir='ltr'><strong>non</strong></span> <span class='ocrx_word' id='word_1_551' title='bbox 908 2387 971 2414; x_wconf 88' lang='lat' dir='ltr'><strong>pos-</strong></span> 
     </span>
    </p>
   </div>
   <div class='ocr_carea' id='block_1_73' title="bbox 180 2424 972 2462">
    <p class='ocr_par' dir='ltr' id='par_1_73' title="bbox 180 2424 972 2462">
     <span class='ocr_line' id='line_1_75' title="bbox 180 2424 972 2462; baseline -0.004 -8"><span class='ocrx_word' id='word_1_552' title='bbox 180 2427 226 2458; x_wconf 85' lang='lat' dir='ltr'><strong>sit,</strong></span> <span class='ocrx_word' id='word_1_553' title='bbox 242 2426 316 2462; x_wconf 90' lang='lat' dir='ltr'><strong>quod</strong></span> <span class='ocrx_word' id='word_1_554' title='bbox 326 2425 396 2453; x_wconf 78' lang='lat' dir='ltr'><strong>forte</strong></span> <span class='ocrx_word' id='word_1_555' title='bbox 403 2433 480 2453; x_wconf 86' lang='lat' dir='ltr'><strong>sacra</strong></span> <span class='ocrx_word' id='word_1_556' title='bbox 497 2425 566 2452; x_wconf 82' lang='lat' dir='ltr'><strong>facta</strong></span> <span class='ocrx_word' id='word_1_557' title='bbox 582 2424 618 2451; x_wconf 90' lang='lat' dir='ltr'><strong>sit</strong></span> <span class='ocrx_word' id='word_1_558' title='bbox 631 2433 638 2451; x_wconf 93' lang='lat'>:</span> <span class='ocrx_word' id='word_1_559' title='bbox 653 2429 680 2451; x_wconf 89' lang='lat' dir='ltr'><strong>et</strong></span> <span class='ocrx_word' id='word_1_560' title='bbox 696 2431 760 2451; x_wconf 87' lang='lat' dir='ltr'><strong>vero</strong></span> <span class='ocrx_word' id='word_1_561' title='bbox 784 2428 906 2459; x_wconf 84' lang='lat' dir='ltr'><strong>tempore</strong></span> <span class='ocrx_word' id='word_1_562' title='bbox 920 2424 972 2452; x_wconf 86' lang='lat' dir='ltr'><strong>sti-</strong></span> 
     </span>
    </p>
   </div>
   <div class='ocr_carea' id='block_1_74' title="bbox 180 2468 972 2507">
    <p class='ocr_par' dir='ltr' id='par_1_74' title="bbox 180 2468 972 2507">
     <span class='ocr_line' id='line_1_76' title="bbox 180 2468 972 2507; baseline -0.001 -9"><span class='ocrx_word' id='word_1_563' title='bbox 180 2470 328 2507; x_wconf 81' lang='lat' dir='ltr'><strong>pulationis</strong></span> <span class='ocrx_word' id='word_1_564' title='bbox 341 2470 382 2497; x_wconf 87' lang='lat' dir='ltr'><strong>vel</strong></span> <span class='ocrx_word' id='word_1_565' title='bbox 392 2475 486 2505; x_wconf 85' lang='lat' dir='ltr'><strong>postea</strong></span> <span class='ocrx_word' id='word_1_566' title='bbox 496 2469 680 2504; x_wconf 80' lang='lat' dir='ltr'><strong>promissoriis</strong></span> <span class='ocrx_word' id='word_1_567' title='bbox 691 2468 760 2505; x_wconf 85' lang='lat' dir='ltr'><strong>[illa]</strong></span> <span class='ocrx_word' id='word_1_568' title='bbox 774 2468 867 2501; x_wconf 81' lang='lat' dir='ltr'><strong>fuerit,</strong></span> <span class='ocrx_word' id='word_1_569' title='bbox 886 2473 914 2496; x_wconf 91' lang='lat' dir='ltr'><strong>et</strong></span> <span class='ocrx_word' id='word_1_570' title='bbox 926 2469 972 2497; x_wconf 69' lang='lat' dir='ltr'><strong>ole-</strong></span> 
     </span>
    </p>
   </div>
   <div class='ocr_carea' id='block_1_75' title="bbox 180 2513 972 2550">
    <p class='ocr_par' dir='ltr' id='par_1_75' title="bbox 180 2513 972 2550">
     <span class='ocr_line' id='line_1_77' title="bbox 180 2513 972 2550; baseline -0.004 -6"><span class='ocrx_word' id='word_1_571' title='bbox 180 2517 244 2544; x_wconf 87' lang='lat' dir='ltr'><strong>inde</strong></span> <span class='ocrx_word' id='word_1_572' title='bbox 256 2524 332 2544; x_wconf 73' lang='lat' dir='ltr'><strong>sacra</strong></span> <span class='ocrx_word' id='word_1_573' title='bbox 350 2515 420 2542; x_wconf 82' lang='lat' dir='ltr'><strong>facta</strong></span> <span class='ocrx_word' id='word_1_574' title='bbox 435 2515 481 2547; x_wconf 88' lang='lat' dir='ltr'><strong>sit,</strong></span> <span class='ocrx_word' id='word_1_575' title='bbox 497 2520 604 2542; x_wconf 86' lang='lat' dir='ltr'><strong>tenetur</strong></span> <span class='ocrx_word' id='word_1_576' title='bbox 618 2513 792 2550; x_wconf 72' lang='lat' dir='ltr'><strong>[promissor]</strong></span> <span class='ocrx_word' id='word_1_577' title='bbox 810 2522 817 2542; x_wconf 89' lang='lat'>:</span> <span class='ocrx_word' id='word_1_578' title='bbox 840 2514 972 2549; x_wconf 88' lang='lat' dir='ltr'><strong>quemad-</strong></span> 
     </span>
    </p>
   </div>
   <div class='ocr_carea' id='block_1_76' title="bbox 183 2559 970 2597">
    <p class='ocr_par' dir='ltr' id='par_1_76' title="bbox 183 2559 970 2597">
     <span class='ocr_line' id='line_1_78' title="bbox 183 2559 970 2597; baseline -0.004 -7"><span class='ocrx_word' id='word_1_579' title='bbox 183 2562 297 2590; x_wconf 86' lang='lat' dir='ltr'><strong>modum</strong></span> <span class='ocrx_word' id='word_1_580' title='bbox 305 2561 510 2597; x_wconf 88' lang='lat' dir='ltr'><strong>etiam,quando</strong></span> <span class='ocrx_word' id='word_1_581' title='bbox 519 2560 573 2597; x_wconf 88' lang='lat' dir='ltr'><strong>[res</strong></span> <span class='ocrx_word' id='word_1_582' title='bbox 583 2559 695 2596; x_wconf 86' lang='lat' dir='ltr'><strong>abipso]</strong></span> <span class='ocrx_word' id='word_1_583' title='bbox 705 2560 822 2587; x_wconf 78' lang='lat' dir='ltr'><strong>alienata</strong></span> <span class='ocrx_word' id='word_1_584' title='bbox 832 2567 881 2594; x_wconf 85' lang='lat' dir='ltr'><strong>per</strong></span> <span class='ocrx_word' id='word_1_585' title='bbox 887 2560 970 2587; x_wconf 88' lang='lat' dir='ltr'><strong>alium</strong></span> 
     </span>
    </p>
   </div>
   <div class='ocr_carea' id='block_1_77' title="bbox 181 2605 973 2637">
    <p class='ocr_par' dir='ltr' id='par_1_77' title="bbox 181 2605 973 2637">
     <span class='ocr_line' id='line_1_79' title="bbox 181 2605 973 2637; baseline -0.003 -2"><span class='ocrx_word' id='word_1_586' title='bbox 181 2615 261 2636; x_wconf 88' lang='lat' dir='ltr'><strong>sacra</strong></span> <span class='ocrx_word' id='word_1_587' title='bbox 285 2607 356 2635; x_wconf 81' lang='lat' dir='ltr'><strong>facta</strong></span> <span class='ocrx_word' id='word_1_588' title='bbox 377 2611 430 2635; x_wconf 89' lang='lat' dir='ltr'><strong>est.</strong></span> <span class='ocrx_word' id='word_1_589' title='bbox 458 2605 486 2633; x_wconf 89' lang='lat' dir='ltr'><strong>Si</strong></span> <span class='ocrx_word' id='word_1_590' title='bbox 502 2614 566 2634; x_wconf 86' lang='lat' dir='ltr'><strong>vero</strong></span> <span class='ocrx_word' id='word_1_591' title='bbox 592 2614 637 2634; x_wconf 91' lang='lat' dir='ltr'><strong>res</strong></span> <span class='ocrx_word' id='word_1_592' title='bbox 657 2606 745 2633; x_wconf 84' lang='lat' dir='ltr'><strong>aliena</strong></span> <span class='ocrx_word' id='word_1_593' title='bbox 768 2605 863 2637; x_wconf 81' lang='lat' dir='ltr'><strong>fuerit,</strong></span> <span class='ocrx_word' id='word_1_594' title='bbox 891 2611 918 2633; x_wconf 88' lang='lat' dir='ltr'><strong>et</strong></span> <span class='ocrx_word' id='word_1_595' title='bbox 938 2606 973 2633; x_wconf 88' lang='lat' dir='ltr'><strong>ab</strong></span> 
     </span>
    </p>
   </div>
   <div class='ocr_carea' id='block_1_78' title="bbox 181 2652 972 2687">
    <p class='ocr_par' dir='ltr' id='par_1_78' title="bbox 181 2652 972 2687">
     <span class='ocr_line' id='line_1_80' title="bbox 181 2652 972 2687; baseline -0.006 -5"><span class='ocrx_word' id='word_1_596' title='bbox 181 2655 236 2682; x_wconf 82' lang='lat' dir='ltr'><strong>alio</strong></span> <span class='ocrx_word' id='word_1_597' title='bbox 250 2662 310 2682; x_wconf 89' lang='lat' dir='ltr'><strong>eam</strong></span> <span class='ocrx_word' id='word_1_598' title='bbox 326 2661 430 2682; x_wconf 85' lang='lat' dir='ltr'><strong>sacram</strong></span> <span class='ocrx_word' id='word_1_599' title='bbox 446 2653 504 2681; x_wconf 83' lang='lat' dir='ltr'><strong>ﬁeri</strong></span> <span class='ocrx_word' id='word_1_600' title='bbox 520 2652 675 2687; x_wconf 76' lang='lat' dir='ltr'><strong>contigerit,</strong></span> <span class='ocrx_word' id='word_1_601' title='bbox 691 2660 746 2679; x_wconf 91' lang='lat' dir='ltr'><strong>non</strong></span> <span class='ocrx_word' id='word_1_602' title='bbox 773 2656 881 2678; x_wconf 89' lang='lat' dir='ltr'><strong>tenetur</strong></span> <span class='ocrx_word' id='word_1_603' title='bbox 907 2658 972 2686; x_wconf 86' lang='lat' dir='ltr'><strong>pro-</strong></span> 
     </span>
    </p>
   </div>
   <div class='ocr_carea' id='block_1_79' title="bbox 180 2697 971 2735">
    <p class='ocr_par' dir='ltr' id='par_1_79' title="bbox 180 2697 971 2735">
     <span class='ocr_line' id='line_1_81' title="bbox 180 2697 971 2735; baseline -0.005 -7"><span class='ocrx_word' id='word_1_604' title='bbox 180 2702 284 2729; x_wconf 82' lang='lat' dir='ltr'><strong>missor</strong></span> <span class='ocrx_word' id='word_1_605' title='bbox 303 2700 376 2728; x_wconf 91' lang='lat' dir='ltr'><strong>:nisi</strong></span> <span class='ocrx_word' id='word_1_606' title='bbox 387 2706 565 2735; x_wconf 86' lang='lat' dir='ltr'><strong>posteaquam</strong></span> <span class='ocrx_word' id='word_1_607' title='bbox 588 2706 692 2725; x_wconf 84' lang='lat' dir='ltr'><strong>moram</strong></span> <span class='ocrx_word' id='word_1_608' title='bbox 720 2697 796 2729; x_wconf 80' lang='lat' dir='ltr'><strong>fecit,</strong></span> <span class='ocrx_word' id='word_1_609' title='bbox 826 2704 872 2725; x_wconf 87' lang='lat' dir='ltr'><strong>res</strong></span> <span class='ocrx_word' id='word_1_610' title='bbox 893 2705 971 2725; x_wconf 80' lang='lat' dir='ltr'><strong>sacra</strong></span> 
     </span>
    </p>
   </div>
   <div class='ocr_carea' id='block_1_80' title="bbox 181 2743 975 2782">
    <p class='ocr_par' dir='ltr' id='par_1_80' title="bbox 181 2743 975 2782">
     <span class='ocr_line' id='line_1_82' title="bbox 181 2743 975 2782; baseline -0.008 -7"><span class='ocrx_word' id='word_1_611' title='bbox 181 2747 264 2775; x_wconf 80' lang='lat' dir='ltr'><strong>tl&#39;acla</strong></span> <span class='ocrx_word' id='word_1_612' title='bbox 280 2747 371 2774; x_wconf 79' lang='lat' dir='ltr'><strong>fuerit.</strong></span> <span class='ocrx_word' id='word_1_613' title='bbox 386 2747 447 2782; x_wconf 78' lang='lat' dir='ltr'><strong>Dig,</strong></span> <span class='ocrx_word' id='word_1_614' title='bbox 460 2747 510 2773; x_wconf 79' lang='grc'><strong>157</strong></span> <span class='ocrx_word' id='word_1_615' title='bbox 524 2755 531 2772; x_wconf 85' lang='lat'><strong>:</strong></span> <span class='ocrx_word' id='word_1_616' title='bbox 547 2744 680 2772; x_wconf 83' lang='lat' dir='ltr'><strong>Inutililer</strong></span> <span class='ocrx_word' id='word_1_617' title='bbox 695 2743 808 2778; x_wconf 87' lang='lat' dir='ltr'><strong>stipulor</strong></span> <span class='ocrx_word' id='word_1_618' title='bbox 819 2743 870 2770; x_wconf 89' lang='lat' dir='ltr'><strong>sub</strong></span> <span class='ocrx_word' id='word_1_619' title='bbox 880 2744 975 2771; x_wconf 85' lang='lat' dir='ltr'><strong>condi-</strong></span> 
     </span>
    </p>
   </div>
   <div class='ocr_carea' id='block_1_81' title="bbox 182 2789 972 2828">
    <p class='ocr_par' dir='ltr' id='par_1_81' title="bbox 182 2789 972 2828">
     <span class='ocr_line' id='line_1_83' title="bbox 182 2789 972 2828; baseline -0.008 -7"><span class='ocrx_word' id='word_1_620' title='bbox 182 2794 255 2827; x_wconf 85' lang='lat' dir='ltr'><strong>iouc,</strong></span> <span class='ocrx_word' id='word_1_621' title='bbox 269 2802 329 2828; x_wconf 76' lang='lat' dir='ltr'><strong>qua:</strong></span> <span class='ocrx_word' id='word_1_622' title='bbox 339 2802 353 2820; x_wconf 84' lang='lat' dir='ltr'><strong>:I</strong></span> <span class='ocrx_word' id='word_1_623' title='bbox 367 2793 424 2828; x_wconf 78' lang='lat' dir='ltr'><strong>lege</strong></span> <span class='ocrx_word' id='word_1_624' title='bbox 438 2792 575 2827; x_wconf 85' lang='lat' dir='ltr'><strong>prohibita</strong></span> <span class='ocrx_word' id='word_1_625' title='bbox 590 2795 649 2818; x_wconf 86' lang='lat' dir='ltr'><strong>est:</strong></span> <span class='ocrx_word' id='word_1_626' title='bbox 663 2795 692 2817; x_wconf 88' lang='lat' dir='ltr'><strong>ut</strong></span> <span class='ocrx_word' id='word_1_627' title='bbox 705 2798 712 2817; x_wconf 86' lang='lat'><strong>:</strong></span> <span class='ocrx_word' id='word_1_628' title='bbox 743 2789 839 2821; x_wconf 76' lang='lat' dir='ltr'><strong>Dabis,</strong></span> <span class='ocrx_word' id='word_1_629' title='bbox 865 2790 889 2816; x_wconf 75' lang='lat' dir='ltr'><strong>si</strong></span> <span class='ocrx_word' id='word_1_630' title='bbox 914 2790 972 2824; x_wconf 68' lang='lat' dir='ltr'><strong>quis</strong></span> 
     </span>
    </p>
   </div>
   <div class='ocr_carea' id='block_1_82' title="bbox 184 2836 973 2870">
    <p class='ocr_par' dir='ltr' id='par_1_82' title="bbox 184 2836 973 2870">
     <span class='ocr_line' id='line_1_84' title="bbox 184 2836 973 2870; baseline -0.004 -5"><span class='ocrx_word' id='word_1_631' title='bbox 184 2848 238 2866; x_wconf 74' lang='lat' dir='ltr'><strong>n&#39;m</strong></span> <span class='ocrx_word' id='word_1_632' title='bbox 261 2849 368 2867; x_wconf 72' lang='lat' dir='ltr'><strong>sacram</strong></span> <span class='ocrx_word' id='word_1_633' title='bbox 392 2839 548 2866; x_wconf 71' lang='lat' dir='ltr'><strong>vendiderit.</strong></span> <span class='ocrx_word' id='word_1_634' title='bbox 579 2836 699 2864; x_wconf 83' lang='lat' dir='ltr'><strong>TaIIIclsi</strong></span> <span class='ocrx_word' id='word_1_635' title='bbox 730 2836 787 2863; x_wconf 75' lang='lat' dir='ltr'><strong>ﬁeri</strong></span> <span class='ocrx_word' id='word_1_636' title='bbox 814 2836 908 2870; x_wconf 76' lang='lat' dir='ltr'><strong>possit,</strong></span> <span class='ocrx_word' id='word_1_637' title='bbox 944 2840 973 2862; x_wconf 90' lang='grc' dir='ltr'><strong>ιιι</strong></span> 
     </span>
    </p>
   </div>
   <div class='ocr_carea' id='block_1_83' title="bbox 183 2886 625 2922">
    <p class='ocr_par' dir='ltr' id='par_1_83' title="bbox 183 2886 625 2922">
     <span class='ocr_line' id='line_1_85' title="bbox 183 2886 625 2922; baseline -0.009 -8"><span class='ocrx_word' id='word_1_638' title='bbox 183 2887 355 2920; x_wconf 73' lang='lat' dir='ltr'><strong>postmodum</strong></span> <span class='ocrx_word' id='word_1_639' title='bbox 367 2887 426 2922; x_wconf 74' lang='lat' dir='ltr'><strong>ers</strong></span> <span class='ocrx_word' id='word_1_640' title='bbox 436 2886 481 2922; x_wconf 76' lang='lat' dir='ltr'><strong>jus</strong></span> <span class='ocrx_word' id='word_1_641' title='bbox 495 2889 625 2912; x_wconf 79' lang='lat' dir='ltr'><strong>mutetur.</strong></span> 
     </span>
    </p>
   </div>
   <div class='ocr_carea' id='block_1_84' title="bbox 1019 961 1810 998">
    <p class='ocr_par' dir='ltr' id='par_1_84' title="bbox 1019 961 1810 998">
     <span class='ocr_line' id='line_1_86' title="bbox 1019 961 1810 998; baseline 0.003 -10"><span class='ocrx_word' id='word_1_642' title='bbox 1019 964 1054 996; x_wconf 81' lang='grc' dir='ltr'>γ’,</span> <span class='ocrx_word' id='word_1_643' title='bbox 1065 962 1135 997; x_wconf 63' lang='lat' dir='ltr'><strong>sua.</strong></span> <span class='ocrx_word' id='word_1_644' title='bbox 1145 961 1195 994; x_wconf 81' lang='grc' dir='ltr'>ις’,</span> <span class='ocrx_word' id='word_1_645' title='bbox 1211 961 1253 994; x_wconf 76' lang='grc' dir='ltr'><strong>ιζ’*</strong></span> <span class='ocrx_word' id='word_1_646' title='bbox 1270 962 1342 997; x_wconf 76' lang='grc' dir='ltr'>ἱεροῦ</span> <span class='ocrx_word' id='word_1_647' title='bbox 1355 961 1439 989; x_wconf 80' lang='grc' dir='ltr'>τόπου</span> <span class='ocrx_word' id='word_1_648' title='bbox 1450 962 1689 998; x_wconf 85' lang='grc' dir='ltr'>παρεντιθεμένου,</span> <span class='ocrx_word' id='word_1_649' title='bbox 1702 963 1810 990; x_wconf 85' lang='grc' dir='ltr'>δουλεία</span> 
     </span>
    </p>
   </div>
   <div class='ocr_carea' id='block_1_85' title="bbox 1018 1005 1807 1043">
    <p class='ocr_par' dir='ltr' id='par_1_85' title="bbox 1018 1005 1807 1043">
     <span class='ocr_line' id='line_1_87' title="bbox 1018 1005 1807 1043; baseline 0 -8"><span class='ocrx_word' id='word_1_650' title='bbox 1018 1007 1049 1035; x_wconf 84' lang='grc' dir='ltr'>οὐ</span> <span class='ocrx_word' id='word_1_651' title='bbox 1081 1005 1252 1035; x_wconf 77' lang='grc' dir='ltr'>συνίσταται.</span> <span class='ocrx_word' id='word_1_652' title='bbox 1280 1007 1355 1035; x_wconf 78' lang='grc' dir='ltr'>Βιόλ.</span> <span class='ocrx_word' id='word_1_653' title='bbox 1382 1010 1438 1043; x_wconf 78' lang='grc' dir='ltr'>μα’,</span> <span class='ocrx_word' id='word_1_654' title='bbox 1462 1008 1516 1035; x_wconf 83' lang='grc' dir='ltr'>τιτ.</span> <span class='ocrx_word' id='word_1_655' title='bbox 1539 1008 1573 1043; x_wconf 87' lang='grc' dir='ltr'><strong>β’,</strong></span> <span class='ocrx_word' id='word_1_656' title='bbox 1601 1008 1673 1043; x_wconf 81' lang='grc' dir='ltr'>βιὸλ.</span> <span class='ocrx_word' id='word_1_657' title='bbox 1687 1012 1734 1041; x_wconf 83' lang='grc' dir='ltr'>ις’,</span> <span class='ocrx_word' id='word_1_658' title='bbox 1755 1009 1807 1035; x_wconf 83' lang='grc' dir='ltr'><strong>).α”</strong></span> 
     </span>
    </p>
   </div>
   <div class='ocr_carea' id='block_1_86' title="bbox 1019 1053 1808 1089">
    <p class='ocr_par' dir='ltr' id='par_1_86' title="bbox 1019 1053 1808 1089">
     <span class='ocr_line' id='line_1_88' title="bbox 1019 1053 1808 1089; baseline 0.001 -9"><span class='ocrx_word' id='word_1_659' title='bbox 1019 1053 1163 1088; x_wconf 83' lang='grc' dir='ltr'>παυόμεθα</span> <span class='ocrx_word' id='word_1_660' title='bbox 1182 1053 1313 1089; x_wconf 83' lang='grc' dir='ltr'>νέμεσθαι</span> <span class='ocrx_word' id='word_1_661' title='bbox 1335 1054 1427 1086; x_wconf 83' lang='grc' dir='ltr'>τόπον,</span> <span class='ocrx_word' id='word_1_662' title='bbox 1452 1054 1595 1089; x_wconf 85' lang='grc' dir='ltr'>γινομένου</span> <span class='ocrx_word' id='word_1_663' title='bbox 1618 1054 1700 1081; x_wconf 82' lang='grc' dir='ltr'>αὐτοῦ</span> <span class='ocrx_word' id='word_1_664' title='bbox 1722 1054 1808 1089; x_wconf 82' lang='grc' dir='ltr'>ἱεροῦ,</span> 
     </span>
    </p>
   </div>
   <div class='ocr_carea' id='block_1_87' title="bbox 1018 1097 1807 1136">
    <p class='ocr_par' dir='ltr' id='par_1_87' title="bbox 1018 1097 1807 1136">
     <span class='ocr_line' id='line_1_89' title="bbox 1018 1097 1807 1136; baseline 0.001 -10"><span class='ocrx_word' id='word_1_665' title='bbox 1018 1099 1072 1126; x_wconf 78' lang='grc' dir='ltr'>κᾶν</span> <span class='ocrx_word' id='word_1_666' title='bbox 1086 1097 1123 1134; x_wconf 81' lang='grc' dir='ltr'>μὴ</span> <span class='ocrx_word' id='word_1_667' title='bbox 1137 1098 1176 1131; x_wconf 85' lang='grc' dir='ltr'><strong>ὡς</strong></span> <span class='ocrx_word' id='word_1_668' title='bbox 1188 1098 1309 1126; x_wconf 82' lang='grc' dir='ltr'>τοιοῦτον</span> <span class='ocrx_word' id='word_1_669' title='bbox 1321 1098 1379 1125; x_wconf 81' lang='grc' dir='ltr'>ἀλλ’</span> <span class='ocrx_word' id='word_1_670' title='bbox 1392 1099 1430 1131; x_wconf 85' lang='grc' dir='ltr'>ὡς</span> <span class='ocrx_word' id='word_1_671' title='bbox 1446 1099 1580 1127; x_wconf 70' lang='grc' dir='ltr'>ἰδιωτικὸν</span> <span class='ocrx_word' id='word_1_672' title='bbox 1596 1100 1676 1127; x_wconf 78' lang='grc' dir='ltr'>αὑτὸν</span> <span class='ocrx_word' id='word_1_673' title='bbox 1690 1100 1807 1136; x_wconf 74' lang='grc' dir='ltr'>ἔχωμεν·</span> 
     </span>
    </p>
   </div>
   <div class='ocr_carea' id='block_1_88' title="bbox 1017 1143 1809 1181">
    <p class='ocr_par' dir='ltr' id='par_1_88' title="bbox 1017 1143 1809 1181">
     <span class='ocr_line' id='line_1_90' title="bbox 1017 1143 1809 1181; baseline 0.001 -9"><span class='ocrx_word' id='word_1_674' title='bbox 1017 1145 1070 1172; x_wconf 88' lang='grc' dir='ltr'>τίτ.</span> <span class='ocrx_word' id='word_1_675' title='bbox 1090 1148 1125 1178; x_wconf 77' lang='grc' dir='ltr'>γ’,</span> <span class='ocrx_word' id='word_1_676' title='bbox 1141 1145 1212 1180; x_wconf 80' lang='grc' dir='ltr'>βιὸλ.</span> <span class='ocrx_word' id='word_1_677' title='bbox 1234 1144 1283 1177; x_wconf 76' lang='grc' dir='ltr'>ις’,</span> <span class='ocrx_word' id='word_1_678' title='bbox 1300 1143 1334 1171; x_wconf 91' lang='grc' dir='ltr'><strong>θ’·</strong></span> <span class='ocrx_word' id='word_1_679' title='bbox 1358 1145 1469 1181; x_wconf 81' lang='grc' dir='ltr'>τὰίερὰ</span> <span class='ocrx_word' id='word_1_680' title='bbox 1494 1145 1525 1171; x_wconf 86' lang='grc' dir='ltr'>οὐ</span> <span class='ocrx_word' id='word_1_681' title='bbox 1546 1144 1676 1180; x_wconf 81' lang='grc' dir='ltr'>κτώμεθα</span> <span class='ocrx_word' id='word_1_682' title='bbox 1700 1146 1745 1173; x_wconf 78' lang='grc' dir='ltr'><strong>διὰ</strong></span> <span class='ocrx_word' id='word_1_683' title='bbox 1758 1146 1809 1181; x_wconf 72' lang='grc' dir='ltr'>τῆς</span> 
     </span>
    </p>
   </div>
   <div class='ocr_carea' id='block_1_89' title="bbox 1018 1189 1810 1227">
    <p class='ocr_par' dir='ltr' id='par_1_89' title="bbox 1018 1189 1810 1227">
     <span class='ocr_line' id='line_1_91' title="bbox 1018 1189 1810 1227; baseline 0.001 -9"><span class='ocrx_word' id='word_1_684' title='bbox 1018 1191 1128 1226; x_wconf 80' lang='grc' dir='ltr'>χρονίας</span> <span class='ocrx_word' id='word_1_685' title='bbox 1136 1191 1232 1226; x_wconf 82' lang='grc' dir='ltr'>νομῆς.</span> <span class='ocrx_word' id='word_1_686' title='bbox 1242 1190 1316 1217; x_wconf 79' lang='grc' dir='ltr'><strong>Βιὸλ.</strong></span> <span class='ocrx_word' id='word_1_687' title='bbox 1327 1189 1382 1226; x_wconf 80' lang='grc' dir='ltr'>μγ’,</span> <span class='ocrx_word' id='word_1_688' title='bbox 1390 1190 1442 1218; x_wconf 84' lang='grc' dir='ltr'>τίτ.</span> <span class='ocrx_word' id='word_1_689' title='bbox 1454 1193 1489 1223; x_wconf 86' lang='grc' dir='ltr'>α’,</span> <span class='ocrx_word' id='word_1_690' title='bbox 1502 1191 1625 1226; x_wconf 80' lang='grc' dir='ltr'>βισλ.ις¹,</span> <span class='ocrx_word' id='word_1_691' title='bbox 1636 1195 1670 1224; x_wconf 84' lang='grc' dir='ltr'>α’,</span> <span class='ocrx_word' id='word_1_692' title='bbox 1683 1192 1715 1227; x_wconf 62' lang='lat' dir='ltr'>ﬂ&quot;</span> <span class='ocrx_word' id='word_1_693' title='bbox 1728 1192 1759 1219; x_wconf 86' lang='grc' dir='ltr'>οὐ</span> <span class='ocrx_word' id='word_1_694' title='bbox 1769 1193 1810 1219; x_wconf 82' lang='grc' dir='ltr'>δεῖ</span> 
     </span>
    </p>
   </div>
   <div class='ocr_carea' id='block_1_90' title="bbox 1017 1234 1809 1271">
    <p class='ocr_par' dir='ltr' id='par_1_90' title="bbox 1017 1234 1809 1271">
     <span class='ocr_line' id='line_1_92' title="bbox 1017 1234 1809 1271; baseline 0.003 -9"><span class='ocrx_word' id='word_1_695' title='bbox 1017 1235 1139 1271; x_wconf 84' lang='grc' dir='ltr'>γίνεσθαί</span> <span class='ocrx_word' id='word_1_696' title='bbox 1152 1244 1179 1262; x_wconf 88' lang='grc' dir='ltr'><strong>τι</strong></span> <span class='ocrx_word' id='word_1_697' title='bbox 1192 1235 1263 1262; x_wconf 82' lang='grc' dir='ltr'>κατὰ</span> <span class='ocrx_word' id='word_1_698' title='bbox 1277 1234 1351 1270; x_wconf 77' lang='grc' dir='ltr'>ἱεροῦ</span> <span class='ocrx_word' id='word_1_699' title='bbox 1365 1235 1459 1267; x_wconf 88' lang='grc' dir='ltr'>τόπου,</span> <span class='ocrx_word' id='word_1_700' title='bbox 1471 1236 1519 1262; x_wconf 80' lang='grc' dir='ltr'>καὶ</span> <span class='ocrx_word' id='word_1_701' title='bbox 1530 1236 1676 1271; x_wconf 85' lang='grc' dir='ltr'>γενόμενον</span> <span class='ocrx_word' id='word_1_702' title='bbox 1687 1237 1809 1264; x_wconf 70' lang='grc' dir='ltr'>ἀποκαθ-</span> 
     </span>
    </p>
   </div>
   <div class='ocr_carea' id='block_1_91' title="bbox 1019 1280 1810 1316">
    <p class='ocr_par' dir='ltr' id='par_1_91' title="bbox 1019 1280 1810 1316">
     <span class='ocr_line' id='line_1_93' title="bbox 1019 1280 1810 1316; baseline -0.001 -7"><span class='ocrx_word' id='word_1_703' title='bbox 1019 1283 1135 1309; x_wconf 84' lang='grc' dir='ltr'>ίσταται·</span> <span class='ocrx_word' id='word_1_704' title='bbox 1154 1281 1206 1309; x_wconf 86' lang='grc' dir='ltr'>τίτ.</span> <span class='ocrx_word' id='word_1_705' title='bbox 1223 1280 1251 1312; x_wconf 88' lang='grc' dir='ltr'>ς’</span> <span class='ocrx_word' id='word_1_706' title='bbox 1265 1280 1312 1307; x_wconf 82' lang='grc' dir='ltr'>τοῦ</span> <span class='ocrx_word' id='word_1_707' title='bbox 1327 1280 1410 1307; x_wconf 82' lang='grc' dir='ltr'>αὐτοῦ</span> <span class='ocrx_word' id='word_1_708' title='bbox 1424 1280 1526 1316; x_wconf 79' lang='grc' dir='ltr'>βιϐλίου</span> <span class='ocrx_word' id='word_1_709' title='bbox 1536 1300 1544 1313; x_wconf 89' lang='grc'><strong>,</strong></span> <span class='ocrx_word' id='word_1_710' title='bbox 1558 1280 1629 1315; x_wconf 75' lang='grc' dir='ltr'>βιῦλ.</span> <span class='ocrx_word' id='word_1_711' title='bbox 1646 1280 1694 1313; x_wconf 79' lang='grc' dir='ltr'>ις’,</span> <span class='ocrx_word' id='word_1_712' title='bbox 1710 1284 1744 1308; x_wconf 81' lang='grc' dir='ltr'><strong>α¹⁸</strong></span> <span class='ocrx_word' id='word_1_713' title='bbox 1759 1282 1810 1308; x_wconf 76' lang='grc' dir='ltr'>οὐκ</span> 
     </span>
    </p>
   </div>
   <div class='ocr_carea' id='block_1_92' title="bbox 1017 1326 1810 1363">
    <p class='ocr_par' dir='ltr' id='par_1_92' title="bbox 1017 1326 1810 1363">
     <span class='ocr_line' id='line_1_94' title="bbox 1017 1326 1810 1363; baseline -0.001 -7"><span class='ocrx_word' id='word_1_714' title='bbox 1017 1329 1107 1363; x_wconf 78' lang='grc' dir='ltr'>ἔξεστί</span> <span class='ocrx_word' id='word_1_715' title='bbox 1122 1337 1149 1355; x_wconf 88' lang='grc' dir='ltr'><strong>τι</strong></span> <span class='ocrx_word' id='word_1_716' title='bbox 1161 1329 1247 1355; x_wconf 85' lang='grc' dir='ltr'>ποιεῖν</span> <span class='ocrx_word' id='word_1_717' title='bbox 1257 1328 1274 1363; x_wconf 82' lang='grc' dir='ltr'>ἢ</span> <span class='ocrx_word' id='word_1_718' title='bbox 1292 1327 1439 1363; x_wconf 69' lang='grc' dir='ltr'>ἐμϐάλλειν</span> <span class='ocrx_word' id='word_1_719' title='bbox 1457 1326 1521 1362; x_wconf 83' lang='grc' dir='ltr'>ιερῷ</span> <span class='ocrx_word' id='word_1_720' title='bbox 1536 1327 1622 1362; x_wconf 82' lang='grc' dir='ltr'>τόπῳ,</span> <span class='ocrx_word' id='word_1_721' title='bbox 1636 1327 1704 1362; x_wconf 82' lang='grc' dir='ltr'>ὅπερ</span> <span class='ocrx_word' id='word_1_722' title='bbox 1722 1328 1810 1363; x_wconf 59' lang='grc' dir='ltr'>ἀμορι</span> 
     </span>
    </p>
   </div>
   <div class='ocr_carea' id='block_1_93' title="bbox 1018 1371 1812 1408">
    <p class='ocr_par' dir='ltr' id='par_1_93' title="bbox 1018 1371 1812 1408">
     <span class='ocr_line' id='line_1_95' title="bbox 1018 1371 1812 1408; baseline 0.001 -9"><span class='ocrx_word' id='word_1_723' title='bbox 1018 1372 1082 1405; x_wconf 84' lang='grc' dir='ltr'>φίαν</span> <span class='ocrx_word' id='word_1_724' title='bbox 1102 1374 1150 1399; x_wconf 83' lang='grc' dir='ltr'>καὶ</span> <span class='ocrx_word' id='word_1_725' title='bbox 1173 1372 1203 1399; x_wconf 85' lang='grc' dir='ltr'>οὐ</span> <span class='ocrx_word' id='word_1_726' title='bbox 1220 1373 1321 1408; x_wconf 74' lang='grc' dir='ltr'>κόσμον</span> <span class='ocrx_word' id='word_1_727' title='bbox 1338 1372 1412 1407; x_wconf 79' lang='grc' dir='ltr'>αὑτῷ</span> <span class='ocrx_word' id='word_1_728' title='bbox 1427 1373 1516 1407; x_wconf 83' lang='grc' dir='ltr'>φέρει·</span> <span class='ocrx_word' id='word_1_729' title='bbox 1538 1371 1618 1399; x_wconf 83' lang='grc' dir='ltr'>τοῦτο</span> <span class='ocrx_word' id='word_1_730' title='bbox 1640 1372 1669 1399; x_wconf 77' lang='grc' dir='ltr'>δὲ</span> <span class='ocrx_word' id='word_1_731' title='bbox 1690 1373 1759 1408; x_wconf 72' lang='grc' dir='ltr'>πρὸς</span> <span class='ocrx_word' id='word_1_732' title='bbox 1775 1373 1812 1400; x_wconf 75' lang='grc' dir='ltr'>τὰ</span> 
     </span>
    </p>
   </div>
   <div class='ocr_carea' id='block_1_94' title="bbox 1019 1418 1813 1454">
    <p class='ocr_par' dir='ltr' id='par_1_94' title="bbox 1019 1418 1813 1454">
     <span class='ocr_line' id='line_1_96' title="bbox 1019 1418 1813 1454; baseline 0.001 -9"><span class='ocrx_word' id='word_1_733' title='bbox 1019 1418 1079 1454; x_wconf 72' lang='grc' dir='ltr'>ἱερὰ</span> <span class='ocrx_word' id='word_1_734' title='bbox 1092 1419 1143 1445; x_wconf 82' lang='grc' dir='ltr'><strong>οὐκ</strong></span> <span class='ocrx_word' id='word_1_735' title='bbox 1157 1419 1254 1454; x_wconf 82' lang='grc' dir='ltr'><strong>ἀνήκει</strong></span> <span class='ocrx_word' id='word_1_736' title='bbox 1267 1418 1302 1445; x_wconf 87' lang='grc' dir='ltr'><strong>τὰ</strong></span> <span class='ocrx_word' id='word_1_737' title='bbox 1318 1418 1451 1445; x_wconf 80' lang='grc' dir='ltr'>ἰδιωτικά-</span> <span class='ocrx_word' id='word_1_738' title='bbox 1465 1419 1482 1452; x_wconf 88' lang='grc' dir='ltr'><strong>ή</strong></span> <span class='ocrx_word' id='word_1_739' title='bbox 1493 1419 1522 1445; x_wconf 76' lang='grc' dir='ltr'>δὲ</span> <span class='ocrx_word' id='word_1_740' title='bbox 1536 1418 1644 1453; x_wconf 83' lang='grc' dir='ltr'>φυλακὴ</span> <span class='ocrx_word' id='word_1_741' title='bbox 1660 1418 1713 1445; x_wconf 83' lang='grc' dir='ltr'><strong>τῶν</strong></span> <span class='ocrx_word' id='word_1_742' title='bbox 1730 1419 1813 1453; x_wconf 75' lang='grc' dir='ltr'>ἱερῶν</span> 
     </span>
    </p>
   </div>
   <div class='ocr_carea' id='block_1_95' title="bbox 1017 1464 1810 1500">
    <p class='ocr_par' dir='ltr' id='par_1_95' title="bbox 1017 1464 1810 1500">
     <span class='ocr_line' id='line_1_97' title="bbox 1017 1464 1810 1500; baseline 0.001 -10"><span class='ocrx_word' id='word_1_743' title='bbox 1017 1465 1073 1496; x_wconf 85' lang='grc' dir='ltr'>τοῖς</span> <span class='ocrx_word' id='word_1_744' title='bbox 1091 1465 1259 1500; x_wconf 81' lang='grc' dir='ltr'>προεστῶσιν</span> <span class='ocrx_word' id='word_1_745' title='bbox 1283 1464 1372 1490; x_wconf 81' lang='grc' dir='ltr'>αὐτῶν</span> <span class='ocrx_word' id='word_1_746' title='bbox 1389 1465 1598 1500; x_wconf 74' lang='grc' dir='ltr'>ἐπιτέτριπται·</span> <span class='ocrx_word' id='word_1_747' title='bbox 1611 1464 1664 1491; x_wconf 84' lang='grc' dir='ltr'>τίτ.</span> <span class='ocrx_word' id='word_1_748' title='bbox 1682 1468 1718 1500; x_wconf 85' lang='grc' dir='ltr'><strong>η’,</strong></span> <span class='ocrx_word' id='word_1_749' title='bbox 1737 1464 1810 1499; x_wconf 79' lang='grc' dir='ltr'>βισλ.</span> 
     </span>
    </p>
   </div>
   <div class='ocr_carea' id='block_1_96' title="bbox 1020 1510 1812 1546">
    <p class='ocr_par' dir='ltr' id='par_1_96' title="bbox 1020 1510 1812 1546">
     <span class='ocr_line' id='line_1_98' title="bbox 1020 1510 1812 1546; baseline 0.004 -10"><span class='ocrx_word' id='word_1_750' title='bbox 1020 1513 1068 1543; x_wconf 83' lang='grc' dir='ltr'>ις’,</span> <span class='ocrx_word' id='word_1_751' title='bbox 1084 1510 1118 1545; x_wconf 84' lang='grc' dir='ltr'><strong>β’·</strong></span> <span class='ocrx_word' id='word_1_752' title='bbox 1138 1510 1189 1537; x_wconf 75' lang='grc' dir='ltr'>οὐκ</span> <span class='ocrx_word' id='word_1_753' title='bbox 1211 1510 1300 1543; x_wconf 79' lang='grc' dir='ltr'>ἔξεστι</span> <span class='ocrx_word' id='word_1_754' title='bbox 1325 1510 1396 1537; x_wconf 77' lang='grc' dir='ltr'>κατὰ</span> <span class='ocrx_word' id='word_1_755' title='bbox 1414 1510 1496 1537; x_wconf 85' lang='grc' dir='ltr'>τόπου</span> <span class='ocrx_word' id='word_1_756' title='bbox 1521 1510 1594 1546; x_wconf 70' lang='grc' dir='ltr'>ἱεροῦ</span> <span class='ocrx_word' id='word_1_757' title='bbox 1605 1510 1720 1544; x_wconf 68' lang='grc' dir='ltr'>κτίζειν,</span> <span class='ocrx_word' id='word_1_758' title='bbox 1743 1512 1812 1539; x_wconf 63' lang='grc' dir='ltr'>ἀλλὰ</span> 
     </span>
    </p>
   </div>
   <div class='ocr_carea' id='block_1_97' title="bbox 983 1554 1809 1596">
    <p class='ocr_par' dir='ltr' id='par_1_97' title="bbox 983 1554 1809 1596">
     <span class='ocr_line' id='line_1_99' title="bbox 983 1554 1809 1596; baseline 0 -14"><span class='ocrx_word' id='word_1_759' title='bbox 983 1564 1005 1596; x_wconf 80' lang='lat' dir='ltr'>C</span> <span class='ocrx_word' id='word_1_760' title='bbox 1022 1556 1068 1582; x_wconf 76' lang='grc' dir='ltr'>καὶ</span> <span class='ocrx_word' id='word_1_761' title='bbox 1092 1554 1122 1581; x_wconf 82' lang='grc' dir='ltr'>τὸ</span> <span class='ocrx_word' id='word_1_762' title='bbox 1136 1554 1245 1581; x_wconf 82' lang='grc' dir='ltr'>κτισθὲν</span> <span class='ocrx_word' id='word_1_763' title='bbox 1258 1555 1431 1582; x_wconf 83' lang='grc' dir='ltr'>καταλύεται.</span> <span class='ocrx_word' id='word_1_764' title='bbox 1448 1554 1524 1582; x_wconf 78' lang='grc' dir='ltr'><strong>Βιὸλ.</strong></span> <span class='ocrx_word' id='word_1_765' title='bbox 1546 1554 1661 1589; x_wconf 88' lang='grc' dir='ltr'>μδ¹,τίτ.</span> <span class='ocrx_word' id='word_1_766' title='bbox 1683 1555 1809 1594; x_wconf 77' lang='grc' dir='ltr'>ς’,βι6λ.</span> 
     </span>
    </p>
   </div>
   <div class='ocr_carea' id='block_1_98' title="bbox 1020 1596 1812 1637">
    <p class='ocr_par' dir='ltr' id='par_1_98' title="bbox 1020 1596 1812 1637">
     <span class='ocr_line' id='line_1_100' title="bbox 1020 1596 1812 1637; baseline 0 -10"><span class='ocrx_word' id='word_1_767' title='bbox 1020 1604 1069 1635; x_wconf 78' lang='grc' dir='ltr'>ις’,</span> <span class='ocrx_word' id='word_1_768' title='bbox 1085 1604 1120 1636; x_wconf 83' lang='grc' dir='ltr'><strong>γ’·</strong></span> <span class='ocrx_word' id='word_1_769' title='bbox 1136 1601 1188 1628; x_wconf 78' lang='grc' dir='ltr'>οὐκ</span> <span class='ocrx_word' id='word_1_770' title='bbox 1203 1600 1292 1634; x_wconf 78' lang='grc' dir='ltr'>ἔξεστι</span> <span class='ocrx_word' id='word_1_771' title='bbox 1301 1601 1331 1627; x_wconf 79' lang='grc' dir='ltr'>τὸ</span> <span class='ocrx_word' id='word_1_772' title='bbox 1343 1601 1464 1627; x_wconf 75' lang='grc' dir='ltr'>ἐπίδικον</span> <span class='ocrx_word' id='word_1_773' title='bbox 1477 1600 1516 1636; x_wconf 85' lang='grc' dir='ltr'>τῷ</span> <span class='ocrx_word' id='word_1_774' title='bbox 1525 1600 1749 1637; x_wconf 79' lang='grc' dir='ltr'>Θεῷκαθιεροῦν·</span> <span class='ocrx_word' id='word_1_775' title='bbox 1763 1596 1812 1628; x_wconf 78' lang='grc' dir='ltr'>καὶ</span> 
     </span>
    </p>
   </div>
   <div class='ocr_carea' id='block_1_99' title="bbox 1018 1646 1812 1683">
    <p class='ocr_par' dir='ltr' id='par_1_99' title="bbox 1018 1646 1812 1683">
     <span class='ocr_line' id='line_1_101' title="bbox 1018 1646 1812 1683; baseline 0 -9"><span class='ocrx_word' id='word_1_776' title='bbox 1018 1647 1033 1674; x_wconf 82' lang='lat'><strong>6</strong></span> <span class='ocrx_word' id='word_1_777' title='bbox 1049 1647 1128 1674; x_wconf 78' lang='grc' dir='ltr'>τοῦτο</span> <span class='ocrx_word' id='word_1_778' title='bbox 1143 1647 1274 1683; x_wconf 83' lang='grc' dir='ltr'><strong>ποιήσας,</strong></span> <span class='ocrx_word' id='word_1_779' title='bbox 1287 1647 1377 1673; x_wconf 81' lang='grc' dir='ltr'>δίδωσι</span> <span class='ocrx_word' id='word_1_780' title='bbox 1391 1646 1421 1674; x_wconf 82' lang='grc' dir='ltr'>τὸ</span> <span class='ocrx_word' id='word_1_781' title='bbox 1435 1646 1546 1673; x_wconf 85' lang='grc' dir='ltr'>διπλοῦν</span> <span class='ocrx_word' id='word_1_782' title='bbox 1562 1646 1602 1682; x_wconf 86' lang='grc' dir='ltr'>τῷ</span> <span class='ocrx_word' id='word_1_783' title='bbox 1617 1647 1745 1682; x_wconf 85' lang='grc' dir='ltr'>ἀντιδίκῳ</span> <span class='ocrx_word' id='word_1_784' title='bbox 1761 1648 1812 1674; x_wconf 84' lang='grc' dir='ltr'><strong>αὑ-</strong></span> 
     </span>
    </p>
   </div>
   <div class='ocr_carea' id='block_1_100' title="bbox 1018 1692 1809 1730">
    <p class='ocr_par' dir='ltr' id='par_1_100' title="bbox 1018 1692 1809 1730">
     <span class='ocr_line' id='line_1_102' title="bbox 1018 1692 1809 1730; baseline -0.001 -9"><span class='ocrx_word' id='word_1_785' title='bbox 1018 1694 1076 1728; x_wconf 86' lang='grc' dir='ltr'>τοῦ,</span> <span class='ocrx_word' id='word_1_786' title='bbox 1095 1695 1165 1730; x_wconf 82' lang='grc' dir='ltr'>ὑπὲρ</span> <span class='ocrx_word' id='word_1_787' title='bbox 1180 1692 1218 1722; x_wconf 80' lang='grc' dir='ltr'>ὧν</span> <span class='ocrx_word' id='word_1_788' title='bbox 1234 1694 1412 1730; x_wconf 81' lang='grc' dir='ltr'>δυνατωτέρῳ</span> <span class='ocrx_word' id='word_1_789' title='bbox 1424 1693 1507 1722; x_wconf 83' lang='grc' dir='ltr'>αὑτοῦ</span> <span class='ocrx_word' id='word_1_790' title='bbox 1518 1693 1647 1730; x_wconf 83' lang='grc' dir='ltr'>ἀντιδίκῳ</span> <span class='ocrx_word' id='word_1_791' title='bbox 1663 1693 1809 1729; x_wconf 80' lang='grc' dir='ltr'>παρεδόθη.</span> 
     </span>
    </p>
   </div>
   <div class='ocr_carea' id='block_1_101' title="bbox 1054 1828 1813 1865">
    <p class='ocr_par' dir='ltr' id='par_1_101' title="bbox 1054 1828 1813 1865">
     <span class='ocr_line' id='line_1_103' title="bbox 1054 1828 1813 1865; baseline -0.001 -9"><span class='ocrx_word' id='word_1_792' title='bbox 1054 1829 1130 1858; x_wconf 80' lang='grc' dir='ltr'><strong>Βιὸλ.</strong></span> <span class='ocrx_word' id='word_1_793' title='bbox 1148 1829 1263 1864; x_wconf 85' lang='grc' dir='ltr'>με’,τίτ.</span> <span class='ocrx_word' id='word_1_794' title='bbox 1284 1828 1320 1862; x_wconf 93' lang='grc' dir='ltr'>α’,</span> <span class='ocrx_word' id='word_1_795' title='bbox 1340 1829 1410 1864; x_wconf 74' lang='grc' dir='ltr'>βιελ.</span> <span class='ocrx_word' id='word_1_796' title='bbox 1437 1833 1486 1862; x_wconf 77' lang='grc' dir='ltr'>ις’,</span> <span class='ocrx_word' id='word_1_797' title='bbox 1508 1829 1561 1865; x_wconf 84' lang='grc' dir='ltr'>λη’·</span> <span class='ocrx_word' id='word_1_798' title='bbox 1591 1829 1682 1861; x_wconf 83' lang='grc' dir='ltr'>καλῶς</span> <span class='ocrx_word' id='word_1_799' title='bbox 1705 1829 1813 1864; x_wconf 74' lang='grc' dir='ltr'>ἐπερω-</span> 
     </span>
    </p>
   </div>
   <div class='ocr_carea' id='block_1_102' title="bbox 1018 1874 1813 1910">
    <p class='ocr_par' dir='ltr' id='par_1_102' title="bbox 1018 1874 1813 1910">
     <span class='ocr_line' id='line_1_104' title="bbox 1018 1874 1813 1910; baseline -0.001 -8"><span class='ocrx_word' id='word_1_800' title='bbox 1018 1875 1057 1902; x_wconf 82' lang='grc' dir='ltr'><strong>τῶ</strong></span> <span class='ocrx_word' id='word_1_801' title='bbox 1072 1884 1102 1902; x_wconf 83' lang='grc' dir='ltr'>σε</span> <span class='ocrx_word' id='word_1_802' title='bbox 1130 1875 1222 1902; x_wconf 77' lang='grc' dir='ltr'>κτίσαι</span> <span class='ocrx_word' id='word_1_803' title='bbox 1244 1875 1332 1909; x_wconf 75' lang='grc' dir='ltr'>ἱερόν·</span> <span class='ocrx_word' id='word_1_804' title='bbox 1361 1875 1409 1902; x_wconf 81' lang='grc' dir='ltr'>καὶ</span> <span class='ocrx_word' id='word_1_805' title='bbox 1430 1876 1447 1910; x_wconf 77' lang='grc' dir='ltr'><strong>ἠ</strong></span> <span class='ocrx_word' id='word_1_806' title='bbox 1479 1875 1526 1902; x_wconf 80' lang='grc' dir='ltr'><strong>ἐπὶ</strong></span> <span class='ocrx_word' id='word_1_807' title='bbox 1549 1874 1588 1910; x_wconf 79' lang='grc' dir='ltr'>τῷ</span> <span class='ocrx_word' id='word_1_808' title='bbox 1612 1874 1725 1910; x_wconf 85' lang='grc' dir='ltr'>τοιούτῳ</span> <span class='ocrx_word' id='word_1_809' title='bbox 1757 1875 1813 1909; x_wconf 79' lang='grc' dir='ltr'><strong>γὰρ</strong></span> 
     </span>
    </p>
   </div>
   <div class='ocr_carea' id='block_1_103' title="bbox 1021 1920 1813 1957">
    <p class='ocr_par' dir='ltr' id='par_1_103' title="bbox 1021 1920 1813 1957">
     <span class='ocr_line' id='line_1_105' title="bbox 1021 1920 1813 1957; baseline -0.001 -9"><span class='ocrx_word' id='word_1_810' title='bbox 1021 1922 1151 1956; x_wconf 80' lang='grc' dir='ltr'>μίσθωσις</span> <span class='ocrx_word' id='word_1_811' title='bbox 1163 1921 1295 1957; x_wconf 70' lang='grc' dir='ltr'>ἔρρωται.</span> <span class='ocrx_word' id='word_1_812' title='bbox 1315 1921 1391 1948; x_wconf 77' lang='grc' dir='ltr'>Βισλ.</span> <span class='ocrx_word' id='word_1_813' title='bbox 1416 1924 1464 1954; x_wconf 82' lang='grc' dir='ltr'>ις’,</span> <span class='ocrx_word' id='word_1_814' title='bbox 1480 1924 1536 1955; x_wconf 87' lang='grc' dir='ltr'>πγ¹·</span> <span class='ocrx_word' id='word_1_815' title='bbox 1560 1920 1591 1947; x_wconf 66' lang='lat' dir='ltr'><strong>at)</strong></span> <span class='ocrx_word' id='word_1_816' title='bbox 1613 1920 1725 1947; x_wconf 77' lang='grc' dir='ltr'>δυνατὸν</span> <span class='ocrx_word' id='word_1_817' title='bbox 1739 1920 1813 1955; x_wconf 75' lang='grc' dir='ltr'>ἱερὸν</span> 
     </span>
    </p>
   </div>
   <div class='ocr_carea' id='block_1_104' title="bbox 1019 1965 1813 2001">
    <p class='ocr_par' dir='ltr' id='par_1_104' title="bbox 1019 1965 1813 2001">
     <span class='ocr_line' id='line_1_106' title="bbox 1019 1965 1813 2001; baseline 0 -9"><span class='ocrx_word' id='word_1_818' title='bbox 1019 1966 1171 2001; x_wconf 75' lang='grc' dir='ltr'>ἐπερωτᾷν,</span> <span class='ocrx_word' id='word_1_819' title='bbox 1192 1966 1243 1993; x_wconf 82' lang='grc' dir='ltr'>κᾶν</span> <span class='ocrx_word' id='word_1_820' title='bbox 1256 1967 1280 1993; x_wconf 80' lang='grc' dir='ltr'>εἰ</span> <span class='ocrx_word' id='word_1_821' title='bbox 1291 1965 1404 1993; x_wconf 86' lang='grc' dir='ltr'>δύναται</span> <span class='ocrx_word' id='word_1_822' title='bbox 1415 1966 1542 2001; x_wconf 88' lang='grc' dir='ltr'>γενέσθαι</span> <span class='ocrx_word' id='word_1_823' title='bbox 1557 1965 1702 1992; x_wconf 74' lang='grc' dir='ltr'>ίδιωτικόνο</span> <span class='ocrx_word' id='word_1_824' title='bbox 1716 1966 1740 1992; x_wconf 76' lang='grc' dir='ltr'>εἰ</span> <span class='ocrx_word' id='word_1_825' title='bbox 1757 1965 1813 2001; x_wconf 83' lang='grc' dir='ltr'><strong>γὰρ</strong></span> 
     </span>
    </p>
   </div>
   <div class='ocr_carea' id='block_1_105' title="bbox 1020 2011 1813 2047">
    <p class='ocr_par' dir='ltr' id='par_1_105' title="bbox 1020 2011 1813 2047">
     <span class='ocr_line' id='line_1_107' title="bbox 1020 2011 1813 2047; baseline 0 -9"><span class='ocrx_word' id='word_1_826' title='bbox 1020 2012 1068 2038; x_wconf 74' lang='grc' dir='ltr'>καὶ</span> <span class='ocrx_word' id='word_1_827' title='bbox 1085 2011 1217 2038; x_wconf 82' lang='grc' dir='ltr'>ἰδιωτικὸν</span> <span class='ocrx_word' id='word_1_828' title='bbox 1240 2012 1409 2047; x_wconf 78' lang='grc' dir='ltr'>ἐπερωτηθῶ</span> <span class='ocrx_word' id='word_1_829' title='bbox 1426 2012 1518 2044; x_wconf 84' lang='grc' dir='ltr'>τόπον,</span> <span class='ocrx_word' id='word_1_830' title='bbox 1545 2012 1592 2038; x_wconf 82' lang='grc' dir='ltr'>καὶ</span> <span class='ocrx_word' id='word_1_831' title='bbox 1615 2012 1707 2047; x_wconf 76' lang='grc' dir='ltr'><strong>συμὸῇ</strong></span> <span class='ocrx_word' id='word_1_832' title='bbox 1731 2011 1813 2038; x_wconf 75' lang='grc' dir='ltr'>αὐτὸν</span> 
     </span>
    </p>
   </div>
   <div class='ocr_carea' id='block_1_106' title="bbox 1020 2056 1812 2093">
    <p class='ocr_par' dir='ltr' id='par_1_106' title="bbox 1020 2056 1812 2093">
     <span class='ocr_line' id='line_1_108' title="bbox 1020 2056 1812 2093; baseline 0 -10"><span class='ocrx_word' id='word_1_833' title='bbox 1020 2058 1105 2093; x_wconf 82' lang='grc' dir='ltr'>χωρὶς</span> <span class='ocrx_word' id='word_1_834' title='bbox 1116 2057 1192 2084; x_wconf 87' lang='grc' dir='ltr'>δόλου</span> <span class='ocrx_word' id='word_1_835' title='bbox 1211 2065 1263 2092; x_wconf 87' lang='grc' dir='ltr'><strong>μου</strong></span> <span class='ocrx_word' id='word_1_836' title='bbox 1283 2057 1483 2093; x_wconf 80' lang='grc' dir='ltr'>καθιερωθῆναι</span> <span class='ocrx_word' id='word_1_837' title='bbox 1499 2056 1705 2092; x_wconf 81' lang='grc' dir='ltr'>ὲλευθεροῦμαι·</span> <span class='ocrx_word' id='word_1_838' title='bbox 1724 2058 1771 2083; x_wconf 75' lang='grc' dir='ltr'>καὶ</span> <span class='ocrx_word' id='word_1_839' title='bbox 1787 2057 1812 2083; x_wconf 84' lang='grc' dir='ltr'><strong>εί</strong></span> 
     </span>
    </p>
   </div>
   <div class='ocr_carea' id='block_1_107' title="bbox 1021 2097 1811 2138">
    <p class='ocr_par' dir='ltr' id='par_1_107' title="bbox 1021 2097 1811 2138">
     <span class='ocr_line' id='line_1_109' title="bbox 1021 2097 1811 2138; baseline -0.001 -9"><span class='ocrx_word' id='word_1_840' title='bbox 1021 2103 1112 2138; x_wconf 75' lang='grc' dir='ltr'>συμϐῇ</span> <span class='ocrx_word' id='word_1_841' title='bbox 1127 2103 1160 2129; x_wconf 78' lang='grc' dir='ltr'>ἐκ</span> <span class='ocrx_word' id='word_1_842' title='bbox 1175 2111 1247 2134; x_wconf 91' lang='grc' dir='ltr'>τινος</span> <span class='ocrx_word' id='word_1_843' title='bbox 1263 2103 1347 2137; x_wconf 79' lang='grc' dir='ltr'>νόμον</span> <span class='ocrx_word' id='word_1_844' title='bbox 1362 2102 1488 2137; x_wconf 83' lang='grc' dir='ltr'>γενέσθαι</span> <span class='ocrx_word' id='word_1_845' title='bbox 1505 2097 1639 2129; x_wconf 76' lang='grc' dir='ltr'>ἰδιωτικὸν</span> <span class='ocrx_word' id='word_1_846' title='bbox 1659 2101 1705 2127; x_wconf 70' lang='grc' dir='ltr'>τὸν</span> <span class='ocrx_word' id='word_1_847' title='bbox 1719 2101 1811 2133; x_wconf 79' lang='grc' dir='ltr'>τόπον,</span> 
     </span>
    </p>
   </div>
   <div class='ocr_carea' id='block_1_108' title="bbox 1019 2147 1814 2184">
    <p class='ocr_par' dir='ltr' id='par_1_108' title="bbox 1019 2147 1814 2184">
     <span class='ocr_line' id='line_1_110' title="bbox 1019 2147 1814 2184; baseline -0.001 -9"><span class='ocrx_word' id='word_1_848' title='bbox 1019 2149 1071 2175; x_wconf 83' lang='grc' dir='ltr'>οὐκ</span> <span class='ocrx_word' id='word_1_849' title='bbox 1091 2149 1230 2184; x_wconf 79' lang='grc' dir='ltr'>ὲνέχομαι.</span> <span class='ocrx_word' id='word_1_850' title='bbox 1253 2149 1291 2175; x_wconf 65' lang='lat' dir='ltr'><strong>Ub</strong></span> <span class='ocrx_word' id='word_1_851' title='bbox 1312 2149 1429 2183; x_wconf 83' lang='grc' dir='ltr'>δύναμαι</span> <span class='ocrx_word' id='word_1_852' title='bbox 1448 2149 1477 2175; x_wconf 80' lang='grc' dir='ltr'>δὲ</span> <span class='ocrx_word' id='word_1_853' title='bbox 1499 2148 1573 2183; x_wconf 77' lang='grc' dir='ltr'>ἱερὸν</span> <span class='ocrx_word' id='word_1_854' title='bbox 1597 2148 1739 2183; x_wconf 83' lang='grc' dir='ltr'>ἐπερωτᾷν</span> <span class='ocrx_word' id='word_1_855' title='bbox 1761 2147 1814 2174; x_wconf 78' lang='grc' dir='ltr'><strong>ὑπὸ</strong></span> 
     </span>
    </p>
   </div>
   <div class='ocr_carea' id='block_1_109' title="bbox 1020 2193 1813 2230">
    <p class='ocr_par' dir='ltr' id='par_1_109' title="bbox 1020 2193 1813 2230">
     <span class='ocr_line' id='line_1_111' title="bbox 1020 2193 1813 2230; baseline -0.003 -9"><span class='ocrx_word' id='word_1_856' title='bbox 1020 2195 1127 2230; x_wconf 78' lang='grc' dir='ltr'>αἵρεσιν</span> <span class='ocrx_word' id='word_1_857' title='bbox 1137 2195 1188 2230; x_wconf 83' lang='grc' dir='ltr'>τὴν</span> <span class='ocrx_word' id='word_1_858' title='bbox 1201 2194 1266 2221; x_wconf 81' lang='grc' dir='ltr'>ὅταν</span> <span class='ocrx_word' id='word_1_859' title='bbox 1286 2194 1421 2221; x_wconf 82' lang='grc' dir='ltr'>ἰδιωτικὸν</span> <span class='ocrx_word' id='word_1_860' title='bbox 1433 2194 1556 2229; x_wconf 85' lang='grc' dir='ltr'>γένηται’</span> <span class='ocrx_word' id='word_1_861' title='bbox 1575 2194 1669 2220; x_wconf 77' lang='grc' dir='ltr'>ἐκεῖνα</span> <span class='ocrx_word' id='word_1_862' title='bbox 1684 2193 1739 2228; x_wconf 79' lang='grc' dir='ltr'><strong>γὰρ</strong></span> <span class='ocrx_word' id='word_1_863' title='bbox 1761 2193 1813 2220; x_wconf 83' lang='grc' dir='ltr'><strong>ὲπ-</strong></span> 
     </span>
    </p>
   </div>
   <div class='ocr_carea' id='block_1_110' title="bbox 1022 2239 1814 2276">
    <p class='ocr_par' dir='ltr' id='par_1_110' title="bbox 1022 2239 1814 2276">
     <span class='ocr_line' id='line_1_112' title="bbox 1022 2239 1814 2276; baseline -0.003 -9"><span class='ocrx_word' id='word_1_864' title='bbox 1022 2239 1127 2276; x_wconf 72' lang='grc' dir='ltr'>ερωτᾷν</span> <span class='ocrx_word' id='word_1_865' title='bbox 1139 2241 1288 2276; x_wconf 78' lang='grc' dir='ltr'>δυνάμεθα,</span> <span class='ocrx_word' id='word_1_866' title='bbox 1301 2241 1351 2267; x_wconf 84' lang='grc' dir='ltr'><strong>ὅσα</strong></span> <span class='ocrx_word' id='word_1_867' title='bbox 1364 2240 1435 2268; x_wconf 83' lang='grc' dir='ltr'>κατὰ</span> <span class='ocrx_word' id='word_1_868' title='bbox 1447 2240 1493 2268; x_wconf 84' lang='grc' dir='ltr'>τὸν</span> <span class='ocrx_word' id='word_1_869' title='bbox 1506 2239 1600 2276; x_wconf 76' lang='grc' dir='ltr'>καιρὸν</span> <span class='ocrx_word' id='word_1_870' title='bbox 1614 2240 1664 2275; x_wconf 87' lang='grc' dir='ltr'>τῆς</span> <span class='ocrx_word' id='word_1_871' title='bbox 1672 2240 1814 2275; x_wconf 75' lang='grc' dir='ltr'>ἐπερωτή-</span> 
     </span>
    </p>
   </div>
   <div class='ocr_carea' id='block_1_111' title="bbox 1023 2283 1814 2323">
    <p class='ocr_par' dir='ltr' id='par_1_111' title="bbox 1023 2283 1814 2323">
     <span class='ocr_line' id='line_1_113' title="bbox 1023 2283 1814 2323; baseline -0.003 -9"><span class='ocrx_word' id='word_1_872' title='bbox 1023 2296 1107 2320; x_wconf 83' lang='grc' dir='ltr'>σεως,</span> <span class='ocrx_word' id='word_1_873' title='bbox 1123 2287 1313 2323; x_wconf 24' lang='grc' dir='ltr'>τῆςγχρήσεως</span> <span class='ocrx_word' id='word_1_874' title='bbox 1327 2288 1375 2315; x_wconf 81' lang='grc' dir='ltr'><strong>καὶ</strong></span> <span class='ocrx_word' id='word_1_875' title='bbox 1397 2287 1448 2322; x_wconf 82' lang='grc' dir='ltr'>τῆς</span> <span class='ocrx_word' id='word_1_876' title='bbox 1463 2287 1623 2318; x_wconf 79' lang='grc' dir='ltr'>δεσποτείας</span> <span class='ocrx_word' id='word_1_877' title='bbox 1645 2285 1724 2322; x_wconf 83' lang='grc' dir='ltr'>ἡμῶν</span> <span class='ocrx_word' id='word_1_878' title='bbox 1744 2283 1814 2313; x_wconf 79' lang='grc' dir='ltr'>εἶναι</span> 
     </span>
    </p>
   </div>
   <div class='ocr_carea' id='block_1_112' title="bbox 1022 2331 1816 2367">
    <p class='ocr_par' dir='ltr' id='par_1_112' title="bbox 1022 2331 1816 2367">
     <span class='ocr_line' id='line_1_114' title="bbox 1022 2331 1816 2367; baseline -0.004 -7"><span class='ocrx_word' id='word_1_879' title='bbox 1022 2333 1144 2360; x_wconf 82' lang='grc' dir='ltr'>δύναται.</span> <span class='ocrx_word' id='word_1_880' title='bbox 1163 2333 1240 2360; x_wconf 73' lang='grc' dir='ltr'>Βιϐλ.</span> <span class='ocrx_word' id='word_1_881' title='bbox 1256 2333 1304 2365; x_wconf 80' lang='grc' dir='ltr'>ις’,</span> <span class='ocrx_word' id='word_1_882' title='bbox 1317 2335 1371 2366; x_wconf 52' lang='lat' dir='ltr'><strong>ha&quot;</strong></span> <span class='ocrx_word' id='word_1_883' title='bbox 1393 2333 1440 2359; x_wconf 74' lang='grc' dir='ltr'><strong>ἐὰν</strong></span> <span class='ocrx_word' id='word_1_884' title='bbox 1460 2332 1491 2359; x_wconf 88' lang='grc' dir='ltr'><strong>τὺ</strong></span> <span class='ocrx_word' id='word_1_885' title='bbox 1505 2331 1680 2367; x_wconf 79' lang='grc' dir='ltr'>ὲπερωτηθὲν</span> <span class='ocrx_word' id='word_1_886' title='bbox 1698 2332 1816 2366; x_wconf 76' lang='grc' dir='ltr'>πρᾶγμα</span> 
     </span>
    </p>
   </div>
   <div class='ocr_carea' id='block_1_113' title="bbox 1024 2376 1816 2414">
    <p class='ocr_par' dir='ltr' id='par_1_113' title="bbox 1024 2376 1816 2414">
     <span class='ocr_line' id='line_1_115' title="bbox 1024 2376 1816 2414; baseline -0.004 -9"><span class='ocrx_word' id='word_1_887' title='bbox 1024 2379 1082 2406; x_wconf 73' lang='grc' dir='ltr'>ἔστι</span> <span class='ocrx_word' id='word_1_888' title='bbox 1098 2378 1148 2414; x_wconf 79' lang='grc' dir='ltr'>μὲν</span> <span class='ocrx_word' id='word_1_889' title='bbox 1160 2380 1189 2405; x_wconf 79' lang='grc' dir='ltr'>ὲν</span> <span class='ocrx_word' id='word_1_890' title='bbox 1201 2378 1291 2413; x_wconf 78' lang='grc' dir='ltr'>φύσει,</span> <span class='ocrx_word' id='word_1_891' title='bbox 1307 2379 1337 2404; x_wconf 88' lang='grc' dir='ltr'>οὺ</span> <span class='ocrx_word' id='word_1_892' title='bbox 1349 2378 1462 2405; x_wconf 86' lang='grc' dir='ltr'>δύναται</span> <span class='ocrx_word' id='word_1_893' title='bbox 1474 2377 1503 2404; x_wconf 82' lang='grc' dir='ltr'>δὲ</span> <span class='ocrx_word' id='word_1_894' title='bbox 1514 2377 1624 2412; x_wconf 86' lang='grc' dir='ltr'>δοθῆναι</span> <span class='ocrx_word' id='word_1_895' title='bbox 1638 2376 1681 2403; x_wconf 87' lang='grc' dir='ltr'><strong>διὰ</strong></span> <span class='ocrx_word' id='word_1_896' title='bbox 1693 2376 1724 2403; x_wconf 87' lang='grc' dir='ltr'><strong>τδ</strong></span> <span class='ocrx_word' id='word_1_897' title='bbox 1734 2376 1816 2411; x_wconf 84' lang='grc' dir='ltr'>τυχὸν</span> 
     </span>
    </p>
   </div>
   <div class='ocr_carea' id='block_1_114' title="bbox 1025 2422 1817 2460">
    <p class='ocr_par' dir='ltr' id='par_1_114' title="bbox 1025 2422 1817 2460">
     <span class='ocr_line' id='line_1_116' title="bbox 1025 2422 1817 2460; baseline -0.005 -8"><span class='ocrx_word' id='word_1_898' title='bbox 1025 2425 1091 2452; x_wconf 72' lang='grc' dir='ltr'>αὐτὸ</span> <span class='ocrx_word' id='word_1_899' title='bbox 1107 2425 1234 2460; x_wconf 82' lang='grc' dir='ltr'>γενέσθαι</span> <span class='ocrx_word' id='word_1_900' title='bbox 1259 2425 1340 2460; x_wconf 77' lang='grc' dir='ltr'>ἱερὸν,</span> <span class='ocrx_word' id='word_1_901' title='bbox 1368 2425 1392 2451; x_wconf 80' lang='grc' dir='ltr'><strong>ει</strong></span> <span class='ocrx_word' id='word_1_902' title='bbox 1409 2426 1458 2460; x_wconf 87' lang='grc' dir='ltr'>μὲν</span> <span class='ocrx_word' id='word_1_903' title='bbox 1475 2424 1506 2450; x_wconf 80' lang='grc' dir='ltr'>ὲν</span> <span class='ocrx_word' id='word_1_904' title='bbox 1522 2423 1611 2458; x_wconf 85' lang='grc' dir='ltr'>καιρῷ</span> <span class='ocrx_word' id='word_1_905' title='bbox 1634 2422 1686 2457; x_wconf 85' lang='grc' dir='ltr'>τῆς</span> <span class='ocrx_word' id='word_1_906' title='bbox 1709 2423 1817 2457; x_wconf 72' lang='grc' dir='ltr'>ἐπερω-</span> 
     </span>
    </p>
   </div>
   <div class='ocr_carea' id='block_1_115' title="bbox 1024 2465 1816 2506">
    <p class='ocr_par' dir='ltr' id='par_1_115' title="bbox 1024 2465 1816 2506">
     <span class='ocr_line' id='line_1_117' title="bbox 1024 2465 1816 2506; baseline -0.006 -8"><span class='ocrx_word' id='word_1_907' title='bbox 1024 2471 1140 2506; x_wconf 82' lang='grc' dir='ltr'>τήσεως,</span> <span class='ocrx_word' id='word_1_908' title='bbox 1155 2471 1172 2506; x_wconf 80' lang='grc' dir='ltr'>ἢ</span> <span class='ocrx_word' id='word_1_909' title='bbox 1195 2471 1265 2506; x_wconf 84' lang='grc' dir='ltr'><strong>μετά</strong></span> <span class='ocrx_word' id='word_1_910' title='bbox 1278 2469 1376 2500; x_wconf 82' lang='grc' dir='ltr'>ταῦτα.</span> <span class='ocrx_word' id='word_1_911' title='bbox 1397 2469 1446 2496; x_wconf 80' lang='grc' dir='ltr'>τοῦ</span> <span class='ocrx_word' id='word_1_912' title='bbox 1466 2468 1686 2505; x_wconf 80' lang='grc' dir='ltr'>ὲπερωτηθέντος</span> <span class='ocrx_word' id='word_1_913' title='bbox 1706 2465 1752 2502; x_wconf 80' lang='grc' dir='ltr'>ἦν,</span> <span class='ocrx_word' id='word_1_914' title='bbox 1769 2466 1816 2493; x_wconf 81' lang='grc' dir='ltr'>καὶ</span> 
     </span>
    </p>
   </div>
   <div class='ocr_carea' id='block_1_116' title="bbox 1025 2511 1816 2551">
    <p class='ocr_par' dir='ltr' id='par_1_116' title="bbox 1025 2511 1816 2551">
     <span class='ocr_line' id='line_1_118' title="bbox 1025 2511 1816 2551; baseline -0.008 -8"><span class='ocrx_word' id='word_1_915' title='bbox 1025 2516 1111 2548; x_wconf 81' lang='grc' dir='ltr'>οὕτως</span> <span class='ocrx_word' id='word_1_916' title='bbox 1123 2516 1234 2551; x_wconf 83' lang='grc' dir='ltr'>γέγονεν</span> <span class='ocrx_word' id='word_1_917' title='bbox 1257 2515 1339 2550; x_wconf 74' lang='grc' dir='ltr'>ἱερὸν,</span> <span class='ocrx_word' id='word_1_918' title='bbox 1360 2515 1494 2550; x_wconf 74' lang='grc' dir='ltr'>ἐνέχεται·</span> <span class='ocrx_word' id='word_1_919' title='bbox 1517 2514 1612 2549; x_wconf 81' lang='grc' dir='ltr'>ὥσπερ</span> <span class='ocrx_word' id='word_1_920' title='bbox 1637 2513 1685 2540; x_wconf 73' lang='grc' dir='ltr'>καὶ</span> <span class='ocrx_word' id='word_1_921' title='bbox 1710 2513 1755 2539; x_wconf 78' lang='grc' dir='ltr'>ὅτε</span> <span class='ocrx_word' id='word_1_922' title='bbox 1782 2511 1816 2538; x_wconf 80' lang='grc' dir='ltr'>δι’</span> 
     </span>
    </p>
   </div>
   <div class='ocr_carea' id='block_1_117' title="bbox 1027 2555 1815 2597">
    <p class='ocr_par' dir='ltr' id='par_1_117' title="bbox 1027 2555 1815 2597">
     <span class='ocr_line' id='line_1_119' title="bbox 1027 2555 1815 2597; baseline -0.008 -9"><span class='ocrx_word' id='word_1_923' title='bbox 1027 2562 1121 2597; x_wconf 82' lang='grc' dir='ltr'>ἑτέρου</span> <span class='ocrx_word' id='word_1_924' title='bbox 1139 2562 1326 2596; x_wconf 86' lang='grc' dir='ltr'>πωλήσαντος,</span> <span class='ocrx_word' id='word_1_925' title='bbox 1348 2560 1416 2587; x_wconf 73' lang='grc' dir='ltr'>αὐτὸ</span> <span class='ocrx_word' id='word_1_926' title='bbox 1430 2560 1543 2594; x_wconf 85' lang='grc' dir='ltr'>γέγονεν</span> <span class='ocrx_word' id='word_1_927' title='bbox 1567 2559 1651 2593; x_wconf 83' lang='grc' dir='ltr'>ἱερόν.</span> <span class='ocrx_word' id='word_1_928' title='bbox 1666 2557 1698 2584; x_wconf 73' lang='lat' dir='ltr'><strong>Et</strong></span> <span class='ocrx_word' id='word_1_929' title='bbox 1720 2557 1749 2583; x_wconf 83' lang='grc' dir='ltr'>δὲ</span> <span class='ocrx_word' id='word_1_930' title='bbox 1767 2555 1815 2583; x_wconf 78' lang='grc' dir='ltr'>τοῦ</span> 
     </span>
    </p>
   </div>
   <div class='ocr_carea' id='block_1_118' title="bbox 1026 2601 1816 2643">
    <p class='ocr_par' dir='ltr' id='par_1_118' title="bbox 1026 2601 1816 2643">
     <span class='ocr_line' id='line_1_120' title="bbox 1026 2601 1816 2643; baseline -0.008 -9"><span class='ocrx_word' id='word_1_931' title='bbox 1026 2608 1190 2643; x_wconf 84' lang='grc' dir='ltr'>πράγματος</span> <span class='ocrx_word' id='word_1_932' title='bbox 1205 2607 1281 2638; x_wconf 79' lang='grc' dir='ltr'>δντος</span> <span class='ocrx_word' id='word_1_933' title='bbox 1304 2606 1456 2641; x_wconf 84' lang='grc' dir='ltr'>ἀλλοτρίου,</span> <span class='ocrx_word' id='word_1_934' title='bbox 1474 2604 1563 2640; x_wconf 77' lang='grc' dir='ltr'><strong>συμὸᾒ</strong></span> <span class='ocrx_word' id='word_1_935' title='bbox 1584 2605 1618 2631; x_wconf 77' lang='grc' dir='ltr'>δι’</span> <span class='ocrx_word' id='word_1_936' title='bbox 1634 2604 1728 2638; x_wconf 78' lang='grc' dir='ltr'>ἐτέρου</span> <span class='ocrx_word' id='word_1_937' title='bbox 1748 2601 1816 2629; x_wconf 79' lang='grc' dir='ltr'>αὐτὸ</span> 
     </span>
    </p>
   </div>
   <div class='ocr_carea' id='block_1_119' title="bbox 1028 2647 1814 2689">
    <p class='ocr_par' dir='ltr' id='par_1_119' title="bbox 1028 2647 1814 2689">
     <span class='ocr_line' id='line_1_121' title="bbox 1028 2647 1814 2689; baseline -0.009 -9"><span class='ocrx_word' id='word_1_938' title='bbox 1028 2654 1100 2689; x_wconf 76' lang='grc' dir='ltr'>ἱερὸν</span> <span class='ocrx_word' id='word_1_939' title='bbox 1115 2652 1259 2687; x_wconf 86' lang='grc' dir='ltr'>γενέσθαι,</span> <span class='ocrx_word' id='word_1_940' title='bbox 1276 2652 1327 2679; x_wconf 79' lang='grc' dir='ltr'><strong>οὐκ</strong></span> <span class='ocrx_word' id='word_1_941' title='bbox 1347 2652 1470 2687; x_wconf 74' lang='grc' dir='ltr'>ἐνέχεται</span> <span class='ocrx_word' id='word_1_942' title='bbox 1485 2651 1499 2677; x_wconf 88' lang='lat'><strong>6</strong></span> <span class='ocrx_word' id='word_1_943' title='bbox 1521 2648 1723 2685; x_wconf 73' lang='grc' dir='ltr'>ἐπερωτηθεὶς,</span> <span class='ocrx_word' id='word_1_944' title='bbox 1740 2649 1764 2674; x_wconf 81' lang='grc' dir='ltr'><strong>εί</strong></span> <span class='ocrx_word' id='word_1_945' title='bbox 1777 2647 1814 2682; x_wconf 85' lang='grc' dir='ltr'>μὴ</span> 
     </span>
    </p>
   </div>
   <div class='ocr_carea' id='block_1_120' title="bbox 1028 2694 1816 2734">
    <p class='ocr_par' dir='ltr' id='par_1_120' title="bbox 1028 2694 1816 2734">
     <span class='ocr_line' id='line_1_122' title="bbox 1028 2694 1816 2734; baseline -0.009 -8"><span class='ocrx_word' id='word_1_946' title='bbox 1028 2699 1097 2734; x_wconf 86' lang='grc' dir='ltr'>μετὰ</span> <span class='ocrx_word' id='word_1_947' title='bbox 1108 2699 1139 2725; x_wconf 81' lang='grc' dir='ltr'>τὸ</span> <span class='ocrx_word' id='word_1_948' title='bbox 1149 2699 1262 2733; x_wconf 81' lang='grc' dir='ltr'>ποιῆσαι</span> <span class='ocrx_word' id='word_1_949' title='bbox 1275 2698 1356 2725; x_wconf 69' lang='grc' dir='ltr'>αὐτόν</span> <span class='ocrx_word' id='word_1_950' title='bbox 1371 2694 1527 2733; x_wconf 64' lang='grc' dir='ltr'>ὑπέρθεσιν,</span> <span class='ocrx_word' id='word_1_951' title='bbox 1541 2696 1638 2730; x_wconf 85' lang='grc' dir='ltr'>γέγονε</span> <span class='ocrx_word' id='word_1_952' title='bbox 1651 2695 1681 2721; x_wconf 81' lang='grc' dir='ltr'>τὸ</span> <span class='ocrx_word' id='word_1_953' title='bbox 1698 2695 1816 2729; x_wconf 84' lang='grc' dir='ltr'>πρᾶγμα</span> 
     </span>
    </p>
   </div>
   <div class='ocr_carea' id='block_1_121' title="bbox 1028 2738 1814 2780">
    <p class='ocr_par' dir='ltr' id='par_1_121' title="bbox 1028 2738 1814 2780">
     <span class='ocr_line' id='line_1_123' title="bbox 1028 2738 1814 2780; baseline -0.009 -9"><span class='ocrx_word' id='word_1_954' title='bbox 1028 2745 1111 2780; x_wconf 77' lang='grc' dir='ltr'>ἱερόν.</span> <span class='ocrx_word' id='word_1_955' title='bbox 1131 2744 1206 2771; x_wconf 81' lang='grc' dir='ltr'><strong>Βιὸλ.</strong></span> <span class='ocrx_word' id='word_1_956' title='bbox 1230 2746 1278 2775; x_wconf 85' lang='grc' dir='ltr'>ις’,</span> <span class='ocrx_word' id='word_1_957' title='bbox 1298 2743 1362 2779; x_wconf 65' lang='grc' dir='ltr'>ρλξ·</span> <span class='ocrx_word' id='word_1_958' title='bbox 1385 2742 1540 2778; x_wconf 82' lang='grc' dir='ltr'>ἁνισχύρως</span> <span class='ocrx_word' id='word_1_959' title='bbox 1559 2739 1690 2776; x_wconf 80' lang='grc' dir='ltr'>ἐπερωτῶ</span> <span class='ocrx_word' id='word_1_960' title='bbox 1701 2739 1753 2765; x_wconf 84' lang='grc' dir='ltr'><strong>ὑπὸ</strong></span> <span class='ocrx_word' id='word_1_961' title='bbox 1771 2738 1814 2764; x_wconf 86' lang='grc' dir='ltr'><strong>αῖ-</strong></span> 
     </span>
    </p>
   </div>
   <div class='ocr_carea' id='block_1_122' title="bbox 1029 2783 1815 2825">
    <p class='ocr_par' dir='ltr' id='par_1_122' title="bbox 1029 2783 1815 2825">
     <span class='ocr_line' id='line_1_124' title="bbox 1029 2783 1815 2825; baseline -0.009 -10"><span class='ocrx_word' id='word_1_962' title='bbox 1029 2798 1103 2825; x_wconf 83' lang='grc' dir='ltr'>ρεσιν</span> <span class='ocrx_word' id='word_1_963' title='bbox 1116 2789 1168 2815; x_wconf 81' lang='grc' dir='ltr'><strong>ὑπὸ</strong></span> <span class='ocrx_word' id='word_1_964' title='bbox 1187 2788 1235 2814; x_wconf 82' lang='grc' dir='ltr'>τοῦ</span> <span class='ocrx_word' id='word_1_965' title='bbox 1255 2788 1338 2823; x_wconf 88' lang='grc' dir='ltr'>νόμου</span> <span class='ocrx_word' id='word_1_966' title='bbox 1359 2787 1566 2822; x_wconf 83' lang='grc' dir='ltr'>κεκωλυμένην·</span> <span class='ocrx_word' id='word_1_967' title='bbox 1589 2784 1645 2812; x_wconf 75' lang='grc' dir='ltr'>οἷον</span> <span class='ocrx_word' id='word_1_968' title='bbox 1667 2785 1746 2815; x_wconf 78' lang='grc' dir='ltr'>δίδως</span> <span class='ocrx_word' id='word_1_969' title='bbox 1768 2783 1815 2809; x_wconf 81' lang='grc' dir='ltr'><strong>ἐάν</strong></span> 
     </span>
    </p>
   </div>
   <div class='ocr_carea' id='block_1_123' title="bbox 1027 2829 1815 2870">
    <p class='ocr_par' dir='ltr' id='par_1_123' title="bbox 1027 2829 1815 2870">
     <span class='ocr_line' id='line_1_125' title="bbox 1027 2829 1815 2870; baseline -0.01 -8"><span class='ocrx_word' id='word_1_970' title='bbox 1027 2845 1067 2866; x_wconf 82' lang='grc' dir='ltr'><strong>τις</strong></span> <span class='ocrx_word' id='word_1_971' title='bbox 1083 2835 1196 2870; x_wconf 79' lang='grc' dir='ltr'>πωλήσῃ</span> <span class='ocrx_word' id='word_1_972' title='bbox 1213 2835 1242 2862; x_wconf 80' lang='grc' dir='ltr'>τὸ</span> <span class='ocrx_word' id='word_1_973' title='bbox 1254 2834 1336 2869; x_wconf 81' lang='grc' dir='ltr'>ἱερὸν,</span> <span class='ocrx_word' id='word_1_974' title='bbox 1349 2835 1373 2860; x_wconf 89' lang='grc' dir='ltr'>εὶ</span> <span class='ocrx_word' id='word_1_975' title='bbox 1386 2834 1432 2860; x_wconf 77' lang='grc' dir='ltr'>καὶ</span> <span class='ocrx_word' id='word_1_976' title='bbox 1445 2833 1483 2868; x_wconf 84' lang='grc' dir='ltr'>μὴ</span> <span class='ocrx_word' id='word_1_977' title='bbox 1495 2832 1606 2861; x_wconf 84' lang='grc' dir='ltr'>δυνατόν</span> <span class='ocrx_word' id='word_1_978' title='bbox 1615 2832 1688 2858; x_wconf 79' lang='grc' dir='ltr'>ἐστιν</span> <span class='ocrx_word' id='word_1_979' title='bbox 1702 2829 1815 2864; x_wconf 77' lang='grc' dir='ltr'>ὕστερον</span> 
     </span>
    </p>
   </div>
   <div class='ocr_carea' id='block_1_124' title="bbox 1028 2878 1465 2915">
    <p class='ocr_par' dir='ltr' id='par_1_124' title="bbox 1028 2878 1465 2915">
     <span class='ocr_line' id='line_1_126' title="bbox 1028 2878 1465 2915; baseline -0.005 -8"><span class='ocrx_word' id='word_1_980' title='bbox 1028 2880 1205 2915; x_wconf 68' lang='grc' dir='ltr'>ἐναλλαγῆναι</span> <span class='ocrx_word' id='word_1_981' title='bbox 1219 2881 1248 2907; x_wconf 65' lang='grc' dir='ltr'>τὸ</span> <span class='ocrx_word' id='word_1_982' title='bbox 1260 2880 1361 2907; x_wconf 65' lang='grc' dir='ltr'>δίκαιον</span> <span class='ocrx_word' id='word_1_983' title='bbox 1372 2878 1465 2906; x_wconf 75' lang='grc' dir='ltr'>αὐτοῦ.</span> 
     </span>
    </p>
   </div>
  </div>
