1959 3061
119 145 169 177 ἷϋθ

541 150 741 183 SYNTAGMA
756 154 953 186 CANONUM.
968 168 1003 174 σ-
1017 155 1092 185 ΤΙΤ.
1110 156 1151 186 II.
1169 156 1248 187 C.\P.
1268 157 1293 187 Ι.

1360 164 1412 197 ιβ
1690 155 1742 186 570

154 201 229 230 Βιϐλ.
243 201 297 238 μζ,
309 201 361 229 τίτ.
374 202 427 238 ιβ’,
436 203 506 239 βιϐλ.
520 208 567 238 ις’,
589 205 623 240 ﬂ“
638 207 663 233 οί
678 208 727 235 σὺν
740 209 832 240 ὅπλοις
845 218 910 236 κατ-

996 211 1103 238 Tenus.
1124 211 1184 238 Lib.
1200 219 1284 244 van,
1305 213 1346 239 tit.
1365 210 1410 248 λε,
1425 214 1452 237 et
1471 209 1517 237 lib.
1539 216 1633 242 vauI.
1654 210 1696 237 tit.
1713 212 1740 241 4,

118 247 227 282 ἐχοντες
241 247 323 274 τόπον
339 247 428 282 ἱερὸν,
443 248 601 276 ὑπόκεινται
619 253 709 286 ποινῇ·
727 253 840 279 κινεῖται
854 253 909 288 γὰρ

118 294 182 319 κατ’
195 292 285 319 αὐτῶν
304 293 319 319 ὁ
331 293 394 328 περὶ
411 293 601 327 καθοσιώσεως
611 315 619 327 ,
632 295 670 327 ὡς
685 297 758 331 βιϐλ.
774 300 831 333 μη’,
853 299 907 326 τῑτ.

120 338 161 371 ιδ’,
175 338 246 373 βιϐλ.
263 338 310 370 ις’,
320 341 354 370 α’,
365 338 529 373 βιϐλ.ιί,τίτ.
542 341 668 375 ις’,βιϐλ.
683 341 732 374 ις’,
746 341 789 374 ιζ”
801 342 837 369 τά
848 343 910 378 ιερά

111 385 170 411 οὐκ
182 385 236 412 εἰσὶ
245 384 372 420 δημόσια.

157 430 233 457 Βιϐλ.
244 430 295 464 λγ¹,
309 431 363 459 τίτ.
384 429 419 464 α’,
429 431 484 466 δίγ.
500 431 547 458 καὶ
561 434 596 463 κ’.
605 432 654 458 ἐὰν
673 432 834 467 ληγατεύσω
853 434 910 465 τοῖς

121 476 280 512 ἱεροφύλαει
289 477 355 504 δέκα
363 477 643 512 νομίσματαδίδοσθαι
650 478 689 513 τῷ
697 478 841 514 καιρῷτῆς
847 479 910 515 ιορ-

119 522 181 556 ςῆς,
190 521 265 557 αὺτῷ
270 522 309 557 τῷ
317 523 383 558 ίερῷ
393 523 465 549 δοκῶ
474 523 605 558 διηνεκῶς
616 524 650 550 τὰ
658 524 837 552 ι’καταλιπεϊν
846 525 911 561 ὶτή-

121 576 178 594 σια.
189 568 262 595 Βισλ.
272 569 367 596 λδ¹τίτ.
376 571 401 596 α’
408 569 463 604 δίγ.
474 569 518 601 ις’
528 570 590 596 ¹Εάν
598 570 731 606 ἀφορίσας
738 571 848 603 δούλους
859 579 910 606 μου

121 614 162 645 είς
179 613 380 649 παραφυλακὴν
395 614 442 641 τοῦ
459 615 524 650 παρ’
548 615 615 650 ἐμοῦ
632 615 793 650 κτιζομένου
819 617 910 651 ίεροῦ,

122 659 285 694 ληγατεύσω
300 660 393 691 αὐτοῖς
409 660 507 695 ιτήσια
529 660 598 695 πρὸς
615 660 784 696 άποτροφὴν,
799 662 847 688 καὶ
865 661 908 696 ps-

123 704 246 739 στιάριον
259 704 443 739 λαμϐάνουσιν
465 705 520 731 ἀπὸ
533 705 663 740 τελευτῆς
686 715 736 741 μου
762 706 859 741 μέχρις
880 703 911 734 οὗ

122 749 255 785 πληρωθῇ
270 751 284 776 ό
295 750 370 783 ναὸς,
387 749 476 777 δοῦλοι
492 750 521 777 δὲ
538 751 650 786 μένουσι
666 751 714 778 τοῦ
728 752 909 788 κληρονόμου,

122 795 169 827 οὓς
187 796 202 822 δ
218 796 377 830 διαθέμενος
400 797 441 829 είς
457 798 648 834 περιφυλακὴν
676 799 723 825 τοῦ
747 799 831 826 αὐτοῦ
853 808 912 826 κτι-

123 841 234 873 σθέντος
249 842 324 877 ίεροῦ
345 841 496 878 ἀφώρισεν,
509 843 534 869 εί
550 844 587 878 μὴ
599 845 698 877 αὐτοὺς
711 844 909 880 ἠλευθέρωσεν,

959 257 1058 292 digest.
1074 259 1085 284 ί
1102 267 1109 285 :
1125 257 1177 290 Qui
1193 265 1254 285 eum
1269 258 1354 285 armis
1369 257 1459 284 locum
1475 263 1582 283 sacrum
1595 263 1741 290 occupant,

960 303 1072 330 obnoxii
1087 311 1174 338 postue
1192 307 1269 330 sunt.
1285 303 1408 330 Movetur
1419 302 1494 329 enim
1519 301 1653 328 adversus
1668 301 1743 335 ipsos

959 349 1004 377 lex
1022 349 1118 385 [Julia]
1133 349 1296 384 maiestatis.
1314 347 1374 375 Lib.
1394 356 1420 379 1.,
1443 347 1485 374 tit.
1509 346 1554 378 16,
1577 345 1673 380 digest.
1690 345 1742 372 i7:

960 395 1043 423 Sacra
1059 403 1111 422 non
1125 399 1189 422 sunt
1203 395 1323 429 publica.

997 439 1105 467 Teum.
1118 439 1178 466 Lib.
1189 447 1288 472 xxxnt,
1302 439 1343 466 tit.
1356 438 1383 471 ί,
1397 438 1497 473 digest.
1508 437 1543 465 ‘20
1560 445 1567 464 :
1582 436 1609 464 Si
1619 436 1744 471 legavero

960 492 1105 513 sacrarum
1133 492 1224 512 rerum
1240 484 1401 512 custodibus
1425 483 1536 510 denaria
1554 482 1658 513 decem,
1681 480 1743 517 [ita]

962 533 992 555 ut
1007 528 1106 555 dentur
1121 528 1166 555 die
1188 527 1278 556 festo:
1299 527 1393 554 videor
1410 527 1503 554 decem
1525 525 1636 553 denaria
1655 532 1744 552 annua

961 572 1127 606 relinquere.
1145 570 1205 598 Lib.
1221 578 1314 602 xxxiv,
1326 570 1367 598 tit.
1386 570 1412 603 i,
1428 569 1525 604 digest.
1539 569 1571 596 i7
1587 578 1593 595 :
1607 568 1637 596 Si
1657 568 1745 596 servis

961 617 1031 645 meis
1050 618 1083 644 ad
1098 616 1251 644 custodiam
1269 617 1361 651 templi
1384 624 1400 643 a
1419 623 1462 643 me
1483 615 1635 643 adiﬁcandi
1659 614 1744 642 desti-

961 661 1044 694 natis,
1065 660 1191 695 legavero
1216 667 1307 687 annua
1332 659 1435 686 cibaria
1450 663 1477 686 et
1499 659 1579 693 112
1591 657 1719 685 vestiaria
1736 665 1743 684 :

961 707 1073 742 capiunt
1091 706 1141 741 (illi
1158 706 1222 742 ista]
1238 714 1253 732 a
1268 710 1356 734 morte
1367 713 1439 738 mea,
1455 706 1588 740 tantisper
1598 705 1664 732 dum
1675 710 1745 736 tem-

961 752 1036 787 plum
1050 757 1270 779 consummatum
1286 752 1332 779 sit.
1348 751 1426 779 Servi
1440 755 1541 784 tamen,
1551 758 1621 785 quos
1631 754 1745 777 testatur

962 798 995 824 ad
1010 797 1102 832 templi
1116 805 1130 824 a
1141 805 1171 825 se
1185 797 1337 825 aediﬁcandi
1353 796 1505 825 custodiam
1519 795 1676 827 destinavit,
1692 794 1745 821 nisi

964 841 1040 876 ipsos
1054 841 1225 874 manumisit,
1241 841 1357 868 haeredis
1370 845 1481 868 manent
1496 849 1503 868 ε
1521 845 1550 867 ut
1569 840 1617 867 lib.
1639 848 1683 872 η,
1703 840 1745 866 tit.

121 887 241 922 ὼςβισλ.
252 888 290 923 μ’,
302 888 355 915 τιτ.
369 888 413 923 ιβ’,
426 889 480 923 δίγ.
497 889 543 922 λε’,
554 889 624 924 βιϐλ.
640 891 689 922 κδ’,
704 878 757 918 τιτ.
770 878 867 926 α’,’διγ.
877 894 909 917 ε’·

964 888 1008 921 12,
1025 888 1080 922 dig.
1095 887 1141 915 55.
1157 887 1217 915 Lib.
1233 895 1308 919 xxw,
1334 887 1376 914 tit.
1394 894 1416 920 I,
1437 887 1492 921 dig.
1509 887 1545 927 ὅγε
1569 885 1652 913 Recte
1673 885 1747 912 dono

122 933 212 965 καλῶς
226 934 364 970 δωροῦμαι
380 938 414 971 τῇ
433 938 539 971 γαμετῇ
565 945 615 972 μου
631 937 759 972 πρᾶγμα,
776 937 819 971 ἐφ’
835 933 857 970 ᾧ
870 937 912 973 τῷ

120 979 182 1015 Θεῷ
196 983 382 1016 προσαγαγεῖν
406 982 483 1008 αὑτό.
508 981 585 1009 Βιϐλ.
600 982 647 1014 λδ,
670 982 724 1009 τίτ.
744 983 777 1017 β’,
789 982 842 1017 δίγ.
859 983 910 1015 λζ’·

127 1025 191 1053 Ἐὰν
203 1027 273 1053 εἴπω
287 1027 414 1061 γενέσθαι
429 1027 562 1063 σταυροὺς
571 1028 624 1054 ἀπὸ
637 1027 733 1054 ἑκατὸν
747 1027 855 1063 λιτρῶν,
864 1028 911 1055 καὶ

121 1071 284 1107 ἀνατεθῆναι
307 1072 337 1098 ὲν
359 1071 429 1107 τῷδε
451 1071 491 1106 τῷ
515 1071 598 1106 ἱερῷ,
614 1072 715 1103 πάντες
729 1072 758 1098 δὲ
781 1073 806 1099 οἱ
827 1072 856 1099 ιν
872 1072 911 1108 τῷ

120 1116 196 1151 αὐτῷ
210 1115 274 1151 ίερῷ
287 1116 373 1147 ὄντες.
389 1117 506 1151 ἀργυροῖ
516 1116 563 1143 καὶ
575 1117 672 1151 χαλκοῖ
682 1117 762 1149 εἰσιν,
774 1116 912 1152 ἀργυροῦς

119 1163 135 1190 δ
149 1163 317 1197 κληρονόμος
333 1163 520 1196 ἀναγκάζεται
533 1164 630 1189 ποιεῖν.

156 1207 372 1243 Βιϐλ.λε’,τίτ.β¹,
382 1208 473 1242 δίγ.α¹,
480 1208 577 1234 καὶέπὶ
584 1208 639 1240 τοῖς
647 1207 687 1243 τῷ
694 1207 754 1243 Θεῷ
762 1207 912 1242 ληγατευοι-

121 1254 215 1288 μένοις
223 1253 298 1288 χώρα
306 1253 344 1288 τῷ
355 1253 496 1288 φαλκιδίῳ·
509 1253 580 1288 βιϐλ.
588 1253 609 1279 ν’
614 1253 675 1286 ,τίτ.
689 1253 734 1288 ιβ’,
747 1254 800 1288 δίγ.
812 1254 912 1289 β¹.Ἐάν

119 1308 164 1330 τις
171 1300 287 1335 πρᾶγμα
298 1299 507 1334 καρποφορήσῃ,
513 1298 618 1332 γίνεται
626 1298 706 1330 αὐτὸς
711 1298 813 1333 ἔνοχος,
820 1299 850 1325 οὐ
859 1299 912 1334 μὴν

118 1345 151 1371 τὺ
163 1345 295 1379 πρᾶγμα·
310 1345 354 1371 ὅτε
369 1344 397 1370 δὲ
414 1344 444 1370 τὺ
458 1344 575 1379 πρᾶγμα
591 1343 760 1380 καταϐληθῇ,
779 1345 844 1371 αὐτὸ
862 1345 912 1379 μὲν

119 1391 195 1426 ίερὸν
209 1391 240 1417 οὐ
258 1391 362 1424 γίνεται
372 1411 380 1423 ,
394 1389 583 1424 ἐλευθεροῦται
597 1389 626 1416 δὲ
639 1391 653 1416 ὁ
665 1389 911 1424 ἐπαγγειλάμενος·

120 1437 155 1464 ὲκ
165 1437 194 1464 δὲ
208 1437 258 1472 τῆς
271 1436 399 1470 τοιαύτης
412 1436 578 1470 ἐπαγγελίας
591 1436 728 1470 ἐνέχονται
743 1435 912 1468 αὺτεξούσιοι

121 1482 231 1517 ἔφηϐοι,
251 1482 281 1508 οὐ
298 1481 351 1516 μὴν
364 1480 521 1513 ὑπεξούσιοι
538 1480 613 1516 παρά
626 1480 739 1515 γνώμην
754 1480 809 1506 τῶν
828 1480 913 1507 πατέε

121 1537 180 1565 ρων
201 1527 218 1563 ἢ
243 1527 298 1554 τῶν
319 1527 467 1554 δεσποτῶν.
487 1527 518 1554 El
542 1527 572 1553 δέ
588 1535 631 1558 τις
651 1526 682 1553 τὸ
702 1526 814 1553 δέκατον
829 1527 912 1562 μέρος
925 1539 948 1570 c

121 1575 333 1609 καρποφορήσει
351 1574 407 1599 τῶν
431 1572 514 1599 αὐτοῦ
531 1572 713 1608 πραγμάτων,
733 1572 786 1604 ἕως
800 1572 834 1599 ἂν
847 1572 913 1598 αὐτὸ

121 1619 247 1656 χωρίσῃ,
269 1619 299 1646 οὐ
320 1619 437 1646 παύεται
457 1616 528 1646 εἶναι
546 1619 597 1653 τῆς
613 1619 707 1651 οὐσίας
723 1618 822 1645 αὐτοῦ’
837 1619 862 1645 εί
884 1617 912 1644 δὶ

121 1666 282 1699 τελευτήσει
305 1665 342 1700 μὴ
365 1665 502 1700 χωρίσας,
529 1665 668 1700 ἐνέχονται
691 1666 715 1691 oi
737 1665 912 1700 κληρονόμοι·

120 1711 257 1738 διαϐαίνει
275 1711 329 1746 γὰρ
351 1712 391 1742 είς
407 1710 590 1745 κληρονόμους
604 1711 630 1746 ’ἠ
655 1710 705 1745 τῆς
725 1710 914 1746 καρποφορίας

123 1757 216 1792 ὲνοχή,
229 1756 306 1783 Βιϐλ.
317 1759 342 1783 α’
362 1756 409 1782 τοῦ
425 1756 504 1789 κώδ.,
516 1756 570 1782 τίτ.
584 1755 617 1792 β’,
629 1756 699 1783 διάτ.
716 1759 751 1783 α’⁸
769 1756 857 1789 ἔξεστι
874 1756 914 1791 τῷ

123 1802 278 1838 βουλομένῳ
300 1802 517 1837 καταλιμπάνειν
544 1803 574 1829 ἐν
603 1803 745 1838 τελευταίᾳ
772 1802 912 1838 βουλήσει-

122 1848 175 1883 τῆς
187 1849 269 1883 ἁγίας
290 1848 453 1884 Ἐκκλησίας
467 1848 522 1883 γάρ
544 1846 614 1875 εῖναι
636 1849 676 1875 δεῖ
688 1849 737 1880 τὰς
751 1849 806 1875 τῶν
821 1848 914 1875 τελευ-

121 1893 233 1920 τώντων
247 1893 406 1928 βουλήσειςο
431 1893 502 1920 διάτ.
522 1892 566 1927 ιγ’·
592 1893 736 1929 ἐρρωμένη
755 1893 870 1929 διαθήκῃ
897 1893 913 1929 ἧ

122 1938 279 1973 κωδικέλλῳ
298 1938 313 1972 ἧ
333 1938 450 1973 ἀγράφῳ
471 1937 612 1973 βουλήσει,
631 1937 718 1970 ἔξεστι
736 1939 796 1969 ταῖς
815 1938 915 1973 χήραις

122 1985 173 2010 καὶ
184 1985 244 2016 ταῖς
259 1983 461 2014 διακονίσσαις,
483 1983 530 2009 καὶ
544 1984 604 2014 ταῖς
618 1983 711 2014 ἄλλαις
728 1983 814 2016 ίεραίς
831 1990 915 2009 κατα-

121 2030 269 2065 λιμπάνειν
284 2029 453 2064 ἐκκλησίαις·
469 2029 517 2055 καὶ
539 2028 661 2063 κληρικῷ
678 2028 726 2055 καὶ
740 2027 848 2063 μοναχῷ
868 2028 916 2054 καὶ

122 2074 226 2110 πτωχῷ
240 2075 269 2100 ἐν
283 2074 408 2100 ὲνστάσει
421 2073 469 2100 καὶ
481 2072 710 2104 ὕποκαταστάσει,
725 2072 772 2098 καὶ
787 2071 916 2107 ληγάτοις

121 2119 173 2147 καὶ
198 2118 435 2154 φειδικομμίσσοις
460 2118 554 2150 ίδικοῖς
566 2119 612 2145 καὶ
631 2118 692 2145 καθ’
702 2118 802 2154 ὁμάδα.

962 931 1039 958 uxori
1066 939 1133 958 mea:
1159 938 1227 962 rem,
1250 937 1332 964 quam
1360 930 1414 957 Deo
1441 929 1548 957 oll’crat.
1568 928 1628 955 Lib.
1651 936 1744 959 xxxxv,

962 976 1005 1003 tit.
1020 975 1049 1007 2,
1064 975 1160 1009 digest.
1178 974 1212 1001 57
1231 983 1238 1001 :
1258 974 1285 1000 Si
1298 973 1424 1004 dixerim.
1445 977 1475 1000 ut
1500 973 1565 999 tiant
1592 979 1689 999 cruces
1710 979 1744 998 ex

962 1025 1071 1048 centum
1089 1020 1176 1053 libris,
1194 1024 1221 1047 et
1241 1020 1268 1046 in
1293 1019 1337 1046 illa
1354 1026 1432 1046 saera
1448 1018 1506 1046 :edo
1521 1022 1696 1045 statuantur:
1713 1024 1746 1043 ac

962 1071 1026 1093 Vero
1039 1073 1100 1101 quae
1122 1065 1149 1092 in
1173 1072 1204 1092 ea
1224 1063 1343 1101 [cruces]
1365 1068 1429 1091 sunt
1449 1071 1544 1091 omnes
1566 1067 1699 1098 argenteae
1719 1067 1747 1090 et

961 1119 1039 1139 aereae
1051 1112 1106 1139 sint
1123 1119 1130 1138 :
1147 1114 1291 1146 argenteas
1308 1109 1398 1137 facere
1413 1110 1500 1138 haeres
1511 1115 1633 1144 cogetur.

999 1203 1108 1230 Texta.
1126 1201 1187 1230 Lib.
1206 1209 1290 1234 xxxv,
1311 1201 1353 1228 tit.
1368 1201 1398 1234 ἓ,
1412 1200 1511 1236 digest.
1528 1200 1540 1226 Ι
1556 1208 1563 1227 :
1580 1199 1609 1226 In
1632 1199 1667 1226 iis
1686 1206 1746 1233 qua:

963 1249 1018 1276 Deo
1033 1249 1120 1283 legata
1134 1251 1210 1280 sunt,
1225 1247 1303 1275 locus
1324 1246 1388 1282 [est]
1410 1246 1548 1273 Falcidian.
1570 1245 1629 1272 Lib.
1652 1252 1678 1277 ι,
1703 1245 1745 1272 tit.

963 1294 1007 1326 12,
1020 1294 1117 1328 digest.
1133 1294 1151 1320 2
1170 1302 1178 1321 :
1197 1293 1225 1321 Si
1241 1293 1304 1328 quis
1316 1300 1372 1320 rem
1385 1291 1528 1328 [aliquam]
1547 1291 1663 1322 voverit,
1688 1290 1748 1325 ipse

963 1341 1110 1376 obligatur,
1124 1348 1178 1367 non
1193 1343 1285 1367 autem
1298 1347 1354 1366 res.
1365 1339 1479 1371 Quando
1492 1345 1556 1365 vero
1569 1345 1611 1364 res
1621 1336 1746 1368 solvitur,

963 1386 1022 1420 ipsa
1037 1392 1116 1412 sacra
1134 1392 1188 1411 non
1202 1384 1328 1414 eilicltur,
1350 1383 1397 1410 sed
1420 1382 1580 1417 promissori
1602 1382 1745 1408 liberatur.

963 1429 1002 1456 Ex
1018 1429 1065 1456 tali
1080 1432 1171 1455 autem
1186 1428 1369 1462 promissione
1391 1427 1434 1453 sui
1453 1426 1526 1459 juris
1546 1425 1660 1460 puberes
1678 1425 1748 1452 obli-

963 1477 1074 1510 gantur,
1087 1481 1141 1501 non
1155 1478 1246 1500 autem
1265 1473 1360 1499 aliena:
1383 1471 1493 1499 obnoxii
1515 1472 1576 1498 sine
1599 1470 1683 1505 patris
1699 1470 1748 1497 do-

964 1520 1065 1547 minive
1093 1518 1265 1546 auctoritate.
1292 1518 1321 1545 Si
1354 1517 1489 1545 decimam
1522 1517 1586 1551 quis
1611 1516 1746 1544 bonorum

964 1568 1071 1597 voveat,
1085 1571 1139 1591 non
1157 1564 1234 1598 prius
1250 1562 1320 1599 [illa]
1338 1563 1364 1590 in
1378 1563 1438 1596 ejus
1457 1563 1536 1590 bonis
1556 1569 1616 1589 esse
1634 1561 1746 1593 desinit,

963 1617 1045 1645 quam
1061 1610 1149 1644 ipsam
1167 1613 1294 1644 separet:
1310 1610 1332 1636 si
1347 1616 1412 1636 vero
1427 1616 1459 1636 ea
1479 1608 1599 1635 nondum
1621 1613 1746 1643 separata

963 1655 1123 1687 decesserit,
1141 1654 1350 1688 obstringuntur
1365 1654 1486 1681 btetedes
1503 1653 1573 1688 ejus.
1593 1651 1654 1679 Voti
1672 1652 1745 1679 enim

963 1702 1096 1737 obligatio
1115 1701 1148 1728 ad
1171 1700 1295 1728 basi-edes
1315 1701 1427 1728 transit.
1449 1699 1509 1727 Lib.
1535 1699 1619 1726 Icod.
1646 1698 1690 1725 tit.
1717 1697 1745 1730 εἰ,

963 1751 1053 1775 const.
1075 1747 1086 1773 Ι
1105 1755 1112 1773 :
1136 1745 1212 1773 Licet
1238 1746 1388 1780 unicuique
1409 1745 1436 1772 in
1457 1752 1585 1779 suprema
1607 1743 1748 1771 voluntate

963 1793 1067 1820 sanctis
1089 1791 1214 1823 ecclesiis
1229 1791 1394 1826 relinquere.
1414 1790 1521 1817 Firmas
1537 1789 1610 1817 enim
1628 1788 1748 1816 morien-

964 1838 1031 1865 tium
1043 1837 1198 1864 voluntates
1218 1843 1279 1864 esse
1293 1841 1410 1871 oportet.
1432 1835 1528 1863 Const.
1545 1835 1596 1862 i3:
1613 1834 1689 1862 Licet
1707 1834 1748 1861 vi-

964 1883 1037 1916 duis,
1058 1883 1240 1915 diaconissis,
1262 1883 1415 1917 virginibus
1436 1881 1492 1909 Deo
1516 1881 1626 1912 dicatis,
1646 1881 1749 1908 sancti-

964 1929 1140 1962 monialibus,
1156 1933 1184 1956 et
1200 1928 1262 1956 aliis
1273 1928 1407 1963 religiosis
1419 1927 1563 1963 [feiuinis],
1581 1932 1611 1954 ut
1623 1928 1663 1954 vel
1674 1928 1749 1960 justo

963 1979 1140 2008 testamento,
1156 1974 1197 2002 vel
1211 1973 1348 2006 codicillo,
1362 1974 1404 2000 vel
1418 1973 1557 2000 voluntate
1567 1981 1621 2000 non
1636 1973 1749 2007 scripta,

964 2020 1022 2048 sive
1044 2018 1228 2051 institutione,
1250 2019 1308 2046 sive
1330 2018 1542 2052 substitutions,
1568 2018 1625 2046 sive
1648 2018 1748 2052 legato,

963 2065 1006 2093 vel
1030 2064 1262 2097 tideicommisso,
1291 2071 1339 2091 seu
1364 2063 1476 2098 speciali
1501 2071 1550 2090 seu
1583 2063 1748 2094 universali,

964 2109 1091 2146 [aliquid]
1118 2109 1275 2144 relinquant
1289 2109 1424 2140 ecclesiis.
1447 2109 1565 2141 clericis,
1593 2108 1748 2136 monachis.

963 2158 1012 2182 aut
1026 2153 1202 2188 pauperibus.

155 2208 232 2235 Διάτ.
243 2207 286 2234 ιθ¹⁶
296 2207 322 2234 αἱ
330 2206 470 2242 γινόμεναι
478 2206 559 2242 μέχρι
567 2210 593 2241 φ’
605 2207 715 2243 σολίδων
721 2207 915 2243 ἀνεμφάνιστοι

1003 2199 1211 2226 Textus.Const.
1221 2197 1265 2226 t9.
1274 2199 1339 2231 Quae
1346 2197 1506 2225 donationes
1516 2198 1537 2232 ι
1543 2197 1593 2232 13
1601 2198 1668 2225 citra
1678 2202 1749 2225 acto-

76 2253 79 2255 ’
109 2247 223 2289 ’δωρεαὶ
232 2254 272 2285 εἰς
281 2252 440 2288 ἐκκλησίαν,
453 2253 470 2288 ἢ
485 2252 656 2287 ξενοδοχεῖον,
673 2253 689 2288 ἢ
702 2255 883 2289 νοσοκομεῐον,
894 2253 911 2289 ἢ

120 2299 363 2334 ὀρφανοτροφείον,
376 2298 392 2334 ἢ
406 2299 549 2334 πτωχεῖον,
563 2298 708 2334 ἔρρωνται.
720 2299 753 2325 Δί
766 2299 794 2325 δὲ
807 2298 911 2332 λοιπαὶ,

100 2346 103 2348 ’
119 2344 175 2372 κᾶν
190 2345 230 2376 είς
244 2344 367 2376 εὐσεϐεῖς
381 2344 469 2375 αίτίας
485 2344 633 2378 γένωνται,
648 2343 795 2379 χρῄζουσιν
819 2345 911 2380 ἐμφα-

119 2391 213 2422 νείας·
228 2391 276 2418 καὶ
291 2391 318 2417 αἱ
338 2390 473 2426 λεχθεῖσαι
500 2389 570 2425 ὑπὲρ
587 2390 651 2421 τοὺς
669 2393 694 2424 φ’
724 2389 814 2424 φόλεις
833 2387 912 2417 οὖσαι

119 2437 297 2473 ἐξῃρημένων
309 2435 363 2463 τῶν
378 2435 526 2471 βασιλικῶν
544 2435 662 2471 δωρεῶν
679 2435 750 2463 διάτ.
763 2435 817 2470 κβ¹.

156 2523 199 2550 Τὰ
216 2523 256 2555 είς
267 2524 378 2558 εὐαγεῖς
391 2523 482 2555 οῐκους
496 2523 551 2550 ἀπὸ
562 2521 740 2558 βουλευτικῆς
756 2521 911 2556 φιλοτιμίας

119 2569 275 2604 ἐρχόμενα,
300 2570 350 2605 οὐχ
368 2569 528 2595 ὑπόκεινται
551 2570 584 2604 τῇ
604 2568 658 2594 τῶν
681 2567 832 2603 ὲπικερδῶν
853 2567 911 2594 δια-

117 2616 226 2649 γραφῇ·
241 2615 311 2642 διάτ.
326 2617 378 2648 κγ’.
407 2614 470 2641 Ἐάν
483 2622 510 2640 τι
522 2613 630 2648 δωρηθῇ
641 2634 649 2646 ,
661 2613 678 2649 ἦ
696 2613 861 2649 κληρονομία
871 2632 878 2644 ,
892 2612 910 2648 ἢ

118 2659 240 2694 ληγάτον
266 2659 363 2693 εὐαγεῐ
385 2658 461 2693 τόπῳ
485 2656 671 2692 καταλειφθῇ,
700 2657 740 2688 είς
761 2657 911 2692 ἀνάρρυσιν

119 2704 315 2739 αίχμαλιίντων,
329 2704 438 2739 κινητὸν
451 2703 467 2738 ἢ
482 2703 620 2737 ἀκίνητον,
639 2703 806 2738 ἁρμόζουσιν
820 2711 910 2737 perso-

120 2751 196 2778 nulia
210 2751 256 2777 καὶ
268 2751 296 2777 in
316 2758 370 2777 rem
387 2751 434 2776 καὶ
454 2749 649 2785 ὑποθηκαρίαι,
663 2750 710 2776 καὶ
726 2749 794 2784 μόνῃ
808 2751 841 2784 τῇ
856 2750 911 2776 τῶν

121 2795 220 2822 ἑκατὸν
233 2795 366 2822 ἐνιαυτῶν
380 2795 556 2822 ὲκϐάλλονται
575 2795 756 2830 παραγραφῇ·
769 2791 846 2825 οὗτος
856 2795 911 2830 γὰρ

121 2843 136 2867 ὸ
158 2840 252 2877 χρόνος
273 2841 332 2867 ἐστὶ
347 2840 395 2867 τοῦ
419 2839 745 2876 μακροϐίουΊνθρώπου·
768 2839 837 2888 δέάτ.
860 2838 908 2868 κε’.

967 2253 1027 2272 rum
1047 2244 1246 2272 coniectionem
1263 2251 1351 2278 usque
1365 2243 1398 2271 ad
1413 2244 1579 2279 quingentos
1593 2244 1695 2271 solidos
1721 2244 1748 2271 in

965 2292 1120 2324 ecclesiam,
1132 2291 1347 2323 xenodocliium,
1357 2289 1557 2322 nosocOmium,
1567 2290 1749 2324 orphanotro—

965 2338 1058 2373 pbium
1072 2357 1080 2370 ,
1095 2337 1137 2364 vel
1156 2337 1296 2372 ptoebium
1313 2336 1400 2368 ﬁunt,
1419 2335 1519 2363 valent.
1537 2335 1658 2370 Reliquae
1672 2343 1748 2368 vero,

964 2383 1072 2411 tametsi
1083 2383 1109 2410 in
1122 2383 1180 2418 pias
1191 2390 1289 2410 causas
1299 2382 1374 2414 ﬁant,
1386 2389 1503 2416 quaeque
1513 2382 1652 2416 amplioris
1667 2382 1750 2416 quin-

964 2430 1052 2466 gentis
1075 2429 1170 2457 solidis
1194 2428 1353 2463 quantitatis
1380 2436 1441 2456 esse
1467 2429 1604 2462 dicuntur,
1627 2428 1749 2462 exceptis

964 2477 1152 2511 imperialibus
1175 2475 1322 2502 donatione
1346 2481 1415 2509 opus
1443 2474 1554 2502 habent.
1577 2473 1674 2501 Const.
1701 2473 1746 2501 22.

1000 2522 1067 2555 Quae
1089 2529 1123 2550 ex
1148 2521 1309 2549 liberalitate
1328 2520 1443 2548 curialis
1465 2520 1499 2548 ad
1513 2521 1681 2548 venerabiles
1698 2521 1747 2547 do-

963 2575 1026 2595 mus
1053 2567 1244 2602 perveniunt,-,
1259 2574 1274 2594 a
1301 2567 1501 2594 lueratitiorum
1524 2566 1748 2601 inscriptionibus

964 2615 1098 2642 immunia
1125 2619 1198 2642 sunt.
1225 2613 1320 2641 Const.
1341 2613 1386 2640 9.3.
1407 2612 1436 2640 Si
1459 2613 1523 2648 quid
1542 2613 1684 2645 donatum,
1700 2617 1748 2639 aut

963 2660 1108 2688 ltazreditas
1132 2660 1284 2695 legatumve
1308 2667 1400 2686 rerum
1418 2659 1558 2686 mobilium
1580 2658 1621 2685 vel
1649 2659 1748 2685 immo-

963 2705 1058 2732 bilium
1089 2704 1116 2731 in
1144 2703 1358 2738 redemptionem
1392 2704 1560 2738 captivorum
1600 2702 1746 2729 venerabili

963 2749 1121 2787 [cuipiam]
1149 2750 1208 2776 loco
1230 2751 1353 2777 relictum
1377 2749 1423 2782 sit,
1452 2749 1558 2786 [actio]
1586 2748 1748 2783 personalis,

964 2797 991 2824 in
1005 2804 1072 2828 rem,
1090 2800 1117 2823 et
1134 2795 1328 2830 ltypothcearia
1348 2796 1488 2829 competit.
1511 2800 1537 2821 et
1558 2794 1615 2820 sola
1636 2798 1746 2820 centum

964 2848 1098 2870 annorum
1108 2841 1316 2877 praescriptione
1329 2841 1388 2876 [qui
1401 2841 1498 2868 horum
1512 2840 1651 2875 quippiam
1662 2839 1739 2868 viudi

1809 866 1872 893 ,12-
