1959 3061
225 167 272 199 57ί

806 167 934 198 ΡΠΟΤΙΙ
955 166 1207 197 PATRlAllClL‘E
1217 167 1271 196 CP.

1796 165 1850 197 572

224 226 300 261 cant]
323 227 492 261 rejieluntur.
516 225 571 253 lloc
589 226 661 253 enim
676 223 782 260 tempus
799 227 935 254 diuturna;
950 226 1010 253 vita:

1068 224 1129 250 Ἐάν
1146 232 1188 256 τις
1203 223 1295 259 γράψῃ
1316 223 1483 258 κληρονόμον
1502 222 1547 249 τὸν
1568 222 1706 258 Δεσπότην
1721 223 1848 258 Χριστὸν,

226 270 345 296 hominis
357 274 407 296 est.
420 269 515 296 Const.
533 270 578 297 ‘25.
591 270 619 296 Si
632 270 694 304 quis
711 270 848 298 Christum
862 270 1008 298 Dominum

227 314 361 340 hatredem
385 313 536 347 scripserit,
557 320 645 348 neque
664 314 776 341 oratorii
801 314 1009 349 appellationem

224 359 359 386 addiderit
372 368 378 386 :
392 359 508 386 ecclesia
523 359 586 390 loci,
597 359 623 386 in
636 367 691 394 quo
700 359 844 387 defunctus
860 360 1008 395 habitabat,

224 402 325 437 scripta
339 403 453 429 videtur.
469 403 540 430 Idem
555 403 636 430 etiam
659 403 685 430 iu
700 403 798 439 legato.
812 404 938 432 Procedit
960 413 1010 432 au-

226 451 279 472 tem
293 445 379 481 [quod
391 445 571 481 relinquitur]
585 446 611 472 in
626 447 783 474 alimoniam
805 455 966 483 pauperum.
981 449 1009 475 Si

227 497 292 516 vero
306 489 424 523 cuipiam
437 494 596 516 sanctorum
620 490 779 524 angelorum
795 495 842 517 aut
859 496 1010 526 martyrum

226 534 377 568 reliquerit,
407 541 495 567 neque
530 534 696 560 mentionem
724 534 819 562 fecerit
845 535 1009 564 'domuum:

227 578 308 614 [tum]
331 579 354 606 si
380 579 489 614 quidem
517 579 544 606 in
566 580 611 606 illa
637 580 746 607 civitate
765 580 857 612 cjusve
876 582 1011 609 territorio

228 623 382 649 istiusmodi
398 623 498 649 domus
510 623 554 656 sit,
576 623 620 650 illa
635 624 708 658 capit
723 633 729 651 :
747 624 789 651 siti
808 624 910 656 minus,
928 625 1010 660 [mdes

226 665 390 700 sacra]qu:e
405 666 431 692 in
451 666 594 699 metropoli
614 671 666 699 est,
688 667 798 701 accipit.
822 669 855 694 At
877 669 899 695 si
924 676 1012 703 neque

228 709 284 734 illic
305 709 459 736 istiusmodi
485 709 557 736 mdes
580 710 626 741 sit,
652 710 703 737 loci
724 711 856 743 ecclesiae,
874 711 929 739 illis
950 712 1012 739 aliis

226 751 312 778 sacris
334 752 438 779 aedibus
460 752 638 784 cedentibus,
657 753 708 780 ista
732 755 862 788 capiunt:
887 755 908 782 si
932 755 1012 783 modo

226 797 386 823 defunctum
407 805 461 824 non
483 798 557 824 aliud
577 799 721 831 cogitasse,
742 807 774 826 ac
793 800 867 826 aliud
890 801 1010 827 locutum

226 848 286 866 esse
297 841 465 867 ostendatur.
477 840 553 868 Tunc
567 842 639 868 enim
652 843 725 877 quod
736 851 842 874 verum.
855 851 907 870 non
921 849 1010 870 autem

227 883 299 917 quod
318 884 449 918 scriptum
462 888 513 915 est,
527 885 641 912 obtinet.
658 886 791 913 Caeterum
813 887 834 914 si
850 892 952 914 cerlmu
970 888 1012 914 lo-
1030 888 1050 916 li

227 937 289 955 eum
313 928 423 958 dixerit.
450 929 623 956 inveniantur
648 935 736 957 autem
757 931 782 958 in
804 931 931 964 civitate,
957 932 1016 960 sive

229 973 309 1008 114
326 973 423 1000 vicinis
449 974 518 1002 locis
540 975 624 1002 ntulta
649 976 770 1010 ejusdem
800 977 939 1005 nominis:
956 983 1013 1005 tum

227 1017 250 1043 si
264 1025 326 1052 erga
342 1019 438 1045 hormn
452 1020 606 1054 quempiam
624 1020 755 1055 tnajoretn
774 1021 952 1054 _aﬂ‘ectionem
967 1024 1016 1050 ha-

227 1062 326 1094 buerit,
340 1065 475 1098 saapiusve
498 1065 658 1096 accesserit,
670 1066 717 1098 {illi
730 1067 876 1102 reliquisse
895 1068 1013 1096 videtur.

227 1107 326 1135 \‘erum
340 1109 362 1136 si
384 1111 437 1137 tale
452 1111 518 1137 nihil
538 1111 709 1144 inveniatur;
725 1120 786 1146 quze
807 1119 842 1140 ex
860 1113 1014 1142 istiusmodi

227 1155 330 1182 adibus
348 1156 435 1190 magis
454 1157 567 1191 indiget,
585 1157 685 1191 accipit
702 1159 838 1186 relictum.

265 1213 372 1238 Tenus.
382 1212 414 1239 Et
428 1213 467 1240 tit.
481 1213 499 1240 5
509 1213 630 1248 ejusdem
644 1214 690 1241 lib.
703 1220 792 1243 const.
805 1215 851 1249 21,
863 1217 911 1250 ait,
924 1223 1013 1245 ratum

229 1258 394 1292 lirmumqne
425 1266 504 1291 esse,
541 1259 613 1293 quod
645 1260 811 1294 pauperibus
840 1262 1014 1297 relinquitur.

228 1303 322 1329 Const.
340 1303 374 1330 28
385 1303 506 1338 ejusdem
519 1305 559 1332 tit.
573 1305 658 1334 Valet.
672 1306 744 1340 quod
761 1307 788 1333 in
800 1308 1013 1343 redemptionem

228 1349 399 1382 captivorum
437 1350 612 1384 relinquitur.
645 1351 676 1378 Et
711 1352 735 1379 si
762 1353 872 1387 quidem
902 1358 1015 1382 testator

228 1395 336 1427 dixerit,
357 1395 420 1430 quis
445 1395 513 1432 [isti]
537 1397 575 1423 rei
594 1405 704 1431 operam
727 1405 829 1426 navare
852 1400 974 1428 debeat:
991 1401 1014 1428 is

227 1440 321 1474 exigit,
335 1445 364 1467 et
380 1448 428 1474 pro
451 1449 499 1468 sua
525 1442 693 1470 conscientia
718 1447 848 1471 statutum
873 1445 1013 1480 adimplet.

229 1484 276 1511 Sin
292 1490 382 1512 autem
399 1493 544 1520 personam
561 1495 615 1514 nou
631 1488 740 1520 dixerit,
768 1488 866 1525 [illius]
882 1486 1013 1522 civitatis,

227 1529 255 1555 in
271 1537 325 1563 qua
341 1535 457 1557 testator
472 1536 552 1558 ttatus
573 1536 623 1562 est,
639 1532 785 1566 episcopus
807 1533 932 1560 relictum
949 1541 1010 1568 per-

228 1575 294 1609 cipit
311 1584 317 1602 :
333 1575 405 1602 dono
424 1576 495 1610 apud
521 1578 662 1611 prtesidem
678 1577 703 1604 in
719 1583 778 1605 acta
804 1578 946 1606 referendo
962 1580 1012 1606 da-

228 1626 317 1648 tarum
328 1621 380 1648 sibi
392 1622 566 1656 pecuniarum
578 1623 768 1656 quantitatem,
784 1631 816 1651 ac
832 1628 893 1658 post
911 1633 1012 1652 anitum

228 1667 431 1702 redemptarum
454 1675 598 1696 numerum
625 1673 652 1695 et
678 1669 740 1696 data
768 1677 818 1703 pro
841 1670 882 1697 his
903 1670 1013 1707 [pretia]

229 1712 373 1739 manifesta
395 1713 529 1740 facturus.
547 1714 625 1746 Quod
647 1714 669 1740 si
688 1719 800 1741 testator
820 1715 942 1743 barbarae
965 1725 1013 1744 na-

228 1758 313 1784 tionis
339 1758 430 1789 l'uerit,
453 1763 479 1784 et
490 1758 528 1785 de
552 1758 612 1792 ejus
637 1760 721 1793 patria
741 1760 832 1794 aliqua
852 1762 1016 1796 ambiguitas

229 1804 380 1836 emerserit,
396 1804 541 1838 cpiscopus
557 1804 608 1831 loci
623 1805 650 1832 in
666 1813 718 1839 quo
732 1806 879 1834 defunctus
900 1815 952 1839 est,
969 1817 1015 1843 pe-

212 1849 326 1884 _t:nnias
345 1849 454 1883 accipit,
472 1854 498 1876 et
513 1850 585 1884 qltod
603 1851 791 1884 praescriptum
808 1856 850 1878 est
875 1853 1013 1888 adimplet.

229 1893 281 1926 Qui
297 1901 362 1920 vero
381 1893 503 1929 [aliquid]
523 1895 646 1921 relicturi]
664 1894 747 1932 [esse]
767 1897 831 1929 scit,
849 1903 923 1926 recte
940 1900 1014 1933 facit,

229 1940 252 1964 si
270 1938 322 1974 [id]
348 1940 448 1966 rectori
474 1940 619 1974 provinciae
636 1945 663 1967 ct.
687 1944 816 1976 episeopo
828 1942 911 1974 dicat,
928 1952 1015 1979 neque

229 1982 358 2018 [idcirco]
375 1984 479 2010 delator
494 1984 617 2011 cllicitnr.
641 1985 734 2012 Const.
759 1988 786 2017 5,
809 1988 851 2014 tit.
865 1987 893 2020 '2,
916 1988 1015 2016 Novel-

232 2029 319 2055 larum
336 2029 411 2060 dicit,
426 2029 524 2065 [illius]
538 2030 668 2063 civitatis,
687 2031 715 2058 in
732 2040 787 2066 quo
800 2037 914 2062 testator
927 2035 1016 2062 domi.

231 2075 326 2101 cilium
343 2074 446 2105 habuit.
464 2075 622 2110 episcopum
641 2077 772 2111 pecunias
785 2086 893 2113 capere,
912 2084 939 2107 et
955 2089 1016 2116 qua:

230 2121 379 2147 constituta
391 2125 455 2147 sunt
467 2120 565 2148 facere.
576 2122 670 2148 Const.
682 2122 725 2149 45.
739 2121 766 2149 Si
778 2131 898 2151 annuum
911 2125 1015 2162 [idque]

230 2169 393 2198 perpetuum
424 2165 542 2199 legatum
567 2169 615 2192 aut
635 2174 735 2193 munus
752 2167 794 2194 vel
816 2170 1016 2198 venerabilibus

230 2210 308 2242 locis,
321 2211 362 2237 vel
377 2211 460 2244 clero,
477 2211 517 2238 vel
529 2213 680 2244 monachis,
694 2213 736 2240 vel
749 2215 1014 2249 sanctimonialibus,
1032 2226 1053 2254 υ

231 2257 273 2283 vel
295 2257 472 2291 pauperibus,
489 2257 530 2284 vel
550 2258 666 2285 breviter
687 2260 889 2288 venerabilibus
913 2266 941 2288 ct
961 2269 1016 2289 nou

231 2302 378 2336 prohibitis
394 2303 526 2338 collegiis.
551 2304 676 2331 relictum
699 2309 747 2332 aut
771 2306 903 2334 donatum
922 2307 1015 2342 fuerit,

232 2355 286 2374 non
303 2347 366 2375 licet
377 2349 474 2376 deillis
492 2349 660 2384 transigere:
676 2350 729 2377 nisi
744 2351 767 2378 si
783 2351 861 2383 uber,
878 2353 1018 2388 nullisque

232 2393 349 2427 publicis
379 2392 621 2430 [prtestationibtts]
646 2401 775 2423 oneratus
798 2397 902 2424 reditus
927 2398 1016 2426 detur.

233 2437 341 2474 [Detur]
359 2439 420 2465 item
437 2447 576 2474 nunquam
589 2440 732 2468 alienanda
744 2443 877 2475 accessio,
890 2450 950 2478 qua:
962 2451 1016 2471 non

234 2484 327 2511 minus
352 2485 502 2518 quadrante
526 2486 587 2520 puri
610 2485 786 2523 [integrique]
809 2489 913 2517 reditus
930 2491 1019 2518 conti-

235 2534 307 2556 neat.
322 2529 435 2565 Oportet
462 2534 552 2557 autem
571 2531 605 2558 de
621 2531 663 2558 his
677 2531 755 2566 115
778 2537 856 2567 pacta
881 2538 910 2560 et
930 2539 1019 2563 trans-

234 2574 356 2601 ιιιειίοιιιιδ
378 2575 494 2609 scriptas
519 2575 588 2608 ﬁeri,
608 2584 708 2611 easque
735 2576 762 2603 in
787 2576 936 2615 [actorum]
958 2588 1019 2607 mo-

235 2627 300 2646 nnm
312 2624 366 2646 uita
383 2620 488 2648 referri.
505 2620 532 2648 Si
557 2626 651 2648 contra
669 2622 855 2658 lueellactum
874 2624 932 2661 sit],
956 2626 1019 2654 dato

233 2672 303 2692 auro
324 2666 369 2699 qui
392 2667 606 2693 transactioucm
633 2666 708 2698 fecit,
723 2668 835 2701 excidit,
856 2673 937 2704 atque
961 2679 1018 2698 rem

237 2711 401 2738 vimcrabilis
417 2712 515 2739 domus
528 2712 660 2745 vindicat,
677 2714 838 2748 hypotbeca:
853 2716 963 2743 nomine
977 2724 1019 2744 res

232 2756 354 2791 ejusqui
374 2757 494 2791 reliquit,
512 2757 539 2784 in
563 2758 707 2791 fructibus,
727 2760 869 2792 reditibus,
891 2761 1020 2796 omnique

237 2800 357 2834 legitima
372 2802 532 2829 accessione
548 2801 611 2836 [sibi
625 2802 782 2839 obstrictas]
797 2803 909 2832 habens.
926 2804 1020 2840 Neque

236 2843 314 2872 ivero
336 2845 406 2881 ejus]
423 2845 524 2874 actioni
547 2845 618 2880 longi
636 2847 765 2882 temporis
788 2847 958 2887 praescriptio
972 2849 1020 2876 ad-

1062 266 1101 305 μὴ
1121 270 1251 305 προσθεὶς
1273 269 1418 304 εὖκτηρίου
1442 269 1629 304 προσηγορίαν
1646 288 1654 301 ,
1677 270 1694 304 ἡ
1719 270 1850 304 ἐκκλησία

1060 315 1204 347 τοῦ,τόπου
1216 335 1223 347 ,
1247 315 1307 342 καθ’
1327 314 1355 340 ὃν
1371 313 1404 349 ἦν
1419 315 1467 341 καὶ
1487 315 1501 341 6
1521 315 1700 350 τελευτήσας,
1717 315 1790 341 δοκεῖ
1801 323 1847 347 γε-

1060 362 1198 397 γράφθαι·
1220 362 1250 389 τὸ
1268 361 1334 388 αὐτὸ
1356 361 1404 388 καὶ
1428 361 1474 387 ἐπὶ
1492 361 1626 395 ληγάτου⁴
1650 362 1697 388 καὶ
1712 363 1851 397 προχωρεῖ

1061 408 1102 438 είς
1117 407 1274 442 ἀποτροφὴν
1289 407 1415 441 πτωχῶν.
1440 407 1470 433 El
1485 406 1513 432 δέ
1527 415 1580 433 τινι
1594 406 1647 433 τῶν
1667 407 1754 440 ἁγίων
1769 407 1850 440 ἁγγέ-

1061 454 1114 481 λων
1126 453 1143 488 ἢ
1159 453 1305 489 μαρτύρων
1320 453 1464 480 καταλίποι
1477 472 1485 484 ,
1500 453 1537 488 μὴ
1554 453 1745 488 μνημονεύσας
1758 454 1848 486 οῐκου,

1061 500 1086 526 εί
1103 499 1154 534 μὲν
1168 499 1241 525 ἐστιν
1254 499 1283 525 ἐν
1294 498 1388 534 ἐκείνῃ
1407 499 1440 533 τῇ
1461 498 1553 531 πόλει,
1568 498 1585 533 ἢ
1605 499 1637 533 τῇ
1659 498 1751 534 ἐνορίᾳ
1765 499 1850 533 αὐτῆς

1061 544 1181 575 τοιοῦτος
1194 542 1284 577 οἶκος,
1301 544 1383 575 αὐτὸς
1394 543 1540 578 λαμϐάνειε
1561 544 1585 570 εί
1605 543 1635 570 δὲ
1648 543 1685 578 μὴ
1697 543 1782 576 ἔστιν,
1793 545 1807 570 6
1820 545 1849 570 ἐν

1061 591 1094 625 τῇ
1122 590 1287 625 μητροπόλει
1308 589 1453 624 λαμσάνειθ
1472 589 1496 615 εί
1519 588 1548 616 δὲ
1567 589 1636 624 μήτε
1659 589 1717 615 ἐκεῖ
1730 588 1849 619 τοιοῦτός

1063 634 1136 660 ἐστιν
1148 631 1220 665 οἶκος
1230 653 1238 665 ,
1250 634 1278 660 at
1299 633 1370 659 κατὰ
1382 633 1427 659 τὸν
1439 633 1521 660 τόπον
1533 632 1677 667 ἐκκλησίαι
1695 632 1850 668 λαμϐάνου-

1064 686 1104 704 σιν
1117 678 1194 708 αὐτὸ,
1213 677 1266 703 τῶν
1279 677 1367 704 ἄλλων
1379 677 1461 704 οἴκων
1480 677 1718 712 παραχωρούντων
1729 677 1826 709 αὐταῖς
1840 697 1848 710 ,

1062 724 1089 749 εί
1100 732 1131 757 γε
1153 723 1190 758 μὴ
1208 723 1299 758 δειχθῇ
1318 724 1332 749 6
1351 722 1527 757 τελευτήσας,
1549 723 1644 757 ἕτερον
1667 722 1849 757 ἐνθυμηθεὶς,

1063 769 1109 796 καὶ
1122 769 1215 804 ἕτερον
1229 769 1324 795 εἰπών·
1341 769 1401 795 τότε
1416 768 1471 804 γὰρ
1486 768 1517 794 τὸ
1535 768 1634 803 ἀληθὲς
1649 768 1696 795 καὶ
1710 768 1741 795 οὐ
1759 768 1790 795 τὸ
1803 777 1850 802 γε·

1063 814 1222 849 γραμμένον
1236 816 1343 850 κρατεῖ.
1368 815 1399 841 Et
1419 814 1447 840 δέ
1467 814 1549 840 τόπον
1563 815 1642 841 efﬂat
1661 814 1753 849 ρητδν,
1775 814 1851 850 εὕρε-

1064 859 1131 886 Οῶσι
1149 859 1178 886 δὲ
1194 859 1287 886 πολλοὶ
1303 859 1349 886 τοῦ
1367 859 1450 889 αὑτοῦ
1461 859 1592 893 ὀνόματος
1615 860 1644 886 ἐν
1666 860 1700 895 τῇ
1728 859 1804 887 πόλει
1832 860 1849 894 ἢ

1065 906 1098 940 τῇ
1117 904 1271 939 περιοικίδι,
1286 905 1309 931 εἰ
1325 905 1375 939 μὲν
1395 905 1462 940 πρός
1475 913 1535 932 τινα
1549 904 1651 931 τούτων
1664 904 1722 939 εἶχε
1740 904 1850 939 μείζονα

1067 949 1264 985 προσπάθειαν,
1285 950 1301 985 ἢ
1326 950 1445 985 συνεχῶς
1462 951 1551 977 ἐκεῖσε
1567 949 1674 984 ἐφοίτα,
1690 949 1766 984 αὑτῷ
1778 949 1853 976 δοκεῖ

1067 995 1286 1029 καταλελεῐφοαι.
1313 995 1441 1021 Τοιούτου
1458 995 1487 1021 δέ
1502 1003 1574 1027 τινος
1591 995 1628 1030 μὴ
1643 994 1849 1030 εὑρισκομένου,

1065 1041 1080 1067 6
1097 1040 1196 1075 μᾶλλον
1211 1042 1244 1066 ὲκ
1257 1041 1310 1067 τῶν
1323 1041 1451 1068 τοιούτων
1463 1040 1547 1068 οἴκων
1563 1040 1654 1076 ἐνδεὴς
1673 1041 1806 1076 λαμΰανει
1821 1040 1851 1067 τὸ

1066 1084 1255 1118 καταλειφθέν.

1102 1215 1157 1242 Καὶ
1169 1215 1222 1242 τίτ.
1238 1213 1262 1249 γ’
1276 1214 1323 1242 τοῦ
1340 1214 1422 1241 αὐτοῦ
1438 1214 1599 1249 βιεληδιάτ.
1616 1214 1664 1247 κδ’,
1676 1214 1758 1250 φησὶν
1766 1214 1852 1250 ἐρρῶ-

1066 1260 1129 1287 σοαι
1143 1261 1174 1287 τὸ
1188 1261 1245 1292 τοῖς
1265 1262 1384 1295 πτωχοῖς
1409 1261 1691 1296 καταλιμπανόμενον
1716 1260 1785 1287 διάτ.
1809 1265 1852 1294 κη’

1065 1305 1111 1332 τοῦ
1128 1305 1211 1332 αὑτοῦ
1234 1305 1335 1331 τίτλου⁴
1359 1305 1497 1341 Ἐῤῥωται
1521 1305 1552 1332 τὸ
1579 1306 1852 1340 καταλιμπανόμενον

1065 1353 1105 1383 εἰς
1122 1351 1270 1387 ἀνάρρυσιν
1285 1351 1481 1386 αἰχμαλώτων·
1500 1351 1547 1378 καὶ
1564 1352 1589 1377 εί
1609 1351 1658 1386 μὲν
1675 1349 1751 1377 εἶπεν
1767 1352 1781 1377 6
1795 1352 1850 1378 δια-

1066 1396 1178 1431 οέμενος
1203 1396 1247 1423 τὸν
1270 1397 1412 1431 ὀφείλοντα
1436 1397 1607 1432 ὑπουργῆσαι
1633 1397 1672 1433 τῷ
1693 1398 1851 1432 πράγματι,

1065 1443 1145 1474 αὐτὸς
1173 1443 1300 1475 ἀπαιτεῖ,
1326 1443 1374 1469 καὶ
1400 1442 1470 1470 κατὰ
1498 1443 1547 1478 τὴν
1572 1443 1674 1469 οἰκείαν
1702 1443 1852 1478 συνείδησιν

1066 1489 1166 1523 πληροῖ
1185 1488 1234 1523 τὴν
1247 1488 1420 1515 διατύπωσιν.
1438 1489 1468 1515 El
1480 1488 1507 1514 δὲ
1523 1488 1561 1524 μὴ
1576 1487 1637 1515 εἷπε
1651 1489 1681 1515 τὲ
1696 1489 1852 1523 πρόσωπον,

1066 1534 1080 1559 6
1096 1534 1141 1568 τῆς
1159 1533 1262 1564 πόλεως
1281 1534 1443 1564 ἐπίσκοπος,
1464 1533 1493 1559 ἐν
1545 1534 1559 1559 6
1573 1532 1731 1567 διαθέμενος
1743 1533 1851 1568 ἐτέχθη,

1065 1579 1198 1614 λαμῧόινει
1210 1579 1240 1605 τδ
1252 1578 1429 1612 καταλειφθὲν
1443 1578 1556 1613 φανερὸν
1569 1579 1614 1604 ἐπὶ
1631 1578 1755 1613 πράξεως
1768 1579 1853 1614 δῶρον

1067 1625 1142 1660 παρὰ
1161 1623 1198 1658 τῷ
1213 1624 1322 1659 ἄρχοντι
1337 1624 1535 1658 συνισταμένης
1549 1623 1578 1649 τὸ
1596 1623 1678 1650 ποσὸν
1693 1623 1747 1650 τῶν
1761 1623 1852 1650 δοθέν-

1065 1680 1119 1697 των
1131 1670 1205 1705 αὑτῴ
1225 1669 1385 1705 χρημάτων,
1405 1670 1451 1696 καὶ
1467 1670 1525 1704 μετ’
1539 1669 1663 1696 ἐνιαυτὸν
1675 1669 1721 1695 τὸν
1736 1669 1854 1705 ἀριθμὸν

1066 1715 1119 1742 τῶν
1134 1715 1366 1750 ἀναρρυσθέντων,
1387 1714 1435 1740 καὶ
1449 1714 1503 1740 τῶν
1520 1713 1591 1749 ὑπὲρ
1605 1713 1694 1740 αὐτῶν
1711 1713 1851 1740 δοθέντων.

1067 1762 1098 1788 Εί
1110 1761 1137 1788 δὲ
1153 1760 1288 1796 βάρϐαρος
1303 1758 1337 1793 ἦν
1350 1760 1364 1785 6
1378 1759 1552 1794 διαθέμενος,
1569 1759 1617 1785 καὶ
1629 1759 1693 1794 περὶ
1707 1759 1756 1794 τῆς
1771 1759 1854 1786 αὐτοῦ

1066 1807 1169 1838 πόλεως
1176 1805 1387 1841 ἀμφιῦάλλεται,
1399 1805 1413 1831 ὁ
1426 1803 1575 1835 ἐπίσκοπος
1587 1803 1633 1830 τοῦ
1647 1803 1740 1836 τόπου,
1749 1803 1811 1831 καθ’
1825 1805 1854 1831 ὃν

1067 1851 1245 1886 ἐτελεύτησε,
1267 1849 1401 1885 λαμϐάνει
1423 1849 1457 1876 τὰ
1481 1849 1611 1884 χρήματα
1631 1849 1678 1875 καὶ
1703 1849 1801 1884 πληροῖ
1823 1849 1855 1876 τὸ

1066 1896 1247 1924 διατυπωοέν·
1262 1897 1275 1922 6
1289 1896 1317 1921 δὲ
1331 1895 1473 1929 γινώσκων
1495 1894 1525 1920 τὸ
1548 1894 1740 1928 καταλειφῢὲν,
1764 1895 1853 1927 καλῶς

1067 1944 1138 1969 ποιεῖ
1150 1943 1236 1976 λέγων
1254 1941 1292 1976 τῷ
1313 1942 1424 1975 ἄρχοντι
1444 1940 1490 1966 καὶ
1511 1941 1549 1974 τῷ
1565 1941 1722 1976 ἐπισκόπῳ,
1745 1941 1790 1966 καὶ
1805 1941 1854 1968 οὐκ

1066 1988 1125 2015 ἐστι
1137 1988 1269 2023 δηλατωρ.
1289 1987 1321 2012 ’11
1338 1986 1365 2012 δὲ
1379 1988 1402 2020 γ’
1415 1985 1483 2011 διὰτ.
1497 1985 1542 2011 τοῦ
1558 1985 1579 2020 β’
1591 1985 1643 2013 τίτ.
1661 1987 1714 2012 τῶν
1729 1986 1853 2020 Νεαρῶν,

1067 2032 1126 2060 εἷπε
1147 2033 1192 2059 τὸν
1215 2032 1364 2058 ἐπίσκοπον
1376 2031 1425 2065 τῆς
1448 2030 1569 2064 πόλεως,
1585 2032 1615 2058 ἐν
1676 2032 1726 2067 τὴν
1747 2032 1854 2067 οἴκησιν

1067 2077 1138 2114 εἶχεν
1164 2079 1178 2104 6
1201 2077 1378 2112 διαθέμενος,
1406 2076 1555 2111 λαμϐάνειν
1577 2075 1612 2103 τὰ
1637 2078 1783 2112 χρήματα,
1807 2077 1855 2104 καὶ

1067 2125 1155 2150 ποιεῖν
1180 2123 1214 2150 τὰ
1237 2121 1459 2149 διατυπωθέντα³
1482 2121 1552 2148 διάτ.
1579 2124 1630 2157 με’.
1660 2122 1723 2148 Ἐὰν
1748 2123 1855 2157 ἐτήσιον

1067 2167 1189 2203 διηνεκὲς
1205 2167 1376 2202 ληγατευοῇ,
1397 2166 1413 2201 ἢ
1439 2166 1549 2201 δωρηοῇ
1570 2167 1662 2198 τόποις
1678 2166 1816 2201 εὐαγέσιν,
1837 2167 1854 2202 ἦ

1069 2213 1171 2248 κλήρῳ,
1189 2212 1206 2246 ἢ
1224 2212 1367 2250 μοναχοίς,
1383 2211 1399 2245 ῆ
1416 2210 1638 2247 μοναστρίαις,ἢ
1654 2213 1791 2246 πτωχοῖς,
1808 2213 1856 2238 καὶ

1068 2258 1160 2289 ἁπλῶς
1176 2257 1311 2290 εὐαγέσιν,
1328 2257 1344 2292 ἢ
1359 2257 1409 2283 οὐκ
1424 2257 1659 2291 ἀπηγορευμένοις
1673 2258 1853 2292 συστήμασιν,

1066 2304 1116 2330 οὐκ
1133 2303 1237 2336 ἔξεστιν
1254 2303 1297 2329 ἐπ’
1317 2302 1391 2336 αὑτῴ
1406 2302 1574 2335 διαλύεσθαι,
1594 2304 1619 2329 εί
1637 2302 1675 2338 μὴ
1689 2303 1752 2338 δοοῇ
1769 2304 1855 2338 πρόσα

1067 2349 1125 2379 οδος
1137 2347 1251 2383 εὐθαλὴς
1264 2348 1330 2382 μηδὲ
1339 2347 1514 2383 βεδαρημένη
1530 2348 1671 2383 δημοσίοις
1682 2369 1691 2382 ,
1707 2349 1754 2375 καὶ
1769 2357 1854 2384 προσ-

1068 2395 1155 2430 θήκην
1173 2395 1222 2429 οὑχ
1242 2392 1324 2428 ἦττον
1345 2393 1391 2419 τοῦ
1405 2394 1535 2428 τετάρτου
1559 2394 1610 2428 τῆς
1633 2394 1756 2429 καθαρᾶς
1774 2403 1857 2430 προσ-

1067 2439 1128 2465 όδου
1145 2438 1243 2473 μέρους
1264 2437 1362 2472 ἔχουσα
1374 2457 1381 2470 ,
1399 2438 1531 2472 μηδέποτε
1547 2439 1802 2474 ἐκποιηθησομένη·
1815 2440 1857 2466 δεῖ

1067 2483 1096 2510 δὲ
1113 2484 1160 2510 καὶ
1174 2483 1309 2517 συνθήκας
1324 2483 1370 2508 καὶ
1385 2482 1521 2514 διαλύσεις
1535 2484 1691 2518 ἐγγράφους
1707 2485 1753 2510 ἐπὶ
1769 2485 1857 2520 τούτῳ

1069 2528 1207 2562 γίνεσθαι,
1231 2527 1278 2553 καὶ
1298 2527 1327 2553 ἐν
1347 2527 1539 2562 ὑπομνήμασιν
1555 2528 1760 2562 ἐμφανίζεσθαι.
1778 2529 1808 2555 Εἰ
1825 2529 1855 2556 δὲ

1069 2575 1145 2608 παρὰ
1163 2573 1249 2599 ταῦτα
1265 2572 1394 2598 ἐκπίπτει
1408 2572 1455 2598 τοῦ
1470 2572 1591 2604 δοθέντος
1609 2573 1722 2608 χρυσίου
1738 2575 1752 2600 6
1766 2574 1857 2600 διαλυ-

1071 2618 1196 2652 σαμενος,
1209 2618 1256 2644 καὶ
1270 2617 1371 2643 ἐκδικεῖ
1381 2617 1412 2644 τὸ
1423 2618 1538 2652 πρᾶγμα
1552 2618 1566 2643 6
1578 2618 1679 2653 εὐαγής
1690 2616 1774 2651 οἰκος,
1785 2619 1857 2654 ἔχων

1070 2665 1109 2695 είς
1123 2655 1261 2697 ὑποθήκην
1281 2663 1316 2688 τὰ
1339 2663 1488 2697 πράγματα
1505 2662 1552 2689 τοῦ
1575 2664 1785 2696 καταλιπόντος,
1808 2665 1858 2692 καὶ

1070 2711 1116 2736 ἐπὶ
1128 2711 1243 2745 καρποῖ;
1257 2708 1304 2736 καὶ
1321 2709 1463 2744 προσόδοις
1484 2711 1531 2734 καὶ
1545 2709 1619 2744 πάσῃ
1639 2709 1747 2745 νομίμῳ
1771 2710 1858 2737 ἐπαυ-

1071 2755 1158 2790 εήσει,
1173 2756 1220 2782 καὶ
1239 2755 1289 2781 οὐκ
1308 2754 1458 2782 ἀντίκειται
1475 2755 1508 2789 τῇ
1530 2754 1625 2790 ἀγωγῇ
1648 2755 1742 2790 χρονία
1763 2764 1858 2791 παρα-

1071 2804 1173 2838 γραφή’
1188 2802 1247 2830 κατ’
1263 2802 1384 2829 ἐνιαυτὸν
1401 2801 1456 2836 γὰρ
1473 2801 1606 2829 τίκτεται.
1627 2802 1672 2837 Τῷ
1694 2803 1785 2837 μέντοι
1811 2803 1857 2830 δε-

1071 2849 1213 2876 δωκότατὸ
1227 2849 1349 2885 χρυσίον,
1367 2847 1506 2874 ὑπόκειται
1520 2848 1534 2875 ὁ
1555 2847 1693 2876 συλλαδὼν
1708 2849 1773 2876 αὐτὸ
1784 2851 1858 2884 μετὰ
