1954 3080
79 188 126 220 573

502 187 700 216 SYNTAGMA
721 185 917 217 CANONUM.
934 199 967 204 -
987 187 1060 216 ΤΓΓ.
1080 187 1120 218 ΙΙ.
1140 187 1220 218 CAP.
1244 187 1270 217 Ι.

1641 191 1693 223 574.

78 240 253 276 κληρονόμων,
270 238 317 265 καὶ
329 237 434 265 οἴκοθεν
447 239 514 266 αὐτὸ
524 239 642 272 δίδωσιν,
655 240 692 271 ὡς
703 241 719 274 ἡ
737 243 772 265 vc'
784 239 855 266 διάτ.

912 246 1045 267 versatur.
1063 240 1184 275 Singulis
1199 241 1271 268 enim
1290 240 1371 268 annis
1391 241 1525 269 nascitur.
1542 241 1613 270 Sane
1628 251 1692 271 vero

78 286 119 312 τοῦ
131 284 210 311 αὑτοῦ
225 283 278 310 τιτ.

113 417 143 443 Ἡ
159 417 186 443 δὲ
205 419 229 450 γ’
247 413 323 443 διάτ(
340 414 386 442 τοῦ
411 415 434 450 β’
447 415 499 444 ait.
519 415 575 443 τῶν
592 416 717 452 Νεαρῶν,
740 416 786 442 ἐπὶ
809 417 856 444 τοῦ

76 463 187 490 τοιούτου
207 462 326 497 ληγάτου
342 461 434 495 φησὶν,
449 463 490 488 ὅτι
503 463 526 488 ει
543 462 591 496 μὲν
602 463 626 488 οἱ
642 462 790 497 λαμὸἀνεεν
808 464 855 489 καὶ

76 511 97 536 οι
110 509 202 536 δ.δὸναι
223 508 430 540 κελευσθέντες,
446 508 463 543 ἢ
486 509 501 534 ό
522 509 603 539 τόπος
625 508 655 541 ἐξ
677 508 709 535 οὗ
730 509 856 544 ὲτυπὼθη

75 556 201 587 δίδοσθαι,
216 556 245 581 ἐν
266 555 299 590 τῇ
314 555 382 589 αὐτῇ
400 554 416 588 ἢ
438 555 472 589 τῇ
492 554 593 588 γείτονι
608 554 728 590 ἐπαρχίᾳ
751 555 858 589 εἴησαν,

77 601 166 636 μηδενὶ
183 601 275 635 τρόπῳ
287 600 319 626 τὸ
332 600 450 635 ληγάτον
463 600 642 627 ὲκποιεῖσθαι.
658 601 688 627 Ei
702 600 730 627 δὲ
746 601 857 636 πορρω-

75 646 141 680 τέρω
160 642 236 678 ὦσιν,
259 645 363 678 ἔξεστιν
380 646 511 680 ἑκατέρου
534 645 634 680 μέρους
650 646 856 678 συναινοῦντο;,

77 691 182 726 πλησίον
203 690 274 726 ὑπὲρ
291 690 374 717 αὑτοῦ
403 690 555 725 λαμὸάνειν
578 691 707 726 πρόσοδον
729 690 856 727 εὔπορον,

77 737 119 762 καὶ
135 736 202 770 μετὰ
216 737 375 770 προσθήκης
387 735 434 762 τοῦ
447 736 578 771 τετάρτου
596 735 646 767 τῆς
668 736 858 770 καταλειφθεί-

77 790 122 816 σης
136 782 281 816 ποσότητος
297 782 333 816 μὴ
346 780 412 816 βεῆα
418 781 539 816 ρημένης
552 782 660 813 πολλοῖς
677 782 855 817 τελέσμασιν.

76 828 105 854 Εἰ
119 828 147 854 δὲ
161 827 288 862 πωλῆσαι
309 828 341 854 τὸ
364 827 481 863 ληγάτον
497 827 634 862 βούλοιντο
644 847 652 859 ,
669 828 706 863 μὴ
720 828 857 863 λαμϐανέ-

76 882 158 900 τωσαν
172 875 274 909 ἥττονα
292 875 375 909 τιμὴν
391 874 438 900 τοῦ
453 875 636 909 συναγομένου
649 874 696 900 ἐπὶ
717 874 754 900 λε’
768 875 858 901 ἐνιαυ-

75 920 143 951 τοὺς,
157 919 211 946 ἀπὸ
224 919 273 946 τοῦ
288 920 416 954 ληγάτου·
433 919 504 946 ὥστε
535 919 628 954 μέντοι
648 919 679 946 τὺ
694 920 802 955 τίμημα
817 921 857 951 εἰς

75 965 103 991 τὸ
115 965 251 1000 συμφέρον
263 965 310 992 τοῦ
324 965 473 1001 σεὸασμίου
485 964 563 992 οἴκου
574 961 596 1000 ᾧ
610 965 776 1000 κατελείφθη
788 973 856 1000 προ-

75 1012 203 1045 χωρῆσαι.

114 1057 144 1082 Ἦ
154 1057 181 1083 δὲ
197 1056 244 1092 μη’
255 1057 325 1084 διάτ.
339 1056 386 1083 τοῦ
403 1060 427 1091 γ’
446 1056 498 1084 τιτ,
514 1056 561 1084 τοῦ
581 1060 605 1083 α’
623 1057 695 1092 βιϐλ.
710 1055 803 1092 φησὶν,
816 1057 857 1084 ὅτι

75 1103 232 1137 ὲρῤωμένως
247 1111 289 1134 τις
310 1103 411 1138 γράφει
431 1104 494 1134 τοὺς
516 1103 705 1138 αἰχμαλώτους
729 1103 857 1138 κληρονό-

76 1157 151 1181 μους,
167 1149 212 1174 καὶ
227 1148 361 1182 λαμϐάνει
381 1148 429 1183 τὴν
450 1148 633 1183 κληρονομίαν
655 1149 669 1174 ὁ
690 1149 856 1181 ἐπίσκοπος,

74 1193 118 1219 καὶ
134 1194 147 1218 ὁ
167 1194 215 1228 τῆς
229 1194 333 1225 πόλεως
353 1194 494 1228 οἰκονόμος
513 1194 542 1220 ὲν
599 1193 648 1228 τὴν
659 1193 766 1228 οἴκησιν
784 1191 856 1228 εἶχε,

74 1239 116 1265 καὶ
136 1239 292 1266 δαπανῶσιν
313 1241 354 1271 εἰς
377 1240 529 1275 ἀνάρρυσιν
553 1239 746 1275 αἰχμαλώτων,
773 1239 789 1274 ἢ
809 1239 858 1270 τὰς

72 1286 150 1319 τιμὰς
174 1286 228 1311 τῶν
253 1286 434 1321 πραγμάτων,
450 1285 466 1321 ῆ
482 1286 531 1318 τὰς
552 1285 699 1320 προσόδους
721 1285 777 1312 τῶν
795 1285 856 1311 ἀκιε

73 1333 164 1364 νήτων.
178 1332 214 1366 μὴ
227 1332 470 1367 παρακρατοῦντες
487 1331 636 1366 φαλκιδιον·
654 1331 700 1358 καὶ
714 1331 857 1364 ἐνάγονται

74 1378 116 1404 ἐπὶ
144 1379 197 1409 τοῖς
230 1379 344 1413 χρέεσι·
375 1379 423 1404 καὶ
459 1379 522 1409 τοὺς
549 1376 674 1411 πτωχούς
700 1385 743 1408 τις
768 1375 858 1406 καλῶς

73 1424 168 1458 γράφει
202 1424 405 1459 κληρονόμους,
436 1424 484 1449 καὶ
513 1423 561 1450 ἐὰν
601 1423 638 1458 μὴ
679 1421 859 1457 προσδιοριτῃ

74 1469 180 1502 ποίους,
209 1471 225 1497 ὁ
249 1469 385 1504 ξενοδόχος
412 1469 462 1503 τῆς
482 1469 567 1503 αὐτῆς
592 1469 695 1499 πόλεως
724 1467 858 1502 λαμόάνει

73 1515 105 1540 τὰ
120 1515 287 1550 πράγματα,
306 1515 356 1542 καὶ
380 1516 412 1541 ὲκ
427 1515 477 1549 τῆς
495 1514 670 1549 διαπράσεως
688 1512 778 1539 αὐτῶν
795 1513 859 1545 ἁγο-

76 1560 145 1594 ράζιι
172 1561 313 1596 πρόσοδον.
332 1561 363 1587 El
379 1561 407 1587 δὲ
430 1561 521 1587 πολλοὶ
546 1559 658 1592 ξενῶνές
679 1560 751 1586 εἰσιν
772 1559 802 1584 ὲν
825 1558 858 1592 τῇ
874 1572 894 1601 C

74 1605 155 1639 πόλει,
170 1607 184 1632 ὁ
197 1605 374 1642 ἀπορώτερος
388 1607 458 1634 αὐτὰ
473 1606 618 1641 λαμϐάνει,
631 1605 666 1632 τὰ.
683 1605 748 1640 περὶ
763 1603 858 1631 τούτου

73 1650 262 1687 ῑοκίμάζοντος
273 1651 320 1679 τοῦ
337 1653 486 1680 ἐπισκόπου
500 1653 547 1678 καὶ
561 1651 617 1678 τῶν
632 1651 678 1677 ὑπ’
699 1650 779 1677 αὐτὸν
794 1650 860 1684 κλη-

75 1698 170 1732 ρικῶν·
191 1699 215 1725 ει
232 1698 262 1724 δὲ
281 1698 318 1734 μὴ
334 1698 389 1733 ἔχει
412 1697 514 1730 ξενῶνα
538 1697 555 1731 ὴ
580 1697 670 1728 πόλις,
689 1695 861 1730 διανέμονται

73 1743 106 1769 τὰ
122 1744 272 1779 πράγματα
288 1744 340 1770 ὑπὸ
352 1744 399 1770 τοῦ
414 1744 562 1770 ἐπισκόπου
578 1742 594 1777 ἢ
609 1741 655 1769 τοῦ
667 1741 810 1775 οἰκονόμου
822 1741 861 1771 εἰς

73 1790 132 1822 τοὺς
144 1792 270 1826 πτωχοὺς
281 1791 297 1826 ἢ
314 1791 401 1821 ἄλλως
414 1790 527 1822 ὲνδεεῐς,
545 1789 582 1824 μὴ
597 1786 860 1824 παρακρατουμένου

74 1836 220 1868 ςαλκιὸίου.
239 1837 272 1863 Et
287 1837 316 1863 δὲ
328 1836 459 1872 πρόδηλον
470 1836 487 1871 ἢ
503 1836 600 1870 ἄδηλον
615 1834 700 1870 ὕνομα
713 1833 861 1868 ἐκκλησίας

73 1883 89 1917 ἢ
113 1883 224 1916 εὐαγοῢς
256 1883 331 1909 οῐκου
355 1882 459 1909 ἀπιδὼν
488 1881 645 1914 κατέλιπεν,
670 1880 752 1911 αὐτὸς
780 1879 860 1914 μόνος

73 1929 216 1964 λαμδάνει,
236 1931 277 1966 μὴ
293 1930 475 1964 ὑφιστάμενος
490 1928 640 1962 φαλκίδιον*
658 1928 675 1962 ἡ
695 1926 724 1953 δὲ
747 1929 772 1960 γ’
787 1926 858 1952 διά-ι’.

72 1975 116 2002 τοῦ
129 1976 151 2010 β’
161 1978 214 2004 τίτ.
228 1976 287 2002 τῶν
299 1975 414 2010 Νεαρῶν
425 1974 508 2009 λέγει,
524 1973 564 2000 ὅτι
578 1974 634 2004 τοῖς
648 1972 745 2007 πένησι
758 1970 802 1998 διὰ
812 1969 858 1996 τοῦ

73 2022 217 2049 ἐπισκόπου
232 2021 419 2056 διανέμονται.

105 2069 159 2095 Καὶ
174 2069 192 2104 ἡ
207 2068 252 2103 νβ’
265 2068 334 2094 διάτ.
350 2067 396 2094 τοῦ
415 2066 436 2101 β’
450 2065 504 2093 τιτ.
522 2064 569 2091 τοῦ
591 2067 615 2091 α’
632 2063 702 2099 pret.
726 2065 773 2090 τοῦ
792 2063 857 2090 κώδ.

74 2115 162 2148 φησὶν,
177 2114 220 2141 ὅτι
245 2114 295 2140 ἐάν
308 2121 349 2144 τις
367 2112 472 2148 βαρηθῇ
491 2111 711 2138 ἀποκαταστάσει
726 2110 742 2145 ἢ
757 2110 860 2136 ὑποκα-

71 2161 197 2187 ταστάσει
210 2160 240 2193 ἐξ
257 2159 402 2191 ἀπαιδίας,
423 2159 470 2184 καὶ
491 2157 528 2192 μὴ
545 2156 662 2191 βουληθῇ
676 2157 801 2191 γαμῆσαι
825 2155 859 2181 δι’

73 2205 195 2241 ἄσκησιν,
210 2206 288 2240 μένει
300 2204 368 2239 ἔχων
379 2203 414 2230 τὰ
424 2202 584 2238 πράγματα,
597 2201 643 2228 καὶ
654 2202 758 2236 δαπανᾷ
771 2200 858 2227 ταῦτα

907 286 954 320 qui
966 293 1063 312 aurum
1079 286 1163 319 dedit,
1176 286 1227 314 sibi
1242 286 1392 314 obnoxium
1403 288 1484 314 habet
1495 295 1557 314 eum
1570 289 1616 323 qui
1629 298 1692 316 cuin

908 331 968 367 ipso
991 332 1141 364 contraxit,
1167 333 1282 367 ejusque
1307 333 1437 366 hatredes,
1464 338 1494 361 ut
1509 334 1630 369 ejusdem
1649 335 1691 363 tit.

907 382 995 406 const.
1010 378 1055 405 55.
1070 373 1188 414 [tradiL]

945 424 1054 452 Toxlus.
1071 424 1167 452 Const.
1188 432 1252 452 vero
1265 425 1291 455 5.
1310 425 1351 452 tit.
1366 425 1384 451 2
1396 424 1569 453 Novellarum
1590 426 1624 453 de
1637 427 1692 454 hu-

904 469 1028 504 justnodi
1052 469 1141 505 legato
1162 470 1249 497 dicit:
1271 469 1299 496 Si
1324 470 1370 504 qui
1397 469 1446 505 [id]
1461 477 1566 505 capere
1586 476 1613 497 ct
1627 471 1694 498 dare

906 514 978 549 jussi
994 519 1070 546 sunt,
1088 519 1134 542 attt
1148 515 1226 542 locus
1247 523 1278 543 ex
1296 523 1352 549 quo
1368 516 1546 542 constitutum
1564 520 1606 542 est
1622 516 1693 546 dari,

910 561 938 587 in
954 560 1049 587 eadem
1065 566 1113 587 aut
1125 561 1216 588 vicina
1240 561 1381 595 provincia
1396 561 1462 594 sint,
1478 569 1512 588 ne
1534 569 1588 596 quo
1613 562 1694 589 modo

909 606 974 633 illttd
993 607 1144 638 alienetur;
1161 607 1204 634 sin
1229 607 1256 634 in
1279 607 1472 634 remotioribus
1488 607 1543 634 sint
1559 607 1692 641 partibus.

909 652 973 680 licet
988 657 1105 687 utroque
1121 653 1309 680 consentiente
1331 653 1449 680 vicinum
1465 652 1605 688 [aliquem]
1622 654 1693 680 redi-

909 701 967 725 tum
983 699 1095 726 uberem
1120 706 1210 733 tteque
1227 699 1320 726 multis
1335 699 1557 733 praestationibus
1574 707 1692 733 prmgra-

909 749 1014 774 vatum.
1027 751 1089 770 eum
1105 745 1264 771 accessione
1276 744 1437 779 quadrantis
1460 745 1560 779 relicta:
1582 744 1692 778 quanti-

909 788 985 821 tatis,
1000 796 1048 823 pro
1064 789 1111 816 illo
1125 789 1196 823 capi.
1211 789 1239 816 Si
1255 796 1320 816 vero
1336 790 1454 817 vendere
1468 789 1585 824 legatum
1598 789 1691 820 velint.

910 841 944 860 ne
967 834 1058 861 minus
1082 834 1161 868 pretii
1177 835 1289 862 nomine
1310 835 1433 869 capiant,
1449 843 1530 869 qttatn
1547 842 1581 862 ex
1604 834 1692 869 legato

911 886 958 912 per
978 879 1089 913 triginta
1103 879 1226 913 quinque
1248 887 1337 906 annos
1350 879 1514 913 colligatur:
1536 880 1573 906 ita
1589 883 1691 909 tamen,

910 929 940 952 ut
964 925 1082 959 pretium
1109 924 1143 950 ad
1168 925 1314 952 utilitatem
1341 925 1505 953 venerabilis
1521 926 1630 958 domus,
1647 925 1691 952 cui

909 970 1032 997 relictum
1047 975 1098 1002 est,
1118 969 1255 1004 procedat.

944 1046 1056 1074 Toxlus.
1074 1047 1170 1074 Const.
1190 1046 1236 1079 48,
1252 1047 1294 1073 tit.
1311 1047 1338 1079 5,
1357 1046 1404 1074 lib.
1419 1055 1438 1080 ι,
1455 1046 1492 1073 ait
1507 1055 1514 1074 :
1536 1045 1613 1078 Quod
1630 1045 1692 1081 quis

908 1098 983 1121 recte
1012 1093 1135 1128 captivos
1156 1093 1287 1127 linem-des
1308 1093 1424 1125 scribat,
1453 1093 1693 1128 hereditatemque

907 1139 1054 1174 episcopus
1069 1143 1095 1166 et
1109 1133 1270 1166 meonomus
1288 1139 1416 1170 civitatis,
1439 1139 1464 1165 in
1483 1146 1536 1173 qua
1555 1131 1692 1174 [testator]

909 1186 994 1212 larem
1015 1185 1092 1218 fovit,
1109 1185 1274 1218 suscipiant.
1293 1185 1339 1219 qui
1358 1189 1405 1211 aut
1420 1192 1511 1211 rerum
1530 1184 1627 1219 pretia,
1646 1189 1694 1211 aut

910 1232 1094 1259 intmobiliunt
1121 1232 1225 1258 reditus
1251 1231 1277 1257 in
1293 1230 1507 1264 redemptionem
1522 1230 1692 1265 captivorum

909 1283 1092 1305 consumant:
1109 1282 1135 1304 et
1152 1276 1230 1312 [non]
1247 1280 1351 1303 retenta
1364 1275 1482 1302 Faleidia
1498 1276 1695 1302 conveniantur

909 1328 1020 1358 propter
1038 1323 1139 1349 debita.
1156 1321 1201 1353 Et,
1214 1321 1311 1357 [quod]
1327 1328 1460 1356 pauperes
1478 1326 1552 1348 recte
1565 1321 1625 1356 quis
1640 1320 1695 1347 ha:—

910 1370 987 1396 redes
1003 1369 1115 1399 scribat,
1132 1377 1163 1395 ac
1179 1367 1260 1403 [tum]
1277 1369 1299 1394 si
1316 1375 1368 1393 non
1389 1367 1511 1397 deliniat,
1531 1375 1601 1401 quos
1626 1365 1694 1402 [hae-

910 1415 988 1440 rcdes
1006 1421 1066 1440 csse
1087 1412 1163 1448 Velit]
1182 1412 1359 1439 xenodorltus
1379 1413 1458 1447 116
1476 1413 1598 1447 ejusdem
1619 1412 1695 1440 urbis

910 1459 1058 1486 facultates
1075 1458 1177 1492 capiat,
1199 1462 1225 1484 et
1239 1465 1271 1484 ex
1291 1458 1448 1484 venditione
1471 1457 1576 1484 illarum
1593 1458 1695 1484 reditus

910 1510 1063 1540 comparet.
1083 1503 1111 1531 Si
1126 1511 1190 1530 vero
1211 1503 1290 1530 multi
1309 1511 1428 1530 renones
1452 1503 1477 1529 itt
1494 1503 1606 1529 civitate
1628 1503 1693 1531 sint.

910 1550 1103 1586 pauperrimus
1130 1550 1192 1576 illas
1212 1549 1324 1584 capiat:
1343 1556 1403 1575 eam
1430 1547 1544 1584 [autem]
1566 1556 1623 1575 rem
1640 1549 1696 1583 cpi-

912 1605 1012 1632 scopus
1028 1601 1056 1624 et
1070 1597 1122 1624 sub
1138 1597 1198 1631 ipso
1214 1595 1356 1623 cortstituti
1372 1595 1464 1622 clerici
1482 1594 1640 1621 discutiant.
1660 1590 1711 1620 At‘

911 1643 934 1671 si
950 1643 1051 1670 civitas
1067 1649 1202 1669 xenonem
1219 1649 1273 1668 non
1290 1641 1398 1672 habeat,
1417 1648 1461 1667 res
1476 1648 1524 1675 per
1537 1641 1695 1675 episcopum

911 1695 959 1716 aut
974 1697 1148 1717 ceeonmnnm
1163 1689 1188 1715 in
1207 1695 1340 1723 pauperes
1357 1687 1493 1722 alioquive
1518 1695 1618 1722 egenos
1642 1694 1698 1714 non

911 1737 1017 1762 retenta
1033 1732 1154 1760 Falcidia
1165 1732 1377 1760 distribuantur.
1390 1732 1437 1758 Sin
1450 1736 1540 1758 autem
1553 1731 1580 1758 in
1593 1736 1694 1759 certam

911 1786 1073 1815 personam,
1100 1778 1321 1806 venerabilemve
1344 1781 1448 1805 certam
1474 1777 1584 1805 domum
1607 1777 1697 1812 respi-

911 1828 987 1855 ciens
1003 1825 1144 1860 reliquerit
1159 1834 1165 1852 :
1183 1825 1226 1851 illa
1248 1824 1305 1851 sola
1324 1825 1407 1859 capit,
1429 1832 1484 1851 non
1507 1824 1618 1851 suhiens
1634 1823 1696 1850 Fal-

911 1874 1022 1900 cidiam.
1055 1872 1171 1899 Constit.
1205 1878 1280 1897 vero.
1305 1870 1333 1897 5.
1360 1872 1403 1898 tit.
1427 1871 1445 1897 2
1470 1871 1643 1898 Novellarum
1669 1870 1696 1897 id

911 1926 1044 1954 pauperes
1060 1926 1108 1953 per
1123 1918 1280 1953 episcopum
1295 1916 1424 1945 distribui
1434 1916 1483 1944 ait.

947 2057 980 2083 Et
993 2060 1083 2084 const.
1097 2057 1140 2088 5‘2,
1157 2055 1199 2083 tit.
1211 2055 1239 2088 Ξ,
1253 2055 1300 2082 lib.
1319 2063 1338 2086 I,
1357 2055 1420 2082 cod.
1436 2054 1484 2086 ait,
1505 2052 1578 2088 qud'd
1596 2053 1618 2080 si
1633 2053 1699 2086 quis

912 2106 1042 2137 gravetur
1067 2101 1266 2128 substitutiotte
1288 2104 1336 2127 aut
1355 2099 1546 2131 restitutione,
1570 2099 1592 2125 si
1619 2098 1695 2124 liberi

912 2155 967 2175 non
983 2148 1127 2179 exsistant,
1139 2154 1172 2173 ac
1190 2146 1287 2174 nolens
1309 2145 1515 2172 matrimonium
1536 2145 1697 2172 contrahere

914 2193 1048 2228 suscipiat
1063 2194 1144 2220 vitam
1161 2192 1352 2223 ntonasticam,
1373 2199 1417 2218 res
1433 2190 1565 2226 [relictas]
1587 2190 1613 2216 in
1632 2197 1697 2224 per-

72 2236 217 2286 περιίὶινξῆ
235 2236 437 2284 καταλιμπάνει
447 2236 491 2279 ’ὡς
508 2248 591 2280 θέλει,
605 2247 725 2278 εὐσεϐῶς
755 2247 856 2282 μέντοι.

913 2244 1025 2274 petuum
1043 2238 1159 2266 retineat
1175 2246 1182 2265 τ
1204 2245 1237 2265 ae
1255 2238 1320 2264 dum
1340 2240 1475 2271 superest,
1493 2236 1625 2268 insumat,
1649 2239 1698 2262 aut

74 2298 103 2324 El
117 2298 144 2324 δὲ
157 2298 204 2324 καὶ
215 2298 270 2324 ὑπὸ
280 2297 386 2331 αἰρεσιν
396 2294 565 2326 παιδοποιίας
577 2293 743 2328 καταλειφθῇ
756 2293 858 2326 αὐτοῖς,

73 2344 176 2378 ἔχουσιν
191 2343 259 2370 αὐτὸ
282 2343 330 2368 καὶ
354 2341 391 2376 μὴ
410 2339 644 2370 παιδοποιοῦντες,
665 2339 701 2364 Τὸ
729 2338 794 2364 αὐτὸ
813 2338 860 2364 καὶ

73 2389 117 2415 ἐπὶ
134 2378 366 2425 παρθενευούσαις
377 2385 425 2412 καὶ
438 2386 484 2412 ἐπὶ
497 2386 554 2416 τοῖς
565 2385 665 2419 γαμεῖν
676 2383 860 2418 κωλυομένοις

72 2433 220 2468 κληρικοῖς·
241 2434 259 2467 ἠ
273 2432 302 2458 δὲ
319 2431 339 2465 β’
356 2431 424 2457 διάτ.
441 2429 489 2456 τοῦ
505 2429 529 2456 α’
543 2430 596 2456 τίς.
616 2429 671 2455 τῶν
688 2428 802 2464 Νεαρῶν
817 2427 861 2453 λέ-

73 2487 132 2513 γει,
146 2480 187 2506 ὅτι
207 2479 222 2505 ό
246 2478 436 2513 βεὸαρημένος
456 2475 566 2511 ληγάτῳ
586 2475 602 2511 ἦ
621 2474 859 2506 ἀποκαταστάσει,

74 2524 124 2551 ὑπὸ
138 2525 245 2559 αἵρεσιν
263 2523 353 2557 γάμου
367 2522 384 2557 ἢ
398 2521 527 2553 ἀπαιδίας
538 2540 547 2553 ,
563 2521 580 2556 ἢ
600 2520 648 2547 ὲὰν
667 2520 739 2546 οὕτω
749 2519 859 2555 δωρηθῇ

73 2569 89 2604 ἦ
110 2569 176 2605 ὲαθῇ
197 2577 270 2600 τινι,
296 2568 344 2594 καὶ
365 2567 478 2602 γένηται
500 2567 647 2602 κληρικὸς,
664 2565 681 2601 ἢ
696 2565 829 2600 μοναχὸς,
843 2565 860 2600 ἢ

74 2614 229 2641 διακόνισσα
239 2634 247 2647 ,
264 2613 282 2649 ἢ
298 2613 451 2648 ἁσκήτρια,
477 2612 618 2639 σϐέννυται
634 2613 651 2647 ἡ
667 2611 861 2638 ἀποκατάστα·

75 2668 133 2691 σις-
157 2660 216 2687 ἀλλ’
238 2660 287 2686 ἐπὶ
311 2659 360 2693 μὲν
375 2658 430 2685 τῶν
453 2658 592 2693 κληρικῶν
616 2657 663 2684 καὶ
685 2657 861 2684 διακονισσῶν

75 2705 126 2732 τῶν
140 2705 306 2741 ἐκκλησιῶν,
322 2705 366 2732 ὅτε
380 2705 459 2740 μέχρι
473 2705 522 2739 τῆς
541 2703 610 2735 ιδίας
622 2703 695 2738 ζωῆς
710 2704 763 2734 τοῖς
776 2702 862 2729 τοιοὺ-

75 2759 130 2783 τοις
143 2751 310 2786 ἐπιμένοιεν,
331 2750 378 2776 καὶ
393 2749 427 2776 τὰ
443 2749 494 2775 ὑπὸ
513 2748 640 2782 τοιαύτην
656 2748 760 2782 αἵρεσιν
772 2747 862 2782 δωρη-

77 2796 155 2823 θέντα
174 2797 192 2832 ἢ
215 2794 432 2829 καταλειφθέντα
445 2813 453 2826 ,
477 2793 596 2825 εὐσεϐῶς
618 2793 820 2828 δαπανήσουσιν
844 2792 861 2827 ἢ

79 2842 283 2868 καταλίπουσιν.
300 2841 332 2868 Οἱ
354 2841 408 2875 γὰρ
423 2840 536 2874 μοναχοὶ
551 2839 600 2865 καὶ
619 2839 768 2873 ὰσκήτριαι
781 2857 791 2872 ι
811 2837 863 2864 κᾶν

78 2887 129 2913 τῶν
142 2888 333 2922 μοναστηρίων
347 2884 605 2918 αὐτῶνέξέλθωσιν,
617 2884 690 2919 ὅμως
704 2883 738 2910 τὰ
754 2883 863 2910 τοιαῦτα

911 2283 1048 2318 relinquat
1062 2282 1201 2317 quomodo
1217 2282 1284 2313 vult,
1307 2281 1456 2308 dummodo
1479 2281 1506 2307 in
1532 2281 1591 2316 pios
1619 2288 1696 2308 usus.

911 2328 1012 2364 [Quod]
1033 2328 1138 2355 etiamsi
1162 2327 1214 2354 sub
1236 2328 1392 2354 conditione
1409 2326 1644 2362 suscipiendorum
1665 2327 1698 2353 li-

912 2377 1040 2404 berorum
1056 2375 1110 2402 illis
1122 2375 1246 2402 relictum
1262 2375 1297 2402 sit
1309 2373 1435 2410 [aliquid]
1459 2374 1486 2401 id
1511 2373 1637 2406 habeant,
1657 2377 1698 2400 la-

912 2423 993 2450 metsi
1015 2422 1115 2449 liberos
1132 2429 1187 2448 non
1206 2421 1369 2455 suscipiant.
1384 2420 1428 2455 [Et
1442 2419 1526 2455 quod]
1541 2420 1592 2446 hoc
1608 2415 1697 2454 ipsum

913 2467 1062 2504 [obtineat]
1079 2471 1106 2494 et
1123 2467 1150 2494 in
1163 2467 1313 2502 virginitati
1330 2467 1471 2493 servandae
1487 2465 1626 2492 obstrictis
1642 2473 1700 2492 mu-

913 2514 1037 2547 lieribus,
1053 2518 1080 2541 et
1100 2513 1129 2541 in
1154 2512 1358 2540 matrimonium
1376 2511 1539 2539 contrahere
1553 2511 1701 2546 prohibitis

912 2561 1030 2588 clericis.
1050 2559 1164 2587 Constil.
1183 2558 1211 2590 2,
1235 2558 1307 2586 lib.t
1327 2557 1500 2585 Novellarum
1520 2557 1596 2589 dicit.
1614 2557 1701 2591 quod.

914 2606 936 2633 si
953 2606 1055 2640 legato,
1068 2609 1116 2631 aut
1132 2604 1305 2630 restitutione
1319 2607 1448 2638 gravatus
1470 2603 1521 2630 sub
1541 2603 1700 2629 conditione

913 2651 1081 2686 nuptiarum,
1104 2649 1145 2677 vel
1173 2650 1196 2676 si
1222 2649 1301 2676 liberi
1328 2656 1382 2676 non
1403 2649 1545 2681 exsistant,
1570 2648 1701 2681 clericus,

915 2695 1077 2726 monachus,
1093 2695 1261 2726 diaconissa,
1280 2693 1321 2720 vel
1345 2693 1460 2720 ascetria
1483 2692 1540 2725 ﬂat,
1561 2690 1703 2719 restitutio

914 2744 1117 2778 exstinguutur.
1144 2740 1176 2768 Et
1192 2740 1286 2777 [quod]
1308 2740 1399 2768 clerici
1422 2747 1454 2767 ac
1475 2738 1636 2766 diacouissze
1656 2744 1702 2763 ec-

914 2790 1072 2820 cle5iarum,
1087 2788 1196 2823 quando
1212 2795 1300 2822 usque
1321 2786 1354 2814 ad
1371 2786 1451 2813 finem
1465 2784 1527 2811 vita:
1548 2791 1605 2810 sua:
1619 2783 1647 2809 in
1665 2782 1701 2810 iis

915 2835 1129 2871 permanserint,
1148 2834 1200 2862 sub
1217 2834 1268 2861 hac
1290 2829 1449 2860 conditione
1470 2830 1571 2858 donata
1591 2829 1634 2856 vel
1656 2836 1700 2856 re-

916 2882 992 2914 licta,
1007 2881 1034 2910 in
1051 2881 1110 2916 pios
1128 2887 1194 2915 usus
1217 2880 1355 2908 insumere
1376 2881 1424 2906 aut
1446 2876 1601 2910 relinquere
1625 2879 1700 2909 pote;
