1954 3080
238 188 291 220 5⁵15
827 185 954 216 ΡΗΟΊἹΙ
971 184 1036 215 ΡΛἸ

1091 183 1223 214 ARCH/E
1243 184 1297 213 CP.
1817 181 1870 213 576

238 247 312 272 runt.
331 243 360 270 Si
401 245 492 270 autem
510 241 637 269 monachi
655 245 703 268 aut
723 240 847 268 ascetrim
866 239 1030 268 monasteria

1091 239 1232 275 πράγματα
1251 237 1320 272 μετὰ
1341 235 1395 263 τῶν
1411 235 1501 279 ἄλλων
1521 234 1695 270 πραγμάτων
1710 235 1766 266 τοῖς
1789 243 1868 269 unua.-

237 291 380 322 deserant,
397 290 551 318 istiusmodi
576 297 621 317 res
638 297 701 316 cum
719 288 780 316 aliis
804 288 927 323 ipsorum
947 288 1027 316 bonis

1091 284 1204 320 ιτηρίοις
1217 283 1351 317 διαφέρεν
1365 282 1389 308 ει
1404 281 1433 308 δὲ
1447 280 1495 307 ἐπὶ
1510 280 1660 317 mappam
1674 279 1872 315 αἰχμαλώτων,

238 336 272 363 ad
289 335 454 362 monasteria
466 335 613 369 pertinere.
628 333 657 361 Si
671 338 760 361 tamen
771 333 804 360 ad
814 332 1028 368 redemptionem

240 380 412 416 captivorum
432 385 480 408 aut
495 380 574 415 117
585 379 783 407 exliibitioncm
798 386 949 414 pauperum
960 386 1029 413 pra:-

241 427 322 454 dictis
356 426 560 453 conditionibus
583 425 743 453 substitutio
769 425 836 459 liat,
857 425 933 453 nullo
958 432 1029 460 pra:-

239 472 377 500 dictorum
396 471 540 499 modorum
559 470 654 507 [hanc]
669 471 789 498 excludi.

277 520 349 547 Dicit
368 527 451 555 porro
465 519 491 552 l,
506 526 594 554 eaque
610 520 691 547 unica
707 523 799 547 const.
818 519 851 547 tit
863 519 908 553 48,
924 519 973 547 lib.
990 526 1029 549 vr.

241 566 304 594 eod.
321 566 411 593 valere
430 565 503 600 quod
523 565 688 600 relinquitur
705 565 783 592 licito
810 564 951 601 [cuipiam]
974 565 1031 592 col-

242 612 313 647 legio
326 616 373 638 aut
389 611 511 646 corpori,
529 611 636 638 clericis
649 611 762 646 collegis
774 615 850 646 puta,
864 614 912 638 aut
935 610 1030 643 curiae,

241 661 290 685 aut
305 656 409 684 cohorti
435 656 571 692 praesulis,
591 661 638 684 aut
658 656 780 689 medicis,
803 660 850 683 aut
863 656 1029 688 doctoribus,

243 707 291 730 aut
303 702 448 736 advocatis,
468 707 514 729 aut
530 702 671 734 militibus,
687 707 734 729 ant
745 701 867 736 ejusdem
887 702 954 729 artis
973 702 1032 736 opi-

242 749 351 781 ﬁcihus,
366 753 413 775 aut
422 748 620 779 sacerdotibus,
640 748 814 782 autcuipiam
826 747 889 775 alii:
905 752 932 775 et
947 748 1030 775 dividi

243 794 347 821 viritim
380 802 413 821 ex
428 801 506 829 atquo
522 792 579 829 [iis]
593 795 640 828 qui
657 797 778 828 tempore
801 794 898 821 mortis
926 793 953 820 in
969 793 1031 821 albo

244 841 414 874 reperiantur
429 845 626 875 :prteterquam
641 841 664 868 si
676 845 777 868 certam
787 841 965 876 quantitatem
977 847 1031 869 tes-

245 888 317 912 tator
332 885 479 921 unicuique
493 886 657 918 attribuerit,
668 890 696 913 et
705 886 732 913 in
745 886 798 913 line
807 886 929 921 ejusdem
941 890 1030 914 const.

1081 330 1098 365 ἢ
1115 329 1230 364 πτωχῶν
1245 329 1387 363 ἀποτροφῇ
1410 327 1463 354 ὑπὸ
1477 327 1527 358 τὰς
1548 326 1697 361 εἰρημένας
1715 326 1838 360 αἱρέσεις
1856 325 1874 360 ὴ

1082 375 1301 406 ὑποκατάστασις
1317 374 1449 409 γένηται,
1473 373 1504 405 ἐξ
1517 373 1624 404 οὐδενὸς
1638 371 1694 399 τῶν
1715 372 1874 407 εἰρημένων

1082 420 1258 448 ἀποκλείεται
1278 420 1396 455 τρόπων.

1117 510 1199 545 Λέγει
1214 509 1243 537 δὶ
1253 509 1300 536 καὶ
1316 509 1333 544 ὴ
1349 511 1373 535 α’
1393 508 1440 536 καὶ
1455 508 1522 544 μόνη
1544 507 1614 535 διάτ.
1625 506 1673 533 τοῦ
1691 505 1737 542 μη¹
1754 506 1813 533 τίτ.
1824 505 1874 532 τοῦ

1083 555 1111 589 ς’
1131 556 1202 592 βιϐλ.
1214 555 1262 582 τοῦ
1288 554 1354 582 κὼδ.
1371 554 1412 582 ὅτι
1424 554 1544 590 ἔρρωται
1555 553 1586 580 τὸ
1599 552 1875 588 καταλιμπανόμενον

1084 601 1188 637 θεμιτῷ
1196 600 1358 636 συστήματι,
1370 599 1386 634 ἢ
1403 598 1561 634 σωματειῳ,
1574 595 1631 624 οἷον
1644 597 1841 633 συγκλητικῆς,
1856 597 1874 632 ἢ

1085 647 1177 683 βουλῇ,
1192 646 1210 682 ἢ
1224 645 1300 678 τάξει
1318 645 1459 681 ἄρχοντος,
1481 644 1498 680 ἢ
1521 644 1634 679 ἰατροῖς,
1650 643 1667 678 ἢ
1691 642 1874 675 διδασκάλοις,

1082 693 1099 725 ἢ
1116 693 1285 728 συνηγόροις.
1296 691 1313 726 ἢ
1329 689 1518 726 στρατιώταις,
1533 690 1550 725 ἢ
1567 689 1734 724 ὁμοτέχνοις,
1747 688 1764 723 ἢ
1783 688 1874 723 ῑερεῠο

1085 748 1136 773 σιν,
1148 739 1165 774 ἢ
1180 738 1266 773 ἑτέρῳ
1276 736 1340 764 τινίθ
1356 736 1405 763 καὶ
1421 735 1578 771 μερίζονται
1600 734 1671 761 κατὰ
1686 734 1832 769 πρόσωπον
1846 732 1877 765 ἐξ

1085 785 1143 812 ῖσου
1157 784 1182 811 οἱ
1204 785 1233 810 ὲν
1247 783 1286 819 τῷ
1298 781 1388 818 καιρῷ
1409 782 1459 816 τῆς
1482 780 1612 815 τελευτῆς
1632 780 1663 806 ἂν
1679 778 1719 814 τῷ
1734 778 1878 813 καταλόγῳ

1084 830 1281 865 εὑρισκόμενοι,
1295 829 1319 854 ει
1333 828 1369 863 μὴ
1383 827 1464 862 ῥητὸν
1476 825 1560 852 ποσὸν
1569 825 1582 851 ό
1595 824 1752 859 διαθέμενος
1765 823 1877 857 ἑκάστῳ

1084 875 1183 911 opto-ev
1194 874 1241 901 καὶ
1255 874 1284 900 ὲν
1296 873 1334 908 τῷ
1347 872 1420 899 τέλει
1434 872 1485 903 τῆς
1499 870 1585 905 αὐτῆς
1595 869 1664 896 διατ.
1674 869 1716 896 ὅτι
1729 869 1777 895 ἐὰν
1792 876 1879 903 προσ-

245 930 379 966 [dieitur],
392 913 474 965 quod,
485 932 508 959 si
526 932 610 959 semel
624 937 671 959 aut
685 939 787 959 annum
803 932 830 959 in
841 932 901 967 pios
914 939 980 960 usus
993 939 1034 960 re-

1091 921 1157 955 ίπαξ
1180 921 1196 957 ἢ
1227 920 1334 955 ἐτήσιον
1375 916 1544 952 καταλειφθῇ
1573 915 1704 967 εὐσεϐῶς,
1731 913 1879 967 ῆ-ὲκκλη;

245 977 338 1003 lictum
354 977 389 1004 sit
401 976 525 1013 [aliquid]
544 977 735 1011 :mtecclesiis,
751 982 798 1006 aut
811 978 974 1010 xenonibus,
987 982 1034 1005 aut

245 1022 372 1057 ptochiis,
393 1027 440 1049 aut
461 1024 664 1051 venerabilibus
678 1024 817 1054 domibus.
834 1028 881 1051 aut
895 1024 1034 1051 communi

244 1067 354 1100 clerico,
369 1073 417 1095 aut
428 1067 461 1095 ad
469 1069 637 1103 captivorum
652 1068 874 1103 redemptionem,
887 1067 956 1105 [aut]
969 1068 1035 1104 ipsis

245 1113 422 1147 pauperibus,
435 1114 476 1140 τοι
500 1113 625 1148 captivis,
642 1114 729 1141 valeat
747 1114 883 1142 defunctis
898 1115 1033 1142 voluntas.

282 1157 368 1194 [Lib.]
387 1158 473 1186 lnstit.
486 1160 513 1192 5,
523 1160 564 1186 tit.
574 1159 619 1189 27.
633 1159 759 1196 [habetur
768 1160 795 1196 :]
808 1159 945 1188 interdum
961 1161 1035 1197 quod

246 1211 294 1238 per
314 1212 434 1232 errorem
453 1212 507 1232 non
522 1205 653 1238 debitum,
670 1206 788 1233 solutum
801 1211 852 1239 est,
871 1214 924 1233 non
937 1207 1036 1241 repeti-

246 1253 293 1276 tur
308 1270 317 1283 ,
339 1255 368 1277 ut
392 1250 418 1278 in
432 1250 475 1283 iis,
492 1259 553 1286 qua:
571 1252 773 1279 venerabilibus
784 1252 908 1280 domibus
917 1253 958 1280 vel
972 1253 1035 1280 reli-

247 1294 337 1330 gionis
357 1296 398 1323 vel
415 1296 522 1332 pietatis
535 1297 636 1324 intuitu
655 1297 742 1333 legata
756 1301 829 1325 sunt.
847 1297 931 1334 [Lib.]
949 1296 1035 1325 lnstit.

249 1356 286 1380 iv,
302 1349 343 1375 tit.
354 1348 396 1376 l6.
414 1349 489 1382 Quod
502 1350 701 1378 venerabilibus
714 1350 782 1378 locis
802 1350 919 1385 legatum
933 1355 985 1384 est,
1003 1359 1038 1378 et

247 1393 412 1422 inticiatione
425 1395 586 1430 duplicatur.
602 1395 674 1423 Dicit
694 1397 775 1423 etiam
785 1400 873 1424 const.
889 1395 924 1429 2,
940 1396 982 1423 tit.
1007 1397 1035 1429 2,

247 1439 431 1474 Novellarum,
442 1442 548 1478 quodlsi
562 1444 607 1477 qui
622 1443 776 1478 cuicunque
786 1444 934 1472 venerabili
944 1444 1036 1471 domui

247 1487 358 1514 thihel
366 1488 521 1516 constituta:
534 1489 732 1517 infructuosam
744 1491 943 1525 possessionem
953 1491 1038 1518 dona-

247 1533 346 1564 verint,
373 1534 543 1561 vendiderint
560 1535 647 1562 aliove
662 1536 742 1564 modo
762 1536 972 1571 suppeditarint,
990 1541 1037 1563 aut

245 1577 353 1614 [etiam]
370 1579 531 1614 reliquerint
545 1590 551 1607 :
565 1581 611 1608 iita
624 1581 793 1616 publicorum
808 1583 972 1611 tributorum
985 1591 1034 1610 no-
1049 1593 1072 1623 (ς

246 1626 320 1652 mine
328 1633 381 1653 non
397 1626 557 1660 oblmdatur,
570 1635 657 1663 neque
671 1636 834 1664 quacunque
843 1629 895 1657 alia
907 1630 941 1658 de
953 1637 1036 1658 causa

246 1676 454 1706 prmgravetur:
480 1673 528 1700 sed
553 1681 634 1700 omne
655 1674 810 1702 istiusmodi
835 1683 980 1711 gravamen
1007 1677 1035 1704 in

245 1725 294 1745 eos
317 1718 364 1753 qui
385 1719 529 1753 dederunt,
556 1727 705 1755 earumque
731 1721 852 1750 hzercdes
876 1723 1035 1756 redundet;

247 1769 360 1804 [quippe
372 1771 419 1805 qui
436 1776 464 1798 et
476 1771 553 1800 datas
568 1773 758 1807 possessiones
769 1775 898 1810 recipere,
914 1780 941 1803 et
956 1783 1038 1803 omne

248 1815 380 1843 damnum
405 1818 478 1852 quod
499 1819 646 1847 venerabili
671 1820 764 1848 domui
790 1821 941 1855 obvenerit,
968 1830 1037 1856 prae-

246 1866 322 1888 stare
349 1868 490 1897 cogantur.
511 1864 587 1896 Quod
613 1864 702 1901 [item]
735 1867 759 1893 si
789 1867 858 1894 forte
878 1867 940 1895 dolo
966 1868 1038 1896 malo

248 1907 343 1942 aliquo
364 1916 413 1942 pro
438 1909 593 1938 istiusmodi
620 1911 797 1940 infructuosis
816 1914 940 1941 nonnihil
960 1922 975 1941 a
992 1922 1038 1942 ve-

251 1954 413 1983 nerabilium
428 1957 558 1984 domuum
575 1957 834 1996 [dispensatoribus]
851 1960 932 1996 118
944 1961 1036 1988 datum

247 1999 347 2027 fuerit:
364 2001 390 2028 id
406 2003 478 2037 quod
501 2004 594 2031 datum
617 2009 669 2038 est,
696 2006 857 2034 venerabilis
881 2007 978 2034 domus
998 2007 1038 2034 lu-

248 2051 352 2080 eretur,
372 2052 399 2075 et
422 2056 466 2076 res
492 2049 668 2079 infructuosae
688 2052 714 2078 ei
740 2052 786 2086 qui
814 2052 900 2085 dedit,
925 2053 1039 2089 ejusque

248 2092 402 2125 bieredjbus
417 2096 607 2124 restituantur.
632 2096 728 2126 Const.
752 2102 843 2125 autem
858 2098 871 2125 l
884 2118 892 2131 ,
915 2099 1037 2133 ejusdem

249 2139 291 2166 lit.
317 2140 366 2168 ait.
391 2142 464 2175 quod
482 2162 490 2174 ,
512 2142 557 2177 qui
581 2150 742 2171 meonomus
760 2143 961 2179 [religiosarum
988 2146 1039 2174 do-

251 2185 359 2222 muum]
373 2207 380 2219 ,
394 2187 550 2221 pmfeetus.
578 2189 764 2223 xenodoelrus,
782 2198 959 2226 nosocomus,
979 2198 1041 2227 pto-

1084 967 1166 999 olat:,
1182 966 1198 1002 ἢ
1215 965 1336 998 ξενῶσιν,
1357 963 1373 999 ἦ
1388 962 1544 998 πτωχειοις,
1565 961 1582 996 ἦ
1599 960 1728 995 εὐαγέσιν
1747 960 1843 991 οῐκοις,
1858 958 1877 993 ἢ

1084 1011 1166 1047 κοινῷ
1191 1011 1296 1046 κλήρῳ,
1322 1009 1338 1045 ἣ
1369 1009 1410 1040 εἰς
1439 1006 1622 1043 αἰχμαλώτων
1644 1005 1764 1041 λύσιν,ἢ
1783 1004 1878 1035 αὐτοῖς

1083 1059 1140 1090 τοῖς
1168 1057 1286 1092 πτωχοῖς
1305 1055 1392 1091 ἢτοῖς
1408 1053 1593 1089 αιχμαλώτοις
1613 1051 1710 1087 κρατεῖ
1728 1051 1745 1087 ἠ
1765 1049 1813 1077 τοῦ
1838 1058 1880 1076 τε-

1083 1104 1263 1139 λευτήσαντος
1281 1101 1418 1137 βούλησις.

1125 1138 1359 1176 Ἰνστιτουτιώνων
1386 1143 1410 1178 γ’
1434 1143 1488 1170 τιτ.
1511 1142 1563 1175 κζ’,
1591 1141 1666 1168 ἐστιν
1693 1140 1738 1167 ὅτε
1761 1138 1793 1166 τὸ
1806 1138 1879 1165 κατὰ

1085 1194 1191 1229 πλάνην
1219 1192 1348 1220 ινδέϐιτον
1375 1190 1526 1225 διδόμενον,
1545 1188 1575 1215 οὐ
1604 1185 1820 1223 ῥεπετιτεύεται,
1837 1184 1878 1216 ὡς

1085 1241 1132 1269 ἐπὶ
1168 1240 1223 1267 τῶν
1256 1237 1482 1275 ληγατευομένων
1512 1233 1637 1269 εὐαγέσιν
1667 1233 1751 1264 οῐκοις
1783 1230 1881 1265 σκοπῷ

1086 1285 1233 1322 ορησκειας
1245 1285 1263 1321 ἢ
1280 1283 1430 1314 εὐσεϐείαςι
1456 1278 1678 1308 ινστιτουτιώνων
1698 1279 1720 1305 δ’
1729 1277 1781 1305 τιτ.
1798 1275 1837 1309 ις’
1849 1276 1881 1303 τὸ

1086 1331 1303 1367 ληγατευόμενον
1324 1328 1435 1363 εὐαγέσι
1460 1327 1553 1358 τόποις
1575 1326 1605 1359 ἐξ
1623 1325 1764 1360 ἀρνήσεως
1781 1322 1881 1349 διπλα-

1087 1377 1218 1409 σιάζεται.
1247 1375 1316 1410 Φησὶ
1338 1374 1367 1401 δὲ
1393 1374 1440 1401 κα)⁵
1464 1373 1481 1408 ἡ
1504 1372 1526 1407 β’
1547 1372 1618 1398 διάτ.
1649 1370 1696 1397 τοῦ
1717 1369 1739 1404 β’
1753 1368 1807 1396 τιτ.
1824 1368 1881 1394 τῶν

1086 1423 1214 1458 Νεαρῶν,
1225 1422 1263 1453 ὡς
1277 1421 1324 1448 ὲάν
1337 1429 1410 1452 τινες
1431 1419 1580 1455 οἱῳδήποτε
1604 1416 1756 1444 καθεστῶτι
1776 1416 1882 1450 ἄπορον

1087 1470 1183 1504 κτῆσιν
1199 1468 1386 1504 δωρήσωνται,
1404 1465 1421 1501 ἢ
1449 1465 1624 1507 πωλήσωσιν,
1641 1463 1657 1499 ἢ
1681 1462 1766 1497 ἑτέρῳ
1787 1461 1883 1507 τρόπῳ

1087 1515 1275 1549 παράσχωσιν,
1290 1512 1306 1548 ἢ
1325 1511 1506 1542 καταλίπωσι,
1534 1510 1570 1545 μὴ
1590 1508 1756 1544 βλάπτεσθαι
1770 1506 1817 1534 τὸν
1835 1515 1882 1532 σε-

1088 1560 1205 1593 ϐάσμιον
1222 1557 1308 1591 οἶκον,
1319 1558 1336 1593 ἢ
1350 1556 1472 1592 δημοσίῳ
1490 1556 1614 1591 ὀνόματι,
1630 1554 1647 1590 ἣ
1667 1554 1751 1589 ἄλλης
1769 1551 1883 1579 οἱασοῦν

1087 1605 1167 1640 χάριν
1181 1604 1270 1635 αἰτίας
1285 1602 1460 1639 βαρύνεσθαι·
1474 1601 1543 1628 ἀλλὰ
1556 1601 1634 1628 ἅπαν
1646 1599 1767 1627 τοιοῦτον
1781 1598 1880 1634 βάρος,

1087 1652 1127 1683 εἰς
1149 1650 1214 1682 τοὺς
1243 1649 1393 1681 δεδωκότας
1418 1649 1467 1675 κα)⁴
1488 1649 1552 1681 τοὺς
1577 1647 1668 1675 αὐτῶν
1697 1646 1810 1681 κληρον(’
1854 1654 1885 1683 ,ις

1086 1696 1236 1728 ἐπανιέναι,
1252 1694 1492 1730 ἀναγκαζομένους
1507 1694 1553 1721 καὶ¹
1569 1694 1619 1725 τὰς
1629 1692 1752 1724 δοθείσας
1766 1693 1883 1726 κτήσεις

1087 1742 1243 1775 ἀναλαϐεῖν,
1271 1741 1318 1768 καὶ
1338 1742 1430 1768 πᾶσαν
1458 1740 1561 1776 ζημξαν
1591 1738 1814 1775 προσγινομένην
1845 1736 1886 1771 τῷ

1087 1789 1181 1823 εὐαγεῖ
1193 1788 1259 1824 οῐκῳ
1275 1788 1476 1823 ἁποκαθιστᾷν.
1492 1788 1525 1814 Εἰ
1546 1787 1575 1814 δὲ
1590 1786 1628 1818 ὡς
1643 1785 1716 1817 εἰκὸς
1731 1784 1803 1812 κατά
1822 1792 1886 1810 τινα

1085 1835 1172 1868 δόλον,
1197 1834 1245 1861 καί
1263 1842 1325 1861 τινα
1342 1834 1412 1869 ὑπὲρ
1440 1833 1497 1860 τῶν
1519 1833 1650 1860 τοιούτων
1671 1831 1782 1867 ἀπόρων
1803 1830 1885 1865 ὲδόθη

1087 1882 1142 1912 τοῖς
1155 1880 1283 1914 εὐαγέσιν
1299 1879 1396 1914 οἴκοις,
1416 1880 1451 1906 τὰ
1466 1880 1515 1916 μὲν
1527 1879 1639 1906 δοθέντα
1663 1878 1709 1905 τὸν
1735 1876 1887 1911 σεϐάσμιον

1087 1923 1161 1953 οἷκον
1177 1926 1394 1961 ἀποκερδαίνειν·
1408 1926 1443 1953 τὰ
1454 1926 1483 1952 δὲ
1503 1926 1595 1960 ἄπορα
1612 1924 1765 1960 πράγματα
1783 1921 1823 1956 τῷ
1843 1921 1888 1948 δε-

1088 1971 1185 1999 δωκότι
1202 1972 1318 2003 καὶτοῖς
1334 1971 1417 1998 αὐτοῦ
1433 1971 1614 2007 κληρονόμοις
1630 1968 1886 1997 ἀποκαθίστασθαι·

1089 2015 1106 2051 ή
1121 2015 1149 2041 δὲ
1162 2018 1186 2042 α’
1200 2015 1271 2043 διάτ.
1286 2015 1333 2042 τοῦ
1351 2015 1434 2042 αὑτοῦ
1449 2015 1503 2043 τιτ.
1521 2016 1614 2050 φησιν,
1635 2015 1676 2041 ὅτι
1691 2014 1705 2040 ὀ
1720 2012 1846 2040 τοιοῦτόν
1860 2021 1888 2038 τι

1088 2057 1195 2095 πράξας
1206 2059 1358 2094 οἰκονόμος,
1376 2059 1392 2094 ἥ
1411 2059 1564 2095 ἡγούμενος
1575 2079 1583 2091 ,
1609 2059 1625 2094 ἢ
1645 2058 1794 2097 ξενοδόχος,
1809 2057 1829 2092 ἢ
1845 2065 1888 2084 νο-

1089 2104 1217 2140 σοκόμος,
1231 2105 1247 2140 ἢ
1263 2105 1466 2141 πτωχοτρόφος,
1481 2106 1498 2141 ἦ
1519 2104 1735 2141 όρφανοτρόφος,
1750 2103 1767 2138 ἢ
1783 2111 1887 2139 γερον-

1088 2150 1224 2186 τοκόμος,
1257 2151 1365 2179 οἴκοθεν
1399 2152 1439 2189 τῷ
1474 2153 1603 2180 δεδωκότι
1637 2151 1802 2188 θεραπεύσει
1838 2150 1889 2186 τὴν

1089 2196 1215 2224 ἐντεῦθεν
1227 2197 1301 2232 αὑτῷ
1314 2198 1459 2232 συμϐᾶσαν
1471 2199 1583 2234 ζημίαν.

248 2232 433 2266 ειιοῑνορὴυει
467 2235 718 2270 orphanouophus,
747 2240 795 2263 aut
809 2227 1022 2272 geroiitocomus
1041 2241 1094 2269 tale
1112 2242 1251 2278 quippiam
1268 2227 1373 2278 [iecerit
1388 2252 1396 2271 :
1413 2244 1447 2272 de
1543 2244 1568 2272 ei
1592 2243 1639 2279 qui
1664 2242 1739 2271 dedit
1754 2243 1829 2277 quod
1851 2239 1891 2269 illi

250 2279 321 2307 unde
336 2279 466 2307 damnum
483 2280 636 2315 obvenerit,
655 2282 794 2310 resarciet.

282 2324 360 2352 CAP.
379 2324 413 2352 ll.
428 2341 464 2347 —-
476 2325 515 2353 De
526 2327 610 2353 sacris
627 2327 697 2354 vasis
710 2332 735 2355 et
750 2329 869 2357 donariis
1051 2336 1076 2364 ι)

470 2416 656 2450 Apostolorum
671 2425 757 2446 canon
768 2419 813 2445 75.

285 2459 320 2487 75
341 2459 399 2496 [72]
422 2460 474 2489 Vas
489 2469 614 2496 aureum,
629 2464 672 2491 vel
696 2470 867 2500 argenteum,
889 2467 930 2494 vel
947 2468 1038 2496 velum

251 2506 451 2540 sanctiﬁcatum
472 2516 553 2548 nemo
577 2510 695 2544 amplius
714 2511 740 2538 in
757 2513 849 2541 .fsuum
874 2520 953 2542 usum
969 2522 1036 2542 eon-

251 2559 357 2588 verlat;
375 2555 427 2582 hoc
440 2556 468 2582 lit
485 2557 557 2583 enim
573 2561 671 2591 praeter
685 2557 731 2592 jus
744 2562 768 2585 el
791 2565 888 2586 contra
905 2559 988 2595 leges.
1009 2560 1039 2588 Si

251 2600 314 2635 quis
327 2605 419 2628 autem
435 2601 622 2636 deprehensus
636 2602 728 2636 fuerit,
745 2603 885 2631 multetur.

253 2657 376 2693 Synodus
392 2659 418 2686 in
432 2659 527 2694 templo
541 2660 592 2693 SS.
605 2662 786 2696 apostolorum
797 2662 900 2696 habita,
916 2663 1003 2698 prima
1017 2668 1042 2691 at

379 2705 494 2733 secunda
507 2714 672 2741 nuncupata,
690 2715 802 2735 canones
824 2709 850 2742 1,
867 2709 910 2737 l0.

292 2794 319 2823 1.
340 2795 396 2824 Res
425 2796 494 2825 adeo
520 2798 687 2831 veneranda,
715 2803 742 2825 et
769 2799 950 2833 honorabilis,
979 2805 1006 2827 et
1028 2808 1043 2828 a

257 2841 358 2873 beatis,
372 2847 400 2869 et
415 2844 518 2870 sanctis
528 2843 655 2872 Patribus
670 2844 772 2872 nostris
783 2844 840 2879 jam
854 2845 919 2873 olim
933 2845 1045 2880 pulchre

259 2886 422 2923 excogitata,
444 2891 674 2918 monasteriorum
694 2890 855 2924 aediﬁcatio,
878 2890 959 2920 hodie
973 2891 1043 2919 male

1126 2334 1253 2363 ΚΕΦΔΛ.
1271 2336 1309 2364 B’.
1324 2350 1359 2357 —-
1379 2335 1450 2370 Περὶ
1467 2334 1553 2370 ιερῶν
1574 2334 1695 2363 σκευῶν
1712 2334 1762 2362 καὶ
1776 2334 1893 2370 ἀναθη-

1089 2380 1204 2416 μάτων.

1298 2425 1492 2453 Ἀποστόλων
1503 2425 1604 2452 κανὼν
1618 2428 1670 2459 ογ’.

1127 2470 1177 2504 of.
1185 2470 1286 2502 Σκεῦος
1296 2472 1414 2506 χρυσοῦν
1425 2471 1442 2506 ἢ
1451 2471 1590 2506 ἀργυροῦν
1601 2470 1741 2505 ἁγιασθὲν,
1754 2470 1891 2505 ἢόθόνην,

1094 2517 1187 2552 μηδεὶς
1209 2516 1248 2543 ἔτι
1271 2518 1311 2548 εἰς
1325 2517 1429 2545 οικείαν
1450 2518 1547 2552 χρῆσιν
1562 2516 1783 2553 σφετεριζέσθω”
1796 2517 1893 2552 παρά-

1093 2571 1174 2599 μονον
1202 2562 1268 2598 γάρ’
1295 2563 1320 2589 εἰ
1345 2563 1374 2590 δέ
1389 2573 1432 2596 τις
1454 2563 1608 2600 φωραθείη.
1640 2562 1817 2598 ἐπιτιμᾶσθω
1835 2563 1891 2598 ὰφ-

1094 2607 1213 2644 ορισμῷο

1128 2664 1263 2691 Συνόδου
1274 2663 1300 2691 α’
1308 2663 1357 2691 καὶ
1372 2663 1402 2696 ,β’
1420 2663 1678 2698 συγκροτηθείσης
1687 2663 1722 2690 ἐν
1731 2654 1891 2692 Κωέοσταν-

1092 2710 1264 2737 τινουπόλει
1275 2709 1309 2737 ὲν
1319 2709 1359 2743 τῷ
1370 2710 1433 2743 ναῷ
1451 2710 1559 2745 Ἀγίων
1567 2710 1772 2743 Ἀποστόλων,
1787 2710 1891 2737 κανὼν

1094 2757 1119 2780 α’
1135 2756 1182 2782 καὶ
1204 2755 1231 2784 ι’.

1134 2804 1168 2827 α’.
1181 2802 1301 2837 Πρᾶγμα
1317 2801 1415 2837 σεμνὸν
1431 2801 1503 2829 οὓτω
1517 2801 1566 2828 καὶ
1582 2801 1684 2836 τίμιον,
1698 2803 1745 2829 καὶ
1755 2804 1816 2834 τοῖς
1834 2811 1891 2838 μα-

1097 2846 1203 2882 καρίοις
1230 2847 1278 2874 καὶ
1302 2847 1387 2880 ὁσίοις
1413 2847 1554 2883 Ιιατράσιν
1585 2848 1664 2883 ήμῶν
1689 2847 1774 2874 πάλαι
1797 2848 1891 2881 καλῶς

1098 2893 1250 2929 ὲπινοηῦὲν,
1270 2894 1287 2930 ἡ
1312 2894 1365 2921 τῶν
1391 2894 1581 2931 μοναστηρίων
1602 2894 1774 2930 ἀνοικοδομὴ,
1793 2895 1889 2927 κακῶς
