1954 3080
70 144 112 177 577

477 142 679 173 SYNTAGMA
699 141 894 174 CANONUM.
913 153 946 158 —
966 141 1042 172 TlT.
1060 141 1103 172 II.
1121 141 1200 172 CAP.
1223 142 1265 173 II.

1633 143 1687 176 578

69 203 153 238 ὁρᾶται
178 200 364 236 πραττόμενον
397 200 527 236 σήμερον.
560 201 639 232 Τινὲς
672 201 727 237 γὰρ
759 201 844 236 ὄνομα

897 199 1009 235 geritur.
1024 200 1151 228 Nonnulli
1170 200 1243 228 enim
1269 198 1328 227 suis
1342 197 1445 233 copiis,
1467 202 1494 226 et
1510 197 1685 227 facultatibus

73 247 240 283 μοναστηρίου
259 248 320 280 ταῖς
332 247 446 279 οἰκείαις
465 248 636 282 περιουσίαις
650 249 698 274 καὶ
714 248 849 283 ὑπάρξεσι

69 293 241 329 περιθέμενοι,
260 293 307 320 καὶ
323 293 383 328 Θεῷ
394 293 572 328 καθαγιάζειν
585 293 686 325 ταύτας
710 294 848 328 ἐπαγγελ-

68 339 180 373 λόμενοι,
205 338 318 374 κυρίους
347 347 378 366 τε
407 339 463 367 τῶν
498 340 708 376 ἀφωρωθὲντων
735 341 849 373 ἑαυτοὺς

68 385 256 420 ἀναγράφουσι,
277 385 325 412 καὶ
357 385 425 421 μόνῃ
450 387 483 422 τῇ
515 387 687 422 προσηγορίᾳ
709 387 740 414 τὸ
770 387 848 414 Θείον

66 428 183 462 ἀῳσιοῦν
198 428 409 464 ὲκμηχανᾶσθαι
424 428 598 464 διεγνώκασι·
621 429 672 466 τὴν
695 429 749 465 γὰρ
761 429 848 465 αὐτὴν

67 474 198 508 ἐξουσίαν,
219 475 269 501 καὶ
292 475 362 510 μετὰ
386 475 436 511 τὴν
457 476 609 510 ἀφιέρωσιν
630 476 681 503 οὐκ
699 476 848 512 ἐρυθριῶσι

67 520 273 555 σφετερίζεσθαι,
293 521 383 556 ἥνπερ
423 521 496 556 ἔχειν
508 521 558 549 οὐκ
580 522 731 549 ἐκωλύοντο
746 523 846 557 πρότε-

67 573 117 600 ρον.
144 565 198 592 Καὶ
223 565 340 601 τοσαύτη
363 566 498 602 καπηλεία
514 567 682 602 προσετρίϐη
711 567 844 604 τῷμπρά-

64 617 152 644 γματι,
169 609 239 637 ὥστε
258 611 344 638 πολλά
363 611 419 638 τῶν
435 612 652 647 ἁφιερωθέντων,
672 613 738 649 παρ’
756 614 846 640 αὐτῶν

64 664 92 689 γε
117 655 168 683 τῶν
197 657 409 692 ἀφιερωσάντων
444 658 594 694 καθορᾶται
619 660 844 695 πιπρασκόμενα,

64 701 160 735 θάμϐος
170 702 238 737 ὁμοῦ
259 702 306 729 καί
321 704 399 737 μῖσος
410 704 466 735 τοῖς
480 704 582 739 ὁρῶσιν
594 705 784 740 παρεχόμενα”
796 706 845 733 καὶ

64 747 91 773 οὐ
106 747 180 782 μόνον
196 747 247 775 οὐκ
270 747 346 775 ἐστιν
369 749 460 781 αὐτοῖς
481 750 658 785 μεταμέλεια,
675 752 718 786 ἐφ’
737 748 779 783 οἷς
788 751 844 779 τῶν

63 789 131 824 ᾶπαξ
159 791 378 827 ἀνατεθειμὲνων
408 793 469 828 Θεῷ
498 794 548 829 τὴν
581 794 708 828 ἐξουσίαν
735 796 842 828 ἑαυτοῖς

63 837 336 872 ἐπιτρέπουσιν,ἁλλὰ
348 839 396 865 καὶ
410 840 516 875 ἑτέροις
529 841 632 876 ταύτην
648 841 735 873 ἀδεῶς
754 851 843 876 παρα-

63 881 220 917 πέμπουσιν.
238 883 351 918 Ὠρισεν
369 883 415 912 οὖν
439 885 484 912 διὰ
505 886 589 913 ταῦτα
606 887 622 922 ὴ
639 887 705 920 ἁγία
725 886 843 919 σύνοδος,

63 929 150 964 μηδενὶ
163 929 264 962 ἐξεῖναι
280 930 459 966 μοναστήριον
477 932 639 966 οἰκοδομεῖν,
655 932 719 959 ἄνευ
732 934 783 968 τῆς
797 934 844 960 τοῦ

60 975 204 1002 ἐπισκόπου
219 976 332 1011 γνώμης
342 977 392 1004 καὶ
406 977 513 1013 βουλῆς·
526 978 633 1005 ἐκείνου
650 979 679 1006 δὲ
696 980 845 1012 συνειδότος

61 1022 104 1048 καὶ
116 1021 320 1058 ἐπιτρέποντος,
335 1022 383 1049 καὶ
395 1022 444 1058 τὴν
459 1023 640 1059 ὀφειλομένην
657 1024 845 1057 ἔπιτελοῦντος

61 1066 136 1102 εὐχὴν
153 1067 191 1099 ὡς
208 1068 267 1099 τοῖς
286 1067 370 1095 πάλαι
385 1068 518 1103 θεοφιλῶς
537 1069 755 1105 νενομοθέτηται,
773 1071 844 1097 οίκο-

59 1111 193 1147 ὼμεῖσθαι
204 1112 255 1148 μὲν
266 1112 297 1139 τδ
312 1114 494 1149 μοναστήριον
507 1122 514 1128 ·
535 1114 607 1149 μετὰ
623 1114 733 1142 πάντων
748 1115 777 1142 δὲ
790 1115 845 1142 τῶν

58 1157 128 1193 αὐτῷ
150 1158 343 1194 προσηκόντων
363 1159 412 1186 σὺν
435 1158 511 1195 αὐτῷ
531 1160 630 1196 ἐκείνῳ
646 1160 747 1196 βρεϐίῳ
762 1162 846 1196 ἐγκα-

57 1203 255 1238 ταγρᾴφεοθαι,
267 1205 314 1231 καὶ
332 1205 389 1236 τοῖς
400 1205 590 1238 ὲπισκοπικοτς
607 1206 729 1242 ἀρχείοις
746 1207 844 1234 ἐναπο-

57 1248 184 1276 τίθεσθαιο
202 1250 336 1286 μηδαμῶς
357 1250 449 1277 ἄδειαν
468 1251 576 1286 ἔχοντος
591 1252 639 1278 τοῦ
657 1252 843 1287 άφιεροῦντος,

56 1294 129 1329 παρὰ
139 1294 254 1330 γνώμην
265 1295 311 1322 τοῦ
323 1296 483 1328 ἐπισκόπου,
492 1297 586 1324 ἑαυτὸν
595 1297 745 1332 ἡγούμενον
757 1298 773 1333 ἢ
786 1298 844 1324 ἀνθ’

56 1338 148 1366 ἑαυτοῦ
163 1340 260 1376 ἕτερον
284 1341 424 1377 καθιστᾷν,
440 1342 471 1369 Εἰ
486 1342 539 1377 γὰρ
549 1342 621 1378 ἆπερ
642 1351 684 1374 τις
710 1342 845 1378 ἀνθρώπῳ

54 1385 206 1419 χαρίζεται,
217 1385 323 1413 τούτων
342 1387 434 1414 οὐκέτι
451 1387 546 1423 κύριος
566 1387 634 1415 εἶναι
645 1388 767 1422 δύναται,
786 1389 845 1422 πῶς

54 1429 123 1466 άπερ
141 1440 184 1463 τις
207 1432 271 1468 Θεῷ
292 1433 454 1467 καθαγιάζει
477 1434 525 1460 καὶ
556 1435 715 1470 ἀνατίθησι,
742 1435 844 1463 τούτων

53 1475 225 1512 ὑφαρπάζειν
240 1470 302 1514 τὴν⁴
315 1479 465 1514 κυριότητα
488 1481 753 1517 παραχωρηθήσεται
766 1490 774 1515 ;

900 254 998 274 nomen
1015 247 1173 274 monasterii
1188 246 1370 280 imponentes,
1388 250 1414 272 et
1430 252 1477 272 eas
1494 244 1550 271 Deo
1562 245 1686 272 sanctili-

899 300 963 320 care
984 293 1154 328 proﬁtentes,
1181 299 1210 319 se
1229 299 1326 318 eorum
1352 298 1414 326 quae
1433 295 1499 318 sunt
1523 295 1684 318 consecrata

899 339 1028 366 dominos
1046 346 1109 366 esse
1124 338 1288 370 inscribunt,
1304 342 1332 365 et
1349 337 1407 365 sola
1428 337 1611 372 appellatione
1630 337 1687 366 Deo

899 383 1024 410 dedicare
1039 382 1191 410 machinari
1199 383 1388 410 decreverunt.
1408 381 1536 409 Eamdem
1550 382 1622 409 enim
1635 390 1685 417 po-

900 433 1025 456 testatem
1041 430 1123 456 etiam
1144 433 1207 464 post
1225 428 1460 456 consecrationem
1479 428 1530 455 sibi
1549 435 1685 463 usurpare

899 482 954 502 non
970 475 1148 508 erubescunt,
1171 482 1252 510 quam
1274 475 1352 509 prius
1369 474 1468 501 habere
1483 481 1538 501 non
1552 474 1683 501 vetaban-

899 524 945 548 tur
962 527 970 547 :
986 525 1014 548 et
1027 524 1101 548 tanta
1121 521 1160 548 rei
1177 520 1340 554 cauponatio
1355 519 1476 547 adhibita
1491 524 1543 550 est,
1556 524 1586 546 ut
1598 520 1682 547 multa

898 574 994 594 eorum
1012 574 1072 601 quae
1084 571 1149 594 sunt
1169 570 1339 597 consecrata,
1355 565 1390 592 ab
1407 566 1449 593 bis
1466 565 1534 600 ipsis
1548 567 1595 600 qui
1616 573 1683 593 con-

898 617 1045 640 secrarunt
1063 613 1171 640 vendita
1192 617 1349 644 cernantur,
1369 616 1396 638 et
1418 611 1640 644 admirationem,
1656 616 1683 639 et

896 659 988 686 odium
1005 659 1040 686 iis
1052 659 1101 693 qui
1116 667 1148 686 ea
1160 659 1253 686 vident
1267 658 1407 686 aﬂ'erentia
1424 667 1431 684 :
1448 663 1473 686 et
1488 662 1592 685 tantum
1605 659 1683 686 abest

895 709 926 731 ut
945 705 1028 732 ullam
1054 709 1135 739 agant
1157 704 1346 738 paenitentiam
1372 704 1407 730 ob
1432 704 1469 735 id,
1491 706 1564 738 quod
1586 712 1681 731 eorum

895 758 957 785 quae
970 751 1024 778 Deo
1038 751 1118 785 119
1129 751 1253 778 dedicata
1269 755 1343 783 sunt,
1358 750 1410 778 sibi
1427 754 1587 784 potestatem
1603 749 1682 776 attri-

896 795 990 827 buant,
1006 799 1037 822 ut
1048 795 1130 822 etiam
1145 803 1206 823 eam
1229 795 1262 822 ad
1278 795 1347 823 alios
1363 795 1424 823 sine
1446 801 1519 822 metu
1543 794 1684 822 transmit-

895 844 963 867 tant.
988 840 1136 875 Propterea
1160 848 1225 876 ergo
1251 846 1346 868 sancta
1370 841 1474 868 deﬁniit
1498 841 1628 876 synodus,
1652 844 1683 866 ut

896 886 998 913 nemini
1024 886 1104 914 liceat
1121 887 1319 914 monasterium
1342 887 1477 914 aedificare
1499 887 1602 920 absque
1621 886 1680 920 epi-

896 931 973 966 scopi
987 932 1136 964 sententia,
1159 937 1186 959 et
1205 932 1330 959 consilio.
1346 931 1395 959 lllo
1416 936 1507 959 autem
1525 932 1638 962 sciente.
1653 935 1682 957 et

895 977 1077 1011 permittente.
1098 981 1125 1004 et
1146 984 1206 1004 eam
1222 984 1303 1011 quam
1321 977 1401 1004 debet
1425 976 1576 1003 orationem
1598 983 1679 1010 pera~

895 1027 986 1057 gente,
1002 1027 1032 1050 ut
1053 1023 1088 1050 ab
1107 1023 1227 1057 antiquis
1240 1022 1284 1057 pie
1304 1029 1336 1050 ac
1358 1022 1485 1057 religiose
1501 1027 1611 1049 cautum
1627 1025 1680 1052 est.

896 1068 1096 1095 monasterium
1109 1067 1220 1102 quidem
1232 1068 1382 1095 aediﬁcetur
1394 1076 1402 1094 :
1414 1067 1505 1095 omnia
1516 1072 1606 1094 autem
1619 1075 1681 1102 qua:

895 1113 928 1140 ad
951 1114 1041 1149 ipsum
1054 1114 1203 1150 pertinent,
1223 1121 1284 1141 cum
1300 1113 1347 1140 illo
1364 1113 1423 1147 ipso
1444 1113 1471 1140 in
1490 1113 1565 1140 brevi
1581 1112 1680 1139 inscri-

895 1160 1004 1192 bantur,
1029 1164 1056 1187 et
1084 1159 1111 1187 in
1135 1159 1339 1194 episcopalibus
1363 1159 1481 1186 archivis
1504 1163 1681 1192 reponantur,

895 1206 971 1233 nullo
989 1206 1071 1244 modo
1089 1210 1253 1240 potestatem
1276 1205 1392 1232 habente
1411 1212 1444 1231 eo
1459 1205 1505 1239 qui
1527 1210 1680 1235 consecrat,

895 1259 925 1279 se
937 1251 1028 1286 ipsum
1044 1251 1213 1286 prazl‘ectum.
1226 1251 1269 1278 vel
1290 1258 1339 1285 pro
1354 1259 1384 1278 se
1404 1251 1486 1280 alium
1501 1250 1680 1278 constituere.

896 1296 924 1324 Si
938 1294 1011 1324 enim
1024 1304 1119 1324 eorum
1139 1304 1200 1330 quae
1221 1296 1283 1330 quis
1299 1295 1404 1323 homini
1421 1296 1535 1330 largitur
1552 1295 1680 1322 dominus

895 1342 1013 1377 amplius
1028 1349 1089 1369 esse
1099 1349 1153 1368 non
1165 1346 1264 1376 potest.
1281 1340 1418 1376 quomodo
1431 1348 1526 1368 eorum
1542 1348 1603 1375 quae
1618 1341 1680 1375 quis

895 1386 951 1413 Deo
968 1385 1134 1418 sanctiﬁcat,
1151 1390 1176 1413 et
1190 1385 1311 1418 dedicat,
1324 1385 1375 1413 sibi
1391 1384 1543 1412 dominium
1558 1384 1680 1419 arripere

894 1432 1000 1460 sinetur
1010 1431 1022 1458 ?

86 1521 113 1549 t'.
138 1524 171 1550 Οἰ
186 1525 248 1555 τοῖς
277 1523 393 1551 πάθεσιν
419 1525 533 1558 ἑαυτοὺς
549 1526 675 1558 ἐκδότους
697 1527 843 1562 παραστή-

931 1535 975 1564 l0.
995 1534 1047 1568 Qui
1062 1535 1170 1570 seipsos
1185 1534 1301 1562 tradunt
1317 1529 1400 1561 animi
1414 1533 1678 1568 perturbationibus,
1708 1532 1711 1534 ’

53 1574 156 1601 σαντες,
184 1569 217 1596 οὐ
250 1569 330 1605 μόνον
343 1569 392 1606 τὴν
407 1570 462 1597 ἀπὸ
476 1571 530 1598 τῶν
557 1571 637 1607 ιερῶν
665 1573 787 1600 κανόνων
802 1582 843 1600 τι-

53 1613 157 1648 μωρίαν
174 1615 207 1641 οὐ
219 1615 390 1650 φρίττουσιν,
404 1616 473 1643 ἀλλὰ
488 1617 535 1644 καὶ
544 1617 633 1644 αὐτῶν
646 1618 760 1645 ἐκείνων
774 1627 842 1645 κατ-

50 1659 187 1694 ορχετσθαι
232 1661 427 1697 τετολμήκασι.
457 1662 621 1698 Στρεϐλοῦσι
652 1664 706 1700 γὰρ
731 1665 842 1697 αὐτοὺς,

50 1705 95 1731 καὶ
123 1705 193 1740 πρδς
217 1706 253 1733 ἐδ
281 1706 403 1742 ἀμπαθὲς
426 1708 518 1735 αὐτῶν
540 1709 782 1745 ἀωκιῦδηλεύουσι
794 1710 842 1737 τοῦ

50 1747 213 1785 θελήματος,
240 1750 286 1778 ἵνα
308 1752 341 1787 τῇ
357 1752 497 1789 φιλοτιμίᾳ
520 1754 570 1789 τῆς
590 1754 756 1790 ὲμπαθείας,
771 1756 843 1783 κατὰ

48 1793 93 1821 τὸν
106 1795 245 1830 Θεολόγον
260 1796 420 1832 Γρηγόριον,
437 1797 475 1833 μὴ
493 1798 574 1833 μόνον
587 1799 732 1827 ἀνεύθυνον
750 1800 843 1832 αὐτοῖς

46 1835 104 1876 ᾗτὸ
118 1840 217 1875 κακὸν,
240 1841 311 1869 ἀλλὰ
327 1843 375 1869 καὶ
389 1842 460 1869 θεῖον
476 1844 623 1878 νομίζοιτο.
640 1845 692 1872 Τὸν
703 1846 757 1882 γὰρ
773 1847 842 1873 ἀπο-

47 1885 169 1914 στολικδν
184 1886 293 1914 κανόνα
307 1888 353 1915 τὸν
373 1888 498 1923 λέγοντα,
513 1889 613 1922 Σκεῦος
629 1891 746 1926 χρυσοῦν
761 1891 778 1927 ἢ
794 1892 844 1928 ἀρ-

46 1930 148 1966 γυροῦν
173 1932 322 1967 ἁγιασθὲν,
339 1932 356 1968 ἢ
375 1933 481 1969 ὀθόνην,
505 1935 598 1970 μηδεὶς
615 1935 656 1962 ἔτι
680 1937 721 1968 είς
738 1937 843 1965 οἰκείαν

44 1977 138 2012 χρείαν
154 1978 366 2014 σφετεριζέσθω
378 1987 386 1995 '
403 1980 560 2016 παράνομον
573 1982 636 2017 γάρ’
649 1983 673 2009 εἰ
690 1983 719 2010 δέ
730 1991 772 2015 τις
785 1992 843 2018 φω-

43 2022 138 2059 ραθείη
151 2043 159 2056 ,
176 2025 360 2060 ἑπιτιμάσθω
379 2026 533 2063 ἀφορισμῷ·
547 2027 643 2055 τοῦτον
659 2028 705 2055 οὖν
720 2030 761 2060 εἰς
783 2038 844 2056 συν-

42 2069 158 2103 ηγορίαν
176 2070 237 2098 τῶν
262 2071 372 2098 οἰκείων
395 2074 638 2108 παρανομημάτων
656 2074 844 2110 ἐκλαμϐάνον-

42 2121 97 2146 τες,
114 2115 146 2142 οὐ
159 2116 232 2150 φασὶ
249 2116 306 2143 δεῖν
319 2116 505 2152 καθαιρέσεως
519 2118 612 2151 ἀξίους
627 2120 766 2155 κρίνεσθαι
778 2121 841 2152 τοὺς

40 2157 90 2192 τὴν
123 2160 286 2196 σεϐασμίαν
310 2161 361 2196 τῆς
379 2161 462 2196 ἁγίας
479 2164 620 2199 τραπέζης
649 2165 774 2200 ὲνδυτὴν,
802 2166 843 2197 εἰς

41 2203 143 2231 οἰκεῖον
174 2205 286 2240 χιτῶνα
320 2206 338 2241 ἢ
371 2207 411 2238 εἰς
441 2207 535 2243 ἕτερόν
562 2210 656 2236 τιτῶν
667 2211 777 2246 ἀμῳίων
794 2220 842 2247 με·

38 2249 320 2283 τασχηματὶςοντας.
336 2250 374 2276 Οὐ
399 2251 452 2286 μὴν
478 2251 535 2278 ἀλλ’
555 2253 617 2279 οὐδὲ
632 2254 696 2285 τοὺς
713 2254 745 2280 τὸ
763 2255 841 2290 ἅγιον

40 2294 187 2330 ποτήριον,
215 2294 241 2322 ὣ
263 2295 314 2330 τῆς
328 2295 456 2329 ἀσεϐείας
472 2297 480 2324 l
497 2297 572 2333 ἢτὸν
588 2298 686 2326 σεπτὸν
699 2299 800 2334 δίσκον,
823 2301 840 2338 ἢ

38 2338 74 2365 τὰ
98 2340 213 2373 τούτοις
239 2341 433 2377 παραπλήσια,
462 2343 503 2375 εἰς
532 2343 601 2371 ἰδίαν
628 2345 841 2379 ἑκδαπανῶντας

39 2385 147 2421 χρείαν,
164 2387 185 2422 ἢ
200 2387 451 2422 καταχραίνοντας·
478 2389 493 2416 ὀ
513 2389 568 2425 γὰρ
582 2390 672 2418 κανών
696 2400 764 2426 φησι
778 2392 842 2425 τοὺς

37 2433 77 2463 εἰς
95 2433 181 2460 τοῦτο
199 2432 432 2469 περιπίπτοντας,
446 2434 592 2471 ἀφορισμῷ
612 2436 839 2470 καθυποϐάλλειν,

35 2477 93 2504 ἀλλ’
108 2479 142 2505 οὐ
167 2478 338 2514 καθαιρέσει
359 2479 528 2509 ἐδικαίωσεν.
553 2482 633 2509 ’Δλλὰ
652 2473 742 2515 τίίᾶν
773 2485 840 2512 ἀνά-

36 2530 129 2558 σχοιτο
143 2525 196 2559 τῆς
211 2523 354 2559 τοσαύτης
369 2527 570 2562 περιποιήσεως
584 2529 630 2555 καὶ
640 2528 797 2562 δυσσεϐείας
810 2531 841 2557 τὺ

37 2569 176 2603 μέγεθοςς
204 2569 272 2601 τοῦ,¹
289 2569 343 2605 γὰρ
354 2571 465 2603 κανόνος
480 2572 536 2604 τοῖς
558 2572 588 2599 τδ
604 2573 685 2609 μόνον
697 2575 839 2609 ἀγιασθὲν,

36 2614 76 2646 εἰς
89 2615 197 2651 χρῆσιν
212 2614 278 2642 ἀλλ’
292 2615 343 2642 οὐκ
353 2616 394 2647 εἰς
417 2616 523 2644 τελείαν
536 2618 666 2655 ἁρπαγὴν
681 2621 839 2656 σφετεριζο-

35 2661 141 2694 μένοις,
171 2661 223 2688 τὸν
258 2661 414 2697 ἀφορισμὺν
439 2662 664 2698 ἐπιπέμποντος,
689 2666 766 2693 αὐτοὶ
794 2667 841 2693 καί

34 2706 100 2738 τοὺς
127 2706 372 2742 καθαρπάζοντας
407 2708 454 2734 καὶ
492 2709 697 2744 ἰεροσυλοῦντας
728 2713 763 2740 τὰ
787 2713 842 2740 τῶν

35 2751 240 2787 ἀγίων,”Δγια,
250 2752 426 2789 ἐλευθεροῦσι
439 2754 489 2789 τῆς
502 2754 699 2792 καθαιρέσεως·
715 2759 762 2784 καὶ
776 2760 840 2790 τοὺς

35 2797 75 2830 εἰς
96 2798 268 2834 βρωμάτων
294 2798 457 2835 ὑπηρεσίαν,
476 2800 538 2828 ὅσον
560 2809 591 2836 γε
617 2803 651 2838 τῇ
676 2803 718 2838 ἐφ’
734 2804 842 2837 ἑαυτοῖς

88 2855 114 2871 ’δ
125 2855 215 2891 Greg.
230 2855 304 2883 Naz.
321 2861 391 2884 orat.
408 2857 452 2890 54,
469 2866 495 2885 n.
512 2857 574 2885 546.

894 1588 950 1608 non
965 1581 1054 1608 solum
1067 1579 1141 1614 quod
1153 1587 1168 1607 a
1184 1579 1271 1607 sacris
1286 1578 1436 1606 canonibus
1453 1578 1601 1605 intentatur
1615 1586 1679 1612 sup-

893 1625 1006 1660 plicium
1022 1632 1077 1652 non
1096 1625 1221 1656 horrent,
1242 1624 1289 1652 sed
1305 1624 1347 1652 eis
1366 1624 1447 1650 etiam
1470 1623 1602 1650 insultare
1618 1622 1677 1650 ausi

894 1675 969 1699 sunt.
985 1670 1061 1705 ipsos
1073 1670 1147 1697 enim
1167 1673 1316 1704 torquent:
1332 1673 1360 1696 et
1371 1668 1404 1696 ad
1423 1675 1500 1696 suam
1515 1667 1600 1695 animi
1616 1675 1678 1702 per-

894 1715 1077 1743 turbationem
1090 1722 1185 1741 eorum
1198 1721 1307 1748 quoque
1319 1713 1487 1740 voluntatem
1500 1712 1654 1740 adulteram
1669 1722 1677 1740 :

894 1764 924 1787 nt
939 1764 1049 1795 propter
1066 1758 1152 1786 animi
1163 1757 1207 1786 sui
1224 1762 1315 1785 motus
1330 1756 1574 1789 contentationem,
1590 1760 1620 1782 ut
1635 1756 1679 1782 in-

893 1805 953 1840 quit
974 1803 1123 1839 Gregorius
1138 1802 1291 1837 Theologus
1306 1800 1342 1834 “,
1356 1809 1410 1828 non
1426 1801 1516 1829 solum
1535 1801 1571 1828 sit
1582 1808 1678 1828 eorum

893 1851 996 1878 malum
1021 1848 1185 1878 correctioni
1212 1855 1266 1875 non
1294 1847 1455 1880 obnoxium,
1481 1847 1528 1875 sed
1554 1847 1671 1874 divinun

893 1902 1002 1930 quoque
1025 1895 1210 1922 existimetur.
1233 1893 1422 1928 Apostolicum
1438 1893 1512 1920 enim
1532 1900 1679 1924 canonem.

893 1942 940 1977 qui
953 1941 1021 1969 dicit
1038 1949 1046 1968 :
1063 1939 1118 1968 Vas
1130 1940 1256 1972 aureum,
1277 1939 1318 1966 vel
1334 1943 1507 1974 argenteum.
1524 1938 1680 1966 sanctiﬁca-

893 1992 963 2019 tum.
980 1987 1023 2014 vel
1039 1985 1129 2014 velum
1145 1985 1261 2016 lineum.
1277 1992 1358 2012 nemo
1374 1985 1401 2011 in
1416 1991 1498 2012 suum
1513 1991 1592 2011 usum
1608 1985 1680 2011 acci-

893 2034 951 2069 piat
963 2041 972 2060 :
983 2037 1026 2061 est
1037 2033 1110 2059 enim
1128 2036 1226 2067 praater
1241 2031 1325 2066 leges.
1343 2031 1372 2058 Si
1390 2031 1455 2065 quis
1473 2035 1563 2057 autem
1581 2030 1679 2064 depre-

893 2080 997 2106 hensus
1011 2077 1103 2108 fuerit.
1122 2077 1311 2112 segregatione
1325 2076 1466 2102 multetur.
1481 2075 1548 2102 Eum
1566 2076 1599 2102 ad
1613 2083 1678 2102 suo-

894 2133 955 2152 rum
982 2124 1144 2152 delictorum
1168 2122 1351 2158 patrocinium
1376 2126 1558 2153 assumentes,
1583 2121 1679 2149 dicunt

894 2178 942 2198 eos
963 2178 1018 2198 non
1038 2175 1165 2204 oportere
1185 2169 1301 2205 iudicari
1317 2167 1486 2203 depositione
1502 2167 1678 2202 dignos,.qui

894 2216 1079 2245 venerandum
1088 2220 1189 2244 sanctae
1196 2222 1296 2243 mensa
1304 2214 1491 2241 indumentum
1503 2213 1530 2240 in
1539 2213 1678 2247 propriam

893 2264 1026 2295 tunicam.
1044 2262 1087 2290 vel
1104 2263 1132 2289 in
1150 2261 1259 2296 aliquod
1279 2260 1354 2288 aliud
1374 2259 1566 2287 vestimentum
1587 2262 1679 2286 trans-

891 2309 1022 2337 formant.
1045 2307 1099 2336 Sed
1120 2314 1211 2341 neque
1231 2313 1280 2334 eos
1300 2305 1348 2340 qui
1364 2309 1488 2332 sanctum
1503 2303 1628 2337 calicem,
1642 2303 1679 2339 (ο

891 2353 1092 2390 impietatem),
1106 2352 1148 2380 vel
1165 2351 1245 2386 120
1261 2350 1442 2378 venerabilem
1455 2349 1573 2382 discum,
1589 2349 1631 2377 vel
1643 2357 1677 2377 ca

891 2407 952 2436 qua:
963 2403 1028 2428 sunt
1041 2399 1074 2426 iis
1089 2398 1200 2431 similia,
1218 2397 1245 2424 in
1266 2395 1405 2432 proprium
1427 2403 1508 2423 usum
1524 2395 1676 2429 insumunt,

892 2446 932 2474 vel
963 2445 1079 2480 pollunt.
1101 2443 1196 2471 Canon
1220 2442 1304 2475 enim,
1330 2442 1477 2477 inquiunt,
1501 2449 1548 2469 eos
1570 2442 1616 2477 qui
1648 2443 1675 2470 io

892 2492 944 2519 hoc
953 2491 1089 2523 incidunt,
1100 2497 1161 2517 esse
1171 2488 1354 2523 segregationi
1366 2495 1420 2514 non
1434 2488 1597 2523 depositioni
1612 2489 1677 2516 sub-

889 2535 1025 2572 jiciendos
1041 2542 1149 2569 aquum
1165 2534 1284 2561 censuit.
1300 2533 1353 2560 Sed
1370 2533 1432 2568 quis
1446 2537 1527 2560 tanta:
1540 2534 1674 2568 perversi-

892 2581 966 2613 tatis,
982 2585 1009 2608 et
1022 2579 1169 2615 impietatis
1184 2579 1399 2614 magnitudinem
1419 2578 1504 2607 ferat?
1519 2579 1586 2607 Cum
1603 2581 1676 2608 enim

891 2634 990 2660 canon,
1007 2633 1055 2653 eas
1065 2625 1112 2660 qui
1125 2624 1198 2660 quod
1215 2625 1248 2651 ad
1267 2632 1347 2652 usum
1364 2625 1452 2652 solum
1471 2630 1512 2652 est
1523 2626 1677 2653 sanctiﬁca-

892 2677 999 2706 tum,e:
1018 2672 1044 2699 id
1066 2678 1121 2698 non
1143 2670 1177 2698 ad
1196 2669 1343 2705 perfectam
1364 2671 1487 2706 rapinam
1507 2672 1559 2698 sibi
1588 2672 1677 2699 vindi-

892 2722 966 2751 cant,
990 2717 1173 2753 segregationi
1195 2716 1341 2751 subjiciat,
1370 2717 1421 2751 ipsi
1443 2724 1491 2744 eos
1514 2717 1560 2751 qui
1583 2722 1678 2744 sancta

893 2769 1052 2792 sanctorum
1068 2763 1189 2797 rapiunt,
1203 2767 1231 2790 et
1241 2762 1383 2794 sacrilegis
1401 2762 1526 2789 manibus
1539 2761 1677 2795 auferunt,

893 2810 1064 2845 depositione
1081 2809 1198 2837 liberant
1214 2819 1220 2837 :
1236 2813 1324 2837 ct'eos
1337 2809 1383 2844 qui
1397 2808 1429 2836 ad
1445 2808 1567 2836 ciborum
1582 2808 1680 2835 minis-
