1954 3080
266 139 318 170 579

844 137 976 170 ΡΠΟΤῐῙ
995 140 1246 173 ΡΑΤΒΙΛΒΕΗΕ
1261 145 1315 175 CP.

1847 155 1895 185 5ςὴ

267 192 378 223 teriam,
392 198 444 219 suo
463 191 575 227 quidem
595 197 670 219 certe
683 192 800 227 judicio,
819 195 988 222 venerabiles
1005 195 1057 222 dis-

1113 198 1213 232 κρίσει,
1235 201 1298 232 τοὺς
1315 200 1480 235 σεὸασμίους
1492 202 1601 236 δίσκους
1619 202 1684 240 ῆτὰ
1707 205 1767 240 ἱερὰ
1783 207 1895 242 τωτήρια

266 245 316 265 eos
335 241 363 264 et
382 245 476 265 sacros
494 238 594 265 calices
612 239 775 273 inquinant,
794 239 972 274 deponendos
986 240 1059 275 judi-

267 289 341 316 cant,
358 291 424 317 non,
442 284 567 319 quamvis
589 285 625 311 sit
644 290 768 320 apertum
786 286 937 320 piaculum.
958 291 985 313 et
1006 286 1062 313 cla-

268 339 328 358 rmn
341 335 393 362 est,
406 330 478 365 quod
487 331 534 367 qui
551 331 607 357 haec
621 330 735 363 faciunt,
752 339 807 358 non
824 332 913 358 solum
929 332 956 358 in
976 331 1060 366 depo-

268 377 411 409 sitionem,
429 376 476 404 sed
495 378 522 403 in
537 382 667 404 extrema:
680 377 762 404 etiam
785 378 935 412 impietatis
957 377 1059 405 crimen

268 421 403 449 incidunt.
421 421 454 448 Et
471 421 542 448 idem
562 422 657 448 statuit
679 428 771 449 sancta
793 423 926 458 synodus,
947 430 994 450 eos
1012 422 1059 457 qui

267 467 394 499 calicem,
418 471 464 494 aut
480 466 600 496 discum,
626 471 673 494 aut
688 467 865 501 fuseinulam,
888 473 935 495 aut
957 468 1058 499 velum,

267 518 315 541 aut
326 505 410 541 unum
423 514 533 547 aliquod
551 514 578 539 in
593 514 671 541 allari
692 521 836 541 sacrorum
851 518 879 540 et
901 518 1058 541 sanctorum

267 572 407 597 vasorum,
429 565 470 592 vel
496 565 734 598 vestimentorum,
757 565 791 592 ad
810 566 951 600 proprium
978 573 1059 592 usum

267 610 391 644 capiunt,
409 610 450 637 vel
474 610 507 636 ad
528 609 674 644 profanum
691 618 771 638 usum
787 615 961 643 convertunt,
976 611 1059 637 abso-

267 662 330 690 lutas
346 663 510 698 depositioni
528 663 638 697 subjici.
659 662 716 690 Hoc
731 664 804 691 enim
825 667 867 691 cst
887 663 1031 699 profanare
1052 674 1058 691 :

267 708 333 736 illud
348 716 412 736 vero
431 708 580 743 surripere.
598 708 653 736 Eos
671 709 782 743 quidem
798 714 889 743 certe,
910 710 957 744 qui
978 716 1057 737 extra

267 755 369 789 altarel,
384 763 447 782 vasa
466 755 591 789 quaedam
607 758 760 790 segregata,
774 757 815 782 vel
832 760 932 788 vestes,
949 756 1000 783 sibi
1016 756 1059 783 vel

267 801 329 828 aliis
345 802 476 836 praebent,
494 807 542 828 eos
558 807 645 827 canon
672 808 783 835 quoque
798 805 924 837 segregat
941 810 948 828 :
966 806 992 829 et
1007 809 1057 829 nos

267 855 321 874 una
337 855 445 882 quoque
460 855 642 882 segreganius.
655 847 709 874 Eos
727 853 817 874 autent
834 848 878 882 qui
898 848 977 882 plane
994 854 1056 874 sur-

269 892 380 927 ripiunl,
392 893 586 928 sacrilegorum
603 892 824 920 condemnationi
835 892 1009 925 subjicimus.
1028 902 1031 903 ν

1112 247 1378 284 καταμολύνονταςῆ
1399 249 1601 283 καταλύοντας,
1619 250 1815 286 ἀκαθαιρέτους
1843 253 1896 278 είσ-

1112 292 1220 326 ἀγουσι,
1233 293 1320 320 καίτοι
1338 295 1455 329 φανεροῦ
1466 294 1667 330 καθεστηκότος
1681 296 1727 323 τοῦ
1737 297 1896 332 μιάσματος¹

1113 340 1159 366 καὶ
1183 339 1264 375 δῆλον
1281 340 1319 372 ὡς
1333 341 1357 366 οἱ
1372 340 1406 367 τὰ
1418 340 1533 368 τοιαῦτα
1557 342 1739 377 πράσσοντες,
1763 343 1794 369 οὺ
1820 343 1897 377 μόνον

1111 387 1309 422 καθαιρέσεως,
1331 386 1399 413 ἀλλὰ
1419 387 1468 413 καὶ
1485 387 1535 422 τῆς
1553 388 1672 423 ἐσχάτης
1692 388 1849 420 δυσσεϐείας
1861 388 1898 423 τῷ

1111 433 1266 468 ἐγκλήματι
1296 433 1502 468 περιπίπτουσι.
1541 433 1642 468 Διόπερ
1666 433 1767 469 ὥρισεν
1791 435 1808 468 ὴ
1835 434 1898 468 ἁγία
1920 468 1923 471 Ι

1112 478 1230 510 σύνοδος,
1246 477 1310 509 τοὺς
1320 478 1351 504 τὸ
1365 478 1443 512 ἅγιον
1456 478 1598 513 ποτήριον,
1614 478 1631 514 ἢ
1643 478 1689 504 τὸν
1699 478 1791 505 δίσκον
1802 498 1809 509 ,
1823 478 1839 513 ἢ
1850 478 1898 513 τὴν

1110 523 1218 556 λαὸίδα,
1234 524 1251 559 ἦ
1274 524 1323 558 τὴν
1338 523 1490 558 σεῦασμίαν
1515 523 1636 559 ὲνδυτὴν,
1654 524 1670 558 ἦ
1686 523 1732 550 τὸν
1755 524 1898 558 λεγόμενον

1111 570 1190 605 ἀέρα,
1204 570 1221 605 ἢ
1237 570 1332 601 ἁπλῶς
1347 570 1410 601 τοὺς
1424 570 1454 596 ἓν
1475 579 1501 596 τι
1520 569 1575 596 τῶν
1606 571 1635 596 ὲν
1655 570 1694 604 τῷ
1715 569 1897 605 θυσιαστηρίῳ

1112 616 1193 651 ἱερῶν
1209 617 1257 642 καὶ
1275 616 1360 650 ἁγίων
1381 616 1487 642 σκευῶν
1504 616 1521 651 ἢ
1534 616 1750 650 ἀμφιασμάτων,
1772 616 1812 647 είς
1835 616 1898 642 [διον

1110 663 1206 698 κέρδος
1228 663 1450 698 ὑφαρπάζοντας,
1476 662 1492 697 ἦ
1512 663 1552 694 είς
1569 660 1668 697 χρῆσιν
1688 661 1900 697 ἀποχρωμένους

1110 709 1237 744 ἀνίερον,
1263 709 1390 735 παντελεῖ
1414 708 1572 743 καθαιρέσει
1593 707 1854 734 καθυποὸάλλεσθαν
1869 707 1901 733 τὸ

1111 756 1162 789 μὲν
1187 755 1242 791 γάρ
1259 755 1317 781 ἐστι
1342 754 1506 790 βεόηλῶσαι,
1521 754 1551 781 τὸ
1580 754 1608 780 δὲ
1633 753 1747 788 συλῆσαι
1767 753 1800 779 τὰ
1824 752 1900 786 ἅγια.

1110 801 1179 832 Τοὺς
1208 801 1299 836 μέντοι
1328 801 1362 827 τὰ
1390 800 1490 833 ἔξωθεν
1513 799 1560 826 τοῦ
1593 799 1787 834 θυσιαστηρίου
1812 798 1902 832 ἇμφια

1110 847 1309 882 ἀφωρισμένα.
1383 846 1468 882 σκεύη
1496 846 1574 879 τινὰ,
1599 847 1640 878 εἱς
1665 846 1763 881 χρῆσιν
1793 845 1902 880 ἀνίερον

1109 893 1214 924 ἑαυτοῖς
1231 892 1248 928 ἢ
1266 893 1370 927 ἑτέροις
1393 892 1580 926 παρέχονταςι,
1595 891 1707 923 τούτους
1719 891 1765 918 καὶ
1779 891 1794 917 ὁ
1810 889 1903 917 κανὼν

266 938 404 973 ἀφορίζει,
428 938 475 964 καὶ
500 939 583 973 ἡμεῖς
607 938 844 974 συναφορίζομενο
865 938 932 970 τοὺς
957 938 986 964 δὲ
1014 937 1153 970 παντελῶς
1179 938 1410 974 ἁφαρπάζοντας,
1434 939 1467 974 τῇ
1496 938 1553 965 τῶν
1579 938 1726 973 ἱεροσύλων
1758 937 1895 972 καταδίκῃ

267 985 521 1020 καθυποὸἀλλομεν.

354 1030 492 1066 Cyrilliea:
507 1031 625 1065 epistolw
649 1031 684 1058 ad
701 1031 832 1058 Damnum
848 1039 907 1066 cap.
923 1030 951 1057 2.

301 1076 450 1104 Pecuniam
475 1081 565 1104 autem
584 1084 645 1112 quat
658 1085 705 1112 per
728 1077 857 1111 injuriam
884 1077 935 1112 ipsi
961 1081 1054 1112 erepta

268 1127 319 1155 est,
335 1122 435 1157 duplici
451 1123 564 1150 nomine
579 1123 605 1150 ei
627 1123 703 1150 reddi
727 1131 836 1158 :equum
855 1127 908 1151 est.
930 1122 1052 1150 Primum

268 1169 377 1203 quidem
387 1168 460 1203 quod
475 1175 525 1196 nec
541 1169 594 1196 tale
606 1169 685 1203 121
699 1169 765 1204 quid
782 1169 896 1196 omnino
906 1169 964 1197 ﬁeri
974 1176 1056 1204 opor-

268 1213 343 1239 tebat
369 1222 375 1239 :
392 1217 419 1239 et
433 1213 506 1247 quod
533 1213 610 1240 valde
623 1214 694 1241 male
709 1214 790 1242 habet
804 1222 958 1249 magnaque
973 1214 1055 1242 tristi-

267 1257 306 1286 tia
322 1258 404 1285 aiilcit
437 1258 626 1286 sanctissimos
641 1260 784 1294 episcopos
808 1260 854 1294 qui
876 1265 940 1287 sunt
956 1260 1057 1294 ubique

271 1308 420 1336 terrarum,
447 1304 518 1339 quod
539 1309 699 1339 sumptuum
717 1305 763 1339 qui
781 1305 835 1332 illis
849 1306 980 1332 eveniunt
1001 1305 1057 1333 dis-

267 1350 438 1386 pensationis
455 1349 524 1377 ratio
539 1350 573 1377 ab
589 1351 628 1378 eis
643 1351 779 1385 exigatur,
796 1351 853 1378 sive
865 1359 898 1378 ex
912 1351 1057 1378 ecclesias-

268 1396 330 1424 ticis
345 1396 509 1428 redditibus,
530 1397 587 1424 sive
603 1405 636 1424 ex
654 1396 747 1425 fructu
777 1398 888 1425 aliunde
919 1403 1056 1433 percepto.

268 1443 468 1478 Unusquisque
494 1444 567 1470 enim
588 1449 713 1471 nostrum
729 1444 806 1471 dabit
834 1452 947 1472 suorum
972 1445 1058 1472 malo-

269 1496 330 1516 rum
345 1489 481 1516 rationeln
499 1489 623 1516 omnium
638 1489 736 1524 judici.
757 1489 830 1518 Vasa
849 1491 922 1517 enim
938 1491 1057 1525 pretiosa

267 1539 297 1562 et
312 1534 502 1569 possessiones
518 1535 673 1562 immobiles
688 1540 796 1570 oportet
829 1536 933 1563 servari
963 1535 1058 1562 Eccle-

269 1581 319 1608 siis
333 1589 340 1613 ;
353 1581 488 1616 episcopis
510 1586 599 1609 autem
628 1582 674 1616 qui
693 1585 758 1608 tunc
782 1582 916 1616 temporis
935 1581 1057 1608 divinum

270 1626 457 1653 sacerdotium
475 1627 682 1659 administrant,
703 1627 880 1655 incidentium
898 1634 1056 1663 sumptuum

268 1672 503 1707 dispensationem
517 1680 614 1700 secure
628 1673 714 1700 credi.

306 1719 401 1747 Const.
420 1718 463 1750 17,
476 1719 519 1746 tit.
548 1719 575 1751 ‘1,
594 1719 641 1746 lib.
660 1719 721 1746 cod.
738 1719 786 1746 ait.
802 1721 875 1755 quod
902 1720 967 1748 dum
983 1724 1059 1747 extra
1072 1717 1094 1748 Ο

270 1770 348 1791 sacra
366 1771 429 1790 vasa
447 1762 531 1798 [aliic]
545 1771 589 1790 res
603 1763 718 1790 mobiles
734 1768 808 1796 sunt,
823 1772 914 1791 rerum
936 1773 1062 1793 necessa-

269 1809 372 1836 riarum
388 1809 567 1835 immobilium
584 1813 610 1836 et
630 1816 770 1837 sacrorum
788 1818 917 1838 vasorum
932 1811 1060 1839 alienatio

269 1858 353 1888 atque
370 1854 521 1889 hypothcca
543 1858 641 1881 cessat.
660 1854 691 1881 Et
711 1860 799 1883 const.
813 1856 859 1889 21,
876 1856 998 1891 ejusdem
1014 1857 1058 1884 tit.

265 1900 319 1931 ait,
335 1899 408 1934 quod
420 1899 465 1934 qui
488 1907 541 1926 non
555 1907 604 1934 per
618 1908 728 1934 causam
749 1902 971 1930 redimendorum
992 1910 1061 1936 cap-

269 1946 386 1972 tivorum
404 1953 481 1973 sacra
496 1953 560 1973 vasa
576 1947 617 1973 vel
632 1947 746 1975 donaria
762 1948 838 1981 emit,
852 1953 898 1975 aut
922 1948 949 1975 in
972 1948 1060 1984 hypo-

268 1992 375 2019 tbecam
402 1991 535 2027 pignusve
566 1993 663 2027 capit,
699 1993 780 2020 etiam
807 1994 895 2028 pretio
921 1994 1058 2022 excidat:

267 2044 353 2071 eaque
370 2044 418 2071 per
430 2037 587 2072 episcopos,
612 2045 781 2071 (nconomos,
814 2043 840 2066 et
858 2047 985 2067 vasorum
1010 2046 1060 2066 cu-

269 2083 366 2110 stodes
382 2082 565 2116 vindicantur,
583 2083 690 2110 etiamsi
705 2084 822 2111 conﬂata
839 2084 894 2111 sint
913 2092 920 2110 :
936 2088 983 2111 aut
997 2085 1060 2111 illo-

268 2135 328 2154 rum
344 2128 489 2163 exigantur
501 2129 601 2162 pretia,
615 2129 636 2156 si
658 2137 711 2156 non
725 2134 911 2164 compareant».
926 2129 996 2157 Dicit
1011 2131 1058 2158 lib.

266 2181 344 2206 xvul,
358 2174 400 2206 tit,
417 2173 442 2205 1,
456 2174 511 2209 dig.
527 2174 571 2205 62,
588 2175 659 2208 quod
677 2175 721 2209 qui
737 2176 864 2203 nesciens
879 2183 937 2203 rem
952 2183 1058 2203 sacram

267 2227 317 2254 pro
330 2219 434 2254 privata
453 2224 604 2254 comparat.
629 2220 693 2248 licet
718 2221 837 2248 venditio
863 2229 918 2249 non
954 2226 1054 2254 teneat,

268 2272 357 2293 tamen
379 2265 537 2302 [actionem]
553 2267 684 2294 adversus
699 2267 872 2294 venditorem
901 2268 1009 2300 haheat,
1030 2267 1056 2294 in

268 2317 381 2346 qantum
413 2312 473 2347 ejus
497 2311 630 2342 interfuit.
662 2320 698 2339 ne
723 2313 904 2347 deciperetur.
926 2312 958 2339 Et
985 2312 1056 2349 [lib.]

267 2357 335 2385 inst.
354 2365 381 2390 ιι,
400 2358 442 2385 ιῑι.
463 2358 490 2391 1,
514 2358 586 2390 dicit,
601 2359 671 2392 quod
689 2366 767 2386 sacra
796 2367 861 2386 vasa
884 2366 971 2392 neque
993 2359 1058 2386 alie—

270 2409 382 2434 nentur.
401 2411 489 2438 neque
504 2404 669 2437 obligentur,
684 2404 736 2431 nisi
758 2407 869 2438 propter
892 2404 1057 2438 redemptio-
1075 2393 1095 2421 θ

267 2457 328 2476 nem
342 2449 523 2483 captivorum.
545 2448 641 2477 Const.
665 2452 756 2476 autem
781 2449 803 2481 Ι,
832 2449 874 2476 tit.
889 2449 906 2475 2
930 2449 1057 2476 Novella-

266 2503 327 2530 runi
343 2495 431 2530 pomis
447 2495 558 2528 subjicit
578 2502 635 2527 eos,
654 2495 699 2529 qui
718 2501 794 2521 sacra
810 2502 875 2522 Vasa
904 2500 998 2522 contra
1019 2496 1057 2523 le-

267 2549 328 2577 gem
349 2547 459 2576 propter
473 2541 685 2575 redemptionem
701 2541 881 2575 captivorum.

304 2629 412 2656 Tenus.
435 2629 528 2668 Const.
547 2630 575 2662 2,
587 2630 707 2665 ejusdem
721 2631 764 2657 tit.
777 2630 854 2661 dicit,
880 2636 907 2656 ιιι
929 2639 962 2657 nc
978 2638 1054 2658 sacra

265 2684 329 2704 rasa
348 2676 425 2711 122
448 2675 576 2703 Ecclesiae
592 2677 914 2711 Constantinopolitanae,
931 2682 977 2704 aut
999 2677 1057 2704 ubi-

265 2730 373 2756 cunque
385 2723 595 2749 constitutorum
609 2723 792 2750 oratoriorum
805 2724 882 2750 aliter
893 2724 1054 2755 vendantur,

265 2772 490 2803 opponanturque
501 2768 702 2802 pignori,quam
713 2777 761 2802 pro
771 2770 940 2803 captivorum
951 2770 1056 2796 redem-

264 2814 367 2849 ptione.
387 2814 459 2842 Sane
474 2815 496 2841 si
515 2814 590 2848 plura
608 2821 672 2840 vasa
695 2814 766 2846 sint,
788 2823 848 2848 qua:
872 2815 1054 2841 necessarium

265 2860 311 2895 [de
326 2860 369 2895 se]
387 2867 466 2888 usum
481 2867 535 2888 non
548 2860 695 2894 praebeant,
710 2865 737 2887 et
753 2862 906 2894 usuvcnial,
924 2866 952 2888 ut
967 2861 1055 2896 aliqua

1074 1037 1098 1066 Β
1112 1030 1264 1064 Κυρίλλου
1278 1029 1312 1055 ἐκ
1325 1027 1379 1061 τῆς
1393 1027 1469 1062 πρὸς
1481 1014 1597 1061 Δόμτλον
1606 1027 1772 1061 ἐπιστολῆς
1784 1036 1851 1061 stay.
1867 1028 1901 1063 β’.

1144 1076 1185 1102 Τὰ
1209 1076 1238 1102 δὲ
1263 1075 1364 1106 ἀδίκως
1394 1073 1531 1109 ληφθέντα
1563 1072 1726 1108 παράὐτοῢ
1759 1073 1902 1108 χρήματα,

1108 1122 1271 1156 ἀναδοθῆναι
1298 1121 1402 1147 δίκαιον
1420 1120 1491 1147 κατὰ
1504 1119 1551 1146 δύο
1568 1119 1702 1154 τρόπους·
1721 1119 1831 1154 πρῶτον
1852 1119 1904 1154 μὲν

1108 1168 1149 1195 ὅτι
1160 1168 1220 1194 οὐδὲ
1232 1167 1315 1203 ἐχρῆν
1323 1167 1392 1198 ὅλως
1401 1166 1526 1200 γενέσθαι
1535 1174 1561 1192 τι
1570 1165 1702 1196 τοιοῦτον,
1716 1165 1809 1191 καθότι
1820 1165 1905 1192 λυπιῖ
1915 1191 1917 1193 .

1111 1215 1231 1250 σφόδρα,
1255 1214 1302 1241 καὶ
1326 1214 1366 1244 είς
1390 1212 1509 1248 ἐσχάτην
1530 1212 1645 1247 ἁκηδίαν
1667 1212 1818 1246 καταφέρει
1838 1213 1905 1244 τοὺς

1109 1260 1284 1295 ἁπανταχόσε
1310 1259 1363 1293 γῆς
1379 1259 1459 1290 ὄντας
1477 1257 1703 1289 θεοσεϐεστάτους
1722 1257 1904 1290 ἐπισκόπους,

1109 1307 1140 1333 τὸ
1153 1305 1327 1333 ἀπαιτεῖσθαι
1339 1305 1435 1339 λόγους
1447 1306 1498 1339 τῆς
1519 1304 1675 1338 οἰκονομίας
1699 1305 1754 1331 τῶν
1779 1313 1906 1339 παραπι-

1112 1353 1235 1380 πτόντων
1266 1352 1359 1383 αὐτοῖς
1389 1350 1583 1385 ἀναλωμάτων,
1618 1351 1672 1377 εἴτε
1702 1352 1734 1377 ὲκ
1763 1351 1907 1385 προσόδων

1111 1397 1356 1433 ὲκκλησιαστικῶν,
1381 1397 1430 1423 εἶτ’
1453 1395 1500 1424 οὖν
1517 1397 1565 1424 καὶ
1588 1397 1641 1423 ἀπὸ
1651 1397 1702 1431 τῆς
1731 1405 1815 1423 τινων
1832 1405 1907 1432 καρ-

1111 1446 1262 1480 ποφορίας·
1287 1445 1403 1476 ἕκαστος
1429 1445 1484 1479 γὰρ
1510 1443 1589 1479 ἡμῶν
1611 1443 1665 1470 τῶν
1694 1442 1772 1469 ἰδίων
1812 1443 1908 1478 καιρῷ

1111 1493 1192 1518 δώσει
1218 1491 1295 1526 λόγον
1314 1491 1353 1526 τῷ
1371 1491 1481 1517 πάντων
1505 1491 1597 1525 κριτῇ.
1619 1488 1758 1524 Κειμήλια
1784 1489 1835 1524 μὲν
1850 1490 1909 1524 γὰρ

1117 1539 1163 1564 καὶ
1177 1538 1288 1574 κτήσεις
1301 1538 1455 1573 ἀκινήτους,
1467 1536 1654 1571 ἀνεκποιήτως
1667 1537 1727 1567 ταῖς
1743 1535 1910 1571 ἐκκλησίαις

1113 1583 1248 1615 σώζεσθαι
1268 1584 1320 1618 χρή
1332 1590 1340 1598 ι
1356 1581 1513 1618 θαρσεῖσθαι
1535 1581 1564 1607 δὲ
1579 1581 1642 1612 τοὺς
1656 1580 1728 1607 κατὰ
1741 1580 1839 1614 καιρὸν
1856 1581 1910 1616 τὴν

1112 1628 1187 1656 θείαν
1215 1629 1357 1660 διέποντας
1386 1627 1555 1662 ἱερωσύνην,
1581 1626 1637 1653 τῶν
1671 1626 1912 1661 παραπιπτόντων

1111 1676 1296 1709 ἀναλωμάτων
1305 1674 1356 1709 τὴν
1367 1673 1532 1708 οἰκονομίαν.

1153 1720 1185 1746 ‘il
1201 1719 1233 1751 ιζ’
1251 1718 1372 1751 διάταξις
1393 1718 1440 1745 τοῦ
1465 1718 1487 1753 β’
1515 1719 1568 1745 τίτ.
1583 1717 1629 1744 τοῦ
1644 1721 1669 1744 α’
1686 1717 1758 1752 βιὸλ.
1771 1717 1820 1744 τοῦ
1836 1719 1910 1745 κὼδ-

1112 1766 1205 1802 φησὶν,
1240 1766 1281 1792 ὅτι
1307 1765 1425 1800 κινητῶν
1459 1764 1582 1791 ὑπόντων
1611 1763 1712 1796 ἔξωθεν
1745 1763 1800 1790 τῶν
1823 1765 1913 1800 ἱερῶν

1112 1811 1229 1842 σκευῶν,
1261 1811 1341 1845 ἀργεῖ
1369 1810 1424 1837 τῶν
1446 1809 1604 1844 ἀναγκαίων
1627 1810 1766 1845 ἀκινήτων
1783 1810 1832 1836 καὶ
1852 1811 1913 1836 τῶν

1111 1857 1202 1893 ἄρτων
1215 1858 1232 1892 ἡ
1250 1857 1393 1891 ὲκποίησις
1405 1856 1453 1882 καὶ
1477 1856 1493 1890 ὴ
1512 1855 1635 1890 ὑποθήκη
1649 1862 1656 1869 ·
1674 1856 1722 1882 καὶ
1736 1856 1753 1891 ὴ
1766 1858 1810 1882 κα¹
1832 1855 1912 1883 διάτ.

1111 1904 1157 1930 τοῦ
1177 1903 1260 1931 αὺτοῦ
1281 1903 1334 1930 τίτ.
1352 1903 1444 1938 φησὶν,
1459 1903 1499 1929 ὅτι
1512 1903 1526 1929 ὁ
1540 1902 1577 1938 μὴ
1591 1902 1624 1929 δι’
1646 1902 1797 1938 ἀνάρρυσιν
1822 1904 1916 1939 αἰχμ-

1111 1951 1222 1977 αλώτων
1234 1950 1376 1984 ἀγοράζων
1399 1949 1460 1984 ἱερὰ
1474 1949 1570 1984 σκεύη,
1586 1949 1602 1984 ἢ
1623 1948 1786 1984 ἀπλώματα,
1802 1950 1819 1983 ἥ
1836 1949 1916 1985 λαμ-

1111 1993 1200 2020 ϐάνων
1215 1994 1254 2024 είς
1268 1993 1408 2028 ὑποθήκην
1429 1992 1445 2028 ἢ
1459 1993 1599 2028 ἐνέχυρον,
1615 1994 1661 2020 καὶ
1674 1993 1730 2020 τῶν
1745 1994 1836 2029 τιμῶν
1859 1996 1917 2022 καὶ

1110 2039 1157 2066 τοῦ
1172 2039 1270 2074 χρέους
1292 2039 1431 2071 ἐκπίπτει,
1452 2039 1499 2065 καὶ
1513 2038 1684 2065 ἐκδικοῦνται
1703 2038 1747 2065 διὰ
1767 2039 1822 2065 τῶν
1847 2040 1915 2066 ἐπι-

1111 2085 1220 2112 σκόπων
1240 2085 1288 2111 καὶ
1314 2085 1463 2119 οἰκονόμων
1483 2084 1530 2110 καὶ
1554 2083 1775 2118 σκευοφυλάκων,
1804 2085 1829 2110 εί
1860 2086 1916 2112 καὶ

1110 2131 1316 2166 ὲχωνεύθησαν”
1337 2130 1355 2166 ἢ
1376 2132 1423 2157 καὶ
1446 2129 1474 2157 αί
1496 2130 1574 2163 τιμαὶ
1598 2129 1688 2156 αὐτῶν
1708 2120 1915 2162 ἀπαιτοῦνται,

1110 2176 1134 2202 εἰ
1163 2176 1200 2210 μὴ
1228 2175 1378 2209 φαίνονται.
1407 2174 1492 2209 Φησὶν
1504 2173 1575 2209 βιϐλ.
1600 2176 1634 2207 ιη’
1647 2174 1700 2200 τίτ.
1722 2175 1746 2200 α’
1763 2174 1836 2202 διάτ.
1856 2175 1915 2210 ξβ¹,

1109 2221 1149 2247 ὅτι
1161 2221 1210 2247 ὁὲν
1226 2221 1323 2256 ἀγνοίᾳ
1335 2220 1447 2255 τδὶερδν
1463 2219 1638 2251 ὼςὶδιωτικὸν
1652 2218 1809 2254 ἀγοράζων,
1819 2221 1846 2247 εί
1862 2223 1919 2247 καὶ

1111 2268 1148 2303 μὴ
1168 2267 1324 2294 συνίσταται
1344 2268 1361 2301 ἠ
1376 2267 1486 2301 πράσις,
1503 2267 1577 2300 ὅμως
1586 2266 1642 2300 ἔχει
1653 2266 1723 2292 κατά
1733 2265 1779 2292 τοῦ
1798 2269 1919 2302 πρᾶτον.)

1109 2313 1148 2344 εἰς
1159 2314 1227 2348 ὅπερ
1238 2311 1310 2348 αὐτῷ
1321 2312 1427 2347 διέφερε
1439 2311 1476 2347 μὴ
1489 2311 1672 2347 ἀπατηθῆναι·
1684 2313 1731 2338 καὶ
1745 2310 1918 2341 Ἰνστιτουτ.

1110 2359 1152 2391 ιβ’.
1162 2358 1212 2384 τίτ.
1223 2359 1247 2384 α’
1256 2357 1396 2392 φησὶν,ζδτι
1413 2357 1448 2382 τὰ
1459 2356 1518 2391 ιερὰ
1531 2356 1626 2390 σκεύη,
1638 2356 1700 2382 οὔτε
1714 2357 1921 2392 πιπράσκεται

1109 2400 1170 2427 οὔτε
1187 2400 1354 2432 ὑποτίθεται,
1364 2400 1387 2426 εί
1400 2399 1436 2434 μὴ
1448 2399 1490 2426 διὰ
1501 2399 1578 2426 λύσιν
1589 2400 1770 2435 αἰχμαλώτων
1782 2410 1790 2416 ·
1806 2403 1823 2437 ἡ
1840 2403 1872 2428 δὲ
1888 2400 1921 2430 α’

1108 2445 1177 2472 διάτ.
1193 2444 1240 2471 τοῦ
1262 2445 1286 2480 β’
1299 2445 1351 2471 τίτ.
1367 2444 1421 2470 τῶν
1436 2444 1550 2480 Νεαρῶν
1562 2465 1569 2477 ,
1584 2444 1731 2480 ἐπιτιμίοις
1753 2446 1921 2474 ὑποϐάλλει

1107 2492 1170 2523 τοὺς
1189 2491 1223 2518 τὰ
1235 2491 1294 2527 ιερὰ
1310 2491 1393 2526 σκεύη
1405 2490 1481 2526 παρὰ
1499 2491 1545 2516 τὸν
1565 2491 1647 2526 νόμον
1671 2492 1917 2527 ὲνεχυράζοντας,

1108 2538 1305 2573 ἦπωλοῦντας,
1323 2537 1339 2572 ἢ
1360 2537 1538 2573 χωνεύοντας,
1563 2537 1579 2573 ἦ
1606 2538 1795 2570 ἐκποιοῦντας,
1821 2541 1848 2566 εί
1868 2541 1919 2576 μὴ

1107 2584 1150 2610 διὰ
1166 2583 1442 2618 λύσινξαίχμαλώτων.

1149 2631 1180 2656 ἸΙ
1193 2630 1221 2656 δὲ
1233 2630 1255 2665 β’
1270 2631 1340 2657 διάτ,
1356 2630 1402 2656 τοῦ
1419 2630 1500 2656 αὑτοῦ
1513 2630 1566 2657 τίτ.
1589 2630 1682 2665 φησὶν,
1705 2630 1777 2656 ὥστε
1790 2631 1826 2657 τὰ
1842 2633 1918 2666 ἱερὰ

1110 2677 1192 2711 σκεύη
1206 2677 1255 2710 τῆς
1269 2670 1432 2711 Ἐκκλησίας
1449 2676 1770 2708 Κωνσταντινουπόλεως,
1788 2679 1838 2703 καὶ.
1849 2677 1920 2704 τῶν

1107 2723 1273 2758 ὁπουδήποτε
1309 2723 1442 2758 κειμένων
1457 2723 1619 2758 εὐκτηρίων,
1637 2723 1673 2758 μὴ
1687 2723 1773 2755 ἄλλως
1797 2725 1921 2759 πεπρέι..

1110 2768 1219 2795 σκεσοαι
1243 2769 1260 2805 ἢ
1279 2769 1461 2802 ὑποτίθεσθαι,
1483 2769 1507 2794 εἰ
1524 2769 1560 2803 μὴ
1576 2770 1615 2800 είς
1637 2769 1788 2804 ἀνάῤῥυσιν
1815 2770 1920 2804 αἰχμ-

1110 2814 1219 2841 αλὼτων
1231 2823 1238 2830 ·
1254 2815 1315 2841 εἰδὲ
1334 2815 1443 2851 πλείονα
1462 2812 1516 2841 εἶεν
1542 2815 1636 2851 σκεύη,
1655 2815 1791 2851 μηδεμίαν
1813 2815 1922 2849 ἀναγ-

1111 2861 1190 2887 καὶαν
1211 2860 1339 2887 ποιοῦντα
1353 2860 1462 2896 χρῆσιν,
1481 2861 1571 2896 συμϐῇ
1585 2860 1614 2887 δέ
1637 2869 1699 2888 τινα
1712 2861 1766 2887 τῶν
1791 2861 1924 2894 eti-276w
