1959 3061
85 132 127 168 581

488 130 690 160 SYNTAGMA
712 130 908 160 CANONUM.
925 141 960 147 -
979 130 1053 160 TIT.
1070 130 1112 161 ΙῘ.
1127 130 1207 159 CAP.
1230 130 1271 159 ΙΙ.

1646 127 1699 159 582

85 189 152 216 otro
173 185 332 222 βαρύνεσθαι
361 185 478 220 χρέεσιν,
512 187 537 211 εἰ
567 186 606 221 μὴ
627 186 748 212 ’ὕπεστιν
771 186 871 221 ἕτερα,

917 187 1100 214 'enerabilium
1126 187 1256 213 domuum
1274 193 1328 212 εει-ο
1344 184 1433 212 alieno
1451 189 1586 219 gravetur,
1605 193 1694 221 neque

85 233 166 269 κινητὰ
179 232 338 268 πράγματα,
359 231 389 263 ἐξ
413 227 450 258 ὧν
469 231 572 265 ὀφείλει
593 231 702 266 δοθῆναι
717 231 751 257 τὰ
775 232 855 266 χρέα,

84 280 148 308 ἄδεια
167 279 238 305 ἔσται
261 277 461 311 συνισταμένης
485 277 612 312 πράξεως
634 276 771 312 ἀζημίως,
795 277 857 303 ἐπι-

85 326 169 352 σκόπου
191 325 240 358 μὲν
265 322 442 354 ὲκποιοῧντος
471 322 550 357 παρὰ
581 322 623 358 τῷ
658 321 857 359 μητροπολίτῃ,

85 368 264 405 μητροπολίταυ
277 368 306 395 δὲ
325 367 401 403 παρὰ
424 366 463 402 τῷ
483 367 540 402 ίδίῳ
558 367 728 402 πατριάρχῃ,
743 367 778 394 τὰ
797 368 858 403 ἱερὰ

84 414 156 449 σκεύη
175 414 206 440 τὰ
239 413 356 448 περιττὰ
379 412 468 444 ἄλλοις
495 412 623 446 εὐαγὲσιν
652 413 737 444 οἴκοις
764 414 858 448 χρείαν

83 460 162 495 ἔχουσι
171 459 270 485 πωλεῖν
283 458 300 493 ἢ
315 457 446 493 χωνεύειν
469 458 516 485 καὶ
529 458 711 493 πιπράσκειν.
736 459 785 486 καὶ
808 459 858 495 τὴν

83 504 161 531 αὐτῶν
175 503 255 539 τιμὴν
287 505 327 536 εἰς
357 504 387 530 τὸ
419 504 500 540 χρέος
520 505 665 540 παρέχειν,
687 504 757 532 ὥστε
774 505 813 541 μὴ
825 506 860 532 τὰ

83 551 184 585 ἀκίνητα
196 550 378 577 ἑκποιεῖσοαι.

113 639 185 673 Λέγει
196 639 225 665 δὲ
242 639 314 674 βιὸλ.
328 639 365 671 α’,
379 639 430 674 τίτ.
453 640 498 675 ιη’,
512 640 582 667 διάτ.
603 642 648 674 ιγ’,
668 639 710 665 ὅτι
726 639 751 665 οἱ
764 640 861 674 ἄρχον-

81 695 122 717 τες
134 685 292 721 ἀναζητοῢσι
303 686 367 717 τοὺς
383 686 541 722 ἱεροσύλους
553 694 560 702 ·
574 686 619 712 καὶ
633 685 704 720 βιὸλ.
722 685 807 717 ι’,τίτ.
825 685 858 720 β’,

81 732 129 766 διγ.
143 731 171 762 δ’.
182 732 222 758 ὅτι
236 731 271 758 τὰ
289 731 318 764 ἐξ
332 731 484 767 ἱεροσυλίας
506 732 653 767 κτηθέντα,
668 732 698 758 οὗ
716 731 857 766 διαιροῦν-

81 787 122 804 ται
132 779 153 804 ol
166 777 325 812 κληρονόμοι
337 785 345 792 ⁸
363 778 410 804 καὶ
422 777 491 808 βιόλ.
504 780 530 810 ι’,
541 777 596 804 τιτ.
615 780 650 809 α’,
671 776 725 811 δίγ.
745 780 802 809 κς¹,
819 777 861 804 ὅτι

81 822 221 857 ἀνισχύρως
235 830 278 854 τις
295 822 421 857 ὁμολογεῖ
434 823 596 858 ἱεροσυλεῖν,
611 822 660 849 καὶ
673 822 723 857 οὺχ
743 822 859 858 ἁρμόζει

81 869 110 894 ἐκ
124 868 211 895 τούτου
226 869 333 903 ἀγωγή·
345 868 393 895 καὶ
403 867 474 903 βιὸλ.
494 872 551 903 μη’,
563 868 616 895 τίτ.
630 868 662 901 δ’,
679 868 753 895 διάτ.
767 871 802 901 α’,
818 869 859 894 ὅτι
875 867 895 893 Β
911 869 964 897 fact

80 913 164 948 ὅμοιόν
178 914 235 940 ἐστι
247 914 278 940 τὺ
291 913 418 949 ἔγκλημα
437 914 486 948 τῆς
510 913 714 945 καθοσιώσεως,
731 914 770 949 τῷ
795 915 860 950 περὶ

79 960 124 994 τῆς
138 959 294 994 ἱεροσυλίας·
309 961 357 986 καὶ
372 960 424 987 τίτ.
441 963 475 994 ιγ’
487 959 534 986 τοῦ
547 960 630 987 αὑτοῦ
639 959 723 994 βιὸλ.,
738 960 806 987 διάτ.
822 963 859 992 α’,

78 1005 163 1040 ὀπερὶ
190 1006 238 1041 τῆς
266 1005 417 1040 ἱεροσυλίας
444 1002 527 1040 νόμος
553 1007 687 1038 κινεῖται,
717 1006 790 1032 κατὰ
812 1005 859 1032 τοῦ

78 1051 235 1086 ὑφελομένου
255 1051 288 1078 ὲκ
303 1051 358 1078 τῶν
382 1050 464 1086 ιερῶν
485 1050 675 1086 χρημάτων,ἢ
695 1050 861 1085 στρέψαντος

77 1097 114 1129 είς
126 1097 189 1129 ιδίας
203 1097 307 1132 χρείας,
324 1097 341 1132 ἢ
354 1096 616 1132 παρασκευάσαντος
638 1096 709 1123 κατὰ
724 1096 800 1122 δόλον
812 1104 860 1130 τε-

77 1143 164 1170 νέσθαι
193 1143 296 1170 τούτων
308 1150 346 1170 τι·
377 1143 447 1170 διάτ.
475 1143 507 1174 δ’,
529 1143 555 1170 οἱ
586 1143 721 1178 ἱερόσυλοι
746 1142 815 1177 πρὸς
831 1142 862 1169 τὸ

77 1190 150 1217 ποιὸν
160 1189 204 1216 τοῦ
217 1191 422 1226 ἁμαρτήματος
433 1189 617 1225 τιμωροῦνται
629 1198 636 1205 ·
654 1189 725 1217 διάτ.
740 1192 767 1222 ς’
786 1189 817 1216 τὸ
831 1189 862 1222 ἐξ

77 1235 147 1271 εεροῦ
168 1235 287 1263 ἰδιωτικὰ
301 1236 431 1271 χρήματα
446 1234 604 1269 ὑφελέσθαι,
618 1234 669 1261 οὐκ
682 1233 740 1260 ἔστι
755 1235 862 1269 ἱεροσυ-

75 1281 119 1308 λία
145 1281 211 1308 ἀλλὰ
237 1281 325 1316 κλοπή
336 1290 343 1298 ⁸
373 1282 402 1307 ὲν
425 1281 453 1307 δὲ
467 1280 506 1315 τῷ
522 1283 560 1312 ις’
576 1279 743 1314 διατάγματι
763 1279 811 1305 τοῦ
828 1278 862 1305 ιο⁹

74 1327 126 1355 τίτ,
138 1326 185 1353 τοῦ
200 1326 246 1362 μη¹
263 1326 377 1362 βιϐλίου,
392 1322 475 1360 ’λέγει
487 1325 532 1352 τὸν
556 1325 639 1351 τόπον
654 1324 804 1360 διακρίνειν
816 1324 863 1351 τὸν

74 1372 192 1407 κλέπτην
203 1372 258 1399 ἀπὸ
271 1372 319 1399 τοῦ
343 1371 485 1407 ίεροσύλου
497 1379 505 1386 ·
521 1371 568 1397 καὶ
586 1370 657 1405 βιὸλ.
677 1369 704 1402 ς’
717 1370 764 1397 τοῦ
783 1369 861 1401 κώδ.,

74 1418 125 1445 τίτ.
141 1417 173 1452 β’,
201 1417 271 1444 διάτ.
302 1420 338 1452 γ’,
365 1417 407 1443 ὅτι
429 1418 444 1444 ὁ
465 1417 590 1444 κλέπτων
605 1416 636 1443 τὸ
652 1416 735 1452 μήπω
749 1415 788 1451 τῷ
803 1415 864 1450 Θεῷ

74 1463 250 1498 καθιερωθὲν,
264 1463 303 1495 ὡς
319 1463 439 1498 κλέπτης
451 1463 590 1497 ἑνάγεται.

110 1510 185 1537 Βισλ.
204 1513 260 1545 μη’,
279 1510 333 1537 τίτ.
351 1508 394 1544 ιγ’,
408 1509 554 1544 διάτ.ζ¹,·ἡ
568 1509 615 1535 τοῦ
630 1507 769 1544 ίεροσύλου
783 1509 862 1544 ποινὴ
877 1530 901 1561 C

73 1555 128 1583 me
142 1556 191 1590 τῆς
208 1555 350 1591 ποιότητος
368 1555 422 1582 τῶν
439 1554 604 1590 προσώπων,
617 1555 665 1581 καὶ
679 1554 726 1581 τοῦ
740 1555 866 1590 ἁμαρτή-

74 1611 169 1637 ματος,
187 1602 237 1629 καὶ
249 1602 296 1629 τοῦ
312 1601 422 1636 καιροῦ,
435 1602 482 1628 καὶ
497 1602 547 1636 τῆς
559 1600 678 1636 ἡλικίας,
691 1601 737 1627 καὶ
751 1601 802 1636 τῆς
814 1601 866 1635 φύ-

72 1656 158 1680 σεως,
173 1648 194 1683 ἦ
219 1647 356 1683 βαρυτέρα
373 1648 390 1682 ἢ
407 1647 576 1683 ἐλαφροτέρα
593 1647 763 1682 ἐπιφέρεται.
786 1647 866 1678 Τινὲς

71 1694 126 1729 γὰρ
140 1694 246 1729 θηρίοις
259 1693 462 1729 παραδίδονται,
471 1692 544 1724 τινὲς
559 1691 693 1731 καίονται,
702 1691 774 1724 τινὲς
784 1700 868 1728 φουρ-

72 1740 210 1773 κῑζονται·
227 1739 423 1775 μεμετρημένη
438 1739 467 1766 δὲ
482 1739 561 1774 ποινή
576 1739 645 1771 ἐστι,
662 1739 692 1765 τὸ
710 1737 867 1774 παραδοθῆ-

70 1795 118 1813 ναι
131 1786 238 1821 θηρίοις
252 1786 298 1812 τὺν
319 1785 475 1820 νυκτερινὸν
492 1784 646 1820 ἱερόσυλον·
669 1784 715 1810 τὸν
738 1783 867 1819 ἡμερινὸν

69 1832 99 1859 δὲ
118 1831 232 1866 μέτριόν
256 1839 283 1858 τι
310 1830 501 1866 ιεροσυλοῦντα
529 1829 752 1864 μεταλλίζεσθαι·
771 1829 816 1856 τὸν
838 1829 867 1855 δὲ

68 1877 164 1911 τίμιον
180 1876 444 1912 δεπορτατεύεσθαι·
456 1876 510 1910 δίγ.
532 1879 575 1908 ια’,
591 1877 617 1902 οἱ
633 1875 766 1911 ἱερόσυλοι
781 1883 866 1909 κεφα-

69 1924 158 1955 λικῶς
184 1923 355 1954 κολάζονται.
377 1922 523 1958 Ἰερόσυλοι
541 1922 571 1949 δέ
599 1922 680 1950 εῐσιν;
693 1921 719 1947 οἱ
737 1922 799 1953 τοὺς
819 1921 869 1955 δη-

69 1969 187 2004 μοσίους
210 1968 292 2000 ναοὺς
312 1968 491 2000 κλέπτοντες·
510 1969 534 1994 οί
553 1967 582 1993 δὲ
596 1967 631 1993 τὰ
653 1966 776 1993 ἰδιωτικὰ
796 1967 867 2000 ἱερὰ,

68 2014 118 2041 καὶ
132 2015 202 2046 τοὺς
222 2014 338 2049 μικροὺς
353 2015 434 2046 ναοὺς
450 2013 624 2048 ἀφυλάκτους
642 2012 722 2044 ὂντας
738 2012 869 2038 κλέπτον-

65 2069 126 2093 τες,
144 2058 230 2096 ἦττον
260 2060 311 2095 μὲν
335 2060 391 2086 τῶν
416 2059 575 2095 ἱεροσύλων,
590 2059 673 2085 πλέον
685 2058 714 2084 δὲ
736 2057 792 2084 τῶν
806 2058 869 2084 κλε-

66 2106 148 2134 πτῶν
168 2105 372 2142 τιμωροῦνται·
391 2106 408 2132 ὁ
426 2105 455 2132 δὲ
477 2105 607 2137 ὲξαντικὺς
628 2103 811 2131 ὑποκλέπτων
836 2104 870 2130 τὰ

66 2153 143 2188 ἱερὰ,
165 2151 310 2178 ὑπόκειται
337 2150 376 2186 τῷ
397 2150 448 2185 τῆς
472 2149 627 2185 ἱεροσυλίας
650 2149 817 2184 ἐγκλήματι.
839 2149 869 2175 '0

911 235 1061 266 suppetant
1081 231 1141 258 alia:
1160 239 1202 258 res
1221 231 1346 262 mobiles,
1362 238 1393 257 ex
1413 230 1512 264 quibus
1527 237 1563 256 res
1578 229 1698 257 alienum

909 277 977 304 solvi
994 277 1092 305 debeat
1111 286 1118 304 :
1135 276 1252 304 facultas
1276 276 1338 309 erit,
1352 279 1380 302 ut
1396 279 1519 302 actorum
1538 283 1699 302 monumen-

911 321 945 348 tis
961 321 1090 356 episcopo
1117 321 1263 353 alienante,
1285 321 1356 355 apud
1386 321 1588 355 metropolitam
1609 328 1615 346 :
1644 328 1700 346 nie-

910 366 1038 401 tropolita
1053 374 1128 398 vero.
1147 366 1219 401 apud
1236 366 1320 400 ipsius
1337 366 1521 400 patriarcham
1537 365 1604 393 citra
1626 365 1702 392 dam-

910 420 975 439 num
992 411 1135 443 confectis,
1154 412 1293 447 superﬂua
1308 413 1369 439 aliis
1390 412 1594 439 venerabilibus
1617 412 1704 439 domi—

911 457 972 488 bus,
994 465 1055 492 quae
1069 456 1137 493 [bis]
1152 465 1222 491 opus
1248 457 1359 487 habent,
1376 456 1540 489 vendantur,
1565 460 1613 483 aut
1635 464 1703 483 con-

910 502 1028 534 ﬂentur,
1046 510 1078 530 ac
1096 502 1216 539 [deinde]
1236 502 1399 534 vendantur,
1415 503 1585 537 pretiumque
1609 510 1704 530 eorum

912 552 945 579 ad
965 550 1168 578 dissolvendum
1191 558 1228 578 aes
1248 551 1366 577 alienum
1394 550 1563 583 conteratur,
1589 558 1623 578 ne
1646 550 1705 577 illa.

913 605 972 625 rum
992 605 1037 624 res
1052 596 1208 623 immobiles
1225 597 1388 623 alienantur.

952 643 1024 670 Dicit
1042 650 1124 678 porro
1141 643 1178 670 lib
1198 651 1217 676 ι,
1237 643 1277 670 tit.
1303 642 1346 675 18,
1361 642 1459 677 digest.
1479 641 1523 673 l3,
1543 642 1613 676 quod
1634 649 1706 676 pra:-

912 689 984 716 sides
997 689 1158 723 conquirere
1171 689 1288 716 debeant
1303 689 1460 723 sacrilegos.
1473 688 1506 714 Et
1520 688 1566 715 lib.
1580 695 1608 718 x,
1633 687 1674 714 tit.
1688 688 1706 713 2

911 734 1008 770 digest.
1026 735 1053 766 4,
1074 734 1147 769 quod
1166 742 1227 769 qua:
1246 734 1390 770 sacrilegio
1405 735 1518 768 quaasita
1545 739 1620 766 sunt,
1649 734 1708 760 ha:-

913 779 992 807 redes
1022 778 1106 815 [inter
1122 778 1163 814 se]
1191 787 1245 806 non
1261 779 1392 806 dividant.
1416 778 1450 806 Et
1475 779 1524 806 lib.
1542 786 1603 810 va,
1621 779 1662 805 tit.
1679 778 1706 811 l,

912 824 1012 870 digcs't.
1032 815 1080 870 2y.
1095 825 1168 859 quod
1184 823 1305 851 invalide
1318 823 1455 858 quispiam
1484 831 1513 851 se
1530 823 1706 858 sacrilegium

1001 877 1045 897 um
1068 870 1228 905 promittat|,
1246 875 1327 904 atque
1342 870 1411 904 [inde
1433 871 1506 896 actio
1525 877 1580 896 non
1596 877 1708 903 compe—

911 915 1092 943 tat.‘Te.rtus.
1124 915 1158 943 Et
1176 915 1223 942 lib.
1255 923 1351 948 xum,
1374 916 1416 942 tit.
1433 915 1460 947 4,
1477 915 1574 949 digesl.
1591 915 1617 948 1,
1634 915 1707 949 quod

911 961 1014 988 crimen
1035 961 1106 988 laesa:
1133 960 1285 995 maiestatis
1311 961 1456 994 sacrilegio
1480 959 1570 987 simile
1598 960 1644 986 sit.
1675 959 1709 986 Et

912 1006 955 1033 tit.
978 1005 1012 1033 l3
1028 1005 1149 1040 ejusdem
1172 1006 1221 1038 lib,
1238 1006 1367 1041 digestJ,
1383 1006 1479 1042 [quod]
1506 1005 1641 1040 sacrilegii
1659 1013 1707 1032 ac-

912 1051 950 1079 tio
967 1056 1109 1079 moveatur
1121 1052 1254 1079 adversus
1269 1060 1343 1083 eum.
1361 1052 1407 1086 qui
1421 1059 1454 1079 ex
1471 1051 1557 1079 sacris
1584 1052 1709 1086 pecuniis

913 1097 1079 1134 [quippiam]
1098 1098 1223 1131 abstulit,
1239 1098 1281 1125 vel
1297 1098 1324 1125 in
1351 1105 1409 1125 rem
1435 1105 1513 1125 suam
1537 1097 1628 1129 vertit,
1643 1097 1707 1124 dolo

913 1143 988 1176 fet-it,
1008 1151 1064 1178 quo
1078 1144 1174 1171 herum
1191 1143 1255 1178 quid
1281 1143 1366 1170 ﬁeret.
1389 1143 1491 1178 Digest.
1507 1141 1535 1174 1,
1555 1142 1587 1168 tit
1609 1141 1644 1174 4,
1665 1149 1710 1169 la-

913 1190 1006 1225 crilegi
1024 1198 1072 1224 pro
1090 1189 1223 1225 qualitate
1239 1189 1329 1216 dilecti
1351 1188 1514 1223 puniuntur.
1537 1186 1591 1214 Jus
1617 1188 1711 1223 potiti-

913 1245 981 1263 vum.
1007 1236 1109 1271 Digest.
1131 1235 1158 1263 6.
1177 1235 1215 1263 Ex
1244 1243 1322 1262 sacra
1352 1235 1409 1262 aede
1435 1235 1556 1270 privatas
1579 1234 1711 1268 pecunias

914 1283 1057 1317 sltbripere
1072 1302 1080 1315 ,
1105 1290 1160 1310 non
1179 1282 1372 1317 sacrilegium,
1398 1282 1445 1308 sed
1468 1280 1570 1307 furtum
1601 1284 1653 1308 est.
1681 1279 1710 1306 In

913 1329 1009 1363 digest.
1024 1329 1075 1361 16,
1091 1329 1132 1356 tit.
1154 1329 1198 1360 l9.
1217 1328 1263 1356 lib.
1285 1327 1385 1362 vaml.
1402 1327 1503 1355 dicitur
1515 1327 1607 1353 locum
1624 1327 1711 1353 furem

915 1382 930 1401 a
945 1375 1077 1408 sacrilego
1089 1374 1255 1401 discernere.
1277 1373 1308 1400 Et
1326 1373 1372 1400 lib.
1384 1381 1421 1405 vr,
1436 1373 1498 1399 cod.
1513 1373 1553 1399 tit.
1571 1372 1588 1398 2
1598 1391 1605 1404 ,
1621 1378 1710 1399 const.

914 1421 942 1451 5.
959 1428 1021 1448 eum
1044 1420 1091 1455 qui
1115 1419 1222 1447 furatur
1241 1419 1313 1454 quod
1339 1419 1462 1445 nondum
1478 1417 1534 1444 Deo
1557 1416 1712 1444 dedicatum

914 1470 965 1499 est,
987 1472 1016 1494 ut
1031 1465 1118 1494 furem
1134 1465 1173 1501 [in
1195 1463 1309 1500 judicio]
1322 1463 1472 1492 conveniri.

952 1512 1031 1547 123
1041 1505 1149 1539 Τεσιᾶς.
1162 1510 1223 1538 Lib.
1233 1518 1326 1542 XLVIII,
1339 1510 1429 1542 tit.l3,
1437 1514 1525 1543 consl.
1535 1510 1562 1536 7.
1570 1509 1711 1545 Sacrilegii

918 1566 997 1594 paena
1018 1565 1067 1592 pro
1081 1558 1212 1593 qualitate
1230 1564 1424 1591 personarum,
1441 1557 1534 1584 delicti
1546 1577 1553 1588 .
1568 1558 1712 1591 temporis,

916 1605 1014 1637 aetatis,
1026 1608 1055 1631 et
1068 1612 1161 1637 sexus,
1183 1603 1292 1638 gravior
1307 1607 1354 1629 aut
1369 1603 1456 1630 levior
1476 1603 1616 1637 inﬂigitur.
1635 1602 1711 1630 Non-

917 1651 984 1678 nulli
1006 1651 1079 1678 enim
1110 1650 1206 1678 bestiis
1225 1649 1381 1681 traduntur,
1397 1649 1520 1676 nonnulli
1546 1654 1712 1681 exuruntur,

917 1696 1002 1731 aliqui
1020 1697 1046 1723 in
1059 1695 1150 1723 furcas
1166 1696 1382 1729 suspenduntur.
1398 1695 1537 1721 Moderata
1553 1702 1618 1722 vero
1629 1703 1710 1730 poena

917 1746 970 1774 est,
983 1741 1004 1768 si
1024 1747 1178 1768 nocturnus
1195 1741 1345 1776 sacrilegus
1363 1740 1459 1768 bestiis
1471 1741 1594 1768 tradatur
1608 1749 1614 1767 :
1636 1741 1713 1768 diur-

918 1794 1055 1819 nuslvero,
1079 1787 1125 1822 qui
1150 1786 1289 1814 modicum
1322 1786 1425 1820 aliquid
1455 1793 1488 1812 ex
1513 1786 1615 1820 templo
1639 1786 1712 1818 tulit,

918 1832 1020 1860 metalli
1038 1840 1118 1867 ptena
1144 1838 1303 1860 coerceatur
1320 1840 1328 1858 :
1345 1836 1393 1859 aut
1415 1832 1449 1865 si;
1470 1831 1628 1860 honestiore
1651 1833 1713 1859 loco

919 1883 998 1905 natus
1017 1878 1063 1910 sit,
1079 1878 1248 1912 deportetur.
1276 1877 1378 1913 Digest.
1406 1878 1450 1905 11.
1468 1878 1601 1912 Sacrilegi
1624 1879 1712 1913 capite

918 1923 1080 1958 puniuntur.
1100 1924 1170 1951 Sunt.
1187 1928 1278 1951 autem
1299 1924 1437 1958 sacrilegi,
1451 1924 1497 1958 qui
1514 1923 1620 1958 publica
1634 1931 1713 1951 sacra

919 1971 1067 2004 compilant
1082 1979 1089 1997 :
1106 1976 1134 1998 at
1148 1971 1195 2005 qui
1210 1971 1312 2006 privata
1329 1979 1406 1998 saera
1419 1971 1617 2005 aadiseulasque
1631 1970 1711 1997 incu-

912 2017 1034 2044 stoditas
1059 2017 1190 2052 spoliant,
1212 2018 1303 2045 minus
1323 2025 1408 2051 quam
1434 2017 1569 2050 sacrilegi,
1592 2015 1713 2050 amplius

919 2071 1002 2098 quam
1031 2062 1107 2090 fures
1124 2063 1286 2098 puniuntur.
1299 2063 1369 2090 'ltcm
1392 2064 1440 2098 qui
1463 2062 1606 2097 peregrina
1631 2068 1712 2089 saera

920 2108 1082 2140 sutl'uratur.
1104 2109 1241 2144 sacrilegii
1260 2109 1369 2136 crimini
1397 2108 1533 2136 obnoxius
1557 2111 1608 2134 est.
1623 2106 1711 2134 Caete-

920 2163 984 2182 rum
999 2155 1022 2182 si
1040 2155 1063 2182 is
1079 2155 1124 2182 cui
1142 2162 1284 2182 sacrorum
1301 2155 1424 2182 custodia
1437 2153 1592 2181 concredita
1609 2156 1661 2184 est,
1676 2159 1710 2179 ex

63 2199 124 2232 γὰρ
139 2197 194 2233 τὴν
210 2196 301 2224 αὐτῶν
316 2196 439 2231 φυλακὴν
455 2195 685 2230 πεπιστευμένος,
703 2194 754 2221 κᾶν
768 2195 868 2230 ὑφέλη-

921 2200 973 2227 illis
1001 2200 1103 2234 aliquid
1120 2200 1310 2235 subripuerit,
1340 2200 1391 2235 legi
1420 2199 1556 2226 obnoxius
1584 2205 1637 2225 non
1659 2203 1712 2225 est.

60 2243 110 2270 ται
127 2251 157 2270 τι.
172 2243 204 2276 ἐξ
219 2241 319 2273 αὐτῶν,
337 2241 387 2276 οὐχ
400 2241 542 2268 ὑπόκειται
555 2240 643 2275 τούτῳ
654 2239 695 2274 τῷ
710 2240 798 2274 νόμῳ·
814 2240 867 2273 δίγ.

61 2287 381 2324 ιβ’,νόεττορτατεύεταιό
393 2287 520 2323 ἐμϐαλὼν
534 2286 678 2322 ἄνθρωπον
695 2286 725 2311 ὲν
740 2286 871 2320 κιϐωτίῳ,

59 2336 113 2361 καὶ
142 2333 350 2369 παρενθέμενος
379 2333 463 2360 αὑτὸν
473 2334 502 2360 ἑν
517 2332 585 2368 ναῷ,
602 2332 650 2359 ἐὰν
667 2332 773 2363 ἐκεῖνος
790 2331 870 2364 ἐξιὼν

58 2381 114 2416 τῆς
129 2379 267 2413 κιϐωτοῦ,
289 2379 375 2415 κλέψῃ
386 2379 449 2406 τινὰ
459 2379 507 2406 τοῦ
523 2378 597 2414 ἱεροῦ
607 2386 615 2393 ·
636 2377 690 2413 δίγ.
706 2377 758 2410 ις’,
778 2377 870 2413 eam;

58 2426 230 2462 ἱεροσυλίας
245 2427 292 2452 καὶ
305 2426 376 2453 κατὰ
395 2425 571 2460 κληρονόμων
593 2424 718 2460 ἁρμόζει·
734 2424 800 2459 περὶ
816 2423 871 2458 γὰρ

56 2473 225 2508 χρημάτων
237 2470 439 2507 ὑφαιρεθέντων
452 2470 525 2497 ἔστιν
540 2469 616 2505 αὺτῷ
628 2470 646 2505 ἠ
667 2469 793 2505 ζήτησις.

137 2517 283 2545 Συνόδον
298 2515 509 2551 οίκουμενικῆς
522 2515 613 2549 ἕκτης
624 2516 726 2542 κανὼν
745 2513 799 2549 ξη’.

95 2563 157 2600 ξη¹,
176 2564 248 2599 Περὶ
263 2563 310 2589 τοῦ
331 2562 370 2598 μὴ
386 2561 484 2595 ὲξεϊναί
500 2570 554 2587 τινι
567 2561 621 2588 τῶν
633 2561 752 2593 πάντων,
769 2559 871 2595 βιϐλίον

50 2611 111 2646 τῆς
131 2608 266 2639 Παλαιᾶς
278 2606 437 2641 καὶΚαινῆς
451 2606 590 2641 Διαθήκης
606 2605 661 2632 τῶν
675 2613 704 2631 τε
721 2605 809 2639 ἁγίων
824 2604 871 2631 καὶ

50 2655 212 2690 ἐκκρίτων
229 2653 308 2689 ἡμῶν
323 2652 453 2688 κηρύκων
462 2652 508 2678 καὶ
517 2651 684 2678 διδασκάλων
700 2650 872 2686 διαφθείρειν

50 2703 68 2738 ῆ
88 2700 301 2735 κατατέμνειν,
315 2699 333 2735 ἢ
351 2700 407 2730 τοῖς
418 2697 662 2733 ςβιϐλιοκαπήλοις,
679 2697 695 2732 ἢ
712 2699 768 2729 τοῖς
789 2697 870 2730 λεγο-

52 2748 164 2782 μένοις
197 2745 340 2782 μυρεψοῖς,
360 2745 376 2781 ἢ
404 2744 476 2780 ἄλλῳ
504 2744 558 2770 τινὶ
577 2743 631 2770 τῶν
655 2743 782 2769 ἁπάντων
799 2742 870 2776 πρὸς

51 2793 233 2828 ἁψανισμδν
257 2792 401 2824 ἐκδιδόναι,
417 2792 441 2817 εί
462 2791 499 2826 μή
518 2799 544 2816 τι
558 2790 612 2825 ἄρα
625 2789 726 2822 τέλεον,
742 2789 797 2816 εἴτε
814 2787 870 2816 ὑπὸ

52 2839 174 2874 «τιτῶν,
199 2839 218 2874 ἢ
231 2839 339 2871 ὓδατος,
349 2838 368 2874 ἢ
383 2838 468 2872 ἑτέρῳ
483 2837 576 2873 τρόπῳ
586 2836 733 2871 ἀχρειωθῇ.
758 2836 786 2862 Ὁ
800 2835 833 2863 δὲ
843 2843 869 2861 τι

921 2245 1023 2280 Digest.
1053 2246 1096 2273 12.
1123 2245 1288 2280 Deportatur
1303 2247 1350 2281 qui
1378 2246 1520 2284 hominem‘
1541 2245 1568 2272 iu
1589 2244 1711 2272 arculam

921 2291 1044 2323 includit.
1063 2299 1179 2327 eamque
1202 2292 1229 2319 in
1246 2293 1347 2327 templo
1373 2292 1494 2327 deponit,
1512 2292 1534 2318 si
1553 2291 1598 2318 ille
1615 2290 1650 2318 de
1665 2290 1714 2318 illa

920 2337 1014 2365 exiens
1029 2338 1160 2365 nonnulla
1180 2338 1213 2365 de
1233 2338 1333 2372 templo
1353 2337 1513 2366 sulI‘uretur.
1541 2336 1639 2371 Digest.
1666 2335 1713 2365 16.

922 2383 1064 2419 Sacrilegii
1076 2383 1214 2419 judicium
1228 2384 1310 2411 etiam
1334 2383 1466 2412 adversus
1483 2384 1616 2411 lmeredem
1633 2391 1711 2410 com-

921 2429 987 2464 petit
1002 2437 1086 2463 ;nam
1105 2429 1138 2457 de
1161 2430 1276 2457 sublatis
1290 2430 1412 2465 pecuniis
1435 2430 1461 2457 in
1479 2438 1512 2457 eo
1530 2434 1572 2456 est
1585 2429 1712 2464 quaestio.

1032 2515 1145 2542 Concilit'
1164 2514 1314 2542 aecumem'cz'
1341 2514 1409 2540 sexti
1438 2521 1524 2540 canon
1547 2512 1591 2540 68.

957 2561 1000 2588 68.
1019 2560 1090 2587 Nulli
1108 2568 1141 2587 ex
1161 2561 1290 2588 omnibus
1305 2560 1385 2587 licere
1406 2559 1512 2586 Veteris
1526 2564 1553 2586 et
1576 2558 1644 2586 Novi
1660 2557 1712 2584 Te—

921 2606 1048 2633 stamenti
1066 2606 1178 2639 librum,
1192 2613 1242 2633 nec
1258 2611 1415 2633 sanctorum
1433 2610 1589 2633 nostrorum
1611 2612 1716 2639 praeco-

922 2661 987 2679 num
1019 2660 1051 2679 ac
1079 2653 1223 2679 doctorum
1252 2659 1427 2686 corrumpere
1454 2651 1495 2679 vel
1521 2651 1715 2681 coast-indere,

922 2699 964 2726 vel
980 2699 1112 2726 librorum
1137 2698 1381 2732 cauponatoribus.
1401 2697 1443 2725 vel
1463 2698 1496 2724 iis
1513 2697 1558 2731 qui
1582 2697 1713 2723 dicuntur

923 2745 1108 2780 unguentarii.
1130 2745 1210 2771 alicui
1228 2744 1274 2771 alii
1291 2752 1323 2771 ex
1339 2744 1466 2771 omnibus
1489 2744 1520 2770 ad
1537 2750 1599 2769 eum
1616 2742 1710 2767 deleu-

922 2790 985 2816 dum
1003 2790 1109 2816 tradere
1125 2799 1131 2816 :
1147 2789 1198 2816 nisi
1216 2790 1310 2824 utique
1322 2789 1364 2816 vel
1379 2797 1394 2816 a
1412 2790 1502 2820 tineis,
1517 2788 1559 2815 vel
1573 2788 1606 2813 ab
1627 2794 1708 2821 aqua.

915 2827 962 2862 ’νει
980 2835 1014 2861 ab
1045 2834 1138 2869 aliquo
1168 2833 1249 2861 modo
1269 2834 1392 2862 redditus
1427 2833 1510 2861 fuerit
1525 2832 1640 2859 inutilis.
1658 2831 1716 2863 Qui.
