1959 3061
225 153 280 184 583

803 155 932 185 PHOTII
952 155 1204 188 PATRIARCHHE
1223 158 1278 187 ΟΡ.

1801 154 1857 186 584

225 204 315 226 autem
328 198 380 225 tale
392 197 456 232 quid
470 197 558 225 facere
572 198 699 234 deinceps
714 198 899 234 deprehensus
917 199 1008 232 fuerit,

1081 202 1164 228 auri-ro
1179 203 1266 228 ποιεῖν
1275 200 1329 230 ἀπὸ
1342 199 1392 227 τοῦ
1405 200 1452 227 νῦν
1465 199 1653 235 ἁλισκόμενος,
1667 199 1714 225 ἐπὶ
1731 199 1858 226 ἐνιαυτὸν

179 282 184 288 .
224 251 297 270 anno
317 251 372 269 uno
387 248 550 278 segregetur.
567 244 700 272 Similiter
718 249 745 272 et
760 245 807 279 qui
829 245 914 272 liliros
931 244 1011 281 124

224 289 246 315 si
265 296 313 315 eos
337 288 445 322 quidem
466 289 523 323 ipse
540 296 594 316 non
620 289 653 316 ad
673 297 751 317 suam
773 290 918 317 utilitatem
945 292 1011 318 reti-

225 339 296 365 neat.
313 342 362 361 nec
373 334 458 361 altera
475 335 508 361 ad
531 335 590 368 ejus
617 335 778 363 beneticium
807 340 834 364 et
858 341 889 364 ut
916 336 934 363 ii
949 344 1011 371 per-

226 385 355 408 maneant
366 380 422 414 dat,
437 385 605 415 segregetur.

261 463 338 492 CAP.
356 464 401 491 HI.
416 479 450 484 —
467 464 504 492 De
525 465 628 492 clerici:
651 466 696 500 qui
708 466 825 493 ultimm
847 466 961 506 faciunt,
987 472 1013 494 et

226 515 322 544 praeter
330 511 487 537 sententiam
499 510 614 545 episcopi
630 511 729 538 altaria
742 516 875 538 statuunt.

447 599 633 633 Apostolorum
647 607 731 626 canon
747 600 792 628 51.

262 645 294 672 51
312 643 381 680 [50].
407 644 436 671 Si
462 644 525 678 quis
540 645 694 679 presbyter.
719 649 876 680 contempto
902 646 1014 681 proprio

227 690 366 724 episcopo,
383 697 507 717 seorsum
531 690 773 725 congregationem
797 690 902 723 fecerit,
929 696 956 718 et
972 692 1013 718 al-

229 739 318 761 terum
338 734 426 760 altare
451 733 549 766 fixerit,
564 734 693 768 episcopo
716 742 766 761 suo
789 735 816 761 in
838 735 968 769 religione
982 744 1015 763 ac

227 779 333 814 justitia
350 779 424 806 nulla
443 779 469 806 in
487 787 517 805 re
533 787 548 806 a
561 787 589 806 se
603 780 795 813 condemnato,
810 780 973 816 deponatur,
986 786 1015 808 ut

230 824 375 858 imperium
400 823 538 851 obtinendi
563 825 696 858 cupidus:
713 830 756 852 est
769 825 841 852 enim
869 830 1012 861 tyrannus.

231 870 364 896 Similiter
377 874 404 897 et
419 870 516 905 reliqui
534 870 638 902 clerici,
664 876 691 897 et
704 876 838 906 quotquot
853 872 878 899 ei
897 880 1021 900 accesse-

231 920 305 942 runt.
324 915 398 942 Laici
421 920 512 942 autem
532 922 720 952 segregentur,
737 925 825 952 eaque
848 923 910 953 post
936 926 1019 946 unam

230 961 399 996 alteramque
417 969 449 989 ac
467 963 573 989 tertiam
589 963 804 991 admonitionem
818 965 894 992 fiant.

407 1006 519 1035 Concilit’
536 1007 694 1036 Antiacltem'
709 1018 794 1037 canon
810 1010 837 1037 5.

270 1054 297 1081 5.
320 1053 349 1080 Si
372 1055 435 1088 quis
457 1054 513 1089 (55)
533 1054 677 1090 presbyter
696 1056 736 1083 vel
752 1057 884 1084 diaconus
910 1057 1021 1092 proprio

232 1104 389 1134 contempto
403 1100 542 1134 episeopo,
560 1101 595 1127 ab
615 1100 736 1129 Ecclesia
752 1103 873 1137 seipsum
895 1111 1022 1138 segrega-

233 1146 312 1176 verit,
328 1149 354 1171 et
363 1146 488 1179 privatim
497 1147 736 1181 congregationem
750 1147 880 1181 eii'eeeril,
895 1153 922 1175 et
937 1149 1022 1177 altare

232 1190 362 1223 erexerit,
384 1195 411 1216 el
424 1190 553 1225 episcopo
566 1196 724 1219 accersente
739 1199 794 1219 non
809 1192 952 1225 oliedierit,
974 1199 1023 1219 nec

233 1236 300 1263 velit
327 1236 351 1262 ei
380 1243 487 1270 parere,
503 1243 553 1263 nec
581 1244 686 1264 morem
707 1245 802 1272 gerere
824 1238 914 1273 primo
930 1243 957 1265 et
976 1246 1022 1266 se-

234 1280 326 1308 cundo
343 1281 462 1312 vocanti,
479 1281 503 1308 is
523 1282 636 1308 omnino
663 1282 828 1316 deponatur,
842 1287 870 1309 et
893 1290 947 1309 non
964 1290 1023 1309 am-

235 1327 305 1361 plius
315 1326 485 1353 curationem
498 1327 618 1362 assequi,
633 1335 683 1354 nec
697 1335 777 1354 suum
790 1328 878 1362 possit
893 1329 1022 1355 honorem

235 1380 342 1407 capere.
361 1372 409 1399 Sin
428 1377 518 1399 autem
538 1377 697 1407 perseverat
713 1374 873 1407 perturbare
887 1378 914 1400 et
931 1372 1024 1400 Eccle-

235 1420 305 1447 siam
321 1423 455 1451 evertere,
473 1420 496 1447 is
509 1427 557 1454 per
572 1423 716 1446 externam
733 1419 884 1455 potentiam
902 1423 933 1446 ut
949 1418 1022 1446 sedi-

236 1467 323 1494 tiosus
340 1466 499 1500 castigatur.

369 1555 481 1583 εωιείίῆ
499 1554 713 1589 Cartlmginensis
741 1561 827 1580 canon
846 1553 888 1580 10.

272 1601 311 1627 De
335 1600 503 1636 presbyteris,
522 1599 567 1633 qui
592 1607 608 1625 a
624 1599 738 1633 propriis
764 1598 939 1632 corripientur
956 1596 1026 1631 epis‘

237 1648 319 1680 copis.

273 1693 318 1720 10.
332 1692 444 1727 Alypius
458 1692 602 1726 episcopus
612 1691 646 1723 ",
672 1690 777 1725 legatus
797 1689 944 1724 provincia:
967 1688 1028 1715 Nu-

239 1739 341 1771 midiae,
355 1738 424 1765 dixit
441 1745 448 1764 :
465 1737 520 1764 Nec
536 1737 602 1764 illud
619 1736 675 1771 (56)
697 1735 958 1770 praetermittendum
974 1738 1026 1767 est,

238 1788 270 1811 ut
289 1784 312 1811 si
327 1783 391 1817 quis
405 1782 475 1809 forte
492 1782 570 1817 125
594 1782 734 1816 presbyter
764 1781 798 1808 ab
824 1780 952 1815 episcopo
974 1787 1026 1807 suo

239 1832 390 1863 correptus,
407 1832 515 1854 tumore
533 1827 574 1854 vel
600 1827 727 1861 superbia
755 1825 866 1853 inflatus
891 1826 1026 1860 putaverit

239 1873 385 1909 separatim
411 1872 544 1900 sacriﬁcia
569 1871 623 1899 Deo
644 1870 792 1903 offerenda,
811 1871 854 1898 vel
872 1871 944 1898 aliud
971 1871 1025 1898 eri-

240 1919 356 1954 gendum
373 1919 458 1945 altare
470 1921 566 1945 contra
592 1917 806 1945 ecclesiasticam
834 1917 913 1944 fidem
942 1916 1026 1944 disci-

239 1964 397 2000 plinamque
409 1964 565 1996 crediderit,
579 1971 632 1990 non
645 1968 724 1990 exeat
747 1963 910 1997 impunitus.
928 1962 1026 1990 Valen-

240 2009 316 2036 tinus
332 2009 425 2043 primaa
444 2009 518 2036 sedis
535 2007 683 2043 provinciae
703 2006 848 2040 Numidiae,
865 2007 933 2034 dixit
949 2016 955 2033 ε
972 2006 1027 2034 Ne-

240 2055 362 2082 cessario
377 2054 529 2089 disciplinae
544 2053 740 2081 ecclesiasticae
765 2057 792 2080 et
817 2052 878 2080 ﬁdei
905 2061 1027 2088 congrua

1065 246 1249 281 ἀφοριζέσθω’
1274 245 1374 280 ὁμοίως
1402 245 1450 271 καὶ
1475 245 1489 270 ὁ
1513 244 1562 276 τὰς
1589 243 1718 275 τοιαύτας
1747 244 1858 279 βίὸλους

1064 291 1133 318 ὡνού
1137 300 1227 326 μενος,
1238 291 1262 317 εἰ
1275 291 1344 326 μήτε
1354 290 1436 319 αὐτὸς
1445 290 1543 321 ταύτας
1555 289 1666 324 κατέχει
1675 289 1743 323 πρὸς
1752 289 1859 315 οἰκείαν

1065 336 1225 370 ἀσφάλειαν,
1246 337 1315 372 μήτε
1330 336 1416 371 ἑτέρῳ
1431 335 1500 370 πρὸς
1513 334 1674 370 εὐεργεσίαν
1694 335 1742 361 καὶ
1755 334 1784 360 τὸ
1797 335 1859 361 δια-

1067 382 1156 416 μεῖναι
1164 381 1311 414 ἀποδῶται,
1321 380 1389 408 ἀλλὰ
1400 380 1485 407 ταῦτα
1496 379 1663 415 διαφθείρειν
1676 380 1857 415 ὲπιχειρήσοι,

1065 426 1246 461 ἁφοριζέσθω.

1101 473 1227 500 ΚΕΦΑΛ.
1237 473 1256 499 Γ
1257 476 1312 500 '.—
1324 471 1394 506 Περὶ
1407 470 1561 506 κληρικῶν
1571 469 1796 504 ἀποσχιζόντων
1807 468 1859 496 καί

1066 517 1146 553 παρὰ
1155 518 1278 553 γνώμην
1288 518 1342 546 τοῦ
1353 518 1522 545 ἐπισκόπου
1533 516 1685 544 ἱστώντων
1695 514 1859 548 θυσιαστή-

1062 570 1125 595 pta.

1278 605 1473 632 Ἀποστόλων
1485 603 1586 631 κανὼν
1601 603 1646 630 λά.

1104 649 1155 677 λα’.
1177 651 1211 678 Et
1225 659 1267 682 τις
1282 649 1467 685 πρεσϐύτερος
1496 649 1705 685 καταφρονήσας
1725 647 1772 674 τοῦ
1791 647 1858 674 ῑδίου

1067 697 1217 724 ἐπισκόπου
1226 695 1325 731 ,χωρὶς
1336 695 1490 730 συναγάγῃ,
1499 694 1547 721 καὶ
1561 694 1752 728 θυσιαστήριον
1764 693 1859 729 ἕτερον

1068 743 1160 778 πήξει,
1174 742 1257 777 μηδὲν
1271 741 1452 776 κατεγνωκὼς
1467 741 1512 767 τοῦ
1528 740 1678 766 ἐπισκόπου
1691 740 1720 766 ὲν
1731 739 1860 775 εὐσεϐείᾳ

1069 789 1116 816 καὶ
1125 787 1294 822 δικαιοσύνῃ,
1304 786 1489 822 καθαιρείσθω
1515 786 1553 816 ὡς
1568 785 1698 819 φίλαρχος
1708 793 1715 800 ·
1727 784 1860 820 τύραννος

1068 832 1122 866 γάρ
1135 829 1192 857 ἐστι
1202 839 1208 845 ”
1222 830 1353 862 ὡσαύτως
1365 831 1393 857 δὲ
1411 830 1500 857 λαῖκοὶ
1513 829 1753 864 ἁφοριζέσθωσανι·
1771 829 1860 856 ταῦτα

1035 877 1058 906 Β
1072 878 1100 903 δὲ
1125 876 1194 912 μετὰ
1218 876 1282 912 μίαν
1301 877 1348 903 καὶ
1366 877 1496 911 δευτέραν
1511 875 1560 903 καὶ
1574 875 1669 911 τρίτην
1685 875 1861 911 παράκλησιν

1069 919 1116 947 τοῦ
1127 921 1278 947 ἐπισκόπου
1293 920 1422 955 γινέσθω.

1219 1009 1355 1036 Συνόδου
1377 1009 1553 1044 Ἀντιοχείας
1568 1008 1668 1037 κανὼν
1681 1011 1712 1036 ε’.

1108 1058 1140 1082 ε’.
1158 1054 1192 1081 El
1207 1063 1250 1087 τις
1266 1055 1450 1091 πρεσϐύτερος
1469 1056 1485 1091 ἢ
1501 1056 1635 1089 διάκονος,
1651 1055 1862 1090 καταφρονήσας

1071 1100 1117 1126 τοῦ
1143 1100 1209 1127 ἰδίου
1226 1101 1386 1134 ἑπισκόπου,
1403 1100 1542 1136 ἀφώρισεν
1561 1101 1657 1128 ἑαυτὸν
1675 1100 1725 1135 τῆς
1745 1100 1860 1135 Ἐκκλη-

1072 1146 1143 1178 σίας,
1167 1146 1214 1173 καὶ
1235 1146 1287 1181 ἰδίᾳ
1307 1147 1454 1181 συνήγαγε,
1469 1147 1517 1174 καὶ
1536 1147 1728 1182 θυσιαστήριον
1750 1146 1861 1181 ἔστησε,

1072 1191 1120 1218 καὶ
1156 1191 1203 1217 τοῦ
1239 1191 1390 1218 ἐπισκόπου
1425 1192 1682 1227 προσκαλεσαμένου
1714 1191 1860 1226 ἀπειθοίη,

1072 1237 1120 1263 καὶ
1157 1237 1194 1271 μὴ
1238 1236 1359 1272 βούλοιτο
1397 1237 1472 1273 αὐτῷ
1509 1237 1677 1271 πείθεσθαι,
1713 1237 1780 1273 μηδὲ
1809 1238 1863 1264 ὑπ»

1072 1281 1192 1314 ακούειν,
1209 1282 1257 1308 καὶ
1277 1283 1385 1318 πρῶτον
1409 1282 1537 1309 καλοῦντι
1553 1283 1600 1310 καὶ
1619 1283 1754 1318 δεύτερον,
1768 1283 1863 1310 τοῦτον

1073 1327 1261 1362 καθαιρεῖσθαι
1278 1329 1428 1361 παντελῶς,
1446 1330 1493 1356 καΊ.
1514 1330 1613 1365 μηκέτι
1634 1329 1782 1364 θεραπείας
1795 1336 1863 1362 τυγ-

1073 1373 1176 1408 χάνειν,
1193 1374 1261 1409 μηδὲ
1278 1374 1408 1401 δύνασθαι
1429 1375 1580 1408 λαμϐάνειν
1592 1376 1641 1411 τὴν
1658 1374 1756 1402 ἑαυτυῦ
1767 1375 1862 1410 τιμήν.

1074 1422 1105 1448 El
1115 1421 1141 1448 δὲ
1155 1421 1309 1456 παραμένοι
1322 1421 1443 1457 θορυϐῶν
1459 1422 1506 1449 καὶ
1520 1421 1679 1449 ἀναστατῶν
1687 1422 1736 1457 τὴν
1748 1421 1865 1455 Ἐκκλη-

1075 1467 1135 1493 σίαν
1156 1467 1200 1493 διὰ
1221 1467 1270 1503 τῆς
1297 1467 1397 1501 ἔξωθεν
1419 1468 1556 1502 ἐξουσίας,
1578 1468 1616 1500 ὡς
1633 1467 1767 1504 στασιώδη
1782 1467 1867 1494 αὑτὸν

1074 1511 1309 1547 ἀποστρέφεσθαι.

1214 1557 1349 1585 Συνόδου
1364 1559 1574 1594 Κῳθαγέννης
1589 1559 1689 1586 κανὼν
1698 1558 1723 1587 ι’.

1115 1603 1184 1637 Περὶ
1202 1604 1411 1638 πρεσϐυτέρων
1424 1604 1484 1632 τῶν
1497 1605 1557 1632 ἀπὸ
1569 1605 1630 1632 τῶν
1642 1605 1760 1632 οίκείων
1774 1613 1869 1632 κατα-

1080 1649 1308 1684 τινωσκομένων
1321 1650 1505 1679 ἐπισκόπων.

1115 1695 1141 1722 ι’.
1151 1695 1275 1728 ’Ᾱλύπιος
1284 1696 1432 1729 ἐπίσκοπος
1441 1698 1629 1734 τοποτηρητὴς
1635 1698 1685 1734 τῆς
1692 1698 1748 1727 Non
1752 1698 1871 1734 μηδικῆς

1079 1740 1170 1777 χώρας
1194 1738 1271 1767 εἶπεν
1284 1748 1292 1757 '
1311 1741 1349 1767 Οὐ
1361 1741 1383 1767 δ’
1393 1742 1481 1768 ὲκεῖνο
1492 1742 1533 1768 δεῖ
1545 1743 1694 1776 παρεᾶσαι,
1704 1742 1748 1768 ἵνα
1765 1741 1813 1768 ὲὰν
1825 1749 1870 1772 τις

1078 1787 1159 1822 τυχδν
1177 1787 1364 1822 πρεσϐύτερος
1380 1789 1434 1815 ἀπὸ
1461 1789 1508 1815 τοῦ
1523 1789 1588 1816 ίὸίου
1608 1788 1759 1815 ἐπισκόπου
1782 1796 1870 1815 κατα-

1078 1833 1227 1867 γνωσθεὶς,
1246 1834 1387 1869 φυσιότητί
1410 1844 1462 1861 τινι
1474 1835 1522 1861 καὶ
1533 1835 1707 1871 ὑπερηφανίᾳ
1720 1834 1851 1870 ἐπαρθεὶς
1859 1854 1869 1866 ,

1077 1878 1216 1912 ήγήσηται
1229 1878 1346 1912 ὀφείλειν
1361 1880 1572 1914 κεχωρισμένως
1585 1880 1652 1914 ἅγια
1664 1880 1704 1915 τῷ
1711 1879 1771 1910 Θεῷ
1781 1887 1868 1913 προσ-

1078 1922 1216 1958 φέρειν,ῆ
1235 1923 1300 1951 ἄλλο
1320 1925 1451 1960 ἀνορθοῦν
1469 1925 1662 1962 θυσιαστήριον
1676 1925 1781 1960 οἰηθείη
1795 1924 1870 1952 κατὰ

1077 1968 1128 2003 τῆς
1153 1969 1383 2005 ἐκκλησιαστικῆς
1409 1971 1526 2002 πίστεως
1551 1973 1599 1999 καὶ
1621 1971 1827 2003 καταστάσεως,
1853 1971 1870 1997 ό

1075 2014 1194 2046 τοιοῦτος
1208 2016 1382 2052 ἀτιμώρητος
1396 2018 1434 2054 μὴ
1448 2018 1555 2053 ἐξέλθῃ.

241 2105 318 2133 sunt,
334 2108 395 2135 quae
408 2100 492 2128 frater
511 2106 603 2128 noster
622 2099 737 2135 Alypius
762 2099 845 2135 [Μεδ.
860 2099 944 2127 frater
965 2099 1089 2136 Alypius]
1102 2106 1263 2136 prosecutus
1291 2107 1354 2132 est.
1388 2103 1501 2139 proinde
1520 2103 1585 2139 quid
1619 2103 1743 2131 videatur
1770 2102 1869 2131 ves"?-

241 2148 391 2180 dilectioni,
404 2148 502 2175 edicile
515 2147 594 2183 [Μδε.
610 2147 713 2183 dicite].

378 2202 492 2229 Concilii
505 2203 660 2229 mcumenici
674 2202 741 2229 sexti
758 2211 842 2230 canon
857 2202 902 2231 51.

275 2248 453 2281 5|.Clericos,
463 2248 510 2283 qui
522 2248 548 2275 in
561 2249 692 2276 oratoriis
703 2249 738 2279 ".
753 2257 813 2284 quae
825 2249 972 2284 suntiintra
980 2249 1029 2277 do—

243 2302 314 2327 mos,
330 2302 408 2322 sacra
425 2296 537 2327 faciunt,
552 2295 593 2322 vel
617 2296 775 2331 baptizant,
797 2296 849 2323 hoc
874 2296 948 2325 illius
977 2297 1029 2324 loci

243 2341 362 2376 episcopi
374 2342 507 2368 sententia
522 2341 612 2370 facere
630 2342 729 2369 debere
739 2342 924 2370 decernimus.
940 2342 1031 2376 Quare

244 2385 267 2412 si
282 2385 345 2420 quis
357 2385 475 2413 clericus
490 2386 542 2414 hoc
555 2394 609 2414 non
623 2387 664 2414 sic
677 2387 836 2420 servaverit,
850 2387 1013 2422 deponatur,

242 2485 345 2525 εμποᾷὶ
368 2488 598 2520 Constantinopoli
626 2491 653 2517 in
667 2490 762 2524 templo
774 2490 824 2518 SS.
840 2490 1027 2525 Apostolorum

279 2523 386 2559 habitae,
395 2532 453 2559 qum
467 2526 585 2558 primaet
596 2526 711 2553 secunda
719 2523 902 2559 ’nuncupatur,
915 2534 1027 2553 canones

280 2558 381 2590 12,15,
400 2559 503 2591 14,15.

285 2604 327 2630 t2.
348 2604 417 2631 Cum
436 2609 541 2638 sancta,
555 2610 583 2632 et
602 2604 763 2632 universalis
777 2610 873 2633 sancta
895 2606 1028 2641 synodus,

278 2684 302 2700 “
316 2684 444 2719 Carthag.
460 2692 491 2717 ιι,
507 2692 569 2719 cap.
586 2684 614 2712 8.
652 2686 676 2701 ’⁸
693 2684 806 2712 Laudie.
819 2692 880 2712 can.
896 2685 941 2712 58.

1148 2204 1283 2232 Συνιόὸου
1296 2205 1504 2240 οὶκουμενικῆς
1515 2205 1605 2239 ἕκτης
1624 2205 1726 2233 κανὼν
1743 2204 1795 2232 λα’.

1113 2250 1162 2278 λα’.
1186 2251 1255 2283 Τοὺς
1274 2252 1304 2278 έν
1324 2253 1381 2284 τοῖς
1395 2253 1552 2287 εὐκτηρίοις
1572 2251 1658 2283 οίκοις
1685 2251 1759 2278 ἔνδον
1778 2251 1870 2282 οίκίας

1077 2297 1240 2332 τυγχάνουσι
1272 2297 1498 2333 λειτουργοῦντας
1519 2298 1667 2332 κληρικοὺς
1689 2297 1742 2324 ὑπὸ
1755 2298 1871 2332 γνώμην

1077 2344 1157 2370 τοῦτο
1175 2344 1305 2379 πράττειν
1315 2344 1362 2371 τοῦ
1377 2344 1448 2371 κατὰ
1464 2344 1510 2371 τδν
1522 2345 1604 2371 τόπον
1618 2344 1768 2371 ἐπισκόπου
1778 2344 1872 2379 ὁρίζο-

1080 2398 1146 2424 μεν·
1165 2389 1235 2416 ὦστε
1257 2391 1284 2417 ετ
1294 2399 1335 2423 τις
1349 2390 1480 2426 κληρικδς
1498 2390 1536 2426 μὴ
1549 2389 1626 2417 τοῦτο
1640 2389 1726 2421 οὕτως
1739 2389 1870 2424 φυλάξοι,

1079 2434 1273 2472 καθαιρείσθω.

1080 2492 1215 2518 Συνόδου
1228 2492 1259 2533 αἱ
1273 2493 1326 2533 καὶ.
1339 2493 1369 2525 β’
1386 2494 1643 2533 ςυτκροτῃθείᾳνης
1656 2492 1691 2519 ἐν
1700 2494 1872 2533 ’Κωνσζᾳν-

1115 2528 1287 2563 “repudiat
1314 2528 1349 2563 ἐν
1369 2528 1409 2561 τῷ
1423 2528 1485 2561 ναῷ
1499 2528 1558 2555 τῶν
1577 2529 1669 2563 ἁγίων
1690 2528 1873 2554 ἀποστόλων

1115 2562 1215 2588 κανὼν
1228 2563 1272 2597 ιβ’,
1290 2562 1335 2597 ιγ’,
1353 2562 1393 2595 ιδ’,
1411 2567 1451 2590 ιε’.

1116 2606 1160 2642 ιβ’.
1169 2608 1224 2643 Τῆς
1240 2609 1320 2642 ἁγίας
1329 2609 1377 2636 καὶ
1385 2609 1574 2645 οἰκουμενικῆς
1584 2609 1668 2644 ἕκτης
1681 2608 1800 2640 συνόδου,
1809 2609 1874 2640 τοὺς

993 2740 1109 2768 NOTAE.

279 2806 335 2867 S35)
356 2805 423 2833 Vide
437 2806 570 2833 actionem
589 2814 652 2833 mox
676 2807 786 2834 citatam
805 2806 921 2834 Concilii
943 2807 1024 2834 Chal-

279 2842 404 2867 totiensis
419 2841 464 2867 ubi
480 2849 512 2867 ex
531 2849 708 2867 numerorum
727 2843 798 2867 serie
814 2842 913 2867 dicitur
930 2843 977 2867 84.
1000 2847 1024 2867 et

244 2841 404 2869 eedunensis
419 2841 464 2868 ubi
480 2849 512 2867 ex
531 2849 708 2868 numerorum
727 2843 798 2869 serie
814 2842 913 2868 dicitur
930 2843 977 2873 84.
1000 2847 1027 2869 et

244 2875 332 2912 Vigilii
355 2877 436 2912 epist.
463 2878 496 2904 ad
524 2876 666 2905 Rusticum
704 2881 731 2904 ct
753 2877 944 2905 Sebastianum
971 2878 1028 2905 dia-

1080 2817 1177 2879 €035;
1186 2844 1340 2873 Ferrandus
1365 2852 1426 2880 cap.
1439 2845 1501 2878 401,
1519 2853 1551 2872 ex
1567 2851 1644 2873 conc.
1660 2845 1756 2873 (λιιι-ιιι.
1783 2845 1824 2872 tit.
1839 2844 1869 2874 7.
