  <div class='ocr_page' id='page_1' title='image "/cluster/home/n/w/nwhite01/storage/ocr_20150623/104/njp.32101077772885/300.png"; bbox 0 0 1959 3061; ppageno 0'>
   <div class='ocr_carea' id='block_1_1' title="bbox 133 141 187 173">
    <p class='ocr_par' dir='ltr' id='par_1_1' title="bbox 133 141 187 173">
     <span class='ocr_line' id='line_1_1' title="bbox 133 141 187 173; baseline 0 0"><span class='ocrx_word' id='word_1_1' title='bbox 133 141 187 173; x_wconf 80' lang='grc'><strong>585</strong></span> 
     </span>
    </p>
   </div>
   <div class='ocr_carea' id='block_1_2' title="bbox 560 140 1352 178">
    <p class='ocr_par' dir='ltr' id='par_1_2' title="bbox 560 140 1352 178">
     <span class='ocr_line' id='line_1_2' title="bbox 560 140 1352 178; baseline 0.008 -8"><span class='ocrx_word' id='word_1_2' title='bbox 560 140 760 172; x_wconf 78' lang='lat' dir='ltr'><strong>SYNTAGMA</strong></span> <span class='ocrx_word' id='word_1_3' title='bbox 780 142 975 174; x_wconf 78' lang='lat' dir='ltr'><strong>CANONUM.</strong></span> <span class='ocrx_word' id='word_1_4' title='bbox 991 156 1026 163; x_wconf 82' lang='lat'><strong>-—</strong></span> <span class='ocrx_word' id='word_1_5' title='bbox 1038 143 1114 175; x_wconf 81' lang='lat' dir='ltr'><strong>TlT.</strong></span> <span class='ocrx_word' id='word_1_6' title='bbox 1135 145 1178 175; x_wconf 86' lang='grc' dir='ltr'><strong>ῐῐ.</strong></span> <span class='ocrx_word' id='word_1_7' title='bbox 1199 146 1280 178; x_wconf 82' lang='lat' dir='ltr'><strong>CAP.</strong></span> <span class='ocrx_word' id='word_1_8' title='bbox 1295 147 1352 177; x_wconf 90' lang='lat' dir='ltr'>III.</span> 
     </span>
    </p>
   </div>
   <div class='ocr_carea' id='block_1_3' title="bbox 1708 153 1761 186">
    <p class='ocr_par' dir='ltr' id='par_1_3' title="bbox 1708 153 1761 186">
     <span class='ocr_line' id='line_1_3' title="bbox 1708 153 1761 186; baseline 0.019 -1"><span class='ocrx_word' id='word_1_9' title='bbox 1708 153 1761 186; x_wconf 60' lang='grc'><strong>586</strong></span> 
     </span>
    </p>
   </div>
   <div class='ocr_carea' id='block_1_4' title="bbox 130 195 924 245">
    <p class='ocr_par' dir='ltr' id='par_1_4' title="bbox 130 195 924 234">
     <span class='ocr_line' id='line_1_4' title="bbox 130 195 924 234; baseline 0.005 -12"><span class='ocrx_word' id='word_1_10' title='bbox 130 197 160 222; x_wconf 85' lang='grc' dir='ltr'>ὲν</span> <span class='ocrx_word' id='word_1_11' title='bbox 175 197 232 228; x_wconf 83' lang='grc' dir='ltr'>τοῖς</span> <span class='ocrx_word' id='word_1_12' title='bbox 243 195 399 232; x_wconf 82' lang='grc' dir='ltr'>εὐκτηρίοις</span> <span class='ocrx_word' id='word_1_13' title='bbox 411 196 496 228; x_wconf 80' lang='grc' dir='ltr'>οίκοις</span> <span class='ocrx_word' id='word_1_14' title='bbox 507 195 580 223; x_wconf 72' lang='grc' dir='ltr'>ἔνδον</span> <span class='ocrx_word' id='word_1_15' title='bbox 596 197 685 230; x_wconf 87' lang='grc' dir='ltr'>οἰκίας</span> <span class='ocrx_word' id='word_1_16' title='bbox 699 197 924 234; x_wconf 81' lang='grc' dir='ltr'><strong>λειτουργοῦντας</strong></span> 
     </span>
    </p>
   </div>
   <div class='ocr_carea' id='block_1_5' title="bbox 969 195 1762 245">
    <p class='ocr_par' dir='ltr' id='par_1_5' title="bbox 977 200 1762 245">
     <span class='ocr_line' id='line_1_5' title="bbox 977 200 1762 245; baseline 0.013 -18"><span class='ocrx_word' id='word_1_17' title='bbox 977 200 1102 234; x_wconf 70' lang='lat' dir='ltr'><strong>clericos,</strong></span> <span class='ocrx_word' id='word_1_18' title='bbox 1122 202 1169 236; x_wconf 86' lang='lat' dir='ltr'><strong>qui</strong></span> <span class='ocrx_word' id='word_1_19' title='bbox 1192 202 1219 230; x_wconf 94' lang='lat' dir='ltr'><strong>in</strong></span> <span class='ocrx_word' id='word_1_20' title='bbox 1233 203 1372 236; x_wconf 74' lang='lat' dir='ltr'><strong>oratoriis,</strong></span> <span class='ocrx_word' id='word_1_21' title='bbox 1389 210 1450 239; x_wconf 72' lang='lat' dir='ltr'><strong>quae</strong></span> <span class='ocrx_word' id='word_1_22' title='bbox 1467 210 1531 233; x_wconf 89' lang='lat' dir='ltr'><strong>sunt</strong></span> <span class='ocrx_word' id='word_1_23' title='bbox 1553 205 1623 234; x_wconf 84' lang='lat' dir='ltr'><strong>intra</strong></span> <span class='ocrx_word' id='word_1_24' title='bbox 1639 209 1762 245; x_wconf 86' lang='lat' dir='ltr'><strong>domum,</strong></span> 
     </span>
    </p>
   </div>
   <div class='ocr_carea' id='block_1_6' title="bbox 128 242 924 280">
    <p class='ocr_par' dir='ltr' id='par_1_6' title="bbox 128 242 924 280">
     <span class='ocr_line' id='line_1_6' title="bbox 128 242 924 280; baseline 0.006 -12"><span class='ocrx_word' id='word_1_25' title='bbox 128 242 144 277; x_wconf 80' lang='grc' dir='ltr'><strong>ἢ</strong></span> <span class='ocrx_word' id='word_1_26' title='bbox 161 242 344 277; x_wconf 75' lang='grc' dir='ltr'>βαπτίζοντας</span> <span class='ocrx_word' id='word_1_27' title='bbox 358 242 516 278; x_wconf 80' lang='grc' dir='ltr'>κληρικοὺς,</span> <span class='ocrx_word' id='word_1_28' title='bbox 528 243 604 278; x_wconf 78' lang='grc' dir='ltr'>παρὰ</span> <span class='ocrx_word' id='word_1_29' title='bbox 622 243 736 280; x_wconf 88' lang='grc' dir='ltr'><strong>γνώμην</strong></span> <span class='ocrx_word' id='word_1_30' title='bbox 748 245 795 272; x_wconf 83' lang='grc' dir='ltr'><strong>τοῦ</strong></span> <span class='ocrx_word' id='word_1_31' title='bbox 812 246 924 273; x_wconf 69' lang='grc' dir='ltr'>ἐπισκό-</span> 
     </span>
    </p>
   </div>
   <div class='ocr_carea' id='block_1_7' title="bbox 128 288 923 327">
    <p class='ocr_par' dir='ltr' id='par_1_7' title="bbox 128 288 923 327">
     <span class='ocr_line' id='line_1_7' title="bbox 128 288 923 327; baseline 0.009 -14"><span class='ocrx_word' id='word_1_32' title='bbox 128 296 193 321; x_wconf 89' lang='grc' dir='ltr'>που,</span> <span class='ocrx_word' id='word_1_33' title='bbox 207 288 367 323; x_wconf 78' lang='grc' dir='ltr'><strong>καθαιρέσει</strong></span> <span class='ocrx_word' id='word_1_34' title='bbox 387 289 663 325; x_wconf 74' lang='grc' dir='ltr'>καθυποϐαλλούσης.</span> <span class='ocrx_word' id='word_1_35' title='bbox 676 291 724 318; x_wconf 80' lang='grc' dir='ltr'>καὶ</span> <span class='ocrx_word' id='word_1_36' title='bbox 745 292 827 327; x_wconf 80' lang='grc' dir='ltr'>ἡμεῖς</span> <span class='ocrx_word' id='word_1_37' title='bbox 842 292 923 320; x_wconf 84' lang='grc' dir='ltr'>τοῦτο</span> 
     </span>
    </p>
   </div>
   <div class='ocr_carea' id='block_1_8' title="bbox 129 332 923 375">
    <p class='ocr_par' dir='ltr' id='par_1_8' title="bbox 129 332 923 375">
     <span class='ocr_line' id='line_1_8' title="bbox 129 332 923 375; baseline 0.01 -17"><span class='ocrx_word' id='word_1_38' title='bbox 129 332 377 372; x_wconf 78' lang='grc' dir='ltr'>συμῲῃφιζόμεθα·</span> <span class='ocrx_word' id='word_1_39' title='bbox 391 335 442 370; x_wconf 84' lang='grc' dir='ltr'>τῆς</span> <span class='ocrx_word' id='word_1_40' title='bbox 462 335 518 372; x_wconf 87' lang='grc' dir='ltr'><strong>γὰρ</strong></span> <span class='ocrx_word' id='word_1_41' title='bbox 531 337 614 371; x_wconf 79' lang='grc' dir='ltr'>ἁγίας</span> <span class='ocrx_word' id='word_1_42' title='bbox 635 337 797 373; x_wconf 82' lang='grc' dir='ltr'>Ἐκκλησίας</span> <span class='ocrx_word' id='word_1_43' title='bbox 813 339 923 375; x_wconf 81' lang='grc' dir='ltr'>ὀρθοτο-</span> 
     </span>
    </p>
   </div>
   <div class='ocr_carea' id='block_1_9' title="bbox 129 378 922 419">
    <p class='ocr_par' dir='ltr' id='par_1_9' title="bbox 129 378 922 419">
     <span class='ocr_line' id='line_1_9' title="bbox 129 378 922 419; baseline 0.011 -15"><span class='ocrx_word' id='word_1_44' title='bbox 129 378 250 414; x_wconf 84' lang='grc' dir='ltr'>μούσης,</span> <span class='ocrx_word' id='word_1_45' title='bbox 268 380 316 406; x_wconf 83' lang='grc' dir='ltr'>καὶ</span> <span class='ocrx_word' id='word_1_46' title='bbox 330 380 375 407; x_wconf 70' lang='grc' dir='ltr'><strong>τὸν</strong></span> <span class='ocrx_word' id='word_1_47' title='bbox 395 381 485 417; x_wconf 81' lang='grc' dir='ltr'>ἀληθῆ</span> <span class='ocrx_word' id='word_1_48' title='bbox 503 383 710 419; x_wconf 83' lang='grc' dir='ltr'>πρεσϐευούσης</span> <span class='ocrx_word' id='word_1_49' title='bbox 724 384 813 419; x_wconf 82' lang='grc' dir='ltr'>λόγον.</span> <span class='ocrx_word' id='word_1_50' title='bbox 828 386 876 413; x_wconf 80' lang='grc' dir='ltr'>καὶ</span> <span class='ocrx_word' id='word_1_51' title='bbox 891 386 922 413; x_wconf 83' lang='grc' dir='ltr'>τὸ</span> 
     </span>
    </p>
   </div>
   <div class='ocr_carea' id='block_1_10' title="bbox 128 424 922 464">
    <p class='ocr_par' dir='ltr' id='par_1_10' title="bbox 128 424 922 464">
     <span class='ocr_line' id='line_1_10' title="bbox 128 424 922 464; baseline 0.01 -15"><span class='ocrx_word' id='word_1_52' title='bbox 128 424 228 462; x_wconf 77' lang='grc' dir='ltr'>σεμνὸν</span> <span class='ocrx_word' id='word_1_53' title='bbox 253 425 303 459; x_wconf 80' lang='grc' dir='ltr'>τῆς</span> <span class='ocrx_word' id='word_1_54' title='bbox 322 426 461 458; x_wconf 81' lang='grc' dir='ltr'><strong>πολιτείας</strong></span> <span class='ocrx_word' id='word_1_55' title='bbox 481 427 667 464; x_wconf 84' lang='grc' dir='ltr'>συντηρούσης</span> <span class='ocrx_word' id='word_1_56' title='bbox 689 437 719 455; x_wconf 91' lang='grc' dir='ltr'><strong>τε</strong></span> <span class='ocrx_word' id='word_1_57' title='bbox 740 429 789 456; x_wconf 79' lang='grc' dir='ltr'>καὶ</span> <span class='ocrx_word' id='word_1_58' title='bbox 814 430 922 458; x_wconf 75' lang='grc' dir='ltr'>ἐκδιδα-</span> 
     </span>
    </p>
   </div>
   <div class='ocr_carea' id='block_1_11' title="bbox 127 468 923 508">
    <p class='ocr_par' dir='ltr' id='par_1_11' title="bbox 127 468 923 508">
     <span class='ocr_line' id='line_1_11' title="bbox 127 468 923 508; baseline 0.011 -15"><span class='ocrx_word' id='word_1_59' title='bbox 127 468 257 504; x_wconf 85' lang='grc' dir='ltr'>σκούσης.</span> <span class='ocrx_word' id='word_1_60' title='bbox 273 469 379 505; x_wconf 83' lang='grc' dir='ltr'><strong>ἀπηχὲς</strong></span> <span class='ocrx_word' id='word_1_61' title='bbox 393 471 441 497; x_wconf 79' lang='grc' dir='ltr'>καὶ</span> <span class='ocrx_word' id='word_1_62' title='bbox 453 471 561 498; x_wconf 79' lang='grc' dir='ltr'>ἀνόσιον</span> <span class='ocrx_word' id='word_1_63' title='bbox 572 474 750 508; x_wconf 80' lang='grc' dir='ltr'><strong>παραχωρεῖν</strong></span> <span class='ocrx_word' id='word_1_64' title='bbox 764 474 827 506; x_wconf 79' lang='grc' dir='ltr'>τοὺς</span> <span class='ocrx_word' id='word_1_65' title='bbox 839 475 923 502; x_wconf 85' lang='grc' dir='ltr'>ἀπαι-</span> 
     </span>
    </p>
   </div>
   <div class='ocr_carea' id='block_1_12' title="bbox 125 512 922 552">
    <p class='ocr_par' dir='ltr' id='par_1_12' title="bbox 125 512 922 552">
     <span class='ocr_line' id='line_1_12' title="bbox 125 512 922 552; baseline 0.013 -14"><span class='ocrx_word' id='word_1_66' title='bbox 125 512 221 548; x_wconf 85' lang='grc' dir='ltr'>δευσίᾳ</span> <span class='ocrx_word' id='word_1_67' title='bbox 245 514 291 540; x_wconf 79' lang='grc' dir='ltr'>καὶ</span> <span class='ocrx_word' id='word_1_68' title='bbox 313 515 433 552; x_wconf 77' lang='grc' dir='ltr'><strong>ἀναρχίᾳ</strong></span> <span class='ocrx_word' id='word_1_69' title='bbox 451 517 601 551; x_wconf 86' lang='grc' dir='ltr'>συζῶντας,</span> <span class='ocrx_word' id='word_1_70' title='bbox 622 519 663 550; x_wconf 85' lang='grc' dir='ltr'><strong>εἰς</strong></span> <span class='ocrx_word' id='word_1_71' title='bbox 678 519 729 552; x_wconf 79' lang='grc' dir='ltr'><strong>τὰς</strong></span> <span class='ocrx_word' id='word_1_72' title='bbox 750 521 841 552; x_wconf 77' lang='grc' dir='ltr'>οἰκίας</span> <span class='ocrx_word' id='word_1_73' title='bbox 855 521 922 548; x_wconf 82' lang='grc' dir='ltr'>ὑπο-</span> 
     </span>
    </p>
   </div>
   <div class='ocr_carea' id='block_1_13' title="bbox 125 558 922 602">
    <p class='ocr_par' dir='ltr' id='par_1_13' title="bbox 125 558 922 602">
     <span class='ocr_line' id='line_1_13' title="bbox 125 558 922 602; baseline 0.013 -18"><span class='ocrx_word' id='word_1_74' title='bbox 125 558 282 594; x_wconf 89' lang='grc' dir='ltr'>δυομένους,</span> <span class='ocrx_word' id='word_1_75' title='bbox 302 560 351 596; x_wconf 82' lang='grc' dir='ltr'>τὴν</span> <span class='ocrx_word' id='word_1_76' title='bbox 366 562 469 598; x_wconf 83' lang='grc' dir='ltr'><strong>ταύτης</strong></span> <span class='ocrx_word' id='word_1_77' title='bbox 481 563 609 597; x_wconf 81' lang='grc' dir='ltr'><strong>εὐταξίαν</strong></span> <span class='ocrx_word' id='word_1_78' title='bbox 621 564 748 601; x_wconf 80' lang='grc' dir='ltr'>διασπᾷν,</span> <span class='ocrx_word' id='word_1_79' title='bbox 757 566 804 593; x_wconf 81' lang='grc' dir='ltr'>καὶ</span> <span class='ocrx_word' id='word_1_80' title='bbox 818 566 922 602; x_wconf 83' lang='grc' dir='ltr'>πολλῆς</span> 
     </span>
    </p>
   </div>
   <div class='ocr_carea' id='block_1_14' title="bbox 125 605 921 649">
    <p class='ocr_par' dir='ltr' id='par_1_14' title="bbox 125 605 921 649">
     <span class='ocr_line' id='line_1_14' title="bbox 125 605 921 649; baseline 0.013 -19"><span class='ocrx_word' id='word_1_81' title='bbox 125 605 250 640; x_wconf 80' lang='grc' dir='ltr'>ταραχῆς</span> <span class='ocrx_word' id='word_1_82' title='bbox 267 607 315 633; x_wconf 72' lang='grc' dir='ltr'>καὶ</span> <span class='ocrx_word' id='word_1_83' title='bbox 338 608 496 636; x_wconf 81' lang='grc' dir='ltr'><strong>σκανδάλων</strong></span> <span class='ocrx_word' id='word_1_84' title='bbox 515 609 703 646; x_wconf 83' lang='grc' dir='ltr'>ἀποπληροῦν.</span> <span class='ocrx_word' id='word_1_85' title='bbox 720 612 820 649; x_wconf 80' lang='grc' dir='ltr'>Διόπερ</span> <span class='ocrx_word' id='word_1_86' title='bbox 836 614 854 649; x_wconf 80' lang='grc' dir='ltr'><strong>ἠ</strong></span> <span class='ocrx_word' id='word_1_87' title='bbox 873 613 921 640; x_wconf 87' lang='grc' dir='ltr'><strong>νῦν</strong></span> 
     </span>
    </p>
   </div>
   <div class='ocr_carea' id='block_1_15' title="bbox 126 649 921 694">
    <p class='ocr_par' dir='ltr' id='par_1_15' title="bbox 126 649 921 694">
     <span class='ocr_line' id='line_1_15' title="bbox 126 649 921 694; baseline 0.014 -19"><span class='ocrx_word' id='word_1_88' title='bbox 126 649 188 686; x_wconf 78' lang='grc' dir='ltr'>ιερά</span> <span class='ocrx_word' id='word_1_89' title='bbox 207 651 254 677; x_wconf 76' lang='grc' dir='ltr'><strong>καὶ</strong></span> <span class='ocrx_word' id='word_1_90' title='bbox 271 651 483 690; x_wconf 81' lang='grc' dir='ltr'>θεοσυνέργητος</span> <span class='ocrx_word' id='word_1_91' title='bbox 497 654 617 689; x_wconf 84' lang='grc' dir='ltr'><strong>σύνοδος,</strong></span> <span class='ocrx_word' id='word_1_92' title='bbox 632 658 665 692; x_wconf 83' lang='grc' dir='ltr'><strong>τῇ</strong></span> <span class='ocrx_word' id='word_1_93' title='bbox 680 658 857 694; x_wconf 81' lang='grc' dir='ltr'>οἰκουμενικῇ</span> <span class='ocrx_word' id='word_1_94' title='bbox 872 659 921 686; x_wconf 81' lang='grc' dir='ltr'>καὶ</span> 
     </span>
    </p>
   </div>
   <div class='ocr_carea' id='block_1_16' title="bbox 125 696 921 740">
    <p class='ocr_par' dir='ltr' id='par_1_16' title="bbox 125 696 921 740">
     <span class='ocr_line' id='line_1_16' title="bbox 125 696 921 740; baseline 0.013 -18"><span class='ocrx_word' id='word_1_95' title='bbox 125 696 193 732; x_wconf 79' lang='grc' dir='ltr'>ἁγίᾳ</span> <span class='ocrx_word' id='word_1_96' title='bbox 214 697 280 734; x_wconf 75' lang='grc' dir='ltr'>ἕκτη</span> <span class='ocrx_word' id='word_1_97' title='bbox 303 699 407 735; x_wconf 79' lang='grc' dir='ltr'><strong>συνόδῳ</strong></span> <span class='ocrx_word' id='word_1_98' title='bbox 431 701 616 736; x_wconf 80' lang='grc' dir='ltr'>συμφωνοῦσα</span> <span class='ocrx_word' id='word_1_99' title='bbox 636 702 921 740; x_wconf 82' lang='grc' dir='ltr'>ἀποκεκληρωμένους</span> 
     </span>
    </p>
   </div>
   <div class='ocr_carea' id='block_1_17' title="bbox 124 739 921 783">
    <p class='ocr_par' dir='ltr' id='par_1_17' title="bbox 124 739 921 783">
     <span class='ocr_line' id='line_1_17' title="bbox 124 739 921 783; baseline 0.013 -15"><span class='ocrx_word' id='word_1_100' title='bbox 124 739 197 769; x_wconf 80' lang='grc' dir='ltr'>εἶναι</span> <span class='ocrx_word' id='word_1_101' title='bbox 213 743 277 776; x_wconf 83' lang='grc' dir='ltr'>τοὺς</span> <span class='ocrx_word' id='word_1_102' title='bbox 287 744 317 771; x_wconf 78' lang='grc' dir='ltr'>ἐν</span> <span class='ocrx_word' id='word_1_103' title='bbox 329 746 383 776; x_wconf 84' lang='grc' dir='ltr'>τοῖς</span> <span class='ocrx_word' id='word_1_104' title='bbox 397 745 552 782; x_wconf 82' lang='grc' dir='ltr'>εὖκτηρίοις</span> <span class='ocrx_word' id='word_1_105' title='bbox 565 748 650 780; x_wconf 81' lang='grc' dir='ltr'>οῐκοις</span> <span class='ocrx_word' id='word_1_106' title='bbox 662 748 735 775; x_wconf 77' lang='grc' dir='ltr'>ἔνδον</span> <span class='ocrx_word' id='word_1_107' title='bbox 751 750 840 783; x_wconf 82' lang='grc' dir='ltr'>οἰκίας</span> <span class='ocrx_word' id='word_1_108' title='bbox 858 749 921 778; x_wconf 82' lang='grc' dir='ltr'>οὖσι</span> 
     </span>
    </p>
   </div>
   <div class='ocr_carea' id='block_1_18' title="bbox 124 787 919 832">
    <p class='ocr_par' dir='ltr' id='par_1_18' title="bbox 124 787 919 832">
     <span class='ocr_line' id='line_1_18' title="bbox 124 787 919 832; baseline 0.014 -18"><span class='ocrx_word' id='word_1_109' title='bbox 124 787 350 824; x_wconf 82' lang='grc' dir='ltr'>λειτουργοῦντας</span> <span class='ocrx_word' id='word_1_110' title='bbox 359 791 514 827; x_wconf 83' lang='grc' dir='ltr'>διωρίσατο,</span> <span class='ocrx_word' id='word_1_111' title='bbox 532 793 582 828; x_wconf 84' lang='grc' dir='ltr'>τῆς</span> <span class='ocrx_word' id='word_1_112' title='bbox 593 793 813 831; x_wconf 82' lang='grc' dir='ltr'>ἁποκληρώσεως</span> <span class='ocrx_word' id='word_1_113' title='bbox 826 797 919 832; x_wconf 87' lang='grc' dir='ltr'>δηλον-</span> 
     </span>
    </p>
   </div>
   <div class='ocr_carea' id='block_1_19' title="bbox 123 833 920 875">
    <p class='ocr_par' dir='ltr' id='par_1_19' title="bbox 123 833 920 875">
     <span class='ocr_line' id='line_1_19' title="bbox 123 833 920 875; baseline 0.014 -15"><span class='ocrx_word' id='word_1_114' title='bbox 123 833 176 865; x_wconf 81' lang='grc' dir='ltr'>ότι,</span> <span class='ocrx_word' id='word_1_115' title='bbox 186 835 261 871; x_wconf 78' lang='grc' dir='ltr'>παρὰ</span> <span class='ocrx_word' id='word_1_116' title='bbox 271 835 318 863; x_wconf 79' lang='grc' dir='ltr'><strong>τοῦ</strong></span> <span class='ocrx_word' id='word_1_117' title='bbox 333 837 402 868; x_wconf 74' lang='grc' dir='ltr'>κατὰ</span> <span class='ocrx_word' id='word_1_118' title='bbox 415 837 461 865; x_wconf 80' lang='grc' dir='ltr'><strong>τὸν</strong></span> <span class='ocrx_word' id='word_1_119' title='bbox 467 839 549 866; x_wconf 85' lang='grc' dir='ltr'>τόπον</span> <span class='ocrx_word' id='word_1_120' title='bbox 561 840 710 868; x_wconf 78' lang='grc' dir='ltr'>ἐπισκόπου</span> <span class='ocrx_word' id='word_1_121' title='bbox 720 842 810 875; x_wconf 82' lang='grc' dir='ltr'>αὐτοῖς</span> <span class='ocrx_word' id='word_1_122' title='bbox 821 844 920 872; x_wconf 80' lang='grc' dir='ltr'>ἀπονε-</span> 
     </span>
    </p>
   </div>
   <div class='ocr_carea' id='block_1_20' title="bbox 975 246 1765 288">
    <p class='ocr_par' dir='ltr' id='par_1_20' title="bbox 975 246 1765 288">
     <span class='ocr_line' id='line_1_20' title="bbox 975 246 1765 288; baseline 0.014 -15"><span class='ocrx_word' id='word_1_123' title='bbox 975 246 1125 280; x_wconf 73' lang='lat' dir='ltr'><strong>celebrant,</strong></span> <span class='ocrx_word' id='word_1_124' title='bbox 1145 248 1187 275; x_wconf 92' lang='lat' dir='ltr'><strong>vel</strong></span> <span class='ocrx_word' id='word_1_125' title='bbox 1202 249 1361 283; x_wconf 88' lang='lat' dir='ltr'><strong>baptizant,</strong></span> <span class='ocrx_word' id='word_1_126' title='bbox 1379 255 1477 285; x_wconf 70' lang='lat' dir='ltr'><strong>praeter</strong></span> <span class='ocrx_word' id='word_1_127' title='bbox 1496 253 1617 288; x_wconf 85' lang='lat' dir='ltr'><strong>episcopi</strong></span> <span class='ocrx_word' id='word_1_128' title='bbox 1638 255 1765 283; x_wconf 88' lang='lat' dir='ltr'><strong>volunta-</strong></span> 
     </span>
    </p>
   </div>
   <div class='ocr_carea' id='block_1_21' title="bbox 974 293 1764 332">
    <p class='ocr_par' dir='ltr' id='par_1_21' title="bbox 974 293 1764 332">
     <span class='ocr_line' id='line_1_21' title="bbox 974 293 1764 332; baseline 0.011 -12"><span class='ocrx_word' id='word_1_129' title='bbox 974 297 1040 325; x_wconf 90' lang='lat' dir='ltr'><strong>tem,</strong></span> <span class='ocrx_word' id='word_1_130' title='bbox 1056 293 1219 329; x_wconf 86' lang='lat' dir='ltr'><strong>depositioni</strong></span> <span class='ocrx_word' id='word_1_131' title='bbox 1237 295 1375 330; x_wconf 88' lang='lat' dir='ltr'><strong>subjiciat,</strong></span> <span class='ocrx_word' id='word_1_132' title='bbox 1393 304 1443 324; x_wconf 91' lang='lat' dir='ltr'><strong>nos</strong></span> <span class='ocrx_word' id='word_1_133' title='bbox 1457 305 1565 332; x_wconf 88' lang='lat' dir='ltr'><strong>quoque</strong></span> <span class='ocrx_word' id='word_1_134' title='bbox 1580 299 1651 327; x_wconf 91' lang='lat' dir='ltr'><strong>idem</strong></span> <span class='ocrx_word' id='word_1_135' title='bbox 1669 301 1764 329; x_wconf 82' lang='lat' dir='ltr'><strong>decer-</strong></span> 
     </span>
    </p>
   </div>
   <div class='ocr_carea' id='block_1_22' title="bbox 974 340 1763 381">
    <p class='ocr_par' dir='ltr' id='par_1_22' title="bbox 974 340 1763 381">
     <span class='ocr_line' id='line_1_22' title="bbox 974 340 1763 381; baseline 0.011 -15"><span class='ocrx_word' id='word_1_136' title='bbox 974 340 1075 368; x_wconf 83' lang='lat' dir='ltr'><strong>nimus.</strong></span> <span class='ocrx_word' id='word_1_137' title='bbox 1094 340 1160 368; x_wconf 90' lang='lat' dir='ltr'><strong>Cum</strong></span> <span class='ocrx_word' id='word_1_138' title='bbox 1177 341 1250 369; x_wconf 91' lang='lat' dir='ltr'><strong>enim</strong></span> <span class='ocrx_word' id='word_1_139' title='bbox 1266 347 1362 370; x_wconf 84' lang='lat' dir='ltr'><strong>sancta</strong></span> <span class='ocrx_word' id='word_1_140' title='bbox 1378 343 1498 372; x_wconf 84' lang='lat' dir='ltr'><strong>Ecclesia</strong></span> <span class='ocrx_word' id='word_1_141' title='bbox 1513 349 1586 373; x_wconf 89' lang='lat' dir='ltr'><strong>recte</strong></span> <span class='ocrx_word' id='word_1_142' title='bbox 1607 345 1763 381; x_wconf 83' lang='lat' dir='ltr'><strong>dispertial,</strong></span> 
     </span>
    </p>
   </div>
   <div class='ocr_carea' id='block_1_23' title="bbox 974 384 1764 420">
    <p class='ocr_par' dir='ltr' id='par_1_23' title="bbox 974 384 1764 420">
     <span class='ocr_line' id='line_1_23' title="bbox 974 384 1764 420; baseline 0.01 -10"><span class='ocrx_word' id='word_1_143' title='bbox 974 391 1124 420; x_wconf 79' lang='lat' dir='ltr'><strong>veramque</strong></span> <span class='ocrx_word' id='word_1_144' title='bbox 1147 384 1282 412; x_wconf 88' lang='lat' dir='ltr'><strong>rationem</strong></span> <span class='ocrx_word' id='word_1_145' title='bbox 1306 385 1443 418; x_wconf 79' lang='lat' dir='ltr'><strong>defendat,</strong></span> <span class='ocrx_word' id='word_1_146' title='bbox 1469 391 1498 415; x_wconf 91' lang='lat' dir='ltr'><strong>et</strong></span> <span class='ocrx_word' id='word_1_147' title='bbox 1518 389 1703 418; x_wconf 83' lang='lat' dir='ltr'><strong>venerabilem</strong></span> <span class='ocrx_word' id='word_1_148' title='bbox 1731 399 1764 419; x_wconf 92' lang='lat' dir='ltr'><strong>ac</strong></span> 
     </span>
    </p>
   </div>
   <div class='ocr_carea' id='block_1_24' title="bbox 974 428 1764 468">
    <p class='ocr_par' dir='ltr' id='par_1_24' title="bbox 974 428 1764 468">
     <span class='ocr_line' id='line_1_24' title="bbox 974 428 1764 468; baseline 0.011 -13"><span class='ocrx_word' id='word_1_149' title='bbox 974 428 1119 458; x_wconf 74' lang='lat' dir='ltr'><strong>honestam</strong></span> <span class='ocrx_word' id='word_1_150' title='bbox 1143 430 1222 459; x_wconf 65' lang='lat' dir='ltr'><strong>bona</strong></span> <span class='ocrx_word' id='word_1_151' title='bbox 1244 432 1425 461; x_wconf 90' lang='lat' dir='ltr'><strong>institutionis</strong></span> <span class='ocrx_word' id='word_1_152' title='bbox 1453 433 1570 462; x_wconf 82' lang='lat' dir='ltr'><strong>formam</strong></span> <span class='ocrx_word' id='word_1_153' title='bbox 1599 435 1707 468; x_wconf 85' lang='lat' dir='ltr'><strong>doceat,</strong></span> <span class='ocrx_word' id='word_1_154' title='bbox 1736 441 1764 464; x_wconf 88' lang='lat' dir='ltr'><strong>et</strong></span> 
     </span>
    </p>
   </div>
   <div class='ocr_carea' id='block_1_25' title="bbox 973 476 1763 518">
    <p class='ocr_par' dir='ltr' id='par_1_25' title="bbox 973 476 1763 518">
     <span class='ocr_line' id='line_1_25' title="bbox 973 476 1763 518; baseline 0.01 -16"><span class='ocrx_word' id='word_1_155' title='bbox 973 481 1128 509; x_wconf 81' lang='lat' dir='ltr'><strong>conservet,</strong></span> <span class='ocrx_word' id='word_1_156' title='bbox 1146 476 1343 506; x_wconf 87' lang='lat' dir='ltr'><strong>inconcinnum</strong></span> <span class='ocrx_word' id='word_1_157' title='bbox 1364 483 1415 511; x_wconf 90' lang='lat' dir='ltr'><strong>est,</strong></span> <span class='ocrx_word' id='word_1_158' title='bbox 1430 484 1458 507; x_wconf 88' lang='lat' dir='ltr'><strong>et</strong></span> <span class='ocrx_word' id='word_1_159' title='bbox 1472 480 1606 515; x_wconf 81' lang='lat' dir='ltr'><strong>ineptum,</strong></span> <span class='ocrx_word' id='word_1_160' title='bbox 1624 486 1655 509; x_wconf 90' lang='lat' dir='ltr'><strong>ut</strong></span> <span class='ocrx_word' id='word_1_161' title='bbox 1672 483 1719 518; x_wconf 91' lang='lat' dir='ltr'><strong>qui</strong></span> <span class='ocrx_word' id='word_1_162' title='bbox 1734 483 1763 510; x_wconf 84' lang='lat' dir='ltr'><strong>in</strong></span> 
     </span>
    </p>
   </div>
   <div class='ocr_carea' id='block_1_26' title="bbox 972 520 1762 556">
    <p class='ocr_par' dir='ltr' id='par_1_26' title="bbox 972 520 1762 556">
     <span class='ocr_line' id='line_1_26' title="bbox 972 520 1762 556; baseline 0.011 -9"><span class='ocrx_word' id='word_1_163' title='bbox 972 520 1135 555; x_wconf 85' lang='lat' dir='ltr'><strong>petulantia,</strong></span> <span class='ocrx_word' id='word_1_164' title='bbox 1156 526 1184 550; x_wconf 89' lang='lat' dir='ltr'><strong>et</strong></span> <span class='ocrx_word' id='word_1_165' title='bbox 1205 522 1352 551; x_wconf 82' lang='lat' dir='ltr'><strong>insolentia</strong></span> <span class='ocrx_word' id='word_1_166' title='bbox 1375 532 1407 552; x_wconf 92' lang='lat' dir='ltr'><strong>ac</strong></span> <span class='ocrx_word' id='word_1_167' title='bbox 1426 525 1454 552; x_wconf 89' lang='lat' dir='ltr'><strong>in</strong></span> <span class='ocrx_word' id='word_1_168' title='bbox 1473 526 1658 555; x_wconf 87' lang='lat' dir='ltr'><strong>inubedientia</strong></span> <span class='ocrx_word' id='word_1_169' title='bbox 1679 528 1762 556; x_wconf 88' lang='lat' dir='ltr'><strong>vitam</strong></span> 
     </span>
    </p>
   </div>
   <div class='ocr_carea' id='block_1_27' title="bbox 973 566 1763 605">
    <p class='ocr_par' dir='ltr' id='par_1_27' title="bbox 973 566 1763 605">
     <span class='ocr_line' id='line_1_27' title="bbox 973 566 1763 605; baseline 0.011 -14"><span class='ocrx_word' id='word_1_170' title='bbox 973 570 1067 600; x_wconf 78' lang='lat' dir='ltr'><strong>agunt,</strong></span> <span class='ocrx_word' id='word_1_171' title='bbox 1084 566 1182 594; x_wconf 91' lang='lat' dir='ltr'><strong>domos</strong></span> <span class='ocrx_word' id='word_1_172' title='bbox 1193 567 1465 599; x_wconf 88' lang='lat' dir='ltr'><strong>subeuntes,bonum</strong></span> <span class='ocrx_word' id='word_1_173' title='bbox 1480 569 1540 605; x_wconf 88' lang='lat' dir='ltr'><strong>ejus</strong></span> <span class='ocrx_word' id='word_1_174' title='bbox 1560 571 1683 599; x_wconf 88' lang='lat' dir='ltr'><strong>ordinem</strong></span> <span class='ocrx_word' id='word_1_175' title='bbox 1696 580 1763 600; x_wconf 89' lang='lat' dir='ltr'><strong>con-</strong></span> 
     </span>
    </p>
   </div>
   <div class='ocr_carea' id='block_1_28' title="bbox 972 610 1761 648">
    <p class='ocr_par' dir='ltr' id='par_1_28' title="bbox 972 610 1761 648">
     <span class='ocr_line' id='line_1_28' title="bbox 972 610 1761 648; baseline 0.01 -11"><span class='ocrx_word' id='word_1_176' title='bbox 972 610 1084 644; x_wconf 88' lang='lat' dir='ltr'><strong>vellant,</strong></span> <span class='ocrx_word' id='word_1_177' title='bbox 1109 615 1137 639; x_wconf 91' lang='lat' dir='ltr'><strong>et</strong></span> <span class='ocrx_word' id='word_1_178' title='bbox 1159 613 1243 640; x_wconf 84' lang='lat' dir='ltr'><strong>multa</strong></span> <span class='ocrx_word' id='word_1_179' title='bbox 1266 614 1492 648; x_wconf 86' lang='lat' dir='ltr'><strong>perturbatione,</strong></span> <span class='ocrx_word' id='word_1_180' title='bbox 1517 620 1544 643; x_wconf 86' lang='lat' dir='ltr'><strong>et</strong></span> <span class='ocrx_word' id='word_1_181' title='bbox 1565 616 1761 646; x_wconf 74' lang='lat' dir='ltr'><strong>ollensionibus</strong></span> 
     </span>
    </p>
   </div>
   <div class='ocr_carea' id='block_1_29' title="bbox 973 654 1760 692">
    <p class='ocr_par' dir='ltr' id='par_1_29' title="bbox 973 654 1760 692">
     <span class='ocr_line' id='line_1_29' title="bbox 973 654 1760 692; baseline 0.01 -11"><span class='ocrx_word' id='word_1_182' title='bbox 973 654 1114 690; x_wconf 81' lang='lat' dir='ltr'><strong>impleant.</strong></span> <span class='ocrx_word' id='word_1_183' title='bbox 1136 655 1169 682; x_wconf 85' lang='lat' dir='ltr'><strong>Et</strong></span> <span class='ocrx_word' id='word_1_184' title='bbox 1188 655 1249 684; x_wconf 90' lang='lat' dir='ltr'><strong>ideo</strong></span> <span class='ocrx_word' id='word_1_185' title='bbox 1268 664 1347 684; x_wconf 88' lang='lat' dir='ltr'><strong>sacra</strong></span> <span class='ocrx_word' id='word_1_186' title='bbox 1372 665 1461 692; x_wconf 86' lang='lat' dir='ltr'><strong>nunc,</strong></span> <span class='ocrx_word' id='word_1_187' title='bbox 1478 662 1505 686; x_wconf 90' lang='lat' dir='ltr'><strong>et</strong></span> <span class='ocrx_word' id='word_1_188' title='bbox 1524 659 1656 689; x_wconf 88' lang='lat' dir='ltr'><strong>divinitus</strong></span> <span class='ocrx_word' id='word_1_189' title='bbox 1666 666 1760 689; x_wconf 85' lang='lat' dir='ltr'><strong>coacta</strong></span> 
     </span>
    </p>
   </div>
   <div class='ocr_carea' id='block_1_30' title="bbox 971 701 1761 740">
    <p class='ocr_par' dir='ltr' id='par_1_30' title="bbox 971 701 1761 740">
     <span class='ocr_line' id='line_1_30' title="bbox 971 701 1761 740; baseline 0.01 -13"><span class='ocrx_word' id='word_1_190' title='bbox 971 701 1104 736; x_wconf 80' lang='lat' dir='ltr'><strong>synodus,</strong></span> <span class='ocrx_word' id='word_1_191' title='bbox 1126 702 1275 730; x_wconf 84' lang='lat' dir='ltr'><strong>universali</strong></span> <span class='ocrx_word' id='word_1_192' title='bbox 1292 708 1375 731; x_wconf 67' lang='lat' dir='ltr'><strong>sextae</strong></span> <span class='ocrx_word' id='word_1_193' title='bbox 1396 704 1499 740; x_wconf 84' lang='lat' dir='ltr'><strong>synodo</strong></span> <span class='ocrx_word' id='word_1_194' title='bbox 1515 707 1700 739; x_wconf 84' lang='lat' dir='ltr'><strong>consentiens,</strong></span> <span class='ocrx_word' id='word_1_195' title='bbox 1713 715 1761 735; x_wconf 91' lang='lat' dir='ltr'><strong>eos</strong></span> 
     </span>
    </p>
   </div>
   <div class='ocr_carea' id='block_1_31' title="bbox 971 746 1758 786">
    <p class='ocr_par' dir='ltr' id='par_1_31' title="bbox 971 746 1758 786">
     <span class='ocr_line' id='line_1_31' title="bbox 971 746 1758 786; baseline 0.01 -13"><span class='ocrx_word' id='word_1_196' title='bbox 971 747 1017 781; x_wconf 84' lang='lat' dir='ltr'><strong>qui</strong></span> <span class='ocrx_word' id='word_1_197' title='bbox 1036 746 1064 774; x_wconf 94' lang='lat' dir='ltr'><strong>in</strong></span> <span class='ocrx_word' id='word_1_198' title='bbox 1081 747 1221 782; x_wconf 86' lang='lat' dir='ltr'><strong>oratoriis,</strong></span> <span class='ocrx_word' id='word_1_199' title='bbox 1239 756 1301 784; x_wconf 80' lang='lat' dir='ltr'><strong>qua-</strong></span> <span class='ocrx_word' id='word_1_200' title='bbox 1315 754 1381 777; x_wconf 88' lang='lat' dir='ltr'><strong>sunt</strong></span> <span class='ocrx_word' id='word_1_201' title='bbox 1395 750 1468 778; x_wconf 86' lang='lat' dir='ltr'><strong>intra</strong></span> <span class='ocrx_word' id='word_1_202' title='bbox 1482 751 1590 785; x_wconf 89' lang='lat' dir='ltr'><strong>domos,</strong></span> <span class='ocrx_word' id='word_1_203' title='bbox 1607 752 1758 786; x_wconf 84' lang='lat' dir='ltr'><strong>celebrant,</strong></span> 
     </span>
    </p>
   </div>
   <div class='ocr_carea' id='block_1_32' title="bbox 969 792 1761 827">
    <p class='ocr_par' dir='ltr' id='par_1_32' title="bbox 969 792 1761 827">
     <span class='ocr_line' id='line_1_32' title="bbox 969 792 1761 827; baseline 0.009 -7"><span class='ocrx_word' id='word_1_204' title='bbox 969 792 1043 820; x_wconf 89' lang='lat' dir='ltr'><strong>clero</strong></span> <span class='ocrx_word' id='word_1_205' title='bbox 1062 798 1169 822; x_wconf 84' lang='lat' dir='ltr'><strong>amotos</strong></span> <span class='ocrx_word' id='word_1_206' title='bbox 1188 800 1251 822; x_wconf 88' lang='lat' dir='ltr'><strong>esse</strong></span> <span class='ocrx_word' id='word_1_207' title='bbox 1270 796 1376 827; x_wconf 84' lang='lat' dir='ltr'><strong>statuit.</strong></span> <span class='ocrx_word' id='word_1_208' title='bbox 1401 804 1417 824; x_wconf 87' lang='lat' dir='ltr'><strong>a</strong></span> <span class='ocrx_word' id='word_1_209' title='bbox 1441 797 1514 825; x_wconf 90' lang='lat' dir='ltr'><strong>clero</strong></span> <span class='ocrx_word' id='word_1_210' title='bbox 1531 798 1659 826; x_wconf 84' lang='lat' dir='ltr'><strong>videlicet</strong></span> <span class='ocrx_word' id='word_1_211' title='bbox 1682 806 1761 826; x_wconf 82' lang='lat' dir='ltr'><strong>amo-</strong></span> 
     </span>
    </p>
   </div>
   <div class='ocr_carea' id='block_1_33' title="bbox 971 838 1758 879">
    <p class='ocr_par' dir='ltr' id='par_1_33' title="bbox 971 838 1758 879">
     <span class='ocr_line' id='line_1_33' title="bbox 971 838 1758 879; baseline 0.009 -14"><span class='ocrx_word' id='word_1_212' title='bbox 971 838 1045 866; x_wconf 87' lang='lat' dir='ltr'><strong>tione</strong></span> <span class='ocrx_word' id='word_1_213' title='bbox 1059 839 1100 867; x_wconf 89' lang='lat' dir='ltr'><strong>eis</strong></span> <span class='ocrx_word' id='word_1_214' title='bbox 1119 840 1154 867; x_wconf 88' lang='lat' dir='ltr'><strong>ab</strong></span> <span class='ocrx_word' id='word_1_215' title='bbox 1166 839 1226 874; x_wconf 87' lang='lat' dir='ltr'><strong>ejus</strong></span> <span class='ocrx_word' id='word_1_216' title='bbox 1243 840 1295 868; x_wconf 95' lang='lat' dir='ltr'><strong>loci</strong></span> <span class='ocrx_word' id='word_1_217' title='bbox 1310 841 1440 877; x_wconf 88' lang='lat' dir='ltr'><strong>episcopo</strong></span> <span class='ocrx_word' id='word_1_218' title='bbox 1459 843 1541 870; x_wconf 87' lang='lat' dir='ltr'><strong>edita.</strong></span> <span class='ocrx_word' id='word_1_219' title='bbox 1558 843 1588 871; x_wconf 89' lang='lat' dir='ltr'><strong>Si</strong></span> <span class='ocrx_word' id='word_1_220' title='bbox 1607 844 1653 879; x_wconf 91' lang='lat' dir='ltr'><strong>qui</strong></span> <span class='ocrx_word' id='word_1_221' title='bbox 1667 849 1758 872; x_wconf 80' lang='lat' dir='ltr'><strong>autem</strong></span> 
     </span>
    </p>
   </div>
   <div class='ocr_carea' id='block_1_34' title="bbox 125 880 924 924">
    <p class='ocr_par' dir='ltr' id='par_1_34' title="bbox 125 880 921 920">
     <span class='ocr_line' id='line_1_34' title="bbox 125 880 921 920; baseline 0.014 -14"><span class='ocrx_word' id='word_1_222' title='bbox 125 880 271 917; x_wconf 82' lang='grc' dir='ltr'>μηθείσης.</span> <span class='ocrx_word' id='word_1_223' title='bbox 293 882 325 909; x_wconf 88' lang='grc' dir='ltr'>Εἰ</span> <span class='ocrx_word' id='word_1_224' title='bbox 348 882 376 909; x_wconf 81' lang='grc' dir='ltr'><strong>δέ</strong></span> <span class='ocrx_word' id='word_1_225' title='bbox 400 892 473 916; x_wconf 83' lang='grc' dir='ltr'>τινες</span> <span class='ocrx_word' id='word_1_226' title='bbox 490 884 566 920; x_wconf 85' lang='grc' dir='ltr'>παρὰ</span> <span class='ocrx_word' id='word_1_227' title='bbox 584 885 709 919; x_wconf 84' lang='grc' dir='ltr'>τούτους,</span> <span class='ocrx_word' id='word_1_228' title='bbox 737 887 785 915; x_wconf 82' lang='grc' dir='ltr'><strong>τοῦ</strong></span> <span class='ocrx_word' id='word_1_229' title='bbox 809 890 921 917; x_wconf 71' lang='grc' dir='ltr'>ἐπισκό-</span> 
     </span>
    </p>
   </div>
   <div class='ocr_carea' id='block_1_35' title="bbox 969 880 1759 924">
    <p class='ocr_par' dir='ltr' id='par_1_35' title="bbox 972 888 1759 924">
     <span class='ocr_line' id='line_1_35' title="bbox 972 888 1759 924; baseline 0.008 -12"><span class='ocrx_word' id='word_1_230' title='bbox 972 888 1070 919; x_wconf 65' lang='lat' dir='ltr'><strong>praeter</strong></span> <span class='ocrx_word' id='word_1_231' title='bbox 1086 893 1144 917; x_wconf 84' lang='lat' dir='ltr'><strong>eos,</strong></span> <span class='ocrx_word' id='word_1_232' title='bbox 1162 893 1217 914; x_wconf 92' lang='lat' dir='ltr'><strong>non</strong></span> <span class='ocrx_word' id='word_1_233' title='bbox 1241 888 1432 915; x_wconf 83' lang='lat' dir='ltr'><strong>consentiente</strong></span> <span class='ocrx_word' id='word_1_234' title='bbox 1451 890 1589 924; x_wconf 84' lang='lat' dir='ltr'><strong>episcopo,</strong></span> <span class='ocrx_word' id='word_1_235' title='bbox 1612 890 1640 917; x_wconf 92' lang='lat' dir='ltr'><strong>in</strong></span> <span class='ocrx_word' id='word_1_236' title='bbox 1662 890 1759 918; x_wconf 90' lang='lat' dir='ltr'><strong>domos</strong></span> 
     </span>
    </p>
   </div>
   <div class='ocr_carea' id='block_1_36' title="bbox 123 929 916 970">
    <p class='ocr_par' dir='ltr' id='par_1_36' title="bbox 123 929 916 970">
     <span class='ocr_line' id='line_1_36' title="bbox 123 929 916 970; baseline 0.013 -17"><span class='ocrx_word' id='word_1_237' title='bbox 123 936 177 954; x_wconf 86' lang='grc' dir='ltr'><strong>που</strong></span> <span class='ocrx_word' id='word_1_238' title='bbox 202 929 240 964; x_wconf 84' lang='grc' dir='ltr'>μὴ</span> <span class='ocrx_word' id='word_1_239' title='bbox 259 929 450 964; x_wconf 81' lang='grc' dir='ltr'>εὐδοκοῦντος,</span> <span class='ocrx_word' id='word_1_240' title='bbox 473 931 513 963; x_wconf 87' lang='grc' dir='ltr'><strong>είς</strong></span> <span class='ocrx_word' id='word_1_241' title='bbox 530 933 578 964; x_wconf 81' lang='grc' dir='ltr'>τὰς</span> <span class='ocrx_word' id='word_1_242' title='bbox 601 933 690 964; x_wconf 81' lang='grc' dir='ltr'>οἰκίας</span> <span class='ocrx_word' id='word_1_243' title='bbox 710 934 916 970; x_wconf 78' lang='grc' dir='ltr'>εἰσ-πίπτοντες,</span> 
     </span>
    </p>
   </div>
   <div class='ocr_carea' id='block_1_37' title="bbox 124 973 917 1018">
    <p class='ocr_par' dir='ltr' id='par_1_37' title="bbox 124 973 917 1018">
     <span class='ocr_line' id='line_1_37' title="bbox 124 973 917 1018; baseline 0.013 -18"><span class='ocrx_word' id='word_1_244' title='bbox 124 973 260 1002; x_wconf 71' lang='grc' dir='ltr'>ἅπτεσθαι</span> <span class='ocrx_word' id='word_1_245' title='bbox 278 976 329 1012; x_wconf 79' lang='grc' dir='ltr'>τῆς</span> <span class='ocrx_word' id='word_1_246' title='bbox 347 975 518 1014; x_wconf 78' lang='grc' dir='ltr'>λειτουργίας</span> <span class='ocrx_word' id='word_1_247' title='bbox 533 978 723 1015; x_wconf 82' lang='grc' dir='ltr'>ἀποτολμῶσι.</span> <span class='ocrx_word' id='word_1_248' title='bbox 737 981 851 1014; x_wconf 78' lang='grc' dir='ltr'>τούτους</span> <span class='ocrx_word' id='word_1_249' title='bbox 867 982 917 1018; x_wconf 81' lang='grc' dir='ltr'>μὲν</span> 
     </span>
    </p>
   </div>
   <div class='ocr_carea' id='block_1_38' title="bbox 123 1020 916 1063">
    <p class='ocr_par' dir='ltr' id='par_1_38' title="bbox 123 1020 916 1063">
     <span class='ocr_line' id='line_1_38' title="bbox 123 1020 916 1063; baseline 0.011 -17"><span class='ocrx_word' id='word_1_250' title='bbox 123 1020 336 1056; x_wconf 83' lang='grc' dir='ltr'>καθαιρεῖσθαι·</span> <span class='ocrx_word' id='word_1_251' title='bbox 360 1023 424 1055; x_wconf 83' lang='grc' dir='ltr'>τοὺς</span> <span class='ocrx_word' id='word_1_252' title='bbox 450 1023 480 1050; x_wconf 81' lang='grc' dir='ltr'>δὲ</span> <span class='ocrx_word' id='word_1_253' title='bbox 497 1023 548 1058; x_wconf 80' lang='grc' dir='ltr'>τῆς</span> <span class='ocrx_word' id='word_1_254' title='bbox 564 1024 654 1051; x_wconf 86' lang='grc' dir='ltr'>αὐτῶν</span> <span class='ocrx_word' id='word_1_255' title='bbox 675 1025 818 1059; x_wconf 79' lang='grc' dir='ltr'>κοινωνίας</span> <span class='ocrx_word' id='word_1_256' title='bbox 832 1036 916 1063; x_wconf 89' lang='grc' dir='ltr'>μετα-</span> 
     </span>
    </p>
   </div>
   <div class='ocr_carea' id='block_1_39' title="bbox 124 1066 742 1104">
    <p class='ocr_par' dir='ltr' id='par_1_39' title="bbox 124 1066 742 1104">
     <span class='ocr_line' id='line_1_39' title="bbox 124 1066 742 1104; baseline 0.011 -12"><span class='ocrx_word' id='word_1_257' title='bbox 124 1066 249 1101; x_wconf 83' lang='grc' dir='ltr'>σχόντας,</span> <span class='ocrx_word' id='word_1_258' title='bbox 264 1067 304 1102; x_wconf 85' lang='grc' dir='ltr'><strong>τῷ</strong></span> <span class='ocrx_word' id='word_1_259' title='bbox 316 1068 463 1104; x_wconf 82' lang='grc' dir='ltr'>ἀφορισμῷ</span> <span class='ocrx_word' id='word_1_260' title='bbox 478 1069 742 1099; x_wconf 85' lang='grc' dir='ltr'>καθυποϐάλλεσθαι.</span> 
     </span>
    </p>
   </div>
   <div class='ocr_carea' id='block_1_40' title="bbox 161 1111 917 1152">
    <p class='ocr_par' dir='ltr' id='par_1_40' title="bbox 161 1111 917 1152">
     <span class='ocr_line' id='line_1_40' title="bbox 161 1111 917 1152; baseline 0.011 -15"><span class='ocrx_word' id='word_1_261' title='bbox 161 1113 206 1145; x_wconf 85' lang='grc' dir='ltr'>ιγ’.</span> <span class='ocrx_word' id='word_1_262' title='bbox 231 1111 287 1142; x_wconf 84' lang='grc' dir='ltr'>Τὰς</span> <span class='ocrx_word' id='word_1_263' title='bbox 313 1112 369 1139; x_wconf 91' lang='grc' dir='ltr'><strong>τῶν</strong></span> <span class='ocrx_word' id='word_1_264' title='bbox 390 1114 540 1149; x_wconf 88' lang='grc' dir='ltr'>αἰρετικῶν</span> <span class='ocrx_word' id='word_1_265' title='bbox 567 1113 697 1147; x_wconf 76' lang='grc' dir='ltr'>ζιζανίων</span> <span class='ocrx_word' id='word_1_266' title='bbox 718 1117 872 1152; x_wconf 77' lang='grc' dir='ltr'>ὲπισπορὰς</span> <span class='ocrx_word' id='word_1_267' title='bbox 887 1118 917 1145; x_wconf 80' lang='grc' dir='ltr'>ὲν</span> 
     </span>
    </p>
   </div>
   <div class='ocr_carea' id='block_1_41' title="bbox 121 1156 914 1197">
    <p class='ocr_par' dir='ltr' id='par_1_41' title="bbox 121 1156 914 1197">
     <span class='ocr_line' id='line_1_41' title="bbox 121 1156 914 1197; baseline 0.011 -15"><span class='ocrx_word' id='word_1_268' title='bbox 121 1157 156 1194; x_wconf 78' lang='grc' dir='ltr'><strong>τῇ</strong></span> <span class='ocrx_word' id='word_1_269' title='bbox 165 1156 212 1183; x_wconf 87' lang='grc' dir='ltr'><strong>τοῦ</strong></span> <span class='ocrx_word' id='word_1_270' title='bbox 229 1158 347 1193; x_wconf 79' lang='grc' dir='ltr'>Χριστοῦ</span> <span class='ocrx_word' id='word_1_271' title='bbox 361 1159 511 1196; x_wconf 74' lang='grc' dir='ltr'>Ἐκκλησία</span> <span class='ocrx_word' id='word_1_272' title='bbox 525 1161 540 1187; x_wconf 76' lang='grc' dir='ltr'>ὁ</span> <span class='ocrx_word' id='word_1_273' title='bbox 549 1161 729 1197; x_wconf 83' lang='grc' dir='ltr'>παμπόνηρος</span> <span class='ocrx_word' id='word_1_274' title='bbox 744 1163 914 1197; x_wconf 75' lang='grc' dir='ltr'>καταϐαλὼν,</span> 
     </span>
    </p>
   </div>
   <div class='ocr_carea' id='block_1_42' title="bbox 121 1203 916 1246">
    <p class='ocr_par' dir='ltr' id='par_1_42' title="bbox 121 1203 916 1246">
     <span class='ocr_line' id='line_1_42' title="bbox 121 1203 916 1246; baseline 0.011 -17"><span class='ocrx_word' id='word_1_275' title='bbox 121 1203 171 1229; x_wconf 73' lang='grc' dir='ltr'>καὶ</span> <span class='ocrx_word' id='word_1_276' title='bbox 185 1203 288 1235; x_wconf 74' lang='grc' dir='ltr'>ταύτας</span> <span class='ocrx_word' id='word_1_277' title='bbox 307 1204 380 1239; x_wconf 80' lang='grc' dir='ltr'>ὀρῶν</span> <span class='ocrx_word' id='word_1_278' title='bbox 396 1207 430 1241; x_wconf 80' lang='grc' dir='ltr'><strong>τῇ</strong></span> <span class='ocrx_word' id='word_1_279' title='bbox 445 1206 570 1243; x_wconf 80' lang='grc' dir='ltr'>μαχαίρᾳ</span> <span class='ocrx_word' id='word_1_280' title='bbox 585 1206 633 1234; x_wconf 84' lang='grc' dir='ltr'><strong>τοῦ</strong></span> <span class='ocrx_word' id='word_1_281' title='bbox 646 1208 807 1244; x_wconf 86' lang='grc' dir='ltr'>Πνεύματος</span> <span class='ocrx_word' id='word_1_282' title='bbox 820 1218 916 1246; x_wconf 87' lang='grc' dir='ltr'>τεμνο-</span> 
     </span>
    </p>
   </div>
   <div class='ocr_carea' id='block_1_43' title="bbox 123 1249 914 1290">
    <p class='ocr_par' dir='ltr' id='par_1_43' title="bbox 123 1249 914 1290">
     <span class='ocr_line' id='line_1_43' title="bbox 123 1249 914 1290; baseline 0.01 -15"><span class='ocrx_word' id='word_1_283' title='bbox 123 1249 208 1284; x_wconf 88' lang='grc' dir='ltr'>μένας</span> <span class='ocrx_word' id='word_1_284' title='bbox 229 1250 389 1286; x_wconf 76' lang='grc' dir='ltr'>πορῤίζους.</span> <span class='ocrx_word' id='word_1_285' title='bbox 413 1252 458 1286; x_wconf 76' lang='grc' dir='ltr'><strong>ἐφ’</strong></span> <span class='ocrx_word' id='word_1_286' title='bbox 483 1252 582 1288; x_wconf 76' lang='grc' dir='ltr'>ἑτέραν</span> <span class='ocrx_word' id='word_1_287' title='bbox 607 1251 673 1289; x_wconf 78' lang='grc' dir='ltr'>ἦλθε</span> <span class='ocrx_word' id='word_1_288' title='bbox 692 1255 830 1290; x_wconf 85' lang='grc' dir='ltr'>μεθοδείας</span> <span class='ocrx_word' id='word_1_289' title='bbox 845 1257 914 1288; x_wconf 80' lang='grc' dir='ltr'>ὁδὸν,</span> 
     </span>
    </p>
   </div>
   <div class='ocr_carea' id='block_1_44' title="bbox 122 1295 916 1337">
    <p class='ocr_par' dir='ltr' id='par_1_44' title="bbox 122 1295 916 1337">
     <span class='ocr_line' id='line_1_44' title="bbox 122 1295 916 1337; baseline 0.01 -16"><span class='ocrx_word' id='word_1_290' title='bbox 122 1295 155 1330; x_wconf 78' lang='grc' dir='ltr'><strong>τῇ</strong></span> <span class='ocrx_word' id='word_1_291' title='bbox 175 1295 231 1322; x_wconf 91' lang='grc' dir='ltr'><strong>τῶν</strong></span> <span class='ocrx_word' id='word_1_292' title='bbox 260 1297 449 1331; x_wconf 83' lang='grc' dir='ltr'>σχισματικῶν</span> <span class='ocrx_word' id='word_1_293' title='bbox 475 1299 559 1334; x_wconf 82' lang='grc' dir='ltr'>μανίᾳ</span> <span class='ocrx_word' id='word_1_294' title='bbox 583 1299 614 1326; x_wconf 81' lang='grc' dir='ltr'><strong>τὸ</strong></span> <span class='ocrx_word' id='word_1_295' title='bbox 636 1300 683 1327; x_wconf 84' lang='grc' dir='ltr'><strong>τοῦ</strong></span> <span class='ocrx_word' id='word_1_296' title='bbox 699 1301 818 1336; x_wconf 82' lang='grc' dir='ltr'>Χριστοῦ</span> <span class='ocrx_word' id='word_1_297' title='bbox 835 1303 916 1337; x_wconf 85' lang='grc' dir='ltr'>σῶμα</span> 
     </span>
    </p>
   </div>
   <div class='ocr_carea' id='block_1_45' title="bbox 123 1340 915 1382">
    <p class='ocr_par' dir='ltr' id='par_1_45' title="bbox 123 1340 915 1382">
     <span class='ocr_line' id='line_1_45' title="bbox 123 1340 915 1382; baseline 0.01 -16"><span class='ocrx_word' id='word_1_298' title='bbox 123 1340 250 1376; x_wconf 83' lang='grc' dir='ltr'>μερίζειν</span> <span class='ocrx_word' id='word_1_299' title='bbox 262 1341 409 1377; x_wconf 75' lang='grc' dir='ltr'>ἐπιχειρῶν</span> <span class='ocrx_word' id='word_1_300' title='bbox 418 1350 426 1357; x_wconf 79' lang='grc'><strong><em>⁸</em></strong></span> <span class='ocrx_word' id='word_1_301' title='bbox 442 1343 511 1370; x_wconf 82' lang='grc' dir='ltr'>ἀλλὰ</span> <span class='ocrx_word' id='word_1_302' title='bbox 524 1344 572 1371; x_wconf 79' lang='grc' dir='ltr'>καὶ</span> <span class='ocrx_word' id='word_1_303' title='bbox 583 1345 685 1380; x_wconf 86' lang='grc' dir='ltr'>ταύτην</span> <span class='ocrx_word' id='word_1_304' title='bbox 700 1346 782 1373; x_wconf 82' lang='grc' dir='ltr'>αὑτοῦ</span> <span class='ocrx_word' id='word_1_305' title='bbox 793 1346 843 1382; x_wconf 84' lang='grc' dir='ltr'>τὴν</span> <span class='ocrx_word' id='word_1_306' title='bbox 855 1348 915 1375; x_wconf 74' lang='grc' dir='ltr'><strong>ἐπι·⁸</strong></span> 
     </span>
    </p>
   </div>
   <div class='ocr_carea' id='block_1_46' title="bbox 121 1384 915 1429">
    <p class='ocr_par' dir='ltr' id='par_1_46' title="bbox 121 1384 915 1429">
     <span class='ocr_line' id='line_1_46' title="bbox 121 1384 915 1429; baseline 0.011 -17"><span class='ocrx_word' id='word_1_307' title='bbox 121 1384 222 1421; x_wconf 86' lang='grc' dir='ltr'>ϐουλὴν</span> <span class='ocrx_word' id='word_1_308' title='bbox 233 1387 250 1422; x_wconf 85' lang='grc' dir='ltr'><strong>ή</strong></span> <span class='ocrx_word' id='word_1_309' title='bbox 265 1387 332 1421; x_wconf 76' lang='grc' dir='ltr'>ἁγία</span> <span class='ocrx_word' id='word_1_310' title='bbox 347 1387 455 1421; x_wconf 82' lang='grc' dir='ltr'>σύνοδος</span> <span class='ocrx_word' id='word_1_311' title='bbox 463 1389 664 1418; x_wconf 83' lang='grc' dir='ltr'>ἁναστέλλουσα</span> <span class='ocrx_word' id='word_1_312' title='bbox 673 1392 822 1426; x_wconf 83' lang='grc' dir='ltr'>παντελῶς,</span> <span class='ocrx_word' id='word_1_313' title='bbox 831 1394 915 1429; x_wconf 85' lang='grc' dir='ltr'>ῶρισε</span> 
     </span>
    </p>
   </div>
   <div class='ocr_carea' id='block_1_47' title="bbox 120 1432 916 1474">
    <p class='ocr_par' dir='ltr' id='par_1_47' title="bbox 120 1432 916 1474">
     <span class='ocr_line' id='line_1_47' title="bbox 120 1432 916 1474; baseline 0.011 -16"><span class='ocrx_word' id='word_1_314' title='bbox 120 1432 170 1459; x_wconf 82' lang='grc' dir='ltr'><strong>τοῦ</strong></span> <span class='ocrx_word' id='word_1_315' title='bbox 190 1433 297 1467; x_wconf 84' lang='grc' dir='ltr'>λοιποῦ,</span> <span class='ocrx_word' id='word_1_316' title='bbox 317 1434 361 1461; x_wconf 76' lang='grc' dir='ltr'>ἵνα</span> <span class='ocrx_word' id='word_1_317' title='bbox 384 1435 411 1461; x_wconf 77' lang='grc' dir='ltr'>εί</span> <span class='ocrx_word' id='word_1_318' title='bbox 427 1444 468 1467; x_wconf 89' lang='grc' dir='ltr'><strong>τις</strong></span> <span class='ocrx_word' id='word_1_319' title='bbox 492 1437 680 1474; x_wconf 87' lang='grc' dir='ltr'>πρεσϐύτερος</span> <span class='ocrx_word' id='word_1_320' title='bbox 703 1438 865 1474; x_wconf 81' lang='grc' dir='ltr'>ἢδιάκονος,</span> <span class='ocrx_word' id='word_1_321' title='bbox 877 1439 916 1472; x_wconf 81' lang='grc' dir='ltr'><strong>ὡς</strong></span> 
     </span>
    </p>
   </div>
   <div class='ocr_carea' id='block_1_48' title="bbox 121 1477 915 1517">
    <p class='ocr_par' dir='ltr' id='par_1_48' title="bbox 121 1477 915 1517">
     <span class='ocr_line' id='line_1_48' title="bbox 121 1477 915 1517; baseline 0.009 -13"><span class='ocrx_word' id='word_1_322' title='bbox 121 1477 205 1512; x_wconf 81' lang='grc' dir='ltr'>δῆθεν</span> <span class='ocrx_word' id='word_1_323' title='bbox 228 1478 273 1505; x_wconf 75' lang='grc' dir='ltr'><strong>ἐπ’</strong></span> <span class='ocrx_word' id='word_1_324' title='bbox 294 1479 453 1515; x_wconf 73' lang='grc' dir='ltr'>ἐγκλήμασί</span> <span class='ocrx_word' id='word_1_325' title='bbox 469 1489 525 1507; x_wconf 83' lang='grc' dir='ltr'>τισι</span> <span class='ocrx_word' id='word_1_326' title='bbox 544 1481 592 1508; x_wconf 84' lang='grc' dir='ltr'><strong>τοῦ</strong></span> <span class='ocrx_word' id='word_1_327' title='bbox 615 1482 715 1509; x_wconf 88' lang='grc' dir='ltr'>οἰκείου</span> <span class='ocrx_word' id='word_1_328' title='bbox 735 1483 915 1517; x_wconf 85' lang='grc' dir='ltr'>κατεγνωκὼς</span> 
     </span>
    </p>
   </div>
   <div class='ocr_carea' id='block_1_49' title="bbox 121 1524 915 1563">
    <p class='ocr_par' dir='ltr' id='par_1_49' title="bbox 121 1524 915 1563">
     <span class='ocr_line' id='line_1_49' title="bbox 121 1524 915 1563; baseline 0.008 -13"><span class='ocrx_word' id='word_1_329' title='bbox 121 1524 285 1557; x_wconf 74' lang='grc' dir='ltr'>ἐπισκόπου,</span> <span class='ocrx_word' id='word_1_330' title='bbox 300 1525 354 1560; x_wconf 71' lang='grc' dir='ltr'><strong>πρὸ</strong></span> <span class='ocrx_word' id='word_1_331' title='bbox 372 1526 514 1561; x_wconf 83' lang='grc' dir='ltr'>συνοδικῆς</span> <span class='ocrx_word' id='word_1_332' title='bbox 530 1526 680 1560; x_wconf 78' lang='grc' dir='ltr'>ὲξετάσεώς</span> <span class='ocrx_word' id='word_1_333' title='bbox 692 1537 721 1554; x_wconf 88' lang='grc' dir='ltr'><strong>τε</strong></span> <span class='ocrx_word' id='word_1_334' title='bbox 737 1529 783 1555; x_wconf 76' lang='grc' dir='ltr'>καὶ</span> <span class='ocrx_word' id='word_1_335' title='bbox 799 1527 915 1563; x_wconf 83' lang='grc' dir='ltr'>διαγνώ-</span> 
     </span>
    </p>
   </div>
   <div class='ocr_carea' id='block_1_50' title="bbox 968 929 1758 969">
    <p class='ocr_par' dir='ltr' id='par_1_50' title="bbox 968 929 1758 969">
     <span class='ocr_line' id='line_1_50' title="bbox 968 929 1758 969; baseline 0.006 -12"><span class='ocrx_word' id='word_1_336' title='bbox 968 929 1116 964; x_wconf 88' lang='lat' dir='ltr'><strong>irruentes,</strong></span> <span class='ocrx_word' id='word_1_337' title='bbox 1132 931 1329 961; x_wconf 87' lang='lat' dir='ltr'><strong>celebrationis</strong></span> <span class='ocrx_word' id='word_1_338' title='bbox 1350 933 1535 961; x_wconf 89' lang='lat' dir='ltr'><strong>ministerium</strong></span> <span class='ocrx_word' id='word_1_339' title='bbox 1555 934 1688 969; x_wconf 76' lang='lat' dir='ltr'><strong>attingere</strong></span> <span class='ocrx_word' id='word_1_340' title='bbox 1708 943 1758 962; x_wconf 89' lang='lat' dir='ltr'><strong>au-</strong></span> 
     </span>
    </p>
   </div>
   <div class='ocr_carea' id='block_1_51' title="bbox 967 975 1756 1016">
    <p class='ocr_par' dir='ltr' id='par_1_51' title="bbox 967 975 1756 1016">
     <span class='ocr_line' id='line_1_51' title="bbox 967 975 1756 1016; baseline 0.006 -13"><span class='ocrx_word' id='word_1_341' title='bbox 967 975 1060 1010; x_wconf 90' lang='lat' dir='ltr'><strong>deant,</strong></span> <span class='ocrx_word' id='word_1_342' title='bbox 1075 976 1094 1004; x_wconf 89' lang='lat' dir='ltr'><strong>ii</strong></span> <span class='ocrx_word' id='word_1_343' title='bbox 1105 977 1217 1013; x_wconf 84' lang='lat' dir='ltr'><strong>quidem</strong></span> <span class='ocrx_word' id='word_1_344' title='bbox 1227 978 1415 1013; x_wconf 83' lang='lat' dir='ltr'><strong>deponantur:</strong></span> <span class='ocrx_word' id='word_1_345' title='bbox 1428 979 1474 1014; x_wconf 92' lang='lat' dir='ltr'><strong>qui</strong></span> <span class='ocrx_word' id='word_1_346' title='bbox 1486 987 1552 1007; x_wconf 90' lang='lat' dir='ltr'><strong>vero</strong></span> <span class='ocrx_word' id='word_1_347' title='bbox 1568 980 1649 1016; x_wconf 75' lang='lat'><strong>126</strong></span> <span class='ocrx_word' id='word_1_348' title='bbox 1662 988 1756 1008; x_wconf 90' lang='lat' dir='ltr'><strong>eorum</strong></span> 
     </span>
    </p>
   </div>
   <div class='ocr_carea' id='block_1_52' title="bbox 967 1022 1758 1062">
    <p class='ocr_par' dir='ltr' id='par_1_52' title="bbox 967 1022 1758 1062">
     <span class='ocr_line' id='line_1_52' title="bbox 967 1022 1758 1062; baseline 0.008 -14"><span class='ocrx_word' id='word_1_349' title='bbox 967 1022 1170 1050; x_wconf 84' lang='lat' dir='ltr'><strong>communionis</strong></span> <span class='ocrx_word' id='word_1_350' title='bbox 1192 1028 1257 1051; x_wconf 86' lang='lat' dir='ltr'><strong>sunt</strong></span> <span class='ocrx_word' id='word_1_351' title='bbox 1283 1024 1645 1060; x_wconf 73' lang='lat' dir='ltr'><strong>participes,segregationi</strong></span> <span class='ocrx_word' id='word_1_352' title='bbox 1671 1026 1758 1062; x_wconf 87' lang='lat' dir='ltr'><strong>subji-</strong></span> 
     </span>
    </p>
   </div>
   <div class='ocr_carea' id='block_1_53' title="bbox 967 1067 1084 1094">
    <p class='ocr_par' dir='ltr' id='par_1_53' title="bbox 967 1067 1084 1094">
     <span class='ocr_line' id='line_1_53' title="bbox 967 1067 1084 1094; baseline 0 0"><span class='ocrx_word' id='word_1_353' title='bbox 967 1067 1084 1094; x_wconf 87' lang='lat' dir='ltr'><strong>ciantur.</strong></span> 
     </span>
    </p>
   </div>
   <div class='ocr_carea' id='block_1_54' title="bbox 1003 1113 1756 1148">
    <p class='ocr_par' dir='ltr' id='par_1_54' title="bbox 1003 1113 1756 1148">
     <span class='ocr_line' id='line_1_54' title="bbox 1003 1113 1756 1148; baseline 0.008 -8"><span class='ocrx_word' id='word_1_354' title='bbox 1003 1113 1046 1141; x_wconf 77' lang='grc'><strong>15.</strong></span> <span class='ocrx_word' id='word_1_355' title='bbox 1066 1113 1261 1143; x_wconf 80' lang='lat' dir='ltr'><strong>Haereticorum</strong></span> <span class='ocrx_word' id='word_1_356' title='bbox 1285 1116 1455 1145; x_wconf 83' lang='lat' dir='ltr'><strong>zizaniorum</strong></span> <span class='ocrx_word' id='word_1_357' title='bbox 1470 1119 1576 1148; x_wconf 89' lang='lat' dir='ltr'><strong>semina</strong></span> <span class='ocrx_word' id='word_1_358' title='bbox 1593 1119 1620 1147; x_wconf 90' lang='lat' dir='ltr'><strong>in</strong></span> <span class='ocrx_word' id='word_1_359' title='bbox 1637 1119 1682 1147; x_wconf 88' lang='lat' dir='ltr'><strong>Dei</strong></span> <span class='ocrx_word' id='word_1_360' title='bbox 1704 1119 1756 1146; x_wconf 82' lang='lat' dir='ltr'><strong>Ec-</strong></span> 
     </span>
    </p>
   </div>
   <div class='ocr_carea' id='block_1_55' title="bbox 967 1158 1755 1200">
    <p class='ocr_par' dir='ltr' id='par_1_55' title="bbox 967 1158 1755 1200">
     <span class='ocr_line' id='line_1_55' title="bbox 967 1158 1755 1200; baseline 0.009 -15"><span class='ocrx_word' id='word_1_361' title='bbox 967 1158 1049 1186; x_wconf 87' lang='lat' dir='ltr'><strong>clesia</strong></span> <span class='ocrx_word' id='word_1_362' title='bbox 1066 1161 1202 1196; x_wconf 79' lang='lat' dir='ltr'><strong>malignus</strong></span> <span class='ocrx_word' id='word_1_363' title='bbox 1221 1161 1363 1197; x_wconf 87' lang='lat' dir='ltr'><strong>dejiciens,</strong></span> <span class='ocrx_word' id='word_1_364' title='bbox 1376 1168 1404 1191; x_wconf 91' lang='lat' dir='ltr'><strong>et</strong></span> <span class='ocrx_word' id='word_1_365' title='bbox 1419 1171 1466 1191; x_wconf 86' lang='lat' dir='ltr'><strong>eas</strong></span> <span class='ocrx_word' id='word_1_366' title='bbox 1484 1164 1580 1192; x_wconf 88' lang='lat' dir='ltr'><strong>videns</strong></span> <span class='ocrx_word' id='word_1_367' title='bbox 1595 1164 1686 1200; x_wconf 80' lang='lat' dir='ltr'><strong>gladio</strong></span> <span class='ocrx_word' id='word_1_368' title='bbox 1699 1164 1755 1199; x_wconf 90' lang='lat' dir='ltr'><strong>spi-</strong></span> 
     </span>
    </p>
   </div>
   <div class='ocr_carea' id='block_1_56' title="bbox 966 1204 1754 1242">
    <p class='ocr_par' dir='ltr' id='par_1_56' title="bbox 966 1204 1754 1242">
     <span class='ocr_line' id='line_1_56' title="bbox 966 1204 1754 1242; baseline 0.008 -11"><span class='ocrx_word' id='word_1_369' title='bbox 966 1204 1038 1232; x_wconf 87' lang='lat' dir='ltr'><strong>ritus</strong></span> <span class='ocrx_word' id='word_1_370' title='bbox 1056 1206 1179 1233; x_wconf 80' lang='lat' dir='ltr'><strong>exscindi</strong></span> <span class='ocrx_word' id='word_1_371' title='bbox 1200 1207 1343 1242; x_wconf 84' lang='lat' dir='ltr'><strong>radicitus,</strong></span> <span class='ocrx_word' id='word_1_372' title='bbox 1358 1208 1392 1236; x_wconf 89' lang='lat' dir='ltr'><strong>ad</strong></span> <span class='ocrx_word' id='word_1_373' title='bbox 1411 1209 1492 1236; x_wconf 87' lang='lat' dir='ltr'><strong>aliam</strong></span> <span class='ocrx_word' id='word_1_374' title='bbox 1501 1210 1574 1237; x_wconf 87' lang='lat' dir='ltr'><strong>venit</strong></span> <span class='ocrx_word' id='word_1_375' title='bbox 1594 1210 1754 1237; x_wconf 81' lang='lat' dir='ltr'><strong>insidiarum</strong></span> 
     </span>
    </p>
   </div>
   <div class='ocr_carea' id='block_1_57' title="bbox 966 1250 1756 1290">
    <p class='ocr_par' dir='ltr' id='par_1_57' title="bbox 966 1250 1756 1290">
     <span class='ocr_line' id='line_1_57' title="bbox 966 1250 1756 1290; baseline 0.006 -13"><span class='ocrx_word' id='word_1_376' title='bbox 966 1250 1051 1283; x_wconf 89' lang='lat' dir='ltr'><strong>viam,</strong></span> <span class='ocrx_word' id='word_1_377' title='bbox 1067 1251 1305 1280; x_wconf 86' lang='lat' dir='ltr'><strong>schismaticorum</strong></span> <span class='ocrx_word' id='word_1_378' title='bbox 1324 1254 1432 1283; x_wconf 86' lang='lat' dir='ltr'><strong>insania</strong></span> <span class='ocrx_word' id='word_1_379' title='bbox 1449 1255 1552 1283; x_wconf 84' lang='lat' dir='ltr'><strong>Christi</strong></span> <span class='ocrx_word' id='word_1_380' title='bbox 1567 1263 1669 1290; x_wconf 88' lang='lat' dir='ltr'><strong>corpus</strong></span> <span class='ocrx_word' id='word_1_381' title='bbox 1686 1256 1756 1282; x_wconf 87' lang='lat' dir='ltr'><strong>divi-</strong></span> 
     </span>
    </p>
   </div>
   <div class='ocr_carea' id='block_1_58' title="bbox 966 1295 1754 1336">
    <p class='ocr_par' dir='ltr' id='par_1_58' title="bbox 966 1295 1754 1336">
     <span class='ocr_line' id='line_1_58' title="bbox 966 1295 1754 1336; baseline 0.006 -14"><span class='ocrx_word' id='word_1_382' title='bbox 966 1295 1032 1323; x_wconf 86' lang='lat' dir='ltr'><strong>dere</strong></span> <span class='ocrx_word' id='word_1_383' title='bbox 1055 1298 1225 1333; x_wconf 75' lang='lat' dir='ltr'><strong>aggrediens.</strong></span> <span class='ocrx_word' id='word_1_384' title='bbox 1247 1298 1301 1327; x_wconf 91' lang='lat' dir='ltr'><strong>Sed</strong></span> <span class='ocrx_word' id='word_1_385' title='bbox 1321 1304 1348 1328; x_wconf 91' lang='lat' dir='ltr'><strong>et</strong></span> <span class='ocrx_word' id='word_1_386' title='bbox 1369 1301 1420 1328; x_wconf 83' lang='lat' dir='ltr'><strong>has</strong></span> <span class='ocrx_word' id='word_1_387' title='bbox 1443 1301 1504 1336; x_wconf 90' lang='lat' dir='ltr'><strong>ejus</strong></span> <span class='ocrx_word' id='word_1_388' title='bbox 1523 1301 1639 1328; x_wconf 85' lang='lat' dir='ltr'><strong>insidias</strong></span> <span class='ocrx_word' id='word_1_389' title='bbox 1660 1305 1754 1328; x_wconf 84' lang='lat' dir='ltr'><strong>saneta</strong></span> 
     </span>
    </p>
   </div>
   <div class='ocr_carea' id='block_1_59' title="bbox 966 1342 1753 1381">
    <p class='ocr_par' dir='ltr' id='par_1_59' title="bbox 966 1342 1753 1381">
     <span class='ocr_line' id='line_1_59' title="bbox 966 1342 1753 1381; baseline 0.004 -12"><span class='ocrx_word' id='word_1_390' title='bbox 966 1342 1088 1377; x_wconf 87' lang='lat' dir='ltr'><strong>synodus</strong></span> <span class='ocrx_word' id='word_1_391' title='bbox 1106 1344 1271 1379; x_wconf 89' lang='lat' dir='ltr'><strong>reprimens,</strong></span> <span class='ocrx_word' id='word_1_392' title='bbox 1287 1346 1401 1374; x_wconf 84' lang='lat' dir='ltr'><strong>omnino</strong></span> <span class='ocrx_word' id='word_1_393' title='bbox 1415 1347 1520 1374; x_wconf 82' lang='lat' dir='ltr'><strong>deliniit</strong></span> <span class='ocrx_word' id='word_1_394' title='bbox 1532 1347 1661 1381; x_wconf 86' lang='lat' dir='ltr'><strong>deinceps</strong></span> <span class='ocrx_word' id='word_1_395' title='bbox 1678 1351 1720 1378; x_wconf 89' lang='lat' dir='ltr'><strong>ut,</strong></span> <span class='ocrx_word' id='word_1_396' title='bbox 1731 1347 1753 1373; x_wconf 88' lang='lat' dir='ltr'><strong>si</strong></span> 
     </span>
    </p>
   </div>
   <div class='ocr_carea' id='block_1_60' title="bbox 965 1389 1755 1428">
    <p class='ocr_par' dir='ltr' id='par_1_60' title="bbox 965 1389 1755 1428">
     <span class='ocr_line' id='line_1_60' title="bbox 965 1389 1755 1428; baseline 0.004 -12"><span class='ocrx_word' id='word_1_397' title='bbox 965 1389 1029 1423; x_wconf 86' lang='lat' dir='ltr'><strong>quis</strong></span> <span class='ocrx_word' id='word_1_398' title='bbox 1053 1390 1207 1426; x_wconf 87' lang='lat' dir='ltr'><strong>presbyter,</strong></span> <span class='ocrx_word' id='word_1_399' title='bbox 1231 1392 1275 1419; x_wconf 88' lang='lat' dir='ltr'><strong>vel</strong></span> <span class='ocrx_word' id='word_1_400' title='bbox 1300 1392 1443 1424; x_wconf 87' lang='lat' dir='ltr'><strong>diaconus,</strong></span> <span class='ocrx_word' id='word_1_401' title='bbox 1465 1397 1496 1419; x_wconf 92' lang='lat' dir='ltr'><strong>ut</strong></span> <span class='ocrx_word' id='word_1_402' title='bbox 1521 1392 1568 1428; x_wconf 90' lang='lat' dir='ltr'><strong>qui</strong></span> <span class='ocrx_word' id='word_1_403' title='bbox 1599 1393 1694 1427; x_wconf 92' lang='lat' dir='ltr'><strong>utique</strong></span> <span class='ocrx_word' id='word_1_404' title='bbox 1719 1393 1755 1419; x_wconf 93' lang='lat' dir='ltr'><strong>ob</strong></span> 
     </span>
    </p>
   </div>
   <div class='ocr_carea' id='block_1_61' title="bbox 966 1433 1753 1472">
    <p class='ocr_par' dir='ltr' id='par_1_61' title="bbox 966 1433 1753 1472">
     <span class='ocr_line' id='line_1_61' title="bbox 966 1433 1753 1472; baseline 0.005 -11"><span class='ocrx_word' id='word_1_405' title='bbox 966 1433 1057 1468; x_wconf 85' lang='lat' dir='ltr'><strong>aliqua</strong></span> <span class='ocrx_word' id='word_1_406' title='bbox 1073 1435 1191 1463; x_wconf 87' lang='lat' dir='ltr'><strong>crimina</strong></span> <span class='ocrx_word' id='word_1_407' title='bbox 1216 1436 1357 1471; x_wconf 90' lang='lat' dir='ltr'><strong>proprium</strong></span> <span class='ocrx_word' id='word_1_408' title='bbox 1378 1437 1535 1472; x_wconf 89' lang='lat' dir='ltr'><strong>episcopum</strong></span> <span class='ocrx_word' id='word_1_409' title='bbox 1554 1438 1753 1467; x_wconf 82' lang='lat' dir='ltr'><strong>condemnarit.</strong></span> 
     </span>
    </p>
   </div>
   <div class='ocr_carea' id='block_1_62' title="bbox 967 1480 1756 1517">
    <p class='ocr_par' dir='ltr' id='par_1_62' title="bbox 967 1480 1756 1517">
     <span class='ocr_line' id='line_1_62' title="bbox 967 1480 1756 1517; baseline 0.006 -12"><span class='ocrx_word' id='word_1_410' title='bbox 967 1484 1030 1506; x_wconf 85' lang='lat' dir='ltr'><strong>aute</strong></span> <span class='ocrx_word' id='word_1_411' title='bbox 1045 1480 1202 1516; x_wconf 83' lang='lat' dir='ltr'><strong>synodalem</strong></span> <span class='ocrx_word' id='word_1_412' title='bbox 1215 1482 1414 1517; x_wconf 76' lang='lat' dir='ltr'><strong>cognitionem,</strong></span> <span class='ocrx_word' id='word_1_413' title='bbox 1426 1487 1452 1510; x_wconf 88' lang='lat' dir='ltr'><strong>et</strong></span> <span class='ocrx_word' id='word_1_414' title='bbox 1470 1483 1712 1515; x_wconf 75' lang='lat' dir='ltr'><strong>examinationem,</strong></span> <span class='ocrx_word' id='word_1_415' title='bbox 1728 1488 1756 1510; x_wconf 90' lang='lat' dir='ltr'><strong>ct</strong></span> 
     </span>
    </p>
   </div>
   <div class='ocr_carea' id='block_1_63' title="bbox 965 1524 1754 1562">
    <p class='ocr_par' dir='ltr' id='par_1_63' title="bbox 965 1524 1754 1562">
     <span class='ocr_line' id='line_1_63' title="bbox 965 1524 1754 1562; baseline 0.006 -11"><span class='ocrx_word' id='word_1_416' title='bbox 965 1524 1116 1559; x_wconf 79' lang='lat' dir='ltr'><strong>perfectam</strong></span> <span class='ocrx_word' id='word_1_417' title='bbox 1127 1526 1188 1562; x_wconf 80' lang='lat' dir='ltr'><strong>ejus</strong></span> <span class='ocrx_word' id='word_1_418' title='bbox 1202 1527 1471 1561; x_wconf 86' lang='lat' dir='ltr'><strong>condemnationem,</strong></span> <span class='ocrx_word' id='word_1_419' title='bbox 1488 1529 1524 1555; x_wconf 89' lang='lat' dir='ltr'><strong>ab</strong></span> <span class='ocrx_word' id='word_1_420' title='bbox 1541 1528 1614 1556; x_wconf 90' lang='lat' dir='ltr'><strong>illius</strong></span> <span class='ocrx_word' id='word_1_421' title='bbox 1630 1537 1754 1556; x_wconf 89' lang='lat' dir='ltr'><strong>commu-</strong></span> 
     </span>
    </p>
   </div>
   <div class='ocr_carea' id='block_1_64' title="bbox 121 1568 924 1609">
    <p class='ocr_par' dir='ltr' id='par_1_64' title="bbox 121 1569 916 1609">
     <span class='ocr_line' id='line_1_64' title="bbox 121 1569 916 1609; baseline 0.009 -14"><span class='ocrx_word' id='word_1_422' title='bbox 121 1577 203 1601; x_wconf 84' lang='grc' dir='ltr'>σεως,</span> <span class='ocrx_word' id='word_1_423' title='bbox 218 1569 267 1596; x_wconf 83' lang='grc' dir='ltr'>καὶ</span> <span class='ocrx_word' id='word_1_424' title='bbox 288 1570 339 1605; x_wconf 86' lang='grc' dir='ltr'>τῆς</span> <span class='ocrx_word' id='word_1_425' title='bbox 355 1570 399 1597; x_wconf 73' lang='grc' dir='ltr'><strong>ἐπ’</strong></span> <span class='ocrx_word' id='word_1_426' title='bbox 414 1571 489 1607; x_wconf 80' lang='grc' dir='ltr'>αὐτῷ</span> <span class='ocrx_word' id='word_1_427' title='bbox 508 1572 613 1604; x_wconf 86' lang='grc' dir='ltr'>τελείας</span> <span class='ocrx_word' id='word_1_428' title='bbox 627 1573 826 1609; x_wconf 83' lang='grc' dir='ltr'>κατακρίσεως,</span> <span class='ocrx_word' id='word_1_429' title='bbox 848 1575 916 1601; x_wconf 85' lang='grc' dir='ltr'>ἀπο-</span> 
     </span>
    </p>
   </div>
   <div class='ocr_carea' id='block_1_65' title="bbox 969 1568 1755 1609">
    <p class='ocr_par' dir='ltr' id='par_1_65' title="bbox 969 1569 1755 1608">
     <span class='ocr_line' id='line_1_65' title="bbox 969 1569 1755 1608; baseline 0.009 -13"><span class='ocrx_word' id='word_1_430' title='bbox 969 1569 1049 1597; x_wconf 90' lang='lat' dir='ltr'><strong>nione</strong></span> <span class='ocrx_word' id='word_1_431' title='bbox 1057 1570 1198 1600; x_wconf 86' lang='lat' dir='ltr'><strong>discedere</strong></span> <span class='ocrx_word' id='word_1_432' title='bbox 1209 1579 1295 1600; x_wconf 86' lang='lat' dir='ltr'><strong>ausus</strong></span> <span class='ocrx_word' id='word_1_433' title='bbox 1305 1572 1398 1606; x_wconf 86' lang='lat' dir='ltr'><strong>fuerit,</strong></span> <span class='ocrx_word' id='word_1_434' title='bbox 1408 1578 1435 1601; x_wconf 90' lang='lat' dir='ltr'><strong>et</strong></span> <span class='ocrx_word' id='word_1_435' title='bbox 1447 1574 1505 1608; x_wconf 70' lang='lat' dir='ltr'><strong>ejus</strong></span> <span class='ocrx_word' id='word_1_436' title='bbox 1518 1582 1616 1602; x_wconf 89' lang='lat' dir='ltr'><strong>nomen</strong></span> <span class='ocrx_word' id='word_1_437' title='bbox 1627 1575 1654 1602; x_wconf 92' lang='lat' dir='ltr'><strong>in</strong></span> <span class='ocrx_word' id='word_1_438' title='bbox 1666 1575 1755 1602; x_wconf 88' lang='lat' dir='ltr'><strong>sacris</strong></span> 
     </span>
    </p>
   </div>
   <div class='ocr_carea' id='block_1_66' title="bbox 121 1613 915 1656">
    <p class='ocr_par' dir='ltr' id='par_1_66' title="bbox 121 1613 915 1656">
     <span class='ocr_line' id='line_1_66' title="bbox 121 1613 915 1656; baseline 0.01 -16"><span class='ocrx_word' id='word_1_439' title='bbox 121 1613 220 1648; x_wconf 82' lang='grc' dir='ltr'>στῆναι</span> <span class='ocrx_word' id='word_1_440' title='bbox 243 1614 375 1651; x_wconf 88' lang='grc' dir='ltr'>τολμήσοι</span> <span class='ocrx_word' id='word_1_441' title='bbox 396 1618 445 1652; x_wconf 85' lang='grc' dir='ltr'>τῆς</span> <span class='ocrx_word' id='word_1_442' title='bbox 461 1617 544 1644; x_wconf 81' lang='grc' dir='ltr'>αὐτοῦ</span> <span class='ocrx_word' id='word_1_443' title='bbox 561 1619 713 1652; x_wconf 80' lang='grc' dir='ltr'>κοινωνίας,</span> <span class='ocrx_word' id='word_1_444' title='bbox 726 1620 773 1646; x_wconf 82' lang='grc' dir='ltr'><strong>καί</strong></span> <span class='ocrx_word' id='word_1_445' title='bbox 788 1620 818 1647; x_wconf 78' lang='grc' dir='ltr'><strong>τὸ</strong></span> <span class='ocrx_word' id='word_1_446' title='bbox 829 1620 915 1656; x_wconf 75' lang='grc' dir='ltr'>ὄνομα</span> 
     </span>
    </p>
   </div>
   <div class='ocr_carea' id='block_1_67' title="bbox 119 1660 915 1701">
    <p class='ocr_par' dir='ltr' id='par_1_67' title="bbox 119 1660 915 1701">
     <span class='ocr_line' id='line_1_67' title="bbox 119 1660 915 1701; baseline 0.009 -15"><span class='ocrx_word' id='word_1_447' title='bbox 119 1660 206 1686; x_wconf 83' lang='grc' dir='ltr'>αὐτοῦ</span> <span class='ocrx_word' id='word_1_448' title='bbox 229 1661 258 1687; x_wconf 86' lang='grc' dir='ltr'>ὲν</span> <span class='ocrx_word' id='word_1_449' title='bbox 279 1662 340 1693; x_wconf 78' lang='grc' dir='ltr'>ταῖς</span> <span class='ocrx_word' id='word_1_450' title='bbox 368 1662 453 1696; x_wconf 80' lang='grc' dir='ltr'>ἱεραῖς</span> <span class='ocrx_word' id='word_1_451' title='bbox 467 1663 521 1689; x_wconf 88' lang='grc' dir='ltr'><strong>τῶν</strong></span> <span class='ocrx_word' id='word_1_452' title='bbox 537 1664 714 1700; x_wconf 83' lang='grc' dir='ltr'>λειτουργιῶν</span> <span class='ocrx_word' id='word_1_453' title='bbox 731 1665 835 1701; x_wconf 76' lang='grc' dir='ltr'>εὐχαῖς,</span> <span class='ocrx_word' id='word_1_454' title='bbox 844 1666 915 1693; x_wconf 83' lang='grc' dir='ltr'>κατὰ</span> 
     </span>
    </p>
   </div>
   <div class='ocr_carea' id='block_1_68' title="bbox 119 1705 916 1745">
    <p class='ocr_par' dir='ltr' id='par_1_68' title="bbox 119 1705 916 1745">
     <span class='ocr_line' id='line_1_68' title="bbox 119 1705 916 1745; baseline 0.009 -14"><span class='ocrx_word' id='word_1_455' title='bbox 119 1705 151 1731; x_wconf 80' lang='grc' dir='ltr'>τὸ</span> <span class='ocrx_word' id='word_1_456' title='bbox 165 1705 384 1742; x_wconf 81' lang='grc' dir='ltr'>παραδεδομένον</span> <span class='ocrx_word' id='word_1_457' title='bbox 398 1709 430 1743; x_wconf 84' lang='grc' dir='ltr'><strong>τῇ</strong></span> <span class='ocrx_word' id='word_1_458' title='bbox 450 1708 609 1745; x_wconf 67' lang='grc' dir='ltr'>Ἐκκλησία,</span> <span class='ocrx_word' id='word_1_459' title='bbox 618 1710 654 1745; x_wconf 80' lang='grc' dir='ltr'>μὴ</span> <span class='ocrx_word' id='word_1_460' title='bbox 665 1710 807 1745; x_wconf 81' lang='grc' dir='ltr'>ἀναφέροι,</span> <span class='ocrx_word' id='word_1_461' title='bbox 819 1710 916 1738; x_wconf 84' lang='grc' dir='ltr'>τοῦτον</span> 
     </span>
    </p>
   </div>
   <div class='ocr_carea' id='block_1_69' title="bbox 119 1750 914 1791">
    <p class='ocr_par' dir='ltr' id='par_1_69' title="bbox 119 1750 914 1791">
     <span class='ocr_line' id='line_1_69' title="bbox 119 1750 914 1791; baseline 0.009 -14"><span class='ocrx_word' id='word_1_462' title='bbox 119 1750 284 1779; x_wconf 72' lang='grc' dir='ltr'>ὑποκεῖσθαι</span> <span class='ocrx_word' id='word_1_463' title='bbox 295 1753 464 1788; x_wconf 78' lang='grc' dir='ltr'>καθαιρέσει,</span> <span class='ocrx_word' id='word_1_464' title='bbox 477 1754 526 1782; x_wconf 77' lang='grc' dir='ltr'>καὶ</span> <span class='ocrx_word' id='word_1_465' title='bbox 540 1755 631 1790; x_wconf 83' lang='grc' dir='ltr'>πάσης</span> <span class='ocrx_word' id='word_1_466' title='bbox 647 1755 786 1791; x_wconf 85' lang='grc' dir='ltr'>ίερατικῆς</span> <span class='ocrx_word' id='word_1_467' title='bbox 797 1757 914 1784; x_wconf 83' lang='grc' dir='ltr'>ἀποστε-</span> 
     </span>
    </p>
   </div>
   <div class='ocr_carea' id='block_1_70' title="bbox 121 1796 914 1836">
    <p class='ocr_par' dir='ltr' id='par_1_70' title="bbox 121 1796 914 1836">
     <span class='ocr_line' id='line_1_70' title="bbox 121 1796 914 1836; baseline 0.008 -14"><span class='ocrx_word' id='word_1_468' title='bbox 121 1796 230 1832; x_wconf 86' lang='grc' dir='ltr'>ρεῖσθαι</span> <span class='ocrx_word' id='word_1_469' title='bbox 246 1798 340 1833; x_wconf 88' lang='grc' dir='ltr'>τιμῆς.</span> <span class='ocrx_word' id='word_1_470' title='bbox 365 1798 396 1826; x_wconf 90' lang='lat'><strong>&#39;0</strong></span> <span class='ocrx_word' id='word_1_471' title='bbox 414 1799 470 1835; x_wconf 75' lang='grc' dir='ltr'><strong>γὰρ</strong></span> <span class='ocrx_word' id='word_1_472' title='bbox 485 1800 514 1826; x_wconf 79' lang='grc' dir='ltr'>ὲν</span> <span class='ocrx_word' id='word_1_473' title='bbox 527 1801 714 1836; x_wconf 79' lang='grc' dir='ltr'>πρεσϐυτέρου</span> <span class='ocrx_word' id='word_1_474' title='bbox 738 1801 815 1834; x_wconf 80' lang='grc' dir='ltr'>τάξει</span> <span class='ocrx_word' id='word_1_475' title='bbox 835 1809 914 1829; x_wconf 82' lang='grc' dir='ltr'>τετα-</span> 
     </span>
    </p>
   </div>
   <div class='ocr_carea' id='block_1_71' title="bbox 123 1842 927 1882">
    <p class='ocr_par' dir='ltr' id='par_1_71' title="bbox 123 1842 927 1882">
     <span class='ocr_line' id='line_1_71' title="bbox 123 1842 927 1882; baseline 0.006 -14"><span class='ocrx_word' id='word_1_476' title='bbox 123 1842 236 1877; x_wconf 88' lang='grc' dir='ltr'>γμένος,</span> <span class='ocrx_word' id='word_1_477' title='bbox 252 1843 300 1870; x_wconf 79' lang='grc' dir='ltr'>καὶ</span> <span class='ocrx_word' id='word_1_478' title='bbox 315 1844 371 1871; x_wconf 87' lang='grc' dir='ltr'><strong>τῶν</strong></span> <span class='ocrx_word' id='word_1_479' title='bbox 387 1844 593 1880; x_wconf 85' lang='grc' dir='ltr'>μητροπολιτῶν</span> <span class='ocrx_word' id='word_1_480' title='bbox 604 1846 734 1881; x_wconf 79' lang='grc' dir='ltr'>ἁρπάζων</span> <span class='ocrx_word' id='word_1_481' title='bbox 748 1848 798 1882; x_wconf 82' lang='grc' dir='ltr'>τὴν</span> <span class='ocrx_word' id='word_1_482' title='bbox 812 1846 913 1882; x_wconf 90' lang='grc' dir='ltr'>κρίσιν,</span> <span class='ocrx_word' id='word_1_483' title='bbox 925 1865 927 1868; x_wconf 89' lang='grc'><strong>-</strong></span> 
     </span>
    </p>
   </div>
   <div class='ocr_carea' id='block_1_72' title="bbox 123 1888 915 1927">
    <p class='ocr_par' dir='ltr' id='par_1_72' title="bbox 123 1888 915 1927">
     <span class='ocr_line' id='line_1_72' title="bbox 123 1888 915 1927; baseline 0.006 -13"><span class='ocrx_word' id='word_1_484' title='bbox 123 1888 172 1915; x_wconf 78' lang='grc' dir='ltr'>καὶ</span> <span class='ocrx_word' id='word_1_485' title='bbox 191 1889 245 1923; x_wconf 84' lang='grc' dir='ltr'><strong>πρὸ</strong></span> <span class='ocrx_word' id='word_1_486' title='bbox 260 1889 378 1924; x_wconf 84' lang='grc' dir='ltr'>κρίσεως</span> <span class='ocrx_word' id='word_1_487' title='bbox 395 1890 477 1922; x_wconf 85' lang='grc' dir='ltr'>αὐτὸς</span> <span class='ocrx_word' id='word_1_488' title='bbox 493 1891 677 1927; x_wconf 84' lang='grc' dir='ltr'>κατακρίνων,</span> <span class='ocrx_word' id='word_1_489' title='bbox 690 1892 752 1918; x_wconf 83' lang='grc' dir='ltr'>ὅσον</span> <span class='ocrx_word' id='word_1_490' title='bbox 764 1893 794 1918; x_wconf 77' lang='grc' dir='ltr'><strong>τὺ</strong></span> <span class='ocrx_word' id='word_1_491' title='bbox 806 1892 850 1919; x_wconf 77' lang='grc' dir='ltr'><strong>ἐπ’</strong></span> <span class='ocrx_word' id='word_1_492' title='bbox 865 1893 915 1919; x_wconf 80' lang='grc' dir='ltr'><strong>αὑ-</strong></span> 
     </span>
    </p>
   </div>
   <div class='ocr_carea' id='block_1_73' title="bbox 120 1933 915 1972">
    <p class='ocr_par' dir='ltr' id='par_1_73' title="bbox 120 1933 915 1972">
     <span class='ocr_line' id='line_1_73' title="bbox 120 1933 915 1972; baseline 0.005 -12"><span class='ocrx_word' id='word_1_493' title='bbox 120 1933 170 1969; x_wconf 84' lang='grc' dir='ltr'>τῷ,</span> <span class='ocrx_word' id='word_1_494' title='bbox 184 1935 231 1961; x_wconf 81' lang='grc' dir='ltr'><strong>τὸν</strong></span> <span class='ocrx_word' id='word_1_495' title='bbox 243 1935 342 1962; x_wconf 83' lang='grc' dir='ltr'>οἰκεῖον</span> <span class='ocrx_word' id='word_1_496' title='bbox 351 1936 458 1972; x_wconf 79' lang='grc' dir='ltr'>πατέρα</span> <span class='ocrx_word' id='word_1_497' title='bbox 469 1937 516 1963; x_wconf 73' lang='grc' dir='ltr'>καὶ</span> <span class='ocrx_word' id='word_1_498' title='bbox 530 1937 691 1969; x_wconf 74' lang='grc' dir='ltr'>ἐπίσκοπον,</span> <span class='ocrx_word' id='word_1_499' title='bbox 704 1934 782 1970; x_wconf 73' lang='grc' dir='ltr'>οὗτος</span> <span class='ocrx_word' id='word_1_500' title='bbox 792 1937 852 1964; x_wconf 78' lang='grc' dir='ltr'>οὐδὲ</span> <span class='ocrx_word' id='word_1_501' title='bbox 863 1938 915 1972; x_wconf 86' lang='grc' dir='ltr'>τῆς</span> 
     </span>
    </p>
   </div>
   <div class='ocr_carea' id='block_1_74' title="bbox 120 1979 914 2019">
    <p class='ocr_par' dir='ltr' id='par_1_74' title="bbox 120 1979 914 2019">
     <span class='ocr_line' id='line_1_74' title="bbox 120 1979 914 2019; baseline 0.006 -13"><span class='ocrx_word' id='word_1_502' title='bbox 120 1979 169 2006; x_wconf 86' lang='grc' dir='ltr'><strong>τοῦ</strong></span> <span class='ocrx_word' id='word_1_503' title='bbox 178 1980 363 2017; x_wconf 87' lang='grc' dir='ltr'>πρεσϐυτέρου</span> <span class='ocrx_word' id='word_1_504' title='bbox 375 1982 449 2009; x_wconf 65' lang='grc' dir='ltr'>ἐστὶν</span> <span class='ocrx_word' id='word_1_505' title='bbox 460 1982 534 2015; x_wconf 77' lang='grc' dir='ltr'>ἄξιος</span> <span class='ocrx_word' id='word_1_506' title='bbox 543 1983 626 2018; x_wconf 86' lang='grc' dir='ltr'>τιμῆς</span> <span class='ocrx_word' id='word_1_507' title='bbox 640 1983 656 2019; x_wconf 80' lang='grc' dir='ltr'>ἢ</span> <span class='ocrx_word' id='word_1_508' title='bbox 671 1983 830 2018; x_wconf 81' lang='grc' dir='ltr'>ὀνομασίας.</span> <span class='ocrx_word' id='word_1_509' title='bbox 842 1984 875 2010; x_wconf 83' lang='grc' dir='ltr'>Οἱ</span> <span class='ocrx_word' id='word_1_510' title='bbox 885 1983 914 2011; x_wconf 82' lang='grc' dir='ltr'>δὲ</span> 
     </span>
    </p>
   </div>
   <div class='ocr_carea' id='block_1_75' title="bbox 119 2026 913 2064">
    <p class='ocr_par' dir='ltr' id='par_1_75' title="bbox 119 2026 913 2064">
     <span class='ocr_line' id='line_1_75' title="bbox 119 2026 913 2064; baseline 0.005 -12"><span class='ocrx_word' id='word_1_511' title='bbox 119 2026 229 2058; x_wconf 78' lang='grc' dir='ltr'>τούτοις</span> <span class='ocrx_word' id='word_1_512' title='bbox 255 2028 451 2062; x_wconf 82' lang='grc' dir='ltr'>συνεπόμενοι,</span> <span class='ocrx_word' id='word_1_513' title='bbox 475 2029 500 2054; x_wconf 93' lang='grc' dir='ltr'><strong>εἰ</strong></span> <span class='ocrx_word' id='word_1_514' title='bbox 525 2029 575 2064; x_wconf 81' lang='grc' dir='ltr'>μὲν</span> <span class='ocrx_word' id='word_1_515' title='bbox 599 2029 654 2056; x_wconf 89' lang='grc' dir='ltr'><strong>τῶν</strong></span> <span class='ocrx_word' id='word_1_516' title='bbox 677 2029 833 2064; x_wconf 74' lang='grc' dir='ltr'>ἱερωμένων</span> <span class='ocrx_word' id='word_1_517' title='bbox 857 2027 913 2057; x_wconf 77' lang='grc' dir='ltr'>εἶέν</span> 
     </span>
    </p>
   </div>
   <div class='ocr_carea' id='block_1_76' title="bbox 119 2072 913 2110">
    <p class='ocr_par' dir='ltr' id='par_1_76' title="bbox 119 2072 913 2110">
     <span class='ocr_line' id='line_1_76' title="bbox 119 2072 913 2110; baseline 0.005 -12"><span class='ocrx_word' id='word_1_518' title='bbox 119 2079 206 2103; x_wconf 82' lang='grc' dir='ltr'>τινες,</span> <span class='ocrx_word' id='word_1_519' title='bbox 219 2072 267 2099; x_wconf 76' lang='grc' dir='ltr'>καὶ</span> <span class='ocrx_word' id='word_1_520' title='bbox 282 2073 359 2100; x_wconf 77' lang='grc' dir='ltr'>αὐτοὶ</span> <span class='ocrx_word' id='word_1_521' title='bbox 372 2074 423 2108; x_wconf 82' lang='grc' dir='ltr'>τῆς</span> <span class='ocrx_word' id='word_1_522' title='bbox 436 2074 540 2106; x_wconf 79' lang='grc' dir='ltr'>οἰκείας</span> <span class='ocrx_word' id='word_1_523' title='bbox 555 2075 637 2110; x_wconf 79' lang='grc' dir='ltr'>τιμῆς</span> <span class='ocrx_word' id='word_1_524' title='bbox 650 2075 858 2102; x_wconf 79' lang='grc' dir='ltr'>ὲκπιπτέτωσαν</span> <span class='ocrx_word' id='word_1_525' title='bbox 867 2083 874 2091; x_wconf 90' lang='grc'><strong>·</strong></span> <span class='ocrx_word' id='word_1_526' title='bbox 887 2076 913 2102; x_wconf 87' lang='grc' dir='ltr'>εἰ</span> 
     </span>
    </p>
   </div>
   <div class='ocr_carea' id='block_1_77' title="bbox 118 2114 913 2156">
    <p class='ocr_par' dir='ltr' id='par_1_77' title="bbox 118 2114 913 2156">
     <span class='ocr_line' id='line_1_77' title="bbox 118 2114 913 2156; baseline 0.005 -12"><span class='ocrx_word' id='word_1_527' title='bbox 118 2114 149 2144; x_wconf 76' lang='grc' dir='ltr'><strong>δὲ</strong></span> <span class='ocrx_word' id='word_1_528' title='bbox 175 2119 289 2153; x_wconf 73' lang='grc' dir='ltr'>μοναχοὶ</span> <span class='ocrx_word' id='word_1_529' title='bbox 312 2118 330 2154; x_wconf 79' lang='grc' dir='ltr'>ἢ</span> <span class='ocrx_word' id='word_1_530' title='bbox 356 2119 456 2150; x_wconf 78' lang='grc' dir='ltr'>λαῖκοί.</span> <span class='ocrx_word' id='word_1_531' title='bbox 469 2120 694 2156; x_wconf 83' lang='grc' dir='ltr'>ἀφοριζέσθωσαν</span> <span class='ocrx_word' id='word_1_532' title='bbox 706 2120 846 2153; x_wconf 87' lang='grc' dir='ltr'>παντελῶς</span> <span class='ocrx_word' id='word_1_533' title='bbox 861 2120 913 2156; x_wconf 87' lang='grc' dir='ltr'>τῆς</span> 
     </span>
    </p>
   </div>
   <div class='ocr_carea' id='block_1_78' title="bbox 119 2164 912 2202">
    <p class='ocr_par' dir='ltr' id='par_1_78' title="bbox 119 2164 912 2202">
     <span class='ocr_line' id='line_1_78' title="bbox 119 2164 912 2202; baseline 0.004 -12"><span class='ocrx_word' id='word_1_534' title='bbox 119 2164 300 2200; x_wconf 81' lang='grc' dir='ltr'>Ἐκκλησίας,</span> <span class='ocrx_word' id='word_1_535' title='bbox 319 2165 415 2201; x_wconf 86' lang='grc' dir='ltr'>μέχρις</span> <span class='ocrx_word' id='word_1_536' title='bbox 431 2165 465 2193; x_wconf 81' lang='grc' dir='ltr'>ἂν</span> <span class='ocrx_word' id='word_1_537' title='bbox 482 2167 532 2202; x_wconf 81' lang='grc' dir='ltr'>τὴν</span> <span class='ocrx_word' id='word_1_538' title='bbox 546 2167 615 2202; x_wconf 76' lang='grc' dir='ltr'>πρὸς</span> <span class='ocrx_word' id='word_1_539' title='bbox 630 2167 693 2198; x_wconf 75' lang='grc' dir='ltr'>τοὺς</span> <span class='ocrx_word' id='word_1_540' title='bbox 714 2167 912 2202; x_wconf 82' lang='grc' dir='ltr'>σχισματικοὺς</span> 
     </span>
    </p>
   </div>
   <div class='ocr_carea' id='block_1_79' title="bbox 119 2211 950 2263">
    <p class='ocr_par' dir='ltr' id='par_1_79' title="bbox 119 2211 950 2263">
     <span class='ocr_line' id='line_1_79' title="bbox 119 2211 950 2263; baseline 0.004 -26"><span class='ocrx_word' id='word_1_541' title='bbox 119 2211 272 2245; x_wconf 66' lang='grc' dir='ltr'>συνάφειαν</span> <span class='ocrx_word' id='word_1_542' title='bbox 301 2211 508 2244; x_wconf 78' lang='grc' dir='ltr'>διαπτύσαντες,</span> <span class='ocrx_word' id='word_1_543' title='bbox 525 2213 593 2249; x_wconf 84' lang='grc' dir='ltr'>πρὸς</span> <span class='ocrx_word' id='word_1_544' title='bbox 607 2212 653 2240; x_wconf 79' lang='grc' dir='ltr'>τὸν</span> <span class='ocrx_word' id='word_1_545' title='bbox 676 2214 776 2240; x_wconf 86' lang='grc' dir='ltr'>οἰκεῖον</span> <span class='ocrx_word' id='word_1_546' title='bbox 797 2213 909 2240; x_wconf 83' lang='grc' dir='ltr'>ἐπίσκο-</span> <span class='ocrx_word' id='word_1_547' title='bbox 924 2233 950 2263; x_wconf 82' lang='lat' dir='ltr'><strong>D</strong></span> 
     </span>
    </p>
   </div>
   <div class='ocr_carea' id='block_1_80' title="bbox 119 2256 391 2292">
    <p class='ocr_par' dir='ltr' id='par_1_80' title="bbox 119 2256 391 2292">
     <span class='ocr_line' id='line_1_80' title="bbox 119 2256 391 2292; baseline 0.004 -9"><span class='ocrx_word' id='word_1_548' title='bbox 119 2264 171 2283; x_wconf 85' lang='grc' dir='ltr'><strong>πον</strong></span> <span class='ocrx_word' id='word_1_549' title='bbox 183 2256 391 2292; x_wconf 73' lang='grc' dir='ltr'>ἐπιστραφεῖεν.</span> 
     </span>
    </p>
   </div>
   <div class='ocr_carea' id='block_1_81' title="bbox 152 2302 912 2340">
    <p class='ocr_par' dir='ltr' id='par_1_81' title="bbox 152 2302 912 2340">
     <span class='ocr_line' id='line_1_81' title="bbox 152 2302 912 2340; baseline 0.004 -11"><span class='ocrx_word' id='word_1_550' title='bbox 152 2303 194 2330; x_wconf 83' lang='grc' dir='ltr'>ιδ’.</span> <span class='ocrx_word' id='word_1_551' title='bbox 208 2302 244 2329; x_wconf 68' lang='lat' dir='ltr'><strong>Et</strong></span> <span class='ocrx_word' id='word_1_552' title='bbox 255 2312 297 2335; x_wconf 86' lang='grc' dir='ltr'><strong>τις</strong></span> <span class='ocrx_word' id='word_1_553' title='bbox 311 2304 460 2336; x_wconf 71' lang='grc' dir='ltr'>ἐπίσκοπος</span> <span class='ocrx_word' id='word_1_554' title='bbox 479 2303 650 2340; x_wconf 71' lang='grc' dir='ltr'>ἐγκλήματος</span> <span class='ocrx_word' id='word_1_555' title='bbox 670 2305 806 2340; x_wconf 72' lang='grc' dir='ltr'>πρόφασιν</span> <span class='ocrx_word' id='word_1_556' title='bbox 819 2306 912 2332; x_wconf 83' lang='grc' dir='ltr'>ποιού-</span> 
     </span>
    </p>
   </div>
   <div class='ocr_carea' id='block_1_82' title="bbox 120 2350 911 2388">
    <p class='ocr_par' dir='ltr' id='par_1_82' title="bbox 120 2350 911 2388">
     <span class='ocr_line' id='line_1_82' title="bbox 120 2350 911 2388; baseline 0.005 -13"><span class='ocrx_word' id='word_1_557' title='bbox 120 2357 213 2384; x_wconf 78' lang='grc' dir='ltr'>μενος,</span> <span class='ocrx_word' id='word_1_558' title='bbox 230 2350 302 2377; x_wconf 76' lang='grc' dir='ltr'>κατὰ</span> <span class='ocrx_word' id='word_1_559' title='bbox 313 2350 362 2376; x_wconf 87' lang='grc' dir='ltr'><strong>τοῦ</strong></span> <span class='ocrx_word' id='word_1_560' title='bbox 374 2351 475 2377; x_wconf 85' lang='grc' dir='ltr'>οἰκείου</span> <span class='ocrx_word' id='word_1_561' title='bbox 491 2351 688 2386; x_wconf 86' lang='grc' dir='ltr'>μητροπολίτου</span> <span class='ocrx_word' id='word_1_562' title='bbox 702 2352 754 2388; x_wconf 82' lang='grc' dir='ltr'>πρὸ</span> <span class='ocrx_word' id='word_1_563' title='bbox 769 2352 911 2388; x_wconf 81' lang='grc' dir='ltr'>συνοδικῆς</span> 
     </span>
    </p>
   </div>
   <div class='ocr_carea' id='block_1_83' title="bbox 117 2395 911 2433">
    <p class='ocr_par' dir='ltr' id='par_1_83' title="bbox 117 2395 911 2433">
     <span class='ocr_line' id='line_1_83' title="bbox 117 2395 911 2433; baseline 0.005 -12"><span class='ocrx_word' id='word_1_564' title='bbox 117 2395 291 2429; x_wconf 82' lang='grc' dir='ltr'>διαγνώσεως</span> <span class='ocrx_word' id='word_1_565' title='bbox 308 2397 458 2431; x_wconf 85' lang='grc' dir='ltr'>ἀποστήσει</span> <span class='ocrx_word' id='word_1_566' title='bbox 479 2397 575 2424; x_wconf 82' lang='grc' dir='ltr'>ἑαυτὸν</span> <span class='ocrx_word' id='word_1_567' title='bbox 589 2399 639 2433; x_wconf 77' lang='grc' dir='ltr'>τῆς</span> <span class='ocrx_word' id='word_1_568' title='bbox 662 2398 729 2433; x_wconf 78' lang='grc' dir='ltr'>πρὸς</span> <span class='ocrx_word' id='word_1_569' title='bbox 755 2398 836 2425; x_wconf 83' lang='grc' dir='ltr'>αὑτὸν</span> <span class='ocrx_word' id='word_1_570' title='bbox 852 2407 911 2426; x_wconf 89' lang='grc' dir='ltr'>κοι-</span> 
     </span>
    </p>
   </div>
   <div class='ocr_carea' id='block_1_84' title="bbox 118 2442 911 2478">
    <p class='ocr_par' dir='ltr' id='par_1_84' title="bbox 118 2442 911 2478">
     <span class='ocr_line' id='line_1_84' title="bbox 118 2442 911 2478; baseline 0.005 -11"><span class='ocrx_word' id='word_1_571' title='bbox 118 2442 235 2475; x_wconf 81' lang='grc' dir='ltr'>νωνίας,</span> <span class='ocrx_word' id='word_1_572' title='bbox 250 2443 298 2468; x_wconf 75' lang='grc' dir='ltr'>καὶ</span> <span class='ocrx_word' id='word_1_573' title='bbox 325 2443 363 2478; x_wconf 82' lang='grc' dir='ltr'>μὴ</span> <span class='ocrx_word' id='word_1_574' title='bbox 394 2443 526 2478; x_wconf 79' lang='grc' dir='ltr'>ἀναφέροι</span> <span class='ocrx_word' id='word_1_575' title='bbox 544 2443 574 2470; x_wconf 75' lang='grc' dir='ltr'><strong>τὸ</strong></span> <span class='ocrx_word' id='word_1_576' title='bbox 594 2443 680 2478; x_wconf 79' lang='grc' dir='ltr'>δνομα</span> <span class='ocrx_word' id='word_1_577' title='bbox 697 2444 780 2471; x_wconf 80' lang='grc' dir='ltr'>αὐτοῦ</span> <span class='ocrx_word' id='word_1_578' title='bbox 799 2445 869 2471; x_wconf 85' lang='grc' dir='ltr'>κατὰ</span> <span class='ocrx_word' id='word_1_579' title='bbox 881 2444 911 2472; x_wconf 84' lang='grc' dir='ltr'>τὸ</span> 
     </span>
    </p>
   </div>
   <div class='ocr_carea' id='block_1_85' title="bbox 119 2486 910 2525">
    <p class='ocr_par' dir='ltr' id='par_1_85' title="bbox 119 2486 910 2525">
     <span class='ocr_line' id='line_1_85' title="bbox 119 2486 910 2525; baseline 0.004 -13"><span class='ocrx_word' id='word_1_580' title='bbox 119 2486 276 2521; x_wconf 81' lang='grc' dir='ltr'>εἰθισμένον</span> <span class='ocrx_word' id='word_1_581' title='bbox 291 2487 321 2513; x_wconf 80' lang='grc' dir='ltr'>ὲν</span> <span class='ocrx_word' id='word_1_582' title='bbox 340 2488 373 2522; x_wconf 82' lang='grc' dir='ltr'><strong>τῇ</strong></span> <span class='ocrx_word' id='word_1_583' title='bbox 390 2487 451 2523; x_wconf 82' lang='grc' dir='ltr'>θείᾳ</span> <span class='ocrx_word' id='word_1_584' title='bbox 467 2488 656 2523; x_wconf 75' lang='grc' dir='ltr'>μυσταγωγίᾳ,</span> <span class='ocrx_word' id='word_1_585' title='bbox 672 2488 766 2515; x_wconf 72' lang='grc' dir='ltr'>τοῦτον</span> <span class='ocrx_word' id='word_1_586' title='bbox 779 2488 879 2524; x_wconf 86' lang='grc' dir='ltr'>ὥρισεν</span> <span class='ocrx_word' id='word_1_587' title='bbox 893 2490 910 2525; x_wconf 78' lang='grc' dir='ltr'>ὴ</span> 
     </span>
    </p>
   </div>
   <div class='ocr_carea' id='block_1_86' title="bbox 121 2531 910 2570">
    <p class='ocr_par' dir='ltr' id='par_1_86' title="bbox 121 2531 910 2570">
     <span class='ocr_line' id='line_1_86' title="bbox 121 2531 910 2570; baseline 0.005 -13"><span class='ocrx_word' id='word_1_588' title='bbox 121 2532 187 2565; x_wconf 85' lang='grc' dir='ltr'>ἁγία</span> <span class='ocrx_word' id='word_1_589' title='bbox 204 2531 314 2563; x_wconf 87' lang='grc' dir='ltr'>σύνοδος</span> <span class='ocrx_word' id='word_1_590' title='bbox 333 2532 524 2568; x_wconf 85' lang='grc' dir='ltr'>καθῃρημένον</span> <span class='ocrx_word' id='word_1_591' title='bbox 538 2531 618 2566; x_wconf 83' lang='grc' dir='ltr'>εἶναι,</span> <span class='ocrx_word' id='word_1_592' title='bbox 629 2535 654 2560; x_wconf 91' lang='grc' dir='ltr'><strong>εἰ</strong></span> <span class='ocrx_word' id='word_1_593' title='bbox 673 2534 752 2569; x_wconf 88' lang='grc' dir='ltr'>μόνον</span> <span class='ocrx_word' id='word_1_594' title='bbox 769 2534 910 2570; x_wconf 81' lang='grc' dir='ltr'>ἐλεγχθείη</span> 
     </span>
    </p>
   </div>
   <div class='ocr_carea' id='block_1_87' title="bbox 121 2577 911 2614">
    <p class='ocr_par' dir='ltr' id='par_1_87' title="bbox 121 2577 911 2614">
     <span class='ocr_line' id='line_1_87' title="bbox 121 2577 911 2614; baseline 0.003 -11"><span class='ocrx_word' id='word_1_595' title='bbox 121 2577 243 2609; x_wconf 81' lang='grc' dir='ltr'>ἀποστὰς</span> <span class='ocrx_word' id='word_1_596' title='bbox 255 2577 303 2604; x_wconf 88' lang='grc' dir='ltr'><strong>τοῦ</strong></span> <span class='ocrx_word' id='word_1_597' title='bbox 317 2578 418 2604; x_wconf 78' lang='grc' dir='ltr'>οἰκείου</span> <span class='ocrx_word' id='word_1_598' title='bbox 434 2578 642 2614; x_wconf 83' lang='grc' dir='ltr'>μητροπολίτου,</span> <span class='ocrx_word' id='word_1_599' title='bbox 654 2580 701 2605; x_wconf 80' lang='grc' dir='ltr'>καὶ</span> <span class='ocrx_word' id='word_1_600' title='bbox 715 2579 817 2614; x_wconf 72' lang='grc' dir='ltr'>σχίσμα</span> <span class='ocrx_word' id='word_1_601' title='bbox 832 2580 911 2614; x_wconf 88' lang='grc' dir='ltr'>ποιή-</span> 
     </span>
    </p>
   </div>
   <div class='ocr_carea' id='block_1_88' title="bbox 121 2623 912 2661">
    <p class='ocr_par' dir='ltr' id='par_1_88' title="bbox 121 2623 912 2661">
     <span class='ocr_line' id='line_1_88' title="bbox 121 2623 912 2661; baseline 0.004 -12"><span class='ocrx_word' id='word_1_602' title='bbox 121 2631 180 2654; x_wconf 81' lang='grc' dir='ltr'>σας.</span> <span class='ocrx_word' id='word_1_603' title='bbox 195 2623 243 2649; x_wconf 83' lang='grc' dir='ltr'>Δεῖ</span> <span class='ocrx_word' id='word_1_604' title='bbox 255 2623 310 2657; x_wconf 83' lang='grc' dir='ltr'><strong>γὰρ</strong></span> <span class='ocrx_word' id='word_1_605' title='bbox 324 2623 439 2650; x_wconf 72' lang='grc' dir='ltr'>ἕκαστον</span> <span class='ocrx_word' id='word_1_606' title='bbox 452 2624 487 2651; x_wconf 85' lang='grc' dir='ltr'>τὰ</span> <span class='ocrx_word' id='word_1_607' title='bbox 497 2625 585 2652; x_wconf 87' lang='grc' dir='ltr'>οἰκεῖα</span> <span class='ocrx_word' id='word_1_608' title='bbox 598 2625 686 2661; x_wconf 84' lang='grc' dir='ltr'>μέτρα</span> <span class='ocrx_word' id='word_1_609' title='bbox 697 2624 852 2659; x_wconf 82' lang='grc' dir='ltr'>γινώσκειν,</span> <span class='ocrx_word' id='word_1_610' title='bbox 864 2625 912 2652; x_wconf 73' lang='grc' dir='ltr'>καὶ</span> 
     </span>
    </p>
   </div>
   <div class='ocr_carea' id='block_1_89' title="bbox 123 2668 911 2706">
    <p class='ocr_par' dir='ltr' id='par_1_89' title="bbox 123 2668 911 2706">
     <span class='ocr_line' id='line_1_89' title="bbox 123 2668 911 2706; baseline 0.004 -12"><span class='ocrx_word' id='word_1_611' title='bbox 123 2669 192 2704; x_wconf 87' lang='grc' dir='ltr'>μήτε</span> <span class='ocrx_word' id='word_1_612' title='bbox 222 2668 271 2695; x_wconf 83' lang='grc' dir='ltr'>τὸν</span> <span class='ocrx_word' id='word_1_613' title='bbox 306 2668 491 2705; x_wconf 85' lang='grc' dir='ltr'>πρεσϐύτερον</span> <span class='ocrx_word' id='word_1_614' title='bbox 532 2672 714 2706; x_wconf 83' lang='grc' dir='ltr'>καταφρονεῖν</span> <span class='ocrx_word' id='word_1_615' title='bbox 736 2671 783 2698; x_wconf 86' lang='grc' dir='ltr'><strong>τοῦ</strong></span> <span class='ocrx_word' id='word_1_616' title='bbox 810 2671 911 2698; x_wconf 86' lang='grc' dir='ltr'>οἰκείου</span> 
     </span>
    </p>
   </div>
   <div class='ocr_carea' id='block_1_90' title="bbox 122 2714 912 2754">
    <p class='ocr_par' dir='ltr' id='par_1_90' title="bbox 122 2714 912 2754">
     <span class='ocr_line' id='line_1_90' title="bbox 122 2714 912 2754; baseline 0.006 -14"><span class='ocrx_word' id='word_1_617' title='bbox 122 2714 285 2746; x_wconf 75' lang='grc' dir='ltr'>ιπισκόπου,</span> <span class='ocrx_word' id='word_1_618' title='bbox 303 2716 371 2751; x_wconf 83' lang='grc' dir='ltr'>μήτε</span> <span class='ocrx_word' id='word_1_619' title='bbox 388 2716 432 2742; x_wconf 81' lang='grc' dir='ltr'>τὸν</span> <span class='ocrx_word' id='word_1_620' title='bbox 453 2717 603 2743; x_wconf 70' lang='grc' dir='ltr'>ἐπίσκοπον</span> <span class='ocrx_word' id='word_1_621' title='bbox 620 2717 668 2744; x_wconf 81' lang='grc' dir='ltr'><strong>τοῦ</strong></span> <span class='ocrx_word' id='word_1_622' title='bbox 682 2717 783 2744; x_wconf 88' lang='grc' dir='ltr'>οἰκείου</span> <span class='ocrx_word' id='word_1_623' title='bbox 807 2726 912 2754; x_wconf 82' lang='grc' dir='ltr'>μητρο-</span> 
     </span>
    </p>
   </div>
   <div class='ocr_carea' id='block_1_91' title="bbox 123 2761 912 2801">
    <p class='ocr_par' dir='ltr' id='par_1_91' title="bbox 123 2761 912 2801">
     <span class='ocr_line' id='line_1_91' title="bbox 123 2761 912 2801; baseline 0.008 -14"><span class='ocrx_word' id='word_1_624' title='bbox 123 2761 245 2794; x_wconf 83' lang='grc' dir='ltr'>πολίτου,</span> <span class='ocrx_word' id='word_1_625' title='bbox 263 2762 333 2798; x_wconf 84' lang='grc' dir='ltr'>μήτε</span> <span class='ocrx_word' id='word_1_626' title='bbox 347 2763 393 2789; x_wconf 83' lang='grc' dir='ltr'><strong>τὸν</strong></span> <span class='ocrx_word' id='word_1_627' title='bbox 410 2764 611 2800; x_wconf 82' lang='grc' dir='ltr'>μητροπολίτην</span> <span class='ocrx_word' id='word_1_628' title='bbox 624 2764 671 2791; x_wconf 83' lang='grc' dir='ltr'><strong>τοῦ</strong></span> <span class='ocrx_word' id='word_1_629' title='bbox 690 2765 791 2792; x_wconf 78' lang='grc' dir='ltr'>οἰκείου</span> <span class='ocrx_word' id='word_1_630' title='bbox 811 2774 912 2801; x_wconf 89' lang='grc' dir='ltr'>πατρι-</span> 
     </span>
    </p>
   </div>
   <div class='ocr_carea' id='block_1_92' title="bbox 124 2805 219 2842">
    <p class='ocr_par' dir='ltr' id='par_1_92' title="bbox 124 2805 219 2842">
     <span class='ocr_line' id='line_1_92' title="bbox 124 2805 219 2842; baseline 0.032 -10"><span class='ocrx_word' id='word_1_631' title='bbox 124 2805 219 2842; x_wconf 82' lang='grc' dir='ltr'>άρχου.</span> 
     </span>
    </p>
   </div>
   <div class='ocr_carea' id='block_1_93' title="bbox 159 2853 912 2891">
    <p class='ocr_par' dir='ltr' id='par_1_93' title="bbox 159 2853 912 2891">
     <span class='ocr_line' id='line_1_93' title="bbox 159 2853 912 2891; baseline 0.008 -12"><span class='ocrx_word' id='word_1_632' title='bbox 159 2853 200 2880; x_wconf 81' lang='grc' dir='ltr'>ιε’.</span> <span class='ocrx_word' id='word_1_633' title='bbox 212 2854 253 2881; x_wconf 71' lang='grc' dir='ltr'>Ἠ</span> <span class='ocrx_word' id='word_1_634' title='bbox 267 2854 411 2888; x_wconf 70' lang='grc' dir='ltr'>ιριτθέντα</span> <span class='ocrx_word' id='word_1_635' title='bbox 425 2855 470 2882; x_wconf 74' lang='grc' dir='ltr'>ὲπί</span> <span class='ocrx_word' id='word_1_636' title='bbox 487 2856 680 2891; x_wconf 77' lang='grc' dir='ltr'>πρεσϐυτέρων</span> <span class='ocrx_word' id='word_1_637' title='bbox 692 2858 738 2885; x_wconf 70' lang='grc' dir='ltr'>καὶ</span> <span class='ocrx_word' id='word_1_638' title='bbox 757 2857 912 2885; x_wconf 69' lang='grc' dir='ltr'>ἐπισκόπων</span> 
     </span>
    </p>
   </div>
   <div class='ocr_carea' id='block_1_94' title="bbox 284 2903 599 2935">
    <p class='ocr_par' dir='ltr' id='par_1_94' title="bbox 284 2903 599 2935">
     <span class='ocr_line' id='line_1_94' title="bbox 284 2903 599 2935; baseline 0.006 -2"><span class='ocrx_word' id='word_1_639' title='bbox 284 2903 418 2935; x_wconf 63' lang='lat' dir='ltr'><strong>Damon.</strong></span> <span class='ocrx_word' id='word_1_640' title='bbox 438 2905 497 2934; x_wconf 80' lang='lat' dir='ltr'><strong>Gn.</strong></span> <span class='ocrx_word' id='word_1_641' title='bbox 523 2905 599 2935; x_wconf 82' lang='lat' dir='ltr'><strong>CIV.</strong></span> 
     </span>
    </p>
   </div>
   <div class='ocr_carea' id='block_1_95' title="bbox 966 1614 1752 1654">
    <p class='ocr_par' dir='ltr' id='par_1_95' title="bbox 966 1614 1752 1654">
     <span class='ocr_line' id='line_1_95' title="bbox 966 1614 1752 1654; baseline 0.009 -13"><span class='ocrx_word' id='word_1_642' title='bbox 966 1614 1178 1644; x_wconf 88' lang='lat' dir='ltr'><strong>celebrationum</strong></span> <span class='ocrx_word' id='word_1_643' title='bbox 1195 1618 1338 1652; x_wconf 86' lang='lat' dir='ltr'><strong>precibus,</strong></span> <span class='ocrx_word' id='word_1_644' title='bbox 1358 1623 1387 1646; x_wconf 90' lang='lat' dir='ltr'><strong>ut</strong></span> <span class='ocrx_word' id='word_1_645' title='bbox 1403 1619 1532 1647; x_wconf 75' lang='lat' dir='ltr'><strong>Enclesite</strong></span> <span class='ocrx_word' id='word_1_646' title='bbox 1551 1620 1680 1648; x_wconf 88' lang='lat' dir='ltr'><strong>traditum</strong></span> <span class='ocrx_word' id='word_1_647' title='bbox 1700 1624 1752 1654; x_wconf 85' lang='lat' dir='ltr'><strong>est,</strong></span> 
     </span>
    </p>
   </div>
   <div class='ocr_carea' id='block_1_96' title="bbox 969 1661 1755 1702">
    <p class='ocr_par' dir='ltr' id='par_1_96' title="bbox 969 1661 1755 1702">
     <span class='ocr_line' id='line_1_96' title="bbox 969 1661 1755 1702; baseline 0.01 -15"><span class='ocrx_word' id='word_1_648' title='bbox 969 1667 1024 1687; x_wconf 93' lang='lat' dir='ltr'><strong>non</strong></span> <span class='ocrx_word' id='word_1_649' title='bbox 1035 1661 1149 1695; x_wconf 73' lang='lat' dir='ltr'><strong>referat,</strong></span> <span class='ocrx_word' id='word_1_650' title='bbox 1175 1663 1200 1691; x_wconf 83' lang='lat' dir='ltr'><strong>is</strong></span> <span class='ocrx_word' id='word_1_651' title='bbox 1213 1664 1378 1699; x_wconf 87' lang='lat' dir='ltr'><strong>depositioni</strong></span> <span class='ocrx_word' id='word_1_652' title='bbox 1392 1667 1565 1702; x_wconf 85' lang='lat' dir='ltr'><strong>subjiciatur,</strong></span> <span class='ocrx_word' id='word_1_653' title='bbox 1580 1672 1607 1694; x_wconf 90' lang='lat' dir='ltr'><strong>et</strong></span> <span class='ocrx_word' id='word_1_654' title='bbox 1619 1667 1694 1694; x_wconf 93' lang='lat' dir='ltr'><strong>omni</strong></span> <span class='ocrx_word' id='word_1_655' title='bbox 1709 1675 1755 1694; x_wconf 80' lang='lat' dir='ltr'><strong>sa—</strong></span> 
     </span>
    </p>
   </div>
   <div class='ocr_carea' id='block_1_97' title="bbox 967 1706 1756 1744">
    <p class='ocr_par' dir='ltr' id='par_1_97' title="bbox 967 1706 1756 1744">
     <span class='ocr_line' id='line_1_97' title="bbox 967 1706 1756 1744; baseline 0.008 -12"><span class='ocrx_word' id='word_1_656' title='bbox 967 1706 1099 1734; x_wconf 87' lang='lat' dir='ltr'><strong>cerdotali</strong></span> <span class='ocrx_word' id='word_1_657' title='bbox 1117 1708 1223 1736; x_wconf 87' lang='lat' dir='ltr'><strong>honore</strong></span> <span class='ocrx_word' id='word_1_658' title='bbox 1245 1709 1377 1744; x_wconf 88' lang='lat' dir='ltr'><strong>privetur.</strong></span> <span class='ocrx_word' id='word_1_659' title='bbox 1394 1710 1448 1744; x_wconf 85' lang='lat' dir='ltr'><strong>Qui</strong></span> <span class='ocrx_word' id='word_1_660' title='bbox 1468 1711 1540 1738; x_wconf 91' lang='lat' dir='ltr'><strong>enim</strong></span> <span class='ocrx_word' id='word_1_661' title='bbox 1560 1716 1603 1740; x_wconf 86' lang='lat' dir='ltr'><strong>est</strong></span> <span class='ocrx_word' id='word_1_662' title='bbox 1617 1712 1644 1738; x_wconf 90' lang='lat' dir='ltr'><strong>in</strong></span> <span class='ocrx_word' id='word_1_663' title='bbox 1664 1719 1756 1739; x_wconf 82' lang='lat' dir='ltr'><strong>sacer—</strong></span> 
     </span>
    </p>
   </div>
   <div class='ocr_carea' id='block_1_98' title="bbox 966 1752 1756 1792">
    <p class='ocr_par' dir='ltr' id='par_1_98' title="bbox 966 1752 1756 1792">
     <span class='ocr_line' id='line_1_98' title="bbox 966 1752 1756 1792; baseline 0.008 -13"><span class='ocrx_word' id='word_1_664' title='bbox 966 1752 1050 1780; x_wconf 85' lang='lat' dir='ltr'><strong>dotali</strong></span> <span class='ocrx_word' id='word_1_665' title='bbox 1070 1753 1166 1782; x_wconf 89' lang='lat' dir='ltr'><strong>ordiue</strong></span> <span class='ocrx_word' id='word_1_666' title='bbox 1186 1754 1346 1789; x_wconf 89' lang='lat' dir='ltr'><strong>collocatus,</strong></span> <span class='ocrx_word' id='word_1_667' title='bbox 1366 1761 1395 1783; x_wconf 92' lang='lat' dir='ltr'><strong>et</strong></span> <span class='ocrx_word' id='word_1_668' title='bbox 1414 1757 1687 1792; x_wconf 83' lang='lat' dir='ltr'><strong>metropolitanorum</strong></span> <span class='ocrx_word' id='word_1_669' title='bbox 1709 1758 1756 1792; x_wconf 86' lang='lat' dir='ltr'><strong>ju-</strong></span> 
     </span>
    </p>
   </div>
   <div class='ocr_carea' id='block_1_99' title="bbox 965 1799 1756 1839">
    <p class='ocr_par' dir='ltr' id='par_1_99' title="bbox 965 1799 1756 1839">
     <span class='ocr_line' id='line_1_99' title="bbox 965 1799 1756 1839; baseline 0.006 -13"><span class='ocrx_word' id='word_1_670' title='bbox 965 1799 1066 1827; x_wconf 88' lang='lat' dir='ltr'><strong>dicium</strong></span> <span class='ocrx_word' id='word_1_671' title='bbox 1080 1800 1212 1836; x_wconf 63' lang='lat' dir='ltr'><strong>praeripit,</strong></span> <span class='ocrx_word' id='word_1_672' title='bbox 1227 1806 1254 1829; x_wconf 92' lang='lat' dir='ltr'><strong>et</strong></span> <span class='ocrx_word' id='word_1_673' title='bbox 1268 1801 1487 1837; x_wconf 84' lang='lat' dir='ltr'><strong>antejudicium,</strong></span> <span class='ocrx_word' id='word_1_674' title='bbox 1505 1803 1564 1838; x_wconf 88' lang='lat' dir='ltr'><strong>ipse</strong></span> <span class='ocrx_word' id='word_1_675' title='bbox 1577 1809 1710 1839; x_wconf 84' lang='lat' dir='ltr'><strong>quantum</strong></span> <span class='ocrx_word' id='word_1_676' title='bbox 1727 1804 1756 1831; x_wconf 90' lang='lat' dir='ltr'><strong>iu</strong></span> 
     </span>
    </p>
   </div>
   <div class='ocr_carea' id='block_1_100' title="bbox 965 1849 1755 1887">
    <p class='ocr_par' dir='ltr' id='par_1_100' title="bbox 965 1849 1755 1887">
     <span class='ocr_line' id='line_1_100' title="bbox 965 1849 1755 1887; baseline 0.006 -13"><span class='ocrx_word' id='word_1_677' title='bbox 965 1854 995 1874; x_wconf 88' lang='lat' dir='ltr'><strong>se</strong></span> <span class='ocrx_word' id='word_1_678' title='bbox 1012 1852 1065 1879; x_wconf 87' lang='lat' dir='ltr'><strong>est,</strong></span> <span class='ocrx_word' id='word_1_679' title='bbox 1079 1849 1220 1883; x_wconf 88' lang='lat' dir='ltr'><strong>proprium</strong></span> <span class='ocrx_word' id='word_1_680' title='bbox 1235 1854 1341 1885; x_wconf 85' lang='lat' dir='ltr'><strong>patrem</strong></span> <span class='ocrx_word' id='word_1_681' title='bbox 1354 1855 1383 1879; x_wconf 89' lang='lat' dir='ltr'><strong>et</strong></span> <span class='ocrx_word' id='word_1_682' title='bbox 1404 1852 1562 1887; x_wconf 88' lang='lat' dir='ltr'><strong>episcopum</strong></span> <span class='ocrx_word' id='word_1_683' title='bbox 1579 1851 1755 1883; x_wconf 86' lang='lat' dir='ltr'><strong>condemnat.</strong></span> 
     </span>
    </p>
   </div>
   <div class='ocr_carea' id='block_1_101' title="bbox 965 1891 1754 1931">
    <p class='ocr_par' dir='ltr' id='par_1_101' title="bbox 965 1891 1754 1931">
     <span class='ocr_line' id='line_1_101' title="bbox 965 1891 1754 1931; baseline 0.006 -14"><span class='ocrx_word' id='word_1_684' title='bbox 965 1891 988 1917; x_wconf 89' lang='lat' dir='ltr'><strong>is</strong></span> <span class='ocrx_word' id='word_1_685' title='bbox 1004 1898 1056 1919; x_wconf 90' lang='lat' dir='ltr'><strong>nec</strong></span> <span class='ocrx_word' id='word_1_686' title='bbox 1077 1892 1229 1929; x_wconf 89' lang='lat' dir='ltr'><strong>presbyteri</strong></span> <span class='ocrx_word' id='word_1_687' title='bbox 1249 1894 1365 1927; x_wconf 91' lang='lat' dir='ltr'><strong>honore,</strong></span> <span class='ocrx_word' id='word_1_688' title='bbox 1387 1902 1437 1923; x_wconf 86' lang='lat' dir='ltr'><strong>nec</strong></span> <span class='ocrx_word' id='word_1_689' title='bbox 1454 1895 1565 1923; x_wconf 87' lang='lat' dir='ltr'><strong>nomine</strong></span> <span class='ocrx_word' id='word_1_690' title='bbox 1583 1895 1681 1931; x_wconf 77' lang='lat' dir='ltr'><strong>dignus</strong></span> <span class='ocrx_word' id='word_1_691' title='bbox 1702 1901 1754 1924; x_wconf 88' lang='lat' dir='ltr'><strong>est.</strong></span> 
     </span>
    </p>
   </div>
   <div class='ocr_carea' id='block_1_102' title="bbox 965 1930 1756 1976">
    <p class='ocr_par' dir='ltr' id='par_1_102' title="bbox 965 1930 1756 1976">
     <span class='ocr_line' id='line_1_102' title="bbox 965 1930 1756 1976; baseline 0.009 -13"><span class='ocrx_word' id='word_1_692' title='bbox 965 1936 1018 1970; x_wconf 85' lang='lat' dir='ltr'><strong>Qui</strong></span> <span class='ocrx_word' id='word_1_693' title='bbox 1033 1942 1124 1965; x_wconf 90' lang='lat' dir='ltr'><strong>autem</strong></span> <span class='ocrx_word' id='word_1_694' title='bbox 1140 1945 1188 1966; x_wconf 89' lang='lat' dir='ltr'><strong>eos</strong></span> <span class='ocrx_word' id='word_1_695' title='bbox 1208 1930 1428 1975; x_wconf 81' lang='lat' dir='ltr'><strong>consequuntur,</strong></span> <span class='ocrx_word' id='word_1_696' title='bbox 1445 1941 1468 1968; x_wconf 90' lang='lat' dir='ltr'><strong>si</strong></span> <span class='ocrx_word' id='word_1_697' title='bbox 1482 1942 1538 1969; x_wconf 84' lang='lat' dir='ltr'><strong>sint</strong></span> <span class='ocrx_word' id='word_1_698' title='bbox 1552 1930 1662 1976; x_wconf 79' lang='lat' dir='ltr'><strong>quidem</strong></span> <span class='ocrx_word' id='word_1_699' title='bbox 1677 1950 1710 1970; x_wconf 80' lang='lat' dir='ltr'><strong>ex</strong></span> <span class='ocrx_word' id='word_1_700' title='bbox 1723 1943 1756 1970; x_wconf 84' lang='lat' dir='ltr'><strong>iis</strong></span> 
     </span>
    </p>
   </div>
   <div class='ocr_carea' id='block_1_103' title="bbox 964 1982 1755 2023">
    <p class='ocr_par' dir='ltr' id='par_1_103' title="bbox 964 1982 1755 2023">
     <span class='ocr_line' id='line_1_103' title="bbox 964 1982 1755 2023; baseline 0.006 -13"><span class='ocrx_word' id='word_1_701' title='bbox 964 1982 1010 2018; x_wconf 90' lang='lat' dir='ltr'><strong>qui</strong></span> <span class='ocrx_word' id='word_1_702' title='bbox 1027 1988 1092 2011; x_wconf 88' lang='lat' dir='ltr'><strong>sunt</strong></span> <span class='ocrx_word' id='word_1_703' title='bbox 1105 1984 1193 2013; x_wconf 80' lang='lat' dir='ltr'><strong>sacris</strong></span> <span class='ocrx_word' id='word_1_704' title='bbox 1207 1985 1319 2020; x_wconf 86' lang='lat' dir='ltr'><strong>initiati,</strong></span> <span class='ocrx_word' id='word_1_705' title='bbox 1343 1987 1396 2021; x_wconf 87' lang='lat' dir='ltr'><strong>ipsi</strong></span> <span class='ocrx_word' id='word_1_706' title='bbox 1417 1994 1527 2022; x_wconf 89' lang='lat' dir='ltr'><strong>quoque</strong></span> <span class='ocrx_word' id='word_1_707' title='bbox 1543 1995 1558 2015; x_wconf 90' lang='lat' dir='ltr'><strong>a</strong></span> <span class='ocrx_word' id='word_1_708' title='bbox 1581 1988 1692 2023; x_wconf 89' lang='lat' dir='ltr'><strong>proprio</strong></span> <span class='ocrx_word' id='word_1_709' title='bbox 1706 1989 1755 2015; x_wconf 90' lang='lat' dir='ltr'><strong>ho-</strong></span> 
     </span>
    </p>
   </div>
   <div class='ocr_carea' id='block_1_104' title="bbox 964 2030 1753 2065">
    <p class='ocr_par' dir='ltr' id='par_1_104' title="bbox 964 2030 1753 2065">
     <span class='ocr_line' id='line_1_104' title="bbox 964 2030 1753 2065; baseline 0.006 -10"><span class='ocrx_word' id='word_1_710' title='bbox 964 2036 1031 2056; x_wconf 87' lang='lat' dir='ltr'><strong>nore</strong></span> <span class='ocrx_word' id='word_1_711' title='bbox 1049 2030 1178 2058; x_wconf 81' lang='lat' dir='ltr'><strong>excidant</strong></span> <span class='ocrx_word' id='word_1_712' title='bbox 1199 2039 1207 2059; x_wconf 89' lang='lat'><strong>:</strong></span> <span class='ocrx_word' id='word_1_713' title='bbox 1225 2031 1268 2059; x_wconf 90' lang='lat' dir='ltr'><strong>sin</strong></span> <span class='ocrx_word' id='word_1_714' title='bbox 1284 2037 1375 2059; x_wconf 87' lang='lat' dir='ltr'><strong>autem</strong></span> <span class='ocrx_word' id='word_1_715' title='bbox 1397 2033 1452 2060; x_wconf 88' lang='lat' dir='ltr'><strong>sint</strong></span> <span class='ocrx_word' id='word_1_716' title='bbox 1471 2033 1531 2060; x_wconf 84' lang='lat' dir='ltr'><strong>laici</strong></span> <span class='ocrx_word' id='word_1_717' title='bbox 1556 2033 1597 2060; x_wconf 85' lang='lat' dir='ltr'><strong>vel</strong></span> <span class='ocrx_word' id='word_1_718' title='bbox 1613 2035 1753 2065; x_wconf 86' lang='lat' dir='ltr'><strong>monachi.</strong></span> 
     </span>
    </p>
   </div>
   <div class='ocr_carea' id='block_1_105' title="bbox 962 2064 1754 2111">
    <p class='ocr_par' dir='ltr' id='par_1_105' title="bbox 962 2064 1754 2111">
     <span class='ocr_line' id='line_1_105' title="bbox 962 2064 1754 2111; baseline 0.003 -11"><span class='ocrx_word' id='word_1_719' title='bbox 962 2064 995 2101; x_wconf 80' lang='lat' dir='ltr'><strong>ex</strong></span> <span class='ocrx_word' id='word_1_720' title='bbox 1016 2073 1137 2102; x_wconf 84' lang='lat' dir='ltr'><strong>Ecclesia</strong></span> <span class='ocrx_word' id='word_1_721' title='bbox 1153 2076 1266 2103; x_wconf 88' lang='lat' dir='ltr'><strong>omnino</strong></span> <span class='ocrx_word' id='word_1_722' title='bbox 1279 2082 1466 2111; x_wconf 74' lang='lat' dir='ltr'><strong>scgregentur,</strong></span> <span class='ocrx_word' id='word_1_723' title='bbox 1487 2077 1575 2104; x_wconf 88' lang='lat' dir='ltr'><strong>donec</strong></span> <span class='ocrx_word' id='word_1_724' title='bbox 1591 2084 1653 2103; x_wconf 70' lang='lat' dir='ltr'><strong>cum</strong></span> <span class='ocrx_word' id='word_1_725' title='bbox 1681 2078 1754 2104; x_wconf 88' lang='lat' dir='ltr'><strong>schi—</strong></span> 
     </span>
    </p>
   </div>
   <div class='ocr_carea' id='block_1_106' title="bbox 963 2119 1750 2158">
    <p class='ocr_par' dir='ltr' id='par_1_106' title="bbox 963 2119 1750 2158">
     <span class='ocr_line' id='line_1_106' title="bbox 963 2119 1750 2158; baseline 0.005 -12"><span class='ocrx_word' id='word_1_726' title='bbox 963 2119 1086 2148; x_wconf 87' lang='lat' dir='ltr'><strong>smaticis</strong></span> <span class='ocrx_word' id='word_1_727' title='bbox 1106 2121 1329 2156; x_wconf 88' lang='lat' dir='ltr'><strong>conjunctionem</strong></span> <span class='ocrx_word' id='word_1_728' title='bbox 1345 2127 1518 2157; x_wconf 87' lang='lat' dir='ltr'><strong>respuentes,</strong></span> <span class='ocrx_word' id='word_1_729' title='bbox 1547 2124 1581 2150; x_wconf 78' lang='lat' dir='ltr'><strong>ad</strong></span> <span class='ocrx_word' id='word_1_730' title='bbox 1609 2123 1750 2158; x_wconf 90' lang='lat' dir='ltr'><strong>proprium</strong></span> 
     </span>
    </p>
   </div>
   <div class='ocr_carea' id='block_1_107' title="bbox 961 2159 1365 2201">
    <p class='ocr_par' dir='ltr' id='par_1_107' title="bbox 961 2159 1365 2201">
     <span class='ocr_line' id='line_1_107' title="bbox 961 2159 1365 2201; baseline 0.01 -9"><span class='ocrx_word' id='word_1_731' title='bbox 961 2165 1120 2201; x_wconf 88' lang='lat' dir='ltr'><strong>episcopum</strong></span> <span class='ocrx_word' id='word_1_732' title='bbox 1134 2168 1236 2196; x_wconf 87' lang='lat' dir='ltr'><strong>reversi</strong></span> <span class='ocrx_word' id='word_1_733' title='bbox 1253 2159 1365 2196; x_wconf 63' lang='lat' dir='ltr'><strong>iuerint.</strong></span> 
     </span>
    </p>
   </div>
   <div class='ocr_carea' id='block_1_108' title="bbox 1001 2312 1754 2353">
    <p class='ocr_par' dir='ltr' id='par_1_108' title="bbox 1001 2312 1754 2353">
     <span class='ocr_line' id='line_1_108' title="bbox 1001 2312 1754 2353; baseline 0.005 -12"><span class='ocrx_word' id='word_1_734' title='bbox 1001 2313 1046 2342; x_wconf 72' lang='lat' dir='ltr'><strong>M.</strong></span> <span class='ocrx_word' id='word_1_735' title='bbox 1065 2314 1094 2342; x_wconf 85' lang='lat' dir='ltr'><strong>Si</strong></span> <span class='ocrx_word' id='word_1_736' title='bbox 1111 2315 1174 2349; x_wconf 90' lang='lat' dir='ltr'><strong>quis</strong></span> <span class='ocrx_word' id='word_1_737' title='bbox 1185 2316 1331 2351; x_wconf 85' lang='lat' dir='ltr'><strong>episcopus</strong></span> <span class='ocrx_word' id='word_1_738' title='bbox 1346 2317 1548 2352; x_wconf 86' lang='lat' dir='ltr'><strong>metropolitani</strong></span> <span class='ocrx_word' id='word_1_739' title='bbox 1563 2312 1666 2345; x_wconf 79' lang='lat' dir='ltr'><strong>crimen</strong></span> <span class='ocrx_word' id='word_1_740' title='bbox 1685 2326 1754 2353; x_wconf 72' lang='lat' dir='ltr'><strong>pne-</strong></span> 
     </span>
    </p>
   </div>
   <div class='ocr_carea' id='block_1_109' title="bbox 964 2361 1753 2396">
    <p class='ocr_par' dir='ltr' id='par_1_109' title="bbox 964 2361 1753 2396">
     <span class='ocr_line' id='line_1_109' title="bbox 964 2361 1753 2396; baseline 0.005 -10"><span class='ocrx_word' id='word_1_741' title='bbox 964 2363 1069 2392; x_wconf 80' lang='lat' dir='ltr'><strong>texens,</strong></span> <span class='ocrx_word' id='word_1_742' title='bbox 1093 2364 1156 2387; x_wconf 85' lang='lat' dir='ltr'><strong>ante</strong></span> <span class='ocrx_word' id='word_1_743' title='bbox 1177 2361 1337 2395; x_wconf 84' lang='lat' dir='ltr'><strong>synodalth</strong></span> <span class='ocrx_word' id='word_1_744' title='bbox 1357 2361 1555 2396; x_wconf 78' lang='lat' dir='ltr'><strong>cognitionem.</strong></span> <span class='ocrx_word' id='word_1_745' title='bbox 1574 2362 1693 2396; x_wconf 88' lang='lat' dir='ltr'><strong>scipsum</strong></span> <span class='ocrx_word' id='word_1_746' title='bbox 1719 2363 1753 2390; x_wconf 88' lang='lat' dir='ltr'><strong>ab</strong></span> 
     </span>
    </p>
   </div>
   <div class='ocr_carea' id='block_1_110' title="bbox 963 2403 1752 2444">
    <p class='ocr_par' dir='ltr' id='par_1_110' title="bbox 963 2403 1752 2444">
     <span class='ocr_line' id='line_1_110' title="bbox 963 2403 1752 2444; baseline 0.008 -14"><span class='ocrx_word' id='word_1_747' title='bbox 963 2403 1024 2438; x_wconf 84' lang='lat' dir='ltr'><strong>ejus</strong></span> <span class='ocrx_word' id='word_1_748' title='bbox 1044 2404 1239 2433; x_wconf 87' lang='lat' dir='ltr'><strong>communione</strong></span> <span class='ocrx_word' id='word_1_749' title='bbox 1254 2406 1425 2439; x_wconf 84' lang='lat' dir='ltr'><strong>subduxerit,</strong></span> <span class='ocrx_word' id='word_1_750' title='bbox 1445 2411 1472 2434; x_wconf 85' lang='lat' dir='ltr'><strong>et</strong></span> <span class='ocrx_word' id='word_1_751' title='bbox 1488 2415 1586 2434; x_wconf 90' lang='lat' dir='ltr'><strong>nomen</strong></span> <span class='ocrx_word' id='word_1_752' title='bbox 1598 2407 1668 2444; x_wconf 81' lang='lat' dir='ltr'><strong>ejus,</strong></span> <span class='ocrx_word' id='word_1_753' title='bbox 1686 2416 1752 2441; x_wconf 88' lang='lat' dir='ltr'><strong>non,</strong></span> 
     </span>
    </p>
   </div>
   <div class='ocr_carea' id='block_1_111' title="bbox 964 2450 1754 2487">
    <p class='ocr_par' dir='ltr' id='par_1_111' title="bbox 964 2450 1754 2487">
     <span class='ocr_line' id='line_1_111' title="bbox 964 2450 1754 2487; baseline 0.009 -11"><span class='ocrx_word' id='word_1_754' title='bbox 964 2454 1046 2484; x_wconf 89' lang='lat' dir='ltr'><strong>prout</strong></span> <span class='ocrx_word' id='word_1_755' title='bbox 1070 2450 1154 2478; x_wconf 88' lang='lat' dir='ltr'><strong>divini</strong></span> <span class='ocrx_word' id='word_1_756' title='bbox 1178 2451 1300 2487; x_wconf 86' lang='lat' dir='ltr'><strong>mysterii</strong></span> <span class='ocrx_word' id='word_1_757' title='bbox 1325 2452 1404 2487; x_wconf 74' lang='lat'><strong>127</strong></span> <span class='ocrx_word' id='word_1_758' title='bbox 1425 2453 1599 2481; x_wconf 86' lang='lat' dir='ltr'><strong>celebrationi</strong></span> <span class='ocrx_word' id='word_1_759' title='bbox 1625 2460 1668 2482; x_wconf 85' lang='lat' dir='ltr'><strong>est</strong></span> <span class='ocrx_word' id='word_1_760' title='bbox 1685 2463 1754 2482; x_wconf 84' lang='lat' dir='ltr'><strong>cou-</strong></span> 
     </span>
    </p>
   </div>
   <div class='ocr_carea' id='block_1_112' title="bbox 963 2496 1753 2534">
    <p class='ocr_par' dir='ltr' id='par_1_112' title="bbox 963 2496 1753 2534">
     <span class='ocr_line' id='line_1_112' title="bbox 963 2496 1753 2534; baseline 0.009 -12"><span class='ocrx_word' id='word_1_761' title='bbox 963 2500 1085 2529; x_wconf 86' lang='lat' dir='ltr'><strong>suetum,</strong></span> <span class='ocrx_word' id='word_1_762' title='bbox 1112 2496 1221 2530; x_wconf 80' lang='lat' dir='ltr'><strong>referat,</strong></span> <span class='ocrx_word' id='word_1_763' title='bbox 1248 2502 1343 2525; x_wconf 85' lang='lat' dir='ltr'><strong>sancta</strong></span> <span class='ocrx_word' id='word_1_764' title='bbox 1367 2498 1488 2534; x_wconf 83' lang='lat' dir='ltr'><strong>synodus</strong></span> <span class='ocrx_word' id='word_1_765' title='bbox 1507 2507 1570 2527; x_wconf 91' lang='lat' dir='ltr'><strong>eum</strong></span> <span class='ocrx_word' id='word_1_766' title='bbox 1599 2501 1753 2534; x_wconf 85' lang='lat' dir='ltr'><strong>depositum</strong></span> 
     </span>
    </p>
   </div>
   <div class='ocr_carea' id='block_1_113' title="bbox 963 2542 1754 2582">
    <p class='ocr_par' dir='ltr' id='par_1_113' title="bbox 963 2542 1754 2582">
     <span class='ocr_line' id='line_1_113' title="bbox 963 2542 1754 2582; baseline 0.005 -13"><span class='ocrx_word' id='word_1_767' title='bbox 963 2547 1026 2570; x_wconf 84' lang='lat' dir='ltr'><strong>esse</strong></span> <span class='ocrx_word' id='word_1_768' title='bbox 1042 2542 1148 2576; x_wconf 88' lang='lat' dir='ltr'><strong>statuit,</strong></span> <span class='ocrx_word' id='word_1_769' title='bbox 1167 2543 1190 2570; x_wconf 87' lang='lat' dir='ltr'><strong>si</strong></span> <span class='ocrx_word' id='word_1_770' title='bbox 1209 2547 1316 2571; x_wconf 84' lang='lat' dir='ltr'><strong>tantum</strong></span> <span class='ocrx_word' id='word_1_771' title='bbox 1337 2547 1480 2574; x_wconf 86' lang='lat' dir='ltr'><strong>convictus</strong></span> <span class='ocrx_word' id='word_1_772' title='bbox 1504 2547 1587 2574; x_wconf 80' lang='lat' dir='ltr'><strong>fuerit</strong></span> <span class='ocrx_word' id='word_1_773' title='bbox 1604 2555 1618 2574; x_wconf 88' lang='lat' dir='ltr'><strong>a</strong></span> <span class='ocrx_word' id='word_1_774' title='bbox 1644 2549 1754 2582; x_wconf 87' lang='lat' dir='ltr'><strong>proprio</strong></span> 
     </span>
    </p>
   </div>
   <div class='ocr_carea' id='block_1_114' title="bbox 965 2587 1754 2629">
    <p class='ocr_par' dir='ltr' id='par_1_114' title="bbox 965 2587 1754 2629">
     <span class='ocr_line' id='line_1_114' title="bbox 965 2587 1754 2629; baseline 0.01 -15"><span class='ocrx_word' id='word_1_775' title='bbox 965 2587 1176 2623; x_wconf 84' lang='lat' dir='ltr'><strong>metropolitano</strong></span> <span class='ocrx_word' id='word_1_776' title='bbox 1188 2590 1345 2623; x_wconf 84' lang='lat' dir='ltr'><strong>recessisse,</strong></span> <span class='ocrx_word' id='word_1_777' title='bbox 1360 2594 1388 2618; x_wconf 89' lang='lat' dir='ltr'><strong>et</strong></span> <span class='ocrx_word' id='word_1_778' title='bbox 1403 2592 1525 2620; x_wconf 88' lang='lat' dir='ltr'><strong>schisma</strong></span> <span class='ocrx_word' id='word_1_779' title='bbox 1542 2593 1649 2621; x_wconf 75' lang='lat' dir='ltr'><strong>fecisse.</strong></span> <span class='ocrx_word' id='word_1_780' title='bbox 1666 2594 1754 2629; x_wconf 88' lang='lat' dir='ltr'><strong>Opor-</strong></span> 
     </span>
    </p>
   </div>
   <div class='ocr_carea' id='block_1_115' title="bbox 965 2633 1754 2675">
    <p class='ocr_par' dir='ltr' id='par_1_115' title="bbox 965 2633 1754 2675">
     <span class='ocr_line' id='line_1_115' title="bbox 965 2633 1754 2675; baseline 0.009 -15"><span class='ocrx_word' id='word_1_781' title='bbox 965 2637 1003 2661; x_wconf 87' lang='lat' dir='ltr'><strong>tet</strong></span> <span class='ocrx_word' id='word_1_782' title='bbox 1030 2633 1358 2671; x_wconf 83' lang='lat' dir='ltr'><strong>euimjunumquemque</strong></span> <span class='ocrx_word' id='word_1_783' title='bbox 1383 2638 1508 2673; x_wconf 86' lang='lat' dir='ltr'><strong>proprias</strong></span> <span class='ocrx_word' id='word_1_784' title='bbox 1532 2643 1624 2674; x_wconf 87' lang='lat' dir='ltr'><strong>partes</strong></span> <span class='ocrx_word' id='word_1_785' title='bbox 1650 2647 1754 2675; x_wconf 75' lang='lat' dir='ltr'><strong>cogno-</strong></span> 
     </span>
    </p>
   </div>
   <div class='ocr_carea' id='block_1_116' title="bbox 966 2681 1753 2719">
    <p class='ocr_par' dir='ltr' id='par_1_116' title="bbox 966 2681 1753 2719">
     <span class='ocr_line' id='line_1_116' title="bbox 966 2681 1753 2719; baseline 0.008 -15"><span class='ocrx_word' id='word_1_786' title='bbox 966 2684 1051 2709; x_wconf 75' lang='lat' dir='ltr'><strong>scere,</strong></span> <span class='ocrx_word' id='word_1_787' title='bbox 1063 2683 1091 2705; x_wconf 91' lang='lat' dir='ltr'><strong>et</strong></span> <span class='ocrx_word' id='word_1_788' title='bbox 1102 2686 1151 2706; x_wconf 92' lang='lat' dir='ltr'><strong>nec</strong></span> <span class='ocrx_word' id='word_1_789' title='bbox 1164 2681 1350 2714; x_wconf 74' lang='lat' dir='ltr'><strong>presbyterum</strong></span> <span class='ocrx_word' id='word_1_790' title='bbox 1360 2683 1501 2717; x_wconf 86' lang='lat' dir='ltr'><strong>proprium</strong></span> <span class='ocrx_word' id='word_1_791' title='bbox 1516 2684 1673 2719; x_wconf 88' lang='lat' dir='ltr'><strong>episcopum</strong></span> <span class='ocrx_word' id='word_1_792' title='bbox 1685 2693 1753 2712; x_wconf 89' lang='lat' dir='ltr'><strong>con-</strong></span> 
     </span>
    </p>
   </div>
   <div class='ocr_carea' id='block_1_117' title="bbox 965 2726 1754 2764">
    <p class='ocr_par' dir='ltr' id='par_1_117' title="bbox 965 2726 1754 2764">
     <span class='ocr_line' id='line_1_117' title="bbox 965 2726 1754 2764; baseline 0.009 -14"><span class='ocrx_word' id='word_1_793' title='bbox 965 2730 1105 2758; x_wconf 85' lang='lat' dir='ltr'><strong>temnere,</strong></span> <span class='ocrx_word' id='word_1_794' title='bbox 1132 2734 1183 2753; x_wconf 86' lang='lat' dir='ltr'><strong>nec</strong></span> <span class='ocrx_word' id='word_1_795' title='bbox 1213 2726 1370 2762; x_wconf 82' lang='lat' dir='ltr'><strong>episcopum</strong></span> <span class='ocrx_word' id='word_1_796' title='bbox 1402 2729 1540 2763; x_wconf 88' lang='lat' dir='ltr'><strong>proprium</strong></span> <span class='ocrx_word' id='word_1_797' title='bbox 1565 2730 1754 2764; x_wconf 81' lang='lat' dir='ltr'><strong>metropolita-</strong></span> 
     </span>
    </p>
   </div>
   <div class='ocr_carea' id='block_1_118' title="bbox 966 2777 1043 2798">
    <p class='ocr_par' dir='ltr' id='par_1_118' title="bbox 966 2777 1043 2798">
     <span class='ocr_line' id='line_1_118' title="bbox 966 2777 1043 2798; baseline -0.013 0"><span class='ocrx_word' id='word_1_798' title='bbox 966 2777 1043 2798; x_wconf 91' lang='lat' dir='ltr'><strong>num.</strong></span> 
     </span>
    </p>
   </div>
   <div class='ocr_carea' id='block_1_119' title="bbox 1003 2857 1751 2899">
    <p class='ocr_par' dir='ltr' id='par_1_119' title="bbox 1003 2857 1751 2899">
     <span class='ocr_line' id='line_1_119' title="bbox 1003 2857 1751 2899; baseline 0.015 -15"><span class='ocrx_word' id='word_1_799' title='bbox 1003 2857 1047 2885; x_wconf 68' lang='grc'><strong>15.</strong></span> <span class='ocrx_word' id='word_1_800' title='bbox 1069 2858 1134 2892; x_wconf 73' lang='grc' dir='ltr'>Ουτε</span> <span class='ocrx_word' id='word_1_801' title='bbox 1153 2859 1186 2888; x_wconf 89' lang='lat' dir='ltr'><strong>de</strong></span> <span class='ocrx_word' id='word_1_802' title='bbox 1203 2860 1381 2897; x_wconf 72' lang='lat' dir='ltr'><strong>presbyteris,</strong></span> <span class='ocrx_word' id='word_1_803' title='bbox 1397 2867 1424 2890; x_wconf 79' lang='lat' dir='ltr'><strong>et</strong></span> <span class='ocrx_word' id='word_1_804' title='bbox 1442 2863 1590 2899; x_wconf 79' lang='lat' dir='ltr'><strong>episcopis.</strong></span> <span class='ocrx_word' id='word_1_805' title='bbox 1607 2869 1633 2893; x_wconf 81' lang='lat' dir='ltr'><strong>et</strong></span> <span class='ocrx_word' id='word_1_806' title='bbox 1653 2870 1751 2894; x_wconf 71' lang='lat' dir='ltr'><strong>metuo-</strong></span> 
     </span>
    </p>
   </div>
   <div class='ocr_carea' id='block_1_120' title="bbox 1539 2913 1576 2943">
    <p class='ocr_par' dir='ltr' id='par_1_120' title="bbox 1539 2913 1576 2943">
     <span class='ocr_line' id='line_1_120' title="bbox 1539 2913 1576 2943; baseline 0 0"><span class='ocrx_word' id='word_1_807' title='bbox 1539 2913 1576 2943; x_wconf 80' lang='lat'><strong>19</strong></span> 
     </span>
    </p>
   </div>
  </div>
