1954 3080
213 174 267 208 587

791 171 923 202 ΡΗσΙἹΙ
936 170 1191 203 ΡΑΤΒΙΑΗῦΗᾹΞ
1205 171 1261 202 CP.

1784 173 1835 205 588

215 233 344 268 petitante
354 230 503 261 constituta
519 234 593 264 sunt,
609 229 697 258 multo
708 229 796 264 magis
809 229 891 257 etiam
909 228 938 256 in
950 236 997 263 pa-

1053 228 1097 254 καὶ
1114 227 1331 264 μητροπολιτῶν,
1347 226 1437 263 πολλῷ
1453 227 1553 262 μᾶλλον
1567 227 1614 255 καὶ
1630 227 1678 254 ἐπὶ
1702 235 1836 266 πατριαρ-

215 279 344 307 triarchis
354 278 533 307 conveniunt.
546 276 727 310 Quamobrem
737 275 760 303 si
773 275 836 310 quis
848 275 1000 310 presbyter,

215 324 259 352 vel
277 325 433 359 episcopus,
447 322 490 350 vel
510 322 736 356 metropolitanus
752 327 767 347 a
784 319 826 347 sui
838 319 1002 354 patriarchae

215 370 409 398 communione
424 368 552 396 recedere
567 375 653 396 ausus
669 366 762 398 fuerit,
781 371 809 393 et
828 373 929 392 nomen
942 365 1001 400 ejus

215 423 281 448 non,
298 419 327 442 ut
343 415 370 442 in
388 414 472 442 divini
488 413 610 450 mysterii
625 412 807 440 celebratione
821 411 1001 440 constitutum

216 465 269 492 est,
283 465 310 488 et
324 459 488 493 ordinatum,
501 459 612 490 referat,
625 459 671 486 sed
684 462 747 486 ante
762 457 893 493 synodale
907 457 1002 485 decre-

216 510 286 540 tum,
301 510 329 534 et
350 506 500 541 perfectam
519 505 579 540 ejus
596 504 863 537 condemnationem,
880 503 1002 532 schisma

216 552 321 584 fecerit,
342 552 437 580 statuit
457 555 551 579 sancta
571 551 693 586 synodus
712 557 776 578 eum
796 557 858 577 esse
872 550 908 578 ab
926 550 1002 578 omni

216 598 371 625 sacerdotio
383 597 512 629 alienum,
529 596 551 624 si
565 596 593 624 in
605 596 658 624 hoc
673 596 762 624 solum
778 595 928 631 deliquisse
939 603 1003 624 con-

217 644 305 671 victus
324 643 417 670 fuerit.
435 643 468 670 Et
488 643 545 670 haec
566 642 676 677 quidem
699 642 861 675 constituta,
878 646 905 669 et
926 641 1003 669 obsi-

215 694 296 724 gnata
308 694 382 721 sunt,
395 689 428 716 de
441 688 474 716 iis
485 689 532 723 qui
543 688 696 723 aliquorum
707 687 853 715 criminum
868 691 1001 722 praetextu

216 744 231 761 υ
242 735 359 770 propriis
374 735 538 770 praesulibus
552 733 693 766 recedunt,
709 737 736 761 et
750 734 870 761 schisma
885 733 1000 766 faciunt,

216 784 245 807 et
256 779 385 807 Ecclesia:
402 780 532 807 unionem
548 779 714 806 convellunt.
732 778 784 812 Qui
803 779 875 806 enim
891 782 1002 814 propter

217 825 341 853 lmresim
368 825 486 860 aliquam
508 832 523 852 a
547 824 650 852 sanctis
673 823 801 851 Patribus
821 824 864 852 vel
891 824 1002 860 synodis

216 871 437 904 condemnatam,
453 879 482 898 se
498 879 513 898 a
523 871 648 906 praesulis
660 870 853 898 communione
862 874 1000 905 separant,

218 917 264 944 illo
279 916 403 944 haeresim
428 915 533 943 scilicet
553 915 661 950 publice
679 915 855 950 praedicante,
877 919 905 942 et
925 915 1001 942 nudo

214 962 303 996 capite
317 962 345 988 in
364 961 478 989 ecclesia
495 961 622 994 docente,
639 960 657 988 ii
678 968 731 988 non
752 961 841 988 solum
861 961 1000 989 canonica:

213 1015 302 1043 pmna:
315 1014 370 1035 non
389 1007 576 1042 subjicientur,
601 1012 663 1034 ante
685 1007 844 1043 synodalcm
867 1008 1001 1041 cognitio-

214 1061 288 1086 nem,
313 1054 421 1088 seipsos
442 1060 458 1080 ε
483 1053 674 1080 communione
691 1053 763 1088 ejus,
786 1053 832 1088 qui
854 1054 1000 1089 episcopus

212 1097 325 1131 dicitur,
350 1098 524 1134 sejungentes
541 1107 548 1126 :
565 1099 613 1126 sed
627 1103 655 1126 et
666 1099 768 1126 honore
781 1098 829 1134 qui
841 1099 1001 1128 orthodoxis

213 1144 357 1177 convenit,
377 1144 450 1179 digni
473 1144 654 1172 habebuntur.
674 1143 733 1171 Non
754 1145 827 1172 enim
847 1145 1000 1180 episcopos,

213 1190 261 1217 sed
287 1189 517 1224 pseudepiscopos
535 1193 562 1217 et
581 1189 811 1224 pseudodoctores
836 1190 1003 1218 condemna-

214 1239 278 1262 runt
293 1244 300 1262 :
313 1240 339 1263 et
350 1243 403 1263 non
414 1235 560 1263 schismate
569 1235 696 1263 Ecclesia:
714 1236 841 1263 unionem
857 1236 999 1264 conscide-

214 1285 288 1312 runt.
302 1280 348 1308 sed
361 1288 375 1307 a
392 1280 596 1314 schismatibus,
614 1285 641 1308 et
653 1280 834 1309 divisionibus
850 1280 1000 1309 Ecclesiam

214 1327 331 1355 liberare
344 1327 519 1357 studuerunt.

1051 273 1108 310 χῶν
1118 274 1231 309 ἁρμόζει
1240 281 1248 291 ι
1261 273 1332 300 ὥστε
1346 273 1373 299 εί
1381 281 1424 304 τις
1437 273 1633 309 πρεσϐύτερος,
1645 273 1663 310 ἢ
1679 273 1836 307 ἐπίσκοπος,

1051 319 1068 354 ἢ
1094 319 1306 355 μητροπολίτης,
1334 318 1497 354 τολμήσειεν
1520 318 1673 355 ἀποστῆναι
1695 319 1744 354 τῆς
1772 320 1839 356 πρὸς

1051 366 1097 392 τὸν
1113 365 1212 392 οἰκεῖον
1226 364 1399 400 πατριάρχην
1417 365 1570 398 κοινωνίας,
1589 365 1638 392 καὶ
1655 365 1693 401 μὴ
1710 366 1840 402 ἀναφέροι

1051 411 1082 437 τὸ
1098 410 1184 445 ὄνομα
1200 409 1296 443 αὑτοῦ,
1311 410 1381 436 κατὰ
1398 409 1429 435 τὸ
1443 409 1596 445 ὡρισμένον
1611 410 1659 438 καὶ
1674 412 1839 446 τεταγμένον

1051 455 1082 483 ἐν
1106 457 1139 491 τῇ
1158 455 1219 490 Θείᾳ
1237 455 1429 491 μυσταγωγίᾳ,
1446 455 1514 482 ἀλλὰ
1535 455 1588 490 πρὸ
1608 456 1757 491 ἐμφανείας
1777 466 1838 484 συν-

1051 501 1155 537 οδικῇς,
1167 502 1215 529 καὶ
1223 501 1329 533 τελείας
1340 501 1422 529 αὑτοῦ
1432 501 1632 537 κατακρίσεως,
1645 502 1747 538 σχίσμα
1765 504 1840 539 ποιή-

1052 555 1111 581 σει,
1124 546 1219 574 τοῦτον
1231 547 1332 584 ὥρισεν
1351 548 1368 583 ἡ
1385 547 1452 581 ἁγία
1465 547 1585 581 σύνοδος,
1600 547 1691 584 πάσης
1704 549 1840 584 ῑερατείας

1052 594 1191 626 παντελῶς
1203 594 1341 630 ἀλλότριον
1356 591 1439 627 εἶναι,
1455 594 1480 621 εί
1501 594 1582 630 μόνον
1597 594 1739 631 ἐλεγχθείη
1757 595 1836 622 τοῦτο

1051 641 1264 676 παρανομήσας⁸
1282 640 1428 667 καὶταῦτα
1443 640 1494 675 μὲν
1511 640 1628 676 ὥρισται
1644 641 1692 668 καὶ
1706 642 1838 676 ἐσφράγι-

1052 695 1115 714 σται
1137 686 1278 722 περὶτῶν,
1300 687 1440 722 προφάσει
1469 686 1549 714 τινῶν
1574 687 1771 722 ἐγκλημάτων,
1787 688 1840 714 τῶν

1051 731 1159 759 οικείων
1173 731 1367 767 ἀφισταμένων
1385 732 1536 767 προέδρων,
1551 732 1599 759 καὶ
1617 733 1720 768 σχίσμα
1734 733 1842 760 ποιούν-

1051 786 1121 812 των,
1137 779 1185 805 καὶ
1199 779 1249 814 τὴν
1259 778 1355 805 ἐνωσιν
1369 778 1419 813 τῆς
1436 778 1599 814 Ἐκκλησίας
1612 778 1796 806 διασπώντων.
1809 779 1840 806 Ol

1051 824 1106 861 γὰρ
1131 824 1165 852 δι’
1189 825 1295 860 αἵρεσίν
1317 833 1377 852 τινα
1407 825 1483 860 παρὰ
1505 824 1561 852 τῶν
1580 825 1666 859 ἁγίων
1686 825 1801 852 συνόδων
1822 825 1842 860 ἢ

1054 870 1184 904 Πατέρων
1206 870 1449 906 κατεγνωσμένην,
1473 871 1524 906 τῆς
1551 870 1620 906 πρὸς
1631 871 1678 898 τὸν
1710 870 1842 906 πρόεδρον

1052 917 1195 948 κοινωνίας
1205 917 1317 949 ἑαυτοὺς
1324 916 1536 950 διαστέλλοντες,
1550 916 1654 944 ἐκείνου
1668 916 1718 952 τὴν
1735 916 1842 952 αἰρεσιν

1052 964 1171 999 δηλονότι
1184 964 1302 999 δημοσίᾳ
1318 963 1508 999 κηρύττοντος.
1523 962 1570 990 καὶ
1583 964 1673 998 γυμνῇ
1686 971 1720 998 τῃ
1735 963 1841 998 κεφαλῇ

1051 1010 1095 1037 ἐπ’
1121 1009 1268 1044 ἐκκλησίας
1289 1009 1470 1041 διδάσκοντος,
1484 1008 1510 1035 οι
1527 1007 1646 1035 τοιοῦτοι
1659 1008 1691 1034 οὺ
1716 1008 1796 1043 μόνον
1806 1009 1841 1043 τῇ

1052 1055 1182 1090 κανονικῇ
1197 1054 1355 1089 ἐπιτιμήσει
1366 1054 1415 1088 οὐχ
1427 1053 1618 1080 ὑποκείσονται
1634 1052 1688 1088 πρὸ
1702 1051 1842 1087 συνοδικῆς

1051 1100 1222 1135 διαγνώσεως
1239 1101 1352 1131 ἑαυτοὺς
1372 1100 1423 1134 τῆς
1441 1099 1509 1134 πρὸς
1526 1099 1572 1126 τδν
1596 1098 1763 1134 καλούμενον
1779 1098 1842 1125 ἐπί-

1052 1154 1154 1173 σκοπον
1169 1145 1311 1176 κοινωνίας
1326 1145 1554 1180 ἁποτειχίξοντες,
1565 1145 1632 1172 ἀλλὰ
1647 1145 1695 1172 καὶ
1708 1144 1757 1180 τῆς
1773 1153 1841 1180 πρε-

1052 1190 1156 1226 πούσης
1168 1190 1252 1225 τιμῆς
1268 1190 1419 1226 ὀρθοδὸξοις
1435 1190 1633 1225 ἁξιωθήσονται
1643 1199 1651 1206 ·
1665 1190 1695 1217 οὐ
1710 1190 1765 1226 γὰρ
1779 1190 1842 1217 ἐπι-

1053 1236 1179 1270 σκόπων,
1198 1236 1267 1264 ἀλλὰ
1284 1236 1510 1272 ψευδεπισκόπων
1527 1237 1574 1263 καὶ
1591 1236 1842 1272 ψευδοδιδασκάλων

1049 1280 1226 1314 κατέγνωσαν
1234 1288 1242 1296 ·
1257 1280 1304 1308 καὶ
1317 1280 1348 1307 οὐ
1363 1281 1493 1316 σχίσματι
1501 1281 1552 1316 τὴν
1561 1280 1658 1308 ἕνωσιν
1667 1281 1717 1316 τῆς
1727 1281 1843 1316 Ἐκκλη-

1053 1325 1115 1357 σίας
1138 1326 1306 1362 κατέτεμον,
1335 1326 1405 1353 ἀλλὰ
1432 1327 1590 1362 σχισμάτων
1614 1327 1661 1354 καὶ
1686 1327 1842 1363 μερισμῶν,

1052 1371 1102 1406 τὴν
1125 1371 1288 1406 Ἐκκλησίαν
1302 1372 1471 1400 ἐσπούδασαν
1487 1372 1635 1408 ῥύσασθαι.

881 1542 1083 1586 ἸἸΤΛΟΣ
1118 1542 1177 1587 Γ’.

245 1632 325 1661 ΠΕΡΙ
347 1634 475 1668 ΕΥΧΩΝ,
491 1632 554 1661 ΚΑΙ
574 1633 792 1669 ΨΔΛΜῼΔΙΩΝ,
814 1633 875 1661 ΚΑΙ
894 1632 1129 1665 ΔΝΔΓΝΩΣΕΩΣ,
1151 1632 1211 1660 ΚΑΙ
1237 1632 1430 1665 ΑΝΛΦΟΡΔΣ,
1445 1632 1507 1660 KAl
1525 1633 1724 1667 ΚΟΙΝΩΝΙΔΣ,
1746 1635 1810 1663 KAI

441 1681 618 1715 ΦΟΡΕΣΙΔΣ,
634 1680 695 1708 ΚΑΙ
710 1680 905 1708 ΥΠΟΥΡΓΙΔΣ
917 1679 1156 1711 ΔΝΔΓΝΩΣΤΩΝ,
1174 1679 1318 1706 ΨΔΛΤΩΝ
1333 1680 1394 1707 ΚΑΙ
1409 1679 1609 1707 ΥΠΗΡΕΤΩΝ.

777 1845 860 1883 ns
884 1843 1144 1890 TITULUS
1179 1822 1302 1891 In;

249 1938 294 1967 DE
305 1938 486 1974 PRECIBUS,
499 1939 545 1968 ΕΤ
558 1939 774 1974 PSALMODIIS,
787 1938 970 1972 LECTIONE.
979 1938 1186 1972 OBLATIONE,
1200 1938 1245 1967 ET
1262 1939 1507 1974 COMMUNIONE,
1521 1941 1566 1969 ET
1578 1941 1623 1970 DE
1640 1940 1804 1976 VESTITU,

491 1986 610 2022 ATQUE
628 1986 765 2015 0FFlClO
782 1984 983 2021 LECTORUM,
1001 1984 1206 2019 CANTOKUM,
1228 1978 1272 2013 ΕΤ
1296 1985 1554 2017 MINISTRORUM.

248 2141 363 2170 CAPUT
379 2141 527 2171 PRIMUM.
539 2156 575 2164 -—
588 2143 687 2177 Quales
701 2152 790 2179 preces
810 2143 924 2180 populus
947 2153 999 2172 au-

1084 2141 1284 2170 KEMAAION
1301 2141 1451 2170 urnTON.
1461 2134 1499 2162 ‘—
1508 2142 1606 2169 Ποίων
1622 2141 1721 2177 εὐχῶν
1733 2143 1751 2168 δ
1761 2142 1843 2176 λαὸς

211 2185 287 2219 diat,
309 2190 335 2212 εί
359 2190 519 2221 quapropter
543 2187 570 2213 in
591 2187 718 2215 orientem
734 2189 923 2223 prospicientes
942 2196 1003 2224 prb

211 2239 265 2259 cem
269 2239 311 2259 ur.

353 2276 467 2304 Concilii
485 2277 628 2306 Laodiceni
641 2287 754 2307 canones
768 2279 795 2313 5,
813 2280 858 2308 l9.

247 2331 275 2360 5.
295 2331 354 2360 Non
368 2338 495 2368 oportere
519 2334 708 2364 ordinationes
725 2336 783 2364 ﬁeri
807 2336 835 2364 in
856 2337 1001 2372 praesentia

213 2384 309 2406 eorum
324 2378 372 2413 qui
389 2379 514 2407 audiunt.

251 2423 294 2451 l9.
314 2422 447 2459 Oportere
470 2432 594 2453 seorsum
618 2426 748 2460 primum,
772 2430 836 2461 post
857 2427 1001 2462 episcopo—

213 2477 274 2497 rum
287 2478 437 2504 sermones,
448 2471 708 2499 catechumenorum
719 2473 871 2500 orationem
887 2474 999 2508 peragi;

213 2519 241 2543 et
254 2520 397 2551 postquam
409 2517 529 2544 exierint
542 2518 744 2551 catechumeni,
764 2525 861 2546 eorum
878 2519 925 2555 qui
940 2527 1000 2554 poe-

213 2560 356 2588 nitentiam
383 2567 477 2597 agunt,
505 2562 564 2590 ﬁeri
585 2562 760 2589 orationem:
777 2566 880 2590 etcum
906 2562 925 2590 ii
948 2563 1000 2591 sub

212 2614 324 2634 manum
344 2608 520 2639 accesserint.
537 2613 564 2635 et
577 2608 749 2641 secesserint,
768 2608 887 2636 ﬁdelium
903 2616 999 2644 preces

211 2653 253 2680 sic
272 2657 313 2680 ter
335 2652 416 2681 ﬁeri:
431 2661 514 2681 unam
532 2654 653 2688 quidem,
679 2654 785 2681 scilicet
809 2655 937 2689 primam.
965 2655 1001 2683 si-

211 2697 314 2732 lentio;
329 2699 477 2726 secundam
497 2702 588 2726 autem
604 2705 631 2726 et
647 2699 755 2726 tertiam
773 2706 822 2734 per
834 2701 998 2735 pronuntia-

210 2745 312 2772 tionem
341 2745 460 2779 impleri,
485 2745 582 2772 deinde
601 2745 641 2772 sic
664 2752 757 2779 pacem
782 2746 851 2773 dari.
869 2745 903 2773 Et
924 2752 1000 2782 post-

212 2798 293 2824 quam
317 2791 470 2827 presbyteri
494 2799 588 2826 paccm
613 2791 745 2826 episcopo
771 2791 908 2826 dederint,
934 2798 998 2821 tunc

209 2834 294 2863 laicos
314 2837 396 2864 etiam
413 2845 507 2872 pacem
528 2838 593 2866 dare
607 2845 615 2865 :
629 2842 657 2866 et
675 2837 715 2865 sic
729 2843 851 2867 sanctam
875 2839 994 2868 oblatio-

1050 2188 1203 2223 ἀκροᾶται·
1222 2188 1273 2215 καὶ
1291 2187 1341 2216 διὰ
1352 2188 1382 2216 τί
1398 2188 1474 2223 πρὸς
1488 2188 1638 2222 ἀνατολὰς
1647 2187 1776 2222 δρῶντες
1787 2190 1843 2216 εὑ-

1050 2235 1173 2270 χόμεθα.

1174 2279 1310 2308 Συνόὸου
1328 2279 1502 2313 Λαοδικείας
1515 2278 1617 2306 κανὼν
1630 2282 1661 2313 ι’,
1675 2279 1717 2307 ιδ’.

1087 2338 1122 2363 ε’.
1134 2337 1202 2372 Περὶ
1217 2336 1264 2363 τοῦ
1279 2336 1317 2372 μὴ
1328 2337 1383 2364 δεῖν
1394 2336 1443 2369 τὰς
1454 2336 1623 2372 χειροτονίας
1641 2336 1688 2364 ἐπὶ
1700 2338 1845 2373 παρουσίᾳ

1050 2381 1234 2416 ἀκροωμένων
1247 2382 1378 2416 γίνεσθαι.

1087 2426 1130 2454 tb’.
1148 2426 1217 2462 Περὶ
1229 2427 1275 2453 τοῦ
1295 2426 1350 2453 δεῖν
1367 2426 1422 2462 ίδίᾳ
1442 2426 1562 2462 πρῶτον,
1581 2428 1650 2462 μετὰ
1666 2427 1715 2459 τὰς
1731 2428 1846 2462 ὁμιλίας

1050 2472 1105 2499 τῶν
1121 2472 1289 2505 ἐπισκόπων,
1305 2472 1360 2499 τῶν
1379 2473 1591 2508 κατηχουμένων
1602 2473 1684 2508 εὐχὴν
1703 2474 1846 2500 ἐπιτελεῖ-

1051 2517 1130 2545 σθαι’
1148 2518 1194 2544 καὶ¹
1222 2518 1292 2553 μετὰ
1312 2518 1345 2545 τὸ
1363 2518 1482 2550 ἐξελθεῖν
1513 2519 1577 2550 τοὺς
1606 2519 1846 2555 κατηχουμένους,

1050 2563 1104 2590 τῶν
1122 2564 1151 2590 ἐν
1167 2563 1296 2599 μετανοίᾳ
1317 2564 1367 2600 τὴν
1392 2564 1474 2599 εὐχὴν
1500 2565 1638 2599 γίνεσθαι·
1664 2565 1710 2591 καὶ
1736 2565 1847 2593 τούτων

1050 2609 1254 2645 προσελθόντων
1269 2609 1321 2636 ὑπὸ
1335 2613 1414 2645 χεῖρα
1427 2611 1475 2637 καὶ
1490 2611 1737 2647 ὑποχωρησάντων,
1751 2611 1847 2644 οὕτως

1049 2656 1104 2682 τῶν
1121 2656 1227 2682 πιστῶν
1240 2655 1289 2687 τὰς
1303 2655 1385 2691 εὐχὰς
1396 2656 1521 2690 γίνεσθαι
1535 2658 1610 2692 τρεῖς
1620 2663 1627 2672 ·
1647 2656 1712 2692 μίαν
1727 2658 1778 2692 μὲν
1790 2658 1847 2693 τὴν

1050 2701 1161 2737 πρώτην
1177 2701 1221 2727 διὰ
1234 2702 1350 2736 σιωπῆς,
1367 2702 1417 2737 τὴν
1430 2702 1458 2729 δὲ
1472 2702 1602 2738 δευτέραν
1619 2703 1667 2730 καὶ
1683 2703 1780 2739 τρίτην
1797 2704 1849 2732 διὰ

1050 2749 1269 2784 προσφωνήσεως
1295 2749 1477 2785 πληροῦσθαι·
1498 2748 1548 2776 εἴθ’
1559 2750 1645 2782 οὕτως
1661 2750 1713 2786 τὴν
1727 2752 1849 2787 είρήνην

1049 2795 1177 2826 δίδοσθαι,
1192 2795 1241 2822 καὶ
1259 2795 1331 2830 μετὰ
1348 2795 1379 2822 τὸ
1396 2796 1597 2832 πρεσϐυτέρους
1612 2796 1704 2823 δοῦναι
1720 2797 1760 2832 τῷ
1782 2798 1849 2825 ἐπι-

1050 2841 1144 2878 σκόπῳ
1160 2841 1209 2877 τὴν
1226 2842 1350 2878 εἰρήνην,
1372 2843 1433 2870 τότε
1447 2843 1510 2876 τοὺς
1531 2842 1642 2876 λαῐκοὺς
1663 2843 1712 2879 τὴν
1727 2843 1848 2880 εἰρήνην
