1959 3061
133 161 187 193 589

519 160 721 192 SYN'I‘AGMA
738 159 933 195 CANONUM.
953 173 987 180 -
1002 161 1077 191 TIT.
1097 160 1156 191 ΙΙΙ.
1175 161 1256 193 CAP.
1274 162 1301 200 Ι,
1319 162 1361 194 ΙΙ.

1717 165 1771 197 590

132 218 235 246 διδόναι
244 225 252 234 ·
266 217 314 246 καὶ
324 216 398 245 οὕτω
405 217 455 254 τὴν
461 217 544 252 ἁγίαν
554 216 715 253 προσφορὰν
727 208 922 250 ὲπιτελέϊσθαι;

987 225 1041 244 tem
1057 218 1163 253 perlici,
1178 222 1207 245 et
1219 218 1287 246 solis
1303 218 1388 247 licere
1408 218 1524 246 sacratis
1539 218 1573 246 ad
1587 219 1672 247 altare
1691 227 1771 247 acce-

134 265 181 291 καὶ
193 264 286 299 μόνοις
302 264 364 297 ὲξδν
379 261 449 292 εἶναι
461 265 519 296 τοῖς
532 264 684 300 ίερατικοῖς
698 263 812 290 εἰσιέναι
831 263 871 296 είς
895 263 927 290 τὺ

133 312 327 346 θυσιαστήριον
343 311 390 338 καὶ
403 312 555 339 κοινωνεῖν.

169 357 331 384 Βασαείου
350 356 385 383 ἐκ
400 356 455 384 τοῦ
470 357 511 389 κζ’
525 365 593 392 καφ.
608 356 668 384 τῶν
681 355 748 391 περὶ
764 355 820 382 τοῦ
834 355 923 390 ἁγίου

134 402 307 436 Πνεύμιιτος
324 401 400 436 πρὸς
420 401 475 429 τὸν
493 401 642 436 μακάριον
662 401 856 436 Ἀμφιλόχιον
879 406 928 433 γε·

133 446 321 482 γραμμένων-

167 493 309 529 Τῶνλὲντῇ
324 492 472 529 Ἐκκλησία
480 492 699 529 πεφυλαγμένων
707 492 863 528 δογμάτων,
871 497 926 526 etc,

132 547 219 574 usque
234 539 267 566 ad
283 539 399 574 δύναμιν
416 538 626 574 εἰσφερομένην,
640 547 667 566 κ.
679 547 706 566 τ.
722 538 749 567 λ.

173 585 206 612 Ἦ
221 585 254 618 ιζ’
266 584 387 617 διάταξις
409 585 457 611 τοῦ
483 587 507 612 α’
518 585 570 611 τίτ.
585 584 640 611 τῶν
651 584 768 620 Νεαρῶν
789 584 864 620 λέγει
877 585 928 621 τὴν

132 630 216 666 εὐχὴν
230 631 280 666 τῆς
291 631 373 665 ἁγίας
388 631 533 663 κοινωνίας
552 631 600 657 καὶ
615 630 664 657 τοῦ
678 630 757 666 ἁγίου
772 630 928 667 βαπτίσμα-

131 684 191 707 τος,
204 675 324 709 ὀφείλειν
343 675 522 707 ἐξακούεσθαι
536 674 575 710 τῷ
592 674 658 710 λαῷ.

169 722 297 749 ΚΕΦΑΛ.
323 722 360 749 B'.
376 736 411 742 —
424 721 493 755 Περὶ
514 722 568 748 τοῦ
590 721 687 754 τίνας,
706 720 756 748 καὶ
779 721 853 754 πῶς,
876 720 927 749 καὶ

131 767 205 795 ao't'a
218 767 265 795 δεῖ
280 768 424 803 ψάλλειν,
438 767 457 802 ἢ
476 767 632 803 εὔχεσθαι,
651 767 671 802 ἢ
694 768 925 804 ἀναγινώσκειν.

330 815 506 842 Ἀπστόλων
513 813 615 842 κανὼν
632 814 666 847 ξ’,
682 817 734 841 ns’.

978 262 1043 290 dere
1068 267 1096 291 et
1112 265 1331 292 communicare.

1016 351 1098 387 129
1107 351 1205 380 Basilii
1219 361 1280 388 cap.
1294 351 1330 380 27
1340 361 1432 381 eorum
1447 362 1506 389 qua
1514 353 1547 381 de
1563 353 1668 389 Spiritu
1679 359 1773 381 sntit-lo

979 397 1014 423 ad
1033 396 1139 424 beatum
1151 397 1367 433 Amphilochium
1382 399 1501 434 scripsit.

1014 488 1053 516 Ex
1067 489 1216 517 asservatis
1236 490 1264 517 in
1287 489 1408 518 Ecclesia
1422 490 1608 526 dogmatibus,
1627 498 1710 527 usque
1736 491 1772 518 ad

978 534 1034 562 vim
1048 533 1206 562 atierentem
1219 554 1227 567 ,
1242 540 1309 569 etc.,
1322 540 1351 563 ut
1363 543 1425 572 pag.
1440 536 1503 564 462.

1015 579 1124 607 Toxlus.
1137 580 1234 608 Const.
1248 580 1292 614 17,
1309 582 1351 609 tit.
1371 581 1382 608 l
1405 581 1579 610 Novellarum
1593 583 1661 610 dicit
1677 590 1773 618 preces

978 630 1160 654 sacrosanctae
1175 627 1380 655 communionis
1394 630 1422 654 et
1439 628 1608 656 sacrosancti
1622 628 1773 663 baptisma-

978 671 1014 699 tis
1028 679 1044 699 a
1059 671 1159 706 populo
1176 671 1302 700 exaudiri
1318 672 1427 701 debere.

1015 715 1094 745 CAP.
1109 715 1142 744 li.
1149 731 1185 738 —
1192 716 1309 750 Quinam
1315 722 1341 745 et
1349 719 1480 753 quomodo
1492 724 1518 746 et
1528 727 1650 755 quernum
1660 718 1774 753 psallere

977 760 1099 796 debeant,
1123 765 1171 789 aut
1201 762 1318 796 precari,
1334 768 1381 790 aut
1410 763 1505 799 legere.

1155 808 1342 842 Apostolorum
1358 816 1470 836 canones
1485 808 1530 842 60,
1546 809 1591 837 85.

171 862 205 895 ξ’.
219 861 254 888 Ei
263 869 305 893 τις
320 861 356 887 τὰ
371 860 583 896 ψευδεπίγραφα
594 860 648 887 τῶν
663 859 770 887 dat-:6th
785 860 877 896 βιὸλία
890 860 928 893 ὠς

1016 851 1051 880 60
1065 851 1135 888 [59].
1161 852 1191 881 Si
1206 852 1269 889 quis
1296 852 1367 881 falso
1388 854 1540 889 inscriptos
1565 854 1714 890 impiorum
1735 856 1773 884 ii-

133 907 200 942 ἅγια
210 907 257 934 ἐπὶ
268 908 318 942 τῆς
328 906 479 941 ἐκκλησίας
489 905 649 942 δημοσιεύοι
663 905 711 933 ἐπὶ
721 905 794 942 λύμῃ
806 905 853 932 τοῦ
862 905 926 933 λαοῦ

132 955 182 982 καὶ
196 954 244 981 τοῦ
259 953 373 989 κλήρου.
385 952 581 988 καθαιρείσθω.

168 998 224 1027 πε¹.
244 999 337 1026 Ἔστω
357 999 386 1025 δὲ
410 998 476 1034 ὑμῖν
493 999 560 1025 πᾶσι
585 997 729 1034 κληρικοῖς
748 996 794 1024 καὶ
821 996 927 1030 λαῖκοῖς

132 1045 225 1081 βιϐλία
244 1044 382 1080 σεὸἀσμια
396 1045 444 1071 καὶ
457 1044 524 1078 ἅγια
534 1050 542 1059 ⁸
557 1043 607 1079 τῆς
624 1043 674 1078 μὲν
687 1043 810 1075 Παλαιᾶς
826 1042 928 1078 Διαθήο

132 1100 196 1126 κης,
214 1091 338 1122 Μωσέως
360 1090 452 1123 πέντε,
471 1090 592 1122 Γένεσις,
624 1089 746 1121 Ἔξοδος,
772 1089 926 1124 Λευῖτικῆν,

138 1137 275 1173 ’Δριθμοὶ,
290 1136 512 1172 Δευτερονόμιον·
533 1135 621 1171 Ἰησοῦ
633 1134 692 1162 υἱοῦ
707 1135 788 1170 Ναυῆ
805 1134 846 1166 ἓν,
857 1134 928 1169 Κρι-

131 1183 188 1210 τῶν
201 1182 242 1216 ἓν,
261 1182 340 1210 Ῥοὺθ
355 1185 390 1216 α’,
405 1181 556 1209 Βασιλειῶν
567 1181 600 1214 δ’,
611 1180 864 1217 Παραλειπομένων
877 1180 929 1216 τῆς

133 1228 227 1264 βίϐλου
238 1228 298 1264 ¹τῶν
312 1228 425 1264 ἡμερῶν
444 1227 478 1263 β’,
494 1227 598 1263 Ἔσδρα
616 1226 651 1262 β’,
674 1226 775 1263 Ἐσθὴρ
794 1225 833 1259 ἓν,
849 1226 929 1253 Μακ-

133 1273 257 1301 καὸαίων
267 1276 303 1308 γ’,
321 1273 382 1299 Ἰὼϐ
393 1272 432 1305 ἓν,
444 1272 612 1308 Ψαλτήριον,
622 1271 796 1306 Σολομῶντος
804 1274 840 1304 γ’,
852 1271 929 1306 Παρ-

132 1318 235 1354 οιμίαι,
253 1318 480 1354 Ἐκκλησιαστὴς,
500 1316 597 1354 τᾼσμ.α
619 1318 760 1354 ᾀσμάτων,
776 1317 929 1352 Προφητῶν

132 1363 260 1397 δεκαδύο,
273 1363 303 1390 ἓν
323 1364 447 1398 Ἡσαΐου,
464 1364 494 1391 ἓν
515 1364 656 1400 Ἰεζεκιὴλ,
669 1363 699 1390 ἓν
712 1363 824 1399 Δανιήλ.
840 1363 928 1397 Ἐξω-

133 1409 180 1436 θεν
192 1409 222 1436 δὲ
246 1409 311 1445 ὑμῖν
326 1409 561 1446 προσιστορείσθω
588 1409 737 1445 μανθάνειν
760 1408 824 1440 τοὺς
851 1409 929 1440 νέους

133 1454 213 1490 ὑμῶν
233 1454 281 1481 τοῦ
297 1454 474 1490 πολυμαθοῦς
493 1453 580 1490 Σιρὰχ
596 1454 646 1490 τὴν
668 1453 765 1488 σοφίαν
778 1461 785 1468 ·
806 1452 929 1488 ἡμέτερα

133 1500 174 1533 δὲ,
189 1501 314 1528 τουτέστι
338 1501 389 1536 τῆς
412 1501 518 1536 Καινῆς
532 1501 681 1535 Διαθήκης,
699 1499 852 1534 Εὐαγγέλια
867 1499 929 1526 τέσ-

135 1555 218 1581 σαρα,
234 1546 387 1578 Ματθαίου,
399 1546 525 1582 Μάρκου,
542 1546 646 1580 Λουκᾶ,
670 1545 805 1577 Ἰωάννου,
819 1545 928 1572 Παύλου

133 1591 279 1620 ἐπιστολαὶ
303 1593 342 1624 ιδ’,
371 1593 476 1628 Πέτρου
501 1592 643 1619 ἐπιστολαὶ¹
667 1590 725 1625 δύο,
754 1591 878 1618 Ἰωάννου
893 1589 929 1626 γ’,

140 1637 271 1665 Ἰακώϐου
295 1641 330 1672 α’,
355 1638 440 1666 Ἰούδα
460 1641 496 1672 α’,
523 1638 683 1673 Κλήμεντος
708 1637 850 1664 ἐπιστολαὶ
871 1636 928 1669 δύο,

134 1683 183 1710 καὶ
197 1684 226 1711 αἱ
239 1684 364 1718 διαταγαὶ
381 1684 444 1719 ὑμῖν
462 1685 518 1715 τοῖς
543 1682 702 1714 ἐπισκόποις
722 1682 756 1709 δι’
774 1682 841 1717 ἐμοῦ
856 1682 931 1718 Κλή-

136 1737 235 1764 μεντος
249 1729 278 1756 ὲν
301 1729 374 1756 ὀκτὼ
397 1729 511 1764 βιϐλίοις
534 1728 814 1764 προσπεφωνημὲναι,
839 1727 874 1760 ἃς
898 1728 930 1755 οὺ

135 1774 191 1810 χρὴ
204 1773 378 1809 δημοσιεύειν
393 1774 440 1801 ἐπὶ
464 1774 585 1806 πάντων,
603 1774 648 1801 διὰ
661 1774 696 1800 τὰ
716 1774 745 1799 ὲν
766 1773 862 1805 αὐταῖς
879 1781 931 1808 μυ-

137 1819 235 1847 στικά·
251 1821 298 1847 καὶ
314 1821 342 1848 αἱ
359 1820 478 1856 Πράξεις
490 1820 571 1856 ήμῶν
586 1819 640 1846 τῶν
655 1819 813 1846 ἀποστόλων
823 1826 829 1833 ·
843 1818 931 1845 ταῦτα

136 1866 186 1892 καὶ
210 1866 276 1902 περὶ
300 1866 420 1893 κανόνων
437 1865 606 1900 διατετάχθω
632 1865 697 1900 ὑμῖν
718 1864 785 1901 παρ’
800 1864 891 1900 ἡμῶν,
909 1860 932 1891 ὦ

137 1913 293 1940 ἐπίσκοποι.
315 1913 410 1948 Ὑμεῖς
424 1912 454 1939 δὲ
469 1912 635 1948 ἐμμένοντες
653 1911 757 1943 αὐτοῖς,
774 1910 932 1946 σωθήσεσὴ

137 1960 186 1986 καὶ
200 1960 312 1995 εἰρήνην
334 1959 424 1992 ἓξετε*
450 1957 629 1990 ἀπειθοῦντες
653 1957 693 1990 δὲ,
717 1956 931 1993 κολασθήσεσθε,

138 2007 187 2032 καὶ
203 2005 321 2040 πόλεμον
347 2005 407 2040 μετ’
426 2003 549 2040 ἀλλήλων
571 2003 658 2031 ἀΐδιον
680 2003 767 2035 ἕξετε,
786 2003 866 2038 δίκην
881 2003 932 2038 τῆς

137 2051 270 2086 ἀνηκοΐας
283 2051 333 2086 τὴν
349 2051 543 2086 προσήκουσαν
568 2050 716 2081 τιννύντες.
740 2049 770 2076 '0
791 2048 858 2080 Θεὸς
870 2048 899 2075 δὲ
918 2049 933 2075 ὁ

137 2098 220 2134 μόνος
233 2098 319 2129 ἀΐδιος
332 2097 380 2124 καὶ
403 2097 458 2123 τῶν
472 2096 542 2123 ὅλων
563 2095 690 2131 ποιητὴς,
716 2095 842 2127 ἅπαντας
859 2095 932 2129 ὑμᾶς

136 2143 182 2171 διὰ
193 2143 245 2178 τῆς
266 2143 376 2178 εἰρήνης
390 2143 420 2169 ὲν
436 2142 576 2177 Πνεύματι
600 2141 670 2177 ἁγίῳ
685 2139 785 2167 ένώσαι
805 2140 853 2167 καὶ
867 2148 933 2167 κατ-

982 899 1058 933 bros,
1076 903 1207 934 tanquam
1220 904 1343 933 sanctos,
1357 900 1385 927 in
1401 900 1516 928 ecclesia
1533 901 1657 936 publicat
1669 901 1704 930 ad
1720 910 1772 938 po-

979 945 1037 981 puli
1054 951 1082 973 et
1095 946 1161 974 cieri
1179 946 1339 981 perniciem,
1357 945 1522 981 deponatur.

1013 991 1048 1020 85
1063 991 1132 1029 [84].
1149 991 1209 1020 Sint
1220 992 1298 1020 vobis
1311 991 1438 1020 omnibus
1453 991 1561 1020 clericis
1574 997 1602 1021 et
1611 992 1689 1021 laicis
1709 992 1771 1020 libri

979 1039 1126 1067 venerandi
1134 1038 1375 1073 etsanctiﬂeteris
1381 1040 1490 1075 quidem
1499 1040 1679 1075 Testameuti,
1688 1040 1773 1069 Mosis

982 1087 1116 1122 quinque,
1128 1085 1255 1119 Genesis,
1269 1085 1392 1121 Erodus,
1404 1087 1553 1121 Leviticns,
1564 1087 1689 1122 Numeri,
1700 1088 1773 1116 Deu-

979 1133 1177 1168 tcronomium;
1196 1132 1259 1162 iesu
1272 1132 1348 1161 Nave
1356 1142 1443 1168 unus;
1453 1134 1581 1162 iudicum
1593 1142 1685 1167 unus;
1699 1134 1772 1162 Ruth

980 1187 1069 1213 unus;
1088 1180 1246 1214 Regnorum
1262 1184 1398 1215 quatuor;
1422 1179 1665 1216 Paralipomenon.
1689 1181 1717 1209 id
1731 1186 1774 1210 cst

981 1223 1177 1252 derelictorum
1203 1224 1269 1253 libri
1300 1224 1420 1257 dierum,
1437 1224 1513 1259 duo;
1528 1225 1621 1254 Esdrae
1637 1226 1702 1254 duo.
1724 1227 1774 1254 Es-

980 1267 1043 1295 ther
1057 1274 1147 1301 unus;
1166 1266 1385 1296 Machabteorum
1400 1273 1474 1297 tres:
1493 1267 1545 1298 Job
1557 1278 1649 1303 unus;
1667 1270 1773 1298 Psalte-

981 1313 1052 1340 rium
1063 1321 1145 1341 unus.
1159 1312 1316 1343 Salomonis
1329 1319 1397 1348 tres,
1409 1315 1569 1348 Proverbia,
1581 1315 1774 1344 Ecclesiastes.

980 1358 1096 1387 Cantica
1135 1360 1328 1394 canticorum;
1372 1360 1574 1396 Prophetarum
1628 1361 1773 1390 duodecim

985 1414 1075 1441 unus;
1091 1406 1168 1435 isaite
1191 1415 1275 1440 unus,
1297 1407 1425 1436 Jeremize
1442 1415 1527 1440 unus,
1544 1408 1670 1436 Ezechiel
1689 1416 1774 1440 unus,

981 1453 1075 1481 Daniel
1099 1461 1183 1482 unus.
1211 1453 1389 1482 Extrinsecus
1408 1458 1499 1482 autem
1516 1462 1531 1482 ιι
1546 1455 1624 1483 vobis
1640 1455 1774 1491 intelliga-

981 1505 1037 1533 tur,
1052 1500 1152 1528 debere
1166 1505 1273 1528 vestros
1285 1500 1474 1529 adolescentes
1488 1501 1595 1528 discere
1611 1501 1774 1536 sapientiam

981 1546 1161 1575 eruditissimi
1188 1546 1296 1575 Sirach.
1323 1545 1424 1574 Nostra
1451 1551 1555 1580 autem,
1581 1548 1608 1574 id
1627 1552 1681 1580 est,
1706 1547 1774 1575 Novi

982 1591 1163 1626 Testamenti,
1194 1592 1343 1628 Evangelia
1369 1596 1499 1628 quatuor,
1523 1592 1655 1625 Matthxi,
1677 1592 1774 1626 Marci,

981 1637 1072 1672 Luce,
1091 1638 1220 1672 Joannis;
1239 1638 1316 1667 Pauli
1336 1638 1465 1675 Epistulae
1480 1639 1702 1674 quatuordecim,
1724 1638 1777 1666 Pe-

981 1683 1017 1711 tri
1043 1683 1170 1718 Epistolas
1189 1684 1261 1717 duae,
1281 1683 1396 1712 Joannis
1414 1688 1482 1718 tres,
1502 1684 1598 1712 Jacobi
1613 1692 1665 1711 una
1688 1683 1777 1721 [Judze

982 1727 1060 1764 una].
1073 1727 1222 1757 Clementis
1236 1729 1361 1765 epistola:
1372 1730 1444 1763 duae,
1458 1734 1486 1757 et
1496 1729 1686 1757 ordinationes
1697 1730 1776 1758 vobis

981 1775 1118 1810 episcopis
1141 1783 1191 1811 per
1208 1783 1254 1803 me
1277 1776 1445 1804 Clementem
1467 1777 1494 1804 in
1508 1780 1573 1804 octo
1593 1775 1674 1804 libris
1684 1775 1775 1809 edit-.2,

982 1828 1044 1856 quae
1066 1829 1123 1849 non
1150 1827 1216 1849 sunt
1237 1822 1369 1850 omnibus
1395 1822 1580 1858 divulganda,
1606 1827 1718 1858 propter
1744 1829 1775 1852 ea

983 1873 1045 1901 quae
1063 1872 1128 1895 sunt
1147 1867 1174 1894 in
1190 1868 1231 1896 eis
1255 1868 1370 1904 mystica
1386 1877 1393 1896 :
1413 1873 1441 1896 et
1461 1868 1547 1896 Actus
1563 1868 1651 1897 nostri
1668 1872 1779 1903 aposto-

982 1912 1084 1940 lorum.
1106 1913 1169 1941 Hzc
1189 1921 1255 1941 vero
1281 1914 1338 1950 (5'1)
1357 1914 1391 1942 de
1404 1915 1508 1950 regulis
1520 1915 1673 1942 constituta
1697 1913 1778 1941 vobis

982 1960 1040 1988 siut
1056 1960 1138 1996 130
1154 1966 1202 1995 per
1219 1968 1280 1994 nos,
1296 1967 1314 1988 ο
1333 1960 1466 1996 episcopi.
1484 1959 1541 1988 Vos
1560 1964 1651 1988 autem
1670 1959 1778 1987 obtem-

984 2012 1124 2041 perantes,
1147 2006 1332 2038 saivabimini,
1359 2010 1387 2034 et
1414 2014 1510 2041 pacem
1526 2006 1673 2034 habebitis.
1698 2005 1734 2032 At
1753 2005 1777 2032 si

983 2059 1037 2079 non
1049 2051 1378 2087 parueritis,puuiemini,
1396 2055 1425 2079 et
1444 2051 1546 2080 bellum
1575 2054 1672 2078 mutuo
1680 2057 1779 2085 perpe-

983 2102 1061 2126 tuum
1092 2097 1238 2132 habebitis,
1264 2105 1376 2133 poenam
1400 2097 1595 2126 iuobedientize
1624 2103 1777 2131 congruam

983 2144 1087 2172 daturi.
1100 2143 1173 2172 Deus
1188 2151 1283 2179 porro,
1300 2144 1348 2180 qui
1369 2144 1446 2172 solus
1459 2147 1502 2172 est
1520 2148 1640 2171 aeternus
1662 2149 1695 2170 ac
1717 2142 1779 2169 uni-

137 2190 251 2226 αρτίσαι
273 2190 313 2221 είς
335 2190 391 2217 πᾶν
418 2189 498 2224 ἔργον
522 2188 636 2223 ἀγαθὸν,
657 2187 824 2222 ἀτρέπτους,
842 2187 930 2221 ἀμέμ-

987 2196 1130 2219 venor-um
1145 2194 1265 2223 creator,
1281 2198 1332 2218 vos
1347 2198 1444 2218 omnes
1459 2197 1527 2225 pace
1550 2189 1579 2217 in
1595 2188 1698 2224 Spiritu
1713 2196 1780 2216 sane

138 2244 234 2269 πτους,
258 2235 453 2271 ἀνεγκλήτους,
480 2235 528 2261 καὶ
553 2232 722 2266 καταξιῶσαι
748 2233 799 2267 τῆς
822 2232 933 2259 αἰωνίου

137 2282 211 2318 ζωῆς
227 2282 276 2309 σὺν
295 2279 440 2318 ἡμῖν,’διὰ
459 2281 510 2315 τῆς
534 2280 674 2316 μεσιτείας
691 2279 738 2306 τοῦ
751 2277 934 2314 ήγαπημένου

137 2329 233 2360 παιδὸς
247 2329 330 2356 αὐτοῦ
352 2328 441 2364 Ἰησοῦ
459 2327 578 2363 Χριστοῦ
600 2327 646 2354 τοῦ
663 2325 730 2352 Θεοῦ
746 2326 794 2352 καὶ
807 2324 934 2360 Σωτῆρος

137 2375 229 2411 ἡμῶν,
252 2375 312 2410 μεθ’
324 2372 355 2402 οὖ
368 2375 385 2410 ή
402 2373 467 2406 δόξα
485 2373 561 2409 αὐτῷ
574 2372 613 2408 τῷ
627 2372 675 2399 ἐπὶ
690 2371 799 2398 πάντων
815 2370 875 2405 Θεῷ
887 2369 935 2396 καὶ

138 2421 228 2456 Πατρὶ
247 2421 296 2448 σὺν
319 2421 391 2456 ἁγίῳ
407 2420 548 2454 Πνεύματι
563 2419 603 2454 τῷ
624 2417 803 2452 παρακλήτῳ,
824 2415 872 2443 νῦν
888 2415 936 2442 καὶ

137 2467 183 2494 ἀεὶ
198 2467 248 2493 καὶ
259 2467 300 2499 εἰς
313 2467 377 2498 τοὺς
389 2465 492 2497 αἰῶνας
507 2464 562 2491 τῶν
573 2463 690 2491 αἰώνων.
714 2463 813 2498 ’Δμήν.

158 2577 297 2606 Συνὸδου
306 2576 487 2610 Λαοδικείας
495 2575 596 2603 κανὼν
604 2577 646 2607 ιε’,
654 2573 697 2607 ιζ’,
711 2575 757 2607 ιη’,
770 2572 813 2606 ιϐ’,
822 2570 934 2606 κγ’,νθ’.

175 2637 218 2662 ιε’.
234 2635 302 2670 Περὶ
319 2633 367 2660 τοῦ
393 2633 431 2669 μὴ
455 2633 511 2659 δεῖν
527 2632 598 2668 πλὴν
621 2631 676 2658 τῶν
693 2629 846 2657 κανονικῶν
868 2628 936 2663 ψαλ-

138 2680 206 2712 τῶν,
223 2680 279 2707 τῶν
304 2680 351 2706 ἐπὶ
363 2679 409 2705 τὸν
434 2678 548 2714 ἄμϐωνα
573 2675 787 2707 ἀναὸαινόντων,
810 2674 858 2700 καὶ
881 2672 936 2700 ἀπὸ

138 2726 271 2762 διφθέρας
296 2725 464 2760 ψαλλόντων,
487 2723 596 2759 ἑτέρους
616 2721 692 2753 τινὰς
711 2720 825 2756 ψάλλειν
845 2720 875 2746 ὲν
889 2720 936 2746 ὲκ-

140 2773 253 2809 κλητίᾳ.

985 2242 1031 2267 cto
1052 2235 1231 2270 confortabit,
1268 2241 1295 2265 et
1317 2240 1397 2272 aptos
1424 2237 1520 2264 reddet
1535 2235 1568 2264 ad
1599 2243 1680 2264 omne
1709 2242 1780 2270 opus

985 2286 1100 2318 bonum,
1123 2283 1328 2316 immutabiles;
1354 2281 1618 2317 irreprehensibiles,
1641 2281 1702 2309 sine
1724 2281 1779 2308 cri-

986 2332 1072 2366 mine,
1093 2331 1246 2367 dignosque
1272 2329 1355 2357 [sciet
1368 2334 1471 2356 aeterna
1487 2328 1542 2355 vita
1559 2327 1716 2359 nobiscum,
1732 2334 1780 2362 per

987 2378 1209 2406 intercessionem
1224 2377 1318 2405 dilecti
1333 2375 1394 2403 Filii
1411 2375 1454 2404 sui
1467 2374 1532 2403 .lcsu
1547 2373 1662 2406 Christi,
1682 2373 1729 2402 Dei
1753 2378 1781 2400 et

985 2424 1137 2452 Salvatoris
1163 2423 1270 2456 nostri;
1293 2429 1355 2450 cum
1373 2429 1427 2457 quo
1444 2421 1529 2455 gloria
1553 2421 1590 2448 sit
1617 2420 1669 2455 ipsi
1694 2427 1780 2454 supra

985 2470 1078 2497 omnia
1091 2469 1146 2497 Deo
1161 2468 1236 2496 Patri
1263 2476 1326 2496 cum
1345 2473 1442 2496 sancto
1467 2467 1571 2502 Spiritu
1592 2466 1778 2497 consolatore,

988 2522 1063 2542 nunc
1076 2519 1104 2542 et
1116 2522 1235 2549 semper,
1255 2519 1284 2542 et
1296 2514 1323 2541 in
1343 2513 1443 2541 saecula
1457 2512 1633 2540 saeculorum.
1644 2513 1742 2538 Amen.

986 2569 1099 2598 Com-itii
1123 2569 1267 2598 Laudiceni
1289 2577 1402 2596 canones
1422 2568 1466 2601 15,
1489 2568 1534 2602 i7,
1551 2567 1595 2601 i8,
1610 2567 1653 2600 i9,
1668 2567 1713 2599 25,
1732 2566 1778 2594 59.

1021 2628 1066 2656 15.
1094 2627 1154 2654 Non
1181 2631 1309 2662 oportere
1335 2632 1433 2662 praeter
1457 2626 1605 2653 canonicos
1630 2630 1777 2656 cantores.

985 2674 1032 2709 qui
1047 2678 1204 2709 suggestum
1224 2673 1387 2705 ascendunt,
1405 2677 1431 2699 ct
1448 2679 1481 2700 er
1498 2671 1656 2700 membrana
1673 2670 1776 2704 legunt,

987 2721 1096 2755 aliquos
1110 2720 1179 2748 alios
1195 2727 1294 2747 cauere
1309 2720 1336 2747 in
1354 2718 1481 2746 ecclesia.

915 2821 1017 2850 ἰΟΤιΕ.

915 2823 921 2829 ’
947 2822 1017 2850 ΤιΕ.

176 2877 233 2912 (57)
250 2876 290 2904 Ex
315 2875 438 2905 editione
465 2873 567 2904 Crabbi
587 2873 615 2902 in
630 2873 699 2902 alias
725 2872 856 2906 deinceps
884 2822 1036 2906 pleromeavit
1054 2868 1107 2897 ista
1124 2867 1260 2904 appendix
1276 2867 1333 2896 sive
1346 2865 1468 2899 coronis,
1483 2868 1514 2892 ut
1529 2867 1618 2891 uocat.
