1959 3061
167 194 217 226 591

168 301 272 330 texere,
288 295 335 324 sed
350 295 376 323 in
399 303 565 331 unoquoque
576 295 684 331 psalmo
701 295 845 331 interjecto
858 295 959 331 spatio,

168 342 314 371 lectionem
329 341 398 369 ﬁeri.

205 388 250 415 18.
271 386 344 414 Idem
370 394 482 422 precum
511 386 696 414 ministerium
722 386 835 414 omnino
860 385 962 414 debere

169 433 227 460 ilcri
250 433 277 459 in
296 431 383 459 Nonis
401 435 428 458 et
440 431 578 466 Vesperis.

206 521 249 548 l9.
270 519 403 555 Oportere
428 527 550 547 seorsum
576 520 707 554 primum,
731 523 794 555 post
818 518 964 554 episcopo-

170 575 230 595 rum
240 574 394 599 sermones,
413 570 479 598 etc.,
497 571 526 592 ut
542 573 604 600 pag.
624 565 686 593 587.

207 613 254 640 25.
273 612 352 646 Quod
367 619 423 639 non
437 615 546 646 oportet
561 611 680 639 lectores
693 610 735 638 vel
748 614 878 638 cantores
893 610 966 638 ferre

172 659 325 690 horarium,
339 663 366 686 et
378 659 418 686 sic
431 658 520 694 legere
533 658 574 685 vel
592 665 700 685 canere.

208 706 252 733 59.
268 705 345 738 Quod
360 712 414 732 non
426 709 533 739 oportet
545 704 664 739 privato:
676 708 703 731 et
718 704 847 740 vulgares
860 703 968 738 aliquos

173 752 294 788 psalmos
310 751 364 779 dici
387 751 415 778 in
429 750 557 782 ecclesia,
574 750 652 785 13],
669 758 720 778 nec
735 750 822 778 libros
841 757 895 776 non
921 755 968 776 ca-

173 798 299 829 nOnicos,
319 796 367 824 sed
379 796 454 823 solos
469 794 619 822 canonicos
635 793 740 823 Veteris
750 798 778 822 et
790 793 858 821 Novi
872 792 970 820 Testa-

174 844 272 872 menti.

210 891 275 918 Haec
294 895 359 918 sunt
386 897 446 925 quae
474 890 525 926 legi
559 893 666 925 oportet
689 895 723 915 ex
754 885 844 913 Veteri
874 884 971 912 Testa-

750 194 881 226 ΡΗΟΤῘΙ
893 192 1147 225 ΡΑἸἮῘΑΒΕΗΆΕ
1166 191 1222 224 CP.

204 251 248 278 Π.
268 247 328 277 Non
345 254 471 285 oportere
493 249 615 285 psalmos
637 249 665 277 in
688 248 871 278 conventibus
888 257 955 278 con-
975 250 998 279 A

1751 180 1805 215 592

1047 248 1092 280 ιζ’.
1106 248 1174 284 Περὶ
1189 245 1238 274 τοῦ
1270 245 1309 282 μὴ
1326 244 1382 273 ὕειν
1402 241 1598 271 ἐπισυνάπτειν
1612 239 1642 267 ὲν
1660 239 1722 271 ταῖς
1743 248 1805 267 συν.

1012 293 1089 328 ἁξεσι
1118 294 1182 326 τοὺς
1204 291 1339 328 ψαλμοὺς,
1360 289 1428 318 ἀλλά
1451 288 1496 316 διὰ
1514 287 1598 314 μέσον
1616 285 1678 314 καθ’
1691 285 1808 318 ἕκαστον

1011 341 1119 377 ψαλμὸν
1131 339 1255 375 γίνεσθαι
1270 339 1434 373 ἀνάγνωσιν.

1051 376 1097 422 ut.
1115 385 1184 421 Περὶ
1204 383 1252 412 τοῦ
1272 383 1322 418 τὴν
1345 382 1431 416 αὐτὴν
1453 377 1626 413 λειτουργίαν
1649 376 1705 404 τῶν
1719 376 1808 413 εὐχῶν

1015 432 1142 464 πάντοτε,
1152 430 1200 458 καὶ
1215 431 1245 456 ὲν
1258 430 1318 460 ταῖς
1334 427 1458 458 Ἐνάταις
1468 424 1516 452 καὶ
1526 425 1555 452 ὲν
1571 424 1631 456 ταῖς
1651 422 1810 459 Ἐσπέραις,

1015 478 1134 513 ὀφείλειν
1148 475 1284 511 γίνεσθαι.

1053 523 1096 551 ιθ’.
1112 523 1181 559 Περὶ
1202 521 1249 549 τοῦ
1262 521 1318 549 δεῖν
1341 519 1396 556 ῑδίᾳ
1411 518 1521 555 πρῶτον
1546 516 1617 553 μετά
1631 517 1682 548 τὰς
1702 515 1812 552 ὁμιλίας
1825 511 1836 522 ’

1015 569 1071 597 τῶν
1085 568 1256 601 ἐπισκόπων,
1272 575 1300 594 κ.
1319 575 1345 594 τ.
1357 566 1383 593 λ.

1052 615 1106 651 κγ’.
1124 615 1186 642 ὀτι
1212 615 1242 642 οὐ
1262 615 1304 640 δεῖ
1325 610 1502 646 ἀναγνώστας
1526 610 1544 647 ἢ
1563 609 1670 646 ψάλτας
1693 607 1814 645 ὡράριον

1018 662 1123 698 φορεῖν,
1138 661 1186 688 καὶ
1199 659 1287 691 οὕτως
1301 659 1508 693 ’ἀναγινώσκειν
1523 655 1540 691 ἢ
1555 655 1678 690 ψάλλειν.

1055 707 1104 734 νθν.
1120 707 1182 733 Ὀτι
1197 706 1227 733 οὐ
1239 706 1279 732 δεῖ
1294 703 1446 736 ἰδιωτικοὺς
1458 703 1584 738 ψαλμοὺς
1596 700 1725 735 λέγεσθαι
1736 700 1764 727 ὲν
1779 700 1813 736 τῇ

1019 753 1166 789 ἐκκλησίᾳ,
1180 751 1241 779 οὐδὲ
1258 751 1422 778 ἀκανόνιστα
1436 749 1538 786 βιϐλία,
1553 747 1621 776 ἀλλὰ
1637 747 1706 783 μόνα
1717 747 1751 774 τὰ
1765 755 1815 773 κα-

1019 798 1114 827 νονικά
1143 797 1194 833 τῆς
1216 796 1322 832 Καινῆς
1340 796 1388 823 καὶ
1415 795 1539 827 Παλαιᾶς
1564 792 1714 829 Διαθήκης,
1735 791 1815 819 ἅτινά

1021 844 1080 871 ἔστι
1093 843 1191 871 ταῦτα·

1059 892 1093 918 α’.
1107 889 1219 921 Γένεσις
1231 888 1347 923 κόσμου.
1366 887 1399 923 β’.
1420 886 1541 920 Ἐξοδος.
1561 884 1598 919 γ’.
1614 884 1766 912 Δευῖτικόν.
1783 883 1816 911 δ’,

175 942 286 965 mento:
301 937 326 964 1.
339 923 453 964 Gen—esis
463 944 471 969 ;
480 923 513 963 Ξῖ
519 923 641 968 Exodus,
653 933 680 961 id
690 937 742 966 est,
752 932 842 960 exitus
849 938 881 958 ex
890 930 973 966 Egy-

1039 936 1166 974 Δριθμοί.
1190 938 1223 963 ε’.
1245 935 1469 970 Δευτερονόμιον.
1494 936 1532 966 ς’.
1564 931 1651 967 Ἰησοῦ
1672 930 1762 965 Ναυῆ.
1782 929 1817 962 ζ’.

175 988 222 1019 pto
237 992 245 1017 ;
259 983 286 1011 3.
308 982 461 1015 Leviticus;
492 982 517 1008 1.
535 980 657 1014 Numeri;
673 979 700 1006 5.
717 977 972 1006 Dcuteronominm:

176 1029 204 1058 6.
214 1028 294 1056 Jesus
306 1027 398 1060 Nave;
413 1027 441 1054 7.
457 1026 578 1054 Judices.
592 1025 663 1053 lluth
677 1034 684 1059 ;
709 1024 736 1051 8.
750 1023 862 1056 Esther;
879 1021 906 1050 9.
923 1021 976 1049 Re-

177 1083 293 1111 gnorum
305 1074 315 1101 1
327 1079 354 1101 et
364 1074 403 1107 ll;
416 1073 458 1100 l0.
471 1072 627 1108 Regnorum
638 1070 673 1098 111
685 1075 712 1098 et
721 1069 768 1103 lV;
782 1069 825 1096 ll.
835 1067 976 1102 Paralipo-

177 1128 278 1148 menon
293 1120 304 1147 1
318 1123 346 1147 et
356 1120 399 1152 ll;
416 1118 459 1146 l2.
472 1118 575 1145 Esdras
588 1116 638 1145 let
651 1116 690 1150 Il;
705 1115 749 1142 15.
768 1114 846 1142 Libri
855 1113 978 1141 Psalmo-

179 1174 241 1204 1.ιιιιι
249 1167 307 1199 CL;
322 1166 367 1193 M.
381 1164 527 1193 Proverbia
541 1162 710 1195 Salomonis;
728 1162 772 1188 15.
787 1160 977 1191 Ecclesiastes;

181 1215 224 1242 16.
233 1213 345 1242 Cantica
354 1211 540 1244 canlicorum;
557 1210 598 1237 17.
611 1209 680 1242 Job;
695 1208 741 1235 18.
755 1206 904 1234 Duodecim
915 1212 979 1240 pro-

180 1260 268 1296 pheta:
279 1267 287 1291 ς
300 1258 343 1286 19.
358 1257 458 1290 Isaias;
471 1256 518 1283 20.
534 1255 667 1283 Jeremias
678 1258 705 1282 et
716 1253 834 1284 Baruch,
848 1252 981 1279 lamenta-

182 1307 270 1334 tiones
282 1304 455 1339 elepistolae;
466 1303 512 1330 ιιι.
526 1301 650 1329 Ezechiel
661 1309 668 1335 ;
679 1299 725 1327 τε.
738 1297 918 1326 Daniel.Novi
931 1304 981 1323 au-

182 1355 236 1378 tem
254 1349 421 1377 Testamenti
433 1349 490 1375 hanc
506 1356 514 1375 :
530 1346 675 1382 Evangelia
692 1349 821 1381 quatuor,
829 1342 980 1371 secundum

182 1397 354 1429 Matthzeum,
373 1395 525 1423 secundum
545 1393 678 1425 Marcum,
695 1390 844 1419 secundum
867 1389 981 1419 Lucam.

1024 983 1136 1019 Κριταί.
1155 982 1246 1009 Ῥούθ.
1264 984 1300 1018 η’.
1322 980 1434 1016 Ἐσθήρ.
1452 980 1486 1008 θ’.
1507 979 1658 1006 Βασιλειῶν
1673 979 1701 1005 Α¹
1716 977 1764 1004 καὶ
1778 977 1817 1003 Β’.

1027 1033 1053 1057 ι’.
1069 1028 1217 1057 Βασιλειῶν
1225 1029 1265 1062 I“,
1279 1029 1316 1055 A'.
1333 1030 1378 1054 ta’.
1398 1025 1647 1062 Παραλειπομένων
1663 1024 1703 1056 Δ’,
1719 1022 1757 1050 Β¹.
1773 1022 1819 1058 ιβ’.

1027 1075 1145 1111 Ἔσδρας
1159 1075 1199 1108 A',
1216 1074 1254 1104 B’.
1271 1073 1314 1108 ιγ’.
1335 1072 1426 1100 Βίϐλοι
1439 1071 1561 1107 ¹Ψαλμῶν
1578 1069 1641 1097 PN'.
1659 1069 1700 1096 ιδ’.
1717 1069 1821 1104 Παροι-

1029 1121 1099 1158 μιῶν
1120 1119 1305 1155 Σολομῶντος.
1331 1118 1374 1145 ιε’.
1403 1115 1632 1152 Ἐκκλησιαστής.
1656 1117 1704 1147 ις’.
1724 1112 1820 1149 Ἀσμα

1028 1166 1167 1203 ᾀσμάτων.
1177 1166 1221 1198 ιζ’.
1230 1165 1300 1192 Ἰώὸ.
1312 1168 1358 1200 ιη’.
1367 1163 1629 1198 Δωδεκαπρόφητον.
1641 1159 1685 1188 ιθ¹.
1694 1160 1819 1190 Ἡσαΐας.

1028 1214 1064 1238 κ’.
1084 1210 1230 1245 Ἱερεμίας.
1246 1209 1364 1245 Βαρούχ.
1391 1208 1493 1244 Θρῆνοι
1512 1207 1559 1234 καὶ
1579 1204 1743 1233 Ἐπιστολαί.
1767 1203 1820 1232 κα’.

1035 1255 1175 1292 Ἰεζεκιήλ.
1189 1256 1242 1291 κβ’.
1258 1255 1369 1291 Δανιήλ.
1390 1254 1495 1289 Καινῆς
1509 1252 1654 1288 διαθήκης,
1669 1250 1823 1285 Εὑαγγέλια

1030 1303 1062 1336 δ’,
1088 1302 1160 1330 κατὰ
1183 1301 1335 1334 Ματθαϊον,
1363 1300 1436 1328 κατά
1465 1300 1593 1334 Μάρκον,
1614 1297 1685 1325 κατά
1705 1296 1823 1330 Λουκᾶν,

1031 1347 1103 1376 κατά
1125 1348 1265 1383 Ἰωάννην.
1282 1347 1399 1383 Πράξεις
1409 1345 1577 1373 ἀποστόλων,
1591 1343 1746 1371 Ἐπιστολαῖ⁸
1758 1342 1826 1369 καθ-

1031 1393 1122 1420 ολικαὶ
1144 1393 1167 1425 ζ’
1181 1391 1269 1427 οὕτως
1285 1400 1291 1406 ·
1320 1390 1450 1418 Ὶακώὸου
1471 1394 1505 1422 α’,
1523 1390 1627 1425 Πέτρου
1645 1389 1678 1424 β’,
1700 1388 1825 1415 Ἰωάννου

184 1444 333 1473 secundum
359 1442 504 1469 Joannem.
528 1440 612 1467 Actus
634 1438 832 1474 apostolorum.
856 1434 981 1470 Epistolm

1039 1438 1068 1474 γ’,
1098 1437 1185 1466 Ἰούδα
1210 1440 1245 1464 α’.
1274 1436 1430 1464 Ἐπιστολαὶ
1457 1434 1565 1462 Παύλου
1593 1434 1634 1467 ιδ’,
1661 1432 1731 1468 πρδς
1757 1433 1826 1459 Ῥω-

184 1490 324 1518 catholicae
347 1492 462 1523 septem,
478 1486 603 1513 videlicet
621 1483 715 1512 Jacobi
738 1490 802 1515 una,
818 1481 891 1510 Petri
906 1482 981 1515 dum,

184 1536 299 1566 Joannis
314 1539 379 1567 tres,
397 1533 474 1561 Judat
503 1540 567 1559 una.
595 1530 724 1566 Epistolm
751 1528 831 1556 Pauli
852 1532 986 1563 quatuor-

1035 1485 1131 1521 μαίους
1148 1487 1183 1517 α’,
1210 1484 1280 1519 πρὸς
1310 1482 1471 1520 Κορινθίους
1495 1480 1529 1516 β’,
1554 1479 1623 1516 πρὸς
1648 1479 1771 1510 Γαλάτας
1789 1477 1827 1510 α’,

1034 1530 1103 1566 πρὸς
1123 1529 1266 1565 Ἐφεσίους
1280 1527 1316 1562 α’,
1335 1527 1404 1563 πρὸς
1418 1525 1618 1561 Φιλιππησίους
1632 1528 1668 1558 α’,
1688 1523 1756 1559 πρὸς
1772 1523 1829 1550 Κο-

186 1586 274 1613 decim
288 1593 296 1611 :
310 1587 342 1611 ad
355 1582 494 1609 Romanos
507 1587 571 1612 una,
584 1579 617 1606 ad
629 1577 788 1606 Corinthios
801 1576 872 1608 duae.
882 1575 915 1602 ad
930 1574 981 1602 Ga-

1039 1577 1144 1608 λασσεῖς
1164 1580 1200 1608 α’,
1223 1574 1292 1610 πρὸς
1317 1573 1524 1604 Θεσσαλωικεῖς
1544 1571 1578 1607 β’,
1596 1571 1664 1607 πρὸς
1686 1569 1830 1605 Ἐϐραίους

187 1631 257 1659 latas
273 1637 339 1662 una,
361 1628 395 1655 ad
411 1625 546 1662 Ephesios
567 1632 634 1656 una,
653 1623 687 1651 ad
706 1622 898 1656 Philippenses
914 1627 982 1651 una,

187 1680 220 1706 all
250 1677 428 1706 Colossenses
455 1681 520 1705 una,
543 1671 577 1699 ad
606 1667 873 1698 Thessalonicenses
904 1665 976 1695 duae,

188 1724 222 1752 ad
241 1723 370 1751 Hebraeos
392 1728 458 1752 una,
482 1719 515 1746 ad
532 1717 709 1745 Timotheum
734 1714 806 1747 dum,
834 1712 867 1740 ad
889 1710 982 1738 Titum

189 1777 255 1803 una,
271 1769 304 1796 ad
317 1767 508 1795 Philemonem
524 1771 591 1792 una.

257 1812 373 1840 Concilii
388 1807 606 1844 Carthaginensis
616 1813 728 1834 canones
740 1803 787 1838 21,
798 1802 844 1834 42.
860 1800 924 1828 105.

229 1857 263 1885 Ut
279 1863 376 1893 prwter
392 1843 548 1890 Scriptura:
564 1853 706 1880 canonica;
722 1850 803 1887 [mss.
822 1843 986 1881 catholicas]

191 1903 260 1932 nihil
275 1903 303 1930 in
316 1902 440 1929 ecclesias
453 1900 556 1935 legatur
569 1898 639 1934 ('58).

227 1947 273 1975 24L
289 1947 355 1974 Item
375 1945 479 1981 placuit
489 1943 548 1960 ’ταί
563 1946 696 1977 υιρωιιιει·
709 1939 864 1974 Scripturas
876 1935 988 1964 canoni-

193 2003 240 2023 cas
256 1993 325 2022 nihil
339 1994 368 2021 in
384 1990 500 2019 ecclesia
518 1990 623 2025 legatur
637 1988 688 2016 sub
703 1986 815 2015 nomine
830 1983 988 2013 divinarum

193 2039 411 2074 Scripturarum.
429 2035 502 2063 Sunt
512 2039 607 2062 autem
623 2031 766 2060 canonica;
785 2029 944 2064 Scriptura,
960 2025 988 2054 id

191 2092 245 2119 est,
260 2084 386 2115 Genesis,
401 2081 525 2114 Exodus,
543 2079 694 2112 Leviticus,
712 2076 838 2109 Numeri,
858 2075 989 2102 Deutero-

193 2133 329 2164 nomium,
351 2129 433 2158 Jesus
447 2127 532 2160 Nave,
548 2126 669 2159 Judices,
694 2124 779 2156 Ruth,
803 2121 907 2158 Regum
925 2118 989 2147 libri

193 2183 322 2213 quatuor.
335 2176 562 2210 Paralipomenon
576 2171 640 2199 libri
651 2170 716 2198 duo.
734 2168 795 2200 Job,
808 2166 988 2198 Psalterium,

196 2212 353 2250 Salomonis
367 2221 431 2249 libri
444 2220 575 2255 quinque.
586 2216 664 2245 Libri
679 2214 825 2243 duodecim
840 2212 990 2249 propheta-

1035 1625 1070 1655 α’,
1096 1621 1166 1657 πρὸς
1184 1621 1316 1656 Τιμόθεον
1339 1618 1373 1655 β’,
1396 1618 1466 1656 πρὸς
1491 1617 1571 1646 Τίτον
1594 1619 1630 1651 α’,
1655 1615 1725 1652 πρὸς
1748 1614 1830 1650 Φιλή-

1038 1676 1108 1704 μονα
1124 1670 1159 1695 α’.

1089 1803 1226 1832 Συνόδσυ
1242 1801 1453 1837 Καρθατέννης
1466 1799 1568 1828 κανὼν
1582 1799 1632 1832 κδ’,
1649 1798 1704 1834 μβ¹.
1724 1796 1777 1834 (ιγ’.

1073 1849 1166 1876 Ὥστε
1178 1847 1265 1880 ἐκτὸς
1285 1846 1345 1874 τῶν
1373 1844 1543 1873 καθολικῶν
1570 1843 1709 1879 Γραφῶν,
1730 1842 1830 1878 μηδὲν

1036 1894 1072 1922 ἐν
1089 1893 1127 1929 τῇ
1140 1894 1291 1928 ἐκκλησίᾳ
1303 1892 1573 1928 ἀναγινώσκεσθαι.

1073 1939 1123 1968 κδ’.
1141 1939 1258 1974 Ὁμοίως
1269 1939 1368 1974 ἡρεσεν
1379 1938 1424 1964 ἵνα
1439 1937 1517 1968 ὲκτδς
1528 1937 1582 1963 τῶν
1596 1934 1748 1962 κανονικῶν
1761 1933 1834 1969 Γρα-

1038 1985 1108 2021 φῶν,
1126 1984 1209 2020 μηδὲν
1227 1984 1256 2011 ὲν
1271 1985 1304 2019 τῇ
1323 1982 1457 2018 ἐκκλησίᾳ
1470 1981 1692 2016 ἀναγινώσκηται
1709 1980 1752 2006 ἐπ’
1773 1979 1834 2005 ὀνό-

1040 2040 1105 2068 ματι
1125 2030 1206 2058 Θείων
1221 2029 1351 2066 Γραφῶν.
1375 2029 1437 2055 Elei.
1464 2028 1492 2054 δὲ
1516 2028 1544 2054 αί
1570 2026 1710 2054 κανονικαὶ
1725 2025 1834 2061 Γραφαὶ

1042 2075 1135 2106 αὗται*
1149 2077 1271 2110 Γένεσις,
1289 2075 1411 2108 Ἐξοδος,
1432 2074 1586 2106 Λευῖτικδν,
1608 2073 1744 2109 Ἀριθμοὶ,
1769 2073 1836 2099 Δευ-

1038 2123 1210 2161 τερονόμιον,
1235 2121 1339 2158 Ἰησοῦς
1354 2121 1368 2148 ὁ
1382 2121 1428 2148 τοῦ
1444 2120 1536 2155 Ναυῆ,
1549 2119 1660 2154 Κριταὶ,
1678 2118 1769 2152 Ῥοὺθ,
1779 2118 1836 2144 τῶν

1039 2170 1190 2198 Βασιλειῶν
1217 2168 1368 2204 τέσσαρες,
1394 2167 1447 2194 τῶν
1467 2165 1720 2202 Παραλειπομένων
1749 2164 1836 2199 βίϐλοι

1040 2216 1098 2250 δύο,
1132 2215 1205 2248 Ἰὼϐ,
1229 2215 1397 2249 Ψαλτήριον,
1426 2212 1602 2248 Σολομῶντος
1629 2212 1715 2247 βίϐλοι
1743 2212 1836 2242 πέντε,

195 2275 268 2299 rum,
288 2267 385 2299 Isaias,
411 2264 555 2296 Jeremias,
588 2261 728 2294 Ezechiel,
755 2258 862 2291 Daniel,
889 2257 981 2285 Tobias

1043 2263 1097 2290 τῶν
1113 2261 1265 2297 11ροφητῶν
1291 2261 1376 2295 βίὸλοι
1397 2259 1513 2290 δώδεκα,
1537 2259 1660 2291 Ἡσαΐας,
1688 2257 1837 2293 Ἱερεμίας,

195 2315 301 2346 Judith,
322 2314 431 2346 Esther,
458 2311 551 2339 Esdrze
575 2310 650 2337 libri.
667 2309 733 2337 duo.
770 2306 991 2335 Machabaaorum

198 2361 258 2389 libri
271 2360 335 2388 duo.
350 2359 418 2386 Novi
430 2356 610 2388 Testamenti,
624 2353 834 2390 Evangeliorum
852 2352 913 2379 libri
924 2358 993 2385 qua-

198 2412 269 2434 tuor.
286 2406 404 2432 Acluum
427 2403 505 2438 132
527 2401 715 2438 apostolorum
738 2399 808 2426 liber
834 2405 914 2425 unus.
929 2396 993 2431 Epi-

197 2453 274 2480 stolae
280 2451 356 2479 Pauli
365 2449 581 2486 quatuordecim.
590 2447 661 2475 Petri
671 2446 785 2481 apostoli
793 2444 915 2480 epistolae
923 2444 994 2470 duae.

197 2498 312 2527 Joannis
336 2497 452 2532 apostoli
475 2501 541 2524 tres.
563 2493 659 2522 Jacobi
683 2492 800 2528 apostoli
829 2498 894 2518 una.
915 2488 992 2516 Judaa

199 2544 316 2582 apostoli
342 2552 407 2571 una.
433 2540 615 2577 Apocalypsis
637 2538 753 2566 Joannis
779 2536 896 2572 apostoli
923 2535 992 2562 liber

199 2579 281 2619 uitus.
300 2589 358 2617 Hoc
372 2589 454 2616 etiam
469 2587 545 2614 fratri
557 2591 585 2614 et
595 2582 785 2613 consacerdoti
800 2586 893 2608 nostro
906 2579 992 2607 Boni-

199 2638 283 2669 facio,
303 2636 347 2664 vel
365 2635 427 2662 aliis
445 2641 540 2661 earum
561 2631 681 2667 partium
693 2627 841 2664 episcopis,
857 2634 907 2662 pro
925 2633 993 2654 con-

201 2683 335 2712 ﬁrmando
353 2683 406 2710 isto
423 2687 529 2708 canone
547 2680 713 2709 innotescat,
737 2675 804 2710 quia
827 2681 844 2701 a
865 2671 994 2700 Patribus

200 2732 253 2759 ista
267 2729 424 2765 accepimus
439 2727 466 2754 in
479 2726 596 2766 ecclesia
616 2722 742 2760 legenda.

236 2801 296 2819 ’7'"
317 2800 447 2835 Carthag.
461 2806 503 2831 ιιι,
516 2804 576 2832 cap.
592 2795 637 2823 17.

1050 2307 1190 2343 Ἰεζεκιὴλ,
1208 2307 1319 2342 Δανιὴλ,
1337 2305 1455 2337 Τωϐίας,
1474 2305 1579 2335 ’1ουδὶθ,
1606 2303 1714 2339 Ἐσθὴρ,
1733 2303 1839 2337 Ἔσδρα

1047 2353 1133 2390 βίϐλοι
1149 2353 1207 2380 δύο.
1220 2352 1276 2388 Τῆς
1288 2352 1362 2383 Νέας
1375 2351 1523 2386 Διαθήκης⁹
1536 2350 1691 2384 Εὑαγγέλια
1707 2349 1837 2384 τέσσαρα,

1047 2397 1177 2433 Πράεεων
1184 2396 1239 2423 τῶν
1250 2396 1405 2424 ἀποστόλων
1419 2395 1509 2430 βίὸλος
1524 2395 1584 2430 μία,
1593 2393 1749 2421 Ἐπιστολαὶ
1763 2394 1840 2420 Παύ-

1046 2444 1095 2471 λου
1112 2444 1152 2476 ιδ⁷,
1173 2443 1278 2478 Πέτρου
1294 2442 1444 2469 ἀποστόλου
1468 2440 1524 2473 δύο,
1546 2440 1670 2470 Ἰωάννου
1690 2440 1840 2466 ἀποστόλου

1044 2491 1130 2525 τρεῖς,
1151 2488 1237 2515 Ἰούδα
1249 2488 1399 2515 ἀποστόλου
1413 2487 1471 2522 μία,
1490 2485 1702 2519 Ἀποκαλύψεως
1714 2485 1841 2511 Ἰωάννου

1045 2537 1138 2573 βίϐλος
1154 2535 1214 2571 μία.
1231 2534 1317 2561 Τοῦτο
1338 2534 1366 2559 δὲ
1385 2533 1425 2569 τῷ
1448 2532 1556 2567 ἀδελφῷ
1573 2532 1652 2567 ἡμῶν
1670 2532 1718 2558 καὶ
1735 2530 1842 2557 συλλει-

1043 2581 1153 2618 τουργῷ
1177 2579 1341 2616 Βονιφατίῳ,
1357 2579 1406 2606 καὶ
1427 2580 1484 2611 τοῖς
1501 2577 1591 2610 ἄλλοις
1610 2577 1664 2604 τῶν
1688 2576 1778 2604 αὐτῶν
1794 2585 1843 2611 με-

1047 2628 1102 2665 ρῶν
1127 2628 1288 2658 ἐπισκόποις
1311 2625 1379 2662 πρὺς
1410 2624 1557 2660 βεὸαίωσιν
1583 2623 1632 2650 τοῦ
1659 2622 1842 2659 προκειμένου

1048 2674 1161 2706 κανόνος
1174 2672 1314 2708 γνωρισθῇ
1324 2679 1331 2686 ·
1346 2671 1443 2706 ἐπειδὴ
1459 2670 1536 2706 παρά
1545 2669 1600 2696 τῶν
1611 2669 1740 2704 Πατέρων
1754 2666 1844 2694 ταῦτα

1048 2722 1078 2749 ὲν
1096 2722 1131 2757 τῇ
1144 2719 1277 2756 ἐκκλησία
1292 2717 1526 2753 ἀναγινώσκεσθαι
1542 2715 1744 2752 παρελάὃομεν.

955 2846 1072 2875 NOTAE.

223 2915 280 2948 (33)
296 2914 329 2942 Et
348 2912 505 2941 Ferrandus
522 2917 582 2946 cap.
600 2908 654 2937 228
668 2915 700 2936 ex
727 2905 827 2935 concil.
855 2904 986 2938 Carthag.
1008 2903 1051 2931 tit.
1078 2901 1123 2930 L5.
