1954 3080
146 155 198 188 593

568 159 768 190 SYNTAGMA
783 158 979 190 CANONUM.
994 171 1030 177 -
1047 159 1121 189 TIT.
1142 158 1201 189 ΙῐΙ.
1221 158 1301 190 CAP.
1322 146 1363 191 II:

1717 160 1769 192 594

181 211 251 247 Περὶ
280 211 335 241 τοῦ
350 212 393 248 μὴ
417 213 574 249 συμπόσια
598 214 634 242 ἐν
657 215 724 249 ταῖς
751 215 932 250 ἐκκλησίαις

1004 215 1038 244 Ut
1062 217 1095 251 in;
1106 215 1222 243 ecclesiis
1248 216 1368 243 convivia
1385 216 1491 243 minime
1503 215 1665 243 celebrentur
1681 216 1748 253 (59).

144 257 359 287 ἐπιτελεῖσθαι.

182 304 238 339 μβ’.
255 304 337 331 Ὥστε
350 305 517 337 ἐπισκόπους
528 306 544 341 ἢ
557 305 704 342 κληρικοὺς
726 307 755 334 ἐν
767 308 826 340 ταῖς
839 307 935 343 ἐκκλη-

147 349 218 382 σίαις
233 350 271 385 μὴ
284 351 520 385 συμποσιάζεσθαι
532 359 539 366 ·
554 352 579 378 εί
596 353 632 388 μή
643 353 671 387 γ’
685 353 719 380 ἂν
730 353 810 388 τυχὸν
826 353 933 389 ἀνάγκῃ

144 395 238 428 ξενίας
253 396 407 430 ᾱαὸἀντες,
425 397 483 424 ἐκεῖ
506 397 699 425 καταλύσωσιν
721 399 769 425 καὶ
784 400 809 426 οι
831 399 892 426 λαοὶ
905 399 934 426 δὲ

146 441 199 467 ἀπὸ
222 441 277 469 τῶν
300 442 514 478 τοιουτοτρόπων
541 445 708 480 συμποσίων,
735 446 796 473 ὅσον
821 446 934 474 δυνατόν

146 487 216 516 ἐστι.
237 486 405 516 κωλυθῶσιν.

180 531 252 565 Περὶ
268 531 328 559 τῶν
351 534 425 567 πρὸς
449 535 484 562 τὸ
509 535 726 570 θυσιαστήριον
747 536 935 571 650811021067-

144 575 287 610 λέγεσθαι
311 577 441 605 ικειγιῶν.

182 623 236 655 ργ¹.
253 621 354 657 Ἦρεσε
371 623 419 649 καὶ
434 623 523 657 τοῦτο,
537 624 609 651 ὥστε
624 625 673 657 τὰς
689 627 887 662 κεκυρωμένας
905 627 935 654 ὲν

143 666 178 701 τῇ
195 666 295 702 συνόδῳ
314 667 428 701 ἱκεσίας,
448 669 503 696 εττε
519 670 661 706 προοίμια,
677 671 733 698 εἴτε
756 671 933 707 παραθέσεις,

144 711 201 737 εῐτε
212 711 262 743 τὰς
279 713 328 747 τῆς
343 714 434 749 χειρὸς
448 715 597 748 ἐπιθέσεις,
610 717 664 743 ἀπὸ
676 717 784 744 πάντων
800 717 935 744 ἐπιτελεῖ-

144 756 221 783 σθαι·
235 758 281 784 καὶ
293 759 432 791 παντελῶς
451 760 535 792 ἄλλας
558 762 629 789 κατὰ
649 763 698 797 τῆς
714 763 833 795 πίστεως
851 763 935 799 μηδέ-

147 810 215 828 arare
232 805 462 840 προσενεχθῆναιο
490 806 548 833 ἀλλ’
570 807 673 839 αἵτινες
694 809 794 844 δήποτε
809 808 863 836 ἀπὺ
879 809 935 836 τῶν

144 849 335 885 συνετωτέρων
352 851 535 887 συνήχθησαν,
557 852 745 888 λεχθήσονται.

1022 305 1067 334 42.
1084 304 1119 333 Ut
1138 305 1204 333 nulli
1223 305 1245 321 ³⁵
1270 305 1390 340 episcopi
1414 305 1458 333 vel
1482 305 1575 334 clerici
1602 306 1629 333 in
1653 306 1769 334 ecclesia

984 352 1188 384 conviventur.
1214 352 1267 379 nisi
1295 351 1365 379 forte
1392 356 1566 380 transeuntes
1590 352 1770 387 hospitiorum

984 398 1148 425 necessitate
1164 397 1220 427 illic
1233 397 1354 424 reﬁciant
1371 405 1379 424 :
1405 398 1498 432 populi
1518 398 1601 425 etiam
1624 398 1658 425 ab
1673 397 1772 433 hujus-

985 442 1059 470 ntodi
1071 442 1220 475 conviviis,
1245 448 1378 479 quantum
1400 442 1458 470 ﬂeri
1481 447 1589 479 potest,
1608 443 1774 479 prohibeann

984 492 1040 516 tur.

1020 534 1060 563 De
1073 535 1193 571 precibus
1208 536 1243 562 ad
1259 536 1345 564 altare
1359 536 1488 564 dicendis.

1021 626 1082 654 105.
1101 625 1208 653 Placuit
1219 625 1241 642 ⁸⁸
1256 625 1337 653 etiam
1364 626 1416 654 hoc
1444 625 1512 662 (40),
1542 630 1572 653 ut
1598 618 1694 661 preces
1711 633 1772 661 qua:

985 672 1105 707 probatae
1119 671 1222 699 fuerint
1238 671 1265 698 in
1283 671 1410 704 concilio,
1435 672 1491 699 sive
1511 670 1695 706 praefationes,
1714 672 1773 699 sive

985 716 1248 749 commendationes,
1264 724 1311 744 seu
1330 723 1428 744 manus
1439 716 1630 751 impositiones
1654 717 1689 744 ab
1711 724 1773 744 om-

985 762 1067 790 nibus
1079 763 1265 794 celebrentur,
1281 769 1331 790 nec
1352 762 1413 790 aliae
1434 762 1547 790 omnino
1568 767 1663 790 contra
1690 763 1772 790 ﬁdem

986 808 1166 842 praeferantur
1178 816 1186 835 :
1202 808 1251 836 sed
1269 815 1440 844 quaecunque
1450 816 1465 835 a
1476 808 1699 844 prudentioribus
1713 808 1772 844 (41)

986 853 1087 881 fuerint
1098 854 1227 886 collectae,
1239 853 1376 881 dicantur.

141 894 167 920 Σ
168 894 278 921 υνόδου
285 896 494 932 οίκουμενικῆς
505 897 594 933 ἕκτης
600 899 701 926 κανὼν
707 899 757 934 λγ’,
766 899 816 935 ξΥ,
823 903 870 934 οε’,
877 904 932 931 πα’,

1005 899 1118 928 Concitii
1131 899 1284 927 woumem‘ci
1297 900 1365 927 sexti
1379 908 1491 929 canones
1512 902 1563 934 55,
1580 903 1625 936 63,
1647 903 1691 936 75,
1708 902 1754 931 81.

178 939 229 974 λγ’.
249 941 413 978 Ἐπειδήπερ
430 943 553 980 ἔγνωμεν
570 945 599 972 ὲν
616 946 650 981 τῇ
674 944 826 981 ’Δρμενίων
841 945 933 982 χώρᾳ,

141 995 205 1013 κ.τ.
218 987 245 1014 λ.
422 1009 430 1016 .

180 1032 230 1066 ξγ’.
248 1033 288 1060 Τὰ
306 1033 412 1068 ψευδῶς
439 1035 492 1061 ὑπὸ
518 1035 573 1063 τῶν
596 1036 647 1072 τῆς
676 1037 805 1073 ἀληθείας
827 1039 934 1074 ἐχθρῶν

141 1078 352 1105 ἀναπλασθέντα
379 1080 591 1116 μαρτυρολόγια,
608 1081 648 1114 ὡς
669 1082 703 1110 ἂν
719 1084 783 1116 τοὺς
796 1084 844 1111 τοῦ
867 1085 935 1120 Χρι-

141 1125 209 1152 στοῦ
226 1126 367 1162 μάρτυρας
387 1127 558 1163 ἀτιμάζοιεν,
583 1130 631 1156 καὶ
653 1130 722 1166 πρὸς
745 1131 875 1159 ἀπιστίαν
888 1133 933 1159 ὲν-

141 1171 239 1205 ἁγοιεν
252 1172 315 1204 τοὺς
323 1173 482 1206 ἀκούοντας,
494 1174 532 1209 μὴ
540 1174 584 1201 ἐπ’
596 1174 756 1210 ἐκκλησίαις
771 1177 933 1212 δημοσιεύε-

141 1217 206 1244 σθαι
220 1219 439 1254 προστάσσομεν,
452 1220 520 1248 ἀλλὰ
529 1219 616 1248 ταῦτα
636 1222 704 1258 πυρὶ
720 1223 932 1259 παραδίδοσθαιο

139 1264 207 1295 τοὺς
217 1264 246 1291 δὲ
255 1265 343 1292 ταῦτα
355 1267 604 1303 παραδεχομένους,
617 1268 635 1304 ἢ
646 1268 683 1302 ὡς
699 1269 812 1305 ἀληθέσι
826 1271 934 1304 τούτοις

140 1310 373 1344 προσανέχοντας,
390 1311 638 1348 ἀναθεματίζομεν.

179 1354 226 1382 os'.
240 1355 309 1387 Τοὺς
324 1356 372 1383 ἐπὶ
383 1356 414 1383 τὸ
426 1356 539 1391 ψάλλειν
553 1359 582 1385 ἐν
597 1359 658 1390 ταῖς
671 1359 832 1395 ἐκκλησίαις
842 1368 933 1397 παρα-

139 1399 304 1435 γινομένους
318 1401 470 1437 βουλόμεθα
495 1404 564 1439 μήτε
585 1404 662 1439 βοαῖς
683 1404 812 1436 ἀτάκτοις
833 1406 934 1442 κεχρῆο

139 1447 217 1478 σθαι,
242 1446 291 1473 καὶ
314 1447 364 1483 τὴν
392 1447 474 1483 φύσιν
503 1449 571 1484 πρὸς
595 1450 719 1485 κραυγὴν
745 1450 932 1485 ὲκὸιάζεσθαι,

140 1492 215 1527 μήτε
225 1500 252 1518 τι
268 1492 406 1527 ἐπιλέγειν
420 1493 475 1520 τῶν
490 1494 528 1529 μὴ
543 1495 676 1531 ἐκκλησία
691 1495 828 1531 ἀρμοδίων
840 1506 870 1524 τε
885 1499 933 1526 καὶ

139 1537 270 1570 οἰκείωνσ
288 1538 357 1565 ἀλλὰ
374 1539 444 1574 μετά
457 1539 557 1575 πολλῆς
578 1541 715 1576 προσοχῆς
730 1550 760 1568 τε
779 1542 828 1569 καὶ
849 1551 933 1570 κατα-

138 1583 245 1616 νύξεως
256 1583 306 1614 τὰς
322 1585 450 1617 τοιαύτας
472 1585 634 1621 ψαλμῳδίας
655 1587 806 1622 προσάγειν
824 1587 863 1623 τῷ
877 1589 933 1616 τῶν

138 1629 273 1664 κρυπτῶν
296 1629 386 1665 ὲφόρῳ
410 1630 488 1666 Θεῷ’
513 1631 636 1663 εὐλαϐεῖς
658 1631 712 1667 γὰρ
733 1632 842 1660 ἔσεσθαι
869 1635 933 1667 τοὺς

139 1675 219 1707 υἱοὺς
241 1676 349 1712 Ἰσραὴλ
361 1676 391 1703 τὸ
408 1677 480 1712 ἱερὸν
498 1677 601 1710 ἐδίδαξε
617 1678 718 1712 λόγιον.

176 1725 236 1750 πα’.
257 1723 420 1759 Ἐπειδήπερ
439 1724 468 1750 ἐν
485 1732 540 1751 τισι
554 1724 657 1760 χώραις
678 1726 890 1762 μεμαθήκαμεν,
904 1727 934 1754 ὲν

137 1768 180 1804 τῷ
195 1769 337 1805 Τρισαγίῳ
351 1770 438 1805 ὕμνῳ,
452 1779 480 1797 κ.
496 1779 521 1797 τ.
537 1770 563 1798 λ.

201 1814 339 1842 Συνόδου
353 1815 479 1848 Νικαίας
494 1815 528 1842 τὸ
543 1815 693 1851 δεύτερον,
709 1818 811 1845 κανὼν
825 1818 868 1846 ιδ’.

176 1861 245 1887 Ὀτι
257 1862 293 1888 οὺ
305 1861 364 1896 χρὴ
389 1861 477 1895 ἐκτὸς
500 1863 687 1897 χειροθεσίας
714 1865 935 1900 ἀναγινώσκειν

135 1906 174 1933 ἐν
190 1905 229 1940 τῇ
243 1907 373 1939 συνάξει
387 1907 437 1934 ἐπὶ
449 1907 593 1942 ἄμϐωνος.

176 1952 221 1980 ιδ’.
237 1953 298 1980 Ὀτι
314 1954 390 1986 τάξις
408 1953 616 1989 ὲμπολιτεύεται
634 1956 662 1982 ὲν
687 1956 832 1994 ιερωσΰνῃ,
849 1959 934 1985 πᾶσιν

135 1998 269 2034 ἁρίδηλόν
288 1999 357 2032 ἐστι,
370 1999 417 2026 καὶ
436 1999 484 2027 σὺν
500 2000 627 2036 ἀκριβείᾳ
635 2001 773 2037 διατηρεῖν
787 2004 837 2039 τῆς
851 2004 932 2039 ἱερω-

136 2044 228 2079 σύνης
243 2045 427 2080 ὲγχειρήσεις,
449 2046 509 2081 Θεῷ
523 2047 670 2083 εὐάρεστόν
689 2048 759 2082 ἐστι,
773 2049 821 2075 καὶ
839 2050 933 2085 ἐπειδὴ

134 2090 261 2124 ὁρῶμεν,
277 2091 356 2122 ὲκτὺς
372 2091 542 2127 χειροθεσίας
557 2093 686 2127 νηπιόθεν
704 2093 753 2129 τὴν
770 2093 872 2129 κουρὰν
884 2093 932 2121 τοῦ

135 2137 245 2172 κλήρου
265 2136 453 2171 λαμόάνοντάς
476 2147 562 2171 τινας,
587 2138 670 2174 μήπω
684 2139 713 2166 δὲ
740 2139 804 2174 παρ’
819 2140 933 2166 ὲπισκό-

134 2191 192 2210 που
214 2183 387 2217 χειροθεσίαν
410 2183 552 2216 λαϐόντας,
568 2185 616 2212 κα)⁸
646 2185 883 2219 ἀναγινώσκοντας
904 2187 933 2213 ὲν

1018 945 1063 972 55.
1095 944 1232 978 Quoniam
1255 947 1433 980 cognovimus
1465 947 1492 975 in
1516 949 1711 976 Armeniorum
1733 955 1773 976 re-

984 987 1074 1027 gione,
1090 996 1156 1024 etc.,
1173 996 1202 1018 ut
1217 999 1276 1027 pag.
1286 991 1349 1019 486.

1019 1038 1064 1065 63.
1078 1036 1144 1070 Quae
1158 1045 1173 1064 a
1194 1038 1317 1066 veritatis
1333 1037 1458 1066 hostibus
1473 1037 1543 1066 falso
1562 1038 1687 1066 conﬁctae
1708 1042 1774 1066 sunt

985 1087 1136 1118 martyrum
1150 1083 1283 1116 historiae,
1301 1087 1332 1110 ut
1347 1083 1395 1110 Dei
1412 1088 1545 1119 martyres
1557 1083 1704 1118 ignominia
1713 1084 1773 1111 atii-

984 1133 1093 1161 cerent;
1107 1134 1134 1156 et
1153 1129 1201 1164 qui
1220 1136 1267 1156 eas
1286 1128 1407 1156 audituri
1422 1133 1524 1162 essent,
1537 1129 1570 1156 ad
1584 1128 1772 1156 inﬁdelitatem

984 1175 1166 1209 deducerent;
1182 1175 1210 1202 in
1223 1175 1339 1202 ecclesia
1351 1183 1405 1202 non
1422 1175 1556 1210 publicari
1568 1174 1709 1210 jubcmus,
1726 1176 1772 1203 sed

984 1220 1101 1256 easigni
1116 1220 1200 1248 tradi.
1213 1220 1266 1254 Qui
1284 1228 1330 1249 eas
1351 1226 1442 1248 autem
1465 1221 1622 1254 admittunt,
1643 1221 1686 1249 vel
1711 1225 1773 1248 tan-

983 1274 1066 1303 quam
1081 1266 1154 1295 veris
1174 1266 1215 1294 'iis
1237 1271 1355 1294 mentem
1382 1266 1530 1300 adhibent,
1562 1266 1774 1295 anathematiza-

984 1321 1056 1341 mus.

1021 1358 1100 1394 133
1118 1359 1164 1387 75.
1183 1358 1237 1386 Eos
1250 1359 1298 1394 qui
1311 1358 1338 1386 in
1351 1359 1474 1387 ecclesiis
1491 1357 1525 1386 ad
1541 1358 1708 1393 psallendum
1725 1365 1772 1385 ac-

984 1404 1093 1437 cedunt,
1111 1404 1239 1432 volumus
1265 1411 1315 1431 nec
1338 1403 1503 1431 inordinatis
1529 1402 1770 1430 vociferationihus

984 1450 1035 1483 uti,
1055 1455 1082 1477 et
1097 1454 1223 1477 naturam
1239 1449 1273 1477 ad
1286 1450 1435 1477 clamorem
1458 1456 1575 1484 urgere;
1596 1456 1646 1476 nec
1668 1448 1771 1484 aliquid

983 1502 1091 1527 eorum,
1107 1502 1169 1530 quae
1183 1494 1306 1522 ecclesiae
1324 1502 1377 1522 non
1394 1494 1572 1528 conveniunt,
1595 1498 1623 1521 et
1640 1500 1701 1529 apta
1717 1501 1770 1521 non

987 1544 1061 1572 sunt,
1095 1540 1248 1573 asciscere;
1280 1539 1328 1567 sed
1355 1547 1417 1567 cum
1450 1547 1547 1574 magna
1572 1539 1721 1566 attentione
1746 1543 1773 1565 et

987 1585 1196 1621 compunctione
1220 1585 1387 1620 psalmodias
1418 1585 1482 1617 Deo,
1510 1585 1559 1620 qui
1584 1588 1627 1613 est
1651 1585 1773 1612 occulto-
1813 1581 1818 1586 ’

984 1639 1045 1660 rum
1060 1632 1207 1668 inspector,
1220 1631 1328 1659 oﬂcrre.
1349 1630 1411 1658 Pius
1430 1631 1502 1658 enim
1523 1635 1552 1659 et
1573 1635 1684 1659 sanctos
1710 1630 1771 1658 fore

986 1679 1056 1707 ﬁlios
1071 1678 1164 1711 Israel,
1181 1685 1290 1706 sacrum
1316 1677 1408 1705 docuit
1424 1677 1578 1706 oraculum.

1017 1724 1064 1753 8|.
1084 1724 1220 1758 Quoniam
1255 1724 1281 1751 in
1307 1723 1448 1751 nonnullis
1473 1723 1542 1751 locis
1572 1723 1718 1752 didicimus
1744 1724 1773 1751 in

983 1772 1086 1808 hymno
1096 1778 1151 1807 quo
1166 1775 1206 1798 ter
1221 1775 1333 1798 sanctus
1345 1769 1464 1801 canitur,
1477 1774 1543 1802 etc.,
1555 1775 1584 1797 ut
1603 1778 1664 1806 pag.
1682 1769 1746 1797 H7.

1117 1812 1233 1841 Concilii
1248 1811 1354 1839 Nictcni
1365 1812 1484 1845 secundi,
1501 1820 1586 1839 canon
1601 1812 1645 1840 M.

1020 1856 1083 1884 Non
1094 1858 1205 1891 'oportet
1228 1856 1327 1892 absque
1354 1863 1481 1882 manuum
1495 1856 1663 1890 impositione
1689 1855 1774 1892 legere

985 1901 1013 1930 in
1025 1902 1228 1937 congregatione
1237 1909 1316 1936 super
1330 1901 1479 1928 umbonem.

1021 1949 1064 1976 Η.
1074 1948 1152 1982 Quod
1160 1948 1228 1975 ordo
1237 1948 1264 1974 in
1278 1947 1433 1975 sacerdotio
1445 1952 1581 1981 versatur,
1591 1952 1635 1976 est
1645 1948 1774 1976 omnibus

984 1994 1162 2022 manifestum
1179 2003 1186 2022 :
1201 1997 1230 2021 et
1245 1992 1394 2022 sacerdotii
1409 2000 1523 2022 munera
1538 2001 1634 2022 exacte
1661 2001 1774 2022 servare

983 2039 1040 2067 Deo
1053 2044 1159 2074 gratum
1175 2044 1228 2068 est.
1247 2040 1383 2074 Quoniam
1398 2048 1464 2076 ergo
1480 2041 1605 2068 videmus
1628 2040 1774 2068 nonnullos

986 2099 1001 2119 a
1016 2091 1108 2127 pueris
1121 2091 1187 2120 cieri
1207 2097 1349 2121 tonsuram
1376 2093 1554 2128 accipientes,
1568 2093 1690 2120 nondum
1708 2100 1775 2120 vero

984 2142 1095 2173 accepta
1110 2139 1232 2174 episcopi
1248 2146 1379 2166 manuum
1395 2139 1580 2174 impositione,
1609 2139 1636 2166 iu
1659 2146 1774 2173 congre-

984 2184 1094 2220 gatione
1124 2184 1152 2212 in
1175 2189 1304 2220 suggestu
1334 2184 1465 2220 legentes,
1481 2190 1506 2212 ct
1533 2184 1559 2211 id
1572 2192 1626 2212 non
1642 2185 1774 2212 canonice

132 2231 170 2265 τῇ
189 2228 302 2261 συνάξει
318 2230 361 2256 ἐπ’
378 2231 513 2265 ἇμὸωνος,
530 2231 714 2263 ἀκανονίστως
727 2232 807 2258 τοῦτο
824 2232 932 2260 ποιοῦν-

992 2229 1126 2261 'acientes,
1140 2229 1193 2257 hoc
1208 2237 1222 2256 a
1235 2230 1362 2264 praesenti
1380 2237 1486 2257 canone
1501 2230 1560 2257 ﬁeri
1585 2237 1639 2257 non
1661 2229 1774 2265 permit-

132 2284 201 2307 τας,
217 2275 402 2311 ἐπιτρέπομεν
420 2276 474 2303 ἀπὸ
492 2275 540 2304 τοῦ
562 2278 696 2311 παρόντος
712 2277 791 2304 τοῦτο
806 2277 844 2314 μὴ
861 2279 934 2313 γίνε-

134 2320 222 2347 σθαιο
254 2321 285 2347 τὸ
310 2321 377 2348 αὐτὸ
394 2321 423 2348 δὲ
448 2322 630 2355 φυλάττεσθαι
648 2324 694 2351 καὶ
722 2324 769 2351 ἐπὶ
796 2325 932 2360 μοναχῶν.

139 2365 334 2400 ’Δναγνώστου
348 2367 376 2393 δὲ
390 2368 570 2403 χειροθεσίαν,
587 2369 663 2397 ἄδεια
677 2370 752 2397 ἐστιν
766 2370 795 2397 ὲν
812 2370 870 2406 ἰδίῳ
886 2379 935 2406 μοι

132 2413 283 2448 ναστηρίῳ
308 2413 356 2440 καὶ
386 2415 458 2450 μόνῳ
486 2415 594 2451 ἑκάστῳ
622 2416 766 2452 ἡγουμένῳ
790 2418 889 2448 ποιεῖν,
908 2417 933 2443 εί

131 2458 216 2494 αὐτῷ
229 2459 267 2494 τῷ
282 2460 428 2495 ἡγουμένῳ
442 2461 557 2497 ἐπετέθη
570 2462 726 2497 χειροθεσία
739 2462 805 2497 παρ’
819 2462 930 2489 ἐπισκό-

130 2514 203 2538 που,
221 2505 289 2540 πρὸς
305 2505 451 2541 προεδρίαν
467 2508 630 2543 ἡγουμένου,
647 2506 770 2544 δηλονότι
783 2508 860 2540 ὄντος
878 2508 929 2535 αὺ-

985 2275 1067 2302 timus
1081 2283 1088 2301 :
1102 2274 1252 2309 hocipsum
1269 2280 1361 2302 autem
1379 2276 1496 2303 etiamin
1509 2276 1643 2304 monacho
1656 2277 1771 2309 servari,

984 2321 1107 2349 Lectoris
1135 2327 1226 2348 autem
1254 2329 1386 2349 manuum
1413 2322 1616 2357 impositionem
1646 2323 1710 2350 licet
1745 2325 1773 2350 in

984 2367 1095 2402 proprio
1125 2368 1293 2395 monasterio
1321 2372 1426 2396 tantum
1443 2368 1591 2403 unicuique
1611 2369 1773 2397 monasterii

984 2412 1110 2448 praefecto
1138 2413 1237 2446 facere,
1270 2417 1297 2441 et
1320 2413 1370 2449 ipsi
1387 2414 1516 2450 prmiecto
1543 2415 1647 2443 scilicet
1666 2415 1700 2443 ab
1719 2415 1774 2450 epi-

985 2467 1068 2495 scopo
1079 2468 1176 2488 manus
1186 2465 1228 2488 est
1243 2460 1369 2496 imposita
1382 2461 1415 2488 ad
1425 2461 1614 2496 praefecturam
1627 2462 1772 2497 hegumeni

985 2507 1051 2535 dum
1063 2507 1099 2535 sit
1114 2512 1142 2535 et
1156 2507 1213 2543 ipse
1233 2507 1387 2543 presbyter.
1400 2507 1532 2537 Similiter
1543 2513 1570 2536 et
1594 2515 1628 2536 ex
1659 2508 1772 2543 antiqua

171 2609 198 2627 ⁸⁸
215 2609 300 2639 Cone.
316 2610 402 2640 Afric.
418 2619 479 2647 cap.
495 2612 539 2640 to.
577 2612 601 2629 "
617 2612 770 2641 Concilium
785 2612 873 2641 Afric.
892 2620 917 2640 ο.
933 2612 981 2641 70.

895 2699 1008 2728 NOTAE.

172 2756 235 2793 (Sp)
257 2755 290 2783 Et
305 2756 461 2793 Ferrnndus
477 2763 538 2790 cap.
555 2757 586 2784 7i
602 2777 610 2793 ,
629 2764 772 2793 rexﬂconc.
800 2757 928 2793 Carthag.

128 2790 184 2820 tit.
199 2790 252 2828 38_;
267 2799 345 2828 conc.
360 2791 511 2828 Carthllu,
526 2799 587 2828 can.
603 2792 649 2828 50.
669 2791 734 2820 Vide
748 2793 863 2828 August.
880 2790 928 2821 lib.

129 2834 201 2855 vm.
216 2825 259 2861 rDe
275 2827 346 2854 civit.
363 2835 424 2860 cap.
439 2827 485 2860 27,
505 2832 531 2854 et
544 2827 608 2854 alibi
623 2827 733 2861 passim.

172 2860 238 2895 (-50)
248 2862 352 2890 (litatur
359 2862 394 2890 ab
404 2862 562 2890 Innocentio
570 2862 614 2895 ΙΙΙ,
625 2863 683 2891 loco
692 2867 771 2891 antea
783 2862 928 2892 adnotato:

985 2757 1048 2785 item
1064 2757 1098 2785 ab
1109 2761 1221 2784 auctore
1232 2757 1370 2793 Micrologi
1384 2765 1444 2791 cap.
1456 2757 1482 2787 5.
1496 2757 1541 2785 ubi
1554 2757 1626 2793 hunc
1637 2763 1771 2793 cntionem

984 2793 1102 2827 appellat
1127 2793 1272 2828 capitulum
1299 2791 1492 2826 duodecimum,
1521 2792 1584 2828 quia
1609 2792 1637 2818 in
1667 2791 1772 2819 Milevi-

983 2833 1047 2856 ωηο
1060 2836 1090 2859 ιι,
1105 2833 1134 2855 ιιι
1147 2835 1219 2855 minc
1234 2833 1297 2855 sunt
1310 2836 1428 2856 canones
1439 2848 1445 2858 .
1462 2827 1640 2854 duoitecimus
1656 2831 1706 2853 est.

1020 2863 1076 2899 (Μ)
1093 2862 1144 2892 Ms.
1164 2873 1173 2890 ι
1192 2871 1254 2891 cum
1271 2863 1493 2898 prudentioribus
1513 2862 1741 2890 iuerintcollatc.
1759 2872 1768 2889 ι
