1959 3061
187 139 240 173 595

764 147 876 177 PHUI‘I
882 148 896 177 Ι
910 148 1163 181 ΡΑΤΜΑΡιεΗιΕ
1181 152 1236 182 ει».

1761 154 1813 187 596

185 197 382 225 consuetudine
390 197 602 235 cborepiscopos
615 199 734 236 episcopi
746 201 882 236 permissu
894 209 971 238 opor-

1027 203 1072 231 τοῦ
1100 205 1305 242 πρεσϐυτέροψ
1327 205 1461 239 ὡσαύτως
1483 206 1532 235 καὶ
1554 206 1627 235 κατὰ
1650 207 1682 234 eo
1700 207 1815 244 ἀρχαῖον

186 246 224 269 tet
235 242 355 272 lectores
371 244 510 273 ordinare.

223 345 303 382 134
314 345 392 374 CAP.
407 346 451 374 lll.
462 360 498 367 -—
508 346 585 380 Quod
609 347 638 374 ἱιι
666 347 785 376 εαόόσιο
812 347 863 384 legi
880 347 974 375 debeat

187 389 360 427 Evmrgelium
371 401 432 421 cunt
447 392 509 420 aliis
521 393 681 428 Scripturis.

362 479 475 507 Concilii
486 479 631 508 Loodicem'
645 489 731 508 canon
746 480 788 508 l6.

222 524 265 552 16.
280 524 315 553 Ut
326 524 353 553 iu
372 525 491 554 Sabbato
504 525 682 562 Evangelium
696 534 758 554 cum
773 526 835 556 aliis
849 526 974 564 Scriptu-

185 570 225 598 ris
242 571 358 605 legatur.

220 616 299 645 CAP.
317 615 362 646 IV.
375 632 409 639 -—-
423 616 461 644 De
472 626 550 652 saera
563 617 696 647 oblatione
711 624 735 647 et
748 621 939 649 communione.

349 707 536 743 Apostolorum
552 716 666 736 canones
682 708 710 742 3,
723 709 750 743 ι,
763 708 810 737 3|.

221 753 250 781 3.
267 752 295 780 Si
311 753 375 788 quis
389 754 547 789 episcopus,
557 754 600 782 vel
608 754 749 790 presbyter
758 760 857 790 prater
865 755 973 785 Domini

185 805 220 825 ne
240 799 379 827 sacriﬁcio
394 799 608 832 ordinationem.
623 799 676 827 alia
699 801 825 835 quedam
840 801 874 829 ad
887 802 974 831 altare

186 845 318 878 attulerit,
332 845 385 873 mel
402 846 444 873 vel
466 845 520 879 lac,
537 845 581 873 vel
607 853 657 881 pro
671 845 735 874 vino
763 847 881 875 siceram
895 868 903 880 .
930 848 972 876 vel

185 890 321 923 confecta.
339 891 382 928 vel
400 899 476 924 aves.
494 891 536 919 vel
559 891 650 926 aliqua
665 892 806 924 animalia,
825 893 866 920 vel
892 893 971 928 legu-

185 937 261 970 mina
287 942 386 973 praeter
408 938 609 966 ordinationem
627 958 636 972 ,
661 938 834 974 deponatur,
860 945 974 974 praeter-

184 991 265 1018 quam
280 991 351 1012 nova
383 984 529 1020 legumina,
558 989 682 1020 tempore
721 989 876 1020 opportuno
905 985 974 1021 (42).

183 1027 224 1058 Ne
247 1029 329 1058 liceat
365 1033 456 1058 autem
490 1030 594 1066 aliquid
618 1030 693 1059 aliud
713 1030 747 1058 ad
766 1031 851 1060 altare
865 1031 974 1065 olIerre,

183 1084 267 1112 quam
292 1077 383 1104 oleum
407 1077 442 1105 ad
469 1077 615 1111 luminare,
631 1081 660 1105 et
680 1077 823 1106 incensum
851 1082 975 1114 tempore

183 1126 286 1150 sanctae
300 1122 461 1151 oblationis.

220 1169 249 1196 ι.
267 1168 364 1196 Omnis
379 1173 472 1197 autem
491 1168 562 1196 alius
578 1168 686 1199 fructus
707 1169 822 1199 domum
836 1170 973 1204 mittatur,

184 1213 313 1248 primitiae
324 1213 454 1248 episcopo
465 1217 493 1240 et
505 1213 683 1250 presbyteris.
698 1215 810 1243 Clarum
820 1220 910 1244 autem
920 1220 973 1248 est,

183 1260 258 1296 quod
273 1261 421 1296 episcopus
440 1265 469 1289 et
490 1261 643 1297 presbyteri
659 1262 783 1290 diaconis
803 1266 832 1290 et
859 1262 974 1298 reliquis

184 1307 363 1335 distribuunt.

217 1396 263 1423 3|.
290 1395 319 1424 Si
347 1395 410 1432 quis
438 1396 580 1433 presbyter
611 1401 791 1434 contempto,
831 1403 908 1432 etc..
941 1405 973 1429 ut

181 1450 243 1478 pag.
259 1442 323 1471 585.

376 1489 491 1517 Concilia'
507 1488 613 1518 Nil:an
625 1498 711 1518 canon
729 1490 774 1519 18.

1025 249 1086 282 ἔθος
1098 251 1163 283 τοὺς
1186 253 1412 288 χωρεπισκόπους
1427 253 1488 280 κατ’
1512 253 1663 290 ἐπιτροπὴν
1685 254 1733 282 τοῦ
1754 255 1815 283 ἐπι-

1026 297 1130 324 σκόπου
1142 297 1184 324 δεῖ
1199 298 1421 334 προχειρίζεσθαι
1433 299 1623 333 ἀναγνώστας.

1061 343 1187 370 ΚΕΦΑΛ.
1199 344 1237 372 I".
1252 358 1288 364 ——
1301 344 1372 378 Περὶ
1385 344 1439 372 τοῦ
1451 344 1560 380 χρῆναι
1574 346 1650 374 κατὰ
1663 347 1815 375 Σάϐϐατα·

1025 387 1208 423 Εὺατγέλιον
1237 388 1496 424 ἀναγινώσκεσθαι
1510 391 1585 426 μετὰ
1608 391 1717 427 ἐτέρων
1735 394 1815 428 Γρα-

1025 440 1100 467 φων.

1163 478 1298 506 Συνόδου
1316 479 1492 513 Λαοδικείας
1509 480 1610 507 κανὼν
1625 483 1673 513 ις’.

1062 529 1111 559 ις’,
1129 525 1198 560 Περὶ
1210 524 1258 552 τοῦ
1273 525 1303 552 ἐν
1316 525 1448 561 Σαϐϐάτῳ
1464 525 1616 561 Εὑαγγέλια
1628 525 1700 561 μετὰ
1712 526 1814 562 ἐτέρων

1025 571 1142 608 Γραφῶν
1154 570 1399 606 ἀναγινώσκεσθαι.

1060 618 1186 646 ΚΕΦΔΔ.
1201 617 1239 647 Δ’.
1257 632 1293 639 -
1308 617 1379 652 Περὶ
1405 616 1461 652 τῆς
1485 617 1572 653 ἁγίας
1594 617 1748 654 ἀναφορᾶς
1765 618 1814 646 καί

1024 665 1193 697 κοινωνίας.

1195 709 1384 737 Ἁποστόλων
1396 707 1498 737 κανὼν
1515 707 1551 743 γ’,
1566 708 1598 743 δ’,
1619 708 1672 736 λα’.

1059 754 1096 791 γ’.
1112 754 1147 782 El
1167 763 1210 787 τις
1229 755 1379 787 ἐπίσκοπος
1402 754 1420 790 ἢ
1447 753 1644 791 πρεσϐύτερος,
1664 755 1741 791 παρὰ
1763 754 1815 791 τὴν

1023 801 1071 828 τοῦ
1086 800 1190 836 Κυρίου
1207 800 1329 834 διάταξιν
1351 800 1402 836 τὴν
1421 801 1469 828 ἐπὶ
1488 802 1521 836 τῇ
1535 800 1623 836 θυσίᾳ,
1641 801 1814 838 προσενέγκῃ

1025 846 1108 882 ἕτερά
1121 855 1182 873 τινα
1195 846 1244 874 ἐπὶ
1264 845 1296 873 τὺ
1312 846 1514 883 θυσιαστήριον,
1534 846 1551 881 ἢ
1576 846 1649 881 μέλι,
1666 847 1683 882 ἢ
1700 846 1781 881 γάλα,
1795 847 1812 882 ἢ

1025 893 1086 919 ἀντὶ
1103 892 1177 919 οῐνου
1191 892 1288 926 σίκερα
1303 891 1477 927 ἐπιτηδευτὰ,
1492 891 1509 927 ἢ
1527 891 1626 927 ὄρνεις,
1638 892 1655 926 ἢ
1667 890 1725 924 CM
1739 900 1812 924 τινα,

1024 939 1042 974 ἢ
1062 938 1164 974 ὄσπρια
1188 938 1266 974 παρὰ
1291 938 1342 974 τὴν
1365 937 1498 971 διάταξιν,
1514 937 1719 972 καθαιρείσθω·
1742 937 1814 973 πλὴν

1024 985 1092 1012 νέων
1109 985 1207 1020 χίδρων
1225 984 1242 1020 ἢ
1267 984 1421 1019 σταφυλῶν,
1436 983 1477 1020 τῷ
1496 983 1585 1019 καιρῷ
1598 983 1637 1019 τῷ
1653 984 1750 1010 δέοντι.
1766 983 1813 1018 Μὴ

1023 1032 1085 1066 ἐξὸν
1098 1031 1127 1059 δέ
1141 1031 1212 1058 ἔστω
1226 1030 1413 1066 προσάγεσθαι
1434 1039 1461 1058 τι
1476 1030 1571 1065 ἕτερον
1591 1030 1660 1066 πρὸς
1670 1029 1701 1056 τὸ
1719 1029 1814 1056 θυσια-

1025 1078 1146 1114 στήριον.
1157 1076 1217 1104 ἀλλ’
1229 1078 1246 1112 ἢ
1266 1076 1357 1104 ἔλαιον
1371 1077 1412 1109 είς
1427 1077 1478 1112 τήν
1491 1076 1613 1112 λυχνίαν,
1627 1076 1674 1103 καὶ
1687 1076 1813 1112 θυμίαμα

1023 1123 1062 1159 τῷ
1074 1122 1163 1158 καιρῷ
1176 1123 1226 1158 τῆς
1238 1121 1318 1156 ἁγίας
1329 1121 1499 1157 προσφορᾶς.

1058 1169 1091 1198 δ’.
1111 1169 1144 1196 'H
1160 1168 1227 1204 ἄλλη
1246 1169 1322 1196 πᾶσα
1336 1167 1433 1203 ὀπώρα
1454 1167 1495 1199 εις
1506 1163 1581 1194 οἶκον
1603 1166 1814 1194 ἀποστελλέσθω

1022 1215 1136 1251 ἀπαρχὴ
1149 1214 1189 1251 τῷ
1206 1214 1350 1249 ἐπισκόπῳ
1370 1214 1417 1241 καὶ
1438 1214 1497 1244 τοῖς
1517 1212 1723 1248 πρεσϐυτέροις,
1744 1212 1814 1240 ἀλλὰ

1025 1261 1063 1298 μὴ
1076 1261 1147 1298 πρὸς
1161 1260 1192 1288 τὸ
1216 1260 1420 1296 θυσιαστήριον.
1436 1258 1521 1294 Δῆλον
1533 1258 1563 1286 δὲ
1577 1259 1616 1290 ὡς
1636 1259 1651 1285 ό
1662 1258 1814 1290 ἐπίσκοπος

1022 1308 1071 1335 καὶ
1084 1308 1109 1334 οί
1135 1305 1317 1342 πρεσϐύτεροι
1338 1303 1512 1340 ἐπιμριοῦσι
1534 1305 1592 1337 τοῖς
1611 1303 1746 1336 διακόνοις
1763 1302 1814 1331 καὶ

1022 1355 1078 1384 τοῖς
1093 1352 1198 1384 λοιποῖς
1214 1351 1366 1387 κληρικυϊς.

1057 1397 1109 1428 λα’.
1127 1398 1161 1426 El
1172 1407 1214 1431 τις
1230 1398 1415 1434 πρεσϐύτερος
1429 1396 1650 1433 καταφρονήσας,
1666 1404 1693 1422 κ.
1709 1403 1736 1423 τ.
1749 1394 1776 1422 λ.

1191 1496 1330 1525 Συνόδου
1342 1496 1468 1530 Νικαίας
1480 1495 1582 1523 κανὼν
1598 1499 1643 1531 ιη’.

218 1535 262 1563 l8.
283 1534 410 1564 Pervenit
422 1535 455 1563 ad
469 1540 592 1564 sanctam
606 1537 753 1572 synodum,
767 1537 840 1573 quod
853 1537 881 1566 in
897 1545 969 1566 non-

1060 1539 1211 1577 ιη’.⁹Ηλθεν
1226 1542 1266 1574 είς
1279 1542 1329 1577 τὴν
1344 1541 1426 1576 ἁγίαν
1437 1541 1485 1568 καὶ
1502 1541 1624 1576 μεγάλην
1639 1539 1756 1573 σύνοδον,
1770 1540 1813 1568 δτι

181 1582 267 1610 nullis
281 1581 352 1611 locis
369 1586 397 1610 et
413 1582 572 1611 civitatibus
591 1582 700 1610 diaconi
720 1583 787 1611 dant
802 1584 970 1621 presbyteris

181 1626 394 1660 Eucharistiam.
409 1628 482 1663 quod
501 1635 552 1656 nec
575 1635 664 1655 canon
689 1635 779 1664 neque
799 1631 972 1660 consuetudo

183 1673 304 1704 tradidit.
321 1677 353 1700 ut
364 1673 411 1708 qui
425 1673 556 1702 oﬂ'erendi
570 1677 732 1709 potestatem
743 1681 799 1702 non
814 1674 925 1708 habent,
937 1675 971 1704 iis

182 1719 229 1754 qui
239 1718 317 1754 135
325 1718 454 1752 oll‘erunt.
462 1718 528 1746 dent
535 1719 753 1754 eorpusChristi.
761 1719 821 1748 Iam
830 1728 895 1748 vero
905 1721 971 1750 illud

184 1765 267 1792 etiam
292 1764 429 1799 cognitum
445 1770 498 1798 est,
515 1766 586 1799 quod
599 1765 655 1800 jam
671 1765 781 1800 quidam
798 1774 833 1794 ex
847 1766 972 1796 diaconis

182 1811 265 1838 etiam
279 1816 344 1838 ante
355 1810 500 1845 episcopos
520 1810 722 1838 Eucharistiam
745 1811 892 1847 attingunt.
908 1812 971 1841 Haec

182 1862 248 1891 ergo
262 1855 355 1883 omnia
372 1854 547 1888 auferantur,
560 1860 587 1882 ot
601 1855 709 1884 diaconi
727 1855 798 1884 intra
812 1865 878 1885 suae
894 1865 972 1885 men-

185 1909 266 1930 suras
294 1906 475 1936 permaneant
496 1910 503 1929 :
521 1902 640 1930 scientes
673 1903 747 1937 quod
767 1907 831 1931 sunt
859 1904 970 1938 quidem

181 1947 304 1983 episcopi
323 1948 455 1981 ministri,
471 1948 639 1983 presbyteris
658 1956 724 1976 vero
743 1949 874 1977 minores.
889 1949 971 1977 Acci-

181 1995 260 2030 piant
276 1999 367 2022 autem
383 2001 434 2022 suo
447 1994 545 2022 ordine
558 1993 760 2023 Eucharistiam
775 2000 837 2030 post
855 1995 970 2032 presby-

181 2045 266 2073 teros.
283 2040 324 2068 eis
342 2040 481 2075 praebente
494 2040 622 2076 episcopo
634 2040 677 2068 vel
691 2040 852 2076 presbytero
863 2040 900 2068 ³³.
916 2040 969 2068 Sed

182 2095 233 2116 uec
249 2089 276 2115 in
293 2087 385 2115 medio
409 2086 521 2122 quidem
536 2086 758 2122 presbyterorum
776 2087 857 2114 liceat
877 2087 970 2115 diaco-

181 2133 224 2162 nis
235 2133 342 2161 sedere.
357 2133 386 2160 Id
400 2132 431 2161 lit
444 2133 517 2161 enim
533 2137 632 2167 praeter
648 2140 780 2161 canonem
794 2137 822 2160 et
832 2133 968 2162 ordinem.

180 2179 209 2207 Si
228 2178 291 2214 quis
313 2183 404 2206 autem
422 2186 477 2206 non
493 2178 550 2206 vult
567 2178 679 2207 obedire
689 2183 751 2214 post
765 2178 817 2208 has
835 2179 969 2208 constitu-

179 2224 282 2258 tiones,
294 2231 310 2251 a
325 2224 474 2252 diaconatu
489 2223 616 2253 desistat.
689 2218 692 2222 ’

363 2315 479 2343 Concilii
486 2315 512 2354 ,Α
518 2315 631 2351 neyrani
654 2323 740 2343 canon
756 2316 784 2344 1.

215 2360 242 2387 ί.
265 2359 455 2396 Presbyteros,
479 2361 527 2396 qui
543 2361 745 2395 sacriﬁcarunt,
761 2361 859 2389 deinde
874 2365 970 2390 contra

179 2405 306 2434 relucuti
324 2411 399 2439 sunt,
417 2414 472 2434 non
487 2406 675 2435 fraudulenter
697 2412 725 2434 et
748 2407 890 2439 insidiose.
923 2407 970 2434 sed

178 2457 253 2483 vere,
274 2458 324 2478 nec
344 2450 397 2478 hoc
409 2452 487 2486 prius
507 2451 655 2479 machinati
669 2455 744 2484 sunt.
761 2459 811 2479 nec
843 2452 970 2480 consulto

178 2502 213 2524 nc
228 2496 262 2523 de
282 2496 417 2525 industria
443 2497 470 2525 id
498 2497 633 2530 fecerunt,
646 2503 674 2525 et
700 2501 908 2532 persuaserunt,
941 2502 971 2525 ut

180 2542 324 2570 tormentis
337 2542 437 2578 subjici
453 2543 623 2577 viderentur,
640 2551 702 2571 cum
713 2551 745 2571 ea
760 2543 850 2578 specie
866 2547 893 2570 et
909 2544 970 2578 opi-

179 2587 262 2614 nione
278 2590 381 2614 tantum
396 2587 563 2616 inferrentur
581 2598 588 2616 :
604 2589 694 2617 visum
710 2593 753 2616 est
767 2596 816 2616 eos
833 2589 971 2616 cathedrae

179 2633 292 2668 quidam
307 2634 421 2663 honoris
437 2642 500 2663 esse
515 2636 671 2670 participes,
690 2643 745 2662 non
770 2635 853 2663 licere
878 2639 969 2663 autem

215 2700 242 2717 ³³
251 2700 337 2729 Laod.
354 2701 410 2736 20;
425 2701 533 2731 Valent.
549 2702 602 2736 58;
618 2703 709 2732 Gelas.
722 2703 749 2730 ’1.

1022 1587 1051 1615 ἓν
1069 1596 1124 1615 τισι
1134 1588 1227 1620 τόποις
1237 1587 1286 1614 καὶ⁵
1300 1587 1394 1614 πόλεσι
1409 1587 1465 1618 τοῖς
1477 1585 1673 1622 πρεσϐυτέροις
1695 1585 1745 1620 τὴν
1759 1585 1813 1613 Εὑ-

1021 1632 1165 1668 χαριστίαν
1181 1632 1206 1659 oi
1232 1631 1351 1658 διάκονοι
1376 1630 1505 1663 διδόασιν,
1521 1630 1591 1665 ὅπερ
1606 1629 1667 1656 οὒτε
1685 1631 1700 1656 ὀ
1720 1629 1814 1656 κανὼν

1022 1676 1085 1706 οὒτε
1102 1678 1119 1713 ή
1146 1676 1278 1712 συνήθεια
1290 1676 1445 1712 παρέδωκε,
1459 1675 1524 1707 τοὺς
1544 1675 1670 1708 ἐξουσίαν
1686 1674 1723 1710 μὴ
1737 1675 1813 1710 ἕχον·

1021 1731 1071 1756 τας
1085 1722 1263 1758 προσφέρειν,
1279 1723 1337 1754 τοῖς
1358 1721 1543 1757 προσφέρουσι
1563 1720 1664 1748 διδόναι
1682 1720 1712 1747 τὸ
1732 1720 1813 1755 σῶμα

1020 1768 1069 1796 τοῦ
1094 1767 1229 1804 Χριστοῦ·
1247 1767 1358 1794 κάκεῖνο
1377 1767 1405 1794 δέ
1421 1766 1585 1802 ἐγνωρίσθη,
1603 1766 1645 1793 ὅτι
1667 1765 1718 1801 ἤδη
1739 1765 1814 1797 τινες

1020 1814 1075 1842 τῶν
1089 1813 1221 1841 διακόνων
1237 1813 1285 1840 καὶ
1303 1812 1357 1848 πρὸ
1376 1812 1432 1838 τῶν
1448 1812 1606 1838 ἐπισκόπων
1629 1811 1680 1846 τῆς
1699 1810 1812 1845 εὐχαρι-

1022 1860 1098 1891 στίας
1113 1858 1254 1886 ἅπτονται.
1269 1857 1363 1885 Ταῦτα
1377 1856 1423 1885 οὖν
1440 1857 1532 1884 πάντα
1552 1856 1748 1893 περιῃρήσθω,
1764 1856 1812 1882 καὶ

1021 1904 1215 1940 ἐμμενέτωσαν
1227 1903 1252 1930 οἱ
1268 1903 1386 1930 διάκονοι
1404 1903 1460 1934 τοϊς
1477 1902 1552 1934 ἰδίοις
1576 1902 1696 1937 μέτροις,
1711 1901 1812 1933 εἰδότες

1019 1951 1062 1978 ὅτι
1074 1950 1120 1977 τοῦ
1136 1949 1187 1985 μὲν
1200 1949 1350 1976 ἐπισκόπου
1362 1948 1496 1984 ὑπηρέται
1508 1948 1572 1981 alat,
1587 1947 1641 1974 τῶν
1650 1947 1680 1974 δὲ
1692 1947 1812 1983 πρεσϐυ-

1020 1996 1107 2030 τέρων
1123 1995 1249 2027 ἐλάττους
1265 1995 1431 2030 τυγχάνουσι
1443 2003 1450 2011 ·
1465 1994 1679 2028 λαμϐανέτωσαν
1697 1993 1726 2020 δὲ
1739 1993 1812 2020 κατὰ

1019 2041 1070 2077 τὴν
1086 2041 1163 2074 τάξιν
1175 2041 1225 2077 τὴν
1237 2040 1421 2076 Εὑχαριστίαν
1440 2039 1508 2075 μετὰ
1518 2039 1582 2071 τοὺς
1595 2038 1810 2075 πρεσϐυτέρους.

1022 2087 1107 2114 Ἀλλὰ
1135 2087 1204 2123 μηδὲ
1228 2086 1365 2122 καθῆσθαι
1392 2086 1422 2112 ἐν
1447 2086 1522 2121 μέσῳ
1536 2085 1592 2112 τῶν
1616 2084 1812 2120 πρεσϐυτέρων

1019 2132 1121 2165 ἐξέστω
1139 2135 1196 2164 τοῖς
1215 2132 1366 2163 διακόνοις’
1389 2131 1466 2166 παρὰ
1486 2131 1586 2158 κανόνα
1600 2130 1654 2165 γὰρ
1675 2130 1722 2157 καὶ
1736 2129 1813 2164 παρὰ

1019 2178 1096 2210 τάξιν
1111 2178 1170 2205 ἐστὶ
1182 2177 1214 2205 τὸ
1231 2177 1384 2212 γινόμενον.
1403 2177 1435 2204 Εί
1453 2177 1482 2204 δέ
1509 2185 1552 2209 ¹ιτις
1575 2175 1613 2212 μὴ
1638 2175 1711 2202 θέλει
1735 2175 1814 2202 πειθ-

983 2216 1007 2245 Ῑ)
1021 2225 1114 2260 αρχεϊν
1130 2224 1177 2251 καὶ
1193 2223 1264 2259 μετὰ
1281 2222 1393 2254 τούτους
1410 2223 1474 2255 τοὺς
1486 2223 1576 2259 ὄρους,
1591 2220 1745 2249 πεπαὺσθω
1761 2220 1812 2256 τῆς

1019 2269 1168 2302 διακονίας.

1184 2316 1320 2344 Συνόδου
1340 2315 1486 2351 Ἀγκύρας
1500 2314 1602 2343 κανὼν
1615 2317 1652 2342 α’.

1055 2368 1090 2391 α’.
1104 2363 1311 2400 Πρεσϐυτέρους
1326 2362 1390 2394 τοὺς
1410 2361 1604 2393 ἐπιθύσαντας,
1625 2357 1686 2387 εἶτα
1703 2359 1812 2386 ἀναπα-

1019 2410 1178 2442 λαίσαντας,
1194 2410 1263 2445 μήτε
1277 2409 1310 2436 ὲκ
1330 2407 1442 2443 μεθόδου
1456 2407 1528 2438 τινὸς
1547 2406 1604 2433 ἀλλ’
1623 2405 1654 2439 ἐξ
1671 2405 1811 2440 ἀληθείας,

1021 2455 1090 2491 μήτε
1112 2453 1426 2490 προκατασκευάσαντας
1448 2452 1496 2479 καὶ
1517 2450 1748 2486 ἐπιτηδεύσαντας
1762 2449 1812 2476 καὶ

1019 2502 1178 2533 πείσαντας,
1192 2500 1236 2527 ῐνα
1258 2499 1357 2532 δόξωσι
1380 2499 1430 2534 μὲν
1450 2498 1578 2533 βασάνοις
1598 2495 1811 2528 ὑποϐάλλεσθαι,

1018 2547 1120 2579 ταύτας
1135 2547 1164 2574 δὲ
1176 2546 1215 2581 τῷ
1227 2546 1318 2573 δοκεῖν
1339 2546 1386 2572 καὶ
1405 2544 1443 2580 τῷ
1467 2545 1586 2579 σχήματι
1608 2542 1810 2579 προσαχθῆναι,

1019 2593 1131 2624 τούτους
1145 2592 1218 2625 ἔδοξε
1229 2593 1278 2627 τῆς
1298 2592 1348 2628 μὲν
1364 2591 1447 2627 τιμῆς
1460 2592 1510 2627 τῆς
1526 2590 1596 2617 κατὰ
1610 2590 1661 2625 τὴν
1675 2588 1811 2622 καθέδραν

1021 2638 1146 2674 μετέχειν
1159 2647 1166 2655 ·
1192 2638 1359 2674 προσφέρειν
1381 2638 1410 2666 δὲ
1433 2638 1531 2669 αὐτοὺς
1549 2637 1566 2673 ἢ
1591 2635 1724 2672 όμιλεῖνῆ
1741 2634 1810 2666 ὅλως

937 2793 1053 2822 NOTAE.

218 2853 273 2889 tu)
287 2853 413 2882 Continui
432 2855 570 2889 uetnplur
585 2861 638 2881 non
654 2853 748 2881 habuit
763 2853 780 2888 ἢ
801 2853 951 2890 σταφυλῆς,
966 2853 971 2880 i

1027 2858 1056 2886 it,
1074 2861 1162 2881 uvam.
