1954 3080
187 143 240 175 599

763 139 894 171 PHOTII
912 140 1165 172 PATRIARCH/E
1179 142 1234 173 ΟΡ.

1758 143 1814 176 600

186 204 269 236 quam
281 195 418 235 primitias
429 203 519 227 autem
533 205 594 226 uvae
603 197 760 226 allationem
771 197 972 229 existimantes,

1036 200 1183 233 προσφορᾶς
1204 199 1288 234 μόνης
1303 199 1494 234 μεταδιδόναι·
1511 197 1551 231 ὥς
1574 199 1703 235 ἀπαρχὴν
1720 199 1749 226 δι
1763 201 1815 236 τὴν

186 246 342 274 sacerdotes
364 253 424 273 eam
450 252 576 273 seorsum
589 244 792 276 benedicentes,
820 242 975 278 petentibus

187 292 331 327 impertire
345 290 379 318 ad
392 290 531 318 fructuum
547 289 649 317 datoris
661 289 811 324 gratiarum
824 287 973 321 actionem,

186 345 235 373 per
251 344 322 372 quos
339 343 455 371 corpora
472 340 566 362 nostra
595 334 689 362 divina
718 333 901 367 dispositione
924 339 975 359 au-

188 388 286 420 gentur
300 388 327 410 et
340 383 460 410 aluntur.
485 381 515 409 Si
534 381 596 416 quis
621 384 711 407 autem
733 377 851 407 clericus
878 381 976 412 praeter

188 430 246 457 haec
262 429 373 456 decreta
392 427 499 459 fecerit,
515 426 676 461 deponatur.

223 517 270 545 32.
290 516 427 549 Quoniam
447 515 481 543 ad
499 518 624 547 nostram
644 512 831 549 cognitionem
852 511 976 547 pervenit

188 562 262 599 quod
280 563 307 589 in
323 561 515 589 Armeniorum
530 560 643 594 regione
661 559 756 586 \‘inum
772 563 878 586 tantum
892 558 919 585 in
932 565 977 585 sa-

189 617 236 638 cra
253 615 348 636 mensa
364 607 492 640 oﬁ‘erunt,
513 613 613 642 aquam
632 605 671 633 illi
690 612 745 632 non
766 605 914 632 miscentes
929 603 976 638 qui

189 655 366 683 incruentum
386 654 551 682 sacriﬁcium
571 657 717 688 peragunt,
734 652 901 679 adducentes
922 650 977 678 Ec-

189 701 281 729 clesiae
297 700 436 728 doctorem
453 699 587 728 Joannem
601 698 845 733 Chrysostomum,
863 696 922 724 [me
936 696 978 723 di-

189 752 296 775 centem
314 746 341 774 in
355 746 581 781 interpretatione
594 744 733 780 Evangelii
745 745 896 772 secundum
909 743 978 771 Mat-

189 794 290 822 thaeum
310 803 317 821 :
339 792 538 826 «Quamobrem
553 799 607 818 non
619 798 718 826 aquam
740 790 807 818 bibit
821 789 902 825 138
915 797 977 817 cum

190 839 320 872 surrexit,
346 839 394 867 sed
415 838 531 866 vinum?
557 847 566 863 ι
594 837 747 872 improbam
768 843 835 864 sane
861 835 978 864 limresin

193 886 325 915 radicitus
343 885 507 920 exstirpatis.
524 884 658 917 Quoniam
677 883 749 910 enim
763 882 889 910 nonnulli
906 889 978 917 aqua

193 932 222 960 in
247 932 385 968 mysteriis
405 931 449 959 usi
469 934 544 963 sunt,
561 929 709 958 ostendens
730 927 804 964 quod
823 932 851 956 et
870 928 980 963 quando

193 978 321 1014 mysteria
330 977 452 1010 tradidit,
462 981 488 1004 et
496 975 606 1011 quando
618 979 764 1011 postquam
773 974 979 1008 resurrexisset,

192 1025 298 1061 absque
317 1024 456 1060 mysteriis
469 1023 556 1052 solam
581 1031 613 1051 ac
630 1023 732 1050 nudam
753 1029 877 1050 mensam
897 1028 981 1056 appo-

193 1071 259 1104 suit,
273 1078 341 1099 usus
354 1075 397 1098 est
410 1070 485 1104 vino,
498 1077 531 1098 ex
548 1070 695 1104 genimine,
712 1069 811 1104 inquit,
826 1068 904 1099 vitis:
917 1067 981 1095 vitis

193 1123 285 1146 autem
300 1118 407 1149 vinum.
424 1123 478 1144 non
498 1123 596 1151 aquam
614 1119 736 1150 generat.
757 1115 792 1143 Et
809 1121 841 1142 ex
858 1121 892 1142 eo
904 1120 982 1149 aqua:

193 1164 221 1191 in
234 1170 314 1192 sacro
334 1161 471 1190 sacriﬁcio
491 1161 696 1197 adjunctionem
714 1161 853 1188 doctorem
868 1161 980 1189 subver-

193 1214 252 1236 tere
266 1208 426 1236 existimant
443 1216 450 1235 :
467 1211 498 1235 ut
514 1214 567 1235 non
585 1206 620 1234 ab
637 1207 691 1235 hoc
705 1210 826 1241 tempore
846 1206 873 1233 in
888 1210 982 1240 poste-

194 1262 256 1282 rum
273 1254 425 1289 ignorantia
441 1257 595 1284 teneantur,
610 1252 699 1280 Patris
713 1251 877 1280 sententiam
887 1251 983 1279 ortho-

195 1302 267 1328 doxe
280 1301 429 1336 aperimus.
445 1300 514 1328 Cum
525 1299 598 1327 enim
611 1299 746 1333 improba.
765 1298 983 1333 llydroparasta-

196 1352 297 1381 tarum,
306 1347 358 1374 hoc
368 1351 420 1380 est,
429 1353 525 1374 eorum
537 1345 584 1381 qui
593 1352 692 1380 aquam
704 1343 863 1377 offerebant,
871 1343 983 1378 antiqua

195 1397 267 1421 esset
288 1392 409 1425 haeresis,
425 1391 472 1426 qui
491 1391 553 1418 loco
575 1390 632 1418 vini
654 1390 712 1418 sola
735 1396 804 1424 aqua
827 1389 854 1416 in
874 1387 984 1423 proprio

196 1438 332 1468 sacriﬁcio
348 1437 390 1465 usi
406 1441 488 1470 sunt;
505 1435 634 1464 refellens
653 1435 699 1463 hic
713 1435 755 1462 vir
770 1434 880 1462 divinus
906 1433 983 1461 dete-

195 1485 321 1514 stabilem
330 1484 466 1519 ejusmodi
485 1483 598 1512 baeresis
612 1481 775 1515 doctrinam,
795 1485 822 1508 et
838 1479 985 1508 ostendens

196 1531 270 1567 quod
295 1531 398 1559 directe
417 1529 577 1566 apostolicae
598 1528 738 1556 traditioni
760 1527 932 1559 adversatur,
957 1526 984 1554 id

195 1578 270 1613 quod
288 1577 345 1613 jam
360 1577 463 1605 dictum
484 1580 527 1604 est
547 1574 701 1603 afﬁrmavit.
722 1573 791 1601 Nam
812 1577 840 1600 et
853 1580 910 1600 sua:
932 1573 985 1600 Ec-

197 1623 300 1654 clesiae,
315 1623 362 1650 ubi
380 1628 422 1650 est
436 1622 475 1649 illi
494 1621 640 1656 pastoralis
654 1619 858 1648 administratio
875 1619 985 1650 tradita,

197 1676 296 1703 aqu.un
308 1668 371 1696 vino
381 1667 547 1695 miscendam
558 1665 679 1695 tradidit.
690 1665 800 1700 quando
812 1663 985 1692 incruentum

197 1714 291 1748 peragi
306 1713 470 1742 sacriﬁcium
483 1717 601 1748 oportet,
618 1718 652 1739 ex
667 1711 790 1746 pretioso
808 1709 908 1738 Christi
925 1717 987 1738 nos-

198 1762 232 1787 tri
247 1760 438 1794 Redemptoris
450 1759 533 1786 latere
544 1766 577 1786 ex
591 1757 724 1792 sanguine
739 1762 766 1784 et
779 1764 849 1791 aqua
865 1761 987 1784 contem-

199 1807 366 1842 perationem
390 1805 548 1837 ostendens,
565 1812 626 1838 quae
644 1804 672 1830 in
690 1803 773 1831 totius
788 1802 883 1830 mundi
899 1801 987 1829 viviﬁ-

199 1853 336 1882 cationem
359 1851 444 1879 eﬁ‘usa
455 1856 506 1883 est,
523 1855 550 1878 et
572 1854 745 1885 peccatorum
761 1849 986 1883 redemptionem,

198 1905 227 1927 et
253 1899 281 1926 in
304 1898 377 1926 omni
401 1898 485 1925 etiam
509 1896 642 1929 Ecclesia,
664 1896 710 1924 ubi
731 1895 863 1930 spiritalia
885 1895 987 1922 lumina

199 1944 376 1977 refulserunt,
400 1943 446 1971 hic
469 1943 537 1970 ordo
560 1943 691 1970 divinitus
715 1941 831 1969 traditus
852 1945 987 1969 servatur.

198 1990 270 2019 Nam
292 1994 320 2018 et
342 1989 460 2018 Jacobus
477 1989 580 2017 Christi
601 1988 708 2016 Domini
729 1988 816 2016 nostri
837 1987 987 2016 secundum

199 2044 310 2066 carnem
321 2035 416 2070 frater,
425 2036 470 2064 cui
479 2034 733 2072 Hierosolymitanze
742 2035 863 2062 ecclesia
872 2033 988 2061 thronus

201 2086 320 2120 primum
351 2089 393 2112 est
418 2083 538 2111 creditus
565 2086 593 2109 et
624 2081 742 2109 Basilius
777 2079 988 2108 Caesariensium

198 2130 329 2159 Ecclesiae
346 2128 579 2163 archiepiscopus,
605 2127 685 2162 cujus
705 2126 793 2161 gloria
810 2133 919 2153 onmem
935 2129 989 2152 ter-

199 2184 292 2205 rarum
314 2175 408 2203 orbem
431 2174 563 2210 pervasit,
587 2173 702 2208 mystico
725 2171 804 2200 nobis
826 2171 854 2198 in
879 2171 989 2206 scriptis

1025 243 1075 275 τῆς
1094 243 1235 279 σταφυλῆς
1247 244 1439 280 λογιζομένους
1454 244 1626 280 προσένεξιν,
1644 245 1736 277 ίδικῶς
1750 245 1816 276 τοὺς

1027 289 1109 324 ἱερεῖς
1129 289 1318 323 εὑλογοῢντας,
1333 291 1390 322 τοῖς
1407 290 1514 317 αἰτοῦσι
1528 290 1630 326 ταύτης
1645 290 1820 325 μεταδιδόναι,

1026 334 1095 369 πρὸς
1110 335 1161 370 τὴν
1172 335 1219 362 τοῦ
1239 335 1353 370 δοτῆρος
1371 336 1426 362 τῶν
1445 335 1561 371 καρπῶν
1575 336 1762 371 εὐχαριστίαν,
1781 337 1817 364 δι’

1026 377 1064 407 ὧν
1079 380 1114 407 τὰ
1129 380 1244 416 σώματα
1266 380 1346 416 ἡμῶν
1364 381 1435 408 κατὰ
1454 380 1500 408 τδν
1518 381 1591 408 θεῖον
1612 382 1685 416 ὅρον.
1699 382 1775 414 αὔξει
1785 391 1817 408 τε

1026 426 1074 452 καὶ
1088 426 1261 461 ὲκτρέφεται.
1276 427 1311 453 Εἰ
1323 436 1366 459 τις
1378 427 1424 454 οὖν
1437 426 1568 463 κληρικδς
1588 427 1662 463 παρὰ
1681 427 1714 454 τὰ
1726 428 1818 454 διατε-

1026 472 1150 507 ταγμένα
1163 473 1239 508 ποιῇ,
1255 473 1451 508 καθαιρείσθω.

1061 520 1113 555 λβ’.
1137 521 1247 558 Ἐπειδὴ
1263 523 1304 554 είς
1317 522 1418 556 γνῶσιν
1433 522 1571 558 ἡμετέραν
1585 520 1677 558 ἦλθεν,
1693 522 1732 554 ὡς
1745 522 1774 548 ὲν
1783 522 1818 557 τῇ

1034 568 1186 603 Ἀρμενίων
1209 568 1287 604 χώρᾳ
1310 568 1382 595 οἶνον
1409 569 1488 604 μόνον
1512 570 1588 604 ὲντῇ
1617 569 1677 604 ἱερᾷ
1694 567 1818 604 τραπέζῃ

1027 613 1224 649 προσάγουσιν,
1239 613 1310 650 ὕδωρ
1325 613 1400 650 αὐτῷ
1416 614 1454 651 μὴ
1471 614 1625 650 μιγνύντες,
1640 615 1664 641 oi
1677 613 1726 648 τὴν
1739 613 1820 642 ἀναί-

1029 668 1133 695 μακτον
1149 659 1244 687 θυσίαν
1264 660 1464 693 ἐπιτελοῦντες,
1487 660 1677 696 προτιθέμενοι
1700 659 1746 686 τὸν
1769 659 1821 694 τῆς

1034 707 1197 742 Ἐκκλησίας
1210 707 1370 734 διδάσκαλον
1395 707 1523 742 Ἰωάννην
1551 707 1596 733 τὸν
1611 706 1820 742 Χρυσρστομον,

1029 753 1167 789 φάσκοντα
1179 753 1223 781 διὰ
1236 754 1287 789 τῆς
1304 754 1344 786 είς
1358 753 1390 780 τδ
1409 753 1480 780 κατὰ
1493 752 1631 780 Ματθαῖον
1654 752 1823 786 Εὐαγγέλιον

1029 800 1178 836 ἑρμηνείας
1192 800 1297 828 ταῦτα·
1316 809 1326 826 ι
1354 800 1434 832 Τίνος
1460 800 1553 826 ἕνεκεν
1578 799 1628 834 οὺχ
1648 798 1720 834 ὕδωρ
1744 797 1823 823 ἔπιεν

1030 845 1161 878 ἀναστὰς,
1179 845 1238 873 ἀλλ’
1252 844 1341 878 οῐνονς
1362 846 1445 881 ἄλλην
1460 845 1568 881 αἰρεσιν
1589 843 1710 879 πονηρὰν
1735 843 1823 879 πρόρ-

1031 892 1105 928 ριζον
1118 891 1264 919 ἀνασπῶν·
1285 891 1379 927 ἐπειδὴ
1399 891 1453 926 γάρ
1471 891 1543 923 τινές
1563 891 1633 917 εἰσιν
1646 890 1675 916 έν
1693 890 1749 923 τοῖς
1767 897 1822 923 μυ-

1031 939 1154 976 στηρίοις
1170 938 1248 966 ὕδατι
1259 938 1436 974 κεχρημένοι,
1455 937 1563 968 δεικνὺς
1578 937 1619 964 ὅτι
1635 936 1682 963 καὶ
1694 935 1774 971 ἡνίκα
1787 935 1824 961 τὰ

1032 986 1172 1021 μυστήρια
1198 985 1358 1020 παρέδωκεν
1384 983 1454 1012 οῐνον
1481 984 1644 1018 παρέδωκε·
1670 983 1716 1009 καὶ¹
1739 982 1824 1016 ἡνίκα

1031 1031 1150 1063 ἀναστὰς
1165 1031 1251 1067 χωρὶς
1267 1031 1422 1066 μυστηρίων
1436 1030 1483 1057 καὶ
1495 1029 1574 1065 ψιλὴν
1591 1028 1731 1065 τράπεζαν
1750 1036 1825 1064 παρ-

1031 1077 1146 1109 ετίθετο,
1163 1077 1227 1112 οἴνῳ
1248 1077 1359 1112 ἐχρῆτο,
1372 1076 1404 1102 ἐκ
1423 1075 1469 1102 τοῦ
1483 1074 1664 1110 γεννήματος,
1681 1073 1758 1108 φησὶ,
1771 1072 1824 1106 τῆς

1031 1123 1156 1157 ἀμπέλου
1166 1130 1174 1138 ⁸
1191 1122 1314 1157 ἄμπελος
1323 1122 1352 1149 δὲ
1367 1119 1447 1154 οἶνον,
1461 1121 1509 1155 οὺχ
1523 1119 1606 1155 ὕδωρ,
1620 1119 1714 1154 γεννᾷ.
1739 1127 1748 1144 ι
1771 1117 1824 1144 Ἐκ

1031 1169 1128 1196 τούτου
1154 1168 1183 1196 δὲ
1199 1168 1245 1196 τὺν
1271 1165 1432 1196 διδάσκαλον
1453 1168 1556 1195 οῐονται
1584 1166 1749 1201 ἀνατρέπειν
1771 1163 1823 1199 τὴν

1031 1214 1080 1242 τοῦ
1095 1214 1189 1246 ὓδατος
1202 1214 1232 1242 ὲν
1245 1215 1277 1250 τῇ
1294 1214 1354 1249 ίερᾷ
1371 1212 1453 1248 θυσίᾳ
1469 1210 1664 1248 προσαγωγὴν,
1682 1209 1720 1241 ὼς
1734 1208 1768 1236 ἂν
1784 1207 1823 1243 μὴ

1033 1261 1079 1288 καὶ
1093 1261 1148 1287 ἀπὺ
1162 1259 1210 1287 τοῦ
1226 1259 1274 1286 νῦν
1288 1259 1446 1294 κατέχοιντο
1460 1259 1494 1293 τῇ
1512 1256 1618 1292 ἀγνοίᾳ,
1635 1254 1685 1291 τὴν
1698 1253 1746 1280 τοῦ
1766 1253 1825 1279 [Ια-

1032 1307 1096 1342 τρδς
1119 1306 1238 1333 διάνοιαν
1262 1305 1410 1341 ὀρθοδόξως
1433 1302 1672 1337 ἁποκαλύπτομεν.
1695 1300 1752 1335 Τῆς
1767 1298 1825 1333 γὰρ

1033 1353 1156 1388 πονηρᾶς
1182 1351 1238 1378 τῶν
1264 1349 1511 1386 ὑδροπαραστατῶν
1540 1348 1672 1384 αἱρέσεως
1705 1345 1826 1375 παλαιᾶς

1034 1398 1221 1434 ὑπαρχούσης,
1237 1397 1262 1424 οἶ
1276 1397 1336 1424 ἀντὶ
1357 1397 1429 1423 οἴνου
1449 1395 1521 1430 μόνῳ
1535 1393 1573 1429 τῷ
1597 1392 1673 1419 ὕδατι
1690 1391 1719 1418 ὲν
1735 1392 1767 1425 τῇ
1783 1390 1827 1434 σί-

1034 1432 1099 1480 κείᾳί
1111 1432 1195 1479 θυσία
1211 1443 1369 1478 κέχρηνται,
1385 1440 1578 1472 ἀνασκευάζων
1598 1439 1612 1465 ὁ
1632 1437 1761 1472 θεοφόρος
1779 1432 1828 1462 οὖ-

1034 1499 1080 1521 τος
1093 1489 1163 1525 ἀνὴρ
1177 1489 1228 1524 τὴν
1250 1488 1408 1523 παράνομον
1422 1487 1470 1521 τῆς
1489 1484 1616 1519 τοιαύτης
1639 1483 1771 1518 αίρέσεως
1786 1481 1828 1508 δι-

998 1541 1021 1571 ε
1036 1535 1132 1571 δαχὴν,
1149 1535 1196 1562 καὶ
1221 1534 1327 1565 δεικνὺς
1351 1533 1389 1564 ὡς
1416 1532 1540 1564 ἐναντίας
1565 1531 1614 1566 τῆς
1642 1527 1829 1562 ἀποπολικῆς

1038 1582 1124 1609 ῐενται
1147 1581 1334 1617 παραδόσεως,
1354 1579 1398 1606 τὸν
1419 1578 1565 1614 εἰρημένον
1580 1574 1768 1604 κατεσκεύασε
1783 1573 1830 1600 λό-

1037 1637 1100 1664 γον·
1114 1629 1175 1655 ὲπεὶ
1182 1628 1230 1655 καὶ
1243 1629 1276 1663 τῇ
1290 1628 1349 1654 κατ’
1364 1626 1445 1653 αὑτὸν
1460 1624 1620 1659 Ἐκκλησία,
1635 1622 1698 1649 ἔνθα
1707 1621 1758 1657 τὴν
1770 1629 1831 1647 ποι-

1039 1673 1173 1709 μαντικὴν
1184 1671 1352 1708 ἐνεχειρίσθη
1362 1671 1520 1707 ἠγεμονίαν,
1535 1670 1606 1704 ὕδωρ
1619 1668 1683 1703 οῐνῳ
1700 1665 1830 1702 μιγνύναι

1038 1720 1208 1755 παρέδωκεν,
1227 1719 1308 1754 ἡνίκα
1322 1711 1371 1753 τήν
1387 1717 1556 1753 ἀναίμακτον
1575 1715 1671 1741 θυσίαν
1694 1712 1833 1740 ὲπιτελεῖο

1038 1766 1099 1793 σθαι
1111 1766 1227 1801 δεήσειε,
1244 1764 1293 1799 τὴν
1309 1765 1342 1790 ὲκ
1352 1763 1403 1798 τῆς
1416 1763 1510 1798 τιμίας
1526 1761 1645 1796 πλευρᾶς
1660 1758 1707 1786 τοῦ
1717 1759 1832 1793 Λυτρω-

1038 1811 1086 1839 τοῦ
1100 1810 1182 1846 ἡμῶν
1194 1809 1243 1836 καὶ
1256 1810 1384 1846 Σωτῆρος
1399 1807 1516 1844 Χριστοῦ
1528 1807 1575 1834 τοῦ
1591 1805 1658 1832 Θεοῦ
1674 1805 1703 1838 ὲξ
1714 1805 1831 1838 αἳματος

1039 1858 1087 1886 καὶ
1104 1857 1201 1889 ὓδατος
1218 1857 1318 1892 κρᾶσιν
1334 1854 1528 1890 παραδεικνὺς,
1544 1854 1606 1889 ἥτις
1637 1853 1678 1884 είς
1693 1849 1832 1884 ζωοποιη-

1040 1912 1083 1931 σιν
1098 1903 1198 1935 παντὸς
1210 1903 1258 1930 τοῦ
1278 1902 1382 1937 κόσμου
1397 1900 1521 1936 ὲξεχέθη,
1537 1900 1585 1926 καὶ
1602 1897 1745 1934 ἁμαρτιῶν
1757 1897 1830 1922 ἀπο-

1039 1949 1190 1985 λύτρωσιν·
1213 1949 1262 1976 καὶ
1283 1949 1355 1976 κατὰ
1370 1947 1459 1983 πάσης
1474 1947 1503 1974 δὲ
1527 1944 1699 1980 Ἐκκλησίας,
1722 1942 1787 1968 ἔνθα
1801 1941 1828 1968 οἱ

1039 1995 1225 2032 πνευματικοὶ
1236 1995 1381 2030 φωστῆρες
1399 1993 1564 2028 ἐξέλαμψαν,
1579 1992 1596 2027 ἠ
1607 1989 1745 2020 θεόσδοτος
1756 1987 1830 2023 αὕτη

1039 2041 1116 2075 τάξις
1130 2042 1235 2077 κρατεῖ.
1253 2041 1307 2068 Καὶ
1323 2040 1378 2075 γὰρ
1395 2040 1442 2066 καὶ
1464 2037 1602 2069 Ἰάκωϐος,
1618 2036 1633 2062 ό
1647 2035 1719 2062 κατὰ
1739 2035 1832 2070 σάρκα

1039 2087 1159 2123 Χριστοῦ
1171 2086 1239 2113 Θεοῦ
1253 2085 1330 2120 ἡμῶν
1347 2084 1470 2119 ἀδελφὸς,
1487 2083 1516 2115 ὃς
1535 2083 1584 2118 τῆς
1607 2079 1832 2117 Ἱεροσολυμιτῶν

1046 2132 1210 2167 Ἐκκλησίας
1238 2131 1345 2167 πρῶτος
1372 2130 1418 2157 τὺν
1446 2129 1541 2166 θρόνον
1565 2126 1753 2162 ὲνεπιστεύθη,
1781 2124 1831 2152 καὶ

1041 2178 1180 2210 Βασίλειος
1195 2180 1209 2205 ό
1231 2178 1282 2213 τῆς
1304 2177 1465 2213 Καισαρέων
1489 2174 1724 2211 ἁρχιεπίσκοπος·
1745 2168 1776 2198 οὗ
1800 2171 1832 2198 τὸ

201 2223 302 2251 tradito
317 2221 464 2254 sacriﬁcio,
477 2221 514 2248 ita
532 2218 749 2248 consecrandum
765 2217 791 2245 in
804 2217 895 2246 divina
907 2217 983 2245 Missa

1041 2225 1120 2256 κλέος
1136 2225 1208 2252 κατὰ
1223 2225 1313 2251 πᾶσαν
1327 2224 1376 2260 τὴν
1388 2222 1550 2258 οἰκουμένην
1561 2221 1718 2256 διέδραμεν,
1732 2218 1835 2253 ἔγγρα-

198 2277 234 2298 ex
257 2276 327 2303 aqua
348 2272 376 2295 et
394 2267 457 2294 vino
470 2273 578 2294 sacrum
599 2264 680 2300 139
698 2263 809 2291 calicem
835 2262 989 2290 ediderunt.

202 2316 236 2343 Et
257 2314 304 2350 qui
326 2313 491 2348 Carthagine
513 2314 701 2339 convenerunt
724 2309 812 2337 sancti
835 2308 929 2336 Patres
950 2309 992 2336 his

201 2360 294 2388 verbis
309 2365 402 2394 aperte
417 2363 446 2386 et
457 2358 571 2394 praecise
583 2356 750 2384 mentionem
761 2355 851 2383 fecere
863 2355 886 2371 “
903 2364 910 2382 :
932 2363 942 2380 ι
958 2354 993 2381 Ut

201 2407 228 2434 in
240 2405 343 2434 sanctis
354 2405 422 2432 nihil
437 2405 498 2439 plus
510 2410 591 2439 quam
605 2409 705 2436 corpus
716 2406 743 2428 et
753 2401 866 2435 sanguis
882 2400 990 2427 Domini

201 2451 344 2483 oﬁ‘eratur,
362 2454 392 2477 ut
412 2450 470 2484 ipse
484 2448 618 2476 Dominus
634 2447 756 2479 tradidit,
775 2446 827 2473 hoe
843 2450 896 2478 est,
911 2446 990 2480 panis

202 2504 231 2526 et
242 2497 336 2525 vinum
351 2504 422 2531 aqua
439 2496 562 2523 mistum.
578 2493 606 2521 Si
622 2494 686 2529 quis
703 2500 768 2528 ergo
787 2491 931 2527 episcopus
949 2491 991 2519 vel

201 2545 344 2580 presbyter
368 2549 423 2569 non
454 2540 605 2569 secundum
637 2539 765 2566 traditum
793 2538 828 2565 ab
858 2537 991 2572 apostolis

202 2591 327 2620 ordinem
342 2589 418 2621 facit,
439 2592 466 2616 et
481 2595 580 2622 aquam
600 2587 666 2614 vino
685 2586 814 2618 miscens,
833 2585 874 2613 sic
892 2585 990 2612 imma-

202 2638 323 2666 culatum
334 2636 416 2664 oﬁ'ert
424 2634 602 2666 sacriﬁcium,
614 2633 777 2668 deponatur,
792 2638 823 2659 ut
832 2631 990 2667 imperfecte

204 2683 365 2720 mysterium
377 2682 537 2712 enuntians.
545 2684 640 2714 etqua:
648 2678 745 2706 tradita
754 2678 969 2706 suntinnovans.
977 2688 986 2704 ι

1042 2279 1100 2305 φως
1111 2270 1162 2305 τὴν
1180 2270 1314 2306 μυστικὴν
1332 2271 1399 2306 ἡμῖν
1420 2268 1574 2304 ἱερουργίαν
1595 2265 1833 2301 παραδεδωκότες,

1041 2316 1113 2343 οὕτω
1124 2316 1244 2343 τελειοῦν
1257 2317 1286 2342 έν
1309 2317 1343 2351 τῇ
1364 2316 1423 2352 θείᾳ
1446 2313 1597 2349 ἱερουργίᾳ,
1620 2313 1650 2346 ἐξ
1670 2311 1766 2342 ὓδατος
1784 2310 1836 2337 καὶ

1041 2361 1113 2389 οἴνου
1125 2362 1155 2388 τὸ
1171 2363 1242 2397 ἱερὸν
1259 2363 1388 2397 ποτήριον
1404 2360 1568 2388 ὲκδεδώκασι
1581 2367 1588 2374 ·
1601 2359 1649 2385 καὶ
1668 2358 1693 2384 οἰ
1711 2358 1740 2384 ὲν
1757 2357 1836 2390 Καρ-

1041 2407 1159 2443 θαγέννῃ
1191 2407 1368 2443 συναχθέντες
1392 2408 1461 2434 ὅσιοι
1490 2406 1610 2441 Πατέρες
1639 2404 1712 2430 οὕτω
1740 2401 1835 2438 ῥητῶς

1042 2454 1265 2490 ἐπεμνήσθησαν,
1289 2455 1333 2481 ἵνα
1355 2455 1384 2481 ἐν
1403 2455 1458 2485 τοῖς
1474 2453 1562 2488 ἁγίοις
1581 2451 1664 2488 μηδὲν
1687 2449 1769 2476 πλέον
1783 2447 1835 2475 τοῦ

1046 2500 1172 2535 σώματος
1186 2501 1239 2534 ίκαὶ
1253 2500 1301 2527 τοῦ
1313 2501 1429 2536 αἵματος
1441 2499 1488 2527 τοῦ
1497 2499 1598 2535 Κυρίου
1613 2497 1687 2530 ξένον
1702 2503 1836 2531 προσενε-

1042 2545 1133 2580 χθείη,
1149 2545 1187 2576 ὡς
1200 2545 1246 2572 καὶ
1267 2546 1348 2577 αὐτὸς
1359 2545 1483 2580 ὁΚὺριος
1494 2543 1680 2578 παραδέδωκε,
1693 2540 1836 2567 τουτέστιν

1043 2591 1127 2626 ἄρτου
1154 2591 1200 2617 καὶ
1214 2591 1285 2618 οἴνου
1301 2591 1376 2618 ὕδατι
1393 2590 1574 2626 μεμιγμένου.
1587 2589 1620 2615 Εἴ
1635 2596 1678 2619 τις
1695 2585 1743 2614 οὖν
1771 2586 1836 2612 ἐπί-

1050 2645 1150 2668 σκοπος
1163 2637 1180 2672 ἢ
1196 2638 1391 2673 πρεσϐύτερος,
1412 2638 1449 2673 μὴ
1465 2636 1535 2663 κατὰ
1554 2636 1602 2670 τὴν
1631 2634 1837 2670 παραδοθεῖσαν

1049 2681 1102 2708 ὑπὸ
1120 2683 1175 2709 τῶν
1188 2683 1345 2710 ἀποστόλων
1362 2684 1439 2716 τάξιν
1456 2684 1539 2714 ποιεῖ,
1551 2682 1597 2709 καὶ
1612 2681 1685 2716 ὕδωρ
1708 2680 1774 2715 οἴνῳ
1792 2688 1837 2714 μι-

202 2734 280 2766 γνὺς,
294 2731 365 2758 οὕτω
376 2729 427 2765 τὴν
439 2729 573 2764 ἄχραντον
588 2725 721 2761 προσάγει
736 2725 841 2758 Θυσίαν,
857 2725 1040 2762 καθαιρείσθω
1050 2737 1057 2744 π
1070 2728 1107 2760 ὡς
1122 2729 1223 2762 ἀτελῶς
1235 2730 1265 2756 τὸ
1284 2733 1433 2766 μυστήριον
1447 2729 1626 2765 ἐξαγγέλλων,
1643 2728 1691 2758 καὶ
1702 2727 1837 2763 καινίζων

202 2778 237 2805 τὰ
268 2780 484 2815 παραδεδομένα.

238 2835 261 2851 ⁸⁸
281 2835 384 2863 Coneil.
400 2835 493 2863 Carth.
514 2842 553 2866 Ill,
568 2841 627 2868 cap.
644 2832 689 2859 25.
