1954 3080
127 155 178 188 601

495 154 696 185 SYNTAGMA
707 155 900 187 CANONUM.
917 166 952 172 -
970 155 1046 186 TIT.
1063 156 1121 188 III.
1140 157 1219 190 CAP.
1237 159 1269 196 ν,
1291 160 1356 191 VII.

1685 162 1738 194 602

164 211 213 245 νζ.
227 211 289 239 Ὅτι
301 211 333 238 οὐ
352 210 405 249 χρὴ
428 211 458 239 ἐν
473 213 529 244 τοῖς
547 212 750 249 θυσιαστηρίοις
776 213 837 249 μέλι
862 213 910 240 καὶ

994 214 1039 242 5'].
1055 214 1134 248 Quod
1148 216 1182 243 ad
1190 216 1276 244 altare
1289 218 1343 246 mel
1353 222 1381 246 ct
1394 219 1436 248 lac
1451 219 1548 248 oll‘errc
1558 227 1612 247 non
1625 226 1742 256 oporlel.

128 258 199 293 γάλα
215 258 430 294 προσφέρεσθαι.

163 307 215 338 νη’.
229 303 332 337 Μηδεὶς
344 303 399 329 τῶν
412 303 441 330 έν
456 303 560 335 λαῖκοῖς
572 303 748 339 τεταγμένων
759 303 847 339 ἐαυτῷ
858 304 912 331 τῶν

128 349 209 376 θείων
227 348 384 384 μυστηρίων
408 349 582 384 μεταδιδότω,
600 349 732 384 παρόντος
750 349 911 382 ἐπισκόπου,

128 395 146 431 ἢ
164 396 360 431 πρεσϐυτέρου,
371 395 388 431 ἢ
399 395 535 423 διακόνου.
557 395 586 421 '0
599 395 628 422 δέ
639 403 667 422 τι
678 395 783 422 τοιοῦτο
794 396 911 431 τολμῶν,

126 441 166 472 ὠς
178 441 253 476 παρὰ
267 441 298 467 τὸ
308 440 518 476 διατεταγμένον
531 440 627 473 ποιῶν,
640 441 687 468 ἐπὶ
698 440 833 476 ἑϐδομάδα
847 442 912 476 μίαν

127 487 311 523 ἀφοριζέσθω,
328 486 453 514 ἐντεῦθεν
470 486 726 522 παιδαγωγούμενος
746 487 784 522 μὴ
803 488 912 522 φρονεῖν

128 535 195 570 παρ’
211 534 225 560 ὃ
237 533 277 560 δεῖ
291 534 409 569 φρονεῖν.

164 578 218 615 pa’.
235 579 320 614 Σῶμα
334 578 452 614 Χριστοῦ
465 579 511 606 καὶ
527 579 591 606 ναδν
605 579 651 606 τὸν
664 580 724 606 κατ’
738 579 830 606 εἰκόνα
845 579 912 607 Θεοῦ

128 625 273 652 κτισθέντα
286 625 440 660 ἄνθρωπον,
456 625 471 652 ὀ
490 625 561 656 θεῖος
579 624 739 656 ’Δπόστολος
756 625 913 661 μεγαλοφώ-

127 680 182 702 νως
198 671 340 698 ἀποκαλεῖ.
365 671 459 706 Πάσης
482 668 528 697 οὖν
548 670 682 706 αἰσθητῆς
694 671 808 704 κτίσεως
832 672 914 707 ὑπερ-

128 717 265 750 κείμενος,
280 717 294 744 ὁ
316 715 354 751 τῷ
370 717 495 751 σωτηρίῳ
518 716 598 743 πάθει
619 715 666 742 τοῦ
685 716 810 752 οὐρανίου
823 716 913 752 τυχὼν

129 762 296 796 ἀξιώματος.
319 762 415 788 ἐσθίων
439 762 486 788 καὶ
504 762 590 788 πίνων
608 762 736 798 Χριστὸν,
751 762 818 797 πρὸς
839 762 912 798 ζωὴν

128 807 174 834 διὰ
205 807 304 839 παντὸς
332 807 534 842 μεθαρμόζεται
559 807 608 842 τὴν
636 807 731 838 ἀΐδιον,
754 807 842 842 ψυχὴν
865 808 912 834 καὶ

131 852 212 887 σῶμα
235 853 269 887 τῇ
295 853 394 887 μετοχῇ
412 852 462 886 τῆς
484 851 558 883 θείας
585 852 763 887 ἁγιαζόμενος
780 853 910 888 χάριτος·

129 897 199 924 ὥστε
214 898 241 924 εῖ
253 906 294 928 τις
308 897 356 924 τοῦ
379 897 513 932 άχράντου
529 896 654 932 σώματος
668 898 812 932 μετασχεῖν
828 898 857 924 ὲν
872 897 911 933 τῷ

128 943 178 976 τῆς
197 941 332 974 συνάξεως
359 942 501 978 βουληθείη
526 942 624 978 καιρῷ,
642 943 689 969 καὶ
712 943 740 969 ἓν
757 943 825 976 πρὸς
846 943 912 969 αὐτὸ

128 990 162 1024 τῇ
188 988 318 1024 μετουσίᾳ
338 987 473 1023 γενέσθαι,
499 988 547 1020 τὰς
568 990 661 1023 χεῖρας
677 988 850 1023 σχηματίζων
872 989 912 1020 εἰς

127 1033 214 1059 τύπον
230 1032 356 1069 σταυροῦ,
372 1033 442 1059 οὕτω
457 1033 577 1068 προσίτω
594 1034 641 1060 καὶ
655 1033 775 1069 δεχέσθω
794 1034 843 1069 τὴν
856 1043 913 1061 κοι·

128 1078 228 1104 νωνίαν
251 1079 300 1114 τῆς
327 1079 448 1114 χάριτος.
471 1078 540 1110 Τοὺς
561 1078 617 1114 γὰρ
639 1080 671 1105 ὲκ
684 1078 785 1114 χρυσοῦ
800 1079 816 1114 ἢ
830 1079 913 1114 ἄλλης

129 1121 207 1157 ὕλης,
221 1123 281 1149 ἀντὶ
293 1121 394 1158 χειρὸς,
406 1122 466 1149 τινὰ
479 1123 568 1158 δοχεῖα
580 1123 834 1155 κατασκευάζοντας
845 1123 913 1159 πρὸς

128 1167 178 1203 τὴν
192 1167 240 1195 τοῦ
264 1167 336 1194 θείου
361 1168 447 1204 δώρου
469 1168 612 1203 ὑποδοχὴν,
635 1169 682 1195 καὶ
697 1168 730 1195 δι’
754 1169 843 1196 αὐτῶν
865 1170 913 1204 τῆς

129 1214 265 1248 ἁχράντου
291 1214 432 1246 κοινωνίας
457 1214 651 1249 ἀξιουμένους,
681 1214 806 1249 οὐδαμῶς
830 1223 913 1249 προσ-

132 1259 229 1294 ιέμεθα
241 1267 247 1274 ’
264 1259 302 1291 ὡς
320 1259 510 1295 προτιμῶντας
522 1260 571 1296 τῆς
584 1259 631 1285 τοῦ
652 1259 721 1286 Θεοῦ
736 1259 850 1292 εἰκόνος,
864 1260 914 1295 τὴν

129 1305 234 1340 ἄψυχον
248 1305 313 1340 ὓλην
321 1306 368 1332 καὶ
379 1305 543 1340 ὑποχείριον.
556 1305 587 1332 Et
597 1305 625 1332 δέ
634 1314 675 1337 τις
687 1305 742 1340 ἁλῷ
751 1305 801 1340 τῆς
815 1305 915 1341 ἁχράν-

129 1359 178 1376 του
193 1351 335 1382 κοινωνίας
355 1351 511 1385 μεταδιδοὺς
522 1351 578 1383 τοῖς
594 1351 707 1377 τοιαῦτα
720 1350 813 1386 δοχεῖα
829 1359 914 1386 προσ-

129 1396 271 1431 φέρουσιν,
299 1395 470 1431 ἀφοριζέσθω
488 1396 536 1422 καὶ
559 1396 640 1428 αὐτὸς
657 1397 704 1423 καὶ
724 1397 739 1424 ὁ
752 1397 839 1424 ταῦτα
852 1397 913 1424 ἐπι-

130 1441 290 1475 φερόμενος.

166 1486 290 1512 ΚΕΦΑΛ.
308 1484 347 1513 E’.
355 1485 460 1519 -Πῶς
469 1486 585 1514 διδόασι
595 1487 719 1522 εἰρήνην
729 1489 756 1515 οί
764 1489 911 1522 κληρικοί.

268 1532 403 1560 Συνόδου
419 1532 594 1566 Λαοδικείας
614 1533 713 1560 κανὼν
727 1523 770 1562 ιθν.

168 1576 212 1605 ιθ’.
228 1578 295 1613 Περὶ
310 1578 355 1605 τοῦ
366 1578 421 1605 δεῖν
444 1578 498 1614 ἰδίᾳ
514 1578 633 1614 πρῶτον,
656 1580 726 1615 μετὰ
740 1580 788 1612 τὰς
808 1580 914 1616 ὁμιλίας

130 1623 186 1650 τῶν
197 1623 363 1657 ἐπισκόπων,
381 1631 408 1650 κ.
420 1632 445 1651 τ.
458 1624 483 1650 λ.

167 1670 293 1697 ΚΕΦΑΛ.
306 1669 351 1703 (τ’.
367 1684 402 1690 -
414 1669 484 1704 Περὶ
495 1670 553 1697 τῶν
569 1670 801 1706 διακρινομένων
812 1681 915 1699 κοινω-

130 1715 198 1742 νεῖν
209 1715 270 1743 ἀπὸ
282 1716 485 1750 πρεσϐυτέρου
501 1719 714 1752 γεγαμηκότος.

291 1761 426 1788 Συνόδου
438 1761 580 1797 Pan-ptio“
596 1763 696 1790 κανὼν
716 1763 747 1792 δ’.

169 1806 200 1834 δ’.
213 1807 245 1834 Et
257 1815 298 1838 τις
310 1807 473 1842 διακρίνοιτο
496 1808 571 1843 παρὰ
587 1809 771 1848 πρεσϐυτέρου
790 1818 916 1845 γεγαμη-

131 1853 221 1885 κότος,
240 1852 278 1887 μὴ
293 1852 391 1887 χρῆναι
405 1852 644 1887 λειτουργήσαντος
665 1853 746 1880 αὐτοῦ
760 1855 916 1888 προσφορᾶς

134 1898 362 1933 μεταλαμϐάνειν,
378 1897 501 1932 ἀνάθεμα
515 1897 592 1924 ἔστω.

170 1944 293 1970 ΚΕΦΔΛ.
309 1943 345 1971 Z'.
357 1959 394 1963 —
408 1943 477 1978 Περὶ
499 1943 552 1970 τοῦ
564 1943 669 1978 μόνοις
687 1943 750 1976 τοῖς
762 1944 917 1978 ιερατικοῖς

131 1989 244 2021 ἐξεῖναι
263 1989 415 2016 κοινωνεῖν
436 1990 471 2016 ἐν
485 1989 524 2022 τῷ
549 1990 761 2022 θυσιαστηρίω,
778 1990 827 2017 καὶ
851 1991 916 2024 περὶ

132 2035 188 2063 τοῦ
205 2035 247 2071 μὴ
263 2035 389 2062 εἰσιέναι
404 2035 529 2070 γυναῖκα
542 2036 585 2068 εις
601 2036 634 2062 τὸ
655 2035 880 2070 θυσιαστήριον.

248 2081 379 2108 Συνόδου
395 2081 571 2114 Λαοδικείας
587 2081 685 2108 κανὼν
698 2081 741 2115 ιϐ’,
757 2082 808 2118 ne.

173 2127 215 2155 ιθ’.
233 2127 301 2162 Περὶ
317 2127 363 2153 τοῦ
379 2127 434 2154 δεῖν
456 2128 510 2163 ἰδίᾳ
523 2127 641 2165 πρῶτον,
657 2128 727 2164 μετά
747 2128 796 2160 τὰς
809 2127 917 2164 ὁμιλίας

133 2173 370 2207 τῶν’ὲπισκόπων,
387 2182 414 2201 κ.
429 2182 454 2201 τ.
471 2173 498 2201 λ.

995 292 1039 321 58.
1057 292 1142 321 Nemo
1160 301 1269 328 eorum,
1286 295 1333 331 qui
1351 301 1415 324 sunt
1440 297 1467 324 in
1489 297 1586 325 ordine
1602 298 1743 330 laicorum,

961 337 1052 365 divina
1067 338 1119 365 sibi
1139 340 1268 374 mysteria
1296 341 1435 376 impertiat
1462 348 1595 377 przcsente
1617 344 1744 378 episcopo

961 384 1003 410 vel
1019 385 1177 420 presbytero
1192 385 1235 413 vel
1255 385 1383 415 diacono.
1411 388 1462 420 Qui
1489 394 1577 416 autem
1601 389 1654 416 tale
1680 389 1744 424 quid

961 436 1044 457 ausus
1060 430 1151 464 fuerit,
1166 436 1196 459 ut
1207 431 1305 468 praeter
1325 441 1355 461 ea
1376 442 1437 468 quae
1453 439 1517 462 sunt
1534 435 1680 462 constituta
1704 435 1745 463 fa-

962 474 1048 507 ciens.
1062 483 1114 502 una
1131 477 1282 511 septimana
1297 469 1473 513 segreéetur;
1492 484 1518 506 ct
1530 487 1562 506 ex
1573 487 1605 506 eo
1615 479 1745 507 doceatur

961 526 1017 546 non
1032 521 1149 555 amplius
1161 529 1268 556 sapere,
1285 530 1366 557 quam
1380 531 1477 558 sapere
1489 529 1604 559 oportet.

997 565 1175 601 10LCorpus
1187 568 1290 595 Christi
1315 573 1343 596 et
1369 569 1511 603 templum,
1542 570 1678 598 hominem
1711 571 1744 598 ad

962 610 1106 646 imaginem
1124 611 1170 639 Dei
1186 618 1317 647 creatum,
1333 614 1441 642 divinus
1457 623 1555 650 magna
1575 623 1641 643 voce
1651 616 1746 651 appel-

962 656 1000 684 lat
1009 656 1166 692 Apostolus.
1183 658 1296 686 Omnem
1318 667 1384 696 ergo
1411 661 1566 689 sensibilem
1589 667 1744 690 creaturam

962 709 1105 736 superans,
1117 703 1140 730 is
1156 704 1331 738 quiﬁalulari
1346 706 1474 740 passione
1488 707 1625 734 caelestem
1656 707 1745 742 dignis

962 753 1044 776 tatem
1059 753 1102 776 est
1115 755 1268 781 assecutus.
1285 751 1413 779 Christus
1427 751 1522 779 bibens
1535 753 1577 779 vel
1601 753 1745 780 comedens

962 800 1069 823 aeterna:
1082 796 1143 822 vitae
1157 798 1312 831 adaptatam
1336 798 1455 824 animam
1478 802 1506 825 et
1519 805 1618 833 corpus
1647 798 1746 826 divinae

961 841 1055 875 gratiae
1081 841 1287 876 participatione
1307 842 1492 870 sanctiﬁcans.
1516 842 1605 875 Quare
1631 843 1655 870 si
1681 844 1745 878 quis

927 883 948 910 Β
961 886 1130 914 immaculati
1154 889 1276 922 corporis
1296 888 1323 915 in
1350 889 1461 923 synaxis
1476 893 1597 923 tempore
1611 896 1671 916 esse
1682 897 1747 924 par-

962 933 1046 967 ticeps
1061 933 1184 966 voluerit,
1198 933 1278 968 ιω
1291 938 1318 960 et
1329 934 1425 961 ollerre
1435 941 1465 961 se
1474 934 1507 961 ad
1515 935 1744 967 communionem,

961 986 1059 1006 manus
1073 978 1100 1006 in
1125 979 1215 1006 crucis
1235 979 1350 1006 formam
1369 979 1488 1014 ﬁgurans
1510 980 1550 1007 sic
1576 981 1697 1013 accedat,
1719 985 1746 1007 et

962 1024 1054 1059 gratia:
1068 1024 1288 1052 communionem
1304 1025 1430 1060 accipiat.
1455 1024 1510 1052 Eos
1534 1025 1606 1052 enim
1632 1025 1678 1060 qui
1706 1033 1738 1052 ex

962 1075 1040 1100 auro,
1053 1068 1094 1095 vel
1105 1075 1136 1095 ex
1148 1069 1198 1095 alia
1212 1069 1325 1096 materia
1337 1077 1398 1104 quae
1407 1069 1466 1096 loco
1480 1077 1576 1096 manus
1589 1073 1746 1104 receptacu-

963 1113 988 1140 la
1003 1113 1122 1141 elllciunt
1133 1113 1166 1141 ad
1180 1114 1264 1141 divini
1277 1115 1400 1142 muneris
1414 1114 1626 1149 susceptionem,
1640 1119 1667 1141 et
1699 1122 1747 1149 per

963 1160 1020 1195 ipsa
1038 1160 1240 1188 immaculatum
1261 1160 1481 1188 communionem
1504 1162 1646 1196 recipiunt,
1663 1161 1747 1188 mini-

963 1214 1007 1234 me
1019 1206 1200 1239 admittimus,
1215 1211 1243 1233 ut
1254 1207 1300 1241 qui
1327 1207 1505 1234 inanimatam
1542 1207 1747 1242 subjectamque

963 1253 1104 1279 materiam
1117 1252 1162 1279 ltei
1178 1252 1289 1287 imagini
1303 1251 1462 1287 praeferant.
1480 1251 1507 1279 Si
1523 1252 1585 1287 quis
1599 1257 1687 1279 autem
1700 1252 1746 1279 dea

963 1297 1114 1332 prehensus
1129 1298 1210 1325 fuerit
1233 1298 1438 1325 immaculalam
1465 1298 1684 1325 communionem
1714 1298 1747 1325 iis

963 1342 1132 1376 impertiens,
1161 1342 1208 1376 qui
1225 1342 1358 1376 ejusmodi
1382 1341 1549 1375 receptacula
1575 1341 1700 1373 aﬂerunt,
1720 1343 1747 1366 rt

963 1385 1022 1422 ipse
1031 1391 1197 1421 sem-egetur.
1206 1391 1240 1418 ‘et
1254 1386 1276 1413 is
1285 1387 1331 1421 qui
1347 1386 1434 1413 ali‘ert.

995 1487 1072 1515 CAP.
1089 1485 1294 1518 V.—Quomoda
1307 1485 1396 1512 clerici
1410 1489 1435 1511 et
1452 1484 1513 1511 laici
1528 1492 1619 1519 pacem
1638 1483 1710 1511 dent.

1140 1532 1250 1560 Concilii
1265 1532 1408 1559 Laudiceni
1427 1539 1512 1558 canon
1529 1531 1571 1558 l9.

1001 1579 1044 1606 l9.
1061 1578 1191 1613 Oportere
1203 1586 1327 1606 seorsum
1340 1577 1469 1613 primum.
1483 1582 1544 1612 post
1558 1576 1746 1612 episcoporum

965 1633 1115 1656 sermones.
1128 1630 1193 1657 etc.,
1209 1630 1236 1651 ιιι
1255 1633 1316 1659 pag.
1329 1624 1390 1651 587.

1001 1671 1076 1699 CAP.
1093 1671 1178 1699 VL—
1194 1671 1230 1698 De
1246 1671 1279 1698 iis
1300 1678 1358 1705 quia
1374 1670 1553 1704 indi/rarenter
1567 1678 1584 1696 α
1599 1669 1747 1705 presbytero

965 1718 1105 1753 conjugato
1122 1717 1328 1744 communionem
1345 1724 1396 1743 non
1411 1716 1554 1750 accipiunt.

1141 1762 1253 1790 Concilii
1272 1762 1431 1797 Gangrenris
1445 1770 1528 1789 canori
1544 1761 1571 1789 4.

1001 1810 1028 1838 4.
1044 1810 1072 1837 Si
1087 1809 1151 1845 quis
1167 1809 1199 1836 dc
1215 1809 1374 1844 presbytero
1395 1808 1442 1842 qui
1457 1815 1570 1835 uxorem
1584 1807 1671 1838 duxit,
1683 1814 1749 1834 con-

967 1856 1069 1888 tendat,
1083 1863 1136 1882 non
1156 1860 1281 1889 oportere
1306 1861 1339 1881 co
1359 1860 1437 1881 sacra
1452 1852 1605 1880 celebrante
1618 1851 1748 1879 oblationi

967 1901 1179 1933 communicare,
1195 1901 1230 1928 sit
1246 1900 1401 1927 anathema.

1001 1944 1077 1971 CAP.
1098 1944 1153 1972 VII.
1172 1959 1204 1965 —
1230 1944 1306 1976 Quod
1332 1943 1432 1970 ordinis
1456 1947 1559 1969 tantum
1578 1940 1749 1969 sacerdotali:

966 1990 1029 2016 viris
1040 1990 1233 2016 communicare
1245 1989 1322 2015 liceat
1336 1991 1363 2016 in
1386 1988 1479 2020 altari,
1495 1992 1519 2015 et
1532 1987 1600 2023 quod
1617 1987 1681 2014 illuc
1692 1994 1750 2013 mu-

966 2036 1026 2062 lieri
1041 2036 1141 2070 ingredi
1159 2043 1209 2062 non
1221 2035 1309 2062 liceat.

1089 2081 1201 2108 Conrilii
1220 2080 1361 2107 Laodiceni
1375 2088 1487 2107 canones
1511 2079 1556 2112 19,
1580 2079 1625 2106 Η.

1005 2126 1047 2154 l9.
1065 2125 1194 2162 Oportere
1209 2134 1330 2153 seorsum
1345 2127 1472 2160 primum,
1487 2129 1548 2160 post
1558 2124 1747 2160 episcoporum

968 2179 1118 2203 sermones,
1131 2177 1193 2204 εις..
1212 2177 1239 2198 ut
1259 2180 1319 2207 pag.
1338 2172 1399 2199 587.

172 2219 225 2254 μδ¹.
242 2219 303 2246 Ὀτι
319 2219 349 2246 οὐ
369 2219 409 2246 δεῖ
423 2221 555 2254 γυναῖκας
570 2220 599 2247 ὲν
611 2219 650 2256 τῷ
665 2219 847 2256 θυσιαστηρίῳ
863 2220 914 2246 εισ-

1006 2217 1051 2244 44.
1067 2217 1143 2250 Quod
1159 2225 1213 2244 non
1237 2223 1344 2252 oportet
1369 2216 1510 2244 mulierem
1539 2216 1573 2243 ad
1598 2216 1683 2243 altare
1708 2215 1750 2242 in-

135 2264 275 2300 έρχεσυαι.

187 2310 323 2338 Συνόδου
337 2310 546 2346 οικουμενικῆς
560 2310 650 2344 ἕκτης
662 2309 762 2338 κανὼν
776 2311 825 2345 ξθ’,
834 2315 866 2339 o’.

173 2355 220 2388 ξθ¹.
236 2356 281 2392 Μὴ
294 2356 394 2389 ἐξέστω
414 2357 468 2383 τινὶ
482 2356 535 2383 τῶν
551 2356 677 2384 ἁπάντων
696 2359 724 2383 ἐν
746 2357 850 2389 λαῖκοῖς
875 2365 919 2384 τε-

134 2401 236 2434 λοῦντι,
249 2401 321 2428 ἔνδον
338 2401 411 2436 ἱεροῦ
426 2402 538 2428 εἰσιέναι
561 2401 767 2438 θυσιαστηρίου·
787 2403 919 2439 μηδαμῶς

135 2447 184 2472 ἐπὶ
195 2446 274 2472 τοῦτο
287 2447 337 2481 τῆς
350 2446 492 2481 βασιλικῆς
509 2447 670 2482 εἰργομένης
682 2447 805 2480 ἔξουσίας
816 2449 862 2474 καὶ
871 2449 919 2475 αὑ-

136 2491 254 2523 θεντίας,
276 2492 357 2527 ἡνίκα
379 2491 402 2518 δ’
427 2491 460 2519 ἂν
473 2492 615 2527 βουληθείη
633 2492 707 2527 δῶρα
729 2493 862 2528 προσάξαι
880 2492 918 2528 τῷ

135 2536 281 2568 πλάσαντι,
296 2536 367 2563 κατά
380 2545 441 2564 τινα
455 2537 637 2573 ἀρχαιοτάτην
652 2538 811 2573 παράδοσιν.

173 2582 205 2611 o'.
213 2583 258 2618 Μὴ
268 2583 368 2614 ἐξέστω
375 2584 434 2614 ταῖς
445 2584 567 2618 γυναιξὶν
578 2585 605 2610 ἐν
616 2583 704 2619 καιρῷ
717 2584 764 2619 τῆς
780 2583 855 2616 θείας
862 2583 918 2611 λει-

134 2638 184 2656 του
188 2630 266 2663 ργίας
274 2629 372 2661 λαλεῖν,
382 2629 448 2656 ἀλλὰ
458 2629 527 2656 κατὰ
535 2630 584 2664 τὴν
592 2630 683 2665 φωνὴν
694 2629 799 2657 Παύλου
807 2631 852 2656 τοῦ
859 2630 924 2656 ἀπο.

137 2675 234 2702 στόλου
244 2675 426 2710 Σιγάτωσαν.
439 2676 480 2702 οὺ
487 2675 540 2709 γὰρ
549 2675 755 2709 ἐπιτέτραπται
763 2676 924 2708 afﬂuit-Ju—

135 2721 214 2754 πεῖν,
225 2722 294 2748 ἀλλ’
302 2721 529 2754 ὑποτάττεσθαι,
538 2721 635 2754 καθὼς
645 2721 692 2748 καὶ
704 2724 721 2748 ό
728 2722 819 2756 νόμος
830 2723 923 2757 λέγει·

139 2767 219 2801 Πρὸς
231 2767 286 2793 τὸν
307 2766 401 2801 ἄνδρα
423 2774 482 2794 σου
506 2767 570 2802 γὰρ,
591 2767 698 2801 φησιν,
714 2767 734 2801 ἡ
747 2763 923 2802 ἀποστροφή

988 2263 1056 2291 redi.

969 2272 1056 2299 great.

1059 2310 1172 2338 Concilii
1190 2310 1338 2337 tecumcnici
1355 2309 1421 2336 sexti
1436 2315 1546 2335 canones
1560 2307 1605 2341 69,
1619 2307 1664 2334 70.

1004 2355 1050 2384 69.
1073 2356 1144 2383 Nulli
1170 2356 1291 2383 omnium
1325 2356 1414 2387 liceat,
1445 2354 1492 2389 qui
1520 2354 1630 2388 quidem
1661 2353 1696 2380 sit
1723 2353 1750 2381 in

973 2402 1106 2429 laicorum
1134 2409 1256 2433 numero,
1284 2400 1361 2436 14],
1381 2401 1451 2427 intra
1468 2405 1542 2435 septa
1563 2399 1632 2427 sacri
1659 2399 1752 2427 altaris

973 2448 1088 2483 ingredi,
1101 2455 1271 2482 nequaquam
1284 2452 1373 2474 tamen
1383 2447 1417 2474 ab
1431 2453 1464 2473 eo
1475 2446 1608 2480 prohibita
1620 2450 1752 2481 potestate
1804 2456 1809 2459 ί

972 2498 999 2521 et
1027 2494 1187 2521 auctoritate
1215 2492 1359 2527 nnpcriali,
1392 2491 1610 2526 quandoquidem
1635 2490 1753 2518 voluerit

972 2540 1092 2568 Creatori
1112 2539 1182 2566 dona
1197 2538 1345 2571 ollcrre,ex
1355 2537 1545 2572 antiquissima
1557 2536 1711 2564 traditione.

1007 2585 1049 2613 70.
1070 2585 1108 2612 Ne
1126 2585 1205 2612 liccat
1218 2584 1376 2611 mulieribus
1389 2583 1416 2610 in
1437 2583 1522 2610 divini
1541 2582 1668 2610 sacriﬁcii
1681 2586 1751 2609 tem-

971 2639 1037 2666 pore
1052 2630 1136 2665 loqui,
1153 2631 1200 2658 sed
1216 2634 1246 2656 ut
1257 2637 1309 2657 vox
1322 2634 1365 2658 est
1380 2630 1494 2664 apostoli
1519 2629 1605 2661 l’auli,
1631 2627 1752 2659 Sileant;

972 2685 1023 2704 non
1045 2677 1113 2703 enim
1134 2677 1171 2703 eis
1187 2676 1258 2710 loqui
1275 2676 1432 2710 permissum
1455 2679 1505 2707 ut,
1527 2676 1571 2700 ml
1594 2672 1699 2707 subjici,
1714 2672 1753 2698 si-

972 2727 1016 2749 cut
1034 2722 1101 2749 dixit
1125 2722 1165 2749 lca:
1177 2721 1211 2748 ".
1228 2721 1256 2749 Si
1271 2722 1332 2755 quid
1351 2725 1438 2748 autent
1456 2720 1544 2747 volunt
1560 2720 1667 2750 discere,
1683 2718 1753 2744 domi

974 2768 1095 2802 proprios
1110 2768 1220 2794 maritat
1234 2767 1393 2802 interrogent
1408 2766 1443 2793 “.

137 2821 210 2846 σου,
225 2812 276 2840 καὶ
292 2813 384 2845 αὑτός
397 2820 456 2840 σου
474 2813 634 2846 κυριεύσει.
646 2813 682 2840 ΕΖ
696 2821 723 2839 τι
738 2813 771 2839 δὲ
781 2814 886 2848 μαθεῖν
903 2814 1056 2847 θέλουσιν,
1065 2814 1099 2841 ὲν
1111 2814 1182 2846 οἴκῳ
1195 2813 1264 2847 τοὺς
1277 2813 1371 2847 ιδιόυς
1389 2812 1500 2847 ἄνδρας
1511 2809 1752 2846 ἐπερωτάτωσαν.

186 2861 209 2877 ⁸³
223 2860 291 2888 Cen.
307 2861 408 2894 "1.16.
455 2859 498 2887 “l
514 2860 576 2888 Cor.
590 2867 644 2892 xiv,
660 2860 704 2895 54,
719 2860 764 2887 55.
