1959 3061
187 144 242 176 603

767 144 899 176 ΡΗΟΤῙΙ
917 144 1170 176 PATBIARCH/E
1184 145 1241 176 (ΞΡ.

1779 146 1832 182 804

221 199 300 228 CAP.
319 199 388 228 Ylll.
404 214 440 220 —
454 200 632 233 Quandonam
647 201 761 236 offerant
782 202 895 237 dentque
909 210 983 229 com-

1072 202 1201 229 ΚΕΦΔΛ.
1214 198 1256 229 H'.
1273 215 1309 223 —
1331 201 1406 229 Πότε
1421 203 1631 239 προσφέρουσι
1647 202 1698 232 και
1711 204 1833 234 διδόασι

187 247 338 274 munionem
352 247 543 282 cltorepiscopi.

325 302 440 330 Concilii
454 303 680 331 Neacwsariensis
699 310 786 330 canon
802 303 845 330 15.

224 357 268 383 l3.
290 355 385 384 Vicani
402 363 493 384 autem
507 357 668 393 presbyteri,
687 361 752 389 elc.,
767 362 796 383 ut
808 364 870 391 pag.
884 355 948 383 551.

225 402 304 430 CAP.
323 401 542 431 lX.—Diacanus
557 411 639 439 neque
653 403 762 439 offerat,
780 410 862 438 neque
879 402 988 437 presby-

192 453 248 475 tero
265 448 310 476 det
325 449 547 476 communionem.

392 496 503 525 Coucilii
520 497 625 525 Nieaam'
640 506 727 525 canon
749 497 792 527 18.

229 544 272 571 l8.
286 543 412 572 Pervenit
424 544 458 571 ad
473 549 595 572 sanctam
607 545 716 580 synod.,
727 549 793 577 etc..
808 549 838 572 ut
851 553 912 580 pag.
922 544 987 574 595.

230 589 309 625 142
323 589 401 618 CAP.
416 589 450 617 X.
463 605 499 611 ——
513 590 551 617 De
566 591 661 617 vestitu
689 595 714 618 et
738 590 822 626 ofﬁcio
846 590 986 623 lectorum,

193 637 343 670 manarum
356 641 381 663 et
394 637 577 664 miniurorum
588 645 598 670 ;
613 641 637 664 et
652 637 722 672 quod
733 637 855 665 minister
867 645 913 664 nec
924 637 988 672 pani

195 692 241 710 nec
250 683 334 720 taliet
347 683 498 710 benedicere
512 687 601 718 queat.

230 729 344 758 Concilii
364 729 506 757 Laodiceni
523 737 637 756 canones
649 728 696 762 ⁸21,
713 727 759 761 22,
782 729 829 763 ‘25,
845 729 892 762 25.
906 729 952 758 45.

230 775 275 802 2|.
292 775 370 808 Quod
387 783 441 802 non
455 779 564 808 oportet
581 774 723 807 ministros
738 775 829 802 locum
846 775 947 804 habere
961 777 990 804 in

196 821 323 849 diaconis
339 826 366 849 et
381 830 459 849 sacra
478 829 544 853 vasa
558 825 679 854 tangere.

232 867 278 895 22.
294 867 372 901 Quod
389 876 442 895 non
460 871 568 903 oportet
581 867 738 895 ministrum
753 866 827 895 ferre
838 867 990 902 horarium,
1004 873 1029 903 Β

202 919 292 946 neque
311 911 384 939 fores
398 912 565 947 relinquere.

234 959 280 987 23.
296 959 375 992 Quod
391 967 445 987 non
459 963 568 994 oportet
582 959 700 988 lectores
720 959 763 988 vel
779 965 908 990 cantores
920 961 994 990 ferre

199 1004 338 1031 horarium
351 1003 427 1031 etsic
443 1003 531 1039 legere
542 1003 585 1030 vel
597 1011 707 1032 canere.

232 1049 279 1076 ‘35.
296 1048 374 1082 Quod
390 1056 444 1076 non
460 1053 569 1084 oportet
583 1048 726 1078 ministros
739 1057 838 1085 panem
853 1051 930 1085 dare,
950 1051 995 1078 vel

198 1094 312 1121 calicem
332 1094 505 1122 benedicere.

237 1141 282 1167 t3.
298 1140 376 1173 Quod
393 1148 447 1167 non
466 1144 575 1175 oportet
590 1141 732 1170 ministros
753 1142 795 1170 vel
822 1142 897 1170 brevi
923 1147 995 1171 tem-

200 1194 268 1221 pore
281 1186 354 1214 fores
366 1186 521 1221 relinquere
535 1193 561 1214 et
573 1188 693 1215 orationi
710 1195 818 1216 vacare.

348 1232 463 1260 Concilii
483 1233 636 1260 weumem'ci
658 1241 684 1261 vr
702 1242 788 1261 canon
800 1234 847 1261 27.

232 1279 282 1307 2'1.
299 1278 398 1306 Nullus
413 1287 508 1307 eorum
523 1300 531 1312 ,
546 1280 593 1314 qui
612 1281 639 1307 in
655 1280 721 1308 cleri
738 1281 892 1316 catalogum
917 1281 995 1308 relati

202 1329 278 1358 sunt,
293 1329 396 1352 vestem
411 1324 465 1352 sibi
483 1332 539 1352 non
553 1327 764 1353 convenientem
782 1327 888 1358 induat,
908 1334 997 1362 neque

205 1373 231 1398 in
243 1371 354 1398 civitate
367 1371 480 1406 degens,
500 1379 588 1406 neque
600 1372 654 1399 iter
668 1372 827 1407 ingrediens
843 1382 850 1400 :
867 1373 916 1401 sed
934 1378 996 1400 uta-

201 1421 249 1444 tur
264 1417 398 1450 vestibus,
420 1426 481 1453 qua:
497 1417 542 1450 iis,
562 1418 610 1453 qui
638 1418 665 1445 in
685 1419 789 1446 clerum
820 1419 897 1446 relati
920 1424 996 1451 sunt,

203 1462 342 1490 attributae
354 1463 440 1491 fuere.
455 1463 482 1490 Si
495 1464 559 1499 quis
571 1468 665 1492 autem
679 1464 734 1492 tale
744 1464 811 1500 quid
823 1463 930 1499 fecerit,
941 1472 995 1492 una

204 1507 358 1543 septimana
374 1513 542 1542 segregetnr.

382 1553 498 1582 Concilii
515 1553 623 1581 Niewni
636 1562 655 1581 ll
676 1563 761 1582 canon
776 1555 818 1582 l6.

241 1595 318 1629 Quod
333 1597 372 1624 vir
385 1597 581 1625 ecclesiasticus
598 1604 681 1625 vestes
698 1599 829 1634 pretiosas
851 1606 902 1626 non
921 1598 996 1627 debet

204 1639 323 1666 induere.

243 1684 288 1712 ίϐ.
306 1684 402 1712 Omnis
416 1684 498 1712 luxus
516 1689 542 1712 et
560 1689 675 1712 ornatus
691 1692 841 1720 corporeus
855 1690 897 1713 est
921 1693 937 1714 a
953 1693 999 1714 sa-

206 1730 338 1758 cerdotali
365 1734 438 1757 statu
466 1731 584 1758 alienus.
612 1730 762 1766 Episcopos
772 1738 838 1766 ergo
861 1731 903 1759 vel
917 1732 999 1761 cleri-

207 1783 268 1808 cos,
281 1775 327 1810 qui
340 1783 370 1803 se
389 1776 541 1810 splendidis
557 1781 584 1803 et
600 1776 752 1811 insignibus
779 1778 901 1806 vestibus
919 1786 1001 1806 exor-

209 1827 286 1854 nant,
312 1829 342 1849 se
365 1822 503 1857 corrigere
525 1827 634 1856 oportet
660 1831 668 1849 :
693 1823 819 1851 similiter
833 1830 861 1852 et
891 1831 939 1852 eos
952 1825 1001 1859 qui

209 1873 274 1895 sunt
288 1868 434 1903 unguentis
448 1868 526 1904 143
538 1868 663 1896 delibuti.
681 1869 817 1903 Quoniam
843 1874 935 1898 autem
953 1878 1001 1898 ra-

209 1915 254 1942 tlix
271 1914 427 1942 acerbitatis
441 1922 552 1942 sursum
568 1915 718 1950 pullulans,
731 1915 782 1943 iuit
796 1920 897 1944 nostra:
908 1916 1002 1944 Eccle-

210 1961 258 1988 site
273 1961 522 1995 inquinamentum,
543 1960 715 1989 Christianos
741 1962 846 1989 scilicet
867 1970 1002 1991 accusan-

210 2007 279 2034 tium
312 2007 436 2040 hteresis,
463 2011 491 2034 et
520 2007 568 2042 qui
593 2015 625 2034 ea
638 2012 819 2043 susceperunt
840 2015 893 2036 non
911 2009 1001 2036 solum

210 2053 361 2089 imaginum
377 2053 499 2088 picluras
513 2053 632 2081 aversati
648 2058 722 2086 sunt,
737 2054 784 2082 sed
795 2062 906 2082 omnem
919 2055 1002 2083 etiam

210 2097 338 2134 pietatem
359 2106 392 2125 ac
407 2098 565 2134 religionem
579 2103 768 2132 extruserunt.
785 2100 811 2127 in
829 2107 878 2128 eos
896 2102 943 2136 qui
958 2101 1003 2136 pie

210 2150 237 2171 ιιι
258 2144 374 2172 honeste
401 2145 497 2173 vivunt
513 2145 692 2180 invehentes;
710 2151 737 2174 et
758 2146 786 2174 in
801 2147 842 2175 eis
859 2147 1003 2182 impletum

210 2190 264 2218 fuit
287 2191 360 2226 quod
383 2191 517 2226 scriptum
545 2196 609 2220 est:
626 2191 781 2220 Eueeratio
807 2194 939 2228 peccatori
953 2193 1004 2221 Dei

209 2236 318 2264 cultura
336 2237 370 2264 “.
397 2236 425 2264 Si
451 2237 554 2265 inventi
579 2238 671 2273 itaque
690 2237 796 2266 iuerint
815 2239 940 2266 nonnulli
955 2247 1004 2268 eos

212 2283 368 2315 irridentes,
384 2284 432 2319 qui
452 2285 533 2312 vilem
548 2289 576 2312 et
594 2285 748 2313 modestum
763 2285 896 2313 amictum
915 2286 1004 2314 induti

212 2334 288 2361 sunt,
321 2337 404 2364 paena
436 2331 620 2366 corrigantur.
647 2331 670 2357 A
705 2331 895 2366 superioribus
928 2332 1002 2359 enim

212 2383 300 2410 usque
312 2376 482 2410 temporibus
505 2377 595 2404 omnis
607 2377 647 2404 vir
663 2378 844 2406 sacerdotalis
859 2385 922 2405 cum
945 2386 1004 2405 mo-

213 2421 308 2448 derato
319 2426 347 2449 et
359 2421 475 2449 honesto
486 2422 647 2450 indumento
675 2424 849 2451 versabatur.
862 2423 1003 2459 Quidquid

209 2467 285 2495 enim
309 2475 363 2494 non
384 2473 495 2503 propter
518 2476 611 2502 usum,
632 2469 681 2496 sed
693 2469 903 2497 ostentatorium
921 2476 1004 2496 orna-

212 2518 271 2540 tum
281 2513 441 2546 assumitur,
453 2513 479 2541 in
489 2514 617 2549 nequitia:
625 2515 864 2550 reprehensionem
876 2514 1003 2548 incurrit,

213 2563 244 2585 ut
259 2558 297 2585 ait
309 2566 424 2594 magnus
436 2558 564 2588 Basilius.
581 2559 634 2587 Sed
651 2567 702 2588 nec
716 2568 749 2588 ex
762 2561 873 2589 sericeis
884 2552 1001 2588 texturis

217 2604 351 2633 variatum
371 2605 433 2640 quis
444 2606 639 2634 vestimentum
658 2606 785 2640 habebat,
800 2615 889 2642 neque
917 2607 946 2635 in
958 2615 1006 2635 ex-

214 2651 312 2679 tremis
328 2651 500 2680 vestimentis
517 2652 622 2687 adjecla
637 2657 715 2680 erant
735 2653 815 2680 alieni
831 2653 932 2681 coloris
955 2653 1004 2681 ad-

214 2701 378 2732 ;utameuta.
394 2696 433 2724 Ex
450 2697 542 2724 divina
557 2698 630 2725 enim
650 2698 741 2733 lingua
763 2698 920 2733 audierunt,
933 2698 1007 2735 quod

214 2749 263 2776 qui
280 2742 371 2770 mollia
384 2741 476 2770 ferunt
486 2747 551 2771 sunt
566 2743 594 2770 in
609 2743 714 2771 aedibus
733 2751 828 2779 regum
851 2743 885 2771 “.

253 2853 276 2869 ⁸-⁵
291 2852 373 2880 Eccli.
386 2861 405 2886 ι,
418 2853 463 2881 39.
505 2852 633 2881 “Matth.
651 2861 678 2887 ι,
697 2853 721 2880 7.

1038 247 1202 274 κοινωνίαν
1215 248 1243 274 οί
1256 246 1488 281 χωρεπίσκοποι.

1157 303 1293 331 Συνόδου
1307 304 1543 340 Νεοκαισαρείας
1558 306 1660 334 κανὼν
1673 310 1719 342 ιγ’.

1074 359 1120 394 ιγ’.
1141 359 1299 396 Ἐπιχώριοι
1314 360 1505 396 πρεσϐύτεροι,
1523 371 1551 390 κ.
1563 371 1589 390 τ.
1602 364 1628 392 λ.

1076 405 1202 433 ΚΕΦΛΛ.
1217 405 1256 432 Θθ.
1269 419 1306 426 -
1316 406 1385 440 Περὶ
1402 407 1457 434 τοῦ
1474 407 1517 442 μὴ
1535 409 1719 444 προσφέρειν
1735 411 1836 439 διάκο-

1039 460 1106 484 νον,
1117 450 1194 487 μήτε
1205 450 1320 478 διδόναι
1331 452 1523 487 πρεσϐυτέρῳ
1539 456 1710 484 κοινωνίαν.

1211 497 1348 524 Συνόδου
1362 497 1490 531 Νικαίας
1503 499 1605 527 κανὼν
1621 503 1666 534 ιη’.

1072 545 1117 578 ιη’.
1125 540 1228 570 Ἦλθεν
1235 543 1275 575 είς
1285 542 1334 578 τὴν
1340 543 1474 578 ἁγίανκαὶ
1484 544 1606 581 μεγάλην
1617 546 1834 580 σύνοδον,κ.τ.λ.

1075 589 1202 617 ΚΕΦΔΛ.
1220 588 1252 617 ι’.
1272 605 1308 610 —-
1322 589 1391 624 Περὶ
1419 591 1565 626 φορεσίας
1591 592 1641 618 καὶ
1670 593 1837 628 ὑπουργίας

1040 635 1256 671 ἀναγνωστῶν,
1275 635 1410 670 ψαλτῶν,
1425 636 1477 664 καὶ
1493 637 1660 672 ὑπηρετῶν,
1678 639 1727 666 καὶ
1740 639 1785 666 ὅτι
1799 640 1836 666 οὑ

1039 681 1087 708 δεῖ
1094 680 1250 716 ὑπηρέτην
1264 681 1355 716 ἄρτον
1370 681 1486 709 διδόναι
1496 682 1516 717 ἢ
1531 683 1676 718 ποτήριον
1687 684 1836 719 εὐλογεῖν.

1039 727 1175 755 Συνόδου
1190 726 1365 760 Λαοδικείας
1380 727 1481 754 κανὼν
1495 731 1548 761 ua’,
1569 728 1622 763 κβ¹,
1640 727 1695 763 κγ’,
1711 728 1762 763 κε’,
1780 733 1836 764 μγ’.

1070 772 1125 801 κα¹.
1155 773 1219 800 Ὀτι
1238 772 1270 799 οὐ
1289 772 1330 800 δεῖ
1346 773 1486 809 ὑπηρέτας
1501 773 1574 810 ἔχειν
1589 775 1618 802 ὲν
1631 775 1838 811 τῷδιακονικῷ,

1039 819 1088 847 καὶ
1107 818 1242 847 ἅπτεσθαι
1259 819 1434 846 Δεσποτικῶν
1448 820 1566 848 σκευῶν.

1077 864 1195 901 κβ¹.”οτι
1208 864 1239 892 οὐ
1258 865 1299 892 δεῖ
1312 865 1452 902 ὑπηρέτην
1468 866 1587 902 ὡράριον
1601 866 1774 903 φορεῖν,οὑδὲ
1787 867 1840 899 τὰς

1044 912 1130 947 θύρας
1144 911 1408 947 ἐγκαταλιμπάνειν.

1079 957 1132 992 κγ’.
1144 958 1206 984 ὀτι
1219 957 1249 984 οὐ
1261 957 1302 984 δεῖ
1314 957 1518 994 ἀναγνώσταςῆ
1530 958 1640 993 ’ψάλτας
1653 958 1773 996 ὡράριον
1788 967 1840 994 φοι

1044 1005 1114 1040 ρεῖν,
1131 1004 1180 1031 καὶ
1194 1003 1282 1036 οὕτως
1294 1003 1492 1038 ἀναγινώσκειν
1506 1004 1523 1038 ἢ
1537 1004 1661 1040 ψάλλειν.

1080 1049 1132 1078 κε’.
1153 1051 1216 1077 Ὀτι
1230 1050 1261 1077 οὐ
1278 1050 1319 1077 δεῖ
1329 1050 1471 1086 ὑπηρέτας
1486 1051 1569 1087 ἄρτον
1581 1051 1694 1085 διδόναι,
1706 1051 1768 1079 οὐδὲ
1785 1060 1835 1079 πο-

1044 1097 1139 1133 τήριον
1153 1096 1285 1130 εὐλογεῖν.

1083 1140 1140 1178 pf.
1161 1142 1223 1168 Ὀτι
1238 1141 1269 1168 οὐ
1291 1141 1332 1168 δεῖ
1348 1141 1500 1176 ὑπηρέτας.
1516 1141 1568 1169 κᾶν
1582 1141 1683 1178 βραχὺ,
1694 1143 1744 1176 τὰς
1755 1142 1842 1180 θύρας

1046 1186 1269 1223 ἐγκαταλείπειν,
1286 1187 1333 1214 καὶ
1349 1188 1382 1222 τῇ
1397 1187 1464 1223 εὐχῇ
1479 1187 1631 1222 σχολάζειν.

1118 1233 1255 1261 Συνόδου
1270 1232 1482 1269 οικουμενικῆς
1493 1233 1584 1268 ἕκτης
1596 1234 1699 1262 κανὼν
1715 1235 1768 1268 κζ’.

1081 1277 1132 1311 κζ’.
1142 1278 1245 1313 Μηδεὶς
1253 1277 1307 1304 τῶν
1318 1278 1347 1304 ὲν
1359 1277 1454 1313 κλήρῳ
1464 1277 1699 1314 καταλεγομένων,
1707 1279 1841 1306 ἀνοίκειον

1047 1323 1149 1359 ἐσθῆτα
1171 1321 1378 1358 ἀμφιεννύσθω,
1410 1322 1480 1358 μήτε
1502 1322 1532 1350 ἐν
1547 1323 1624 1350 πόλει
1641 1323 1754 1358 διάγων,
1772 1326 1842 1360 μήτε

1048 1368 1077 1394 ἑν
1089 1367 1141 1403 ὀδῷ
1167 1367 1283 1401 βαδίζων
1298 1374 1305 1382 ·
1329 1366 1399 1394 ἀλλὰ
1419 1367 1529 1400 στολαῖς
1554 1369 1700 1404 κεχρῆσθω
1713 1371 1774 1402 ταῖς
1789 1370 1842 1406 ἠδη

1045 1415 1103 1446 τοῖς
1119 1414 1149 1440 ἐν
1170 1414 1264 1449 κλήρῳ
1289 1413 1520 1449 καταλεγομένοις
1544 1414 1776 1450 ἀπονεμηθείσαις
1792 1423 1800 1431 ·
1817 1417 1843 1442 εί

1046 1460 1076 1487 δέ
1098 1468 1141 1487 τις
1155 1458 1334 1495 διαπράξοιτό
1346 1467 1373 1486 τι
1396 1459 1530 1494 τοιοῦτον,
1549 1460 1596 1487 ἐπὶ
1611 1461 1750 1496 ἑϐδομάδα
1775 1461 1843 1497 μίαν

1047 1504 1229 1540 ἁφοριζέσθω.

1113 1548 1249 1576 Συνόδου
1264 1549 1389 1583 Νικαίας
1401 1549 1435 1576 τὸ
1450 1549 1601 1584 δεύτερον,
1617 1550 1718 1578 κανὼν
1729 1553 1778 1583 ις’.

1087 1593 1153 1620 Ὀτι
1170 1594 1207 1620 οὺ
1227 1593 1276 1621 δεῖ
1288 1594 1436 1629 ίερατικὸν
1449 1594 1546 1630 ἄνδρα
1562 1596 1661 1631 ἱμάτια
1683 1596 1838 1632 πολυτελῆ

1047 1638 1281 1674 ἀμφιέννυσθαι.
1493 1655 1503 1662 -

1085 1684 1134 1718 ις’.
1149 1685 1228 1712 Πᾶσα
1246 1685 1359 1721 βλακεία
1373 1686 1421 1713 καὶ
1436 1687 1572 1722 κόσμησις
1595 1688 1750 1724 σωματικὴ,
1764 1689 1846 1716 ἀλλό-

1049 1731 1114 1767 τριά
1126 1732 1179 1758 είσι
1196 1732 1247 1767 τῆς
1261 1731 1402 1768 ἱερατικῆς
1415 1733 1608 1766 καταστάσεώς
1624 1742 1655 1760 τε
1671 1735 1719 1761 καὶ
1729 1735 1844 1768 τάξεως.

1050 1776 1120 1808 Τοὺς
1134 1775 1181 1803 οὖν
1194 1777 1307 1809 ἑαυτοὺς
1334 1777 1505 1811 κοσμοῦντας
1526 1778 1695 1811 ἐπισκόπους
1716 1779 1732 1815 ἢ
1747 1780 1845 1815 κληρι-

1051 1823 1126 1854 κοὺς,
1138 1821 1172 1848 δι’
1187 1822 1309 1857 ἐσθήτων
1323 1822 1459 1858 λαμπρων
1477 1824 1525 1850 καὶ
1544 1825 1716 1859 περιφανῶν,
1732 1825 1846 1858 τούτους

1049 1866 1221 1903 διορθοῦσθαι
1235 1868 1288 1903 χρή
1302 1876 1309 1883 ·
1323 1869 1348 1895 ει
1370 1868 1400 1894 δὲ
1420 1868 1588 1904 ὲπιμένοιεν,
1601 1869 1734 1906 ἐπιτιμίῳ
1753 1879 1847 1906 παρα-

1050 1913 1170 1940 δίδοσθαι
1187 1921 1196 1930 ο
1210 1913 1343 1946 ὡσαύτως
1359 1914 1408 1941 καὶ
1422 1915 1486 1946 τοὺς
1510 1915 1546 1942 τὰ
1575 1915 1650 1951 μύρα
1672 1917 1845 1952 χριομένους.

1058 1959 1167 1995 Ἐπειδὴ
1181 1958 1210 1985 δὲ
1234 1959 1297 1994 ῥίζα
1326 1960 1440 1994 πικρίας
1457 1960 1514 1987 ἄνω
1531 1960 1647 1994 φύουσα.
1676 1962 1785 1997 μίασμα
1799 1963 1848 1996 γέ-

1051 2013 1114 2040 γονε
1128 2006 1162 2040 τῇ
1179 2004 1312 2040 καθολικῇ
1328 2005 1486 2041 Ἐκκλησία.
1505 2007 1522 2042 ή
1544 2007 1599 2033 τῶν
1628 2007 1848 2042 Χριστιανοκατ-

1052 2051 1163 2087 ηγόρων
1182 2050 1300 2087 αἵρεσις,
1317 2052 1364 2078 καὶ
1379 2051 1404 2078 οἱ
1419 2051 1522 2087 ταύτην
1547 2052 1689 2087 δεξάμενοι
1715 2054 1746 2080 οὐ
1766 2054 1848 2089 μόνον

1052 2097 1103 2129 τὰς
1132 2096 1271 2128 είκονικὰς
1284 2095 1532 2133 ἀναζωγραφήσεις
1558 2098 1748 2132 ὲὸδελύξαντο,
1778 2099 1849 2127 ἀλλὰ

1054 2141 1102 2169 καὶ
1120 2143 1212 2169 πᾶσαν
1237 2141 1383 2177 εὐλάῦεεαν
1410 2142 1567 2175 ἀπώσαντο,
1593 2144 1649 2175 τοῖς
1671 2143 1778 2178 σεμνῶς
1792 2144 1849 2171 ’καὶ

1054 2187 1175 2220 εὐσεϐῶς
1200 2187 1290 2223 βιοῦσι
1317 2188 1544 2224 προσοχθίζοντες
1561 2197 1569 2205 ⁸
1588 2190 1637 2216 καὶ
1665 2189 1850 2225 πεπλήρωται

1019 2229 1041 2257 Ι)
1055 2234 1099 2261 ἐπ’
1113 2234 1205 2265 αὐτοῖς
1218 2233 1249 2260 τὺ
1259 2233 1465 2269 γεγραμμένον,
1497 2233 1657 2270 Βδέλυγμα
1680 2235 1847 2270 ἁμαρτωλῷ

1056 2280 1225 2309 θεοσέϐειαι
1242 2280 1266 2306 εί
1287 2279 1420 2315 εὑρεθῶσι
1438 2279 1530 2307 τοίνυν
1545 2280 1714 2315 ἐγγελῶντες
1726 2282 1784 2313 τοῖς
1799 2281 1851 2316 τὴν

1055 2326 1153 2361 εὐτελῆ
1167 2325 1214 2353 καὶ
1228 2325 1330 2361 σεμνὴν
1345 2325 1483 2360 ἁμφίασιν
1508 2326 1724 2361 περικειμένοις,
1738 2325 1772 2354 δι’
1786 2327 1852 2354 ὲπι-
1888 2337 1896 2346 ι

1055 2371 1147 2407 τιμίου
1168 2370 1396 2407 διορθούσθωσαν.
1414 2371 1462 2398 Ἐκ
1483 2371 1538 2407 γὰρ
1553 2371 1609 2398 τῶν
1623 2371 1726 2399 ἄνωθεν
1744 2372 1853 2408 χρόνων

1057 2419 1111 2451 πᾶς
1133 2417 1270 2454 ίερατικὺς
1299 2418 1382 2453 ἀνὴρ,
1399 2417 1469 2452 μετὰ
1480 2416 1584 2453 σεμνῆς
1603 2417 1651 2444 καὶ
1665 2418 1779 2453 μετρίας
1795 2418 1853 2453 ἀμ-

1056 2465 1177 2499 φιάσεως
1191 2463 1374 2491 ἐπολιτεύετο.
1392 2464 1450 2490 Πᾶν
1466 2463 1522 2499 γὰρ
1537 2463 1551 2490 δ
1569 2463 1606 2499 μὴ
1617 2463 1660 2490 διὰ
1670 2464 1766 2499 χρείαν
1782 2463 1853 2492 ἀλλὰ

1057 2511 1101 2538 διὰ
1115 2510 1309 2546 καλλωπισμὸν
1332 2509 1589 2546 παραλαμϐάνεται,
1615 2509 1783 2546 περπερείας
1793 2510 1853 2545 ἔχει

1059 2555 1236 2591 κατηγορίαν,
1252 2555 1290 2587 ὡς
1313 2556 1327 2582 ό
1354 2555 1440 2591 μέγας
1455 2555 1507 2591 ἐςη
1534 2555 1673 2587 Βασίλειος
1693 2562 1700 2569 ·
1717 2554 1775 2582 ἀλλ’
1788 2554 1853 2582 οὐδὲ

1056 2603 1089 2629 ἐκ
1112 2601 1232 2638 σηρικῶν
1250 2602 1420 2638 ὑφασμάτων
1440 2601 1657 2636 πεποικιλμένην
1673 2601 1778 2637 ἐσθῆτα
1803 2601 1851 2628 ινδ

1057 2647 1150 2674 agam
1168 2656 1220 2680 τις,
1232 2647 1293 2674 οὐδὲ
1306 2648 1502 2684 προσετίθεσαν
1519 2649 1665 2684 ἑτερόχροα
1676 2647 1853 2683 ἑπισὶήματα

1060 2694 1090 2720 ὲν
1101 2695 1158 2726 τοῖς
1171 2695 1268 2729 ἄκροις
1286 2694 1342 2721 τῶν
1357 2695 1485 2730 ἱματίων.
1513 2695 1654 2722 Ἤκουσαν
1665 2694 1721 2730 γὰρ
1740 2695 1772 2721 ὲκ
1801 2694 1851 2728 τῆς

1061 2740 1227 2776 θεοφθόγγου
1245 2740 1380 2775 γλώττης,
1396 2741 1437 2768 ὅτι
1456 2741 1480 2767 οἱ
1507 2741 1542 2768 τὰ
1559 2741 1670 2777 μαλακὰ
1690 2741 1850 2777 φοροῦντες,

1061 2787 1092 2813 ὲν
1109 2786 1166 2819 τοῖς
1179 2786 1264 2819 οῖκοις
1284 2786 1339 2814 τῶν
1352 2785 1486 2822 βασιλέων
1502 2786 1582 2814 εἰσίν.
