1959 3061
98 126 154 158 6.35

441 127 642 160 SYNTAGMA
665 128 860 161 CANONUM.
887 141 921 146 —
939 128 1014 159 TIT.
1036 129 1094 160 III.
1109 129 1189 161 CAP.
1219 129 1304 165 VIII,
1321 129 1391 161 XII.

1686 129 1740 161 606

137 183 266 211 ΚΕΦΑΛ.
283 181 337 212 ΙΔ’.
353 196 388 205 -ο-
403 184 474 216 Περὶ
485 184 546 212 τῶν
561 182 728 219 διαγόντων
739 185 776 212 ἐν
795 185 894 216 πόλει.

981 183 1059 212 CAP.
1073 183 1121 212 Xl.
1135 201 1169 206 —
1179 185 1218 213 De
1231 186 1276 217 ita;
1288 186 1334 220 qui
1347 193 1407 212 cum
1422 185 1450 212 in
1464 184 1528 212 urbe
1542 189 1687 217 venentur,
1697 190 1740 212 ta-

99 227 152 256 xat
163 225 213 256 sn't
230 229 310 264 τρεῖς
321 229 492 264 ἑϐδομάδας
512 230 557 265 μὴ
570 230 810 258 κοινωνούντων.

204 271 212 281 '
257 275 395 303 Συνόδου
407 275 557 311 Σαωικῆς
575 275 678 303 κανὼν
692 279 738 303 ια’.

139 321 186 350 ια’.
207 322 303 355 ὀσιος
316 323 466 355 ἐπίσκοπος
489 321 550 351 εἷπε
564 331 572 338 ·
588 323 644 351 Καὶ
665 323 746 351 τοῦτο
764 323 793 351 δὲ
807 323 898 359 ὁρίσαι

101 368 261 403 ὀφείλομεν,
276 369 321 396 ἵνα
333 370 348 396 ό
366 369 518 401 ἐπίσκοπος
541 370 607 397 ὅταν
626 369 656 402 ὲξ
678 370 775 405 ἑτέρας
795 369 899 401 πόλεως

102 414 295 450 παραγένηται
306 415 346 446 είς
358 414 455 450 ἑτέραν
463 415 553 447 πόλίν,
564 415 581 451 ἢ
593 415 647 442 ἀπὸ
656 415 753 451 ἐτέρας
765 415 900 452 ὶπαρχίας

103 460 145 490 εἰς
167 459 263 494 ἑτέραν
284 459 420 494 ἐπαρχίαν
446 461 555 496 κόμπου
581 460 673 496 χάριν,
700 461 848 496 ἐγκωμίοις
861 461 900 487 ol-

104 504 190 536 κείοις
207 505 442 540 ὑπηρετούμενος,
458 505 475 541 ἢ
490 505 643 541 θρησκείας
655 506 832 538 καθοσιώσει,
850 506 901 534 καὶ

105 550 218 578 πλείονα
244 550 339 586 χρόνον
353 550 477 586 βούλοιτο
493 551 610 586 διάγειν,
637 552 686 578 καὶ
698 552 735 588 μὴ
754 552 769 579 ό
780 552 830 587 τῆς
850 553 901 579 πό-

103 599 175 629 λεως
194 597 302 633 ἐκείνης
315 597 468 630 ἐπίσκοπος
480 597 614 633 ἔμπειρος
628 596 644 634 ᾗ
658 597 847 630 διδασκαλίας,
865 598 903 634 μὴ

105 643 268 678 καταφρονῇ
284 643 404 676 ἐκείνου,
425 643 473 670 καὶ
487 643 682 679 συνεχέστερον
695 643 789 679 ὁμιλῇ,
805 652 904 670 καταισ-

107 688 218 724 σχύνειν
239 689 288 716 καὶ
316 688 510 721 κατευτελίζεν
522 689 554 716 τὸ
565 689 715 725 πρόσωπον
740 688 789 716 τοῦ
809 688 905 716 αὐτόθι

108 734 262 761 ἐπισκόπου
277 734 448 767 σπουδάζων.
464 734 539 771 Δΰτη
558 735 613 771 γὰρ
634 735 652 771 ἠ
671 735 810 772 πρόφασις
825 734 905 762 εἴωθε

106 779 246 815 ταράχους
263 780 396 815 παρέχειν
409 787 418 796 ·
430 780 478 807 καὶ
488 781 520 807 ἐκ
528 780 578 816 τῆς
591 780 721 816 τοιαύτης
736 780 906 815 πανουργίας

107 823 158 859 τὴν
172 824 318 860 ἀλλοτρίαν
333 824 470 860 καθέδραν
481 824 571 861 ἑαυτῷ
585 825 843 862 προμνηστεύισθαι
857 825 905 852 καὶ

948 237 1008 257 men
1021 237 1069 266 per
1079 234 1132 258 tm
1144 230 1322 258 hebdomadas
1334 239 1388 258 non
1402 230 1611 258 communicant.

1125 275 1238 304 Consilii
1256 275 1422 304 Surdicenm
1436 285 1520 304 canon
1535 277 1579 304 ll.

983 320 1029 349 ll.
1051 320 1153 350 Hosius
1175 323 1321 358 episcopus
1331 323 1418 350 dixit:
1432 322 1490 350 Hoc
1504 329 1612 358 quoque
1629 321 1744 350 deﬁnire

948 366 1099 400 debemus;
1127 371 1158 395 ut
1173 369 1284 403 quando
1304 369 1451 404 episcopus
1462 377 1496 397 ex
1523 369 1576 397 alia
1587 369 1698 396 civitate
1715 369 1742 395 in

948 413 1031 441 aliam
1046 414 1194 448 civitatem,
1205 415 1248 442 vel
1259 423 1293 443 ex
1307 415 1360 443 alia
1375 415 1517 451 provincia
1537 415 1565 443 in
1583 415 1664 442 aliam
1679 422 1744 449 pro-

948 460 1071 488 vinciam
1085 461 1246 493 accesserit,
1260 461 1420 497 jactationis
1435 462 1523 497 gratia
1542 461 1666 497 propriis
1681 461 1741 488 lau-

950 506 1033 534 dibus
1044 507 1168 535 serviens
1183 511 1231 535 aut
1244 507 1387 542 religionis
1401 515 1497 540 causa,
1510 511 1537 535 et
1550 508 1615 535 velit
1626 507 1745 542 longiori

951 556 1075 586 tempore
1096 552 1151 579 illic
1166 560 1262 588 agere;
1291 553 1364 581 illius
1383 557 1475 580 autem
1491 553 1613 581 civitatis
1637 553 1746 588 cpisco—

954 603 1007 631 pus
1031 597 1164 625 doctrinas
1181 598 1241 627 Inou
1259 598 1341 626 fuerit
1359 599 1484 634 peritus:
1507 606 1542 627 ne
1563 599 1640 626 illum
1655 598 1748 633 despi-

954 642 1020 675 ciat,
1032 646 1060 670 et
1081 642 1253 678 frequentius
1272 644 1462 678 conciouetur,
1481 645 1595 673 studens
1613 644 1748 672 dedecore

953 686 1062 715 adicere
1073 692 1100 716 et
1110 688 1278 723 vilipendere
1301 697 1447 724 personam
1460 689 1582 725 episcopi
1599 688 1679 724 ιω.
1691 688 1748 723 (hic

954 733 1027 760 enim
1039 738 1188 769 praetextus
1196 735 1266 763 solet
1276 735 1373 762 turbas
1384 735 1530 771 excitare),
1545 743 1596 763 nec
1610 734 1747 770 ejusmodi

955 779 1106 807 calliditate
1116 779 1234 807 alienam
1248 779 1342 808 sedem
1356 780 1408 808 sibi
1420 781 1568 808 conciliare
1578 780 1749 808 etattrahere

956 824 1075 857 studeat,
1095 833 1150 852 non
1172 825 1303 853 dubitans
1319 826 1372 853 sibi
1391 826 1518 853 traditam
1533 826 1680 854 ecclesiam
1704 833 1748 853 re-

107 871 260 906 παρασπᾷν
274 871 432 904 σπουδάζει,
453 871 491 907 μὴ
503 867 643 904 ἰδιστάζων
657 871 708 908 τὴν
725 871 801 906 αὐτῷ
812 880 903 907 παρα-

966 871 1090 904 inquere,
1107 875 1134 898 et
1148 870 1176 898 in
1189 870 1269 898 aliam
1282 871 1412 898 transire.
1424 871 1464 897 Ad
1485 871 1539 898 hoc
1557 879 1625 906 ergo
1641 875 1749 904 tempus

112 915 238 942 δοθεῖσαν
260 916 408 952 ὲκκλησίαν
429 917 660 952 καταλιμπάνειν,
689 917 737 944 καὶ
752 917 793 949 είς
807 917 905 952 ἑτέραν

110 961 301 997 μεθίστασθαι.
321 962 463 998 Ὁριστέον
490 963 583 990 τοίνυν
612 963 660 990 ἐπὶ
686 963 775 999 τούτῳ
803 963 904 999 χρόνῳ,

108 1006 205 1042 ἐπειδὴ
218 1008 265 1034 καὶ
279 1007 309 1034 τὺ
325 1008 363 1043 μὴ
375 1007 556 1043 ὑποδέχεσθαι
576 1007 736 1041 ιπίσκοπον,
749 1007 804 1034 τῶν
815 1009 904 1035 ἀπαν-

108 1051 229 1086 θρώπων
245 1052 293 1079 καὶ
321 1052 425 1079 σκαιῶν
439 1050 510 1079 εἶναι
528 1053 695 1087 νενόμισται.
712 1052 861 1088 Μέμνησθε
873 1053 903 1080 δὲ

110 1098 141 1124 ὲν
153 1097 194 1133 τῷ
208 1098 358 1133 προάγοντι
371 1098 460 1134 χρόνῳ
475 1098 539 1130 τοὺς
551 1099 688 1135 λΠατέρας
708 1098 790 1134 ἡμῶν
809 1107 906 1135 κεκρι-

108 1141 200 1175 κέναι,
228 1143 272 1170 ἶνα
288 1143 314 1170 εί
325 1151 368 1175 τις
391 1143 484 1175 λαῐκδς
505 1144 535 1170 ὲν
552 1143 628 1170 πόλει
639 1144 742 1178 διάγων
761 1145 838 1181 τρεῖς
848 1145 905 1172 Κυ-

110 1188 212 1224 ριακὰς
223 1188 340 1224 ἡμέρας,
361 1189 390 1216 έν
412 1190 503 1224 τρισὶν
521 1189 663 1225 ἑϐδομάσι,
681 1190 718 1226 μὴ
736 1190 905 1227 συνέρχοιτο,

107 1235 270 1261 ἁποκινοῖτο
279 1234 326 1270 τῆς
341 1234 496 1266 κοινωνίας.
517 1235 550 1263 El
567 1235 657 1263 τοίνυν
673 1237 738 1271 περὶ
767 1236 822 1264 τῶν
841 1237 904 1263 λαῖ-

108 1279 168 1307 κῶν
183 1279 264 1307 τοῦτο
286 1279 475 1314 τεθέσπισται,
504 1281 536 1308 οὐ
564 1281 618 1318 χρὴ
637 1281 699 1308 οὐδὲ
715 1281 818 1318 πρέπει
847 1282 905 1309 ἀλλ’

106 1325 172 1353 οὐδὲ
202 1327 340 1361 συμφέρει
367 1326 530 1361 ἐπίσκοπον,
550 1327 576 1354 ιι
603 1327 739 1363 μηδεμίαν
752 1327 907 1363 βαρυτέραν

107 1371 234 1407 ἀνάγκην
257 1372 326 1408 ἔχοι,
352 1372 370 1408 ἢ
397 1374 515 1409 πρᾶγμα
534 1373 679 1409 δυσχερὲς,
707 1374 755 1401 ἐπὶ
781 1374 907 1402 πλεῖστον

107 1417 310 1445 ἀπολείπεσθαι
339 1419 388 1454 τῆς
408 1419 507 1446 ἑαυτοῦ
529 1419 705 1456 ζὲκκλησίας,
734 1419 782 1446 καὶ
810 1419 907 1447 λυπεῖν

953 916 1136 945 deﬁniendum
1157 920 1211 943 est.
1225 914 1293 943 Nam
1312 915 1471 952 episcopum
1487 923 1542 944 non
1557 915 1653 951 recipi,
1667 915 1750 943 inbu-

954 970 1067 990 manum
1090 967 1120 990 et
1136 962 1247 990 incivile
1267 961 1454 990 existimatum
1476 967 1528 990 est.
1555 962 1748 990 Reconlemiui

953 1012 1055 1040 autem,
1067 1012 1158 1043 patres
1173 1012 1283 1036 nostros
1298 1008 1325 1035 in
1336 1012 1461 1043 tempore
1482 1009 1620 1043 praterilo
1638 1008 1749 1043 judica-

953 1053 1038 1087 visse,
1054 1057 1085 1081 ut
1098 1054 1122 1081 si
1134 1054 1198 1089 quis
1212 1053 1300 1082 laicus
1315 1054 1342 1081 in
1356 1054 1449 1089 aliqua
1460 1054 1527 1082 urbe
1546 1061 1642 1090 agens,
1661 1054 1749 1082 tribus

954 1099 1052 1128 diebus
1064 1099 1211 1128 dominicis
1224 1100 1251 1127 in
1271 1100 1361 1127 tribus
1377 1099 1594 1128 hebdomadibus
1616 1107 1670 1127 non
1681 1107 1751 1127 con-

955 1145 1058 1177 veniat,
1081 1145 1105 1172 is
1132 1144 1328 1172 communione
1345 1149 1497 1172 moveatur.
1515 1144 1545 1172 Si
1561 1145 1614 1172 ltoc
1631 1151 1697 1180 ergo
1715 1144 1751 1172 de

954 1191 1034 1219 laicis
1049 1195 1183 1219 statutum
1202 1195 1255 1223 est,
1272 1199 1326 1218 non
1342 1195 1460 1226 oportet,
1479 1198 1531 1218 nec
1542 1190 1682 1222 convenit,
1699 1190 1750 1218 sed

956 1245 1045 1273 neque
1056 1242 1098 1265 est
1114 1237 1181 1264 utile
1200 1237 1372 1272 episcopum,
1387 1238 1410 1265 si
1423 1237 1526 1264 nullam
1544 1235 1626 1263 habet
1639 1235 1749 1270 gravio-

958 1291 1017 1311 rem
1038 1283 1242 1315 necessitatem,
1264 1283 1307 1310 vel
1324 1282 1464 1318 negotium
1485 1281 1635 1314 diﬂicilius,
1659 1289 1674 1308 a
1701 1288 1751 1308 sua

959 1329 1075 1356 ecclesia
1090 1329 1195 1356 diutius
1223 1329 1331 1361 abesse,
1352 1333 1379 1356 et
1403 1328 1454 1355 sibi
1470 1328 1649 1355 commissum
1664 1334 1752 1362 popu-

960 1375 1017 1402 lum
1041 1375 1217 1403 contristare.
1241 1374 1344 1402 Omnes
1368 1375 1491 1409 episcopi
1518 1374 1658 1405 dixerunt,
1681 1373 1753 1400 hanc

960 1429 1071 1457 quoque
1081 1421 1245 1449 sententiam
1258 1428 1319 1449 esse
1330 1420 1630 1448 convenientissimam.

107 1463 158 1490 τὸν
187 1464 445 1501 ὲμπεπιστευμένον
462 1465 538 1502 αὑτῷ
563 1465 639 1493 λαόν.
656 1465 793 1499 Ἀπαντες
805 1467 831 1494 ot
864 1467 1011 1495 ἐπίσκοποι
1036 1468 1152 1505 εῐρηκαν
1166 1476 1174 1485 ·
1205 1468 1261 1495 Καὶ
1296 1467 1399 1502 ταύτην
1428 1467 1478 1503 τὴν
1516 1465 1629 1501 γνώμην
1650 1466 1754 1502 σφόδρα

107 1507 182 1537 εἶναι
193 1510 426 1547 πρεπωδεστάτην
437 1511 597 1547 όριζόμεθα.

196 1558 334 1586 Συνόδου
349 1559 559 1594 οίκουμενικῆς
572 1559 664 1594 ἕκτης
678 1560 780 1588 κανὼν
792 1564 831 1590 π’.

148 1608 188 1631 π’.
204 1605 239 1631 Et
262 1613 305 1636 τις
317 1604 479 1637 ἐπίσκοπος,
494 1606 511 1641 ἢ
529 1606 727 1642 πρεσϐύτερος,
742 1607 759 1643 ἢ
778 1607 911 1642 διάκονος,

110 1651 129 1687 ἢ
143 1651 200 1678 τῶν
217 1652 248 1678 έν
262 1652 357 1688 κλήρῳ
391 1652 631 1688 καταλεγομένων,
655 1653 673 1689 ἢ
697 1653 802 1687 λαῖκδς,
819 1654 845 1682 εί
860 1663 913 1691 μη-

111 1698 212 1732 δεμίαν
231 1697 356 1734 ἀνάγκην
369 1698 522 1734 βαρυτέραν
545 1699 613 1734 ἔχει,
630 1699 647 1735 ἢ
673 1701 790 1736 πρᾶγμα
811 1700 912 1737 δυσχε-

113 1743 174 1779 ρὲς,
202 1743 274 1770 ὥστε
306 1744 353 1770 ἐπὶ
382 1744 509 1772 πλεῖστον
532 1745 729 1773 ἀπολείπεσθαι
751 1746 802 1782 τῆς
829 1747 913 1774 αὐτοῦ

119 1789 299 1825 Ἐκκλησίας,
323 1790 381 1817 ἀλλ’
399 1791 430 1817 ὲν
457 1791 536 1818 πόλει
553 1791 655 1826 διάγων
671 1793 746 1828 τρεῖς
768 1792 914 1829 Κυριακὰς

112 1835 234 1871 ἡμέρας,
249 1837 279 1863 ἐν
290 1837 379 1872 τρισὶν
391 1836 535 1872 έῦδομάσι,
563 1837 602 1873 μὴ
625 1838 796 1874 συνέρχοιτο,
817 1839 841 1866 εί
863 1839 913 1874 μὲν

112 1882 246 1918 κληρικὸς
261 1883 316 1918 εἵη,
329 1883 562 1920 καθαιρείσθω”εί
572 1885 601 1912 δὲ
613 1885 717 1917 λαῖκὸς,
729 1885 913 1912 ἁποκινείσθω

113 1930 168 1965 τῆς
181 1929 334 1961 κοινωνίας.
707 1960 713 1966 ι

151 1975 279 2002 ΚΕΦΑΔ.
300 1974 350 2003 ΙΒ’.
366 1991 400 1997 -
415 1975 485 2010 Περὶ
495 1975 557 2003 τῶν
574 1976 750 2003 ἀκουόντων
764 1975 825 2005 τῶν
835 1977 912 2011 Γρα-

113 2019 195 2056 ςσῶν,
211 2021 260 2048 καί
277 2022 585 2056 προσκαρτερούντων
602 2021 641 2057 τῇ
655 2022 813 2057 τελευταίᾳ
824 2022 913 2057 εὐχῇ,

113 2066 168 2095 καί
175 2068 478 2103 μεταλαμϐανόντων.

324 2113 518 2141 Ἀποστόλων
533 2113 635 2141 κανὼν
645 2113 682 2150 η’,
694 2113 727 2142 θ’.

151 2159 189 2196 η’.
205 2160 239 2187 Et
248 2168 288 2193 τις
299 2160 458 2191 ἐπίσκοπος,
472 2160 489 2196 ἢ
508 2159 705 2196 πρεσὸύτερος,
719 2160 736 2196 ἢ
752 2159 885 2194 διάκονος,
895 2159 915 2196 ἢ

114 2205 151 2232 ὲκ
162 2205 213 2231 τοῦ
237 2205 392 2240 καταλόγου
418 2205 467 2233 τοῦ
491 2205 641 2242 ἱερατικοῦ,
665 2207 825 2242 προσφορᾶς
837 2214 913 2241 γενο-

117 2251 206 2286 μένης
231 2251 270 2287 μὴ
297 2251 458 2286 μεταλάϐοι,
486 2251 536 2287 τὴν
552 2251 643 2279 αἰτίαν
659 2252 766 2279 είπάτω
780 2260 788 2268 ·
804 2252 852 2279 καὶ
866 2252 913 2280 ἐὰν
929 2242 951 2270 D

115 2296 135 2334 ᾖ
148 2297 273 2332 εὔλογος,
289 2297 457 2334 συγγνώμης
469 2298 629 2333 τυγχανέτω
643 2305 650 2313 ·
676 2299 701 2326 εί
719 2298 748 2325 δὲ
774 2298 813 2334 μὴ
827 2299 911 2333 λέγει,

115 2340 302 2376 ἁφοριζέσθω,
317 2341 355 2373 ὡς
384 2342 471 2374 αἴτιος
500 2341 605 2377 βλάϐης
628 2343 775 2378 γενόμενος
788 2342 827 2378 τῷ
843 2343 912 2380 λαῷ,

116 2387 167 2414 καὶ
187 2387 317 2415 ὑπόνοιαν
334 2389 489 2424 ιμποιήσας
505 2388 577 2416 κατὰ
602 2388 650 2416 τοῦ
668 2389 912 2425 προσενεγκόντος,

116 2433 156 2465 ὥς
170 2433 208 2469 μὴ
225 2434 310 2468 ὑγιῶς
324 2434 532 2468 ἅνενέγκαντος.

153 2478 189 2506 θ’.
200 2479 308 2511 Πάντας
317 2479 382 2511 τοὺς
395 2479 530 2512 εἰσιόντας
547 2479 660 2511 πιστοὺς
670 2479 718 2507 καὶ
731 2479 786 2507 τῶν
795 2480 913 2516 Γραφῶν

116 2525 281 2558 ἀκούοντας,
296 2525 333 2562 μὴ
342 2525 554 2561 παραμένοντας
568 2525 598 2552 δὲ
609 2527 643 2561 τῇ
656 2527 795 2562 προσευχῇ
808 2527 856 2554 καὶ
880 2528 912 2563 τῇ

118 2573 188 2608 ἁγίᾳ
211 2572 372 2608 μεταλήψει,
395 2572 434 2604 ὡς
464 2572 578 2606 ἀταξίαν
600 2572 783 2605 ἐμποιοῦντας
794 2574 828 2609 τῇ
850 2573 914 2601 Ἐκ-

119 2618 232 2655 κλησὶᾳ,
246 2617 425 2654 ἀφορίζεσθαι
438 2618 503 2654 χρή.

271 2663 408 2691 Συνόδου
433 2663 611 2698 Ἀντιοχείας
624 2663 724 2690 κανὼν
740 2663 773 2699 β’.

157 2709 192 2745 β’.
207 2710 317 2742 Πάντας
336 2710 400 2742 τοὺς
415 2709 550 2741 εἰσιόντας
575 2711 615 2742 εἰς
637 2709 687 2745 τὴν
706 2709 854 2746 ἐκκλησίαν
868 2709 915 2738 τοῦ

121 2755 202 2789 θεοῦ,
234 2758 281 2784 καὶ
305 2756 361 2784 τῶν
389 2755 470 2792 ιερῶν
486 2755 603 2792 Γραφῶν
617 2754 778 2789 ἀκούοντας,
804 2755 841 2792 μὴ
858 2765 916 2784 κοιυ

163 2846 186 2862 ⁵⁷
202 2846 240 2873 De
256 2853 368 2875 conscc.
381 2846 446 2874 dist.
467 2845 493 2879 l,
507 2853 567 2880 cap.
585 2845 681 2872 Omnes
695 2844 797 2879 ﬁdeles.

1099 1559 1214 1589 Concilii
1238 1560 1391 1587 meumenicl
1414 1566 1440 1586 vt
1464 1566 1549 1586 canon
1572 1558 1618 1586 80.

1000 1606 1046 1635 80.
1063 1606 1093 1634 Si
1121 1607 1182 1642 quis
1200 1605 1366 1641 episcopus,
1390 1604 1432 1632 vel
1458 1604 1609 1640 presbyter,
1635 1603 1678 1631 vel
1694 1603 1755 1631 dia-

964 1660 1063 1687 conus,
1086 1653 1129 1680 vel
1143 1660 1239 1680 eorum
1263 1652 1310 1686 qui
1334 1651 1362 1678 in
1380 1650 1455 1678 clero
1479 1655 1688 1681 enumerantur.
1712 1649 1756 1676 vel

965 1699 1053 1727 laicus
1067 1699 1168 1726 nullam
1192 1698 1347 1734 graviorem
1376 1697 1458 1724 habet
1482 1696 1686 1728 necessitatem.
1713 1696 1755 1723 vel

964 1744 1103 1780 negotium
1119 1743 1237 1775 diﬂicilc,
1256 1748 1286 1770 ut
1303 1750 1319 1770 a
1345 1749 1395 1769 sua
1419 1742 1535 1770 ecclesia
1563 1741 1637 1768 absit
1653 1741 1756 1768 diutis-

965 1790 1056 1818 sime:
1076 1789 1123 1818 sed
1146 1789 1173 1816 in
1190 1789 1302 1816 civitate
1325 1796 1419 1824 agens,
1440 1788 1528 1816 tribus
1543 1787 1640 1815 diebus
1664 1787 1757 1814 Domi-

965 1837 1034 1864 nicis
1049 1836 1077 1863 in
1095 1836 1183 1863 tribus
1207 1835 1369 1870 septimanis
1392 1842 1446 1862 una
1472 1829 1528 1862 non
1554 1834 1710 1867 conveniat,
1733 1833 1757 1862 si

965 1881 1001 1909 sit
1013 1881 1123 1916 quidem
1146 1880 1275 1913 clericus,
1292 1882 1466 1915 deponatur:
1480 1879 1504 1907 si
1519 1886 1585 1906 vero
1599 1879 1698 1913 laicus,
1712 1886 1757 1907 se-

965 1932 1076 1963 gregem
1081 1935 1104 1954 r.

999 1973 1076 2002 CAP.
1095 1972 1154 2000 XII.
1178 1987 1214 1994 —
1233 1972 1272 2000 De
1300 1973 1334 2000 iis
1360 1973 1405 2008 qui
1433 1973 1527 2000 audita
1556 1972 1758 2008 Scripturorum

965 2019 1086 2052 lectione,
1101 2027 1183 2054 usque
1204 2018 1238 2046 ad
1255 2023 1387 2046 extremas
1408 2027 1496 2054 precer
1510 2027 1562 2047 non
1585 2022 1754 2054 permanent,

963 2072 1046 2100 neque
1071 2065 1279 2091 communicant.

1154 2110 1344 2145 Apostolorum
1360 2118 1473 2137 canone:
1490 2110 1517 2143 8,
1538 2110 1566 2138 9.

1000 2155 1028 2184 8.
1046 2155 1075 2183 Si
1088 2156 1151 2192 quis
1162 2157 1320 2191 episcopus,
1333 2156 1485 2193 presbyter,
1500 2157 1540 2184 vel
1554 2157 1698 2190 diaconus,
1714 2155 1757 2184 vel

964 2209 998 2229 ex
1013 2201 1177 2229 sacerdotali
1193 2202 1329 2237 catalogo,
1346 2201 1425 2237 145
1448 2201 1521 2230 facta
1542 2202 1682 2229 oblatione
1701 2209 1757 2229 non

967 2247 1236 2281 communicaverit,
1267 2255 1379 2276 causam
1406 2249 1480 2276 dicat
1498 2255 1506 2275 :
1522 2248 1586 2275 etsi
1609 2248 1760 2282 probabilis

968 2292 1060 2325 fuerit,
1078 2292 1187 2321 veniam
1203 2298 1391 2328 consequatur
1413 2302 1419 2320 :
1439 2293 1482 2320 sin
1499 2299 1563 2320 vero
1581 2293 1684 2326 minus,
1713 2300 1759 2320 θος

966 2344 1103 2376 gregetur,
1133 2344 1164 2368 ut
1190 2341 1236 2375 qui
1264 2341 1364 2376 populo
1382 2339 1544 2367 offensionis
1558 2347 1642 2367 causa
1659 2340 1714 2373 sit,
1732 2345 1760 2368 et

966 2387 1150 2422 suspicionem
1164 2387 1269 2415 dederit
1283 2387 1417 2415 adversus
1429 2394 1491 2414 eum
1507 2387 1554 2422 qui
1571 2386 1682 2420 obtulit,
1698 2391 1760 2414 tau-

966 2441 1048 2469 quam
1066 2441 1119 2460 non
1130 2433 1211 2469 digne
1227 2433 1367 2460 obtulerit.

1001 2478 1027 2506 9.
1043 2478 1207 2511 Quicunque
1215 2477 1505 2512 ﬁdelesingrediuntur
1515 2478 1549 2513 ",
1559 2482 1586 2507 et
1601 2477 1763 2514 Scripturas

966 2524 1092 2558 audiunt,
1111 2525 1137 2552 in
1149 2525 1306 2559 precatione
1324 2529 1417 2552 autem
1430 2529 1457 2552 et
1467 2532 1546 2553 sacra
1562 2525 1759 2553 communione

966 2579 1022 2599 non
1035 2576 1204 2606 permanent,
1214 2571 1383 2599 utEcclesiaa
1396 2571 1590 2599 confusionem
1602 2571 1761 2605 aﬂerentes,

969 2617 1106 2653 segregari
1122 2621 1239 2652 oportet.

1145 2661 1259 2690 Concilii
1275 2663 1434 2691 Antioc/teni
1444 2671 1529 2691 canon
1545 2662 1574 2689 2.

1004 2708 1031 2735 2.
1049 2707 1151 2736 Omnes
1167 2709 1214 2744 qui
1233 2709 1259 2737 in
1280 2710 1425 2738 ecclesiam
1450 2709 1651 2745 ingrediuntur,
1667 2712 1695 2735 ct
1710 2715 1758 2734 sa-

968 2762 1031 2783 cras
1048 2753 1206 2790 Scripturas
1233 2755 1360 2790 audiunt,
1382 2755 1499 2784 orationi
1521 2758 1611 2782 autem
1629 2759 1692 2781 cum
1710 2759 1763 2787 po-
