1954 3080
221 156 274 188 ϐῖίἵ

797 157 926 188 ΡΗΟἸἮ
946 157 1196 188 PATRIARCH/E
1214 158 1267 189 CP.

1787 158 1842 191 608

222 215 287 248 pulo
304 221 358 241 non
383 214 598 248 communicant,
623 214 664 242 vel
680 219 803 242 sanctam
828 215 1003 243 Eucharistite

1064 216 1208 249 ιωνοῦντας
1229 216 1258 244 δι
1276 216 1358 252 εὐχῆς
1374 215 1433 252 ἃμα
1456 216 1499 253 τῷ,
1514 216 1582 252 λαῷ,
1605 216 1623 253 ἢ
1636 216 1842 252 ἀποστρεφομέ-

222 259 458 295 participationem
473 265 584 296 propter
604 261 721 296 aliquam
737 261 910 288 insolentiam
927 269 1006 288 aver-

221 311 326 339 santur,
351 315 399 335 eos
423 307 457 334 ab
481 307 595 335 ecclesia
619 307 728 342 expelli,
748 307 836 334 donec
860 312 1006 342 postquam

221 352 341 380 confessi
370 353 480 386 fuerint,
508 352 668 388 fructusque
691 354 857 389 poenitentia:
878 354 1007 381 ostende-

221 401 327 431 rint,et
339 399 553 433 imploravcrint,
568 399 674 426 veniam
691 399 799 434 assequi
816 399 932 434 possint.
947 399 1006 426 Non

222 443 306 471 licere
331 449 421 471 autem
446 444 650 472 communicare
675 452 737 471 cum
753 444 1006 478 excommunicatis,

222 497 310 524 neque
335 489 361 516 in
385 489 513 517 domibus
528 490 723 518 convenientes
743 497 821 517 orare
837 497 886 525 pro
901 490 934 518 iis
959 490 1006 526 qui

221 535 248 563 in
269 536 383 563 ecclesia
413 544 466 563 nou
486 537 710 563 communicant:
732 543 821 571 neque
840 536 868 563 in
891 536 943 563 alia
960 544 1007 564 ec-

219 582 302 610 clesia
315 590 370 609 non
389 581 570 609 conveniunt.
585 581 613 609 Si
629 589 709 615 quem
725 586 815 610 autem
826 589 858 610 ex
869 582 1006 617 episcopis

220 628 260 655 vel
284 628 458 663 presbyteris,
485 628 527 655 vel
544 628 679 660 diaconis,
701 628 743 655 vel
759 628 886 663 quemvis
909 636 941 655 ex
957 635 1004 655 ca-

219 681 290 701 none
313 673 571 706 ex'communicatis,
600 674 804 701 communicare
836 673 1003 709 apparuerit,

216 726 280 746 eum
297 727 404 754 quoque
426 727 487 747 esse
507 720 788 752 excommunicatum,
806 723 836 747 ut
848 720 895 755 qui
921 727 1004 747 cauo-

217 772 279 792 nem
293 765 423 792 Ecclesiae
439 765 600 793 contundat.

252 851 317 879 CAP.
344 851 414 879 Xlll.
441 867 477 873 —
502 851 597 880 Utrum
617 853 774 881 ammoniaci
798 854 1002 887 communicent,

215 906 295 925 necne
298 917 306 924 .

405 942 591 977 Apostolorum
604 951 688 970 canon
705 943 740 971 79
755 943 824 981 [78].

253 987 287 1016 79
298 986 365 1024 [78].
375 987 403 1014 Si
413 988 473 1022 quis
481 989 628 1016 daamonem
641 989 748 1022 habeat,
761 994 826 1023 etc.,
836 993 865 1017 ut
875 989 1002 1026 pag.50'5.

322 1032 401 1068 ιω
419 1032 548 1060 Timothei
576 1033 753 1061 Alexandrini
770 1043 855 1062 canon
869 1035 896 1062 5.

251 1077 439 1114 Interrogatio.
453 1080 480 1106 3.
495 1078 523 1106 Si
537 1080 609 1114 quis,
620 1088 683 1107 eum
694 1081 730 1108 sit
741 1081 838 1114 tldelis,
855 1089 871 1109 a
880 1081 1004 1110 daemone

215 1123 386 1158 corripiatur,
405 1123 520 1152 debetne
545 1132 606 1153 esse
627 1129 787 1154 sanctorum
808 1127 1002 1162 mysteriorum

215 1169 362 1204 particeps,
381 1177 415 1196 an
431 1169 504 1196 non?

251 1213 404 1249 Responsio.
427 1214 454 1241 Si
469 1215 628 1250 mysterium
652 1223 706 1242 non
723 1217 856 1249 enuntiet,
880 1225 930 1245 nec
945 1217 1001 1245 ullo

213 1259 269 1286 alio
285 1259 365 1286 modo
380 1259 559 1294 blaspliemet,
587 1260 622 1287 sit
634 1261 769 1295 particeps
786 1270 793 1288 :
807 1261 852 1288 sed
870 1269 924 1288 non
942 1261 1004 1289 sin-

214 1305 285 1340 gulis
301 1305 408 1333 diebus.
424 1304 529 1333 Suilicit
544 1306 629 1339 enim,
654 1307 678 1334 si
695 1307 774 1334 statis
787 1307 877 1334 solum
899 1311 1002 1342 tempo-

214 1351 302 1378 ribus.

248 1396 325 1423 CAP.
345 1395 416 1424 XIV.
432 1411 467 1417 —
481 1396 520 1424 De
530 1397 564 1424 iit
578 1398 624 1433 qui
640 1402 717 1425 extra
735 1398 873 1426 ecclesiam
888 1399 1002 1434 o/feruut

213 1443 254 1470 vel
267 1447 470 1478 congregantur.

442 1488 630 1522 Apostolorum
645 1497 730 1515 canon
748 1489 792 1516 5i.

1057 271 1119 294 νους
1140 262 1190 298 τὴν
1207 261 1289 296 ἁγίαν
1315 261 1468 298 μετάληψιν
1497 262 1547 298 τῆς
1569 262 1750 298 Εὗχαριστίας
1771 263 1842 290 κατά

1056 316 1117 334 τινα
1142 307 1265 340 ἀταξίαν,
1279 307 1391 340 τούτους
1412 307 1580 343 ἀποϐλήτους
1593 307 1717 343 γίνεσθαι
1733 307 1789 342 τῆς·
1796 309 1842 334 ἑκ-

1056 353 1181 389 κλησίας,
1200 353 1253 386 ἕως
1279 354 1312 381 ἂν
1339 353 1613 389 ὲξομολογησάμενοι,
1636 354 1683 381 καὶ
1706 353 1842 386 δείξαντες

1056 399 1179 436 καρποὺς
1208 399 1361 434 μετανοίας,
1393 399 1441 426 καὶ
1470 399 1721 434 παρακαλέσαντες,
1749 399 1842 434 τυχεῖν

1056 445 1191 481 δυνηθῶσι
1202 444 1368 480 συγγνώμης
1382 453 1390 462 ⁸
1417 444 1455 481 μὴ
1479 444 1578 479 ἐξεῖναι
1591 445 1620 472 δὲ
1630 445 1768 472 κοινωνεῖν
1783 445 1842 476 τοῖς

1056 491 1258 526 ἀκοινωνήτοις,
1289 490 1357 526 μηδὲ
1383 490 1444 517 κατ’
1473 490 1566 522 οῐκους
1583 489 1758 521 συνελθόντας
1775 497 1841 515 συν-

1055 535 1183 572 εύχεσθαι
1200 536 1257 567 τοῖς
1272 535 1310 571 μὴ
1322 536 1355 571 τῇ
1373 535 1505 572 ἐκκλησίᾳ
1526 536 1732 571 συνευχομένοις
1746 542 1755 551 ⁸
1772 534 1841 570 μηδδ

1055 582 1084 608 tv
1100 581 1180 616 ἑτέρᾳ
1193 581 1325 616 ἐκκλησίᾳ
1339 580 1518 616 ὑποδέχεσθαι
1530 581 1594 612 τοὺς
1607 581 1636 606 tv
1650 580 1732 616 ἑτέρᾳ
1742 579 1841 614 ἐκκλη-

1057 627 1102 663 σίᾳ
1119 627 1157 662 μὴ
1170 626 1380 662 συναγομένους.
1397 626 1430 653 Εἰ
1448 627 1477 653 δὲ
1491 626 1589 662 φανείη
1605 634 1647 658 τις
1661 625 1715 653 τῶν
1728 625 1841 652 ἐπισκό-

1055 682 1115 700 πων
1132 673 1149 708 ἢ
1162 672 1355 708 πρεσϐυτέρων
1369 672 1387 707 ἢ
1401 672 1542 705 διακόνων,
1558 671 1575 707 ἡ
1592 680 1635 703 τις
1649 671 1696 698 τοῦ
1721 669 1839 701 κανόνος

1053 720 1110 751 τοῖς
1127 718 1319 753 ἀκοινωνήτοις
1335 717 1484 750 κοινωνῶν,
1513 717 1561 745 καί
1578 717 1676 744 τοῦτον
1689 715 1841 751 ἀκοινώνηο

1053 771 1099 789 τον
1111 760 1192 794 εἶναι,
1207 760 1244 793 ὼς
1259 760 1293 788 ἂν
1305 760 1455 796 συγχέοντα
1470 760 1517 788 τὸν
1533 761 1634 789 κανόνα
1652 762 1703 797 τῆς
1722 760 1840 794 Ἐκκλη-

1053 808 1123 841 σίας.

1088 856 1213 884 ΚΕΦΑΛ.
1225 855 1276 885 ll".
1291 871 1326 878 —
1340 854 1411 889 Περὶ
1432 852 1690 889 δαιμονιζομένων,
1702 849 1765 884 πῶς
1777 858 1841 878 κοι-

1054 902 1205 931 νωνοῦσιν
1218 903 1238 937 ἣ
1253 902 1301 930 οὔ.

1263 947 1458 975 ’Λποστόλων
1472 945 1572 973 κανὼν
1583 943 1632 971 σθ’.

1088 992 1137 1022 σθ’.
1159 993 1222 1021 Ἐάν
1235 1001 1278 1025 τις
1295 992 1409 1027 δαίμονα
1422 991 1482 1026 ἔχῃ,
1495 998 1523 1017 κ.
1539 998 1566 1016 τ.
1580 989 1605 1016 λ.

1170 1039 1309 1074 Τιμοθέου
1328 1035 1554 1070 Ἀλεξανδρείας
1576 1033 1677 1061 κανὼν
1689 1033 1726 1068 γ’.

1085 1085 1254 1120 Ἐρώτησις.
1269 1083 1305 1120 γ’.
1324 1084 1387 1111 Ἐάν
1418 1091 1460 1114 τις
1478 1080 1572 1113 πιστδς
1587 1080 1625 1108 ὢν
1640 1079 1840 1115 δαιμονίζηται,

1053 1133 1079 1160 εί
1087 1131 1192 1168 ὀφείλει
1208 1129 1426 1167 μεταλαμϐάνειν
1441 1128 1496 1155 τῶν
1505 1127 1590 1162 ἁγίων
1601 1124 1782 1163 μυστηρίωνῆ
1791 1124 1840 1158 ob;

1099 1221 1284 1255 Ἀπόκρισις.
1309 1218 1373 1246 *Εὰν
1388 1217 1426 1254 μὴ
1449 1215 1599 1252 ὲξαγορεύῃ
1624 1214 1654 1242 τὸ
1681 1214 1841 1250 μυστήριον,

1057 1268 1127 1304 μήτε
1141 1267 1229 1297 ἄλλως
1243 1265 1303 1297 πῶς
1331 1264 1489 1300 βλασφημῇ,
1522 1260 1753 1297 μεταλαμϐανέτω
1765 1267 1773 1275 ·
1802 1259 1841 1295 μὴ

1055 1314 1147 1350 μέντοι
1161 1312 1334 1347 καθεκάστην
1350 1318 1358 1338 τ
1378 1311 1459 1346 ἀρκεῖ
1481 1308 1535 1345 γὰρ
1559 1307 1634 1343 αὒτῷ
1648 1305 1719 1334 κατὰ
1735 1305 1840 1341 Κυρια-

1054 1360 1105 1394 κὴν
1121 1359 1212 1393 μόνον.

1090 1403 1214 1433 ΚΕΦΑΛ.
1238 1403 1287 1429 1Δ’.
1315 1415 1351 1423 ι-
1377 1398 1447 1434 Περὶ
1470 1398 1530 1426 τῶν
1543 1398 1654 1431 ἔξωθεν
1675 1395 1843 1431 ἐκκλησίας

1054 1449 1295 1484 προσφερόντων,
1305 1447 1325 1481 ἦ
1335 1444 1604 1480 ἐκκλησιαζόντων.

1272 1492 1458 1521 Ἀποστόλων
1469 1489 1568 1517 κανὼν
1583 1489 1634 1517 λα’.

248 1533 293 1560 5|.
307 1532 335 1560 Si
348 1533 410 1568 quis
421 1534 560 1569 presbyter
568 1539 735 1569 contempto,
748 1541 813 1566 etc..
822 1538 852 1561 ut
862 1542 925 1570 pag.
939 1533 1001 1562 583.

1087 1539 1138 1568 λα’.
1152 1540 1186 1567 Et
1197 1548 1240 1571 τις
1255 1537 1440 1574 πρεσϐύτερος
1455 1535 1673 1586 καταφρονήσας,
1689 1542 1718 1562 κ.
1735 1541 1762 1561 τ.
1778 1532 1804 1561 λ.

391 1579 505 1607 Concilit‘
524 1579 681 1614 Gangrensis
697 1588 781 1607 canon
799 1580 825 1608 6.

248 1623 275 1651 6.
293 1623 321 1651 Si
339 1625 402 1659 quis
417 1630 516 1659 praeter
530 1624 678 1652 Ecclesium
700 1626 811 1660 habere,
829 1630 856 1653 et
878 1630 1005 1654 contem-

214 1677 283 1697 nens
297 1669 458 1703 Ecclesiam,
474 1671 531 1698 vult
551 1678 582 1698 ea
597 1678 658 1705 qum
683 1675 748 1699 sunt
763 1671 892 1699 Ecclesia:
911 1679 1002 1707 agere,

215 1722 269 1742 non
284 1716 462 1743 conveniente
483 1716 639 1751 presbytero
666 1716 700 1744 de
720 1717 840 1752 episcopi
857 1718 1003 1751 sententia,

214 1761 252 1788 sit
274 1762 428 1789 anathema.

351 1805 465 1833 Concilit'
481 1805 639 1833 Antioc/tent'
652 1813 767 1833 canones
782 1807 799 1833 ‘2
809 1826 817 1838 ,
838 1807 865 1835 5.

249 1852 277 1882 2.
298 1849 399 1878 Omnes
422 1851 467 1885 qui
491 1851 518 1878 iu
541 1851 684 1878 ecclesiam
707 1851 918 1886 ingrediuntur,
938 1858 1003 1886 etc.,

216 1900 244 1923 ut
259 1904 338 1930 supra
352 1904 412 1931 pag.
427 1896 491 1924 6l6.

241 1942 267 1969 5.
291 1942 367 1978 147
385 1941 413 1969 Si
436 1943 499 1977 quis
521 1941 664 1978 presbyter
680 1941 722 1969 vel
745 1941 878 1969 diaconus
895 1942 1006 1977 proprio

216 1992 372 2022 contempto
393 1988 539 2023 episeopo,
565 1988 598 2016 ab
624 1987 761 2020 Ecclesia,
777 1993 843 2021 etc.,
873 1993 901 2014 ut
918 1997 1002 2023 supra

215 2041 277 2068 pag.
298 2033 360 2060 585.

399 2077 512 2106 Concilit’
526 2078 667 2106 Laodiceni
680 2087 765 2106 canon
781 2079 826 2107 58.

252 2123 297 2152 58.
315 2123 392 2157 Quod
409 2131 464 2150 non
475 2128 582 2158 oportet
597 2124 623 2151 in
637 2125 766 2153 domibus
781 2126 838 2153 licri
854 2124 1006 2152 oblationes

216 2169 251 2196 ab
266 2169 404 2203 episcopis
418 2168 458 2195 vel
477 2169 652 2204 presbyteris.

317 2213 429 2240 Concilii
445 2214 596 2240 treumeuici
611 2221 636 2240 vt
652 2223 763 2242 canones
777 2216 807 2242 51
823 2235 831 2248 ,
851 2215 896 2243 59.

252 2259 297 2286 3|.
313 2259 435 2287 Clericos
449 2260 493 2295 qui
505 2261 530 2286 in
542 2261 679 2292 oratoriis,
691 2265 756 2293 ctc.,
771 2265 799 2287 ut
809 2269 889 2296 supra
900 2269 926 2296 ρ.
939 2261 1001 2288 583.

253 2303 298 2330 59.
316 2303 344 2330 ln
361 2304 417 2330 aede
431 2303 561 2336 oratoria,
578 2311 639 2338 qua:
659 2308 701 2331 est
720 2304 791 2331 intra
812 2304 935 2336 domum,
955 2304 1003 2331 ba-

218 2349 336 2384 ptismus
351 2357 523 2384 nequaquam
537 2355 681 2384 peragatur
703 2358 710 2377 :
732 2351 778 2377 sed
799 2350 846 2385 qui
867 2351 1004 2377 illumina-

218 2396 293 2422 tione
315 2395 349 2421 ab
375 2395 501 2422 omnibus
532 2395 658 2422 sordibus
680 2395 767 2422 aliena
789 2396 862 2432 digni
887 2396 1001 2423 habendi

218 2445 292 2471 sunt,
306 2441 339 2467 ad
355 2441 506 2468 catholicas
521 2441 650 2468 coclesias
668 2441 808 2475 accedant,
831 2446 859 2469 et
875 2441 928 2469 hoc
950 2441 1004 2468 illic

218 2493 331 2513 munere
346 2485 532 2520 perfruantur.
552 2486 580 2513 Si
596 2487 658 2521 quis
680 2491 769 2514 autem
797 2495 857 2522 quae
882 2495 897 2514 a
925 2487 1004 2514 nobis

219 2531 366 2558 constituta
381 2535 455 2563 sunt,
474 2538 528 2557 uou
551 2538 660 2559 servare
672 2532 812 2559 convictus
828 2530 920 2565 fuerit,
932 2532 955 2559 si
968 2531 1004 2559 sit

220 2576 331 2610 quidem
347 2576 474 2608 clericus,
489 2575 642 2611 deponatur
658 2584 665 2604 :
681 2577 703 2604 si
725 2581 815 2604 autem
833 2576 930 2610 laicus,
959 2584 1004 2604 se-

219 2626 329 2657 gregetu
334 2629 357 2649 r.

259 2668 369 2695 Textut.
389 2667 485 2695 Const.
504 2667 531 2701 7,
550 2668 590 2695 tit.
606 2668 634 2696 2.
651 2668 824 2697 Novellarum
837 2674 863 2696 et
875 2670 903 2703 5,
917 2669 959 2696 tit.
975 2669 1002 2702 Ξ,

221 2714 307 2746 aiunt,
326 2713 398 2748 quod
410 2720 471 2740 eum
487 2713 534 2748 qui
547 2715 696 2740 oratorium
713 2719 761 2742 aut
779 2715 922 2742 ecclesiam
936 2715 1003 2742 tedi-

222 2761 304 2787 ticare
320 2759 393 2791 velit,
410 2767 441 2786 ea
458 2759 491 2787 de
507 2767 535 2787 rc
554 2767 617 2787 cum
634 2759 751 2787 civitatis
773 2761 902 2795 episcopo
922 2760 1003 2787 Verba

224 2805 313 2832 facere
327 2809 462 2840 oporteat,
477 2809 504 2832 et
517 2805 682 2832 sutiicientcs
695 2804 842 2841 [sumptus]
860 2805 893 2833 ad
909 2805 1004 2833 incen-

222 2850 309 2879 denda
326 2851 483 2884 luminaria,
499 2851 532 2878 ad
552 2858 660 2880 sacrum
681 2851 872 2885 ministerium,
894 2852 927 2880 ad
944 2859 1004 2879 sar-

1219 1583 1352 1612 Συνόδου
1369 1581 1512 1616 Γαγγρῶν
1523 1579 1623 1607 κανὼν
1640 1582 1677 1612 ς’.

1091 1629 1128 1663 ς’.
1144 1629 1177 1657 Εἴ
1189 1637 1231 1661 τις
1247 1628 1322 1663 παρὰ
1335 1627 1383 1662 τὴν
1402 1624 1566 1660 Ἐκκλησίαν
1587 1623 1639 1658 ἰδίᾳ
1656 1622 1842 1658 ὲκκλησιάζοι,

1054 1676 1102 1702 καί
1115 1673 1293 1710 καταφρονῶν
1307 1672 1356 1707 τῆς
1366 1668 1601 1705 Ἐκκλησίας,ξτῶν
1609 1668 1660 1702 τῆς
1677 1667 1842 1702 Ἐκκλησίας

1055 1720 1142 1747 ἐθέλοι
1155 1728 1182 1746 τι
1200 1719 1340 1754 πράττειν,
1366 1717 1403 1753 μὴ
1419 1716 1544 1747 συνόντος
1563 1713 1748 1750 πρεσϐυτέρου
1769 1712 1842 1740 κατὰ

1055 1765 1166 1801 γνώμην
1179 1764 1226 1791 τοῦ
1246 1763 1409 1795 ἐπισκόπου,
1431 1761 1554 1796 ἀνάθεμα
1567 1760 1646 1786 ἔστω.

1186 1809 1321 1838 Συνόδου
1337 1802 1513 1842 Ἀντιοχείας
1531 1806 1632 1833 κανὼν
1643 1804 1675 1840 β’,
1687 1807 1716 1831 ε’.

1089 1856 1122 1885 3'.
1135 1856 1242 1887 Πάντας
1250 1856 1313 1887 τοὺς
1321 1854 1453 1885 εἰσιόντας
1464 1853 1504 1885 εἰς
1515 1852 1563 1887 τὴν
1573 1850 1728 1886 ἐκκλησίαν,
1740 1857 1768 1876 κ.
1780 1857 1806 1877 τ,
1816 1849 1843 1876 λ.

1092 1945 1122 1972 ε’.
1138 1944 1172 1972 Et
1185 1952 1226 1976 τις
1241 1942 1434 1978 πρεσϐύτερος,
1449 1941 1466 1977 ἢ
1483 1940 1615 1970 διάκονος,
1630 1936 1844 1972 καταφρονήσας

1056 1991 1102 2019 τοῦ
1119 1991 1184 2018 ἰδίου
1199 1990 1357 2021 ἐπισκόπου,
1373 1986 1511 2021 ἀφώρισεν
1533 1984 1628 2012 ἑαυτὸν
1654 1983 1705 2018 τῆς
1726 1981 1846 2018 Ἐκκλη-

1057 2039 1129 2071 σίας,
1143 2046 1172 2064 κ.
1186 2045 1212 2064 τ.
1226 2036 1251 2063 λ.

1198 2080 1335 2109 Συνόδου
1345 2079 1518 2111 Λαοδικείας
1531 2076 1633 2104 κανὼν
1642 2075 1692 2110 νη’.

1091 2127 1142 2164 νη⁸.
1153 2129 1215 2155 Ὀτι
1229 2126 1258 2154 οὒ
1275 2126 1316 2153 δεῖ
1333 2126 1363 2152 ὲν
1375 2126 1430 2156 τοῖς
1446 2123 1530 2156 οἴκοις
1547 2121 1702 2158 προσφορὰς
1718 2120 1845 2155 γίνεσθαι

1058 2174 1132 2210 παρὰ
1147 2172 1295 2200 ἐπισκόπου
1313 2171 1330 2207 ἢ
1348 2169 1543 2206 πρεσϐυτέρου.

1108 2219 1242 2248 Συνόὸου
1253 2215 1462 2252 οὶκουμενικῆς
1469 2216 1558 2249 ἕκτης
1565 2213 1666 2242 κανὼν
1678 2213 1730 2245 λα’,
1739 2212 1790 2239 νϐ’.

1087 2267 1138 2293 λα’.
1153 2265 1222 2297 Τοὺς
1237 2265 1266 2291 tv
1276 2265 1332 2295 τοῖς
1343 2261 1497 2297 εὺκτηρίοις
1510 2261 1604 2293 οίκοις,
1618 2269 1647 2287 κ.
1666 2268 1692 2287 τ.
1706 2258 1732 2285 λ.

1090 2311 1137 2340 νϐ’.
1153 2311 1255 2347 Μηδεὶς
1269 2311 1297 2337 ὲν
1310 2309 1446 2343 εὖκτηρίῳ
1460 2307 1526 2342 οῐκῳ
1543 2306 1616 2333 ἔνδον
1634 2307 1723 2338 οἰκίας
1740 2315 1846 2342 τυγχα-

1054 2367 1125 2387 νοντι
1140 2357 1282 2393 βάπτισμα
1295 2353 1479 2386 ὲπιτελείσθω,
1489 2352 1545 2379 ἀλλ’
1556 2352 1580 2379 εί
1597 2351 1738 2386 μέλλοντες
1751 2352 1848 2385 ἀξιοῦ-

1055 2402 1171 2431 σθαιτοῦ
1180 2403 1313 2437 ἀχράντου
1324 2399 1586 2436 βαπτίσματος.ταῖς
1594 2398 1750 2430 καθολικσῖς
1760 2407 1849 2434 προσ-

1056 2448 1228 2485 ερχέσθωσαν
1245 2445 1413 2481 ἐκκλησίαις,
1429 2445 1540 2471 κάκεῖσε
1559 2444 1607 2479 τῆς
1621 2444 1724 2479 δωρεᾶς
1741 2443 1848 2478 ταύτης

1056 2493 1266 2520 ἀπολαυέτωσαν
1278 2499 1285 2507 ·
1305 2492 1329 2517 εἰ
1347 2490 1376 2516 δέ
1394 2497 1437 2521 τις
1453 2488 1510 2524 ἁλῷ
1538 2488 1572 2514 τὰ
1590 2488 1655 2523 παρ’
1678 2487 1759 2523 ἡμῶν
1784 2487 1848 2523 δρι-

1057 2537 1154 2566 σθέντα
1185 2536 1224 2572 μὴ
1236 2535 1389 2570 φυλάττων,
1413 2535 1437 2561 εἰ
1458 2533 1507 2569 μὲν
1531 2533 1663 2568 κληρικδς
1676 2532 1731 2568 εἴη,
1746 2532 1847 2560 καθαι-

1056 2583 1156 2621 ρείσθω
1171 2591 1180 2600 ο
1195 2583 1219 2609 εἰ
1237 2581 1266 2608 δὲ
1279 2580 1382 2612 λαῖκὺς,
1401 2578 1516 2615 ἀφοριζέ
1525 2578 1591 2606 σθω,

1092 2669 1129 2696 Ἥ
1152 2668 1174 2701 ζ’
1192 2667 1314 2700 διάταξις
1338 2666 1385 2693 τοῦ
1404 2665 1428 2693 α’
1445 2665 1499 2693 τίτ.
1518 2665 1573 2692 τῶν
1587 2665 1713 2701 Νεαρῶν,
1727 2665 1775 2691 καί
1787 2666 1805 2699 ὴ
1822 2673 1849 2698 γι

1055 2714 1102 2742 τοῦ
1115 2714 1138 2749 β’
1161 2713 1214 2740 sit.
1231 2713 1308 2748 φασὶ,
1329 2713 1370 2739 ὄτι
1382 2713 1423 2739 δεῖ
1445 2711 1492 2738 τδν
1521 2710 1633 2738 θέλοντα
1667 2711 1814 2746 εὐκτήριον
1828 2710 1846 2745 ἢ

1055 2758 1204 2794 ἐκκλησίαν
1219 2758 1321 2790 κτίσαι,
1347 2757 1519 2792 διαλέγεσθαι
1547 2757 1610 2792 περί
1628 2755 1724 2783 τούτου
1738 2755 1779 2791 τῷ
1793 2755 1853 2790 τῆς·

1057 2806 1162 2838 πόλεως
1176 2805 1329 2840 ὲπισκόπῳ,
1344 2803 1391 2831 καὶ
1410 2803 1554 2839 δωρεῖσθαι
1571 2802 1606 2830 τὰ
1621 2801 1762 2838 ἀρκοῦντα
1775 2800 1847 2836 πρὸς

1057 2851 1105 2888 τὴν
1119 2851 1293 2887 λυχνοκαῖαν,
1309 2849 1357 2877 καὶ
1371 2849 1422 2885 τὴν
1435 2848 1512 2885 ἱερὰν
1532 2849 1716 2885 λειτουργίαν,
1732 2847 1780 2874 καί
1795 2846 1848 2882 τὴν
