1954 3080
100 190 147 223 609

430 182 632 216 SYNTAGMA
650 177 891 211 CANONUM.—
906 177 981 208 TIT.
1003 177 1061 208 ΙΙΙ.
1075 178 1155 209 CAP.
1174 178 1261 216 X-lll,
1277 178 1356 210 XVI.

1675 178 1728 211 610

98 242 252 278 ἀδιάφθορον
262 241 311 269 τοῦ
327 235 411 268 τόπου
423 239 552 274 τήρησιν,
577 236 625 263 καὶ
649 234 698 270 τὴν
719 232 877 269 ἁπιντροφὴν

943 239 986 258 am
1004 235 1103 259 tectam
1121 232 1173 261 loci
1190 233 1441 267 conservationem,
1455 237 1482 261 et
1496 233 1529 261 ad
1542 234 1723 262 sustentatio—

97 289 146 316 τῶν
162 277 407 324 γπροσεδρευόντων
425 292 433 300 ·
454 284 502 311 καὶ⁹
526 282 588 309 τότε
615 281 662 308 τδν
678 280 828 307 ἐπίσκοπον
846 277 878 305 τὸ

97 323 207 370 πρᾶγμα
219 333 288 359 πᾶσι
299 330 469 366 φανεροῦντα
481 327 601 364 δημοσίᾳ
619 326 709 353 ἐκεῖσε
723 323 877 360 προσιέναι,

97 379 141 406 καὶ
155 379 201 405 σὺν
216 378 283 413 εὐχῇ
297 376 435 412 πηγνύναι
453 374 582 410 σταυρὸν,
608 373 656 400 καὶ
682 371 744 398 τότε
756 370 786 396 τὺ
798 370 879 405 ἔργον

96 425 288 462 ἁρχεσθαι·,καὶ
302 424 344 452 ὅτι
355 424 371 450 ὁ
382 422 536 458 ἀρξάμενος
550 420 610 448 νέον
623 417 752 454 κτίζεινῆ
764 417 879 444 παλαιὸν

96 470 228 504 ἀνανεοῦν,
253 468 438 503 ἀναγκάζεται
469 466 539 503 μετὰ
582 464 762 500 κληρονόμων
789 462 872 490 αὑτοῦ

96 517 167 553 παρὰ
179 516 225 543 τοῦ
235 515 387 542 ἐπισκόπου
402 513 450 541 καὶ
464 512 513 540 τοῦ
527 511 670 547 οἰκονόμου
696 510 744 537 καὶ
757 509 805 536 τοῦ
817 509 880 544 ίᾶρ-

95 571 194 599 χοντος,
210 561 242 589 τὸ
256 561 356 597 ἀρχθὲν
372 559 527 596 πληρῶσαι.

127 608 157 635 Εἰ
167 607 195 634 δέ
204 615 247 638 τις
258 608 288 634 ἐν
300 605 426 640 ἰδιωτικῷ
436 605 513 640 οἴκῳ,
523 602 689 639 προαστείῳ,
698 601 715 637 ἢ
723 600 827 637 χωρίῳ,
842 601 881 627 ἰε-

97 653 143 689 ρὰν
155 652 290 680 ἐκτελέσει
303 650 486 686 λειτουργίαν,
496 650 514 686 ἡ
528 658 599 676 τισιν
613 648 756 675 ἐκτελέσαι
772 655 881 682 συγχω-

97 699 179 734 ρήσει,
193 697 254 733 δίχα
264 697 403 732 κληρικῶν
413 695 620 731 ἀφοριζομένων
631 694 708 729 παρὰ
715 693 762 720 τοῦ
772 692 827 719 τῶν
836 691 883 718 τό-

96 752 150 770 πων
161 743 342 776 ἐπισκόπου,ό
355 742 438 774 τόπος
452 742 481 769 ἐν
488 737 510 775 ᾧ
520 740 600 768 τοῦτο
609 740 732 775 γέγονεν,
743 738 772 765 ἐν
781 737 882 774 εἰδήσει

95 788 139 816 τοῦ
151 788 291 822 δεσπότου,
300 787 503 823 προσκυροῦται
514 787 548 822 τῇ
556 785 700 821 ἐκκλησίᾳ,
710 784 754 811 διὰ
766 783 812 810 τοῦ
823 784 884 810 ἐπι-

95 835 191 862 σκόπου
206 834 311 862 καὶτοῦ
322 834 466 869 οἰκονόμου
480 833 585 861 καὶτοῦ
596 833 736 868 ἄρχοντος,
747 830 820 858 κατὰ
833 830 883 865 τὴν

94 880 118 915 γ’
131 881 197 908 διάτ.
208 880 256 908 τοῦ
273 880 294 916 β’
311 881 363 908 τίτ.
377 879 433 907 τῶν
451 879 576 915 Νεαρῶν.
594 879 627 905 Ἠ
640 879 694 914 γὰρ
709 876 735 910 ς’
747 877 817 904 διάτ.
835 874 882 902 τοῦ

931 285 993 305 nem
1017 285 1113 305 eorum
1133 279 1181 313 qui
1198 278 1280 316 [illic]
1309 279 1461 312 assideant,
1488 279 1599 307 donare.
1618 279 1727 311 Deinde

931 331 998 351 vero
1011 323 1175 359 episcopum
1192 332 1249 352 rem
1264 324 1394 352 omnibus
1411 324 1585 352 manifestam
1602 325 1726 358 reddere,

931 369 1040 404 publice
1058 369 1123 397 illuc
1139 369 1296 405 procedere,
1321 374 1349 397 et
1364 370 1493 398 adhibitis
1512 370 1640 405 precibus
1661 378 1728 398 cru-

931 423 990 442 cem
1003 415 1096 451 ﬁgere,
1117 420 1208 443 actum
1228 415 1441 451 [demum]opus
1455 415 1581 443 inchoari
1591 415 1726 452 [debere].

932 460 976 494 Et,
988 461 1062 496 quod
1077 461 1124 496 qui
1142 468 1247 488 novum
1261 460 1440 497 [oratorium]
1454 465 1608 495 exstruere,
1620 462 1663 489 vel
1679 470 1728 489 ve-

933 511 975 534 tus
988 514 1119 534 revocare
1144 507 1271 542 coeperit,
1285 513 1404 542 coeptum
1420 507 1552 542 perlicere
1566 507 1600 535 ab
1616 515 1728 535 cecono-

932 552 995 585 mis,
1003 552 1142 588 episcopo,
1150 558 1176 580 et
1186 553 1349 588 magistratu
1360 561 1422 580 cum
1432 553 1586 581 heredibus
1599 559 1725 589 cogatur.

970 597 1078 625 Teztus.
1096 599 1174 632 Quod
1188 600 1211 628 si
1229 600 1291 635 quis
1308 600 1389 637 148
1403 602 1429 628 in
1444 602 1552 637 privato
1567 602 1727 629 sttburbano

933 647 981 671 aut
1000 644 1103 679 praedio
1128 645 1189 672 sine
1206 646 1315 674 clericis
1329 655 1345 674 a
1363 648 1485 675 locorum
1501 648 1629 683 episcopo
1642 649 1728 683 depu-

934 689 1007 721 tatis,
1025 697 1136 717 Sacrum
1163 692 1347 719 ministerium
1372 697 1493 728 peragat,
1521 693 1563 720 vel
1585 693 1726 728 aliquibus

934 743 1067 771 peragere
1089 737 1222 765 concedat
1238 747 1245 766 :
1261 739 1351 772 locus,
1375 740 1402 766 in
1421 747 1476 775 quo
1501 739 1529 766 id
1553 740 1657 767 sciente
1675 740 1726 767 do-

934 783 1010 809 mino
1036 782 1139 810 factum
1163 789 1216 817 est,
1240 792 1290 819 per
1311 785 1484 820 episcopum,
1507 793 1681 813 ceconomum
1699 790 1728 814 et

935 829 1126 863 magistratum
1152 829 1291 862 addicitur
1311 831 1450 864 Ecclesiae,
1482 833 1635 860 secundum
1661 840 1728 860 con-

935 873 991 902 stit.
1018 875 1047 907 3,
1064 875 1106 902 tit.
1121 875 1139 902 2
1156 874 1342 904 Novellarum.
1359 876 1476 905 Constit.
1494 883 1585 905 autem
1606 878 1633 911 6,
1651 879 1692 905 tit.
1710 878 1724 905 ι

95 929 117 953 α’
127 927 240 953 τίτ.τιῖ›ν
258 927 348 954 αὐτῶν
366 925 491 961 Νεαρῶν,
509 923 586 952 εἶπεν
600 924 683 952 αὐτὸν
697 922 860 958 φιοκοῦσθαι
876 929 882 936 ·

943 919 1121 954 Novellarum,
1137 921 1213 949 illum
1231 923 1377 950 contiscari
1405 923 1482 952 dicit.
1503 923 1535 951 Et
1549 926 1659 952 constit.
1682 925 1725 957 15,

95 972 166 1008 καίή
185 975 215 998 ιε’
234 972 304 999 διάτ.
318 971 365 998 τοῦ
383 970 407 1005 γ’
422 971 475 997 τίτ.
490 970 537 997 τοῦ
553 969 578 997 a.’
594 970 665 1005 βισλ.
683 968 732 996 τοῦ
760 967 826 995 κώδ.
851 967 884 993 Εἰ

94 1018 120 1045 δὲ
134 1018 251 1054 ἠγνόησε
274 1017 305 1045 τδ
320 1017 463 1053 γινόμενον
478 1018 492 1044 ὁ
507 1016 653 1051 δεσπότης,
668 1015 699 1042 οὐ
715 1013 861 1050 ζημιοῦται
875 1021 883 1029 ·

95 1063 148 1089 ἀλλ’
175 1064 200 1089 οἰ
225 1063 406 1097 γινώσκοντες
436 1061 598 1098 φροντισταὶ
612 1059 661 1087 καὶ
688 1059 824 1093 μισθωταὶ
837 1057 885 1084 καὶ

95 1110 262 1144 ἐμφυτευταὶ
277 1109 445 1146 ἐξορίζονται
459 1109 509 1144 τῆς
521 1107 668 1144 ἐπαρχίας,
683 1106 737 1132 τῶν
754 1104 885 1141 πραγμά-

95 1163 145 1182 των
168 1155 261 1182 αὐτῶν
283 1155 534 1191 προσκυρουμένων
565 1155 598 1189 τῇ
626 1151 762 1187 ἐκκλησίᾳ
783 1159 791 1168 ·
817 1151 842 1177 οἰ
855 1150 885 1177 δέ

95 1201 207 1236 ὕπαρχοι
235 1200 321 1227 ταῦτα
351 1200 528 1236 παρορῶντες
556 1199 587 1226 ἐν
613 1196 761 1233 εἰδήσει,ν’
790 1195 885 1232 λίτρας

95 1244 254 1280 ζημιοῦνται
270 1254 278 1261 ·
313 1245 362 1271 καὶ
381 1245 399 1280 ή
424 1244 501 1278 τάξις
525 1246 546 1270 ν’
563 1252 570 1260 ·
593 1242 682 1276 ἔξεστι
709 1240 802 1276 μέντοι
827 1240 884 1271 τοῖς

94 1289 196 1325 ἔχουσιν
208 1291 241 1317 ἐν
252 1290 309 1322 τοῖς
325 1290 410 1322 οῐκοις
427 1289 517 1316 αὐτῶν
543 1288 677 1324 εὑκτήρια
692 1286 834 1322 εὔχεσθαι,
852 1286 885 1312 οὐ

95 1337 146 1373 μὴν
161 1338 207 1365 καὶ
216 1338 392 1373 λειτουργίαν
406 1337 483 1373 παρὰ
498 1335 533 1363 τὰ
551 1335 685 1372 εἰρημένα
697 1335 795 1362 ποιεῖν.

125 1395 252 1422 ΚΕΦΔΛ.
276 1393 326 1422 lE'.
346 1394 461 1428 -Περί
479 1393 654 1420 ἐπισκόπων
681 1392 701 1427 ἣ
720 1390 882 1426 κληρικῶν.

94 1440 378 1474 συγκοινωνούντων
391 1439 410 1474 ἢ
425 1437 658 1473 συνευχομένων
678 1437 847 1472 αἱρετικοῖς,
863 1438 883 1472 ἢ

100 1484 266 1520 Ἰουδαίοις,
285 1486 305 1521 ἢ
323 1485 544 1520 ἐπιτρεπόντων
569 1484 674 1518 αὐτοῖς
698 1484 841 1519 ἐνεργεῖν,
863 1484 883 1519 ἢ

93 1530 262 1567 δεχομένων
274 1531 374 1559 αὐτῶν
393 1532 514 1559 θυσίαν.

233 1589 430 1617 Ἀποστόλων
445 1588 546 1616 κανὼν
561 1591 588 1621 t',
600 1587 654 1623 με’,
667 1590 725 1624 μς-¹.

127 1633 152 1662 ι’.
169 1635 204 1662 El
215 1644 259 1668 τις
272 1636 447 1670 ἀκοινωνήτῳ
462 1635 515 1662 κᾶν
531 1635 560 1661 ἐν
576 1635 644 1670 οἴκῳ
656 1633 825 1667 συνεύξεται,
839 1628 886 1660 οὖ-

91 1689 134 1713 τος
148 1681 334 1717 ἀφοριζέσθω.

126 1727 178 1763 με’.
187 1728 354 1760 Ἐπίσκοπος
362 1727 380 1764 ἥ
389 1726 573 1763 πρεσόύτερος
583 1725 600 1761 ἢ
608 1725 730 1757 διάκονος
738 1725 886 1761 αἰρετικοϊς

92 1774 301 1810 συνευξάμενος,
332 1773 413 1809 μόνον
439 1772 611 1808 ἀφοριζέσθω
627 1779 635 1787 ·
668 1773 693 1798 ει
719 1771 748 1797 δέ
768 1770 815 1798 καὶ
837 1771 885 1797 ἐπ-

94 1818 207 1855 έτρεψεν
224 1820 322 1852 αὐτοῖς
338 1819 377 1852 ὡς
403 1819 546 1854 κληρικοίς
565 1817 713 1854 ἐνεργῆσαί
728 1825 767 1850 τι,
787 1816 886 1843 καθαιι

92 1866 201 1901 ρείσθω.

127 1912 186 1947 μς¹.
203 1912 372 1940 Ἐπίσκοπον
386 1912 403 1948 ἢ
414 1910 600 1948 πρεσΰύτερον
611 1912 758 1947 αἰρετικῶν
771 1912 885 1949 δεξαμέ-

91 1964 151 1989 νους
167 1957 316 1993 βάπτισμα
327 1957 344 1993 ἧ
355 1956 458 1990 θυσίαν,
468 1956 658 1992 καθαιρεῖσθαι
667 1958 884 1994 προστάσσομεν.

94 2003 142 2036 Τίς
158 2004 214 2038 γὰρ
225 2003 428 2039 συμφώνησις
446 2003 563 2037 Χριστῷ
576 2003 652 2037 πρὸς
664 2003 773 2039 Βελίαρ
781 2011 791 2037 ;
805 2004 825 2040 ἢ
840 2005 885 2038 τίς

88 2048 172 2083 μερὶς
186 2048 289 2082 πιστῷ
303 2050 379 2083 μετὰ
392 2049 543 2080 dmum);

231 2093 371 2121 Συνόδου
389 2093 572 2128 Ἀντιοχείας
593 2093 695 2121 κανὼν
710 2093 743 2130 β’.

124 2138 157 2168 B’.
171 2140 285 2172 Πάντας
298 2140 361 2172 τοὺς
375 2139 509 2171 εἰσιόντας
519 2140 559 2171 εἰς
567 2138 616 2175 τὴν
624 2139 772 2176 ἐκκλησίαν
789 2148 848 2167 κ.τ.
858 2139 883 2166 λ.

231 2227 371 2256 Συνόδου
383 2227 560 2261 Λαοδικείας
574 2227 675 2254 κανὼν
690 2227 742 2262 λγ’.

123 2273 175 2308 λγ¹.
193 2274 258 2301 Ὀτι
276 2273 309 2300 οὐ
323 2273 364 2300 δεῖ
384 2273 563 2309 αἰρετικοτςῆ
584 2274 774 2309 σχισματικοῖς
787 2274 884 2301 συνεύ-

90 2319 196 2354 χεσθαι.

129 2367 162 2393 Ἡ
175 2366 197 2393 δ’
214 2365 341 2398 διάταξις
361 2364 408 2391 τοῦ
420 2363 444 2399 γ’
460 2364 511 2392 τίτ.
531 2364 585 2391 τῶν
601 2364 726 2400 Νεαρῶν,
742 2365 824 2400 φησὶν
847 2365 887 2392 ὅτι

91 2412 258 2447 συνάγοντες
271 2412 296 2438 οἱ
313 2412 448 2446 αῑρετικοὶ
466 2411 514 2437 καὶ
529 2411 554 2437 οἰ
576 2410 645 2446 πρὸς
657 2410 756 2442 αὐτοὺς
771 2412 887 2445 συναγό-

91 2466 177 2492 μενοι,
193 2458 244 2490 τὰς
261 2457 318 2484 ἀπὸ
339 2457 394 2484 τῶν
414 2457 562 2489 διατάξεων
586 2457 682 2488 ποινὰς
701 2456 884 2491 ὑπομένουσι·

90 2502 137 2529 καὶ
149 2503 174 2529 οἰ
194 2501 280 2534 οἶκοι,
297 2503 326 2528 ἐν
338 2500 379 2533 οἷς
391 2501 578 2537 ἁμαρτάνεται
591 2501 681 2534 τοῦτο,
695 2503 729 2537 τῇ
742 2502 810 2537 ἁγίᾳ
824 2502 886 2528 Ἐκ-

89 2548 192 2584 κλησίᾳ
208 2547 442 2583 προσκυροῦνται.

123 2593 256 2620 ΚΕΦΔΛ.
274 2590 333 2625 ΙΕΓ.
343 2606 378 2612 —-
388 2591 457 2626 Περί
465 2591 519 2619 τοῦ
530 2590 575 2626 μὴ
587 2590 651 2618 δεῖν
664 2591 700 2619 τὰ
713 2591 791 2626 ἅγια,
806 2592 887 2628 λόγῳ

89 2638 252 2674 εὐλοτιῶν,
266 2639 311 2671 εἰς
330 2637 384 2671 τὰς
398 2638 555 2672 παροικίας
567 2637 748 2672 πέμπεσθαι.

235 2683 373 2711 Συνόδου
390 2682 564 2715 Λαοδικείας
586 2682 688 2710 κανὼν
700 2683 742 2710 ιδ’.

125 2729 167 2756 ιδ’.
183 2729 256 2765 Περὶ
272 2728 320 2755 τοῦ
335 2729 373 2765 μὴ
391 2729 426 2756 τὰ
438 2729 504 2764 ἅγια
520 2729 560 2760 εἰς
575 2728 654 2763 λόγον
668 2729 799 2764 εὐλογιῶν
814 2730 885 2758 κατὰ

90 2774 140 2810 τῆν
157 2776 258 2812 ἑορτὴν
273 2775 320 2802 τοῦ
335 2776 440 2811 Πάσχα,
451 2775 491 2808 εἰς
505 2775 601 2811 ἐτέρας
615 2775 760 2811 παροικίας
770 2776 887 2813 διαπέμ-

91 2821 203 2849 ασθαι.

127 2880 152 2897 ⁵³
168 2881 189 2909 ll
206 2881 276 2910 Cor.
288 2890 322 2917 Vt,
338 2883 382 2911 Η.

937 966 979 993 tit.
993 967 1022 999 5,
1040 966 1087 994 lib.
1104 975 1121 1000 ι,
1137 968 1200 995 eod.
1220 967 1251 995 Si
1267 975 1332 996 vero
1349 977 1406 996 rem
1428 969 1502 996 illam
1521 970 1657 1005 ignoravit
1675 971 1726 998 do-

935 1011 1038 1045 minus,
1064 1020 1119 1040 non
1144 1014 1300 1041 multatur:
1315 1015 1362 1042 sed
1386 1015 1505 1044 scientes
1521 1020 1725 1050 procuratores,

935 1061 962 1085 et
973 1058 1163 1092 conductores,
1184 1061 1368 1095 emphyteutae
1393 1061 1475 1088 rebus
1497 1061 1618 1095 ipsorum
1638 1062 1725 1089 eccle-

935 1102 983 1130 sia!
994 1103 1122 1137 addictis,
1144 1109 1222 1132 extra
1247 1105 1415 1140 provinciam
1443 1107 1589 1134 mittuntur
1603 1107 1630 1134 in
1653 1108 1727 1135 exsi-

935 1148 1013 1176 lium.
1032 1148 1157 1177 Praefecti
1172 1158 1238 1178 vero
1262 1152 1308 1187 qui
1327 1152 1446 1180 scientes
1473 1153 1532 1180 haec
1554 1153 1726 1188 permittunt,

935 1195 1136 1231 quinquaginta
1153 1197 1233 1224 libris
1248 1198 1411 1230 multantur,
1427 1203 1454 1226 et
1468 1199 1568 1227 cohors
1584 1200 1726 1226 tantidem.

935 1240 1012 1269 Licet
1034 1242 1157 1276 interim,
1181 1248 1211 1271 ut
1226 1244 1273 1278 qui
1297 1243 1324 1271 in
1348 1244 1453 1272 aedibus
1476 1245 1595 1272 oratoria
1614 1245 1726 1277 habent,

937 1287 1029 1324 [inibi]
1055 1294 1204 1324 precentur
1219 1298 1227 1318 :
1241 1298 1296 1317 non
1317 1298 1383 1318 vero
1402 1291 1484 1318 etiam
1506 1290 1622 1327 [divina]
1646 1291 1728 1318 mitti-

935 1333 1019 1361 steria
1033 1339 1127 1361 contra
1144 1333 1209 1369 [iam
1229 1333 1302 1362 dicta
1320 1334 1528 1371 exsequantur.]

969 1388 1034 1416 CAP.
1052 1387 1112 1416 XV.
1125 1405 1160 1410 —
1175 1389 1211 1417 De
1232 1391 1360 1425 episcopis
1381 1391 1420 1417 cel
1437 1391 1539 1418 clericis
1555 1391 1600 1426 qui
1612 1399 1729 1418 comma-

934 1433 1022 1461 nicanl
1040 1435 1078 1462 vel
1103 1441 1180 1463 orant
1204 1444 1264 1463 cum
1292 1436 1421 1464 haereticis
1446 1443 1491 1464 aut
1510 1437 1622 1469 Jttdwis,
1637 1437 1675 1464 vel
1690 1438 1728 1463 eis

933 1479 1076 1507 concedunt
1090 1487 1145 1506 rem
1158 1488 1263 1507 sacram
1275 1481 1473 1515 administrare,
1489 1481 1529 1508 vel
1543 1489 1633 1509 eorum
1643 1482 1729 1508 sacri-

932 1525 1024 1561 ﬁcium
1039 1526 1193 1554 admittunt.

1080 1584 1267 1618 Apostolorum
1288 1593 1402 1612 canones
1426 1584 1469 1617 l0,
1483 1585 1527 1618 45,
1542 1585 1587 1613 46.

973 1629 1017 1657 l0.
1040 1629 1069 1657 Si
1086 1629 1148 1664 quis
1164 1638 1227 1657 eum
1253 1632 1503 1665 excommunicato,
1526 1631 1568 1659 vel
1585 1632 1611 1659 in
1634 1631 1727 1663 domo,

937 1682 990 1702 una
1002 1678 1129 1709 precatus
1144 1674 1237 1706 fuerit,
1251 1675 1276 1703 is
1291 1680 1461 1710 segregetur.

970 1720 1016 1747 45.
1032 1720 1193 1756 Episcopus,
1213 1720 1254 1748 vel
1277 1721 1430 1757 presbyter,
1450 1721 1493 1748 vel
1517 1720 1660 1748 diaconus.
1679 1719 1727 1755 qui

936 1773 998 1793 cum
1012 1766 1148 1793 haereticis
1163 1765 1204 1792 vel
1219 1765 1308 1793 solum
1322 1770 1514 1800 comprecatus
1529 1770 1580 1798 est,
1598 1772 1726 1800 segrege-

936 1815 989 1838 tur.
1007 1810 1054 1838 Sin
1066 1817 1157 1839 atttem
1169 1812 1209 1838 eis
1228 1815 1359 1846 tanquam
1375 1811 1483 1839 clericis
1496 1810 1598 1845 aliquid
1618 1809 1726 1845 operari

935 1857 1102 1893 permiserit,
1113 1857 1278 1892 deponatur.

970 1904 1016 1932 46.
1028 1904 1203 1940 Episcopum,
1212 1905 1253 1931 vel
1266 1904 1462 1940 presbyterum,
1471 1903 1516 1938 qui
1534 1902 1726 1930 haereticorum

936 1951 1101 1986 baptismum
1123 1951 1166 1978 vel
1189 1950 1354 1979 sacriﬁcium
1377 1950 1530 1983 admiserit,
1558 1950 1656 1984 deponi
1679 1948 1727 1983 ju-

935 1996 1052 2024 bemus:
1068 1996 1134 2029 Qua
1158 2000 1198 2024 est
1226 1997 1295 2024 enim
1318 1998 1453 2023 conventio
1471 1995 1573 2023 Christi
1600 2003 1660 2022 cum
1677 1995 1728 2022 Be-

936 2042 1005 2070 lial?
1017 2043 1056 2069 vel
1074 2051 1132 2077 quae
1146 2051 1209 2077 pars
1220 2046 1258 2069 est
1273 2042 1346 2076 ﬁdeli
1362 2050 1421 2068 cum
1434 2042 1535 2076 infideli
1550 2041 1584 2068 “.

1073 2088 1153 2124 149
1166 2088 1281 2116 Concilii
1296 2087 1453 2114 Antiocheni
1465 2095 1550 2113 canon
1561 2086 1589 2113 2.
1693 2121 1699 2127 _

970 2132 998 2161 2.
1017 2133 1120 2161 Omnes
1144 2135 1189 2168 qui
1215 2133 1243 2160 in
1265 2132 1418 2161 Ecclesiam
1441 2132 1644 2167 ingrediuntur,
1660 2136 1726 2165 etc.,

936 2187 966 2209 ut
983 2190 1076 2217 supra,
1090 2189 1154 2217 pag.
1172 2181 1239 2208 6l8.

1115 2227 1230 2256 Concilii
1243 2227 1387 2254 Laodiceni
1403 2234 1489 2254 canon
1501 2226 1545 2253 '55.

971 2273 1015 2300 55.
1036 2272 1113 2306 Quod
1138 2280 1194 2300 non
1217 2277 1323 2308 oportet
1346 2280 1399 2300 una
1435 2279 1497 2299 cum
1527 2270 1663 2298 haereticis
1685 2271 1728 2298 vel

936 2316 1122 2347 schismaticis
1142 2325 1233 2345 orare.

974 2364 1084 2391 Tenus.
1108 2363 1245 2397 ConstJ,
1264 2363 1307 2390 tit.
1330 2363 1358 2394 6,
1384 2362 1556 2390 Novellarum
1572 2362 1627 2390 ait:
1649 2362 1728 2395 Quod

937 2411 983 2447 qui
1001 2411 1121 2439 haeretici
1140 2414 1228 2438 coetus
1242 2415 1356 2446 cogunt,
1372 2411 1474 2445 quique
1488 2409 1559 2444 apud
1577 2410 1638 2437 illos
1654 2417 1735 2437 cou-~

938 2461 1096 2493 gregantur,
1109 2456 1136 2484 in
1146 2456 1260 2492 digestis
1274 2456 1428 2490 descriptas
1442 2463 1537 2490 ptenas
1554 2455 1725 2483 sustineant:

936 2507 963 2530 et
976 2504 1085 2534 domus,
1100 2502 1126 2529 in
1150 2502 1253 2537 quibus
1278 2502 1330 2530 hoc
1346 2501 1521 2537 delinquitur,
1548 2507 1650 2529 sanctae
1674 2501 1727 2528 Ec-

936 2549 1027 2577 clesia
1042 2549 1216 2576 addicantur.
1547 2582 1550 2585 _

970 2594 1047 2622 CAP.
1059 2594 1127 2623 XVI.
1139 2609 1171 2615 -
1184 2594 1261 2628 Quod
1271 2602 1322 2622 non
1335 2599 1452 2630 oporteat
1467 2593 1624 2621 oblationem
1638 2601 1728 2621 conse—

936 2646 1060 2674 cratam,
1080 2641 1192 2676 eulogia
1210 2641 1298 2668 instar
1315 2641 1349 2668 ad
1363 2641 1492 2676 parwcias
1506 2641 1619 2667 mittere.

1115 2686 1229 2714 Concilii
1243 2685 1387 2713 Laudiceni
1405 2695 1489 2714 canon
1506 2687 1550 2714 H.

974 2733 1017 2760 ιι.
1038 2731 1077 2760 Ne
1092 2737 1186 2761 sancta
1203 2733 1288 2761 instar
1304 2733 1522 2761 benedictiouum
1544 2733 1570 2760 in
1591 2731 1661 2760 festo
1676 2731 1728 2760 Pa-

938 2779 1028 2814 scha,
1049 2780 1075 2807 in
1091 2779 1159 2809 alias
1176 2781 1320 2816 parochias
1335 2781 1565 2808 transmittantur.
