1959 3061
213 182 265 216 611

803 177 935 208 ΡΗΟΤΙῙ
953 175 1206 207 PATRIARCH/E
1221 176 1277 207 GP.

1802 177 1857 209 612

249 237 327 267 CA‘P.
346 235 430 264 XVII.
449 246 483 257 -ι
499 235 540 264 Ne
557 235 746 271 defunctorum
765 234 919 269 corporibus
939 241 1010 260 com-

1097 232 1224 260 ΚΕΦΑΔ.
1246 230 1296 259 lz'.
1312 245 1347 252 —
1366 231 1439 266 Περι
1457 231 1513 260 τοῦ
1526 231 1571 267 μὴ
1590 231 1708 260 διδόναι
1725 231 1788 267 τοῖς
1797 237 1857 261 σώ-

215 284 305 313 munio
324 284 412 312 detur.

358 329 471 357 Coneiiii
486 328 705 364 Carthaginensis
724 334 809 354 canon
824 326 869 354 18.

252 377 296 405 is.
307 375 337 404 Si
345 376 406 410 quis
414 376 531 403 clericus
539 375 692 407 ordinatus,
702 378 768 406 etc.,
776 376 807 400 ut
815 380 897 407 supra
904 379 930 407 p.
945 371 1008 399 482.

321 422 401 457 150
419 420 533 449 Concilii
548 419 705 447 tecumenici
725 427 753 446 vt
768 426 854 446 canon
868 417 913 445 85.

251 468 297 496 85.
327 467 413 495 Nemo
438 466 461 483 "
481 470 654 494 mortuorum
685 464 850 500 corporibus
877 462 1011 491 Euchari-

216 516 298 543 stiam
314 513 500 542 communicet
519 522 526 540 :
545 513 678 547 scriptum
699 516 741 539 est
765 511 839 538 enim
857 519 865 538 :
891 509 1011 544 Accipite

215 566 241 589 et
252 561 376 588 comedite
397 560 431 586 '°.
445 559 616 586 Mortuorum
633 562 725 586 autem
744 564 866 593 corpora)
875 563 930 584 non
946 563 1011 591 pos-

216 612 280 636 sunt
295 607 430 641 accipere,
451 614 504 634 nec
519 605 674 634 comedere.

250 653 328 681 CAP.
343 652 478 680 XVlll.—
489 651 530 679 Ne
542 651 638 678 mulier
644 658 690 686 per
701 649 866 686 purgationi:
877 649 934 678 dies
941 656 1012 677 com-

217 701 341 728 muniret.

326 745 447 782 Dionysii
465 743 577 780 epistola
592 743 626 772 ad
637 742 784 771 Basilidem
801 751 859 778 cap.
877 742 906 770 2.

252 825 281 852 2.
299 824 338 852 De
353 824 515 852 mulieribus
529 828 618 864 autem
635 830 696 858 qua:
713 826 779 850 sunt
796 822 823 849 in
840 821 1010 854 abcessn,an

216 879 266 899 eas
279 871 320 898 sic
339 870 450 898 alfectas
473 873 599 905 oporteat
620 870 732 896 domum
759 867 806 895 Dei
832 867 947 902 ingredi,
966 875 1013 894 su-

1057 285 1134 313 μασι
1147 277 1207 305 τῶν
1220 277 1430 305 τελευτώντων
1447 279 1620 307 κοινωνίαν.

1184 322 1321 351 Συνιόδου
1335 325 1551 360 Καρθατέννης
1565 325 1668 353 κανὼν
1684 327 1730 362 ιη’.

1097 368 1144 404 ιη’.
1164 367 1228 397 Ἐάν
1244 378 1287 402 τις
1302 369 1433 406 κληρικδς
1449 371 1646 407 χειροτονῆται,
1662 381 1691 399 κ.
1710 381 1737 400 τ.
1751 371 1778 399 λ.

1125 415 1264 443 Συνόδου
1283 416 1495 451 οικουμενικῆς
1514 416 1605 451 ἕκτης
1618 416 1722 445 κανὼν
1735 420 1791 452 ny’.

1097 464 1153 495 κγ’.
1169 461 1274 496 Μηδεὶς
1284 462 1340 494 τοῖς
1351 461 1461 497 σώμασι
1468 461 1523 490 τῶν
1535 462 1793 498 τελευτώντων,τῆς
1803 462 1857 490 Εὑ-

1062 506 1207 543 χαριοτίας
1217 506 1397 542 μεταδιδότωι
1410 507 1569 543 γέγραπται
1582 507 1646 542 γάρ·
1662 506 1786 538 Λάϐετε,
1800 507 1856 542 φά-

1061 561 1141 588 γετε·
1155 552 1191 579 τὰ
1206 553 1235 579 δὲ
1245 552 1301 579 τῶν
1315 553 1421 589 νεκρῶν
1437 552 1565 589 σώματα,
1584 553 1644 580 οὐδὲ
1655 553 1748 580 λαϐεῖν
1759 553 1856 580 δῦναν-

1062 608 1108 626 ται
1121 598 1182 625 οὐδὲ
1198 598 1306 633 φαγεῖν.

1099 643 1225 671 ΚΕΦΔΛ.
1247 643 1302 670 ιιιν.
1317 657 1354 663 -
1374 642 1443 677 Περὶ
1462 643 1517 671 τοῦ
1537 643 1581 679 μὴ
1600 643 1710 678 χρῆναι
1728 645 1857 680 γυναῖκα

1063 690 1097 716 ὲν
1111 689 1176 722 ταῖς
1189 689 1314 724 ἡμέραις
1327 689 1384 725 τῆς
1392 690 1566 725 καθάρσεως
1578 691 1675 726 αὐτῆς
1688 692 1855 720 κοινωνεῖν.

1062 736 1223 763 Διονυσίου
1238 736 1273 763 ἐκ
1293 735 1350 771 τῆς
1370 737 1447 771 πρὸς
1466 737 1653 807 Βὲξσιλείδην
1670 738 1856 773 ἐπιστολῆς,

1402 780 1468 806 nego.
1511 791 1519 799 .

1402 780 1468 806 κεφ.
1485 780 1505 806 p‘
1511 791 1519 799 .

1100 815 1134 852 β’.
1158 816 1227 852 Περὶ
1247 816 1303 844 τῶν
1324 817 1354 844 ὲν
1380 817 1488 853 ἀφέδρῳ
1507 818 1656 853 γυναικῶν,
1677 819 1702 846 εί
1716 819 1858 855 προσῆκεν

1065 862 1151 894 αὑτὰς
1170 862 1243 890 οὕτω
1265 863 1454 899 διακειμένας,
1472 865 1513 896 εις
1526 864 1573 891 τὸν
1594 861 1669 891 οἶκον
1681 865 1794 892 εἰσιέναι
1808 866 1857 893 τοῦ

217 922 416 952 pervacaneum
429 915 472 942 vel
489 915 658 949 interrogare
673 913 812 941 existimo.
828 911 922 947 Neque
934 912 1008 940 enim

1072 908 1139 941 ἐοῦ,
1155 909 1284 944 περιττὸν
1295 909 1384 937 καὶτὸ
1396 909 1579 937 πυνθάνεσθαι
1592 910 1704 945 νομίζω.
1722 911 1790 938 Οὐδὲ
1800 911 1856 948 γὰρ

215 969 266 989 eas
280 961 420 994 existimo,
431 961 454 988 si
468 961 522 988 sint
535 960 588 995 piae
602 963 629 987 et
642 959 747 992 ﬁdeles,
765 959 805 986 sic
821 957 945 990 ati‘ectas,
960 966 1011 985 au-

216 1015 298 1036 suras
314 1007 356 1035 vel
382 1006 416 1034 ad
434 1011 558 1035 sanctam
576 1013 701 1033 mensam
728 1005 870 1038 accedere,
885 1004 927 1032 vel
947 1011 1011 1031 cor-

216 1062 268 1090 pus
287 1058 315 1082 et
340 1054 504 1089 sanguinem
525 1052 634 1080 Domini
657 1052 802 1087 attingere.
822 1050 916 1086 Neque
926 1051 1010 1084 enim,

216 1108 278 1135 qua:
294 1100 437 1127 duodecim
453 1106 588 1126 annorum
602 1098 707 1125 ﬂuxum
726 1097 846 1125 habebat
869 1097 903 1130 ¹¹,
920 1097 1011 1132 ipsum

216 1147 250 1174 ad
277 1146 441 1173 medicinam
472 1145 571 1181 tetigit,
593 1145 640 1173 sed
664 1144 752 1171 solam
781 1143 842 1178 ejus
864 1143 1012 1171 ﬁmbriam.

217 1191 302 1220 Orare
316 1192 388 1219 enim
407 1191 656 1226 quomodocunque
677 1198 707 1217 se
732 1189 833 1216 habeat
855 1189 967 1223 aliquis,
983 1191 1011 1215 et

217 1244 358 1273 utcunque
377 1237 454 1272 151
469 1238 505 1264 sit
527 1236 642 1264 aliectus
660 1235 769 1263 Domini
795 1234 965 1268 meminisse,
985 1237 1013 1262 et

216 1285 350 1312 auxilium
367 1284 532 1319 implorare,
558 1290 613 1310 non
627 1286 670 1311 est
684 1281 949 1317 reprehendendum.
970 1279 1011 1308 Ad

218 1331 322 1359 Sancta
340 1336 430 1358 autem
448 1334 620 1362 sanctorum,
637 1329 684 1364 qui
707 1336 762 1356 non
785 1327 900 1356 omnino
919 1327 1012 1354 anima

217 1378 320 1413 pariter
331 1382 358 1404 et
368 1384 485 1412 corpore
500 1384 587 1412 purus
600 1380 652 1408 est,
667 1374 798 1403 accedere
810 1372 1011 1409 prohibebitur.

368 1423 498 1450 Timothei
521 1421 696 1450 Alexandrini
710 1429 793 1449 canon
809 1420 837 1448 7.

252 1469 432 1505 Interrogatio
445 1470 472 1497 7.
488 1469 518 1496 Si
535 1468 633 1496 mulier
646 1471 777 1496 consueta
798 1466 851 1494 sibi
868 1464 1012 1493 muliebria

217 1516 350 1545 accidisse
359 1515 466 1549 viderit,
485 1514 601 1543 debetne
617 1514 651 1542 ad
669 1518 764 1542 saneta
782 1513 913 1549 mysteria
931 1519 1012 1540 acce-

217 1561 282 1589 dere
297 1569 331 1588 an
349 1561 418 1588 non?

252 1607 407 1642 Responsio.
424 1605 486 1634 Non
502 1606 582 1634 debet
598 1613 685 1641 usque
698 1605 763 1633 dum
776 1609 919 1641 purgetur.

250 1652 327 1681 CAP.
336 1652 409 1680 XIX.
420 1651 461 1680 Ne
475 1652 521 1680 Eat
537 1661 615 1679 sacra
628 1651 727 1679 oblatio
739 1655 868 1686 pruriente
879 1650 1012 1678 hccretico.

354 1741 485 1768 Timothei
500 1739 676 1768 Alexandrini
691 1748 776 1768 canon
792 1740 820 1769 9.

254 1786 433 1822 Interrogatio
450 1786 478 1814 9.
505 1787 546 1814 An
572 1787 653 1814 debet
680 1786 810 1819 clericus,
827 1787 1011 1822 prmsentibus

218 1833 344 1865 Arianis,
358 1833 401 1860 vel
421 1832 482 1859 aliis
499 1831 646 1864 haereticis,
660 1839 760 1866 orare;
778 1837 804 1860 et
818 1840 852 1860 an
867 1840 930 1861 eum
946 1833 1013 1861 nihil

219 1880 293 1909 laedit
307 1878 416 1914 quando
432 1878 476 1905 ille
490 1877 556 1906 facit
576 1879 739 1912 orationem,
767 1886 814 1907 seu
826 1879 1012 1908 oblationem?

254 1966 410 1999 Responsio.
437 1965 468 1994 In
497 1966 590 1994 divina
617 1966 757 1995 oblatione
782 1967 918 1996 diaconus
949 1972 1013 1997 ante

217 2013 413 2041 salutationem
427 2013 527 2046 edicit;
543 2012 591 2048 qui
604 2021 657 2040 non
673 2014 898 2048 communicatis,
914 2014 1013 2042 ambu-

218 2059 281 2087 late.
300 2058 360 2086 Non
375 2059 474 2087 debent
498 2066 563 2094 ergo
587 2058 732 2091 interesse,
757 2059 810 2087 nisi
830 2059 1013 2095 proﬁteantur

217 2113 248 2134 se
262 2105 451 2140 paenitentiam
471 2109 592 2138 acturos,
609 2109 636 2132 et
650 2105 777 2133 haeresim
792 2106 938 2134 vitaturus.

250 2151 327 2179 CAP.
344 2151 404 2179 XX.
419 2167 455 2173 —-
467 2151 563 2179 Utrum
573 2156 632 2187 post
641 2151 793 2179 illusionem
801 2156 957 2179 nocturnam
965 2152 1012 2188 qui

215 2199 400 2226 comnunicet.

296 2243 419 2279 Dionysii
435 2252 468 2271 ea:
487 2243 599 2280 epistola
615 2244 651 2271 ad
665 2243 814 2271 Basilident
831 2251 890 2279 cap.
905 2243 922 2272 4

252 2334 281 2362 4.
295 2334 363 2367 Quis
378 2339 471 2362 autem
489 2334 516 2362 in
540 2342 594 2362 non
608 2333 762 2361 voluntario
777 2337 912 2360 nocturno
935 2332 1010 2360 ﬂuxu

216 2379 330 2412 fuerint,
355 2379 374 2407 ii
398 2388 508 2415 quoque
523 2377 662 2415 propriam
678 2379 875 2407 conscientiam
895 2387 1012 2413 sequan-

217 2431 274 2459 tur,
282 2431 309 2454 et
318 2426 422 2462 seipsos
433 2435 467 2454 an
476 2427 510 2454 de
518 2434 551 2454 eo
563 2427 686 2454 dubitent
702 2434 736 2453 an
752 2433 818 2455 non.
826 2425 1012 2453 considerent.

216 2472 453 2506 Quemadmodum
468 2473 494 2500 in
509 2472 589 2504 cibis,
602 2473 647 2508 qui
669 2473 795 2500 discernit
809 2471 898 2506 152,
914 2471 1013 2506 inquit,

217 2519 240 2546 si
254 2519 407 2551 comederit,
421 2518 611 2545 condemnatus
621 2518 709 2551 est";
726 2518 753 2544 in
762 2518 804 2545 his
815 2524 924 2552 quoque
941 2517 1012 2544 bona

216 2564 254 2592 sit
268 2564 449 2595 conscientio,
472 2569 499 2591 et
522 2564 607 2591 libere
627 2564 756 2599 loquatur
777 2563 928 2591 secundum
948 2570 1013 2598 pro-

217 2612 304 2648 priam
323 2612 529 2648 cogitationem,
548 2610 638 2639 omnis
653 2612 700 2646 qui
715 2610 747 2638 ad
762 2609 849 2638 Deum
862 2609 979 2638 accedit.

467 2658 598 2685 Timothei
608 2666 694 2685 canon
719 2657 763 2684 12.

251 2704 429 2741 Interrogatio
444 2705 488 2733 i2.
503 2705 546 2732 .Si
567 2705 665 2737 laicus,
691 2704 737 2739 qui
758 2702 916 2736 somniavit,
933 2703 1012 2731 cleri—

215 2759 278 2780 cum
293 2753 501 2788 interrogaverit
513 2761 547 2780 an
558 2753 638 2781 debet
648 2752 673 2780 ei
684 2749 842 2787 permittere
854 2750 1008 2778 communi-

215 2806 289 2832 care,
306 2806 340 2826 an
358 2806 412 2826 non
422 2799 434 2827 Ἰ

251 2891 274 2907 ⁸⁸
291 2890 419 2927 Carthag.
439 2891 484 2920 l8.
521 2891 545 2908 '°
559 2890 655 2919 Matth.
671 2899 746 2926 xxt't,
761 2891 806 2921 26.

1065 955 1151 987 αὐτὰς
1168 955 1269 987 πιστὰς
1290 955 1376 988 οὔσας
1397 955 1473 991 οἶμαι
1497 956 1545 983 καὶ
1566 956 1691 988 εὐλαϐεῖς
1710 957 1857 993 τολμήσειν

1062 1000 1134 1028 οὕτω
1147 1001 1333 1037 διακειμένας.
1345 1002 1362 1037 ἢ
1379 1003 1412 1038 τῇ
1429 1002 1552 1038 τραπέζῃ
1566 1004 1599 1039 τῇ
1609 1003 1676 1040 ἁγίᾳ
1686 1004 1856 1040 προσελθεῖν,

1062 1046 1080 1082 ἢ
1091 1046 1138 1073 τοῦ
1154 1046 1280 1082 σώματος
1297 1046 1345 1074 καὶ
1360 1047 1406 1074 τοῦ
1430 1047 1546 1082 αἵματος
1561 1047 1608 1074 τοῦ
1630 1048 1750 1084 Χριστοῦ
1772 1057 1858 1085 προσ-

1063 1092 1194 1127 άψασθαι.
1218 1093 1285 1120 Οὐδὲ
1304 1093 1359 1127 γὰρ
1377 1093 1395 1129 ή
1410 1093 1460 1129 τὴν
1473 1094 1628 1130 δωδεκαετῆ
1645 1094 1725 1130 ῥύσιν
1744 1095 1856 1130 ἔχουσα,

1063 1139 1133 1175 πρὸς
1146 1139 1196 1175 τὴν
1211 1139 1284 1166 ἴασιν
1299 1139 1390 1174 ἔθιγεν
1409 1139 1504 1173 αὑτοῦ,
1522 1140 1590 1168 ἀλλὰ
1602 1140 1685 1174 μόνου
1704 1141 1752 1168 τοῦ
1766 1150 1852 1177 κρασ-

1065 1185 1158 1212 πέδου.
1173 1185 1378 1220 Προσεύχεσθαι
1395 1186 1445 1221 μὲν
1459 1186 1515 1222 γὰρ
1530 1186 1605 1218 ὅπως
1619 1187 1653 1214 ἂν
1681 1187 1731 1224 ἔχῃ
1746 1196 1798 1221 τις,
1809 1189 1858 1215 καὶ

1062 1230 1101 1262 ὡς
1123 1230 1157 1257 ἂν
1180 1230 1313 1258 διάκειται
1331 1232 1487 1267 μεμνῆσθαι
1503 1233 1550 1259 τοῦ
1564 1233 1712 1266 Δεσπότου,
1729 1234 1775 1261 καὶ
1798 1234 1855 1261 δεῖ-

1065 1275 1126 1303 σθαι
1143 1276 1269 1312 βοηθείας
1284 1279 1388 1313 τυχεῖν,
1411 1278 1591 1313 ἀνεπίφθονον
1604 1287 1611 1293 ·
1629 1280 1671 1311 εἰς
1686 1279 1715 1306 δὲ
1728 1279 1765 1307 τὰ
1788 1280 1856 1314 ἅγια

1065 1322 1111 1348 καὶ
1128 1322 1164 1349 τὰ
1180 1323 1265 1357 Ἀγια
1289 1323 1344 1350 τῶν
1367 1324 1464 1358 ἁγίων,
1478 1325 1492 1352 ὀ
1509 1324 1546 1361 μὴ
1565 1325 1654 1361 πάντη
1668 1326 1788 1362 καθαρὸς
1801 1327 1858 1360 [καὶ

1063 1368 1137 1404 ψυχῇ
1155 1369 1203 1395 καὶ
1218 1367 1325 1405 σώματι
1341 1371 1494 1406 προσιέναι,
1513 1371 1713 1406 κωλυθήσεται.

1184 1416 1326 1450 Τιμοθέου
1348 1416 1581 1452 Ἀλεξανδρείας·
1591 1418 1692 1446 κανὼν
1707 1417 1741 1451 ζ’.

1106 1459 1278 1496 Ἐρώτησις.
1290 1461 1324 1494 ζ’.
1342 1462 1405 1489 Ἐὰν
1420 1463 1490 1497 γυνὴ
1498 1463 1540 1499 ἴδῃ
1554 1463 1588 1490 τὰ
1598 1463 1657 1491 κατ’
1667 1463 1726 1495 ἔθος
1739 1463 1794 1490 τῶν
1806 1471 1858 1498 γυ-

1063 1507 1192 1534 ναικείων
1209 1507 1304 1543 αὐτῆς,
1317 1508 1342 1535 εἰ
1356 1508 1459 1543 ὀφείλει
1474 1509 1674 1546 προσέρχεσθαι
1689 1512 1744 1543 τοῖς
1756 1519 1858 1548 μυστη-

1067 1552 1146 1588 ρίοις.
1164 1553 1233 1589 αὐτῇ
1248 1555 1282 1589 τῇ
1301 1554 1403 1590 ἡμέρᾳ,
1421 1554 1500 1591 iob;

1106 1598 1287 1634 Ἀπόκρισις.
1303 1600 1360 1627 Uini
1376 1601 1489 1636 ὀφείλει,
1507 1601 1559 1634 ἕως
1572 1601 1605 1629 ἂν
1619 1602 1785 1639 καθαρισθῇ.

1100 1645 1226 1673 ΚΕΦΑΛ.
1245 1644 1296 1673 ΙΘ’.
1311 1661 1347 1667 --
1360 1648 1431 1682 Περὶ
1454 1652 1508 1676 τού
1526 1649 1571 1684 μὴ
1593 1650 1729 1684 γίνεσθαι
1749 1651 1861 1687 ἁναφοο

1061 1690 1131 1726 ρὰν,
1145 1692 1296 1726 παρόντος
1311 1694 1474 1727 αἱρετικοῦ.

1184 1738 1323 1773 Τιμοθέου
1341 1739 1572 1776 Ἀλεξανδρείας
1586 1742 1688 1770 κανὼν
1703 1742 1736 1772 θ’.

1106 1783 1268 1818 Ἐρώτησις
1282 1783 1315 1813 0’.
1340 1786 1373 1813 El
1388 1787 1491 1822 ὀφείλει
1501 1787 1631 1823 κληρικδς
1642 1788 1769 1825 εὔχεσθαι
1786 1799 1860 1826 παρ-

1063 1827 1148 1857 όντων
1172 1831 1323 1866 Ἀρειανῶν
1343 1832 1360 1869 ἢ
1385 1833 1474 1861 ἄλλων
1499 1835 1669 1871 αἱρετικῶν;
1696 1836 1713 1873 ἢ
1734 1837 1758 1864 εἰ
1781 1838 1860 1865 οὐδὲν

1063 1876 1145 1904 αὑτὸν
1159 1875 1273 1912 βλάπτει
1286 1879 1388 1906 ὁπόταν
1408 1880 1490 1913 αὐτὸς
1513 1883 1578 1918 ποιῇ
1593 1882 1645 1918 τὴν
1665 1882 1758 1918 εὐχὴν,
1773 1883 1860 1919 ἤγουν

1063 1922 1112 1958 τὴν
1128 1925 1288 1960 προσφοράν
1296 1932 1303 1958 ;

1105 1968 1288 2004 Ἀπόκρισις.
1324 1971 1370 1998 Ἑν
1398 1972 1431 2008 τῇ
1459 1971 1520 2008 θείᾳ
1547 1973 1672 2010 ἀναφορᾷ
1693 1975 1708 2001 ό
1733 1974 1860 2008 διάκονος

1062 2017 1221 2051 προσφωνεῖ
1231 2016 1285 2053 πρὸ
1296 2017 1341 2044 τοῦ
1353 2018 1510 2054 ἀσπασμοῦ·
1529 2019 1560 2046 Οἱ
1573 2020 1762 2056 ἀχοινώνητοι,
1778 2030 1860 2058 περι-

1063 2062 1219 2098 πατήσατε.
1241 2064 1299 2090 Οὐκ
1323 2064 1477 2099 ὀφείλουσιν
1498 2065 1546 2093 οὖν
1565 2067 1705 2102 παρεῖναι,
1721 2068 1745 2095 εἰ
1762 2069 1799 2104 μὴ
1823 2069 1859 2095 ἂν

1061 2108 1443 2144 ὲπαγγιλλωνταιιμετανοεῖν,
1459 2112 1507 2139 καὶ
1521 2112 1666 2147 ἐκφεύγειν
1677 2113 1727 2148 τὴν
1739 2113 1856 2149 αἰρεσιν.

1097 2154 1223 2183 ΚΕΦΑΛ.
1240 2154 1284 2182 κ’.
1300 2170 1333 2176 -
1351 2156 1418 2191 Πῶς
1431 2158 1449 2184 ό
1459 2158 1643 2193 ὀνειρασθεὶς
1655 2159 1801 2187 κοινωνεῖ.

1024 2261 1049 2292 D
1065 2243 1224 2273 Διονυσίου
1244 2244 1281 2274 ἐκ
1305 2245 1362 2282 τῆς
1385 2248 1461 2282 πρὸς
1480 2248 1666 2285 Βασιλείδην
1687 2250 1858 2286 ἐπιστολῆς

1400 2302 1467 2329 κεφ.
1485 2295 1518 2323 δ’.

1094 2335 1126 2364 δ’.
1143 2337 1175 2365 Oi
1192 2337 1221 2365 δὲ
1234 2338 1264 2365 ὲν
1285 2339 1460 2376 ἁπροαιρέτῳ
1476 2343 1622 2378 νυχτερινῇ
1646 2342 1725 2378 ῥύσει
1737 2343 1858 2380 γενόμε-

1060 2392 1112 2415 νοι,
1130 2383 1178 2410 καὶ
1191 2392 1266 2412 ουτοι
1282 2384 1322 2420 τῷ
1337 2385 1395 2420 ἰδίῳ
1409 2387 1540 2414 συνειδότι
1552 2389 1856 2417 κατακολουθείτωσαν·

1061 2430 1110 2456 καὶ
1131 2429 1256 2463 ἑαυτοὺς,
1273 2431 1328 2457 εἴτε
1347 2431 1530 2468 διακρίνονται
1546 2434 1609 2468 περὶ
1627 2434 1717 2466 τοῦτο,
1731 2435 1788 2461 εἴτε
1802 2436 1855 2472 μὴ,

1064 2475 1261 2503 σκοπείτωσαν.
1281 2476 1326 2508 Ὣς
1340 2477 1394 2513 γὰρ
1410 2478 1457 2504 ἐπὶ
1473 2478 1526 2505 τῶν
1541 2478 1695 2515 βρωμάτων
1709 2482 1725 2508 ό
1738 2480 1857 2516 διακρι-

1060 2529 1170 2556 νλιενος
1183 2522 1276 2557 φησίν
1299 2523 1370 2550 Ἐὰν
1377 2523 1469 2559 φάγῃ,
1491 2526 1707 2560 κατακέκριταιι
1722 2526 1794 2555 οὕτω
1808 2529 1858 2556 καὶ

1060 2568 1090 2594 ὲν
1103 2567 1209 2598 τούτοις
1234 2568 1421 2605 εὐσυνείδητος
1448 2570 1520 2597 ἔστω
1544 2572 1593 2598 καὶ
1606 2571 1858 2609 ’νεὺπαῤῥησίαστος

1059 2611 1130 2639 κατὰ
1145 2612 1175 2638 τὺ
1191 2611 1256 2639 ἴδιον
1271 2613 1399 2649 ἐνθύμιον
1415 2615 1471 2646 πᾶς
1482 2617 1496 2642 ὸ
1509 2617 1631 2651 προσιὼν
1645 2617 1683 2653 τῷ
1699 2618 1769 2654 Θεῷ.

1301 2660 1442 2694 Τιμοθέου
1462 2661 1564 2688 κανὼν
1577 2672 1583 2689 ι
1587 2662 1621 2698 β’,

1105 2704 1276 2739 Ἐρώτησις.
1299 2705 1343 2741 ιβ’.
1363 2706 1426 2734 Ἐὰν
1439 2707 1608 2742 ὀνειρασθεὶς
1619 2709 1713 2742 λαῖκός
1727 2710 1857 2748 ἐρωτήσῃ

1064 2748 1205 2785 κληρικὸν,
1227 2751 1254 2778 τί
1274 2752 1376 2787 ὀφείλει
1400 2753 1545 2791 ἐπιτρέψαι
1571 2754 1647 2791 αὐτῷ
1671 2757 1855 2793 κοινωνῆσαι,

1062 2794 1136 2830 ῆοῦι
1688 2795 1690 2798 ’

845 2891 866 2909 ¹¹
885 2891 968 2919 Marc.
983 2900 1009 2926 ι’,
1023 2893 1068 2921 Ἡ.
1107 2893 1130 2910 θ’
1147 2893 1227 2922 Rom.
1243 2902 1298 2928 xtv,
1317 2894 1362 2922 25.
