1959 3061
87 2355 126 2389 to

203 171 258 203 615
783 166 914 196 ΡΗΟΤΙΙ
935 165 1186 196 ΡΑΤΒΙΑΒΟΗᾹΣ
1201 165 1257 197 CP.
1781 161 1835 194 M6

205 239 1806 259 __________________——————.———

876 318 1078 363 ΤΙΤΛΟΣ
1115 318 1173 362 Δι.

560 411 649 448 ιΠΕΡΙ
664 411 954 439 ΚΑΤΗΧΟΥΜΕΝΩΝ
972 410 1032 437 ΚΜ
1048 408 1117 436 ΤΟΥ
1133 410 1236 438 ΑΓΙΟΥ
1253 409 1506 438 ΒΛΠΤΙΣΜΛΤΟΣ.

826 575 1090 620 rl‘I'I‘ULUS
1128 575 1210 618 IV.

594 671 635 698 DE
656 667 925 697 CATECHUMENIS
943 667 987 695 ET
1006 667 1050 695 DE
1069 668 1206 698 SANGTO
1225 669 1455 699 BAPTISMATE.

242 783 357 815 CAPUT
388 782 535 811 PRIMUM.
555 781 666 809 ——Non
695 786 815 816 oportere
842 784 901 816 post
933 779 1000 808 duas

1088 781 1214 810 ΚΕΦΔΛ.
1228 782 1252 808 Α
1263 801 1270 808 .
1281 797 1316 802 —
1326 782 1397 817 Περὶ
1411 783 1465 810 τοῦ
1478 783 1521 818 μὴ
1537 783 1670 817 ὀφείλειν
1690 786 1765 818 μετὰ
1783 785 1837 812 δύο

207 831 425 866 Quadragesimo:
456 829 634 856 hebdomadas
668 835 826 863 quamquam
854 827 889 854 ad
914 826 1000 860 bapti-

209 884 297 903 smum
312 875 461 902 udntitlere.

385 919 498 946 Concilii
515 917 657 945 Laodiceni
673 925 759 944 canon
777 917 822 944 45.

243 967 289 994 i5.
315 966 392 999 Quod
405 973 460 992 non
487 968 614 999 oporteat
629 963 663 990 ad
681 963 816 997 baptisma
832 971 998 998 quemquam

206 1015 270 1047 post
289 1013 356 1038 duas
371 1009 592 1043 Quadragesimaa
611 1007 799 1036 hebdomadas
811 1008 926 1036 admitti.

244 1056 321 1085 CAP.
339 1056 372 1083 ll.
390 1070 424 1076 -
439 1054 476 1081 De
490 1054 690 1088 adjurontibus.

392 1099 506 1126 Concilii
522 1098 667 1125 Laodicem‘
679 1106 763 1125 canon
778 1097 823 1126 26.

242 1146 288 1174 26.
306 1146 384 1179 Quod
401 1146 428 1172 1ιὶ
453 1146 499 1180 qui
515 1153 570 1172 non
586 1149 650 1172 sunt
672 1146 706 1171 ab
721 1144 857 1180 episcopis
871 1145 998 1176 ordinati.

209 1199 263 1220 tam
280 1193 308 1220 in
333 1191 455 1220 ecclesiis
470 1199 552 1226 quam
577 1191 605 1217 in
622 1190 749 1218 domibus
772 1191 929 1218 exercitare
945 1199 1000 1219 non

209 1239 326 1274 pos~int.

245 1283 321 1311 CAP.
338 1282 383 1310 Ill.
399 1297 435 1302 —
447 1280 585 1314 Quomodo
598 1285 719 1314 oporteat
734 1281 879 1314 baptizare.

393 1326 581 1362 Apostolorum
599 1333 710 1352 canones
725 1325 770 1357 49,
785 1325 830 1354 50.

244 1374 279 1401 49
295 1372 364 1409 [48].
382 1371 410 1399 Si
429 1373 490 1407 quis
504 1372 660 1407 cpiscopus,
676 1371 718 1398 vel
732 1371 874 1406 presbyter
888 1375 954 1403 etc.,
971 1376 1001 1398 ut

209 1427 289 1454 supra
302 1426 362 1453 pag.
371 1417 434 1445 M2.

248 1466 326 1500 155
338 1452 376 1492 750
393 1462 461 1500 [49].
492 1464 521 1491 Si
537 1463 600 1498 quis
633 1461 778 1498 episcopus
797 1463 840 1490 vel
857 1462 1001 1497 presbyter
1018 1452 1040 1479 Β

211 1520 265 1540 non
280 1513 332 1539 tria
348 1511 431 1539 unius
451 1510 575 1546 mysterii
590 1509 766 1544 baptismata,
781 1513 846 1541 etc.,
862 1512 891 1534 ut
907 1515 1001 1543 supra,

210 1565 272 1593 pag.
284 1556 348 1584 “2.

360 1600 473 1628 Concilii
489 1598 642 1626 acumenici
662 1606 689 1625 Vl
707 1606 792 1625 canon
808 1597 853 1626 59.

247 1651 292 1678 59.
307 1649 336 1675 ln
354 1649 410 1675 :etie
421 1646 550 1678 oratoria,
562 1649 627 1676 etc.,
643 1649 673 1670 ut
684 1652 745 1678 pag.
760 1643 822 1670 617.

246 1695 323 1724 CAP.
339 1693 385 1721 iV.
400 1707 435 1714 ——
450 1691 527 1725 Quod
541 1694 643 1725 oportet
658 1690 806 1724 baptizatos
828 1689 891 1724 ﬁdei
902 1689 1005 1724 [orntu-

210 1744 265 1771 lam
285 1740 418 1777 proﬁteri.

344 1786 456 1813 Concilii
476 1783 619 1811 Laudiceni
630 1789 742 1809 canones
758 1780 804 1813 46,
820 1780 866 1807 47.

247 1833 294 1861 ιθ,
314 1833 393 1866 Quod
410 1835 536 1867 oporteat
553 1838 600 1858 eos
616 1829 663 1864 qui
678 1828 712 1855 ad
728 1827 864 1862 baptisma
878 1827 1003 1860 veniunt,

212 1880 293 1907 ﬁdem
311 1878 428 1908 discere,
454 1880 482 1903 et
506 1875 603 1910 quinta
619 1873 686 1902 feria
712 1873 872 1908 septimanae
890 1872 1005 1909 majoris

210 1925 343 1961 episcopo
357 1927 402 1950 aut
421 1921 587 1957 presbyteris
603 1920 726 1948 reddere.

247 1971 293 1999 47.
311 1969 388 2002 Quod
414 1972 541 2003 oporteat
562 1974 609 1994 eos
624 1965 671 2001 qui
699 1965 727 1992 in
742 1964 903 2000 aegritudine
916 1963 1005 2000 perci-

211 2017 290 2052 piunt
306 2014 451 2050 baptisma,
467 2017 611 2048 postquam
627 2010 826 2041 convaluerint,
844 2009 923 2037 tidem
940 2017 1004 2045 per-

211 2063 328 2094 discere,
346 2064 374 2088 et
397 2060 479 2094 scire,
498 2058 578 2093 cujus
607 2056 731 2084 muneris
762 2055 910 2091 participes
940 2055 1003 2083 facti

211 2107 277 2135 sint.

351 2150 463 2179 Consilii
479 2148 632 2178 wcumenici
651 2155 678 2175 v1
700 2154 784 2174 canon
809 2146 843 2173 78

248 2201 292 2228 78.
320 2198 398 2233 Quod
411 2201 518 2232 oportet
533 2203 581 2224 eos
593 2195 617 2211 "
640 2194 687 2229 qui
712 2192 902 2220 illuminantur
922 2191 1003 2219 ﬁdem

212 2247 330 2278 discere,
341 2250 368 2272 et
383 2245 479 2280 quinta
493 2243 652 2278 septimanae
663 2240 731 2268 feria
746 2239 872 2274 episcopo
883 2245 931 2266 seu
946 2245 1006 2273 pre-

213 2293 332 2329 sbyteris
347 2291 516 2319 renuntiare.
626 2294 650 2324 η

249 2325 357 2366 Ῠεπιιιι.
375 2335 492 2363 Constit.
517 2334 561 2365 10,
576 2325 666 2375 ιίιηὸί
680 2331 731 2359 lib.
750 2338 770 2363 l,
784 2329 846 2358 cod.
864 2329 952 2364 jubet,
973 2331 1004 2354 ut

212 2383 323 2420 pagani.
341 2382 388 2416 qui
409 2380 483 2414 parvi
510 2379 613 2415 [adhuc
636 2383 664 2405 et
680 2376 772 2413 pueri]
790 2380 866 2406 sunt,
882 2375 949 2403 citra
963 2374 1005 2401 di-

214 2431 343 2458 lationem
359 2427 554 2462 baptizentur:
572 2425 619 2460 qni
636 2432 702 2452 vero
725 2422 906 2454 adoleverint,
926 2421 1003 2456 prius

214 2475 373 2510 Scripturas
400 2477 428 2499 et
464 2476 654 2500 sacrosanctos
688 2476 808 2497 canones
840 2468 1001 2496 doceantur.

214 2519 363 2548 Sciendum
381 2521 423 2545 est
447 2521 538 2544 autem
568 2524 618 2543 nos
641 2523 694 2542 non
714 2514 837 2541 invenire
857 2519 1002 2543 canonem,

213 2567 260 2602 qui
270 2563 468 2600 talequidpiam
479 2563 585 2591 doceat.
594 2561 695 2589 Verum
708 2564 796 2588 const.
809 2559 837 2591 5,
851 2558 915 2586 tit.3
925 2557 1004 2593 156

213 2611 400 2643 Novellarum,
420 2616 482 2644 qua!
502 2607 623 2636 secunda
638 2611 680 2634 est
701 2606 734 2633 de
756 2603 948 2635 Samaritanis,
972 2610 1004 2629 ac

214 2658 242 2686 in
258 2662 334 2685 textu
347 2657 482 2684 librorum
492 2655 519 2682 in
532 2653 720 2682 Palriarchico
734 2650 925 2679 exsistentium
940 2649 1002 2682 155,

213 2703 313 2736 sancit,
336 2710 370 2730 ne
386 2701 531 2730 confestim
555 2697 720 2727 Samaritani
743 2696 776 2724 ad
796 2699 1002 2723 sacrosanctum

214 2750 350 2787 baptisma
379 2747 565 2782 recipiantur:
594 2744 640 2772 sed
664 2743 710 2779 qui
731 2743 831 2770 bonam
847 2740 1001 2768 doctrinam

215 2795 346 2833 [iam'per
361 2792 481 2829 aetatem]
498 2791 638 2827 percipere
650 2794 776 2826 possunt,
797 2795 849 2824 per
862 2787 1002 2814 biennium

249 2864 273 2880 ⁵³
292 2862 404 2892 Laodic.
421 2869 485 2890 can.
501 2860 549 2889 τιὸ.

1049 826 1218 862 ἑϐδομάδας
1234 827 1290 862 τῆς
1316 829 1569 864 Τεσσαρακοστῆς
1591 829 1733 864 δέχεσθαι
1761 832 1837 865 πρὸς

1051 871 1085 899 τὸ
1097 872 1245 908 φώτισμα.

1192 918 1327 945 Συνόδου
1341 919 1516 953 Λαοδικείας
1528 920 1629 947 κανὼν
1644 924 1696 956 με’.

1088 965 1141 997 με’.
1157 963 1217 990 Ὀτι
1230 963 1261 990 οὐ
1277 965 1319 991 δεῖ
1339 966 1409 999 μετὰ
1426 965 1472 992 δύο
1485 966 1635 1001 ἑϐδομάδας
1649 966 1785 1002 δέχεσθαι,
1798 968 1840 1000 είς

1051 1006 1081 1032 τὸ
1097 1006 1236 1044 φώτισμα,
1249 1010 1298 1043 τῆς
1314 1011 1552 1046 Τεσσαρακοστῆς.

1087 1053 1213 1082 ΚΕΦΑΛ.
1227 1055 1303 1082 Β’.-
1315 1056 1384 1090 Περὶ
1397 1056 1458 1083 τῶν
1471 1057 1696 1091 ὲφορκιζόντων.

1191 1101 1327 1129 Συνόδου
1342 1102 1518 1136 Λαοδικείας
1531 1103 1632 1130 κανὼν
1645 1107 1691 1136 κς¹

1087 1151 1143 1180 κς’.
1157 1148 1220 1175 Ὅτι
1233 1149 1263 1175 οὐ
1278 1149 1319 1175 δεῖ
1334 1149 1489 1184 ὲφορκὶζειν
1510 1150 1573 1180 τοὺς
1594 1150 1631 1185 μὴ
1654 1150 1838 1185 προαχθέντας

1053 1193 1105 1220 ὑπὸ
1127 1194 1296 1226 ἐπισκόπων,
1319 1195 1388 1230 μήτε
1407 1195 1435 1221 ὲν
1450 1196 1509 1226 ταῖς
1532 1195 1702 1231 ἐκκλησίαις,
1721 1197 1790 1232 μήτε
1809 1196 1838 1222 ὲν

1051 1240 1110 1271 ταῖς
1126 1239 1238 1272 οἰκίαις.

1177 1285 1302 1313 ΚΕΦΔΛ.
1317 1283 1355 1312 I".
1364 1285 1473 1318 -Πῶς
1487 1285 1536 1312 δεῖ
1549 1286 1715 1318 ,βαπτίζειν-

1237 1332 1430 1359 Ἀποστόλων
1444 1332 1545 1360 κανὼν·
1565 1332 1619 1368 μθ’,
1631 1332 1663 1360 ν’.

1089 1379 1143 1414 μθ’.
1161 1379 1195 1406 El
1203 1386 1244 1410 τις
1262 1378 1412 1410 ἐπίσκοπος
1429 1378 1445 1413 ἢ
1464 1379 1659 1414 πρεσϐύτερος,
1679 1388 1707 1407 κ.
1718 1387 1744 1406 τ.
1759 1379 1785 1407 λ.

1090 1473 1121 1497 ν’.
1140 1469 1173 1496 El
1184 1477 1224 1500 τις
1240 1468 1388 1500 ἐπίσκοπος
1404 1469 1421 1505 ἢ
1440 1468 1634 1504 πρεσϐύτερος,
1656 1469 1694 1505 μὴ
1713 1469 1776 1505 τρία
1792 1469 1841 1504 βα-

1054 1514 1207 1550 πτίσματα,
1222 1523 1250 1541 κ.
1263 1522 1290 1541 τ.
1301 1514 1326 1541 λ.

1123 1593 1259 1620 Συνόδου
1272 1592 1482 1627 οἱκουμενικῆς
1494 1593 1595 1628 ἕκτης,
1607 1594 1708 1621 κανὼν
1720 1594 1769 1622 νϐ’.

1093 1639 1140 1666 νῦ¹.
1156 1639 1260 1672 Μηδεὶς
1275 1639 1304 1666 ἐν
1317 1638 1453 1674 εὐκτηρίῳ
1468 1638 1544 1673 οἴκῳ,
1560 1648 1586 1666 κ.
1602 1649 1626 1666 τ.
1639 1639 1664 1667 λ.

1089 1685 1216 1712 ΚΕΦΑΛ.
1229 1683 1304 1712 Δ’.-
1319 1684 1389 1719 Περὶ
1403 1684 1457 1712 τοῦ
1475 1684 1584 1719 χρῆναι
1600 1685 1670 1719 τοὺς
1686 1685 1842 1722 φωτιζομέ-

1055 1739 1128 1765 νους
1137 1731 1342 1766 ἀπαγγέλλειν
1355 1730 1414 1764 τὴν
1425 1731 1540 1765 πίστιν.

1157 1775 1293 1803 Συνόδου
1311 1775 1484 1807 Λαοδικείας
1498 1774 1598 1802 κανὼν
1612 1778 1670 1810 pg’,
1682 1776 1734 1811 ptC’.

1091 1825 1150 1856 μς¹.
1170 1822 1230 1848 Ὀτι
1248 1821 1289 1848 δεῖ
1306 1821 1370 1852 τοὺς
1388 1820 1601 1855 φωτιζομένους,
1619 1821 1668 1855 τὴν
1687 1822 1778 1848 πίστιν
1793 1823 1841 1849 ὲκ-

1056 1868 1217 1904 μανθάνειν·
1234 1868 1281 1894 καὶ
1291 1868 1325 1902 τῇ
1340 1865 1451 1902 πέμπτῃ
1468 1867 1517 1902 τῆς
1531 1867 1687 1901 ἐσδομὰδος,
1700 1869 1842 1903 ἀπαγγέλ-

1054 1913 1110 1940 λειν
1124 1912 1164 1948 τῷ
1181 1913 1322 1947 ὲπισκόπῳ
1335 1912 1351 1948 ἢ
1371 1913 1428 1944 τοῖς
1440 1913 1647 1947 πρεσὸυτέροις,

1091 1958 1145 1993 με.
1159 1958 1220 1984 Ὅτι
1239 1957 1279 1984 δεῖ
1300 1957 1363 1988 τοὺς
1380 1958 1409 1983 ἐν
1431 1957 1501 1992 νόσῳ
1523 1957 1786 1993 παραλαμϐάνοντας
1809 1959 1842 1986 eo

1055 2003 1195 2039 φώτισμα,
1221 2003 1267 2030 καὶ
1295 2001 1355 2029 εἶτα
1382 2003 1561 2035 ἀναστάντας,
1589 2003 1768 2037 ἐκμανθάνειν
1790 2004 1841 2039 τὴν

1055 2049 1158 2084 πίστιν,
1178 2050 1225 2077 καὶ
1241 2048 1387 2084 γινώσκειν
1404 2049 1446 2075 ὅτι
1461 2048 1536 2080 θείας
1551 2048 1656 2084 δωρεᾶς
1671 2049 1841 2085 κατηξιώθη-

1057 2103 1117 2123 σαν.

1125 2141 1260 2168 Συνόδου
1274 2140 1483 2175 οἰκουμενικῆς
1499 2140 1588 2174 ἕκτης
1602 2140 1703 2167 κανὼν
1717 2140 1767 2175 οη’.

1089 2190 1140 2223 οη’.
1154 2187 1216 2214 Ὀτι
1230 2187 1270 2214 δεῖ
1282 2187 1346 2218 τοὺς
1361 2186 1561 2222 φωτιζομένους
1572 2186 1622 2222 τὴν
1634 2186 1726 2213 πίστιν
1739 2187 1843 2221 ἐκμαν-

1054 2235 1156 2266 θάνειν,
1173 2234 1220 2261 καὶ
1237 2235 1270 2270 τῇ
1291 2234 1405 2270 πέμπτῃ
1424 2233 1474 2268 τῆς
1488 2232 1635 2268 ἑϐδομάδος
1657 2233 1842 2267 ἀπαγγέλλειν

1053 2281 1092 2316 τῷ
1105 2281 1247 2316 ὲπισκόπῳ
1259 2281 1276 2316 ἢ
1287 2282 1343 2312 τοῖς
1354 2279 1558 2315 πρεσσυτέροις.

1095 2326 1127 2354 'H
1144 2330 1159 2353 ι’
1177 2326 1296 2360 διάταξις
1315 2325 1363 2352 τοῦ
1383 2324 1409 2360 η’
1427 2325 1479 2352 τίτ.
1503 2324 1549 2351 τοῦ
1569 2326 1593 2350 α’
1613 2323 1684 2359 pro).
1706 2324 1754 2351 τοῦ
1775 2325 1842 2353 nos.

1054 2373 1275 2409 παρακελεύεται
1290 2372 1354 2404 τοὺς
1375 2370 1519 2406 Ἕλληνας,
1544 2371 1658 2406 μικροὺς
1675 2369 1725 2405 μὲν
1748 2370 1856 2404 ὂντας,-

1054 2419 1138 2454 χωρὶς
1155 2418 1290 2453 ἀναὸολῆς
1309 2416 1503 2453 βαπτίζεσθαι·
1520 2416 1582 2448 τοὺς
1592 2416 1620 2443 δὲ
1631 2415 1758 2448 τελείους,
1774 2418 1844 2452 πρό-

1054 2473 1133 2500 τερον
1154 2464 1203 2496 τὰς
1220 2463 1332 2499 Γραφὰς
1352 2462 1422 2489 κατὰ
1441 2461 1502 2493 τοὺς
1519 2461 1613 2495 ἁγίους
1633 2461 1749 2493 κανόνας
1767 2461 1843 2488 διδα-

1056 2512 1216 2546 σκομένους.
1234 2510 1390 2543 Καὶ-ἰστέον
1410 2509 1451 2535 ὅτι.
1474 2508 1523 2543 οὐχ
1539 2508 1702 2543 εὑρίσκομεν
1725 2508 1843 2540 κανόνας

1054 2558 1174 2585 τοιοῦτόν
1193 2566 1220 2584 τι
1242 2555 1492 2592 διαγορεύοντας·ἡ
1516 2554 1543 2580 δὲ
1559 2554 1581 2589 β’
1592 2554 1662 2580 διάτ.
1682 2553 1729 2580 τοῦ
1751 2553 1776 2587 γ’
1788 2553 1842 2580 τίτ.

1054 2602 1108 2629 τῶν
1127 2601 1252 2636 Νεαρῶν,
1269 2600 1291 2635 β’
1308 2599 1374 2626 οὖσα
1395 2599 1458 2633 περὶ
1474 2598 1662 2634 Σαμαρειτῶν,
1684 2599 1797 2633 κειμένη
1814 2597 1844 2623 δὲ

1055 2649 1084 2674 ἐν
1108 2647 1147 2683 τῷ
1166 2646 1240 2682 ῥητῷ
1260 2646 1313 2673 τῶν
1329 2647 1358 2672 ὲν
1381 2645 1421 2680 τῷ
1437 2644 1625 2680 πατριαρχείῳ
1645 2643 1755 2678 βιϐλίων
1772 2642 1841 2679 ρλγ¹,

1054 2686 1178 2724 θεσπίζει
1192 2692 1229 2727 μὴ
1242 2691 1394 2727 προχείρως
1407 2689 1469 2721 τοὺς
1482 2689 1654 2724 Σαμαρείτας
1667 2689 1713 2715 ἐπὶ
1723 2688 1754 2714 τὸ
1766 2688 1844 2721 ἅγιον

1054 2739 1179 2774 δέχεσθαι
1192 2738 1343 2773 βάπτισμα,
1361 2736 1429 2763 ἀλλὰ
1441 2736 1503 2767 τοὺς
1517 2736 1567 2771 μὲν
1581 2734 1702 2770 χρηστῆς
1715 2734 1844 2760 διδασκα-

1057 2785 1116 2817 λίας
1142 2784 1365 2819 αἰσθανομένους,
1381 2782 1428 2810 ἐπὶ
1448 2781 1550 2809 διετίαν
1577 2779 1770 2816 κατηχεῖσθαι,
1794 2778 1845 2806 καὶ
