1954 3080
100 209 150 241 617

524 209 725 239 SYNTAGMA
741 207 934 239 CANONUM.
950 207 1023 238 TIT.
1041 208 1090 246 IV,
1111 207 1190 239 CAP.
1206 208 1240 245 V,
1259 207 1311 239 VI-

1677 206 1731 241 618

101 266 187 297 οὕτως
201 261 392 300 βαπτίζεσθαι·
407 264 470 297 τοὺς
478 265 508 291 δὲ
522 265 599 296 νέους
615 265 687 293 πάνυ
699 286 706 298 ,
722 265 768 292 καὶ
781 265 831 300 τῆς
845 264 886 291 δι-
901 266 911 295 Δ

963 276 967 292 ι
994 264 1046 292 iide
1076 264 1265 295 instituantur,
1281 267 1364 298 atque
1385 267 1442 289 tum
1456 261 1652 297 baptitentur:
1672 269 1732 289 om-

101 311 249 342 δασκαλίας
272 310 303 337 οὐ
323 310 477 343 συνιέντας,
497 310 545 338 καὶ
561 312 647 347 χωρὶς
658 310 708 347 τῆς
727 311 891 347 παρατηρή-

103 365 171 389 σεως
183 356 295 392 ταύτης,
307 355 448 389 ἀξιοῦσθαι
464 356 512 383 τοῦ
526 356 605 391 ἁγίου
621 357 820 392 βαπτίσματος.

137 446 263 473 ΚΕΦΔΛ.
291 445 329 473 E'.
355 459 391 467 -
407 446 477 480 Περὶ
510 446 562 474 τοῦ
590 446 789 480 ,βαπτίζεσθαι
819 448 892 481 τοὺς

102 491 287 526 ἀγνοοῦντας
298 492 324 518 ει
339 491 577 525 ἐϐαπτίσθησαν.

225 535 360 563 Συνόδου
374 536 583 572 Καρθατέννης
599 537 699 564 κανὼν
711 537 760 573 οβ’.

105 581 173 616 Περὶ
197 581 313 615 νηπίων
347 581 532 616 ὀφειλόντων
559 582 757 616 ,βαπτίζεσθαι
785 583 892 617 ὁσάκις

103 627 318 663 ἀμφιϐάλλεται
341 627 408 662 περι
420 627 519 655 αὐτῶν
538 630 565 655 ει
577 629 634 663 ἄρα
653 629 892 663 ἐϐαπτίσθησαν.

138 672 188 708 οβ’.
215 672 332 708 Ὁμοίως
346 672 429 708 ἤρεσε
445 673 510 708 περὶ
530 673 587 700 τῶν
607 674 726 709 νηπίων,
744 674 838 706 ὁσάκις
854 674 892 710 μὴ

104 718 276 754 εὑρίσκονται
292 717 395 753 βέϐαιοι
411 718 549 754 μάρτυρες
564 720 589 746 ei
601 719 688 746 ταῦτα
700 720 893 756 ἀναμφιϐόλως

108 763 290 799 βαπτισθέντα
303 761 374 791 εἷναι
393 764 528 799 λέγοντες,
547 766 595 792 καὶ
610 766 671 793 οὐδὲ
695 767 764 793 αὐτὰ
784 767 829 794 διὰ
842 766 893 801 τὴν

105 810 201 845 κεῖραν
215 809 280 845 περὶ
295 809 344 842 τῆς
362 809 562 846 παραδοθείσης
583 811 673 843 αὐτοῖς
697 811 893 846 μυσταγωγίας

105 855 300 890 ἀποκρίνεσθαι
320 855 482 891 ἐπιτηδείως
495 855 598 891 ἔχουσι,
619 857 703 892 χωρίς
722 865 795 889 τινος
809 865 892 893 προσ‹

106 901 247 936 κόμματος
273 900 391 935 ὀφείλειν
410 901 497 928 ταῦτα
515 901 714 936 βαπτίζεσθαι’,
738 903 776 938 μή
798 911 863 929 ποτε
878 903 893 929 ὁ

943 310 1010 338 nino
1031 314 1122 337 autem
1148 308 1237 344 pueri,
1261 308 1308 344 qui
1333 308 1488 335 doctrinam
1507 307 1660 342 intelligere
1680 314 1731 334 ne-

943 361 1057 391 queunt,
1091 356 1173 384 etiam
1206 354 1309 390 absque
1339 354 1392 382 hac
1419 354 1612 382 observatione
1652 361 1731 381 sacro

942 403 1111 438 baptismate
1124 401 1198 437 digni
1217 400 1382 428 habeantur.

977 448 1052 476 CAP.
1076 446 1097 474 ν
1109 463 1144 469 ——
1161 447 1238 480 Quod
1259 447 1281 474 ii
1297 446 1452 482 baptizandi
1469 445 1522 473 sint
1536 445 1580 481 qui
1602 453 1629 472 se
1645 444 1732 480 bapti-

944 499 1016 521 zatos
1030 495 1165 530 ignorant.

1087 539 1200 566 Concilii
1215 538 1431 573 Carthaginensis
1445 544 1530 564 canon
1545 536 1589 563 72.

978 585 1018 612 De
1052 586 1199 620 infantibus
1235 585 1419 619 baptizandis,
1447 584 1549 619 quoties
1592 582 1732 610 dubitatur

943 636 1031 658 utrum
1044 632 1142 666 fuerint
1160 631 1300 666 baptizati.
1316 632 1320 664 ι

978 676 1023 704 72.
1050 676 1115 704 item
1142 677 1244 712 placuit
1258 676 1282 692 "
1303 676 1338 703 de
1361 674 1522 708 infantibus,
1547 674 1654 710 quoties
1676 681 1731 701 non

928 722 1120 749 .im-eniuntur
1144 721 1292 749 certissimi
1313 725 1407 754 testes,
1432 721 1479 756 qui
1504 729 1552 748 eos
1578 719 1732 754 baptizatos

944 775 1005 795 esse
1018 768 1077 795 sine
1093 767 1265 794 dubitatione
1278 770 1422 799 testentur,
1439 773 1528 800 neque
1539 765 1589 800 ipsi
1606 771 1669 792 sunt
1683 771 1733 800 per

943 818 1050 841 aetatem
1065 814 1099 841 de
1117 813 1224 841 traditis
1241 813 1293 841 sibi
1316 813 1494 840 sacramentis
1513 812 1602 839 idonei
1617 818 1732 846 respon-

944 860 1022 892 dere,
1049 859 1151 893 absque
1169 859 1224 886 ullo
1247 858 1376 893 scrupulo
1402 865 1463 886 esse
1489 857 1677 892 baptizandus,
1698 864 1733 883 ne

944 905 995 932 ista
1020 905 1154 932 haesitatio
1182 911 1230 932 eos
1254 903 1336 932 faciat
1368 908 1603 931 sacramentorum
1630 909 1733 937 purga-

105 947 225 980 τοιοῦτος
249 947 398 982 δισταγμδς
416 947 591 983 ἀποστερήσῃ
612 948 682 975 αὐτὰ
697 948 748 984 τῆς
764 948 892 984 τοιαύτης

963 951 1019 978 ione
1031 951 1144 986 privari.
1168 949 1238 977 Hine
1261 950 1332 977 enim
1350 949 1429 985 legati
1451 948 1620 981 Maurorum,
1636 947 1733 975 fratres

106 993 152 1021 τοῦ
165 993 303 1029 άγιασμοῦ
323 993 494 1029 καθάρσεως.
514 994 561 1021 Ἐκ
582 994 677 1020 τούτου
697 994 752 1029 γὰρ
769 994 794 1020 οἱ
811 1002 894 1021 τοπο-

106 1038 223 1074 τηρηταὶ
241 1038 295 1065 τῶν
312 1038 432 1074 Μαύρων
451 1037 562 1073 ἀδελφοὶ
575 1038 656 1074 ἡμῶν
671 1038 750 1065 τοῦτο
767 1039 894 1066 ἐδουλεύ-

108 1092 200 1116 σαντο,
223 1083 265 1110 ὅτι
293 1083 408 1116 πολλοὺς
426 1083 564 1116 τοιούτους
588 1083 643 1111 ἀπὸ
665 1084 720 1111 τῶν
749 1084 895 1120 βαρϐάρων

107 1129 328 1165 ὲξαγοράζονται.

177 1174 314 1203 Συνόδου
333 1173 543 1210 οίκουμενικῆς
554 1175 643 1210 ἕκτης
656 1175 757 1203 κανὼν
770 1176 822 1204 πδν.

143 1222 196 1249 πθ.
215 1221 278 1254 Τοῖς
292 1224 444 1254 κανονικοῖς
458 1221 513 1250 τῶν
532 1222 662 1258 Πατέρων
681 1222 792 1258 θεσμοῖς
808 1231 895 1250 κατα-

108 1266 312 1300 κολουθοῦντες,
325 1268 453 1303 ὁρίζομεν
463 1269 511 1296 καὶ
523 1268 589 1304 περὶ
601 1268 655 1295 τῶν
668 1268 772 1304 νηπίων
783 1276 790 1283 ·
801 1268 897 1301 ὁσάκις

111 1313 148 1349 μὴ
162 1313 334 1349 εὑρίσκονται
355 1313 458 1350 βέϐαιοι
477 1314 615 1349 μάρτυρες
629 1314 653 1341 οί
671 1314 758 1342 ταῦτα
778 1315 898 1350 ἀναμφι-

110 1360 196 1393 ϐόλως
220 1360 402 1396 βαπτισθέντα
423 1359 492 1388 εἴναι
509 1360 644 1395 λέγοντες,
660 1361 706 1388 καὶ
728 1361 788 1387 οὐδὲ
810 1361 898 1389 ταῦτα

110 1406 155 1433 διὰ
168 1406 219 1441 τὴν
234 1407 329 1442 κεῖραν
343 1407 468 1442 περὶτῆς
491 1406 690 1442 παραδοθείσης
705 1406 796 1438 αὐτοῖς
811 1415 897 1440 μυστ-

114 1449 238 1484 αγωγίας
246 1450 445 1486 ἀποκρίνασθαι
455 1451 615 1486 ἐπιτηδείως
624 1450 815 1486 ἔχουσι,χωρίς
826 1459 898 1483 τινος

111 1497 326 1532 προσκόμματος
343 1496 461 1532 ὀφείλειν
475 1495 561 1523 ταῦτα
575 1495 766 1531 βαπτίζεσθαι,
781 1497 817 1532 μή
832 1505 898 1523 ποτε

111 1541 126 1567 ὁ
137 1540 256 1572 τοιοῦτος
268 1541 416 1576 δισταγμὺς
432 1542 608 1577 ἀποστερήσῃ
622 1539 692 1567 αὐτὰ
706 1540 755 1576 τῆς
770 1539 898 1576 τοιαύτης

112 1585 159 1613 τοῦ
174 1586 310 1621 ἁγιαπμοῠ
325 1586 496 1622 καθάρσεως.

149 1633 169 1658 Ι(
176 1632 273 1660 ΕΦΑΛ.
294 1633 339 1666 εἷ’.
351 1648 387 1653 —-
400 1621 469 1668 Περὶ
482 1632 535 1660 τοῦ
554 1632 597 1668 μὴ
611 1633 807 1665 βαπτίζεσθαι
827 1634 899 1669 τοὺς
913 1621 935 1652 c

114 1674 365 1712 τελευτήσαντας.

238 1724 374 1752 Συνόδου
391 1725 602 1761 Καρθαγέννης
617 1726 717 1754 κανὼν
729 1726 774 1762 ιη’.

154 1775 201 1806 ιη’.
224 1771 286 1799 Ἐάν
302 1781 343 1804 τις
358 1771 488 1808 κληρικὺς
500 1773 697 1808 χειροτονῆτσι,
717 1782 745 1800 κ.
769 1782 795 1801 τ.
809 1772 835 1801 λ.

158 1818 273 1854 Ὁμοίως
287 1817 386 1853 ἤρεσεν
408 1818 478 1845 ὥστε
491 1819 729 1854 χειροτονουμένου
751 1819 902 1847 ιπισκόπου

116 1866 133 1901 ἢ
147 1864 291 1900 κληρικοῦ,
302 1873 329 1891 κ.
341 1873 366 1892 τ.
379 1863 405 1892 λ.
448 1878 453 1884 κ

152 1910 278 1938 ΚΕΦΑΛ.
295 1911 333 1938 Ζ’.
347 1925 382 1931 --
394 1910 466 1944 Περὶ
482 1909 541 1940 τῶν
555 1911 611 1944 πρὸ
625 1910 679 1938 τοῦ
690 1910 903 1946 βαπτίσματος

116 1957 364 1992 ἁμαρτανόντων,
385 1957 434 1984 καὶ
453 1955 520 1991 περὶ
534 1955 765 1992 κατηχουμένων
777 1963 905 1991 παραπι-

116 2002 263 2030 πόντων.

275 2048 410 2076 Συνόὸου
430 2049 555 2082 Νικαίας
569 2048 671 2076 κανὼν
685 2049 727 2076 ιδ’.

155 2095 195 2121 ιδ’.
214 2095 282 2130 Περὶ
301 2094 356 2121 τῶν
377 2095 589 2131 κατηχουμένων
612 2096 660 2122 καὶ
679 2095 904 2131 παραπεσόντων,

116 2140 193 2173 εδοξε
225 2142 258 2176 τῇ
283 2141 350 2179 ἁγία
373 2140 420 2167 καὶ
449 2141 555 2176 μεγάλῃ
585 2141 696 2176 συνόδῳ.
729 2141 801 2168 ὥστε
823 2140 906 2176 τριῶν

117 2186 189 2220 ἐτῶν
207 2186 306 2216 αὐτοὺς
320 2184 512 2221 ἀκροωμένους
530 2186 621 2221 μόνον,
639 2185 710 2222 μετὰ
725 2185 812 2212 ταῦτα
825 2184 905 2220 εὔχε-

118 2232 183 2259 σθαι
201 2231 270 2267 μετὰ
282 2231 336 2258 τῶν
354 2231 576 2267 κατηχουμένων.

280 2276 415 2304 Συνόδου
432 2277 577 2311 Ἀγκύρας
592 2275 692 2303 κανὼν
706 2275 748 2311 ιβ’.

157 2322 202 2358 ιβ’.
227 2322 297 2354 Τοὺς
321 2322 375 2358 πρὸ
399 2321 446 2349 τοῦ
461 2321 650 2357 βαπτίσματος
671 2321 838 2353 τεθυκότας,
860 2321 908 2348 καὶ

119 2369 194 2402 μετὰ
212 2367 299 2394 ταῦτα
317 2367 524 2403 βαπτισθέντας,
543 2367 632 2400 ἔδοξεν
646 2368 687 2400 εἰς
702 2367 778 2400 τάξιν
789 2367 909 2403 προάγε-

120 2413 187 2441 σθαι
205 2414 244 2446 ὼς
257 2410 508 2450 ἀπολουσαμένους.

247 2459 382 2488 Συνόδου
396 2461 627 2494 Νεοκαισαρείας
643 2459 745 2487 κανὼν
754 2463 785 2487 ε’.

157 2514 190 2541 ε’.
205 2515 416 2552 Κατηχούμενος
430 2515 477 2543 ἐὰν
490 2516 679 2552 εἰσερχόμενος
695 2517 736 2548 εις
751 2515 889 2550 Κυριακδν
901 2535 909 2548 ,

117 2562 151 2588 ἑν
161 2562 198 2596 τῇ
212 2561 266 2588 τῶν
278 2562 489 2597 κατηχουμένων
502 2562 577 2595 τάξει
588 2563 686 2598 στήκῃ,
703 2560 778 2594 οὗτος
793 2563 823 2589 δὲ
837 2563 909 2598 φανῇ

118 2607 301 2643 ἁμαρτάνων,
309 2607 356 2634 ἐὰν
366 2607 415 2642 μὲν
431 2607 496 2642 γόνυ
511 2607 619 2640 κλίνων,
631 2608 778 2644 ἀκροάσθω
787 2628 794 2640 ,
811 2609 910 2643 μηκέτι

117 2653 292 2690 ἁμαρτάνων
308 2661 316 2669 ’
332 2653 381 2680 ἐὰν
395 2653 424 2680 δὲ
440 2654 486 2680 καὶ
505 2653 679 2689 ἀκροώμενος
697 2653 738 2680 ἔτι
757 2654 913 2690 ἁμαρτάνῃ,

117 2698 279 2733 ἐξωθείσθω
287 2698 355 2734 (ιι).

948 997 1045 1028 nostri,
1061 995 1270 1028 consuluerunt,
1288 996 1353 1031 quia
1368 995 1469 1023 multos
1487 994 1554 1022 tales
1571 1001 1588 1021 a
1608 992 1733 1021 barbaris

948 1042 1084 1069 redimunt
1098 1040 1178 1077 [ωδε.
1193 1041 1319 1068 redimere
1333 1039 1442 1075 solent].

1059 1175 1173 1204 Com-iiii
1200 1175 1354 1203 meumenici
1380 1175 1447 1202 sexti
1469 1182 1554 1202 canon
1581 1174 1626 1202 84.

985 1223 1030 1251 ει.
1055 1222 1208 1250 Canonicos
1232 1222 1344 1250 Patrum
1368 1221 1439 1249 ritus
1465 1225 1620 1256 sequentes,
1644 1220 1678 1248 de
1693 1220 1736 1248 in-

950 1269 1072 1297 fantibus
1100 1277 1209 1305 quoque
1236 1268 1421 1301 decernimus,
1452 1268 1560 1303 quoties
1588 1274 1642 1294 non
1660 1267 1737 1294 inve-

951 1314 1065 1342 niuntur
1085 1314 1156 1341 ﬁrmi
1186 1318 1282 1346 testes,
1299 1313 1345 1348 qui
1361 1320 1410 1341 eos
1428 1313 1532 1348 absque
1548 1312 1603 1340 ulla
1626 1312 1736 1339 dubita-

952 1360 1024 1388 tione
1056 1359 1206 1394 baptizatos
1232 1366 1294 1386 esse
1325 1359 1434 1390 dicant,
1465 1365 1515 1385 nec
1539 1357 1605 1393 ipsi;
1625 1362 1737 1392 propter

951 1410 1060 1434 aetatem
1087 1405 1121 1433 de
1138 1405 1189 1433 sibi
1203 1404 1305 1433 tradito
1328 1403 1460 1440 mysterio
1481 1407 1544 1438 apte
1571 1403 1737 1437 respondere

952 1451 1068 1487 possint,
1090 1451 1189 1478 debere
1205 1450 1308 1485 absque
1335 1449 1413 1484 157
1435 1448 1490 1476 ulla
1516 1447 1668 1476 on‘ensione
1689 1447 1738 1474 ba-

952 1496 1060 1532 ptizari,
1085 1503 1119 1523 ne
1142 1496 1212 1523 forte
1229 1494 1365 1530 ejusmodi
1382 1493 1517 1522 dubitatio
1541 1500 1588 1521 eos
1601 1491 1737 1528 ejusmodi

953 1542 1153 1578 puriﬁcationis
1170 1541 1388 1569 sanctiﬁcatione
1408 1540 1507 1575 privet.

991 1643 1068 1672 CAP.
1090 1642 1123 1669 Vl
1133 1657 1168 1662 —
1184 1640 1226 1669 Ne
1238 1640 1336 1668 mortui
1345 1640 1523 1674 baptizentur.

1087 1728 1203 1758 Concilii
1228 1726 1445 1762 Cartltagineusit
1461 1733 1544 1752 canon
1566 1724 1610 1752 l8.

987 1775 1062 1805 18.Si
1069 1775 1129 1811 quis
1138 1773 1253 1802 clericus
1262 1772 1414 1803 ordinatur,
1423 1774 1517 1803 etc..ut
1528 1769 1739 1805 suprapag.482.

989 1824 1055 1851 item
1076 1821 1181 1858 placuit
1203 1824 1234 1848 ut
1247 1818 1383 1847 ordinatis
1400 1817 1548 1853 episcopis,
1561 1815 1601 1843 vel
1621 1815 1740 1848 clericis.

953 1877 1018 1905 etc.,
1036 1876 1065 1898 ut
1079 1878 1161 1904 supra
1177 1876 1237 1904 pag.
1251 1867 1314 1896 485.

990 1917 1066 1945 CAP:
1084 1915 1128 1943 Vll
1141 1930 1178 1937 —-
1193 1914 1232 1941 De
1251 1914 1283 1941 iis
1298 1913 1343 1948 qui
1363 1916 1424 1939 ante
1445 1910 1604 1946 baptismum
1618 1917 1742 1945 peccave-

955 1969 1016 1991 runt
1026 1968 1051 1991 et
1068 1962 1100 1990 de
1116 1959 1309 1989 catechumenis
1323 1958 1415 1993 lapsis.

1158 2052 1270 2081 Consilii
1287 2049 1390 2078 Nicami
1406 2056 1490 2075 canon
1506 2047 1548 2074 Η.

993 2101 1038 2128 ﬂ.
1049 2099 1088 2127 De
1108 2096 1310 2127 catecliumenis
1320 2095 1354 2128 ",
1371 2099 1398 2122 et
1419 2093 1465 2128 qui
1489 2091 1569 2127 lapsi,
1591 2090 1680 2118 visum
1701 2093 1745 2118 est

958 2149 1059 2174 sancta
1072 2148 1100 2172 et
1113 2151 1219 2179 magnae
1234 2140 1348 2178 synodo,
1365 2145 1395 2167 ut
1409 2139 1426 2167 ii
1441 2139 1529 2166 tribus
1544 2141 1650 2164 tantum
1662 2135 1743 2163 annis

958 2191 1102 2220 audientes
1117 2194 1210 2225 pestea
1228 2191 1307 2215 orent
1324 2193 1387 2214 cum
1400 2182 1617 2213 catechumenis.

1148 2276 1261 2306 Concilii
1275 2273 1409 2309 Ancyrani
1420 2280 1504 2300 canon
1521 2272 1565 2300 l2.

999 2329 1042 2356 12.
1058 2327 1112 2355 Eos
1135 2326 1182 2361 qui
1204 2329 1268 2351 ante
1293 2321 1460 2356 baptismum
1489 2318 1689 2351 sacriﬁcarunt,
1719 2323 1749 2347 et

962 2381 1057 2412 postea
1070 2372 1202 2408 baptizati
1226 2373 1301 2402 sunt,
1315 2369 1406 2396 visum
1420 2371 1464 2395 est
1481 2365 1516 2394 ad
1531 2366 1656 2394 ordinem
1684 2373 1747 2401 pro-

964 2421 1078 2454 moveri,
1092 2424 1122 2448 ut
1131 2418 1179 2455 qui
1195 2416 1281 2445 abluti
1300 2419 1374 2443 sunt.

1108 2463 1220 2493 Conet'lit'
1237 2457 1459 2489 Neocaesath
1475 2466 1559 2486 canon
1584 2458 1613 2486 5.

999 2515 1025 2542 5.
1037 2511 1256 2541 Catechumenus
1264 2507 1286 2535 si
1303 2507 1331 2535 in
1340 2506 1513 2535 Dominicum
1522 2505 1688 2542 ingrediens,
1705 2512 1752 2533 ca-

963 2559 1188 2589 techumenorum
1202 2553 1299 2582 ordine
1317 2551 1434 2584 steterit,
1449 2551 1473 2579 is
1481 2555 1572 2579 autem
1591 2555 1686 2586 peccat
1702 2559 1709 2577 :
1726 2551 1751 2579 si

964 2613 1035 2642 genu
1048 2603 1157 2639 quidem
1168 2601 1290 2631 ﬂectens.
1306 2597 1408 2631 audiat,
1425 2604 1479 2625 non
1489 2597 1606 2632 amplius
1624 2603 1751 2632 peculis.

966 2653 1014 2681 Sin
1045 2654 1136 2678 autem
1164 2646 1246 2676 etiam
1276 2643 1391 2673 audiens
1418 2643 1509 2672 adhuc
1529 2647 1634 2679 peccet,
1657 2646 1753 2670 extru-

967 2699 1056 2727 datur.

159 2780 186 2796 "
197 2779 282 2806 Conc.
297 2777 424 2813 Carthag.
440 2785 499 2812 cap.
516 2776 549 2809 6;
564 2776 650 2804 Cone.
671 2775 756 2804 Afric.
774 2776 818 2805 39.
855 2778 900 2804 26.
939 2776 961 2792 ³⁸
971 2775 1093 2805 Neocaes.
1108 2773 1139 2807 5',
1150 2771 1231 2800 Siric.
1246 2771 1273 2798 5.

873 2845 989 2874 NOTAE.

161 2918 220 2953 (Η)
233 2917 261 2944 ln
285 2913 460 2949 marg.paulo
474 2913 624 2941 recentiore
649 2908 731 2941 manu
749 2912 865 2940 additur.
880 2913 911 2940 Ἠ

963 2914 990 2944 ii;
1005 2909 1189 2947 ἀκροωμένοις
1201 2904 1388 2935 συνταττίσθω
1405 2899 1650 2953 ὲπιτιμίουλὲάριν.

313 2961 447 2992 ΡΑτιιοι..
466 2961 524 2992 Gtt.
541 2959 623 2995 ειν.

1539 2945 1577 2977 20
