1954 3080
125 191 175 226 621

165 297 334 332 Ἐρώτησις.
358 297 420 324 Ἐάν
440 306 482 329 τις
501 297 703 332 κατηχούμενος
719 295 841 323 ἀσθενῶν
867 296 913 329 γέ-

567 191 767 223 SYNTAGMA
784 190 978 221 CANONUM.
996 203 1031 209 -
1043 191 1117 221 Tl'l‘.
1136 191 1185 227 ιν,
1204 191 1283 221 CAP.
1304 193 1354 224 VI.

364 250 504 285 τιμοθέου
523 250 625 278 κανὼν·
635 250 666 278 δ’.
927 251 948 279 Λ

1690 193 1747 226 629.

1234 248 1364 276 Timrtliei
1380 257 1462 276 canon
1479 249 1505 277 ι.

999 293 1187 329 Interrogatio.
1218 295 1245 322 Si
1271 296 1333 330 quis
1348 295 1574 328 catecliumenus,
1600 304 1662 323 cum
1679 302 1752 326 εδειιι

122 353 201 380 νηται
219 344 366 379 ὲκφρενὴς,
383 343 430 370 καὶ
456 343 493 378 μὴ
506 342 619 378 δύνηται
632 342 723 378 ἑαυτῷ
746 341 912 377 ὁμολογῆσαι.

997 337 1099 370 lirmus,
1119 342 1216 365 emotae
1233 339 1334 366 mentis
1356 338 1446 366 factus
1460 339 1506 371 sil.
1525 347 1575 367 nec
1594 340 1680 374 possit
1695 341 1753 376 ipse

123 391 172 426 τὴν
186 391 290 423 πίστιν,
306 390 353 417 καὶ
363 389 569 425 παρακαλοῦσιν
582 390 607 415 οί
625 388 686 415 ἴδιοι
703 387 786 415 αὑτοῦ
802 389 847 415 ἵνα
859 387 913 414 -λά-

124 436 159 471 ϐῃ
180 435 211 462 τὸ
233 435 312 470 ἆγιον
334 434 474 470 βάπτισμα
494 433 548 466 ἕως
571 433 617 468 ζῇ,
633 434 657 459 εἰ
677 433 782 467 ὀφείλει
801 432 912 465 λαϐεῖν,

156 481 208 514 ob;

124 484 141 518 ἢ
156 484 348 561 ο’ῑλῖτῑόιιβισιςκ
369 526 486 561 Ὀφείλει
500 526 601 560 λαϐεῖν,
611 526 658 553 ὲὰν
671 525 708 562 μὴ
726 524 778 553 ὑπὸ
791 524 915 559 πνεύμα-

124 581 170 604 τος
183 573 339 608 ἀκαθάρτου
356 573 533 608 πειράζηται.
635 594 642 599 .

161 618 287 645 ΚΕΦΑΛ.
317 619 345 645 l'.
361 633 396 637 —
412 618 483 651 Περὶ
497 616 550 650 τῆς
562 617 672 651 ἐγκύου
683 615 913 651 βαπτιζομένης.

243 664 380 691 Συνόδου
393 664 629 697 Νεοκαισαρείας
644 663 744 690 κανὼν
758 666 795 695 ς’.

162 713 201 742 ς’.
226 710 295 746 Περὶ
314 709 501 745 κυοφορούσης
521 710 563 736 ὃτι
583 711 624 737 δεῖ
649 709 814 745 φωτίζεσθαι
828 708 916 743 ζὸπότε

965 384 1044 410 tidem
1072 384 1208 416 conﬁteri,
1241 385 1340 419 suique
1361 385 1505 416 suadeant.
1534 390 1565 412 ut
1590 385 1753 414 donecvivit

964 434 1088 456 sanctum
1103 429 1268 464 baptismum
1279 430 1406 465 accipiat,
1423 430 1537 458 debetne
1557 431 1690 466 accipere,
1705 440 1754 459 an-

966 483 1019 501 non
1031 476 1043 502 ‘i

1004 521 1082 556 160
1093 521 1248 555 Responsio.
1265 522 1348 550 Debet
1365 523 1500 558 accipere,
1525 524 1548 550 si
1569 531 1623 551 non
1647 523 1681 551 al)
1702 524 1755 550 im-

967 567 1069 593 mundo
1087 567 1185 601 spiritu
1205 572 1334 595 tenuetur.

1001 612 1077 640 CAP.
1095 613 1128 641 Χ.
1146 629 1181 634 —
1197 616 1233 641 De
1249 615 1385 648 baptizata
1398 616 1462 642 dum
1477 621 1578 643 uterum
1595 617 1672 652 gerit.

1131 659 1243 688 Concilii
1256 660 1465 689 Neocazsarensis
1476 671 1560 689 canon
1574 663 1601 689 6.

1003 705 1029 732 6.
1046 705 1082 733 De
1099 714 1129 734 ea
1144 715 1204 741 quae
1228 712 1333 734 uterum
1354 709 1434 743 gerit,
1460 709 1531 744 quod
1548 717 1607 736 eam
1634 713 1759 744 oporteat

129 755 253 790 βούλεται
271 763 278 770 ·
297 755 374 782 οὐδὲν
388 755 444 790 γὰρ
459 755 489 782 ὲν
505 754 592 790 τούτῳ
609 755 733 782 κοινωνεῖ
749 755 765 790 ἡ
787 754 918 781 τίκτουσα

1001 750 1119 777 uminari
1133 753 1243 785 quando
1264 752 1329 779 velit
1343 761 1349 779 :
1367 761 1455 788 neque
1466 754 1540 780 enim
1554 762 1585 780 ea
1599 762 1660 788 qua:
1675 754 1756 789 parit,

128 801 167 837 τῷ
185 801 349 836 τικτομένῳ,
366 800 453 827 διὰτὸ
469 801 586 827 ἑκάστου
605 800 673 827 ίδίαν
690 801 740 836 τὴν
755 801 917 836 προαίρεσιν

997 803 1030 822 im
1047 795 1102 823 l'etu
1117 797 1163 831 qui
1182 797 1298 831 paritur,
1317 805 1348 825 ea
1373 797 1401 825 in
1419 805 1448 825 re
1466 798 1546 825 habet
1567 799 1669 834 aliquid
1685 807 1760 826 com-

129 847 178 884 τὴν
194 847 242 874 ἐπὶ
261 848 294 882 τῇ
314 846 445 882 ὁμολογίᾳ
458 846 626 874 δείκνυσθαι.

999 850 1062 876 une,
1079 843 1151 877 quod
1168 843 1307 878 proprium
1329 845 1547 880 uniuscujusque
1561 845 1715 873 institutum
1729 853 1761 872 ac

990 887 1141 918 repositum
1158 888 1185 915 in
1201 888 1375 916 confessione
1392 889 1562 918 ostendatur.

165 936 263 964 Καίτοι
283 937 313 962 ὲν
339 935 378 971 τῷ
393 939 417 963 α’
433 935 486 970 διγ.
501 935 548 962 τοῦ
563 935 585 962 ἃ
601 935 653 963 τίτ.
667 934 714 962 τοῦ
731 935 771 962 κε’
785 934 854 969 βιὸλ.
865 935 919 960 τῶν
933 920 940 949 Ῑ

997 895 1141 921 'oposuum
1158 896 1185 915 In
1201 895 1375 916 contesstone
1392 895 1562 918 ostendatur.

1010 932 1118 960 Toxlus.
1134 933 1297 968 Quanquam
1314 934 1341 961 in
1359 935 1466 970 Digesto
1482 936 1508 968 1,
1526 937 1568 963 ιίι.
1581 937 1608 970 4,
1629 937 1676 963 lib.
1696 944 1760 968 xxv,

130 981 186 1016 διγ.
218 981 305 1017 φησὶ,
336 981 382 1008 τὸν
411 981 630 1016 κυοφορούμενον
660 981 743 1016 μέρος
772 979 842 1008 εἶναι
869 981 919 1016 τῆς

1001 987 1027 1014 g.
1052 979 1161 1006 dicatur
1192 985 1299 1014 partum
1320 988 1381 1008 esse
1399 981 1551 1015 portionem
1576 983 1760 1018 praegnantis:

130 1027 250 1063 ἐγκύουο
272 1029 301 1054 ὲν
326 1027 355 1054 δὲ
380 1026 396 1054 ι’
419 1028 474 1062 διγ.
491 1028 538 1054 τοῦ
553 1027 642 1062 γ’τίτ.
662 1026 709 1054 τοῦ
736 1026 780 1062 μα’
802 1025 873 1061 βιὸλ.
897 1025 918 1052 ν’

1023 1023 1133 1059 Digesto
1161 1028 1250 1051 tamen
1277 1025 1320 1052 10.
1339 1025 1380 1052 tit.
1400 1024 1427 1057 3,
1450 1026 1497 1053 ιιι).
1520 1034 1604 1054 xxxxt
1623 1032 1649 1054 et
1670 1027 1715 1055 lib.
1733 1035 1762 1061 ι..

131 1074 185 1101 τίτ.
198 1076 236 1105 ις’
254 1073 308 1107 δίγ,
325 1075 382 1105 ις’,
403 1072 444 1099 ὅτι
456 1071 486 1099 τὺ
500 1071 718 1107 κυοφορούμενον
734 1071 784 1098 οὐκ
796 1071 854 1098 ἔστι
870 1071 919 1106 μί-

997 1073 1013 1096 t.
1034 1069 1078 1102 16,
1095 1070 1194 1105 digest.
1208 1070 1255 1103 26,
1269 1071 1341 1106 quod
1355 1076 1449 1106 partus
1463 1080 1527 1107 pars
1538 1073 1634 1100 matris
1646 1082 1700 1101 non
1714 1076 1760 1102 sit.

131 1128 179 1155 ρος
200 1121 251 1154 τῆς
266 1119 369 1154 μητρός
387 1127 395 1134 ·
409 1118 455 1145 καὶ
469 1117 538 1145 ἄλλα
561 1118 590 1144 δὲ
606 1118 723 1152 διάφορα
733 1117 838 1153 νόμιμα
854 1117 920 1153 περὶ

997 1123 1074 1142 erum
1092 1117 1146 1143 alia
1159 1116 1241 1144 etiam
1260 1118 1312 1145 hac
1321 1118 1355 1145 de
1371 1117 1425 1154 [re]
1437 1118 1544 1146 diversa
1557 1119 1620 1154 jura
1645 1120 1673 1147 in
1689 1121 1760 1148 libro

131 1166 227 1193 τούτου
242 1167 394 1200 συνήγαγον
409 1165 438 1192 ἐν
448 1164 486 1200 τῷ
500 1166 611 1199 φανέντι
623 1172 668 1199 μοι
680 1164 744 1199 περὶ
759 1164 920 1198 ἑναντιοφα-

139 1212 186 1239 δῶν
204 1211 365 1247 μονοϐίὸλῳ.

170 1258 295 1285 ΚΕΦΑΛ.
323 1258 375 1284 iA'.
401 1272 436 1277 —
461 1256 531 1290 Περὶ
555 1257 608 1284 τοῦ
633 1257 766 1292 ὀφείλειν
791 1256 864 1291 μετὰ
888 1256 922 1283 τὸ

133 1305 220 1340 ἄτιον
232 1304 390 1338 βάπτισμα
404 1304 550 1338 χρίεσθαι.

276 1349 412 1376 Συνόδου
423 1349 597 1382 Λαοδικείας
608 1348 709 1375 κανὼν
724 1351 780 1383 μη¹.

172 1397 228 1429 μη’.
247 1394 306 1420 Ὅτι
321 1394 362 1421 δεῖ
384 1394 447 1426 τοὺς
466 1393 685 1429 φωτιζομένους,
700 1393 771 1429 μετὰ
784 1393 815 1420 τὸ
828 1392 926 1428 βάπτιη

972 1169 1044 1195 meo,
1062 1162 1096 1190 de
1113 1162 1139 1189 in
1155 1164 1275 1198 speciem
1292 1164 1450 1197 contrariis,
1466 1165 1600 1200 singulari
1611 1166 1718 1202 collegi.

1008 1261 1085 1289 CAP.
1102 1261 1147 1289 XI.
1163 1277 1197 1283 —
1213 1262 1290 1296 Quod
1306 1269 1366 1298 post
1376 1264 1534 1299 baptismum
1548 1265 1608 1300 fieri
1619 1266 1708 1293 unctio
1719 1267 1766 1294 de-

975 1306 1043 1333 beat.

1156 1353 1271 1380 Concilii
1286 1353 1430 1382 Laodiceni
1443 1364 1527 1383 canon
1543 1356 1588 1383 48.

1011 1400 1055 1427 48.
1068 1399 1183 1435 Oportet
1193 1408 1239 1428 eos
1257 1401 1303 1436 qui
1330 1402 1530 1435 illuminantur,
1549 1407 1611 1437 post
1631 1402 1767 1437 baptisma

137 1448 194 1475 σμα
222 1439 346 1475 χρίεσθαι
371 1440 503 1476 χρίσματι
531 1440 699 1475 ἐπουρανίῳ,
720 1439 770 1467 καὶ
793 1439 924 1475 μετόχους

997 1447 1069 1482 ιιιηεὶ
1084 1454 1168 1482 super
1181 1447 1287 1474 coalesti
1303 1447 1451 1475 chrismate
1467 1454 1495 1476 et
1516 1456 1576 1476 esse
1595 1449 1672 1485 regni
1686 1448 1767 1477 Chri-

135 1484 206 1514 εῐναι
215 1486 264 1522 τῆς
280 1487 420 1522 βασιλείας
434 1487 481 1514 τοῦ
493 1487 623 1524 Χριστοῦ.

173 1532 298 1560 ΚΕΦΑΛ.
314 1531 364 1561 lB’.
385 1548 420 1553 ——
435 1533 505 1568 Περὶ
524 1533 581 1568 τῆς
598 1533 749 1569 ποιήσεως
770 1534 824 1562 τοῦ
838 1534 925 1568 ἁγίου

138 1578 316 1613 χρίσματος.

278 1625 412 1652 Συνόδου
427 1625 637 1661 Καρθαγέννης
655 1625 754 1653 κανὼν
765 1625 803 1657 ς’.

174 1673 212 1701 ς’.
230 1670 320 1698 Ὥστε
336 1671 449 1706 χρίσμα
472 1672 532 1699 ἀπὸ
556 1672 766 1706 πρεσϐυτέρων
786 1671 829 1707 μὴ
847 1673 928 1706 γίνε-

138 1717 220 1745 σθαι.

178 1761 216 1795 ς’.
229 1762 411 1798 Φορτουνάτος
430 1762 578 1795 ἐπίσκοπος
594 1762 680 1795 εἶπεν,
690 1773 716 1791 κ.
727 1772 753 1790 τ.
763 1763 788 1790 λ.
802 1771 883 1798 usque
895 1762 931 1790 ad

141 1810 223 1837 πᾶσιν
235 1809 357 1846 ἀρέσκει.

177 1857 302 1883 ΚΕΦΑΛ.
329 1857 377 1884 ΙΓ¹.
393 1871 428 1877 --
445 1857 515 1891 Περὶ
539 1858 599 1885 τῶν
617 1857 665 1890 δὶς
690 1857 710 1892 ἢ
732 1858 775 1893 μὴ
801 1858 931 1892 δεόντως

138 1901 371 1936 ,ϐαπτιζομένων,
388 1902 437 1929 καὶ
450 1902 510 1929 τῶν
521 1903 592 1936 τοὺς
602 1903 721 1936 ἀσεϐεῖς
726 1903 932 1938 μὴβαπτιζόν-

143 1957 212 1975 των.

307 1983 495 2010 Ἀποστόλωεν
507 1984 608 2011 κανὼν
622 1985 677 2020 μᾷ,
693 1984 748 2019 μη’.
765 1988 795 2011 ν’-

181 2028 234 2065 μξ.
244 2029 408 2061 Ἐπίσκοπος
421 2030 437 2065 ἢ
451 2031 646 2066 πρεσϐύτερος,
659 2031 705 2058 τὸν
717 2032 788 2058 κατὰ
802 2031 932 2068 ἀλήθειαν

142 2076 238 2111 ἔχοντα
255 2075 405 2111 βάπτισμα,
420 2077 467 2103 ἐὰν
482 2077 585 2104 ἀνωθεν
598 2077 718 2114 βαπτίσῃ
730 2099 737 2110 ,
754 2077 771 2112 ἢ
783 2077 829 2104 τὸν
846 2087 932 2113 μεμο-

142 2121 277 2156 λυσμένον
303 2121 380 2156 παρὰ
409 2120 463 2148 τῶν
491 2122 608 2155 ὰσεὸὧν,
633 2123 681 2149 ἐὰν
697 2123 734 2159 μὴ
747 2123 930 2159 ἁναϐαπτίαῃ,

142 2167 339 2203 καθαιρείσθω,
350 2168 387 2201 ὡς
401 2168 488 2202 γελῶν
499 2168 543 2195 τὸν
561 2169 679 2203 σταυρὸν
693 2170 740 2196 καὶ
753 2169 800 2196 τὸν
813 2169 860 2196 τοῦ
878 2170 935 2196 Κυ-

144 2214 202 2249 ρίου
217 2213 342 2248 θάνατον,
368 2215 414 2241 καὶ
428 2215 465 2250 μὴ
475 2215 623 2250 διακρίνων
646 2216 736 2251 ἱερέας
755 2215 931 2251 ψευδιερέων.

977 1493 1011 1520 sti
1027 1492 1184 1527 participes.

1012 1537 1089 1567 CAP.
1107 1538 1164 1566 XII.
1179 1553 1216 1558 -—
1231 1538 1269 1567 De
1282 1540 1369 1566 sancti
1379 1540 1531 1568 chrismatis
1548 1541 1720 1576 confectione.

1127 1627 1240 1655 Concilii
1261 1628 1478 1664 Cartlmginemis
1495 1638 1580 1658 canon
1599 1632 1626 1658 6.

1099 1673 1133 1701 Ut
1150 1674 1265 1702 chrisma
1286 1683 1302 1702 α
1328 1676 1486 1711 presbyteris
1510 1685 1561 1704 non
1574 1678 1635 1712 ﬁat.

1015 1762 1043 1790 6.
1059 1762 1226 1790 Fortunatus
1240 1762 1386 1797 episcopus
1396 1763 1473 1797 dixit,
1484 1769 1550 1798 ctc.,
1562 1773 1645 1801 usque
1657 1767 1692 1794 ad
1707 1774 1768 1794 om-

982 1807 1063 1834 nibus
1081 1807 1177 1842 placet.
1193 1811 1222 1834 ut
1240 1815 1301 1842 pag.
1318 1807 1379 1835 562.

1022 1855 1098 1891 16],
1112 1854 1187 1883 CAP.
1202 1854 1308 1882 Xlll.—
1319 1855 1358 1882 De
1371 1856 1405 1883 iis
1414 1857 1458 1891 qui
1471 1856 1521 1890 bis,
1536 1858 1576 1884 vel
1586 1866 1636 1886 non
1648 1859 1698 1886 rite
1711 1859 1770 1894 {ue-

983 1906 1043 1928 runt
1065 1901 1206 1935 baptizati,
1221 1905 1246 1928 et
1263 1902 1295 1929 de
1309 1901 1344 1929 iis
1362 1902 1406 1937 qui
1424 1903 1557 1938 impietate
1576 1905 1770 1933 contaminatos

983 1954 1035 1972 non
1051 1946 1199 1980 baptizavit.

1127 1993 1310 2027 Apostolorum
1326 2001 1438 2022 canones
1458 1995 1504 2026 47,
1528 1995 1573 2028 48,
1586 1996 1631 2024 50.

1018 2039 1063 2067 47.
1082 2038 1140 2076 [46]
1157 2039 1320 2075 Episcopus,
1346 2041 1390 2068 vel
1410 2042 1550 2077 presbyter
1569 2051 1632 2070 eum
1648 2043 1694 2078 qui
1727 2051 1772 2070 vce

985 2092 1013 2112 re
1024 2074 1105 2112 habet
1125 2074 1303 2120 baptismum,
1317 2086 1339 2113 si
1357 2087 1391 2114 de
1403 2074 1510 2122 integro
1529 2074 1717 2123 baptizaverit,
1729 2089 1773 2116 Vel
1793 2074 1800 2095 ι

984 2130 1008 2157 si
1021 2137 1083 2158 eum
1097 2131 1143 2166 qui
1154 2131 1190 2159 ab
1209 2131 1301 2167 impiis
1316 2132 1436 2167 pollutus
1446 2137 1498 2166 est,
1512 2141 1565 2161 non
1581 2134 1771 2169 baptizaverit.
1810 2131 1814 2137 ’

984 2176 1146 2211 deponatur,
1159 2182 1188 2205 ut
1212 2178 1259 2212 qui
1279 2178 1392 2206 irrideat
1411 2184 1527 2208 mortem
1552 2184 1579 2206 et
1594 2187 1702 2207 crucem
1719 2180 1774 2207 Do-

985 2222 1066 2255 mini,
1092 2226 1119 2250 et
1149 2230 1203 2250 non
1219 2223 1358 2252 discernunt
1380 2231 1460 2252 veros
1476 2224 1632 2253 sacerdotes
1651 2233 1667 2254 a
1695 2225 1774 2254 falsis

143 2260 192 2294 (Τὸ
208 2260 329 2286 τοιοῦτον
357 2260 395 2292 ὡς
418 2261 456 2296 μὴ
468 2261 506 2296 τῷ
522 2270 583 2295 κεφ.
603 2262 716 2298 συνᾷδον
728 2283 735 2295 ,
761 2263 810 2289 οὐκ
830 2262 932 2296 ὀφείλει

997 2268 1122 2296 ιοεοτιίοιί
1127 2269 1188 2296 bus.

142 2305 386 2340 ἀναγινώσκεσθαι.
401 2305 448 2333 Est
460 2307 600 2335 minutiore
617 2309 705 2335 littera
720 2309 747 2335 in
760 2309 830 2344 cod.)

177 2350 234 2386 μη’.
252 2351 285 2378 Εἴ
303 2360 345 2383 τις
362 2352 454 2384 λαῖκὸς
468 2353 519 2387 τὴν
535 2353 632 2380 ἑαυτοῦ
653 2355 770 2388 γυναῖκα
797 2354 932 2387 ὲκὸαλὼν,

142 2397 241 2432 ἑτέραν
254 2397 342 2430 λάϐοι,
356 2397 372 2433 ἥ
390 2398 464 2433 παρὰ
480 2398 560 2426 ἄλλου
575 2400 788 2435 ἀπολελυμένην,
805 2400 934 2435 ἀφοριζέ-

143 2443 211 2471 σθω.

181 2492 213 2517 ν’.
226 2489 261 2516 Ei
271 2498 314 2522 τις
326 2490 476 2523 ἐπίσκοπος
489 2492 505 2527 ἢ
522 2492 718 2528 πρεσῦὑτερος,
740 2492 811 2519 κατὰ
823 2492 871 2527 τὴν
885 2491 932 2518 τοῦ

141 2535 247 2570 Κυρίου
273 2536 405 2568 διάταξιν,
434 2537 471 2572 μὴ
487 2537 612 2573 βαπτίσει
636 2539 676 2570 είς
692 2538 811 2572 Πατέρα,
825 2547 851 2566 κ.
865 2547 889 2566 τ.
905 2539 930 2566 λ.

141 2589 224 2616 usque
242 2581 277 2607 ad
291 2581 337 2608 τοῦ
351 2583 430 2616 ἁγίου
442 2583 609 2618 Ηνεύματος,
625 2593 652 2611 κ.
667 2593 694 2611 τ.
712 2585 737 2611 λ.

180 2627 248 2662 Περὶ
264 2626 317 2654 τῶν
337 2628 576 2660 ἀναὸαπτιςόντων
602 2630 650 2657 καὶ
671 2630 931 2666 ἁναδαπτιζομέ-,λων

140 2673 322 2708 διαλαμϐάνει
347 2675 363 2709 ἡ
385 2674 410 2700 α’
431 2675 477 2701 καὶ
500 2675 553 2710 ήβ¹
577 2675 646 2702 διάτ.
671 2676 718 2703 τοῦ
740 2676 830 2709 ς’τίτ.
844 2676 891 2703 τοῦ
909 2676 934 2703 α’

143 2719 215 2755 βιὸλ.
230 2719 278 2746 τοῦ
294 2719 411 2756 κὼδᾼἩ
428 2721 476 2755 μὲν
491 2721 545 2756 γὰρ
566 2721 604 2757 τῷ
619 2723 760 2756 ὲπισκόπῳ
774 2723 933 2758 καθαίρεσιν

140 2766 254 2800 ἐπάγει,
277 2767 293 2802 ή
311 2767 339 2793 δὲ
360 2767 480 2802 ἐσχάτην
496 2768 632 2803 τιμωρίαν
648 2768 687 2804 τῷ
706 2769 870 2804 βαπτίσαντι
885 2770 933 2797 καὶ

140 2812 181 2847 τῷ
206 2811 393 2847 βαπτισθέντι,
423 2813 450 2839 εί
483 2821 514 2847 γε
543 2813 652 2848 ἡλικίας
682 2813 739 2840 ἐστὶ
767 2814 932 2851 δεκατικῆς,

140 2858 330 2894 ἐγκλήματος·
357 2859 477 2894 γίνωσκε
499 2859 526 2886 δὲ
549 2860 589 2886 ὅτι
611 2861 625 2886 ὁ
641 2861 674 2896 τῇ
695 2861 751 2897 ἥϐῃ
764 2861 932 2896 πλησιάζων,

139 2905 186 2932 ἐπ’
203 2905 319 2941 οὐδεμιᾷ
343 2906 417 2941 αίτίᾳ
439 2905 592 2942 βοηθεῖται,
618 2906 656 2938 ὡς
680 2906 751 2942 βιῦλ.
776 2906 817 2933 κο’
835 2907 888 2934 τίτ.
913 2911 934 2934 ε’

1023 2357 1058 2384 ιδ
1086 2357 1144 2394 [47]
1172 2357 1200 2384 Si
1224 2359 1285 2393 quis
1306 2359 1394 2387 laicus
1419 2367 1467 2388 sua
1485 2359 1570 2394 t'jcCla
1589 2368 1675 2389 uxore
1693 2361 1774 2389 aliam

987 2405 1180 2440 acceperit,vel
1196 2405 1230 2432 ab
1247 2405 1301 2432 alio
1315 2406 1444 2439 solutam,
1459 2411 1626 2443 segregetur.

1021 2495 1056 2522 50
1071 2493 1141 2530 [49].
1159 2494 1188 2522 Si
1202 2494 1266 2530 quis
1277 2494 1424 2528 episcopus
1437 2498 1501 2524 ctc.,
1514 2502 1594 2529 usque
1604 2494 1639 2521 ad
1654 2493 1774 2529 Spiritus

987 2542 1082 2574 sancti,
1101 2545 1131 2568 ut
1145 2549 1227 2576 supra
1241 2549 1302 2576 pag.
1318 2540 1381 2567 442.

1025 2633 1131 2658 Tutus.
1146 2630 1184 2658 De
1198 2630 1231 2658 iis
1249 2630 1295 2665 qui
1315 2629 1483 2664 rebaptizant
1504 2634 1532 2657 et
1560 2630 1775 2665 rebaptizantur,

988 2681 1106 2705 tractant
1119 2677 1146 2710 l,
1163 2681 1190 2704 et
1202 2677 1231 2709 2,
1249 2681 1338 2704 coast.
1357 2675 1411 2712 itit.
1430 2674 1470 2712 6.]
1484 2676 1530 2703 lib.
1544 2683 1563 2708 I,
1579 2676 1639 2704 cod.
1655 2684 1773 2711 quarum

987 2723 1033 2750 illa
1048 2722 1178 2758 episcopo
1194 2721 1417 2757 dejectionemia
1431 2721 1616 2758 sacerdotio]:
1633 2722 1691 2749 haec
1710 2729 1776 2749 vero

989 2768 1121 2805 [utrique]
1142 2774 1168 2796 et
1193 2769 1239 2804 qui
1267 2769 1424 2803 baptizavit,
1445 2773 1472 2795 ct
1488 2769 1533 2803 qui
1555 2768 1708 2803 baptizatus
1723 2772 1775 2800 est,

988 2817 1011 2842 si
1026 2819 1116 2842 tamen
1146 2815 1269 2843 criminis
1285 2823 1333 2850 per
1351 2819 1457 2842 mtatem
1472 2821 1556 2849 capax
1582 2814 1628 2845 sit,
1649 2813 1777 2841 ultimum

988 2861 1152 2897 supplicium
1167 2862 1283 2889 inducit.
1297 2861 1375 2888 Scias
1394 2868 1469 2891 vero.
1487 2860 1559 2895 quod
1574 2859 1620 2894 qui
1638 2859 1777 2895 pubertati

989 2908 1202 2944 appropinquat,
1227 2908 1253 2936 ci
1275 2908 1302 2936 in
1325 2907 1400 2935 nulla
1420 2914 1502 2935 causa
1522 2906 1720 2935 subveniatur:
1747 2911 1777 2934 ut
