1954 3080
181 149 236 181 623

755 145 885 176 PHOTII
902 145 1152 176 PATRIARCH/E
1169 146 1223 177 ΟΡ.

1748 145 1800 176 624

181 205 227 232 lib.
247 211 322 236 mx,
340 203 381 231 tit.
401 203 429 235 5,
446 202 544 238 digesl.
570 202 616 235 M,
632 201 784 238 [traditum]
811 201 858 229 Est
875 206 962 228 autem

1017 201 1070 236 δίγ.
1102 202 1150 228 ιδ’·
1179 202 1238 228 ἔστι
1256 201 1286 228 δὲ
1303 201 1370 237 ἥϐη,
1393 201 1442 228 ἐπὶ
1462 201 1512 236 μὲν
1531 200 1578 228 τοῦ
1601 200 1726 237 ἄρρενος,
1741 203 1756 229 ὀ
1769 201 1800 228 ιδ’

181 252 308 286 pubertas
325 251 352 278 in
367 250 488 278 masculo
510 249 634 276 decimus
650 252 766 283 quartus
781 255 872 274 annus
884 254 962 274 com-

181 297 281 331 pletus,
305 297 331 324 in
358 295 459 323 femina
483 302 549 322 vero
575 294 653 328 162
677 293 732 320 duo
761 292 903 320 decimus:
934 297 964 319 ut

182 344 228 369 lib.
244 350 338 373 xxvni,
359 342 400 368 tit.
420 341 445 372 l,
464 341 561 375 digest.
579 341 607 370 5,
627 345 655 366 et
676 339 722 366 lib.
743 339 804 366 cod.
818 339 846 370 5,
861 339 902 366 tit.
917 337 961 370 60,

180 391 267 415 const.
283 387 311 419 3,
328 385 367 422 [ct
378 385 437 421 lib.]
454 385 540 412 instit.
557 384 584 415 l,
601 385 642 411 tit.
664 384 709 415 22,
726 382 859 419 [docenL]
885 383 963 416 Quod

180 433 202 460 si
217 432 364 466 aliquibus,
382 431 469 458 donec
494 430 611 465 puberes
624 429 700 462 liant,
722 428 852 455 alimenta
874 429 963 462 legata

180 478 253 504 sint:
269 476 418 508 masculus,
438 475 524 502 donec
550 474 685 501 decimum
710 477 836 501 octavum
860 480 962 500 annum

179 523 374 557 compleverit:
403 521 513 552 femina,
539 520 626 548 donec
650 520 790 547 decimum
822 524 962 554 quartum,

180 568 310 602 percipit:
334 572 364 594 ut
381 567 428 594 lib.
452 574 544 597 xxxrv,
559 566 600 592 tit.
617 565 642 592 1.
667 564 778 600 [digesL
797 565 841 591 Η.
858 563 963 600 habet.]

180 614 304 651 [inpubes
315 612 414 640 falsum
425 620 478 640 non
486 612 644 640 committit:
657 617 685 638 ut
698 611 745 638 lib.
755 619 850 642 xum,
863 611 905 638 tit.
919 610 963 642 l0,

179 660 275 694 digest.
291 659 338 686 22.
359 659 530 685 Adulterium
551 664 612 692 post
628 658 797 692 pubertatem
817 656 963 683 committi-

181 712 244 734 tur:
262 710 292 733 ut
315 706 412 740 digest.
430 705 475 736 56,
492 705 534 731 ιὶι.
552 703 579 736 5,
592 703 713 738 ejusdem
735 703 891 733 xtvm,lib.
908 701 963 728 No-

180 751 248 778 vella
274 758 377 781 xxxvii,
393 757 454 785 quae
479 749 513 777 de
535 749 664 776 Eeclesiis
691 747 829 775 Africanis
853 752 963 779 tractat,

180 797 219 824 ait
252 796 436 831 rebaptizalos
463 796 581 823 militare
599 795 709 830 quidem
729 802 783 822 non
799 801 891 830 posse,
917 793 966 821 sed

180 849 270 870 tamen
295 842 459 878 pmnitenlia:
473 842 563 869 locum
575 841 686 868 habere.

1013 248 1134 279 ἐνιαυτὸς
1149 248 1364 283 πεπληρωμένος
1381 255 1388 262 ·
1404 248 1450 274 ἐπὶ
1461 247 1491 274 δὲ
1502 249 1552 282 τῆς
1563 247 1684 282 Θηλειας,
1700 247 1717 282 ὴ
1733 255 1801 282 συμ-

1013 294 1153 330 πλήρωσις
1167 295 1214 321 τοῦ
1229 294 1263 329 ιβ’
1283 294 1405 321 ἐνιαυτοῦ
1416 314 1424 326 ,
1439 295 1478 325 ὡς
1497 293 1566 329 βιϐλ.
1583 297 1626 329 κη’
1640 293 1693 321 τίτ.
1709 297 1733 320 α’
1747 294 1800 328 διγ.

1013 344 1045 372 ε’,
1060 341 1108 366 καὶ
1124 340 1194 375 βιὸλ.
1207 340 1255 366 τοῦ
1271 340 1335 367 κὼδ.
1346 339 1366 366 ε’
1379 340 1431 367 τιτ.
1448 340 1468 372 ξ’
1482 340 1553 367 διάτ.
1565 339 1600 374 γ’,
1613 340 1662 366 καὶ
1673 340 1788 366 ἰνστιτου

1013 387 1089 413 τίων.
1107 386 1131 412 α’
1155 387 1208 413 τίτ.
1228 386 1289 421 κβ’·
1317 387 1342 412 ει
1355 386 1384 413 δέ
1396 394 1452 413 τισι
1479 386 1633 420 ληγατευθῇ
1657 385 1800 420 ἁποτροφὴ

1013 431 1066 463 ἕως
1089 428 1121 458 οὗ
1141 432 1210 458 εἰσιν
1224 432 1329 466 ἄνηϐοι,
1342 433 1356 458 ὸ
1374 431 1423 466 μὲν
1437 432 1526 467 ἄρρην
1546 431 1689 466 λαμὸάνει,
1704 431 1756 462 ἕως
1771 427 1803 457 οὗ

1014 477 1148 512 πληρώσῃ
1159 477 1205 504 τὸν
1217 481 1252 512 ιη’
1264 478 1399 509 ἐνιαυτὸν,
1413 479 1429 512 ἡ
1445 477 1473 504 δὲ
1484 477 1578 512 θήλεια
1593 477 1639 503 τὸν
1653 477 1694 508 ιδ’,
1712 476 1747 505 ὡς
1762 476 1803 510 βι-

1014 522 1057 550 6λ.
1076 523 1112 549 λδ¹
1124 523 1176 549 τιτ.
1194 526 1218 549 α’
1230 531 1237 538 ”
1254 523 1352 556 ἄνηϐος
1367 523 1395 549 δὲ
1415 523 1446 549 τὸ
1462 522 1580 550 πλαστὸν
1592 522 1622 548 οὐ
1638 521 1802 556 πλημμελεῖ.

1019 568 1056 601 ὡς
1068 569 1137 604 βιῦλ.
1155 572 1200 604 μη¹
1212 569 1265 596 τίτ.
1286 569 1362 603 ι’δίγ.
1379 568 1420 604 κβ¹
1433 577 1441 585 ·
1452 569 1499 595 καὶ
1514 569 1530 603 ἡ
1552 567 1658 603 μοιχεία
1673 567 1741 603 μετὰ
1753 567 1804 601 τὴν

1014 615 1086 650 ἥϐην
1104 614 1316 650 πλημμελεῖται,
1330 615 1367 646 ὡς
1381 615 1436 648 διγ.
1449 614 1547 646 λς’τοῦ
1565 613 1643 640 ι’τίτ.
1658 613 1706 640 τοῦ
1721 611 1802 639 αὐτοῦ

1016 667 1061 699 μη¹
1077 663 1149 698 βιόλ.
1169 665 1185 700 ἡ
1199 664 1228 690 δὲ
1244 664 1466 698 διαλαμϐάνουσα
1479 664 1544 698 περὶ
1559 662 1613 689 τῶν
1634 661 1803 696 Ἐκκλησιῶν

1021 710 1153 744 ’Δφρικῆς
1171 710 1209 742 λζ’
1219 710 1317 746 νεαρὰ,
1337 709 1430 745 φησιν,
1447 710 1488 736 ὅτι
1504 710 1530 736 οἱ
1542 707 1803 741 ἁναϐαπτισθέντες,

1016 757 1217 792 στρατεύεσθαι
1235 756 1286 789 μὲν
1300 756 1331 782 οὺ
1348 755 1486 788 δύνανται,
1505 754 1659 790 μεταμέλου
1669 753 1698 780 δὲ
1711 752 1803 789 χώραν

1015 800 1133 836 ἔχουσιν.

213 873 386 917 (ΖΔΕ-ΧΠ,
402 902 438 908 -
456 888 571 920 Quinum
597 895 629 914 ea:
657 887 786 914 Iiavreticis
809 886 843 913 ad
874 886 962 912 ortho-

1053 888 1178 915 ΚΕΦΑΛ.
1199 888 1229 914 ΙΔ
1240 907 1248 915 .
1260 903 1297 908 -
1311 888 1394 921 Τίνες
1405 887 1440 919 ἐξ
1454 885 1609 922 alpeth
1625 887 1668 919 εις
1684 885 1744 920 τὴν
1756 887 1803 920 ὀρ-

179 935 285 962 daxiam
309 939 471 961 transeuntes
487 933 669 969 baptizenlur,
691 938 715 961 et
736 934 844 969 quinam
862 937 965 960 tantum

179 985 322 1016 unganlur.

373 1024 486 1052 Concilii
501 1023 606 1052 Nimui
620 1032 706 1051 canon
721 1024 767 1052 l9.

218 1085 262 1111 l9.
283 1083 321 1110 De
333 1082 523 1114 Paulianistis,
539 1086 606 1114 etc.,
624 1086 653 1108 ut
667 1090 728 1117 pag.
746 1081 809 1109 559.

330 1127 442 1154 Concilii
456 1126 599 1153 Laudiceni
611 1134 723 1154 curione:
742 1126 768 1158 7,
782 1127 808 1153 8.

212 1174 239 1201 7.
260 1172 314 1200 Eos
340 1173 386 1207 qui
411 1180 442 1198 ex
472 1171 630 1202 haeresihus.
656 1171 708 1198 hoc
731 1174 784 1202 est.
804 1169 964 1197 Novatianis

179 1219 235 1246 sive
248 1218 428 1249 Photinianis,
439 1217 479 1244 vel
489 1217 743 1244 Tessaresdecatitis
756 1216 962 1249 conv’ertuutur,

179 1265 236 1292 sive
250 1265 472 1296 catechumenos,
494 1263 551 1290 sive
567 1263 613 1298 qui
633 1263 704 1296 apud
729 1263 791 1290 illos
814 1262 906 1290 fideles
921 1262 964 1288 di-

179 1315 290 1343 cuntur,
309 1317 362 1336 non
385 1309 493 1336 admitti
519 1309 676 1344 priusquam
701 1315 811 1335 omnem
836 1307 962 1335 haeresim

179 1355 482 1387 analhcmalizaverint,
505 1358 532 1382 et
547 1354 681 1389 pracipue
695 1362 756 1381 eam
775 1354 802 1381 in
823 1361 875 1387 qua
894 1353 963 1381 deti-

180 1402 330 1432 nebantur;
346 1406 373 1428 et
384 1407 448 1428 tunc
459 1401 588 1435 deinceps
602 1408 661 1432 eos,
674 1400 720 1435 qui
735 1400 805 1434 apud
821 1400 882 1427 illos
895 1399 962 1426 ﬁde-

180 1449 219 1476 les
239 1447 411 1478 dicebantur,
436 1447 497 1474 fidei
521 1447 643 1482 symbola
667 1446 799 1477 dicentes,
820 1450 847 1473 et
868 1451 964 1473 sancto

180 1494 328 1521 chrismate
344 1492 483 1525 iuunctos,
509 1492 549 1520 sic
572 1496 668 1519 sancto
689 1492 819 1527 mysterio
839 1498 962 1518 commu-

180 1532 282 1567 nicare.

216 1585 243 1613 8.
263 1584 316 1613 Eos
329 1584 376 1620 qui
393 1584 427 1612 ab
441 1591 536 1612 eorum
554 1583 651 1611 hatresi
667 1583 714 1619 qui
727 1583 848 1618 Phryges
867 1582 964 1610 dicun-

183 1637 237 1665 tur,
252 1635 459 1663 convertuntur,
477 1631 534 1658 sive
548 1632 604 1657 sint
617 1630 644 1656 in
660 1630 735 1656 clero
748 1629 795 1663 qui
812 1628 883 1662 apud
904 1628 965 1655 illos

180 1677 372 1704 existimantur
379 1676 436 1703 sive
453 1675 564 1702 maximi
576 1674 718 1707 dicantur,
733 1681 828 1700 omnes
843 1680 890 1700 eos
901 1680 963 1700 cum

180 1722 254 1750 omni
269 1722 359 1750 studio
373 1721 536 1748 catechizari
553 1728 600 1748 seu
619 1719 722 1748 initiari
738 1723 767 1747 et
781 1718 914 1754 baptizari
927 1719 962 1746 ab

179 1768 307 1797 Ecclesiae
322 1768 457 1803 episcopis
473 1772 500 1795 et
514 1767 688 1803 presbyteris.

246 1867 360 1896 Consilii
378 1867 664 1902 Constantinopolitani
676 1874 760 1894 canon
779 1867 796 1894 7
812 1865 878 1902 (45).

217 1915 242 1942 7.
263 1915 317 1943 Eos
337 1914 384 1950 qui
399 1919 480 1941 rectae
502 1913 565 1941 fidei
585 1912 761 1949 adjiciuntur,
781 1917 810 1940 et
825 1911 896 1948 parti
918 1917 965 1938 eo-

179 1969 240 1988 rum
255 1961 302 1996 qui
320 1968 354 1988 ex
371 1960 504 1988 haereticis
520 1964 674 1990 servantur.
690 1959 849 1994 recipimus,
867 1965 965 1986 secun-

180 2008 244 2035 dum
265 2007 344 2043 163
360 2007 511 2041 subjcclam
534 2006 578 2034 hic
600 2006 823 2040 consequentiam
847 2009 875 2032 et
899 2012 964 2031 cou-

179 2051 362 2080 suetudiucm.
397 2050 514 2078 Arianos
542 2049 652 2085 quidem
682 2053 709 2076 et
731 2048 962 2078 Macedonianos.

178 2103 206 2126 et
223 2098 404 2126 Sabbalianos
420 2096 488 2131 (66),
506 2100 534 2124 et
557 2095 733 2128 Novatianos,
748 2094 794 2129 qui
818 2093 913 2120 dicunt
933 2100 963 2119 se

180 2146 254 2179 ipsos
269 2143 406 2172 Catharos
420 2147 447 2170 et
460 2142 609 2173 Aristeros,
628 2141 692 2176 (hoc
705 2146 756 2173 est,
773 2140 901 2173 mundos,
922 2139 962 2165 vel

1015 933 1156 965 θοὸοξίαν
1173 933 1341 967 μετιόντες,
1354 932 1552 966 βαπτίζονται
1563 940 1570 947 ·
1594 933 1643 960 καὶ
1658 933 1739 966 τινες
1748 933 1803 967 μό-

1016 987 1071 1005 νον
1086 979 1233 1014 χρίονται.

1182 1023 1318 1052 Συνόδου
1336 1025 1462 1057 Νικαίας
1473 1024 1576 1052 κανὼν
1587 1024 1633 1052 ιϐ’.

1050 1080 1094 1107 ιθθ.
1109 1080 1177 1115 Περὶ
1192 1079 1246 1106 τῶν
1257 1079 1507 1113 Παυλιανισάντων,
1525 1089 1553 1108 κ.
1567 1090 1592 1108 τ.
1613 1081 1639 1108 λ.

1145 1125 1281 1152 Συνόδου
1294 1125 1470 1165 Λαοδικείας
1485 1126 1588 1153 κανὼν
1602 1127 1625 1159 ζ’
1635 1129 1671 1161 η’.

1049 1169 1082 1202 ζ’.
1109 1170 1179 1205 Περὶ
1199 1170 1247 1196 τοῦ
1274 1171 1340 1202 τοὺς
1360 1171 1393 1197 ἐκ
1414 1171 1468 1198 τῶν
1489 1171 1639 1206 αἱρέσεων,
1662 1172 1803 1200 τουτέστιν

1013 1215 1203 1248 Ναυατιανῶν,
1223 1217 1283 1252 ἦτοι
1294 1217 1491 1249 Φωτιινιανῶν,
1506 1218 1802 1254 Τεσσαρεσκαιδεκατι-

1013 1261 1067 1288 τῶν
1086 1263 1349 1297 ἐπιστρεφομένούς,
1374 1263 1467 1290 εῐτουν
1490 1265 1726 1299 κατηχουμένους,
1745 1265 1801 1292 εἴτε

1014 1308 1138 1340 πιστοὺς,
1165 1308 1228 1339 τοὺς
1243 1304 1308 1344 τὲαρ⁸
1332 1309 1446 1340 ἐκεινοις
1462 1310 1498 1345 μὴ
1528 1310 1723 1345 προσδέχεσθαι
1736 1311 1802 1346 πρὶν

1014 1353 1047 1380 ἂν
1057 1354 1276 1389 ἀναθεματισωσι
1291 1355 1381 1382 πᾶσαν
1392 1355 1509 1390 αἵρεσιν,
1520 1355 1668 1391 ἐξαιρέτως
1685 1356 1713 1382 δὲ
1735 1357 1765 1382 ιν
1781 1354 1798 1394 ᾖ

1014 1399 1172 1434 κατείχοντο
1187 1406 1195 1414 ο
1215 1400 1263 1426 καὶ
1282 1399 1344 1426 τότε
1357 1400 1450 1426 λοιπὸν
1472 1402 1535 1433 τοὺς
1551 1401 1712 1436 λεγομένους
1734 1403 1802 1438 παρ’

1013 1446 1105 1476 αὐτοῖς
1119 1446 1230 1476 πιστοὺς
1244 1445 1463 1480 ἐκμανθάνοντας
1480 1446 1515 1473 τὰ
1528 1448 1578 1482 τῆς
1592 1447 1710 1479 πίστεως
1734 1447 1803 1483 σύμ-

1014 1491 1089 1521 ϐολα.
1108 1491 1268 1526 χρισθέντας
1283 1500 1313 1518 τε
1327 1492 1367 1528 τῷ
1382 1493 1453 1528 ἁγιῳ
1465 1493 1606 1529 χρίσματι,
1622 1493 1694 1520 οὕτω
1706 1502 1804 1521 κοινω-

976 1549 998 1577 c
1015 1539 1071 1565 νεῖν
1084 1539 1138 1565 τῶν
1153 1539 1311 1575 μυστηρίων
1326 1539 1381 1567 τῶν
1393 1540 1489 1574 ἁγίων.

1050 1587 1086 1619 η’.
1098 1584 1165 1620 Περὶ
1175 1584 1222 1611 τοῦ
1237 1586 1300 1616 τοὺς
1310 1585 1364 1612 ἀπὺ
1374 1585 1424 1619 τῆς
1437 1585 1571 1620 αἱρέσεως
1584 1585 1639 1612 τῶν
1648 1584 1803 1620 λεγομένων

1014 1630 1129 1665 Φρυγῶν
1141 1631 1364 1666 ἐπιστρέφοντας,
1374 1633 1399 1658 εἰ
1416 1632 1464 1659 καὶ
1479 1633 1509 1658 ἐν
1521 1633 1614 1667 κλήρῳ
1628 1631 1804 1667 νομιζομένῳ

1015 1676 1082 1712 παρ’
1103 1677 1195 1709 αὐτοῖς
1217 1678 1388 1712 τυγχάνοιεν,
1410 1679 1434 1705 εἰ
1455 1679 1501 1705 καὶ
1526 1679 1650 1713 μέγιστοι
1668 1679 1801 1713 λέγοιντο,

1014 1723 1079 1754 τοὺς
1103 1723 1242 1755 τοιούτους
1257 1724 1327 1759 μετά
1339 1724 1429 1758 πάσης
1449 1725 1607 1759 ἐπιμελείας
1623 1724 1801 1759 κατηχεωθαι

1014 1778 1044 1796 τε
1062 1769 1108 1796 καὶ
1125 1769 1303 1804 βαπτίζεσθαι
1322 1770 1373 1796 ὑπὸ
1385 1769 1439 1797 τῶν
1460 1771 1508 1805 τῆς
1524 1770 1670 1805 ἐκκλησίας
1686 1771 1800 1797 ἐπισκό-

1017 1824 1074 1842 πων
1087 1824 1116 1842 τε
1129 1816 1176 1842 καὶ
1190 1816 1395 1852 πρεσϐύτερων.

1068 1871 1203 1899 Συνόδου
1228 1873 1574 1905 Κωνσταντινουπόλεως
1587 1873 1688 1900 κανὼν
1703 1873 1736 1905 ζ’.

1049 1917 1082 1950 ξ’.
1101 1918 1171 1949 Τοὺς
1187 1919 1417 1954 προστιθεμένους
1429 1920 1463 1954 τῇ
1482 1919 1622 1956 ὀρθοδοξῑᾳ
1637 1919 1685 1946 καὶ
1698 1920 1729 1954 τῇ
1751 1928 1803 1955 με-

1015 1964 1068 2000 ρίδι
1082 1963 1135 1990 τῶν
1148 1963 1309 1998 σωζομένων
1323 1965 1376 1991 ἀπὺ
1398 1965 1544 2000 αἱρετικῶν
1562 1964 1694 2000 δεχόμεθα
1707 1985 1714 1996 ,
1727 1965 1802 1992 κατὰ

1014 2010 1063 2044 τὴν
1097 2009 1320 2044 ὑποτεταγμένην
1357 2010 1517 2037 ἀκολουθίαν
1549 2011 1597 2037 καὶ¹
1640 2010 1798 2045 συνήθειαν.

1020 2055 1176 2090 Ἀρειανοὺς
1201 2055 1251 2090 μὲν
1266 2055 1313 2082 καὶ
1333 2055 1558 2087 Μακεδονιανοὺς,
1581 2055 1629 2082 καὶ
1645 2056 1801 2083 20.66am.-

1013 2101 1085 2132 νοὺς,
1096 2101 1143 2127 καὶ
1154 2100 1352 2132 Ναυατιανοὺς,
1368 2101 1431 2132 τοὺς
1442 2101 1569 2136 λέγοντας
1581 2101 1693 2133 ἑαυτοὺς
1706 2101 1803 2128 Καθα-

1015 2147 1077 2179 ροὺς
1096 2145 1144 2172 καὶ
1157 2145 1332 2181 Ἀριστεροὺς
1351 2145 1399 2172 καὶ
1418 2146 1482 2177 τοὺς
1500 2146 1801 2180 Τεσσαρεσκαιδεκατι-

179 2190 326 2226 sinistros),
342 2195 368 2216 et
397 2187 652 2220 Tessaresdectitas,
672 2186 730 2214 sive
747 2185 910 2217 'l‘elraditas,
936 2188 962 2211 et

1017 2199 1062 2222 τας
1077 2191 1162 2226 ἤγουν
1179 2190 1352 2226 Τετραδὶτας,
1372 2191 1419 2218 καὶ
1433 2190 1670 2226 Ἀπολιναριστὰς,
1684 2192 1802 2227 δεχόμε-

179 2221 387 2272 Apollinaristas
403 2234 560 2268 recipimus,
573 2233 670 2259 dantes
684 2231 794 2266 quidem
806 2231 919 2262 libellos,
936 2235 962 2257 el

1017 2221 1057 2263 θαν
1073 2221 1192 2268 διθόντας
1212 2221 1350 2268 λίσέλλουξ
1367 2238 1415 2263 καὶ
1439 2221 1687 2272 ἀναθεματίζοντας
1709 2221 1802 2264 Ea'm

180 2289 288 2309 omnem
306 2281 429 2308 haeresim
450 2278 720 2309 analhematizantes,
737 2284 797 2312 quae
813 2285 866 2303 non
884 2276 966 2303 sentit

181 2333 210 2357 ut
225 2331 319 2355 sancta
334 2326 382 2353 Dei
405 2325 539 2353 catholica
564 2328 590 2351 et
614 2323 763 2358 apostolica
778 2322 915 2356 Ecclesia;
938 2327 962 2349 el

179 2373 313 2408 signatos,
328 2371 387 2400 sive
402 2375 499 2398 unctos
513 2370 630 2405 primum
654 2373 749 2397 sancto
761 2368 919 2400 chrismate,
936 2372 964 2394 et

178 2419 306 2450 frontem,
323 2421 351 2445 et
372 2416 477 2449 oculos,
501 2420 528 2443 et
545 2422 636 2446 nares,
661 2419 688 2441 et
704 2421 745 2446 os,
764 2418 791 2440 et
813 2421 905 2440 aures.
930 2413 962 2440 Et

178 2472 227 2492 eos
245 2464 384 2499 signantes
403 2462 531 2494 dicimus,
557 2461 731 2495 Signaculum
755 2461 818 2488 doni
844 2460 964 2495 Spiritus

179 2510 277 2540 sancti.
295 2508 375 2543 Atqui
390 2507 588 2539 Eunomianos,
606 2506 651 2541 qui
668 2506 695 2533 in
715 2513 798 2533 uuam
814 2506 964 2533 demcrsio-

179 2565 241 2585 nem
257 2556 446 2591 baptizantur;
464 2558 490 2580 et
509 2553 698 2584 Montanistas,
713 2553 758 2587 qui
778 2552 822 2579 hic
835 2552 964 2580 dicuntur

179 2604 308 2638 Phryges,
322 2607 348 2629 et
362 2600 532 2628 Sabellianos
556 2599 603 2634 qui
627 2599 753 2626 eumdem
777 2605 838 2626 esse
854 2597 963 2625 Patrem

216 2692 273 2725 (£5)
293 2690 352 2718 Non
377 2696 418 2718 est
437 2690 480 2717 hic
500 2697 587 2718 canon
610 2687 960 2725 in_Arabicaparaphrasi,

179 2721 230 2756 nec
253 2721 279 2755 in
302 2726 467 2754 Collectione
483 2732 617 2751 canonum
633 2721 746 2749 Joannis
770 2721 898 2749 Antioch.
914 2723 959 2757 qui

179 2769 205 2790 ιιι
228 2762 414 2790 Scholasticus
429 2761 517 2787 dictus
534 2764 585 2791 est,
611 2757 765 2792 patriarcha
783 2757 848 2789 CP.,
865 2765 913 2785 nec
932 2758 958 2784 in

181 2798 303 2832 Epitome
333 2803 468 2823 canonum
500 2791 643 2829 Symeoriis
668 2791 791 2827 magistri
806 2811 823 2832 τ’
847 2798 961 2832 uterque

179 2827 250 2858 enim
278 2839 325 2859 sex
346 2835 450 2858 tantum
473 2827 577 2865 priures
599 2827 863 2865 caimnes_appellat_
879 2828 960 2865 hujus

179 2866 297 2893 concilii.
313 2866 359 2893 Est
378 2861 489 2893 totidem
503 2864 594 2892 verbis
614 2871 702 2891 canon
719 2861 864 2897 li’éynodi
880 2861 958 2889 Trul-

1013 2281 1120 2316 αἵρεσιν
1137 2281 1174 2317 μὴ
1187 2280 1337 2316 φρονοῦσαν
1356 2280 1393 2312 ὡς
1414 2281 1508 2315 φρονεῖ
1531 2281 1548 2315 ὴ
1576 2280 1642 2314 ἁγία
1657 2280 1704 2307 τοῦ
1729 2280 1801 2307 Θεοῦ

1015 2325 1146 2360 καθολικὴ
1159 2326 1206 2352 καὶ
1219 2324 1550 2361 ἀποστολικὴἘχκλησια,
1567 2324 1806 2359 σφραγιζομένους

1014 2372 1073 2407 ῆτοι
1091 2372 1251 2407 χρωμένους
1268 2372 1376 2406 πρῶτον
1391 2371 1429 2406 τῷ
1446 2371 1514 2406 ἁγίῳ
1533 2371 1611 2406 μύρῳ
1625 2372 1656 2398 τό
1671 2380 1709 2400 Δτε
1735 2372 1804 2406 μέτ’

1014 2426 1099 2450 ωπον,
1111 2418 1158 2444 καὶ
1169 2417 1231 2449 τοὺς
1240 2417 1405 2451 ὀφθαλμοὺς,
1418 2417 1523 2448 καὶτὰς
1538 2417 1624 2452 ῥῖνας,
1638 2417 1683 2443 καὶ
1696 2417 1727 2443 τὸ
1737 2417 1804 2443 στό-

1018 2472 1067 2498 μα,
1083 2464 1129 2489 καὶ
1147 2463 1182 2489 τὰ
1193 2460 1261 2489 ὧτα⁶
1278 2463 1326 2489 καὶ
1341 2461 1535 2497 σφραγίζοντες
1559 2462 1657 2493 αὐτοὺς
1672 2462 1803 2496 λέγομεν·

1019 2509 1140 2544 Σφραγὶς
1151 2509 1255 2544 δωρεᾶς
1268 2507 1423 2543 Πνεύματος
1434 2507 1524 2541 ἁγίου·
1539 2507 1722 2541 Εὐνομιανοὺς
1736 2508 1805 2541 μὲν·

1013 2563 1054 2581 τοι
1079 2556 1141 2586 τοὺς
1169 2555 1209 2586 εἰς
1236 2554 1302 2589 μίαν
1330 2553 1476 2580 κατάδυσιν
1505 2552 1730 2588 βαπτιζομένους,
1754 2555 1807 2580 καὶ

1013 2600 1200 2632 Μοντανιστὰς
1216 2600 1279 2632 τοὺς
1297 2599 1414 2627 ἐνταῦθα
1435 2598 1598 2634 λεγομένους
1617 2598 1735 2633 Φρύγας,
1755 2601 1808 2627 καὶ

1011 2686 1175 2722 1οηεο.Ῡὶ‹1ο
1187 2687 1267 2713 etiam
1286 2687 1428 2721 epistolam
1447 2687 1480 2714 ad
1499 2686 1657 2722 Martyrium
1672 2685 1805 2722 Antioch.

1012 2723 1082 2757 apud
1100 2721 1294 2750 Leunclavium
1318 2723 1343 2749 in
1359 2722 1426 2749 Jure
1443 2722 1536 2749 Graeco
1551 2721 1630 2748 Rom.
1655 2729 1717 2756 pag.
1736 2721 1804 2754 290,

1012 2757 1084 2784 unde
1096 2758 1144 2784 'hic
1161 2765 1247 2784 canon
1268 2758 1422 2790 descriptus
1437 2758 1524 2784 videri
1542 2762 1640 2791 potest.

1048 2792 1104 2827 (46)
1125 2791 1184 2818 Non
1201 2793 1306 2819 videtur
1321 2789 1392 2827 apud
1409 2789 1549 2819 Socratem
1571 2789 1807 2827 sabbatianuruln

1011 2825 1111 2855 nomen
1126 2831 1288 2863 usurpatum
1305 2825 1368 2856 ante
1386 2835 1432 2855 an.
1447 2827 1560 2856 circiter
1574 2825 1637 2855 592.
