1954 3080
151 166 202 198 625

583 169 783 201 SYNTAGMA
801 168 994 199 CANONUM.
1009 181 1044 186 -
1058 169 1131 199 TlT.
1150 169 1198 206 ιν,
1218 168 1288 198 CAP
1315 168 1393 198 XIV.

1721 169 1775 202 626

151 223 344 262 Σαᾷελλιανοὺς
357 226 421 258 τοὺς
434 226 610 262 υῑοπαςορίαν
623 227 806 260 διδάσκοντας,
821 229 866 255 καὶ
875 227 933 254 ἓτε-

985 231 1011 254 et
1024 226 1126 261 lFilium
1143 226 1300 262 opinantur,
1319 230 1468 261 utrumque
1492 226 1574 254 simul
1600 225 1774 255 confunden-

151 269 184 304 ρά
198 258 262 296 Σιτινα
289 270 396 305 χαλεπὰ
425 258 579 304 ποιοῦντας,
595 273 643 300 καὶ
668 273 718 305 τὰς
732 258 817 305 ἄλλας
844 275 934 306 πάσας

149 314 267 350 αἱρέσεις
284 324 291 331 ·
318 316 412 352 ἐπειδὴ
439 317 530 344 πολλοί
560 319 634 346 εἰσιν
646 319 763 346 ἐνταῦθα
779 320 895 354 μάλιστα
909 321 934 347 οἱ

149 360 203 388 ἀπὸ
223 360 277 395 τῆς
298 361 427 388 Γαλατῶν
444 362 536 398 χώρας
560 364 713 398 ἐρχόμενοι,
742 365 847 397 πάντας
870 367 934 396 τοὺς

149 407 195 432 ἀπ’
223 407 314 434 αὐτῶν
327 407 453 439 θέλοντας
466 408 659 442 προστίθεσθαι
682 411 714 445 τῇ
729 411 878 447 ὀρθοδοξίᾳ.
895 412 934 443 ὡς

150 452 284 487 ’Έλληνας
315 453 449 488 δεχόμεθα
463 462 470 469 ·
489 455 537 481 καὶ
564 454 613 490 τὴν
633 456 745 491 πρώτην
766 457 814 491 μὲν
828 457 934 493 ἡμέραν

149 497 278 532 ποιοῦμεν
292 498 390 530 αὐτοὺς
403 499 583 534 Χριστιανοὺς
595 520 603 533 ,
619 501 668 536 τὴν
685 502 713 528 δὲ
723 502 851 538 δευτέραν
866 512 934 530 κατ-

148 543 334 578 ηχουμένουςν
353 542 413 571 εἶτα
441 546 474 580 τῇ
504 545 582 580 τρίτῃ
612 546 788 581 ἑξορκίζομεν
823 548 931 581 αὐτοὺς,

150 588 217 622 μετὰ
232 588 280 615 τοῦ
302 590 428 624 ὲμφυσᾷν
446 590 537 624 τρίτον
554 591 595 622 εις
606 590 637 617 τὺ
651 591 796 626 πρόσωπον
807 613 815 626 ,
829 593 877 619 καὶ
893 594 934 625 είς

149 633 180 660 τὰ
194 629 262 665 ὦτα,
280 634 327 660 καὶ
340 633 426 665 οὕτως
438 634 610 669 κατηχοῦμεν
622 636 729 668 αὐτοὺς,
747 637 794 663 καὶ
805 637 933 673 ποιοῦμεν

149 680 282 714 χρονίζειν
305 681 345 710 είς
365 679 415 715 τὴν
438 680 605 714 ἐκκλησίαν,
631 683 678 709 καὶ
703 683 853 719 ἀκροᾶσθαι
877 684 933 710 τῶν

148 724 273 759 Γραφῶν,
290 725 337 751 καὶ
353 725 414 751 τότε
427 726 526 758 αὐτοὺς
544 726 720 762 βαπτιζομεν.

215 769 351 796 Συφόδου
369 770 581 805 οὶκουμενικῆς·
592 771 682 805 ἕκτης
695 772 795 799 κανὼν·
810 774 860 806 ηεν.

179 816 231 848 hs’.
247 815 316 847 Τοὺς
331 816 558 851 προστιθεμένους
575 819 608 853 τῇ
621 818 761 854 όρθοδοξίᾳ
775 819 823 845 καὶ
833 821 866 856 τῇ
887 829 933 854 με.

149 859 200 895 ρίδι
214 860 269 887 τῶν
286 860 449 895 σωζομένων
464 861 518 888 ἀπὸ
536 863 683 898 αἰρετικῶν
696 862 844 899 δεχόμεθα,
862 866 932 892 κατὰ

147 905 196 941 τὴν
220 906 444 942 ὺποτεταγμένην
464 908 623 935 ἀκολουθίαν
646 918 676 935 τε
690 911 738 936 καὶ
764 911 930 945 συνήθειαν·

153 951 306 986 ’Δρειανοὺς
318 953 369 987 μὲν
379 954 424 979 καὶ
435 953 661 987 Μακεδονιανοὺς,
675 955 721 982 καὶ
735 955 931 989 Ναυατιανοὺς,

149 997 196 1024 καὶ
208 997 420 1031 Σαϐϐατιανοὺς,
435 999 498 1030 τοὺς
514 999 641 1034 λέγοντας
657 1002 770 1033 ἑαυτοὺς
787 1002 933 1037 Καθαροὺς

149 1043 195 1068 κα)¹
231 1042 415 1078 Ἀριστεροὺς,
446 1044 577 1077 καὶτοὺς
602 1046 932 1081 Τεσσαρεσκαιδεκατίτας

147 1088 231 1123 ἦγουν
259 1089 435 1124 Τετραδίτας,
461 1091 509 1117 καὶ
540 1092 763 1128 Ἀπολιναριστὰς
787 1094 930 1129 δεχόμεθα,

145 1134 265 1166 διδόντας
276 1134 414 1168 λιϐἑλλους
430 1137 476 1163 καὶ
490 1137 738 1173 ἁναθεματίζοντας
757 1141 846 1167 πᾶσαν
857 1141 933 1176 αἴρε-

147 1188 197 1214 σιν,
206 1180 244 1217 μὴ
259 1182 407 1216 φρονοῦσαν
422 1182 460 1214 ὡς
470 1184 564 1218 φρονεῖ
579 1185 595 1218 ἡ
607 1184 670 1218 ἁγία
681 1185 727 1211 τοῦ
742 1185 809 1211 Θεοῦ
825 1186 932 1212 καθολι-

147 1227 181 1262 κὴ
196 1227 244 1253 καὶ
259 1228 425 1264 ἀποστολικὴ
446 1229 606 1265 Ἐκκλησία,
620 1230 856 1266 σφραγιζομένους
869 1232 931 1267 ἦτοι

146 1273 305 1308 χριομένους
326 1274 434 1310 πρῶτον
445 1275 484 1310 τῷ
504 1276 574 1311 ἁγίῳ
599 1276 678 1312 μύρῳ
690 1277 720 1303 τὸ
735 1277 870 1312 μέτωπον,
884 1279 931 1305 καὶ

145 1318 207 1349 τοὺς
218 1317 383 1353 ὀφθαλμοὺς,
401 1319 448 1346 καὶ
458 1319 507 1351 τὰς
522 1321 608 1355 ῥῖνας,
625 1320 712 1347 καὶτὸ
727 1321 824 1356 στόμα,
839 1322 886 1348 καὶ
897 1324 930 1350 τὰ

146 1359 211 1396 ὦτα,
226 1364 272 1390 καὶ
285 1364 482 1400 σφραγίζοντες
496 1365 594 1397 αὐτοὺς
605 1365 730 1401 λέγομεν’
743 1367 864 1402 Σφραγὶς
881 1368 931 1394 δω-

147 1410 210 1444 ρεᾶς
221 1409 378 1446 Πνεύματος
390 1411 478 1446 ἁγίου.
490 1411 559 1447 Περὶ
573 1412 601 1439 δὲ
610 1411 665 1440 τῶν
680 1413 928 1446 Παυλιανισὰντων,

146 1453 205 1482 εἶτα
228 1456 429 1491 προσελθόντων
455 1458 489 1493 τῇ
517 1456 646 1493 καθολικῇ
677 1457 837 1494 Ἐκκλησία,
866 1460 929 1495 ὅρος

146 1501 295 1528 ἐπιτέθειται
316 1502 549 1534 ἀνασαπτίξεσοαι
569 1503 668 1535 αὐτοὺς
679 1504 833 1537 ὲξάπαντος
851 1513 859 1521 ο
875 1506 928 1532 Εὑ-

984 276 1036 303 tes.
1052 277 1079 299 et
1093 272 1147 299 alia
1160 272 1253 307 gravia
1268 275 1296 299 et
1314 271 1425 305 indigna
1442 270 1546 298 iaciunt
1562 275 1610 298 :et
1626 271 1695 299 alias
1714 279 1774 300 om-

984 325 1033 344 nes
1046 318 1162 345 hzereses'
1179 326 1186 345 :
1201 317 1332 352 quoniam
1357 318 1400 345 hic
1418 317 1494 345 mulli
1522 321 1587 344 sunt
1600 317 1730 349 haeretici,
1746 322 1774 345 et

984 362 1103 390 maxime
1122 362 1169 397 qui
1181 369 1216 389 ex
1243 361 1401 390 Galatarum
1431 361 1542 397 regione
1560 360 1689 394 veniunt;
1710 361 1772 395 qui-

984 414 1093 441 cunque
1105 415 1137 434 ει
1156 407 1197 434 his
1215 411 1288 434 recte
1304 407 1366 434 lidei
1384 406 1484 434 ascribi
1498 406 1604 437 volunt.
1620 411 1650 433 ut
1663 406 1773 433 Graecos

983 451 1153 479 admittimus
1169 461 1176 479 :
1193 458 1221 479 et
1235 452 1325 485 primo
1346 452 1456 486 quidem
1480 451 1526 479 die
1549 452 1622 486 ipsos
1638 451 1772 478 Christia-

983 505 1035 525 nos
1057 497 1191 530 facimus;
1207 498 1329 524 secundo
1356 497 1583 530 catechumenos;
1602 497 1701 524 deinde
1717 502 1771 524 ter-

983 543 1022 570 tio
1035 543 1227 570 exercizamus
1240 543 1297 570 sive
1312 542 1471 577 adjuramus
1488 542 1572 576 ipsos,
1590 547 1631 569 ter
1646 543 1727 570 simul
1742 543 1770 570 in

983 587 1079 615 faciem
1095 595 1191 616 eorum
1211 592 1239 615 et
1257 595 1338 615 aures
1359 588 1531 615 insumalido.
1549 587 1582 614 Et
1597 588 1637 615 sic
1658 595 1707 615 eos
1725 596 1770 615 ca—

983 633 1153 661 techizamus
1174 633 1232 661 sive
1254 633 1405 666 initiamus,
1430 637 1458 660 et
1482 641 1612 660 curamus
1639 637 1668 660 ut
1690 634 1771 668 longo

983 683 1106 714 tempore
1120 683 1264 706 versemur
1281 679 1306 705 in
1323 679 1448 711 ecclesia,
1473 683 1501 706 et
1517 679 1630 706 audiant
1645 678 1769 713 Scriptu-

983 732 1047 756 ras;
1065 729 1092 752 et
1110 729 1175 751 tunc
1191 732 1239 752 eos
1255 724 1434 758 baptizatnus.

1137 770 1249 797 Concilii
1262 771 1413 797 (ecutnenici
1427 778 1452 796 vt
1468 778 1552 797 canon
1571 770 1616 797 95.

1017 815 1062 843 95.
1082 815 1136 843 Eos
1153 816 1198 851 qui
1216 824 1248 843 ex
1270 816 1406 844 haereticis
1422 817 1455 843 ad
1477 821 1578 843 rectam
1595 816 1675 844 fidem
1689 823 1768 843 acce-

983 861 1061 893 dunt,
1080 866 1106 888 et
1126 861 1196 895 parti
1211 868 1306 888 eorum
1325 861 1371 896 qui
1390 862 1541 893 salvantur,
1557 862 1678 897 subjecta
1703 869 1769 888 con-

983 906 1123 939 sequentia
1156 910 1184 933 et
1207 907 1404 933 consuetudine
1431 907 1610 941 recipientes.
1651 907 1769 934 Arianos

983 951 1094 985 quidem
1127 954 1154 978 et
1179 950 1399 984 Macedonianos,
1421 956 1448 978 et
1473 951 1650 984 Novatianos,
1662 953 1709 987 qui
1739 960 1769 979 se

982 996 1069 1024 Puros
1085 997 1233 1031 appellant,
1261 1002 1288 1024 et
1315 997 1462 1029 Aristeros,
1479 1002 1505 1024 et
1526 997 1605 1033 164
1624 997 1767 1024 Tessares—

981 1042 1160 1071 kaidecatitas
1186 1051 1234 1071 seu
1249 1043 1419 1076 Tetraditas;
1434 1048 1461 1070 et
1474 1043 1683 1078 Apollinaristas
1698 1043 1769 1070 rcci-

988 1090 1079 1124 pimus
1095 1089 1191 1116 dantes
1207 1088 1322 1121 libellos,
1341 1093 1368 1116 et
1382 1096 1492 1116 onmem
1513 1089 1638 1116 haeresim
1656 1089 1768 1116 anathe-

982 1135 1156 1167 matizantes,
1183 1143 1245 1170 quae
1273 1142 1327 1161 non
1356 1139 1422 1162 sunt
1445 1140 1474 1162 ut
1492 1135 1575 1162 sentit
1600 1141 1695 1162 sancta
1722 1134 1768 1162 Dei

981 1181 1145 1209 universalis
1160 1185 1187 1208 et
1202 1181 1352 1215 apostolica
1377 1180 1517 1213 Ecclesia;
1531 1185 1626 1208 sancto
1648 1181 1766 1215 primum

981 1228 1130 1257 chrismate
1144 1229 1307 1262 inungentes
1321 1233 1348 1255 et
1366 1227 1495 1259 frontem,
1507 1232 1534 1255 et
1548 1228 1654 1258 oculos.
1672 1231 1698 1254 ct
1721 1235 1769 1253 na-

983 1282 1037 1307 res,
1053 1281 1081 1302 et
1090 1282 1133 1307 os,
1148 1278 1176 1301 et
1188 1281 1289 1306 aures;
1303 1274 1494 1308 consignantes
1511 1278 1600 1300 autem
1626 1273 1744 1300 dicimus
1758 1279 1766 1299 :

981 1320 1160 1356 Signaculnm
1190 1321 1254 1347 doni
1271 1319 1389 1354 Spiritus
1399 1320 1513 1354 Isaucti.
1542 1319 1579 1347 De
1593 1319 1768 1347 Paulianistis

982 1371 1074 1393 autem
1088 1374 1102 1393 a
1115 1366 1250 1393 catholica
1260 1365 1381 1393 Ecclesia
1397 1369 1528 1392 statutum
1543 1369 1595 1396 est,
1608 1365 1662 1391 utii
1679 1364 1768 1391 omni-

980 1419 1016 1440 no
1027 1412 1240 1447 rebaptizentur.
1251 1411 1438 1438 Ennomianos
1450 1418 1570 1445 quoque,
1585 1411 1670 1445 qui'in
1684 1417 1766 1437 unam

978 1461 1179 1489 demersionem
1199 1461 1346 1495 baptiwnt,
1359 1464 1386 1487 et
1403 1459 1589 1492 Montanistas,
1603 1458 1649 1493 qui
1671 1458 1715 1485 hic
1725 1458 1768 1485 di-

979 1515 1078 1538 cuntur
1099 1508 1231 1545 Phryges,
1253 1513 1281 1536 et
1292 1508 1473 1539 Sabellianos,
1499 1507 1546 1542 qui
1573 1506 1674 1533 Filium
1689 1513 1767 1533 eum-

145 1547 289 1581 νομιανοὺς
316 1548 407 1582 μέντοι
426 1548 489 1579 τοὺς
508 1549 548 1579 είς
562 1548 628 1583 μίαν
644 1550 790 1576 κατάδυσιν
801 1550 929 1585 βαπτιζο-

983 1557 1043 1584 dem
1060 1562 1122 1583 csse
1137 1563 1200 1583 cum
1226 1554 1306 1582 Patre
1325 1553 1496 1585 existimant,
1515 1557 1541 1580 et
1564 1553 1621 1579 alia-
1643 1551 1766 1586 quaedam

147 1591 243 1626 μένους
271 1592 318 1619 καὶ
345 1593 534 1625 Μοντανιστὰς
549 1594 613 1626 τοὺς
632 1594 750 1622 ἐνταῦθα
767 1595 930 1631 λεγομένους

145 1637 265 1672 Φρύγας,
276 1638 322 1664 καὶ
333 1637 528 1670 Σαϐελλιανοὺς
541 1640 603 1672 τοὺς
615 1640 791 1676 υίοπατορίαν
804 1642 929 1675 δοξάζον-

145 1689 205 1714 τας,
225 1683 273 1709 καὶ
293 1683 375 1718 ἕτερά
392 1692 453 1711 τινα
476 1684 582 1720 χαλεπὰ
598 1686 740 1718 ποιοῦντας
751 1706 759 1719 ,
775 1688 823 1714 καὶ
841 1688 931 1720 πάσας

145 1728 194 1759 τὰς
217 1727 299 1760 ἄλλας
320 1729 439 1765 αἱρέσεις
452 1737 459 1744 ·
489 1731 583 1766 ἐπειδὴ
603 1731 697 1759 πολλοί
718 1734 788 1760 εἰσιν
813 1733 931 1760 ἐνταῦθα

148 1773 264 1807 μάλιστα
290 1775 315 1801 οί
342 1775 396 1801 ἀπὺ
424 1776 474 1811 τῆς
501 1777 630 1804 Γαλατῶν
658 1778 749 1813 χώρας
776 1779 929 1815 ἐρχόμενοι,

146 1819 250 1851 πάντας
268 1821 332 1851 τοὺς
354 1821 402 1847 ἀπ’
418 1822 508 1849 αὐτῶν
533 1823 658 1855 θέλοντας
679 1825 872 1858 προστίθεσθαι
897 1828 929 1860 τῇ

145 1865 284 1901 ὀρθοδοξίᾳ
296 1867 334 1898 ὡς
349 1867 483 1901 Ἕλληνας
497 1869 631 1904 δεχόμεθα
647 1878 654 1885 ⁶
667 1871 713 1897 καὶ
730 1871 780 1906 τὴν
793 1873 841 1907 μὲν
854 1872 930 1907 πρώ-

144 1919 195 1945 την
205 1911 311 1947 ἡμέραν
338 1913 469 1948 ποιοῦμεν
488 1915 587 1947 αὐτοὺς
612 1916 802 1950 Χριστιανοὺς,
826 1918 877 1952 τὴν
903 1917 931 1944 δὲ

145 1956 274 1992 δευτέραν
293 1959 524 1994 κατηχουμένους,
537 1958 604 1986 ἐἶτα
614 1960 664 1995 τὴν
681 1961 776 1996 τρίτην
791 1962 931 1997 ἐξορκίζο-

147 2010 198 2036 μεν
213 2003 312 2034 αὐτοὺς
333 2005 402 2037 μετὰ
418 2004 465 2031 τοῦ
478 2006 603 2041 ἑμφυσᾷν
614 2006 705 2041 τρίτον
719 2008 760 2038 εἰς
786 2007 817 2034 τὸ
838 2008 932 2042 πρόσ-

145 2057 220 2074 ωπον
235 2049 282 2076 καὶ
297 2050 336 2080 είς
349 2051 383 2077 τὰ
402 2046 469 2082 ὦτα,
487 2052 534 2078 καὶ
553 2051 624 2079 οὕτω
643 2053 817 2089 κατηχοῦμεν
833 2055 931 2086 αὐτοὺς

144 2094 193 2120 καὶ
210 2094 342 2130 ποιοῦμεν
370 2097 505 2130 χρονίζειν
533 2097 573 2128 εἰς
603 2097 653 2131 τὴν
686 2098 859 2133 Ἐκκλησίαν,
884 2100 931 2126 καὶ

143 2140 296 2175 ἀκροᾶσθαι
316 2141 370 2168 τῶν
397 2143 523 2177 Γραφῶν,
543 2143 590 2170 καὶ
601 2143 662 2170 τότε
682 2145 780 2176 αὐτοὺς
801 2145 931 2181 βαπτίζο-

145 2193 213 2219 μεν·
243 2187 290 2214 καὶ
315 2188 379 2219 τοὺς
402 2189 569 2224 Μανιχαιους
597 2189 626 2216 δὲ
652 2191 699 2217 καὶ
727 2192 790 2223 τοὺς
817 2193 931 2219 Οὐαλεν-

142 2230 258 2264 τίνους,
290 2232 338 2258 καὶ
365 2233 599 2268 Μαρκιωνιστὰς,
630 2236 677 2262 καὶ
711 2237 775 2268 τοὺς
813 2237 845 2263 ἐκ
874 2238 928 2264 τῶν

141 2276 244 2311 ὁμοίων
273 2278 405 2313 αἱρέσεων
441 2280 692 2316 προσερχομένους,
729 2282 767 2313 ὠς
797 2283 929 2318 Ἕλληνας

141 2322 282 2358 δεχόμενοι
316 2325 535 2360 ὰναδαπτιζομεν
552 2333 560 2340 ο
595 2326 795 2362 Νεστοριανοὺς
821 2328 850 2354 δὲ
883 2330 930 2356 καὶ

141 2368 359 2403 Εὐτυχιανιστὰς
393 2372 441 2397 καὶ
479 2372 661 2407 Σεὸηριανοὺς
676 2392 684 2404 ,

981 1602 1073 1637 gravia
1090 1601 1205 1633 faciunt,
1233 1605 1261 1628 et
1275 1607 1372 1627 omnes
1389 1600 1456 1627 alios
1487 1599 1615 1631 haereses,
1635 1598 1766 1632 quoniam

981 1647 1057 1674 ιιιυΙιί
1071 1647 1115 1674 hic
1134 1651 1209 1680 sunt,
1236 1651 1263 1674 et
1276 1646 1396 1673 maxime
1410 1645 1456 1680 qui
1480 1652 1512 1672 ex
1540 1644 1698 1672 Galatarum
1723 1651 1767 1671 reo

981 1693 1061 1728 gione
1075 1692 1188 1728 profecti
1202 1695 1277 1724 Slllll,
1297 1699 1393 1719 omnes
1406 1699 1438 1718 ex
1452 1690 1486 1717 iis
1496 1690 1542 1725 qui
1553 1690 1585 1716 ad
1614 1695 1715 1717 rectam
1732 1689 1767 1716 de

982 1739 1033 1766 (ille
1049 1739 1215 1766 sententiam
1233 1738 1330 1765 volunt
1345 1737 1488 1767 accedere.
1501 1741 1532 1763 ut
1564 1735 1679 1770 gentiles
1697 1735 1768 1762 reci-

981 1784 1071 1818 pimus
1101 1787 1148 1810 :et
1164 1783 1252 1817 primo
1269 1781 1378 1816 quidem
1400 1781 1443 1807 die
1451 1788 1499 1807 eos
1514 1779 1685 1807 Christianos
1701 1778 1768 1806 faci-

981 1835 1059 1861 mus;
1076 1827 1197 1854 secundo
1212 1830 1300 1853 antem
1314 1826 1528 1853 catechumenos
1546 1824 1664 1852 :dt-inde
1686 1824 1767 1861 tertio

981 1871 1153 1906 adjuralnus,
1170 1870 1251 1897 simul
1266 1870 1348 1897 ctiam
1367 1873 1406 1896 ter
1422 1869 1448 1896 in
1464 1868 1561 1895 facient
1576 1873 1603 1895 et
1617 1857 1710 1895 aures.
1724 1867 1767 1894 itt-

981 1916 1135 1951 spirantes;
1151 1920 1179 1943 et
1195 1916 1234 1943 sic
1251 1915 1400 1945 initiamus,
1417 1920 1445 1941 et
1464 1915 1510 1941 tliu
1526 1914 1554 1941 in
1573 1914 1687 1941 ecclesia
1701 1921 1764 1940 vcr-

982 1963 1073 1990 sariet
1090 1961 1248 1996 Scripturas
1282 1961 1379 1987 audire
1397 1960 1533 1993 facimus;
1557 1963 1584 1986 et
1609 1965 1674 1986 tunc
1692 1959 1767 1994 ipsos

982 2007 1165 2042 haptizamus.
1192 2006 1263 2039 Quin
1286 2007 1368 2033 etiam
1396 2005 1572 2038 Maniclneos,
1590 2009 1617 2032 et
1644 2004 1767 2031 Valenti-

982 2053 1091 2083 nianos,
1103 2058 1131 2080 et
1147 2052 1346 2083 Marcionistas,
1363 2055 1391 2078 et
1411 2051 1514 2078 similes
1531 2052 1671 2078 haereticos
1687 2054 1767 2085 opor-

983 2103 1021 2126 tet
1040 2098 1145 2126 libellos
1164 2098 1266 2129 facere,
1288 2101 1316 2124 et
1336 2097 1460 2124 haeresim
1476 2104 1554 2124 suam
1582 2097 1766 2124 anathemati-

982 2152 1055 2175 τοι-ε.
1069 2149 1097 2171 et
1119 2143 1288 2176 Nestorium,
1307 2147 1333 2170 et
1362 2142 1522 2176 Eutychen»,
1538 2147 1566 2169 et
1590 2142 1765 2174 Dioscorum,

982 2195 1010 2218 et
1023 2189 1166 2220 Severum.
1177 2194 1205 2216 et
1221 2189 1340 2224 reliquos
1351 2189 1446 2216 talium
1463 2188 1601 2215 haereseon
1617 2189 1764 2224 principes.

946 2223 1009 2264 Det
1025 2236 1073 2271 qni
1101 2235 1196 2262 eadem
1219 2223 1286 2270 qum?
1311 2235 1350 2262 illi
1378 2236 1509 2267 sentiunt,
1533 2240 1560 2262 et
1573 2243 1668 2262 omnes
1688 2223 1766 2270 1765

982 2282 1127 2317 praedictas
1141 2281 1259 2308 haereses
1276 2289 1283 2308 :
1299 2287 1326 2308 et
1341 2281 1382 2308 sic
1393 2281 1450 2308 ﬁeri
1472 2285 1573 2308 sanctae
1593 2281 1764 2308 communio-

983 2329 1025 2356 nis
1040 2327 1198 2363 participes.

718 2373 766 2400 καὶ
784 2355 862 2406 ’τοὺς
896 2355 929 2402 ἐκ
947 2355 1001 2402 των
1015 2355 1121 2410 ,ὁμοίων
1140 2355 1274 2407 αἱρέσεων
1291 2371 1343 2408 χρὴ
1363 2373 1449 2400 ποιεῖν
1466 2372 1614 2405 λιὸἑλ).ους,
1640 2355 1687 2400 καὶ
1699 2374 1766 2399 ἀνα-

142 2413 299 2449 θεματίζειν
309 2415 357 2451 τὴν
371 2416 486 2452 αἵρεσιν,
504 2417 551 2444 καὶ
562 2418 721 2454 Νεστόριον,
741 2419 788 2445 καὶ
809 2419 941 2454 Εὐτυχέα,
962 2419 1010 2447 καὶ
1041 2418 1196 2452 Διόσκορον,
1209 2417 1256 2442 καὶ
1275 2417 1404 2451 Σεδῆρον,
1420 2417 1468 2443 καὶ
1482 2418 1542 2448 τοὺς
1559 2417 1668 2449 λοιποὺς
1684 2418 1764 2453 ἐξάρ-

141 2468 208 2495 χους
227 2460 282 2488 τῶν
297 2461 424 2488 τοιούτων
444 2462 594 2497 αἱρέσεων,
610 2464 658 2490 καὶ
691 2464 753 2495 τοὺς
779 2465 943 2499 φρονοῦντας
980 2465 1015 2491 τὰ
1038 2463 1150 2495 αὐτῶν,
1180 2462 1228 2489 καὶ
1258 2463 1346 2494 πάσας
1369 2463 1419 2494 τὰς
1442 2465 1703 2500 προαναφερομένας
1725 2466 1767 2493 αἱ-

142 2504 245 2541 ρέσεις,
267 2506 315 2533 καὶ
341 2506 412 2534 οὕτω
439 2507 655 2541 μεταλαμϐάνειν
682 2509 732 2543 τῆς
755 2509 836 2542 ἁγίας
867 2509 1020 2541 κοινωνίας.

214 2553 351 2580 Συνόδου
362 2555 487 2587 Νικαίας
501 2555 534 2581 τὸ
548 2555 698 2590 δεύτερον,
714 2557 813 2583 κανὼν
820 2559 856 2591 η’.

1169 2555 1281 2582 Consilii
1296 2555 1403 2582 Nica'm'
1416 2563 1435 2583 ιι
1453 2564 1537 2583 canon
1554 2558 1582 2585 8.

141 2608 211 2635 ὀτι
220 2608 461 2648 *ποὺςςΕὸραίους
475 2611 512 2637 οὐ
525 2610 582 2648 χρὴ
596 2610 748 2648 δέχεσθαι,
762 2613 789 2639 ει
799 2612 842 2646 μή
856 2621 929 2640 ποτε

983 2611 1055 2645 Ωιιοά
1082 2608 1207 2648 Hebraea
1223 2619 1275 2638 non
1290 2615 1391 2644 oportet
1410 2611 1523 2646 recipere
1538 2614 1590 2639 nisi
1607 2621 1640 2641 ex
1658 2622 1727 2648 pura
1741 2621 1765 2643 et

214 2643 250 2675 ἐξ
265 2644 446 2678 εἰλικρινοῦς
465 2643 589 2679 καρδίας
603 2643 853 2687 ἐξὶστρέψουᾶικ.

178 2691 216 2724 η’.
236 2688 345 2724 Ἐπειδὴ
367 2689 538 2724 πλανώμενοι
559 2691 585 2716 oi
607 2691 639 2718 ὲκ
659 2691 709 2726 τῆς
726 2692 778 2718 τῶν
796 2692 930 2727 Ἐὖραίων

142 2734 295 2769 Θρησκείας
307 2755 314 2765 ,
331 2735 510 2771 μυκτηρίςειν
529 2735 620 2767 ἔδοξαν
645 2736 762 2772 Χριστὸν
785 2738 832 2764 τὸν
851 2738 929 2770 Θεὸν,

140 2780 375 2815 προσποιούμενοι
397 2782 446 2816 μὲν
461 2780 666 2816 χριστιανίζειν,
679 2782 759 2810 αὐτὸν
772 2782 801 2809 δὲ
813 2783 928 2818 ἀρνοῦν-

138 2833 198 2857 τες,
233 2825 355 2861 κρύϐδην
381 2828 428 2854 καὶ
456 2826 592 2862 λαθραίως
626 2828 852 2861 σαϐϐατῐςοντες,
881 2831 927 2856 καὶ

138 2871 227 2906 ἕτερα
237 2870 372 2900 Ἰουδαϊκὰ
385 2872 534 2905 ποιοῦντες,
545 2873 672 2910 ὁρίζομεν
681 2875 791 2907 τούτους
805 2877 873 2911 μήτε
887 2877 926 2908 εἰς

1163 2647 1266 2673 sincera
1283 2652 1367 2673 mente
1386 2653 1582 2674 convertantur.

1006 2695 1032 2724 8.
1041 2696 1174 2729 Quoniam
1188 2695 1363 2723 Hehrmorum
1378 2696 1516 2731 religionis
1523 2697 1632 2731 quidam
1641 2702 1766 2725 errantes

981 2742 1119 2770 Christum
1136 2742 1220 2770 Deum
1235 2747 1360 2770 nostrum
1375 2743 1544 2770 subsannare
1559 2744 1606 2770 visi
1619 2749 1692 2780 sunt,
1705 2752 1766 2772 sese

981 2787 1155 2815 Christianos
1167 2795 1226 2815 esse
1242 2787 1385 2822 ﬁngentes,
1400 2788 1486 2822 ipsum
1504 2793 1594 2815 autem
1610 2789 1764 2817 clanculum

982 2838 1010 2860 et
1024 2834 1129 2860 occulte
1144 2838 1253 2868 negant,
1269 2834 1387 2861 Sabbata
1403 2836 1591 2868 observantes,
1613 2841 1641 2863 et
1653 2837 1705 2864 alia
1718 2837 1766 2864 Ju-

981 2880 1060 2908 daica
1075 2878 1216 2913 facientes,
1237 2880 1391 2913 statuimus,
1409 2885 1437 2908 ut
1449 2889 1535 2916 neque
1551 2881 1582 2909 ad
1596 2885 1766 2910 communio-
