1954 3080
214 177 265 208 627

766 175 896 206 ΡΗΟΤΙΙ
912 174 1163 206 PATRIARCH/E
1180 176 1235 206 ΟΡ.

1781 175 1833 206 θὲὃ

213 241 287 265 nem,
305 240 392 267 neque
406 233 438 260 ad
453 233 595 261 ecclesiam
613 233 808 264 admittanlur.
834 233 882 261 sed
905 237 998 268 aperte

1063 233 1201 266 εοινωνίαν,
1224 235 1293 269 μήτε
1309 235 1347 265 εἰς
1363 234 1462 269 εὐχὴν,
1479 235 1548 268 μήτε
1567 234 1607 265 εἰς
1629 233 1777 267 ἐκκλησίαν
1791 232 1834 259 δέ·

213 279 431 307 sintsecundum
449 287 526 307 suam
538 280 696 315 religionem
713 279 837 310 llebrzei;
862 283 890 306 et
909 287 998 314 neque

214 325 284 352 ﬁlios
296 333 390 352 eomm
408 325 553 360 baptizari,
569 334 656 360 neque
671 333 780 353 servum
793 326 827 352 ab
837 326 877 353 eis
890 326 942 352 emi
955 326 997 352 Vel

212 371 360 406 possideri.
377 371 424 398 Sin
440 377 529 398 autem
547 379 579 398 ex
599 379 667 406 pura
684 375 711 398 et
729 371 835 398 sincera
862 370 915 398 {ide
935 371 998 405 quis

211 423 306 443 eorum
319 422 514 449 conversus,ct
527 424 560 443 ex
579 421 635 444 toto
650 418 732 443 corde
747 416 891 444 confessus
905 415 996 449 fuerit,

211 469 307 488 e0rum
326 462 448 489 moribus
463 467 489 488 ct
507 462 589 489 rebus
609 462 764 495 insultans,
790 462 873 488 veluti
900 461 996 488 trium-

211 508 295 543 phum
313 516 407 543 agens.
425 512 455 535 ut
473 512 500 535 et
526 509 571 535 alii
587 508 746 535 refellantur
760 513 787 535 et
804 508 996 542 corrigantur;

211 561 273 580 eum
292 554 375 588 recipi
391 558 417 581 et
431 554 561 587 baptizari
574 558 601 581 et
619 554 678 586 ejus
704 554 805 581 liberos
818 572 825 585 .
849 558 875 580 et
900 557 998 580 cautos

211 598 288 625 reddi
304 618 311 630 ,
338 603 369 625 ut
391 606 420 626 se
446 599 481 625 ab
502 598 677 626 Hebraeorum
695 598 793 626 studiis
812 603 839 625 et
861 597 998 625 institutis

211 644 375 671 abstineant.
391 643 419 671 Si
434 649 523 671 autem
549 651 604 670 non
624 643 661 670 ita
682 651 712 671 se
734 648 838 678 gerant,
857 650 904 671 eos
921 643 997 671 nullo

211 689 292 716 modo
307 689 422 716 admitti.

463 776 560 804 Basilii
580 785 664 804 canon
684 778 730 806 67.

209 823 254 849 47.
271 821 417 850 Encratitm
428 827 455 850 et
472 822 649 858 Saccophori.
663 829 716 853 etc.
730 829 759 852 ut
767 834 849 861 supra
858 835 919 863 pag.
933 827 994 855 446.

244 868 308 896 ειν.
333 868 393 896 XV.
409 883 443 889 --
470 867 564 896 Utrum
586 870 765 898 demoniac”
785 871 825 899 vel
854 872 883 900 in
906 873 995 900 morbo

210 914 325 941 delirans
337 914 493 949 baptizatur.

421 960 549 988 Timothei
565 970 676 989 canones
700 963 727 996 2,
742 964 768 990 4.

245 1005 436 1040 Interrogatio.
464 1006 491 1033 Si
511 1009 723 1035 catecbnntenus
739 1016 754 1036 a
771 1009 893 1037 daemone
908 1010 995 1037 corri-

209 1053 310 1088 piatur,
330 1056 358 1080 et
375 1052 488 1080 voluerit
506 1053 564 1087 ipse
581 1053 624 1080 vel
645 1054 700 1087 sui,
714 1059 742 1082 ut
757 1060 882 1083 sanctum
908 1056 996 1091 bapti-

211 1107 300 1126 smum
315 1099 440 1134 accipiat,
458 1099 570 1126 debetne
583 1100 707 1135 accipere
718 1108 822 1134 annon,
837 1105 865 1129 et
878 1103 996 1131 maxime

211 1145 234 1172 si
255 1145 336 1172 morti
352 1145 524 1179 propinquus
547 1145 645 1173 fuerit?

249 1190 329 1225 166
342 1189 494 1224 Responsio.
509 1190 537 1217 Si
553 1190 587 1221 is,
608 1190 681 1225 quia
703 1191 826 1219 daemone
839 1192 995 1228 corripitur,

212 1242 265 1262 non
278 1235 359 1262 fuerit
369 1235 404 1262 ab
420 1235 561 1262 immundo
572 1235 668 1270 spiritu
681 1236 898 1268 mundatus,non
909 1241 997 1271 potest

212 1285 337 1308 sanctum
355 1279 518 1315 baptismum
544 1281 686 1316 accipere;
702 1281 748 1309 sed
767 1281 795 1308 in
814 1282 888 1309 exitu
904 1290 919 1309 e
941 1282 996 1310 vita

211 1328 375 1360 baptizatur.

245 1373 433 1409 Interrogatio.
447 1374 475 1401 Si
488 1374 550 1408 quis
577 1376 801 1407 catechumenus,
830 1382 893 1403 cum
924 1379 998 1403 esset

211 1419 346 1453 inﬁrmus,
364 1425 460 1447 emota:
469 1421 568 1448 mentis
582 1420 669 1448 tactus
679 1421 723 1454 sit,
740 1425 806 1454 etc.,
818 1426 848 1448 ut
859 1429 920 1456 pag.
933 1421 996 1449 622.

245 1465 322 1493 CAP.
347 1465 417 1494 XVI.
431 1465 480 1494 lNe
506 1467 599 1494 mulier
621 1467 785 1502 purgationis
806 1475 862 1494 suto
885 1471 999 1502 tempore

212 1513 375 1548 baptizatur.

466 1560 594 1588 Timothei
611 1568 695 1588 canon
712 1560 739 1588 6.

247 1603 436 1641 Interrogatio.
453 1606 481 1633 Si
502 1607 599 1634 mulier
611 1607 808 1634 catechumena
823 1607 931 1635 dederit
945 1616 997 1635 no-
1011 1600 1032 1629 ο

211 1658 274 1678 mcn
288 1659 379 1684 suum,
393 1656 423 1679 ut
433 1652 596 1687 baptizetur,
611 1659 638 1680 et
648 1653 692 1680 die
708 1653 881 1687 baptismatis
907 1654 944 1680 illi
962 1655 998 1681 sit

212 1696 361 1723 secundum
374 1698 596 1724 consuetudinem
622 1698 778 1730 mulierum,
797 1697 913 1726 debetne
941 1698 994 1726 hac

212 1741 256 1769 die
273 1741 414 1776 baptizari,
430 1749 463 1770 an
478 1742 597 1775 dilTerre,
613 1748 640 1771 et
651 1748 781 1779 quantum
795 1744 929 1772 differre?

247 1830 401 1866 Responsio.
413 1831 471 1859 Non
485 1832 564 1859 debet.
577 1832 664 1861 donec
682 1840 796 1869 purgata
825 1834 917 1861 fuerit.

246 1920 310 1949 CAP.
327 1920 409 1948 XVII.
428 1936 465 1942 —
488 1922 558 1955 Quid
575 1922 599 1949 si
617 1922 814 1950 catechumenus
834 1929 895 1951 ante
912 1923 998 1960 bapti-

213 1975 298 1994 smum
315 1967 554 1996 communicaverit.

474 2014 603 2042 Timothei
613 2023 698 2042 canon
714 2015 739 2043 1.

250 2060 438 2095 Interrogatio.
464 2060 493 2088 Si
519 2061 625 2095 puellus
647 2062 877 2095 catechumenos,
905 2065 999 2097 utpote

214 2114 348 2134 annorum
372 2111 486 2141 septem,
504 2107 546 2134 vel
573 2108 658 2135 homo
672 2108 753 2135 etiam
780 2109 918 2143 perfectus
933 2108 997 2135 dum

215 2152 291 2178 tier-et
305 2151 408 2178 oblatio
427 2157 582 2187 opportune
601 2153 730 2186 adfuerit,
748 2153 862 2188 ejusque
887 2153 998 2181 nescius

214 2196 350 2231 particeps
371 2196 457 2224 factus
472 2197 517 2230 sit,
536 2197 600 2232 quid
620 2198 653 2225 de
667 2206 699 2225 eo
715 2198 772 2225 tieri
793 2197 892 2225 debet?

252 2241 405 2277 Respomio.
423 2243 506 2270 Debet
525 2243 674 2284 illuminari
691 2253 698 2271 :
714 2251 729 2270 a
750 2244 804 2271 Deo
824 2243 896 2272 enim
917 2250 998 2271 voca-

217 2292 264 2316 tus
282 2293 334 2316 est.

1049 279 1153 314 χεσθαι,
1177 279 1245 306 ἀλλά
1269 280 1393 315 φανερῶς
1413 279 1534 306 ἔστωσαν
1557 279 1630 306 κατὰ
1655 279 1704 314 τὴν
1728 277 1833 304 ἑαυτῶν

1050 324 1197 359 θρησκείαν
1218 325 1351 360 Ἑϐραῖοι,
1379 326 1447 360 μήτε
1471 325 1534 356 τοὺς
1555 324 1653 355 παῖδας
1676 323 1766 351 αὐτῶν
1783 323 1832 360 βα-

1048 369 1165 401 πτίζειν,
1184 370 1252 405 μήτε
1277 370 1369 397 δοῦλον
1396 369 1552 404 ὠνήσασθαι
1567 369 1584 404 ἢ
1599 369 1727 396 κτᾶσθαι.
1751 369 1783 396 El
1804 369 1833 396 ae

1048 414 1097 441 καὶ
1116 415 1276 450 ἐπιστρέψει
1299 424 1340 447 τις
1357 415 1447 442 αὐτῶν
1462 415 1492 448 ἐξ
1516 414 1680 450 εἰλικρινοῦς
1702 414 1832 446 πίστεως,

1048 460 1096 487 καὶ
1123 461 1285 495 ὁμολογήσει
1309 460 1340 493 ἐξ
1362 461 1426 495 ὅλης
1449 460 1580 496 καρδίας,
1598 460 1772 495 θριαμϐεύων
1798 460 1833 486 τὰ

1048 505 1109 533 κατ’
1124 506 1212 532 αὐτῶν
1227 506 1274 541 ἔθη
1289 507 1335 533 καὶ
1355 506 1515 541 πράγματα,
1532 506 1601 541 πρὸς
1620 506 1650 532 τὸ
1675 506 1721 532 καὶ
1736 505 1834 536 ἄλλους

1048 552 1209 586 ἐλεγχθῆναι
1225 552 1272 578 καὶ
1286 551 1494 586 διορθώσασθαι,
1523 551 1618 578 τοῦτον
1635 551 1832 586 προσδέχεσθαι

1048 597 1095 623 καὶ
1111 597 1263 632 βαπτίζειν,
1275 596 1323 623 καὶ
1337 596 1400 628 τοῦς
1414 596 1512 627 παῖδας
1532 596 1626 628 αὐτοῦ,
1646 596 1693 622 καὶ
1714 595 1833 630 ἀσφαλί-

1048 640 1143 673 ζεσθαι
1166 640 1266 672 αὐτοὺς
1280 640 1431 675 ἀποστῆναι
1451 640 1504 667 τῶν
1523 639 1677 675 Ἑϐραϊκῶν
1692 639 1834 674 ἐπιτηδευ-

1050 687 1158 722 μάτων·
1185 687 1209 713 si
1232 686 1260 712 δὲ
1285 685 1322 722 μὴ
1347 686 1432 718 οὕτως
1456 686 1551 721 ἔχοιεν,
1577 685 1709 721 μηδαμῶς
1733 685 1832 717 αὐτοὺς

1051 731 1256 767 προσδέχεσθαι.
1740 740 1744 749 κ

1257 778 1420 805 Βασιλειου
1439 777 1541 804 κανὼν
1559 775 1614 810 μζ’.

1084 823 1138 859 μζ¹.
1160 824 1334 859 Ἐγκρατῖται
1350 824 1397 850 καὶ
1408 824 1587 858 Σακκοφόροι,
1601 832 1629 850 κ.
1646 831 1670 850 τ.
1687 823 1712 850 λ.

1082 870 1207 897 ΚΕΦΔΛ.
1231 869 1282 896 ΙΕ’.
1298 885 1332 891 -
1344 869 1409 902 Πῶς
1423 868 1700 903 ὀδαιμονιζόμενος,
1717 868 1736 902 ἢ
1757 869 1773 895 d
1797 868 1833 895 £1-

1013 931 1033 961 Β
1047 916 1129 948 ’νόσῳ
1142 915 1343 961 παραφρονῶν
1355 913 1538 961 ,βαπτίζει-ιιι.

1260 959 1400 995 Τιμοθέου
1419 960 1518 988 κανὼν
1537 960 1570 996 β’,
1587 961 1619 988 δ’.

1087 1008 1257 1043 Ἐρώτησις.
1272 1006 1304 1042 β’.
1323 1007 1386 1034 Ἐὰν
1404 1006 1623 1042 δαιμονιζόμενός
1636 1014 1679 1038 τις
1693 1005 1830 1041 κατηχού-

1048 1064 1128 1091 μενος
1171 1075 1178 1088 ,
1201 1055 1250 1081 καὶ
1263 1053 1335 1080 θέλοι
1351 1053 1431 1084 αὐτὸς
1445 1053 1462 1088 ἢ
1482 1054 1506 1079 οι
1525 1052 1585 1079 ίδιοι
1600 1051 1682 1079 αὑτοῦ
1703 1052 1746 1078 ἶνα
1760 1051 1830 1086 λάϐῃ

1046 1102 1076 1129 τὺ
1093 1102 1173 1136 ἅγιον
1190 1101 1342 1136 βάπτισμα,
1359 1099 1384 1126 εἰ
1395 1099 1496 1133 ὀφείλει
1509 1098 1599 1126 λαϐεῖν
1613 1098 1630 1134 ἤ
1645 1097 1686 1131 οὓ,
1713 1098 1759 1124 καὶ
1776 1097 1830 1132 μά-

1045 1146 1125 1173 λιστα
1136 1145 1184 1172 ἐὰν
1198 1145 1263 1179 περὶ
1277 1143 1323 1170 τδν
1340 1143 1454 1170 θάνατόν
1471 1143 1562 1176 ὲστινς

1088 1192 1266 1226 Ἀπόκρισις.
1282 1190 1344 1217 Ἐὰν
1356 1191 1371 1216 ὁ
1384 1189 1602 1224 δαιμονιζόμενος
1616 1189 1652 1224 μὴ
1675 1187 1829 1224 καθαρισθῇ

1047 1238 1102 1266 ἀπὸ
1114 1238 1162 1264 τοῦ
1175 1236 1332 1271 ἀκαθάρτου
1345 1235 1511 1270 πνεύματος,
1523 1235 1554 1261 οὐ
1565 1235 1677 1261 δύναται
1692 1234 1786 1261 λαϐεῖν
1799 1235 1831 1260 τὸ

1047 1285 1123 1319 ἇγιον
1138 1283 1293 1318 βάπτισμα·
1308 1282 1372 1316 περὶ
1385 1281 1414 1308 δὲ
1426 1280 1475 1316 τὴν
1489 1280 1587 1314 ἔξοδον,
1604 1280 1764 1315 βαπτίζεται

1089 1371 1246 1406 Ἐρώτησις
1277 1370 1308 1398 δ’.
1330 1370 1391 1397 Ἐάν
1418 1378 1460 1401 τις
1481 1369 1683 1404 κατηχούμενος
1708 1367 1831 1395 ἀσθενῶν

1047 1418 1161 1454 γένηται
1175 1416 1322 1452 ὲκφρενὴς,
1334 1424 1362 1444 κ.
1377 1424 1402 1443 τ.
1419 1415 1455 1447 λ.,
1470 1423 1551 1450 usque
1569 1415 1604 1441 ad
1615 1414 1791 1450 πειράζηται.

1082 1465 1210 1492 ΚΕΦΔΛ.
1226 1465 1284 1498 tq'.
1293 1480 1327 1486 —
1338 1463 1407 1498 Περι
1418 1463 1472 1491 τοῦ
1485 1463 1526 1498 μὴ
1538 1462 1647 1497 χρῆναι
1661 1462 1788 1497 γυναῖκα
1797 1463 1834 1488 ὲν

1048 1511 1111 1545 ταῖς
1123 1511 1248 1547 ἡμέραις
1260 1509 1316 1544 τῆς
1332 1509 1502 1544 καθάρσεως
1514 1508 1608 1542 αὐτῆς
1614 1506 1831 1542 βαπτισθῆναι.

1289 1554 1431 1590 Τιμοθέου
1442 1553 1541 1581 κανὼν
1556 1557 1593 1586 ς’.

1091 1602 1252 1637 Ἐρώτησις
1276 1605 1314 1634 ς’.
1344 1600 1406 1628 Ἐὰν
1425 1600 1493 1635 γυνὴ
1520 1599 1711 1635 κατηχουμένη
1732 1597 1833 1624 δέδωκε

1050 1650 1081 1676 τὸ
1092 1649 1178 1684 ὄνομα
1190 1648 1274 1683 αὐτῆς
1288 1648 1332 1674 ἵνα
1349 1646 1483 1682 φωτισθῇ,
1501 1645 1548 1673 καὶ
1566 1645 1631 1680 περὶ
1653 1644 1702 1680 τὴν
1724 1643 1835 1679 ἡμέραν

1049 1693 1097 1722 τοῦ
1115 1693 1303 1729 βαπτίσματος
1312 1692 1423 1727 γέγονεν
1435 1691 1503 1726 αὐτῇ
1515 1690 1545 1717 ἰδ
1559 1690 1619 1717 κατ’
1635 1689 1696 1720 ἔθος
1709 1689 1765 1715 τῶν
1782 1697 1836 1722 γυ-

1051 1740 1164 1773 ναικῶν,
1189 1739 1214 1766 εί
1230 1738 1334 1773 ὀφείλει
1348 1737 1515 1772 φωτισθῆναι
1539 1736 1608 1772 αὐτῇ
1634 1736 1669 1771 τῇ
1693 1735 1800 1770 ἡμέρᾳ,
1815 1734 1837 1769 ἧ

1052 1785 1227 1822 ὑπερθέσθαι,
1240 1785 1288 1812 καὶ
1303 1784 1385 1810 ’πόσον
1395 1782 1560 1818 ὑπερθέσθαι
1571 1790 1578 1815 ;

1093 1831 1278 1864 Ἀπόκρισις.
1299 1828 1482 1864 ’Υπερθὲσθαι
1516 1826 1637 1862 ὀφείλει,
1660 1826 1713 1858 ἕως
1732 1826 1765 1853 ἂν
1786 1834 1838 1852 κα-

1053 1875 1181 1911 θαρισθῇ.

1088 1920 1215 1947 ΚΕΦΛΛ.
1231 1918 1281 1946 ῙΖ¹.
1295 1934 1328 1939 -
1345 1917 1414 1945 Ἐὰν
1430 1919 1446 1945 ό
1464 1916 1689 1951 κατηχούμενος
1705 1915 1761 1949 πρὸ
1779 1915 1838 1942 τοῦ

1049 1967 1260 2001 βαπτίσματος
1275 1964 1458 1999 κοινωνήσῃ.

1297 2011 1435 2046 Τιμοθέου
1449 2009 1548 2036 κανὼν
1563 2013 1598 2036 α’.

1092 2057 1252 2092 Ἐρώτησις
1271 2056 1306 2084 α’.
1337 2057 1400 2083 Ἐὰν
1423 2055 1527 2082 παιδίον
1555 2054 1756 2090 κατηχούμενον
1797 2054 1837 2084 ὡς

1052 2104 1123 2131 ἑπτὰ
1138 2104 1217 2137 ἑτῶν,
1228 2104 1312 2139 ἦγουν
1327 2102 1469 2138 ἄνθρωπος
1483 2101 1597 2133 τέλειος,
1615 2101 1766 2136 εὐκαιρήσῃ
1782 2108 1838 2126 που

1052 2150 1211 2186 προσφορᾶς
1234 2149 1396 2184 γινομένης,
1424 2148 1471 2174 καὶ
1495 2147 1599 2181 ἀγνοῶν
1622 2147 1780 2182 μεταλάϐοι,
1810 2148 1841 2173 τί

1051 2197 1153 2231 ὀφείλει
1168 2197 1289 2230 γίνεσθαι
1301 2195 1366 2231 περὶ
1380 2194 1479 2229 αὖτοῦ;

1095 2243 1279 2277 Ἀπόκρισις.
1294 2242 1462 2277 Φωτισθῆναι
1479 2242 1591 2277 ὀφείλει·
1608 2241 1684 2277 παρὰ
1698 2240 1767 2268 Θεοῦ
1783 2240 1842 2276 γὰρ

1011 2275 1039 2305 Ῑ)
1052 2275 1196 2324 κέκληταιξ

873 2379 1074 2421 ΤΓΓΛΟΣ
1110 2380 1165 2421 Ε.

217 2438 297 2466 ΠΕΡΙ
317 2438 385 2465 ΤΩΝ
405 2437 732 2465 ΚΑΤΔΦΡΟΝΟΥΝΤΩΝ
762 2437 831 2464 ΤΩΝ
854 2437 1068 2470 ΕΚΚΑΗΣΙΩΝ,
1089 2438 1150 2464 ΚΑΙ
1183 2436 1374 2468 ΣΥΝΑΞΕΩΝ,
1396 2437 1455 2463 ΚΑΙ
1484 2437 1647 2471 ΜΝΗΜΩΝ,
1669 2438 1727 2466 ΚΑΙ
1758 2438 1842 2466 ΠΕΡΙ

584 2472 651 2499 ΤΩΝ
671 2472 862 2500 ΕΘΙΖΟΝΤΩΝ
882 2472 926 2498 ΕΝ
947 2473 1125 2500 ΕΚΚΑΗΣΙΑ
1144 2473 1205 2499 ΚΑΙ
1223 2473 1302 2499 ΠΕΡΙ
1320 2472 1468 2500 ΔΓΛΠΩΝ.

826 2561 905 2597 167
927 2570 1159 2608 TlTULUS
1176 2571 1222 2609 v-

217 2628 261 2656 DE
280 2627 323 2654 llS
342 2626 400 2660 QUI
419 2625 656 2654 CONTEMNUNT
678 2625 873 2661 ECCLESIAS,
894 2627 939 2654 ET
969 2627 1129 2655 SYNAXES
1148 2627 1264 2661 ATQUE
1285 2627 1473 2659 MEMORIAS,
1495 2626 1540 2654 ET
1561 2627 1604 2654 DE
1630 2627 1844 2656 M‘ANDUCAN-

700 2661 801 2689 TIBUS
820 2663 853 2689 IN
883 2663 1068 2696 ECCLESlIS,
1090 2662 1133 2689 ET
1161 2662 1204 2689 DE
1224 2662 1356 2690 AGAPiS.

249 2718 365 2747 CAPUT
383 2717 530 2746 PRIMUM.
544 2731 578 2737 —
597 2717 632 2743 Dc
644 2717 675 2743 iis
689 2717 734 2751 qui
747 2717 840 2744 docent
851 2739 858 2750 ,
875 2718 922 2746 Dei
948 2720 998 2746 do-

215 2773 287 2791 mum
305 2769 330 2791 ct
347 2771 461 2798 synaxes
485 2768 509 2790 et
526 2762 666 2789 memorias
687 2761 803 2789 ludibrio
823 2771 879 2791 esse
901 2765 998 2792 haben-

215 2811 274 2837 das.

330 2857 442 2884 (Ioncilii
476 2856 636 2890 Gangrensis
661 2864 771 2883 tanaim
795 2856 822 2889 5,
847 2857 892 2884 ‘20.

254 2902 278 2928 5.
294 2901 322 2929 Si
335 2903 397 2937 quis
409 2903 486 2931 docet
501 2903 611 2930 domum
625 2902 671 2930 Dei
687 2910 747 2931 esse
761 2903 997 2936 contemnendam,

1087 2718 1287 2746 ΚΕΦΑΛΑΙΟΝ
1304 2718 1450 2744 ΠΡΩΤΟΝ.
1465 2733 1499 2738 -—
1515 2718 1584 2752 Περὶ
1603 2717 1662 2744 τῶν
1676 2718 1843 2746 διδασκόν-

1051 2765 1176 2796 nor,th
1186 2763 1270 2792 οἶκον
1283 2764 1336 2792 τοῦ
1347 2764 1431 2796 Θεοῦ,
1446 2764 1493 2791 καὶ
1502 2765 1554 2797 τὰς
1566 2762 1711 2797 συνάξείς
1723 2765 1772 2791 καὶ
1787 2765 1842 2798 τὰς

1052 2812 1180 2848 μνήμας,
1197 2812 1476 2847 εὐκαταφρονήτους
1496 2811 1582 2839 εἶναι.

1190 2857 1324 2884 Συνόδου
1344 2856 1485 2891 Γαγγρῶν
1501 2857 1600 2884 κανὼν
1615 2857 1645 2889 ε’,
1664 2857 1698 2884 κ’.

1089 2903 1118 2931 ε’.
1132 2904 1166 2931 Εἴ
1179 2912 1220 2936 τις
1235 2903 1351 2930 διδάσκει
1367 2903 1410 2930 τὸν
1423 2901 1496 2930 οἷκον
1511 2904 1556 2931 τοῦ
1586 2904 1653 2931 Θεοῦ
1666 2904 1844 2939 εὐκαταφρό-
