1954 3080
138 154 194 186 6Ξ9

580 159 778 191 SYNTAGMA
796 161 988 192 CANONUM.
1003 173 1038 179 -
1053 161 1127 192 TIT.
1142 162 1176 198 V,
1194 162 1272 192 CAP.
1292 162 1316 198 Ι,
1334 161 1374 191 ΙΙ.

1710 160 1762 191 630

138 220 219 246 vnto:
241 208 328 245 εἶναι,
353 213 401 240 καὶ
422 213 470 246 τὰς
490 215 520 241 ἐν
544 215 618 251 αὑτῷ
643 217 778 251 συνάξεις,
801 218 925 253 ἀνάθεμα

983 221 1004 245 et
1017 225 1079 253 quae
1092 218 1160 245 ﬁunt
1180 218 1206 245 in
1230 226 1261 245 ea
1281 216 1522 252 congi-cgationes,
1551 214 1586 242 sit
1605 215 1761 243 anathema.

139 257 223 285 ἔστω.

177 305 212 330 δι’.
228 302 262 329 Εἴ
275 311 317 335 τις
330 304 440 339 αἰτιῷτο
462 305 629 341 ὑπερηφάνῳ
651 307 770 336 διαθέσει
787 311 925 346 κεχρημέ-

141 357 196 381 νος,
206 349 253 375 καὶ
268 349 480 385 βδελυσσόμενος
494 352 543 383 τὰς
558 353 682 385 συνάξεις
698 354 753 381 τῶν
767 356 924 392 μαρτύρων,

141 394 159 429 ἢ
183 395 232 426 τὰς
257 395 286 422 ὲν
316 396 411 428 αὑταῖς
431 398 578 432 γινομένας
601 399 785 436 λειτουργίας.
813 403 927 435 καὶτὰς

144 440 252 474 μνήμας
268 440 369 473 αὐτῶν,
385 441 505 476 ἀνάθεμα
522 443 602 471 ἔστω.

142 486 278 513 Συνόδου
288 487 498 521 οἱκουμενικῆς
511 488 602 523 ἕκτης
617 490 717 517 κανὼν
728 491 782 524 ος’,
797 496 854 527 mf,
871 493 925 526 ιτζν.

181 535 237 564 ος’.
253 533 314 559 Ὀτι
333 533 362 560 οὐ
376 534 428 569 χρὴ
444 534 517 561 ἔνδον
540 535 595 562 τῶν
619 536 698 571 ίερῶν
713 538 863 572 περιϐόλων
880 547 928 565 κα-

143 576 254 611 πηλεῖον
265 577 282 611 ἢ
297 578 332 603 τὰ
346 577 390 604 διὰ
409 577 562 614 βρωμάτων
575 580 631 616 εἴδη
652 581 821 616 προτιθέναι,
837 583 854 618 ἢ
867 583 928 610 ἐτέ-

145 630 195 657 ρας
208 623 322 657 πράσεις
337 624 519 656 ποιεῖσθαι,τὺ
536 625 683 660 σεϐάσμιον
696 628 755 659 ταῖς
768 628 928 663 ἐκκλησίαις

144 667 341 701 φυλάσσοντας.
361 669 390 695 '0
405 670 461 705 γὰρ
477 671 572 706 Σωτὴρ
586 671 664 706 ἡμῶν
679 673 725 699 καὶ
737 673 865 705 Θεδ;,διὰ
879 675 928 709 τῆς

145 714 174 739 ὲν
190 714 271 750 σαρκὶ
283 715 422 747 πολιτείας
437 717 619 752 παιδαγωγῶν
634 719 716 753 ἡμᾶς,
730 719 766 754 μὴ
781 722 867 747 ποιεῖν
882 720 928 747 τὸν

144 758 218 787 οἷκον
234 762 281 788 τοῦ
304 763 413 798 Πατρὺς
429 765 522 796 αὑτοῦ,
544 766 674 801 ἐμπορίου
697 765 781 799 οἷκον,
807 776 927 802 παρεκε-

144 806 252 834 λεύετο·
268 807 298 840 ὃς
320 808 366 835 καὶ
388 809 443 836 τῶν
459 810 643 837 κολλυϐιστῶν
658 812 688 838 τὺ
712 813 803 848 κέρμα
824 813 926 849 ἐξέχεε,

144 852 192 878 καὶ
210 853 274 884 τοὺς
287 853 317 879 τὺ
337 854 408 888 ἱερὸν
434 856 653 888 κοινοποιοῦντας
671 858 822 892 ἀπήλασεν.
840 859 874 885 Εἴ
886 868 928 892 τις

1010 307 1056 334 20.
1071 307 1101 335 Si
1114 308 1175 343 quis
1191 307 1346 343 arrogantia
1368 311 1458 338 utens,
1481 310 1508 333 et
1524 309 1674 340 martyrum
1694 311 1762 332 con-

976 353 1148 388 gregationes
1165 353 1328 383 abhorrens,
1344 356 1371 380 et
1395 359 1473 379 sacra
1492 359 1554 386 quae
1582 350 1609 377 in
1630 350 1670 378 cis
1692 350 1764 378 cele-

977 397 1102 431 brantur,
1131 403 1159 426 et
1185 406 1281 426 eorum
1311 398 1458 426 memorias
1489 401 1601 425 accuset
1639 396 1675 424 sit
1697 404 1764 424 ana-

977 443 1078 470 thema.

1030 488 1144 516 Consilii
1154 489 1305 516 wrumenici
1317 489 1384 516 sexti
1400 497 1522 520 canones,
1537 488 1581 521 76.
1600 488 1645 522 88,
1662 488 1709 516 97.

1013 534 1056 561 76.
1092 534 1170 568 Quod
1183 542 1235 562 non
1269 539 1376 570 oportet
1404 535 1475 562 intra
1506 539 1615 562 sanctos
1645 534 1763 562 ambitus

978 580 1173 615 cauponariam
1193 580 1340 613 ollieinam,
1355 580 1397 607 vel
1425 580 1550 607 ciborum
1576 580 1679 614 species
1698 586 1764 614 pro-

977 633 1090 661 ponere,
1104 627 1146 654 vel
1166 627 1234 654 alias
1248 626 1422 654 venditiones
1441 627 1542 658 lacere.
1558 633 1636 653 suam
1648 633 1766 653 venera-

978 670 1080 697 tionem
1096 671 1220 698 ecclesiis
1242 676 1394 699 servantes.
1416 671 1543 698 Salvator
1562 671 1635 698 enim
1658 676 1763 703 noster,

978 719 1006 742 et
1020 714 1101 747 Deus,
1119 723 1167 750 per
1183 723 1262 743 suam
1288 716 1315 743 in
1340 723 1424 743 carne
1437 715 1546 743 vivendi
1566 716 1700 743 rationem
1716 723 1765 743 nos

980 760 1137 792 instituens,
1157 769 1211 788 non
1229 761 1319 789 facere
1343 762 1453 789 domum
1468 760 1560 788 Patris
1586 761 1628 788 sui
1651 761 1764 788 domum

979 806 1172 840 negotiationis
1182 807 1371 842 jussit”;qui
1405 808 1487 835 etiam
1519 807 1765 834 nummulariorum

980 858 1089 878 mensas
1113 851 1219 886 elludit,
1241 857 1268 879 et
1287 860 1334 880 eos
1367 853 1414 888 qui
1446 852 1533 880 forum
1555 860 1699 880 commune
1723 852 1764 880 fa~

144 897 190 924 οὗν
202 897 250 924 ἐπὶ
270 898 309 934 τῷ
330 901 503 935 προκειμένῳ
519 901 575 936 ἁλῷ
591 901 818 939 πλημμελήματι,
831 905 927 940 ἀφορι-

983 896 1065 929 ciunt,
1087 896 1177 931 eiecit.
1195 897 1224 924 Si
1239 898 1301 932 quis
1325 905 1389 932 ergo
1409 897 1437 924 in
1459 897 1589 932 pracdicto
1604 897 1702 925 delicto
1717 898 1765 925 de-

143 941 242 974 ζέσθω.

179 991 235 1023 my.
250 989 354 1023 Μηδεὶς
373 989 447 1016 ἔνδον
470 991 545 1025 ἱεροῦ
568 992 644 1024 ναοῦ,
668 993 766 1028 κτῆνος
783 993 813 1020 τὺ
825 994 928 1021 οἱονοῦν

142 1033 292 1067 εἰσαγέτωι
320 1035 399 1067 ἐκτὸς
422 1036 447 1062 εί
475 1037 512 1072 μη
538 1045 580 1068 τις
607 1037 766 1072 ὁδοιπορῶν,
797 1039 928 1074 μεγίστης

143 1079 350 1116 καταλαϐούσης
372 1081 513 1116 ἀνάγκης,
537 1082 660 1109 οίκίσκου
690 1084 737 1110 καὶ
761 1086 928 1120 καταγωγῆς

142 1124 262 1160 ἀπορῶν,
275 1125 304 1152 ὲν
316 1126 356 1161 τῷ
371 1126 485 1162 τοιούτῳ
501 1127 647 1155 καταλύσει
662 1129 729 1163 ναῷ.
752 1131 799 1156 Διὰ
816 1131 870 1164 γὰρ
882 1131 927 1158 τοῦ

144 1170 182 1206 μὴ
196 1171 227 1197 τὸ
241 1171 339 1206 κτῆνος
354 1172 427 1198 ἔνδον
442 1173 638 1209 εἰσενεχθῆναι,
649 1175 715 1201 αὐτὸ
730 1175 779 1210 μὲν
796 1176 870 1203 ἔστιν
884 1178 928 1204 ὅτε

141 1215 367 1251 διαφθαρήσεται,
384 1217 398 1243 ό
414 1216 442 1243 δὲ
465 1219 498 1253 τῇ
519 1218 567 1245 τοῦ
585 1219 732 1253 ὑποζυγίου
747 1221 866 1256 ἀποϐολῇ
883 1221 929 1248 καὶ

141 1260 182 1295 τῷ
196 1260 322 1288 ἐντεῦθεν
342 1262 439 1297 ἀπόρῳ
460 1263 509 1297 τῆς
523 1264 570 1290 ἐπὶ
583 1264 634 1299 τὴν
656 1265 810 1301 ὁδοιπορίαν
828 1266 927 1302 ὁρμῆς,

142 1303 259 1331 θανάτου
282 1305 397 1341 κινδύνῳ
414 1308 642 1343 παραδοθήσεται.
661 1309 698 1336 Τὸ
719 1310 775 1345 γὰρ
790 1311 929 1339 Σάϐϐατον

141 1349 186 1376 διὰ
202 1350 246 1376 τὸν
261 1350 402 1386 ἄνθρωπον
417 1353 542 1386 γενέσθαι
553 1354 765 1390 ὲκδιδασκόμεθα
778 1363 785 1371 ·
799 1356 870 1383 ὥστε
885 1357 929 1384 διὰ

143 1395 252 1423 πάντων
274 1399 460 1433 προτιμητέαν
489 1400 615 1434 ἡγεῖσθαι
640 1400 689 1436 τὴν
708 1401 755 1429 τοῦ
784 1402 928 1438 ἀνθρώπου

143 1443 281 1477 σωτηρίαν
294 1452 324 1470 τε
340 1445 386 1471 καὶ
400 1445 546 1472 ἀπάθειαν.
571 1447 602 1472 El
619 1446 647 1472 δέ
662 1455 704 1478 τις
719 1447 860 1483 φωραθείη
874 1457 928 1482 χω-

144 1486 186 1521 ρὶς
206 1487 339 1523 ἀνάγκης,
354 1489 453 1525 κτῆνος
480 1491 598 1525 εἰσάγων
617 1493 647 1518 ὲν
670 1491 709 1527 τῷ
733 1493 807 1528 ἱερῷ,
830 1495 855 1520 ει
878 1494 928 1529 μὲν

142 1531 273 1567 κληρικδς
295 1533 349 1569 εἴη,
377 1535 580 1571 καθαιρείσθω·
598 1538 623 1563 εί
644 1537 673 1564 δὲ
695 1538 805 1570 λαῖκδς,
829 1540 928 1575 ἀφορια

143 1575 240 1608 ζέσθω.

177 1666 230 1700 ιιτ.
254 1667 325 1700 Τοὺς
341 1669 358 1704 ἢ
378 1670 486 1705 γαμετῇ
502 1670 693 1701 συνοικοῦντας
715 1671 731 1707 ἢ
753 1671 840 1704 ἄλλως
856 1671 929 1699 ἀδια-

142 1713 245 1747 κρίτως
271 1713 335 1744 τοὺς
366 1715 456 1749 ἱεροὺς
483 1715 584 1745 τόπους
610 1716 850 1749 κοινοποιοῦντας⁷
882 1717 930 1743 καὶ

142 1759 386 1793 καταφρονητικῶς
400 1760 465 1796 περὶ
479 1762 578 1793 αὐτοὺς
597 1761 718 1796 ἔχοντας,
735 1763 781 1790 καὶ
799 1762 885 1794 οὕτως
900 1764 929 1790 ὲν

143 1804 234 1835 αὐτοτς
247 1805 461 1839 καταμένοντας,
477 1807 524 1833 καὶ
539 1808 570 1833 ὲκ
584 1807 639 1834 τῶν
650 1808 679 1834 ἐν
694 1808 750 1839 τοῖς
770 1808 929 1843 σεϐασμίοις

141 1850 216 1880 ναοῖς
232 1852 444 1886 κατηχουμένων
466 1852 624 1884 ἐξωθεῖσθαι
654 1854 870 1888 προστάσσομεν.
896 1854 929 1880 Et

141 1894 171 1921 δέ
184 1903 226 1926 τις
243 1896 280 1931 μὴ
295 1897 374 1924 τοῦτο
395 1898 595 1933 παραφυλάξει,
612 1899 637 1925 εί
655 1898 704 1934 μὲν
727 1899 857 1935 κληρικὸς
871 1899 928 1936 είη,

142 1941 345 1977 καθαιρείσθω·
362 1944 386 1970 ει
401 1943 429 1970 δὲ
447 1943 553 1978 λαῑκδς,
571 1944 754 1980 ἀφοριζὲιιοω.

178 2073 303 2102 ΚΕΦᾹΛ.
319 2074 358 2103 B’.
370 2091 403 2096 —
416 2076 486 2111 Περὶ
509 2076 562 2104 τοῦ
582 2076 625 2112 μὴ
645 2077 742 2105 ποιεῖν
760 2078 796 2105 ἐν
818 2079 928 2114 ἐκκλη-

140 2117 224 2151 σίαις
239 2118 367 2154 ἀγάπης.

283 2165 417 2192 Συνόδου
430 2166 605 2200 Λαοδικείας
619 2167 719 2194 κανὼν
733 2173 786 2204 κη’,

175 2209 230 2244 κη’.
243 2210 304 2238 ὀτι
320 2211 350 2238 οὐ
365 2211 406 2238 δεῖ
417 2211 446 2238 ὲν
459 2213 516 2244 τοῖς
529 2213 688 2248 Κυριακοῐς,
701 2214 718 2249 ἢ
743 2215 772 2241 ὲν
796 2216 856 2247 ταῖς
880 2216 927 2242 ὲκ-

139 2255 267 2291 κλησῐαις
279 2256 328 2287 τὰς
343 2256 492 2292 λεγομένας
505 2259 615 2292 ἁγάπας
629 2262 716 2286 ποιεῖν
726 2280 733 2293 ,
748 2261 795 2288 καὶ
808 2261 881 2288 ἔνδον
896 2262 926 2289 ὲν

139 2301 180 2337 τῷ
194 2301 261 2338 οἴκῳ
276 2302 377 2328 ἐσθίειν
393 2303 439 2329 καὶ
453 2303 586 2331 ἁκούϐιτα
601 2305 774 2340 στρωννύειν.

259 2345 395 2373 Συνόδου
411 2347 620 2382 Καρθαγ-έννης
637 2348 738 2376 κανὼν
753 2350 807 2385 μβ’.

178 2389 232 2425 μβ’.
243 2392 310 2425 Περὶ
330 2391 383 2418 τοῦ
390 2391 434 2426 μὴ
452 2393 609 2427 συμπόσια
619 2394 654 2420 ἐν
671 2394 736 2428 ταῖς
748 2395 926 2430 ἐκκλησίαις

138 2436 351 2465 ἐπιτελεῖσθαι.

176 2483 257 2510 Ὥστε
273 2483 465 2520 ἐπισκόπους-ἢ
479 2485 637 2521 κληρικοὺς,
652 2488 680 2513 ὲν
694 2489 753 2520 ταῖς
766 2489 925 2524 ἐκκλησίαις

142 2529 180 2564 μὴ
192 2530 438 2564 συμποσιάζεσθαι,
457 2532 481 2558 εί
495 2533 532 2567 μή
544 2533 570 2567 γ’
583 2532 617 2560 ἂν
626 2534 706 2568 τυχὸν
718 2535 825 2570 ἀνάγκῃ
838 2534 926 2567 ξενίας

139 2574 282 2606 ὂιαδάντες
297 2577 355 2602 ἐκεῖ
370 2577 559 2604 καταλύσωσι·
582 2579 628 2605 καὶ
648 2580 671 2605 oi.
688 2579 748 2606 λαοὶ
762 2580 791 2606 δὲ
805 2581 860 2607 ἀπὸ
872 2581 926 2608 τῶν

138 2621 352 2656 τοιουτοτρόπων
378 2624 547 2658 συμποσίων,
561 2625 621 2650 ὅσον
646 2625 758 2652 δυνατόν
777 2627 847 2659 ἐστι,
873 2636 926 2654 κω-

139 2667 268 2694 λυθῶσιν.

139 2714 275 2741 Συνόδαυ
288 2715 497 2750 οἱκουμενικῆς
511 2716 601 2750 ἕκτης
614 2717 713 2744 κανὼν·
731 2718 777 2749 06',
797 2719 850 2751 og',
873 2720 925 2753 ιπζθ.
950 2703 953 2705 Ι

174 2759 221 2785 οϐ’.
237 2759 299 2786 Ὅτι
311 2760 341 2786 οὗ
359 2761 398 2786 δεῖ
411 2761 439 2787 ὲν
452 2763 506 2793 τοῖς
523 2762 671 2795 Κυριακοίς
683 2763 699 2798 ἢ
711 2764 738 2791 ὲν
754 2765 815 2796 ταῖς
827 2765 926 2799 ἐκκλη-

176 2858 197 2873 "
211 2858 300 2886 Maso.
314 2866 351 2893 xi,
366 2859 411 2886 t7.

979 942 1131 977 prehensus
1145 941 1237 974 fuerit,
1261 948 1426 978 segregetur.

1017 986 1166 1022 168388.
1198 987 1285 1016 Nemo
1306 989 1377 1015 intra
1402 988 1486 1015 azdcm
1514 996 1620 1016 sacram
1648 989 1766 1024 quodvis

976 1031 1131 1066 juntentum
1160 1033 1335 1067 introducat;
1350 1033 1401 1061 nisi
1424 1034 1495 1061 forte
1511 1034 1600 1061 viator
1616 1035 1764 1069 quispiam,

978 1077 1097 1104 maxima
1116 1082 1229 1113 urgente
1242 1079 1415 1110 necessitate,
1432 1079 1605 1108 domuncula:
1619 1080 1660 1107 vel
1677 1080 1766 1107 diver-

979 1123 1044 1150 sorii
1054 1123 1177 1158 indigens
1198 1124 1225 1150 in
1247 1124 1272 1150 id
1289 1125 1419 1159 templum
1441 1125 1592 1152 divcrterit.
1609 1125 1664 1152 Nisi
1692 1126 1764 1152 enim

976 1168 1131 1203 jumentum
1145 1169 1330 1197 introductum
1352 1170 1446 1204 fuerit,
1463 1172 1552 1205 ipsum
1568 1172 1678 1206 quidem
1695 1180 1766 1198 non-

979 1221 1120 1248 nunquam
1135 1215 1244 1249 peribit,
1261 1216 1304 1242 hic
1321 1223 1386 1243 vero
1407 1221 1517 1250 propter
1531 1217 1648 1251 jumenti
1673 1217 1758 1244 amis-

979 1259 1094 1291 sionem,
1115 1265 1142 1286 et
1172 1260 1310 1288 facultatis
1331 1261 1365 1288 ad
1393 1261 1446 1288 iter
1472 1262 1655 1297 peragendum
1672 1270 1705 1290 ex
1733 1270 1766 1289 eo

979 1304 1129 1338 profectam
1144 1304 1275 1339 inopiam.
1295 1306 1393 1334 mortis
1412 1307 1535 1341 periculo
1547 1308 1678 1334 tradetur.
1695 1307 1763 1334 Sab-

978 1349 1072 1376 batum
1098 1350 1170 1377 enim
1195 1356 1306 1386 propter
1319 1352 1458 1379 hominem
1483 1352 1584 1380 factum
1601 1360 1663 1380 esse
1683 1353 1766 1380 doce-

978 1402 1042 1421 mur
1078 1404 1084 1422 :
1112 1396 1291 1430 quamobrem
1316 1401 1343 1423 et
1375 1405 1424 1432 per
1452 1399 1543 1424 omnia
1567 1398 1764 1432 praeferendam

978 1448 1039 1469 esse
1052 1442 1209 1469 existimare
1232 1442 1350 1469 hominis
1365 1443 1480 1470 salutem
1493 1447 1520 1470 et
1537 1443 1764 1470 incolumitatem.

979 1486 1114 1520 Quocirca
1133 1487 1156 1514 si
1181 1487 1244 1522 quis
1263 1487 1450 1522 deprehensus
1466 1487 1547 1515 fuerit
1573 1489 1631 1516 sine
1648 1490 1766 1517 necessi-

979 1537 1033 1559 tate
1044 1531 1200 1567 jumentum
1222 1532 1248 1559 in
1264 1533 1395 1567 templum
1412 1532 1601 1566 introduccns,
1613 1534 1636 1561 si
1654 1533 1689 1560 sit
1703 1534 1766 1568 quiv-

980 1577 1041 1604 dem
1056 1577 1183 1610 clericus,
1204 1577 1374 1612 deportatur;
1401 1578 1423 1605 si
1435 1585 1501 1605 vero
1524 1578 1620 1611 laicus,
1641 1585 1765 1613 segrege-

980 1627 1035 1650 tur.

979 1700 983 1703 ν
1016 1669 1061 1696 97.
1078 1668 1133 1697 Eos
1145 1670 1191 1704 qui
1209 1669 1250 1697 vel
1266 1677 1327 1697 cum
1346 1677 1430 1697 uxore
1449 1669 1617 1702 cohabitant,
1636 1669 1678 1696 vel
1695 1669 1765 1697 alio-

979 1715 1025 1749 qui
1041 1714 1279 1742 indiscriminatim
1292 1723 1368 1743 sacra
1387 1716 1446 1743 loca
1459 1716 1617 1743 communia
1631 1716 1735 1743 faciunt
1754 1725 1761 1743 :

979 1763 1006 1786 et
1017 1760 1192 1794 contemptim
1207 1761 1233 1787 in
1249 1760 1290 1788 eis
1304 1760 1467 1793 alliciuntur,
1486 1765 1514 1788 et
1530 1761 1570 1789 sic
1586 1761 1612 1788 in
1629 1761 1669 1789 eis
1700 1769 1765 1796 pcr-

979 1808 1110 1836 manent;
1126 1803 1208 1831 etiam
1226 1811 1257 1831 ex
1273 1804 1317 1838 iis,
1335 1813 1396 1839 qua:
1421 1810 1486 1832 sunt
1514 1805 1541 1832 in
1567 1805 1767 1832 venerabilibus

979 1849 1098 1884 templis,
1114 1850 1372 1877 catechumenorum
1391 1851 1583 1878 mansionibus
1597 1851 1704 1878 extrudi
1718 1852 1766 1886 ju-

979 1893 1085 1922 bcmus.
1101 1893 1130 1921 Si
1144 1894 1206 1929 quis
1218 1900 1307 1922 autem
1321 1896 1379 1923 hwc
1396 1903 1451 1923 non
1468 1897 1597 1930 servavit,
1614 1897 1636 1924 si
1653 1897 1689 1925 sit
1700 1897 1764 1932 qui-

979 1938 1041 1966 dem
1056 1939 1182 1973 clericus,
1198 1939 1366 1976 deponatur;
1383 1941 1405 1969 si
1420 1949 1485 1969 vero
1514 1942 1613 1975 laicus,
1640 1949 1766 1978 segrege-

979 1988 1033 2011 tur.

1013 2083 1089 2111 CAP.
1107 2086 1138 2115 ll.
1155 2099 1189 2106 —
1206 2086 1245 2114 Ne
1260 2094 1288 2113 nt
1303 2087 1419 2115 ecclesiis
1434 2088 1501 2122 ﬁant
1520 2095 1626 2122 agapw..

1155 2177 1270 2206 Consilii
1281 2177 1430 2205 Laodiceni
1438 2186 1529 2205 canona
1543 2177 1588 2204 28.

943 2232 976 2260 Dr
1014 2222 1048 2249 28
1059 2222 1136 2256 Quod
1152 2231 1207 2250 non
1220 2228 1326 2258 oportet
1337 2223 1363 2250 in
1378 2223 1445 2251 locis
1459 2222 1617 2254 Dominicis,
1632 2222 1672 2250 vel
1682 2222 1711 2249 in
1721 2229 1765 2250 ee-

980 2269 1082 2301 clesiis,
1097 2276 1144 2297 cas
1154 2277 1215 2304 quae
1227 2269 1356 2297 dicuntur
1367 2277 1466 2304 agapas
1484 2268 1584 2302 facere,
1595 2273 1622 2296 et
1633 2269 1660 2296 in
1683 2269 1764 2296 domo

979 2313 1027 2341 Dei
1041 2314 1193 2347 comedere,
1207 2320 1234 2342 et
1245 2315 1386 2342 accubitus
1401 2319 1532 2342 sternere.

1104 2359 1215 2387 Concilt't'
1243 2359 1460 2395 Carthaginensis
1485 2368 1569 2387 canon
1593 2359 1638 2387 Ω.

1014 2405 1048 2432 42
1067 2406 1097 2434 Ut
1112 2406 1139 2433 in
1151 2406 1266 2434 ecclesiis
1283 2407 1402 2433 convivia
1419 2406 1524 2433 minime
1536 2406 1708 2434 celebrentur.

1014 2491 1049 2519 Ut
1068 2492 1134 2519 nulli
1149 2492 1268 2526 episcopi
1286 2492 1327 2520 vel
1338 2492 1431 2520 clerici
1446 2492 1473 2519 in
1489 2492 1604 2520 ceclesia
1617 2492 1764 2519 conviven-

977 2542 1033 2569 tur,
1051 2538 1104 2565 nisi
1117 2538 1186 2565 forte
1199 2542 1374 2566 transeuntes
1399 2538 1582 2573 hospitiorum
1602 2538 1764 2565 necessitate

977 2583 1032 2610 illic
1053 2584 1134 2619 169
1160 2584 1282 2611 reﬁciant
1301 2593 1308 2612 :
1325 2585 1418 2620 populi
1436 2585 1518 2612 etiam
1545 2585 1580 2612 ab
1606 2584 1763 2619 hujusmodi

977 2630 1121 2661 conviviis,
1135 2634 1267 2664 quantum
1283 2630 1340 2657 lleri
1356 2634 1446 2664 potest
1458 2629 1663 2664 prohibeantur.

1031 2717 1144 2745 Concilii
1160 2720 1312 2747 (annunenici
1326 2721 1394 2747 sexti
1409 2727 1521 2747 canones
1535 2719 1577 2751 τι,
1601 2718 1644 2750 76,
1663 2717 1709 2745 97.

1017 2764 1058 2791 7-6.
1086 2765 1164 2796 Quod
1180 2773 1234 2794 non
1248 2771 1354 2801 oportet
1367 2766 1394 2794 in
1415 2765 1563 2794 Dominicis
1578 2764 1645 2792 locis
1663 2763 1706 2791 vel
1718 2770 1764 2790 eo.
