1954 3080
216 137 265 169 631

809 144 939 176 ΡΗΟΤΙΙ
958 147 1209 179 ΡΑΤΗΙΑΒΟΗᾸΞ
1221 143 1277 180 CP.

1791 155 1844 188 632

215 193 308 221 clesiis
323 200 370 221 eas
383 201 445 229 qua:
459 194 590 222 dicuntur
608 203 719 232 agapas.
737 197 761 225 id
778 203 831 231 est,
854 200 994 228 charitatct

1057 203 1138 235 σίαις,
1153 203 1202 235 τὰς
1224 203 1374 239 λεγομένας
1393 205 1504 239 ἀγάπας
1526 207 1624 239 ποιεῖν,
1651 208 1699 236 καὶ
1719 208 1792 237 ἔνδον
1814 212 1844 238 ὲν

216 237 316 270 facere,
331 243 358 266 et
386 239 461 267 intus
485 240 512 266 in
542 240 601 268 aede
628 243 782 274 comedere,
807 247 835 270 et
861 245 1003 273 accubitus

213 287 347 312 sternere.
367 284 419 318 Qui
434 290 525 314 autem
545 286 597 315 hoc
610 287 669 315 ausi
696 287 808 321 iuerint,
829 290 870 317 vel
884 296 1003 325 cessent,

214 331 258 359 uel
270 336 459 366 segregentur.

246 374 378 409 76.Quod
393 383 448 404 non
464 378 578 412 'oportet
593 377 664 406 intra
676 383 786 408 sanctos
799 380 927 414 ambitus,
937 387 1001 414 etc.,

213 425 242 447 ut
262 429 343 454 supra
354 429 416 457 pag.
433 421 497 450 650.

247 465 292 493 97.
310 465 364 495 Eos
388 467 435 503 qui
452 469 492 496 vel
514 476 579 497 cum
604 477 689 498 uxore
707 470 878 505 cohabitant,
892 477 960 506 etc.,
972 477 1003 501 ut

211 518 272 547 pag.
288 511 352 541 650.

248 557 281 585 Et
295 561 384 586 const.
402 559 430 592 5,
459 559 500 586 tit.
517 559 561 594 l2,
597 560 646 588 lib.
662 560 688 588 Ι.
712 561 774 589 cod.
788 566 874 594 vetat,
892 570 926 590 ne
952 563 1000 598 qui

212 601 245 628 ad
263 602 362 637 templa
381 603 553 639 confugiunt,
569 605 595 632 in
617 605 651 633 iis
664 606 747 633 edant
769 611 818 634 aut
841 607 1000 636 dormiant:

212 646 260 674 sed
284 654 380 675 secure
405 648 432 676 in
456 649 610 685 vestibulis,
639 652 728 684 atriis,
749 653 912 687 porticibus,
943 654 1001 682 bal-

210 693 280 727 neis,
299 698 327 722 et
339 693 427 723 hortis
447 695 557 731 degant.

245 783 323 812 CAP.
335 784 381 812 Ill.
398 800 434 806 ——-
448 786 486 814 De
502 788 683 821 spernentibus
693 798 802 826 agapen,
817 792 924 827 etquod
942 792 1002 820 inde

209 833 298 863 partes
311 830 417 862 auferre
433 839 485 859 non
497 837 617 868 oporteat

376 918 489 946 Concilii
504 919 664 956 Gangrensis
680 930 763 950 canon
779 924 823 952 ll.

245 959 290 987 ll.
307 959 336 988 Si
347 962 409 997 quis
422 967 579 992 contemnat
589 972 637 993 eos
648 966 695 1001 qni
722 974 824 1002 agapas
836 975 870 996 ex
891 968 943 997 lide
958 968 999 997 fa-

210 1005 297 1038 ciunt.
312 1011 337 1034 et
349 1008 516 1043 propterDei
531 1009 666 1039 honorem
676 1010 777 1040 fratres
791 1018 955 1048 convocant,
970 1019 997 1042 et

209 1051 278 1078 nolit
302 1052 494 1082 vacationibus
508 1056 723 1090 communicare,
740 1057 815 1093 quod
831 1058 858 1085 id
876 1059 948 1094 quod
964 1059 996 1086 iit

209 1094 368 1131 vilipendat,
378 1097 414 1125 sit
425 1099 582 1127 anathema.

377 1144 492 1172 Cancilii
502 1145 644 1175 Laodiceni
656 1156 740 1176 canon
755 1148 801 1179 27.

241 1187 288 1216 27.
301 1189 378 1222 Quod
395 1199 448 1219 non
465 1197 572 1227 oportet
582 1201 631 1221 eos
657 1195 704 1230 qui
718 1195 818 1223 sacrati
833 1200 898 1223 sunt
922 1196 997 1224 ordi-

207 1234 262 1266 nis,
287 1236 329 1263 vel
352 1236 468 1266 clericos
492 1239 535 1267 vel
562 1240 658 1274 laicos,
687 1241 722 1270 ad
746 1250 848 1278 agapas
873 1249 996 1278 vocatos,

207 1284 299 1314 partes
315 1282 420 1316 tollere.
440 1291 474 1312 eo
489 1286 564 1320 quod
594 1286 744 1322 ignominia
765 1289 893 1318 inuratur
906 1290 996 1318 ordini

208 1326 381 1356 sacerdotali.

210 1431 777 1446 _————___________

1055 248 1094 283 τῷ
1112 249 1180 284 οῐκῳ
1198 249 1310 283 ἐσθίειν,
1331 250 1380 276 καὶ
1400 251 1532 278 ἀκούὸιτα
1553 254 1728 288 στρωννύειν.
1760 256 1793 282 οι
1815 256 1845 283 δὲ

1053 293 1133 320 τοῦτο
1149 295 1236 322 ποιεῖν
1252 295 1416 331 τολμῶντες,
1441 296 1458 332 ἢ
1475 298 1689 334 παυσάσθωσαν,
1712 300 1729 336 ἣ
1748 301 1844 337 ἀφορι-

1055 336 1206 369 ζέσθωσαν.

1062 421 1067 424 ι
1088 383 1209 415 ος’.”’οτι
1222 384 1252 411 οὐ
1264 384 1317 420 χρὴ
1328 384 1401 412 ἔνδον
1409 385 1463 412 τῶν
1479 386 1561 422 ιερῶν
1576 389 1737 424 περιϐόλων,
1745 399 1772 419 κ.
1781 392 1841 420 τ.λ.

1088 470 1141 505 ιζ’.
1155 471 1224 513 'l‘obc
1240 472 1257 507 ἢ
1272 473 1379 508 γαμετῇ
1397 473 1595 508 συνοικοῦντας,
1608 483 1636 502 κ.
1648 483 1674 503 τ.
1687 477 1713 502 λ.

1089 560 1146 587 Καὶ
1163 561 1180 596 ὴ
1205 564 1230 595 γ’
1249 561 1370 595 διάταξις
1393 562 1441 591 τοῦ
1463 562 1496 598 ιβ’
1513 563 1567 590 τίτ.
1591 563 1638 590 τοῦ
1650 567 1674 590 α’
1698 564 1769 600 βισλ.
1792 565 1841 592 τοῦ

1052 605 1131 639 κώδ.,
1141 607 1241 634 κωλύει
1256 608 1319 640 τοὺς
1335 609 1558 644 προσφεύγοντας
1570 628 1578 642 ,
1595 610 1724 645 ἐσθίεινῆ
1740 611 1842 638 καθεύ-

1051 651 1107 679 δειν
1129 652 1206 684 ἐντὸς
1227 653 1274 679 τοῦ
1297 653 1375 686 ναοῦ,
1395 653 1464 680 ἀλλὰ
1480 654 1586 688 διάγειν
1611 655 1739 689 ἀσφαλῶς
1764 656 1843 688 ἐντὸς

1052 697 1106 724 τῶν
1119 697 1235 733 πρώτων
1252 698 1354 734 θυρῶν,
1369 699 1398 725 ἐν
1414 699 1522 732 αὐλαῖς,
1537 699 1584 726 καὶ
1600 700 1701 731 στοαῖς,
1716 700 1764 728 καὶ
1777 700 1841 727 λου-

1051 745 1136 779 τροῖς,
1155 745 1202 771 καὶ
1215 745 1325 779 κήποις.

1087 790 1212 818 ΚΕΦΑΛ.
1237 791 1275 819 Γ¹,
1287 805 1323 811 -
1337 791 1409 826 Περὶ
1427 792 1486 819 τῶν
1506 792 1717 823 εὐτελιζόντων
1729 793 1783 826 τὰς
1799 802 1842 827 γι-

1052 835 1182 870 νομένας
1197 835 1326 871 arduae,
1342 837 1391 864 καί
1405 837 1451 864 ὅτι
1473 839 1509 865 οὺ
1524 837 1570 864 δεῖ
1582 838 1657 872 μέρη
1675 838 1842 873 λαμϐάνειν

1017 870 1038 898 Β
1051 882 1096 913 εις
1110 870 1238 916 ἀγάπην.

1203 927 1339 955 Συνόδου
1357 929 1503 964 Γατῃοῶν
1518 930 1619 957 κανὼν
1636 934 1681 958 ια’.

1090 978 1136 1002 ια’.
1150 974 1185 1002 Εἴ
1197 983 1240 1007 τις
1255 976 1439 1011 καταφρονοίη
1465 976 1519 1002 τῶν
1542 977 1574 1003 ὲκ
1597 977 1715 1010 πίστεως
1731 978 1841 1012 ἀγάττας

1046 1019 1255 1054 ποιούντων,καὶ
1260 1021 1390 1056 διὰτιμὴν
1400 1021 1447 1048 τοῦ
1455 1022 1557 1058 Κυρίου
1565 1023 1768 1056 συγκαλούντων
1775 1023 1841 1055 τοὺς

1048 1065 1191 1100 ἀδελφοὺς,
1212 1067 1260 1094 καὶ
1280 1066 1318 1102 μὴ
1333 1067 1421 1094 ἐθέλοι
1439 1069 1577 1095 κοινωνεῖν
1587 1069 1648 1100 ταῖς
1660 1069 1773 1104 κλήσεσι
1792 1069 1837 1096 διὰ

1051 1111 1082 1137 τδ
1093 1110 1271 1144 ἂξευτελίζειν
1288 1112 1319 1138 τὸ
1333 1112 1487 1148 γινόμενον,
1502 1112 1626 1147 ἀνάθεμα
1640 1112 1721 1140 ἔστω.

1195 1157 1329 1185 Συνόδου
1346 1157 1521 1192 Λαοδικείας
1534 1158 1634 1185 κανὼν
1645 1158 1697 1191 κζ’.

1086 1201 1138 1234 κζ’.
1157 1201 1219 1228 Ὀτι
1235 1202 1266 1228 οὗ
1287 1202 1329 1228 δεῖ
1344 1203 1516 1237 ῑερατικοὺς,
1533 1202 1549 1238 ῆ
1567 1202 1726 1237 κληρικοὺς,
1743 1202 1760 1237 ἢ
1781 1202 1840 1230 λαϊ-

1050 1247 1126 1279 κοὺς,
1144 1246 1329 1281 καλουμένους
1351 1247 1391 1278 είς
1415 1246 1526 1282 ἀγάπην
1542 1247 1615 1281 μέρη
1634 1247 1733 1282 αἵρειν,
1750 1247 1796 1274 διὰ
1808 1248 1840 1274 τὸ

1052 1291 1090 1327 μὴ
1122 1291 1202 1327 ὖὸριν
1225 1293 1259 1328 τῇ
1284 1291 1361 1324 τάξει
1387 1291 1602 1328 προστρίϐεσθαι
1628 1293 1662 1327 τῇ
1688 1292 1838 1329 ἐκκλησια-

1050 1346 1082 1364 στ
1086 1339 1130 1374 ικῇ
1135 1358 1143 1366 .

892 1519 1094 1564 ΤΙΤΛΟΣ
1133 1521 1199 1570 (ξ’-

849 1610 930 1638 ΠΕΡΙ
947 1610 1200 1640 ΚΑΡΙΙΟΦΟΡῙΩΝ,

802 1763 882 1800 ι⁷ο
909 1771 1143 1813 TITULUS
1171 1774 1240 1812 Vt.

752 1859 797 1888 DE
816 1860 1009 1891 FRUCTUUM
1025 1861 1286 1891 OBLATIONIBUS.

242 1943 357 1972 CAPUT
376 1943 747 1983 PRlMUM.—Apostolorum
754 1957 866 1976 canones
876 1950 902 1982 5,
911 1949 938 1981 4,
950 1948 993 1976 7l.

1081 1949 1283 1977 ΚΕΦΑΛΑΙΟΝ
1297 1949 1447 1976 ΠΡΩΤΟΝ.
1468 1966 1503 1971 -
1520 1951 1715 1979 Ἀποστόλων
1733 1952 1838 1979 κανὼν

259 2034 294 2062 54
304 2034 333 2062 Si
343 2034 404 2070 quis
417 2035 561 2072 episcopus
571 2037 612 2064 vel
629 2037 771 2073 presbyter
781 2043 877 2073 praeter
887 2039 993 2066 Domini

206 2079 413 2112 ordinationem,
422 2086 486 2113 etc.,
496 2086 525 2109 ut
539 2090 619 2116 supra
631 2089 692 2118 pag.
710 2082 773 2110 M2.

243 2125 274 2153 7l
297 2125 354 2163 [70]
376 2125 405 2154 Si
433 2127 496 2162 quis
513 2127 688 2159 Christianus
716 2129 807 2156 oleum
834 2128 939 2157 deferat
964 2129 992 2157 in

205 2172 338 2207 templum
364 2173 498 2208 gentium,
525 2173 567 2201 vel
587 2174 615 2201 in
642 2182 810 2210 synagogam
836 2174 991 2203 Judzeorum

205 2218 232 2245 in
247 2225 342 2245 eorum
360 2218 450 2252 festis,
465 2223 494 2246 nt
509 2219 649 2247 lucernam
664 2220 808 2253 accendat,
820 2226 989 2256 segregetur.

239 2262 519 2292 Conciliiwcumenici
531 2272 557 2292 v1
582 2273 694 2292 canones
718 2265 765 2299 28,
786 2266 831 2300 57,
849 2266 893 2299 79,
910 2267 956 2295 99.

239 2351 286 2380 28.
304 2352 439 2386 Quoniam
466 2355 493 2382 in
516 2354 635 2383 diversis
654 2355 779 2384 ecclesiis
795 2356 991 2389 intelleximus,

203 2404 269 2431 una,
281 2402 346 2431 etc.,
362 2403 391 2426 ut
400 2407 460 2434 pag.
472 2399 534 2427 598.

238 2442 284 2470 57.
300 2443 378 2477 Quod
392 2445 425 2472 ad
437 2445 522 2474 altare
531 2445 584 2474 mel
598 2449 625 2473 et
637 2447 679 2475 lac
691 2447 789 2476 olferre
804 2456 858 2476 non
873 2455 989 2485 oportet.

237 2522 282 2551 79.
310 2523 421 2559 Absque
443 2525 508 2554 ullis
531 2528 690 2556 secltndiuis
703 2536 737 2556 ex
753 2529 863 2565 virgine
880 2534 988 2564 partum

200 2577 262 2598 esse
276 2571 437 2600 commutes
450 2579 483 2600 ut
492 2573 539 2609 qui
558 2574 618 2602 sine
643 2575 749 2602 semine
763 2575 929 2603 constitutus
943 2577 989 2608 sit,

1073 2017 1080 2029 ,
1089 1997 1122 2029 δ’,
1135 1999 1184 2023 οα’.

1045 2001 1122 2076 “16",,
1131 2005 1167 2069 gf
1177 2016 1215 2068 'E!
1228 2050 1271 2074 τις
1287 2041 1438 2072 ἐπίσκοπος
1458 2041 1474 2076 ἢ
1490 2041 1675 2078 πρεσϐύτερος
1693 2043 1768 2078 παρὰ
1784 2043 1836 2078 τὴν

1043 2087 1091 2114 τοῦ
1108 2087 1208 2123 Κυρίου
1222 2087 1352 2119 διάταξιν,
1367 2095 1447 2122 usque
1461 2087 1496 2114 ad
1507 2088 1655 2124 κληρικοῖς.

1078 2136 1129 2160 οα’.
1148 2133 1181 2159 Et
1194 2141 1236 2165 τις
1247 2133 1422 2168 Χριστιανὸς,
1438 2133 1527 2161 ἔλαιον
1545 2134 1692 2169 ἀπενέγκοι
1704 2135 1743 2165 εις
1760 2133 1836 2169 ἱερον

1043 2177 1128 2205 ἐθνῶν
1152 2178 1169 2213 ἢ
1191 2179 1231 2210 είς
1254 2178 1415 2215 συναγωγὴν
1436 2179 1570 2206 Ἰουδαίων
1593 2180 1622 2206 ἐν
1644 2180 1704 2211 ταῖς
1723 2179 1836 2215 ἑορταῖς

1045 2222 1145 2255 αὐτῶν,
1161 2223 1179 2259 ἦ
1196 2223 1309 2259 λύχνους
1328 2224 1436 2257 ἀνάψοι,
1453 2223 1637 2259 ἀφοριζέσθω.

1044 2269 1179 2297 Συνόδου
1210 2270 1420 2331 οὶκουμενικθῇς
1433 2269 1535 2338 ὦκτης
1570 2269 1672 2297 κανὼν
1701 2273 1756 2306 κη’,
1780 2271 1833 2302 νς,

1360 2314 1374 2331 ο
1401 2325 1408 2336 ,
1468 2308 1485 2331 ’.

1360 2308 1408 2336 οϐ’,
1433 2308 1485 2336 μοι.

1077 2348 1130 2384 κη’.
1155 2349 1264 2384 Ἐπειδὴ
1283 2350 1312 2376 ὲν
1326 2348 1465 2385 διαφόροις
1491 2348 1651 2384 ἐκκλησίαις
1667 2349 1835 2385 μεμαθήκα-

1043 2403 1103 2430 μεν.
1119 2395 1267 2431 σταφυλῆς,
1279 2404 1306 2422 κ.
1321 2403 1347 2422 τ.
1363 2394 1388 2422 λ.

1076 2441 1126 2474 νζ.
1140 2441 1201 2468 ’Ὁτι
1228 2441 1258 2468 οὐ
1273 2441 1327 2477 χρὴ
1349 2441 1378 2468 ὲν
1401 2441 1458 2473 τοῖς
1475 2439 1679 2476 θυσιαστηρίοις
1702 2440 1764 2476 μέλι
1781 2439 1834 2467 καὶ

1042 2487 1113 2522 γάλα
1127 2487 1339 2523 προσφέρεσθαι.

1075 2533 1124 2560 σθ’.
1145 2533 1301 2568 ’Δλόχευτον
1323 2533 1370 2560 τὴν
1388 2535 1421 2560 ὲκ
1439 2533 1490 2568 τῆς
1503 2532 1644 2568 Παρθένου
1657 2531 1729 2559 θεῖον
1742 2532 1833 2559 Τόπον

1042 2579 1248 2614 ὁμολογοῦντες,
1260 2579 1298 2611 ὡς
1312 2579 1359 2606 καὶ
1372 2579 1500 2615 ἀσπὸρως
1516 2579 1664 2610 συστάντα,
1681 2579 1728 2605 καὶ
1746 2579 1832 2605 παντὶ

199 2615 284 2650 idque
305 2616 353 2644 toti
386 2618 461 2653 gregi
489 2620 700 2652 annuntiantes,
728 2627 778 2649 eos
803 2621 849 2655 qui
877 2627 988 2656 propter

1057 2625 1078 2660 ᾦ
1091 2625 1209 2660 ποιμνίῳ
1221 2625 1406 2661 κηρύσσοντες
1418 2645 1426 2657 .
1443 2625 1506 2656 τοὺς
1518 2624 1548 2657 ἐξ
1567 2624 1679 2659 ἀγνοίας
1693 2623 1833 2658 πράττον-

198 2660 382 2696 ignorantiam
404 2663 506 2698 aliquid
528 2664 632 2693 faciunt
647 2665 722 2701 quod
744 2673 797 2693 non
817 2665 904 2699 decet,
926 2674 988 2694 (ξονι

198 2707 313 2735 rectioni
342 2708 518 2742 subiicimus.
544 2709 636 2743 Quare
661 2711 792 2746 quoniam
819 2711 904 2746 aliqui
926 2717 987 2747 post

198 2758 301 2781 sancta
313 2753 416 2782 Christi
434 2755 486 2783 Dei
503 2757 590 2784 nostri
612 2757 762 2785 nativitatis
778 2757 849 2785 diem
866 2758 985 2787 similam

198 2805 317 2833 coquere
330 2801 524 2834 ostenduntur,
548 2806 576 2830 et
592 2810 653 2830 eam
673 2803 724 2831 sibi
741 2804 859 2831 invicem
886 2805 986 2840 imper-

203 2843 257 2876 tiri,
273 2845 385 2875 honoris
407 2847 511 2875 scilicet
535 2852 666 2883 praetextu
696 2849 909 2879 secundinarum
932 2851 985 2880 im-

1041 2671 1091 2702 τάς
1105 2679 1132 2697 τι
1154 2670 1208 2697 τῶν
1223 2671 1252 2697 οὐ
1267 2671 1393 2703 δεόντων,
1415 2671 1557 2707 διορθώσει
1573 2670 1829 2706 καθυποὸάλλομεν.

1042 2715 1125 2742 Ὅθεν
1137 2716 1231 2751 ἐπειδή
1251 2725 1323 2748 τινες
1339 2717 1407 2752 μετὰ
1419 2717 1468 2752 τὴν
1483 2717 1590 2753 ἡμέραν
1601 2717 1651 2753 τῆς
1665 2717 1746 2751 ἁγίας
1758 2718 1830 2752 Χρι-

1040 2760 1105 2787 στοῦ
1120 2761 1167 2788 τοῦ
1178 2761 1247 2788 Θεοῦ
1260 2762 1338 2797 ἡμῶν
1356 2763 1509 2798 γεννήσεως
1523 2763 1676 2790 δείκνυνται
1689 2762 1831 2798 σεμίδαλιν

1039 2806 1161 2840 ἕψοντες,
1177 2806 1224 2833 καὶ
1238 2807 1340 2842 ταύτης
1355 2807 1479 2842 ἀλλήλοις
1493 2807 1678 2842 μεταδιδόντες
1690 2807 1830 2843 προφάσει

1038 2853 1119 2889 τιμῆς
1131 2853 1212 2889 δῆθεν
1229 2853 1340 2888 λοχείων
1356 2853 1407 2889 τῆς
1419 2853 1553 2888 ἀχράντου
1569 2853 1826 2889 Παρθενομὴτορος,
