1954 3080
97 155 142 186 633
154 166 156 168 τ

518 157 716 188 SYNTAGMA
731 153 914 187 CANONUM
933 168 968 174 —
979 155 1054 186 ΤΙΤ,
1079 155 1129 192 Vl,
1156 155 1235 185 CAP.
1251 154 1333 184 I-VI.

1663 148 1716 182 634

97 209 215 244 ὁρίζομεν
232 209 317 244 μηδὲν
334 210 456 238 τοιοῦτον
472 211 524 238 ὑπὸ
534 212 589 239 τῶν
605 213 709 239 πιστῶν
720 212 867 239 τελείσθαι·

926 211 1034 245 pollutae
1048 210 1162 245 virginis
1177 210 1281 242 nlatris,
1302 209 1461 239 statuimus.
1475 211 1506 234 ut
1526 206 1655 241 deinceps
1671 206 1715 232 ni-

97 255 124 281 οὑ
137 254 189 289 γὰρ
202 254 268 290 τιμή
282 263 314 288 γε
325 255 407 282 τοῦτο
418 256 451 292 τῇ
465 256 605 292 Παρθένῳ,
621 259 654 293 τῇ
670 258 740 293 ὑπὲρ
752 257 816 285 νοῦν
827 257 873 284 καὶ

97 299 169 333 λόγον
185 299 230 326 τὸν
246 300 389 335 ἀχώρητον
404 301 522 337 τεκούσῃ
536 302 625 337 Λόγον
651 303 744 338 σαρκὶ,
768 304 801 329 ὲκ
818 303 874 329 τῶν

97 344 187 372 κοινῶν
199 354 227 372 τε
243 346 290 372 καὶ⁵
303 346 365 373 καθ’
378 348 461 382 ἡμᾶς,
478 348 512 375 τὰ
531 348 602 375 κατὰ
615 348 661 375 τὸν
673 349 812 384 ἄφραστον
826 349 875 375 αὐο

96 392 142 426 τῆς
154 392 230 419 τόκον
253 393 355 428 ὁρίζειν
373 394 555 430 ὑπογράφειν.
572 395 605 422 Et
623 404 666 427 τις
682 393 729 422 οὖν
751 395 805 422 ἀπὸ
825 395 873 422 τοῦ

96 436 139 464 νῦν
152 438 278 472 πράττων
297 439 418 466 τοιοῦτον
438 441 596 476 φωραθείη,
620 442 645 468 εί
670 442 720 476 μὲν
743 441 872 477 κληρικδς

96 483 134 518 είη
147 484 328 520 καθαιρείσθω
337 493 345 501 ·
363 487 387 512 εί
397 487 425 513 δὲ
439 487 542 520 λαῑκὺς,
554 487 738 523 ἀφοριζέσθω.

125 614 176 648 ιι,,θ¹⁸
193 616 248 643 Καὶ
261 616 339 644 τοῦτο
353 617 381 644 δὲ
395 618 425 645 ἐν
441 620 474 655 τῇ
487 619 641 655 ’Λρμενίων
652 621 730 657 χώρᾳ
747 621 871 656 γίνεσθαι

95 661 298 697 μεμαθήκαμεν,
313 662 352 695 ὥς
366 673 439 696 τινες
459 665 532 694 ἔνδον
554 668 583 693 ὲν
603 668 659 700 τοῖς
676 668 757 703 lepor;
776 667 871 695 θυσια-

93 707 209 742 στηρίοις
222 708 289 744 μέλη
303 709 393 744 κρεῶν
419 710 541 745 ἕψοντες,
557 713 741 747 προσάγουσιν
755 713 871 748 ἀφαιρέ-

93 760 162 787 ματα
183 755 240 785 τοῖς
264 755 382 789 ἱερεῦσιν
406 757 561 790 Ἰουδαϊκῶς
576 759 772 794 ἀπονέμοντες.
789 760 871 788 Ὅθεν

92 798 167 833 ἡμεῖς
188 800 220 826 τὸ
244 801 294 836 τῆς
315 802 463 838 ἐκκλησίας
489 804 669 838 φυλάττοντες
692 805 868 841 ἀκηλίδωτον,

90 844 223 880 ὁρίζομεν,
247 847 285 882 μὴ
303 847 403 880 ἐξεῖναί
426 858 479 876 τινι
495 850 550 876 τῶν
572 851 668 886 ἱερέων
690 851 870 886 ἀφωρισμένα

924 256 963 284 hil
980 257 1034 285 tale
1045 257 1094 284 [lat
1116 264 1132 284 a
1147 257 1282 284 ﬁdelibus.
1304 255 1398 290 Neque
1416 255 1489 282 enim
1507 254 1558 281 hoc
1573 253 1660 280 honor
1672 255 1715 279 est

923 301 1048 338 virginis,
1063 310 1125 337 quae
1139 309 1223 337 supra
1247 306 1365 335 mentem
1391 305 1419 328 et
1443 306 1609 331 sermonem,
1639 298 1712 332 quod

924 348 1118 382 comprehendi
1138 356 1193 375 non
1212 352 1302 382 potest
1316 347 1429 374 verbum
1446 345 1551 381 peperit
1564 351 1657 375 carne,
1677 351 1712 370 ex

923 395 1114 422 communibus
1126 400 1153 422 et
1179 395 1214 422 iis
1229 402 1291 429 quae
1310 394 1337 420 in
1352 393 1429 428 171
1448 391 1526 419 nobis
1545 391 1624 423 liunt,
1636 389 1712 422 fine-

923 440 1089 467 narrabilem
1109 440 1169 474 ejus
1193 444 1299 474 partum
1330 439 1456 472 deﬁnire,
1487 437 1589 469 metiri,
1607 443 1641 463 ac
1663 435 1711 462 de-

923 486 1053 513 scribere.
1066 486 1094 513 Si
1111 485 1173 521 quis
1191 494 1256 519 ergo
1271 485 1399 520 deinceps
1420 485 1472 512 hoc
1493 483 1585 511 facere
1603 489 1712 517 aggres-

923 539 971 559 sus
988 531 1079 564 l‘uerit,
1102 531 1125 559 si
1140 532 1175 559 sit
1198 531 1308 567 quidem
1339 531 1467 563 clericus,
1486 529 1660 564 deponatur:
1686 526 1710 555 si

921 584 987 603 vero
1005 577 1102 610 laicus,
1122 581 1290 612 segregetur.

956 621 1001 649 99.
1014 622 1099 650 Porro
1114 622 1167 649 hoc
1192 629 1302 657 quoque
1331 621 1359 649 in
1375 621 1570 649 Armeniorum
1596 619 1710 654 regione

922 668 979 695 lleri
994 668 1150 700 didicimus,
1166 668 1239 703 quod
1252 668 1363 702 quidam
1382 668 1456 694 intus
1475 667 1501 693 in
1520 666 1606 693 sacris
1641 664 1711 691 alta-

922 712 998 740 ribus
1011 713 1135 740 carnium
1162 712 1283 739 membra
1306 716 1454 746 coquentes
1466 711 1567 738 frustra
1597 709 1710 736 oll‘erent

921 758 1113 786 sacerdotibus
1125 757 1239 785 Judaice
1249 758 1453 785 distribuentes.
1468 755 1600 790 Quocirca
1615 754 1710 781 Eccle-

921 804 990 832 siam
1006 804 1208 831 immaculatam
1224 808 1374 837 servantes,
1404 803 1552 831 statuimus
1579 800 1645 828 nulli
1677 799 1710 827 li-

919 857 982 878 cere
995 849 1129 878 sacerdoti
1143 853 1266 884 separata
1278 849 1400 876 carnium
1415 848 1534 876 membra
1545 847 1578 874 ab
1593 845 1710 873 offereno

90 890 174 925 κρεῶν
187 892 257 928 μέλη
272 895 348 930 παρὰ
360 895 415 922 τῶν
429 897 621 932 προσαγόντων
635 897 796 932 λαμϐάνειν,
811 897 867 924 ἀλλ’

925 896 993 923 tibus
1006 896 1143 930 accipere;
1158 896 1191 923 iis
1204 896 1259 923 sint
1277 895 1409 925 contenti.
1432 901 1493 929 qua:
1511 893 1635 920 olTerenti
1650 892 1709 918 visa

88 932 127 967 οἷς
140 937 242 973 ἀρεσθῇ
258 939 273 965 δ
289 940 445 975 προσάγων,
470 941 577 974 τούτοις
597 943 795 978 ἀρκείσθωσαν,
817 943 870 976 ἔξω

87 981 134 1016 τῆς
147 983 295 1018 ἐκκλησίας
309 985 360 1020 τῆς
374 986 503 1023 τοιαύτης
517 989 665 1023 γινομένης
674 990 867 1025 προσαγωγῆς

86 1027 109 1053 εἰ
122 1027 148 1054 δέ
159 1037 201 1060 τις
218 1029 255 1065 μὴ
269 1030 349 1057 τοῦτο
363 1031 434 1059 οὔτω
448 1035 524 1069 ποιῇ,
545 1034 727 1070 ἀφοριζέσθω.

102 1074 254 1107 Κυρίλλου
283 1075 318 1102 ἐκ
346 1076 402 1110 τῆς
420 1079 514 1148 κθέρὸςὲ³
532 1080 648 1114 Δόμνον
683 1080 850 1116 ἐπιστολῆς

455 1122 483 1147 φ.
515 1117 532 1141 ’.

455 1122 483 1147 φ.
499 1117 532 1147 μ’.

117 1153 157 1180 Τά
170 1154 200 1181 δὲ
217 1155 317 1188 ἀδίκως
328 1156 476 1193 ληφθέντα,
492 1168 520 1187 κ.
536 1168 561 1188 τ.
578 1160 603 1187 λ.

120 1245 152 1290 ᾟ
167 1246 209 1281 λη’
226 1246 346 1280 διάταξις
361 1249 408 1276 τοῦ
422 1250 447 1284 γ’
458 1250 510 1278 τίτ.
524 1251 571 1278 τοῦ
588 1255 613 1279 α’
633 1252 702 1287 βιὸλ,
720 1255 813 1290 φησιν,
826 1255 868 1282 ὅτι

80 1289 110 1316 οὐ
127 1289 169 1317 δεῖ
179 1292 246 1323 τοὺς
261 1293 429 1326 ἐπισκόπους
448 1295 464 1330 ἥ
480 1296 544 1328 τοὺς
565 1297 723 1333 κληρικοὺς,
743 1301 867 1333 ἀναγκά-

80 1335 134 1367 ζειν
146 1338 228 1369 τινάς
240 1339 435 1374 καρποφορεῖν,
458 1340 474 1376 ἢ
498 1341 648 1378 ἀγγαρείας
665 1344 776 1378 διδόναι,
792 1345 809 1380 ἢ
823 1346 868 1373 διὰ

77 1381 160 1409 ταῦτα
173 1384 329 1420 ἀφορίζειν,
346 1386 362 1421 ἢ
375 1386 597 1423 ἀναθεματίζειν,
614 1388 631 1423 ἢ
643 1389 681 1424 μὴ
696 1390 795 1418 διδόναι
808 1400 867 1418 κοι-

79 1428 186 1462 νωνίαν,
206 1429 225 1465 ἢ
248 1431 286 1465 μὴ
305 1430 459 1466 βαπτίζειν,
481 1433 528 1460 καὶ
543 1433 604 1465 ἔθος
624 1435 762 1471 ἐκράτησε
778 1437 866 1464 τοιοῦ-

78 1481 132 1501 τον.
141 1473 171 1501 '0
184 1475 213 1502 δὲ
230 1476 420 1512 παραϐαίνων,
439 1478 567 1506 ἐκπίπτει
580 1480 630 1515 τῆς
643 1481 807 1517 Ἐκκλησίας
819 1483 867 1510 καὶ

78 1519 126 1553 τῆς
156 1519 319 1556 διοικήσεως
345 1522 441 1558 αὐτῆς.
469 1524 516 1551 καὶ
542 1525 635 1552 δίδωσι
665 1526 732 1553 δέκα
760 1527 864 1562 λίτρας.

80 1563 173 1597 Ταῦτα
186 1566 216 1594 δὲ
233 1571 331 1602 κρατεῖ
343 1570 372 1595 ἐν
386 1570 454 1606 μόνῃ
469 1572 502 1607 τῇ
519 1570 697 1608 βασιλευούσῃ
713 1573 759 1600 καὶ
772 1574 805 1609 τῇ
821 1574 866 1600 ἐν-
878 1568 900 1599 C

78 1612 138 1647 ορίᾳ
156 1614 256 1649 αὐτῆς,
273 1615 320 1641 καὶ
345 1617 399 1648 τοῖς
420 1617 552 1651 ἀνήκουσι
568 1618 661 1650 τόποις
676 1619 732 1650 τοῖς
752 1620 804 1646 ὑπὸ
819 1619 865 1646 τοῦ

79 1657 252 1694 πατριάρχου
267 1661 515 1696 χειροτονουμένοις
532 1663 742 1698 μητροπολίταις
752 1684 759 1695 ,
781 1665 799 1700 ἢ
812 1666 867 1697 τοῖς

77 1701 106 1733 ιξ
131 1703 248 1731 ἐκείνων
278 1705 433 1740 γινομένοις
463 1707 640 1740 ἐπισκόποις·
665 1709 804 1743 ἀνάγνωθι
833 1710 869 1737 τὰ

77 1751 339 1785 παραγεγραμμένα
354 1752 384 1778 ὲν
405 1751 444 1787 τῷ
456 1755 481 1779 α’
499 1761 561 1787 κεφ.
581 1753 628 1780 τοῦ
646 1754 669 1788 β’
693 1754 747 1784 τίτ.
770 1755 867 1783 τούτου

75 1793 122 1820 τοῦ
137 1796 333 1831 συντάγματος
358 1798 423 1833 περὶ
445 1799 619 1834 προσφορῶν,
635 1800 682 1826 καὶ
696 1800 751 1827 τῶν
763 1801 867 1836 δωρου-

77 1840 166 1874 μένων
179 1842 196 1877 ἢ
215 1842 503 1880 καταλιμπανομένων
517 1845 644 1881 εὐαγέσιν
657 1848 751 1879 οἴκοις.

109 1930 239 1958 ΚΕΦΑΛ.
258 1932 295 1959 B'.
309 1947 345 1954 --
359 1933 447 1967 Τίνας
463 1933 511 1960 δεῖ
523 1933 689 1969 ,λαμϐάνειν
712 1934 731 1970 ἢ
753 1935 869 1962 διδόναι

73 1978 299 2011 καρποφορίαν,
316 1979 366 2005 καί
391 1979 459 2013 περὶ
485 1979 545 2007 τῶν
569 1981 783 2015 λαμϐανόντων
808 1981 869 2008 ἀπὸ

71 2021 248 2056 ἐκκλησίας
269 2024 365 2057 κηρὸν
378 2024 396 2058 ἢ
416 2025 529 2053 ἔλαιον.

288 2070 477 2098 Ἀποστόλων
491 2071 593 2099 κανὼν
608 2072 658 2108 οβ’.

104 2114 156 2149 οβ’.
175 2115 213 2142 Εἴ
224 2125 268 2148 τις
286 2116 418 2152 κληρικδς
431 2117 448 2153 ἢ
462 2118 564 2152 λα’ίκὺς,
577 2119 632 2147 ἀπὸ
645 2119 696 2155 τῆς
718 2120 798 2154 ἀγὶας
823 2121 870 2147 ὲκ-

69 2159 188 2196 κλησίας
204 2162 346 2197 ἀφέληται
359 2163 444 2198 κηρὸν
457 2163 474 2199 ἦ
490 2163 592 2196 ἔλαιον,
619 2165 807 2200 ἀφοριζέσοω,
821 2167 869 2193 καὶ

69 2205 99 2232 τὺ
114 2207 301 2243 ἐπίπεμπτον
316 2208 484 2244 προπιθέτω
500 2210 560 2244 μεθ’
574 2207 605 2237 οὗ
620 2211 727 2239 ἔλαϐεν.

214 2254 356 2281 Συνόὸου
370 2255 515 2290 Pan-p67
525 2256 627 2283 κανὼν
638 2257 671 2290 ζ’,
687 2257 723 2293 η’.

103 2298 138 2329 ζ’.
161 2299 201 2328 Εἴ
230 2307 278 2330 τις
307 2301 496 2335 καρποφορίας
511 2302 758 2338 Ιὲκκλησιαστικάς
780 2303 866 2332 ἐθέλοι

66 2341 237 2379 λαμϐάνειν,
256 2345 274 2381 ἢ
289 2345 388 2372 διδόναι
399 2345 452 2379 ἔξω
464 2347 514 2382 τῆς
527 2348 680 2383 ἐκκλησίας
695 2349 771 2384 παρὰ
793 2350 866 2384 γνώ-

67 2397 121 2424 μην
149 2390 201 2417 τοῦ
235 2390 401 2424 ἐπισκόπου,
432 2391 448 2426 ἢ
479 2392 527 2419 τοῦ
556 2394 799 2430 ὲγκεχειρισμένου
832 2396 866 2423 τὰ

62 2434 192 2467 τοιαῦτα,
211 2437 265 2462 καὶ
290 2435 328 2471 μὴ
346 2436 416 2470 μετά
433 2436 544 2473 γνώμης
559 2439 642 2465 αὑτοῦ
669 2440 757 2467 ἐθέλοι
777 2442 867 2476 πράτ-

62 2488 132 2514 τειν,
150 2481 288 2516 ἀνάθεμα
303 2483 384 2510 ἔστω.

96 2531 136 2562 η’.
165 2529 203 2555 Εἴ
225 2537 273 2560 τις
290 2528 358 2556 διδοί
381 2530 398 2565 ἢ
421 2530 556 2566 λαμϐάνει
578 2534 770 2568 καρποφορίαν
796 2543 867 2570 παρ-

61 2575 142 2607 εκτὸς
157 2575 210 2603 τοῦ
231 2576 398 2611 ἐπισκόπου,
413 2577 430 2610 ἢ
445 2578 492 2604 τοῦ
509 2579 725 2614 ἐπιτεταγμένον
739 2581 780 2612 εἰς
794 2581 867 2609 οἰκο-

60 2621 163 2656 νομίαν
179 2622 326 2655 εὐποιίας,
342 2623 390 2650 καὶ
405 2624 419 2650 ὁ
432 2622 519 2655 διδοὺς
538 2625 586 2651 καὶ
600 2626 614 2652 ό
630 2625 779 2661 λαμϐάνων
796 2627 863 2654 ἀνά-

60 2666 134 2702 θεμα
149 2667 241 2695 ἔστω.

113 2714 280 2749 Θεοφίλου
290 2714 324 2741 ἐκ
339 2715 392 2742 τοῦ
407 2715 650 2750 ’Υπομνηστικοῦ
663 2717 765 2744 κανὼν
777 2717 810 2750 ζ’.

93 2758 129 2791 ζ’.
147 2760 194 2787 τὰ
208 2761 427 2796 προσφερόμενα
448 2761 489 2793 είς
511 2761 591 2796 λόγον
614 2762 728 2796 θυσίας,
747 2764 816 2798 μετά
832 2765 866 2793 τὰ

57 2805 281 2842 ἀναλισκόμενα
303 2807 342 2838 εἰς
366 2807 415 2842 τὴν
439 2807 495 2835 τῶν
521 2808 679 2844 μυστηρίων
708 2810 814 2845 χρείαν,
839 2812 864 2837 oi

57 2851 191 2888 κληρικοὶ
208 2852 438 2887 διανεμέσθωσαν
448 2862 456 2870 ·
470 2854 516 2883 καὶ
534 2855 602 2891 μήτε
619 2855 821 2892 κατηχούμενος
834 2858 865 2884 ὲκ

924 941 1034 974 fuerint,
1049 941 1183 976 ejusmodi
1209 941 1345 968 oblatione
1360 940 1430 968 facta
1447 945 1523 967 extra
1554 937 1707 966 ecclesiam.

923 986 952 1014 Si
967 987 1029 1022 quis
1042 992 1133 1014 autem
1144 987 1196 1015 hoc
1207 995 1260 1014 non
1275 986 1379 1019 fecerit,
1397 991 1565 1021 scgregelur.

1009 1075 1105 1111 Cyrilli
1116 1082 1149 1102 ex
1164 1074 1277 1110 eﬁstola
1299 1074 1334 1101 ad
1363 1073 1494 1101 Damnum
1510 1080 1570 1107 cap.
1586 1072 1615 1099 2.

957 1166 1104 1193 Pecuniam
1132 1169 1224 1192 autem
1246 1171 1308 1199 qua:
1326 1171 1374 1198 per
1391 1163 1520 1198 injuriam
1548 1161 1602 1198 ipsi
1617 1165 1707 1196 erepta

920 1217 972 1244 est,
986 1217 1051 1245 etc.,
1067 1215 1096 1238 ul
1109 1218 1171 1245 pag.
1188 1209 1250 1238 579.

955 1258 1050 1285 Const.
1074 1256 1118 1290 58,
1137 1257 1179 1284 tit.
1196 1256 1223 1289 3,
1240 1255 1287 1283 lib.
1309 1255 1406 1286 Lcod.
1421 1255 1468 1287 ait,
1484 1253 1555 1289 quod
1571 1261 1624 1280 non
1643 1260 1708 1281 con-

919 1305 1013 1332 veniat
1036 1304 1181 1338 episcopos
1202 1307 1249 1330 aut
1273 1302 1390 1330 clericos
1409 1308 1506 1335 cogere
1530 1301 1649 1335 aliquos,
1679 1304 1709 1326 ut

920 1349 1028 1378 fructus
1051 1348 1178 1382 offerant,
1206 1351 1253 1375 aut
1274 1347 1400 1382 angarias
1423 1351 1562 1382 praestent,
1578 1347 1620 1373 vel
1646 1354 1708 1381 pro-

919 1400 1014 1431 pterea
1029 1393 1280 1425 excommunicare.
1301 1393 1344 1421 vel
1358 1393 1532 1420 anathemate
1555 1392 1646 1424 ferire,
1664 1393 1707 1419 vel

920 1440 1101 1469 Eucharistiaa
1118 1443 1323 1467 sacramentum
1342 1446 1394 1466 non
1413 1438 1562 1473 porrigere,
1588 1438 1631 1465 vel
1654 1445 1706 1465 non

920 1487 1079 1522 baptizare,
1109 1486 1217 1514 tametsi
1250 1485 1448 1513 consuetudine
1478 1485 1504 1511 id
1549 1483 1706 1511 invaluerit.

920 1533 1165 1568 Transgressorem
1180 1536 1271 1559 autem
1290 1531 1324 1559 ab
1338 1531 1469 1562 Ecclesia,
1483 1531 1597 1565 ejusque
1619 1530 1708 1558 admi.

918 1578 1078 1606 nistratione
1101 1577 1227 1606 excidere
1258 1584 1291 1605 ac
1305 1578 1399 1605 decem
1418 1577 1503 1604 libras
1519 1577 1593 1605 dare.
1619 1577 1708 1612 Atque

918 1624 975 1652 haec
989 1624 1099 1659 quidem
1115 1624 1142 1651 in
1156 1624 1214 1651 sola
1234 1623 1306 1659 regia
1322 1623 1408 1659 [urbe]
1424 1623 1538 1658 ejusque
1556 1623 1705 1655 territorio,

918 1674 946 1697 et
968 1670 1037 1697 locis
1061 1674 1109 1697 aut
1128 1669 1161 1697 ad
1194 1670 1420 1704 metropolitanos
1437 1669 1485 1704 qui
1513 1677 1528 1696 a
1552 1668 1706 1703 patriarcha

918 1716 1091 1748 ordinantur,
1106 1720 1154 1743 aut
1169 1715 1203 1743 ad
1219 1715 1365 1750 episcopos
1385 1715 1434 1750 qui
1457 1715 1492 1743 ab
1510 1715 1584 1743 hisce
1600 1714 1709 1750 [metro-

918 1761 1054 1798 politanis]
1081 1767 1228 1795 creantur,
1259 1762 1462 1798 pertinentibus
1477 1762 1609 1790 obtinere.
1638 1760 1710 1796 Lege

919 1815 980 1844 qua
1001 1811 1133 1837 annotata
1150 1812 1215 1836 sunt
1229 1808 1257 1835 in
1274 1815 1336 1843 cap.
1359 1807 1385 1840 1,
1403 1808 1446 1836 tit.
1461 1808 1490 1840 2,
1511 1807 1593 1843 hujus
1608 1807 1706 1842 operis,

919 1853 952 1881 de
964 1853 1164 1885 oblationibus,
1180 1858 1207 1881 et
1234 1854 1267 1881 iis
1292 1861 1354 1888 qua:
1382 1853 1519 1881 donantur
1545 1858 1592 1880 ant
1624 1852 1708 1880 relin-

919 1903 1039 1933 quuntur
1058 1898 1262 1927 venerabilibus
1284 1898 1422 1926 domibus.

956 1944 1036 1979 172
1066 1944 1142 1972 CAP.
1161 1944 1205 1971 Vl.
1220 1943 1355 1976 Quasnam
1383 1948 1502 1978 oporteat
1527 1943 1645 1977 accipere
1669 1942 1707 1969 vel

919 1990 983 2016 dare
996 1989 1132 2024 Iructuum
1149 1989 1306 2021 oblationes,
1317 1993 1343 2016 et
1357 1988 1389 2016 de
1401 1987 1566 2016 tumentibus
1582 1995 1614 2016 ea:
1626 1987 1709 2014 cccle-

919 2036 960 2062 n'a
979 2043 1067 2062 ceram
1080 2040 1128 2062 ant
1142 2035 1239 2062 oleum.

1151 2080 1336 2115 Apostolorum
1350 2087 1435 2106 canon
1449 2079 1493 2107 72.

921 2132 935 2146 ιν
954 2127 989 2154 ’12
1011 2126 1079 2163 [7|].
1105 2125 1135 2154 Si
1159 2127 1222 2162 quis
1247 2125 1374 2157 clericus,
1396 2125 1437 2152 vel
1463 2125 1548 2152 laicus
1573 2132 1588 2152 a
1614 2128 1708 2152 sanrta

918 2172 1032 2200 ecclesia
1043 2180 1131 2200 ceram
1144 2176 1191 2200 aut
1204 2172 1293 2200 oleum
1309 2171 1426 2203 auferat,
1436 2175 1603 2206 scgregetur,
1613 2176 1638 2197 et
1648 2171 1709 2205 ejus

883 2237 905 2265 Β
919 2219 993 2254 quod
1006 2219 1120 2265 diripuit
1134 2218 1308 2265 quint—aplum
1323 2217 1429 2245 reddat.

1069 2263 1184 2291 Concilii
1199 2263 1347 2298 Gangrense
1365 2271 1475 2290 canones
1488 2263 1513 2295 7,
1527 2261 1553 2290 8.

953 2309 979 2337 7.
1012 2309 1041 2337 Si
1074 2310 1137 2345 quis
1164 2309 1222 2336 vult
1237 2309 1343 2336 fructus
1367 2308 1491 2336 ecclesiae
1511 2308 1618 2336 oblatos
1633 2308 1707 2336 acci-

921 2363 996 2390 pere,
1026 2355 1068 2382 vel
1085 2355 1150 2382 dare
1184 2359 1263 2382 extra
1293 2353 1454 2385 Ecclesium,
1474 2358 1572 2388 praeter
1587 2354 1697 2388 episcop

917 2402 1090 2434 sententiam,
1108 2401 1151 2429 vel
1177 2401 1238 2436 ejus
1263 2401 1310 2436 qui
1327 2407 1394 2428 cura
1428 2407 1523 2427 eorum
1541 2400 1640 2428 tradita
1662 2405 1707 2428 est

916 2452 944 2475 et
957 2455 1011 2476 non
1039 2455 1102 2476 cum
1129 2447 1189 2483 ejus
1203 2447 1338 2475 sententia
1351 2453 1383 2474 ea
1399 2446 1464 2474 velit
1478 2453 1570 2481 agere,
1587 2447 1623 2475 sit
1636 2454 1706 2475 ana-

918 2493 1019 2521 thema.

952 2539 980 2567 8.
1006 2539 1036 2566 Si
1062 2539 1126 2575 quis
1154 2539 1213 2572 dat,
1224 2541 1267 2568 vel
1286 2541 1386 2576 accipit
1397 2541 1504 2569 fructus
1517 2541 1624 2569 oblatos
1638 2547 1709 2575 pra:-

917 2590 959 2613 ter
971 2585 1140 2620 episcopum,
1153 2586 1195 2614 vel
1207 2594 1269 2614 eum
1281 2587 1326 2622 qui
1338 2592 1380 2615 est
1393 2588 1559 2616 constitutus
1575 2587 1609 2614 ad
1623 2586 1707 2613 bene-

918 2630 1033 2658 ﬁcentiaa
1053 2630 1298 2666 dispensationem,
1310 2637 1338 2660 et
1351 2633 1397 2668 qui
1408 2634 1465 2666 dat,
1494 2638 1521 2661 et
1534 2632 1582 2667 qui
1595 2631 1706 2666 accipit,

917 2677 955 2704 sit
981 2677 1138 2704 anathema.

1045 2722 1181 2758 Theophili
1196 2731 1228 2751 ea:
1243 2724 1442 2752 commonitorio
1459 2733 1544 2752 canon
1555 2725 1583 2752 7.

952 2768 979 2795 7.
997 2767 1064 2802 Quae
1087 2769 1116 2796 in
1138 2770 1267 2797 sacriﬁcii
1299 2771 1432 2798 rationem
1456 2771 1628 2801 oil‘eruntnn
1645 2772 1707 2804 post

917 2821 949 2842 ea
960 2822 1020 2849 quae
1036 2813 1065 2842 in
1077 2816 1269 2850 mysteriorum
1286 2824 1366 2844 nsum
1383 2820 1592 2848 consumuntur,
1610 2815 1702 2843 clerici

917 2859 1059 2894 dividant,
1081 2865 1107 2888 et
1124 2869 1174 2889 nec
1188 2861 1403 2890 catechumenos
1418 2869 1452 2890 ex
1472 2861 1505 2890 iis
1519 2861 1644 2889 comedat
1659 2861 1701 2889 vel
