1954 3080
235 137 288 169 635

797 142 895 173 PHOT
900 143 928 173 II
946 143 1198 175 PATHIARCHIE
1217 143 1272 175 ΟΡ.

1800 145 1850 176 636

233 193 325 227 bibat.
339 195 383 223 vel
397 196 485 224 solum
498 197 602 231 clerici,
617 203 645 225 et
655 197 702 233 qui
713 205 776 226 cum
790 199 830 226 eis
848 204 914 226 sunt
929 199 1020 227 ﬁdeles

1092 198 1173 225 261m
1190 198 1303 226 ἐσθιέτω
1317 198 1333 233 ἢ
1348 199 1461 232 πινέτω,
1476 198 1546 226 ἀλλὰ
1566 198 1667 233 μᾶλλον
1687 198 1713 225 οῑ
1730 197 1854 234 κληρικοὶ

235 239 345 268 lratres.

269 283 348 313 CAP.
368 285 410 314 Ill.
420 287 460 314 De
471 288 642 322 offerentibus
653 289 756 324 aliquid
771 291 910 326 synagogis
923 291 1024 319 ειυάαί-

235 329 272 355 cis
288 333 335 356 aut
347 330 418 365 fanis
428 333 603 362 ethnicorum.

450 379 638 413 Apostolorum
650 388 733 407 canon
756 381 786 408 7i
794 401 800 408 .

271 424 315 452 7|.
338 424 408 460 [70.]
423 424 450 452 Si
467 425 528 459 quis
541 425 719 457 Christianus,
739 430 805 460 etc.,
820 432 849 453 ut
861 436 921 463 pag.
936 428 997 455 170.

272 469 369 497 Const.
391 471 417 503 l.
435 470 476 497 tit.
503 470 530 502 9,
549 469 598 497 lib.
619 470 643 500 l.
658 470 720 498 cod.
737 471 815 506 173
834 473 881 504 ait,
897 473 970 508 quod
987 474 1028 501 le-

237 519 316 549 gatur
332 515 504 542 universitati
531 513 699 547 Iudaeorum,
718 523 771 542 non
792 516 856 550 peti.
880 516 913 543 Et
936 523 1024 545 eonst.

237 560 264 591 9,
281 560 322 587 tit.
344 560 386 592 ll,
401 559 524 593 ejusdem
548 559 595 586 lib.
612 559 685 594 quod
711 560 735 586 si
760 561 826 595 quid
842 560 959 589 donetur
977 567 1026 590 aut

237 604 409 639 relinquatur
425 605 459 632 ad
480 603 702 632 constituendum
724 605 922 640 paganismum,
940 607 967 634 id
983 608 1024 635 ci-

237 649 307 677 vitas
324 649 423 685 capiat.

1074 245 1121 270 ml.
1137 245 1162 270 οι
1179 244 1227 271 σὺν
1244 245 1335 276 αὐτοῖς
1349 245 1441 272 πιστοὶ
1455 245 1575 279 ἀδελφοί.

1109 290 1235 317 ΚΕΦΑΛ.
1253 290 1290 318 Γ’,
1305 305 1340 311 --
1352 291 1424 325 Περὶ
1451 290 1512 318 τῶν
1537 291 1770 325 προσφερόντων
1783 298 1857 318 συν-

1072 335 1200 369 αγωγαῖς
1215 335 1234 370 ἢ
1250 336 1339 369 Ιεροῐς
1352 335 1459 363 ἐθνῶν.

1282 382 1475 410 Ἀποστόλων
1485 381 1588 410 κανὼν
1602 385 1651 409 oa’.

1110 428 1161 452 oa’.
1173 426 1208 452 Εῐ
1219 435 1260 458 τις
1277 427 1439 461 Χριστιανὸς
1458 427 1558 460 ἔλαιον,
1574 436 1602 455 κ.
1622 436 1648 455 τ.
1665 427 1690 455 λ.

1117 470 1149 497 Ἡ
1165 474 1188 497 a.’
1204 471 1325 503 διάταξις
1349 472 1396 499 τοῦ
1421 472 1443 499 θ’
1465 473 1518 500 τιτ.
1535 473 1581 500 τοῦ
1597 472 1622 500 α’
1637 473 1708 508 βιϐλ.
1724 472 1772 500 τοῦ
1794 472 1858 499 κὼδ.

1075 516 1167 551 φησὶν,
1182 517 1223 543 ὅτι
1244 517 1274 543 τὸ
1297 519 1329 552 τῇ
1352 511 1431 552 ὀμάδι
1449 519 1503 545 τῶν
1522 519 1655 546 Ἰουδαίων
1676 519 1859 554 ληγατευόμε-

1073 568 1129 592 νον,
1145 560 1195 586 οὐκ
1210 561 1384 588 damnetur
1408 563 1456 589 καὶ
1475 564 1491 598 ἡ
1505 562 1527 589 θ’
1544 563 1613 590 διάτ.
1631 562 1678 589 τοῦ
1695 566 1727 589 ια’
1742 563 1794 589 τιτ.
1812 562 1857 589 τοῦ

1073 605 1155 632 αὑτοῦ
1172 605 1256 640 βιὸλ.,
1275 607 1315 634 ὅτι
1336 608 1384 634 ἐάν
1408 617 1435 635 τι
1456 608 1564 644 δωρηθῇ
1591 608 1789 644 ῆκαταλειφοῇ
1811 607 1858 634 ἐπὶ

1073 651 1200 678 συστάσει
1220 651 1412 688 Ἑλληνισμοῦ,
1431 655 1448 689 ὴ
1463 653 1539 685 πόλις
1551 653 1617 680 αὐτὸ
1630 653 1772 689 λαμὸάνει.

241 756 1848 771 _____________________________.

920 836 1121 880 ΤΙΤΛΟΣ
1157 839 1209 880 Ζ’.

239 935 317 963 ΠΕΡΙ
336 936 517 971 ΝΗΣΤΕΙΑΣ,
538 937 596 964 ΚΑΙ
617 937 685 973 Tim
703 937 1003 969 ΤΕΣΣᾹΡΑΚΟΣΊἫΣ,
1025 939 1084 965 ΚΑΙ
1100 939 1168 966 ΤΟΥ
1185 940 1312 971 ΠΑΣΧΑ.
1332 941 1392 968 ΚΑΙ
1419 941 1487 967 ΤΗΣ
1511 940 1781 973 ΠΕΝΤΗΚΟΣΤΗΣ,
1800 939 1862 966 ΚΑΙ

597 971 785 1006 ΚΥΡΙΑΚΗΣ,
803 974 863 1001 ΚΑΙ
878 973 1067 1006 ΣΔΒΒΑΤΟΥ,
1091 975 1151 1001 ΚΑΙ
1168 975 1249 1002 ΠΕΡΙ
1266 975 1505 1004 ΓΟΝΥΚΔΙΣΙΔΣ.

877 1140 1108 1180 TlTULUS
1145 1141 1238 1181 VII.

237 1223 282 1250 DE
299 1223 445 1258 JEJUNIO,
466 1224 509 1252 ET
540 1225 822 1259 QUADRAGESIMA,
850 1225 894 1252 ET
915 1225 1108 1256 PASCllATE,
1138 1225 1183 1252 ET
1211 1223 1447 1258 PENTECOSTE,
1467 1224 1513 1253 ET
1543 1224 1588 1253 DE
1606 1223 1662 1253 DIE
1687 1224 1862 1255 DOMINICA.

711 1261 755 1288 ET
774 1260 943 1293 SABBATO,
965 1261 1008 1288 ET
1028 1260 1174 1288 GENUUM
1200 1259 1381 1289 FLEXIONE.

273 1347 387 1376 CAPUT
406 1347 554 1377 PRIMUM.
569 1365 606 1370 —
621 1349 659 1377 De
675 1349 789 1385 jejunio,
814 1355 839 1378 et
861 1349 894 1377 de
912 1350 947 1377 iis
962 1358 1021 1385 qute

1109 1349 1306 1376 ΚΕΦΛΛΑῘΟΝ
1320 1348 1573 1382 ΠΡΩΤΟΝ-Περι
1584 1348 1726 1382 νηστείας
1743 1347 1792 1374 καὶ
1806 1347 1867 1374 τῶν

238 1397 360 1420 vetantur
374 1398 421 1420 aut
431 1395 621 1429 permittuntur
633 1394 661 1421 in
669 1394 772 1430 jejunio
785 1395 1022 1430 quadragesima“.

416 1482 599 1517 Apostolorum
617 1490 728 1510 canones
742 1481 787 1515 64,
803 1482 847 1510 69.

275 1527 311 1556 64
325 1527 394 1564 [65].
415 1527 443 1555 Si
461 1529 523 1563 quis
537 1528 653 1556 clericus
668 1529 795 1556 inventus
813 1527 895 1556 fuerit
911 1528 955 1556 die
973 1528 1026 1555 Do-

241 1575 343 1602 minico
367 1574 501 1610 jejunare,
528 1575 571 1602 vel
601 1575 734 1606 Sabbato.
762 1579 944 1610 praeterquam
971 1582 1025 1602 uno

242 1621 312 1652 solo,
326 1621 479 1655 deponatur
493 1629 500 1647 :
517 1621 559 1648 sin
574 1624 664 1647 autem
679 1620 775 1652 laicus,
794 1624 962 1655 segregetur.

277 1667 313 1695 69
328 1666 396 1703 [68].
427 1667 454 1694 Si
474 1667 537 1701 quis
558 1667 714 1701 episcopus,
744 1667 784 1693 vel
808 1667 960 1703 presbyter,
983 1667 1025 1695 vel

243 1714 384 1745 diaconus,
398 1713 441 1739 Vel
457 1713 639 1749 subdiaconus
662 1711 703 1738 vel
723 1711 806 1739 lector
822 1711 889 1748 (47),
901 1713 942 1740 vel
958 1720 1025 1740 can-

244 1763 287 1786 tor
302 1762 424 1786 sanctam
441 1757 552 1784 Pascha;
581 1757 816 1792 quadrngesimam
830 1764 885 1785 non
911 1758 1024 1793 iejunal,

242 1804 284 1831 vel
311 1808 438 1838 quartum
453 1804 536 1836 diem,
551 1803 592 1830 vel
608 1802 785 1836 Parasceven,
809 1809 988 1838 praeterquam
1003 1804 1026 1832 si

243 1853 354 1885 propter
376 1848 588 1876 imbecillitatem
602 1849 771 1884 corporalem
787 1849 960 1883 impediatur.
977 1848 1027 1877 de-

244 1900 360 1930 ponatur
376 1903 382 1921 :
397 1894 420 1922 si
437 1895 473 1922 sit
487 1898 576 1921 autem
589 1894 683 1928 laicus,
699 1899 865 1930 segregetur.

372 1940 485 1968 Concilii
503 1940 661 1976 Gangrcnsis
683 1949 795 1968 canones
819 1941 862 1975 l8,
879 1941 921 1968 l9.

278 1987 323 2014 18.
343 1986 371 2014 Si
390 1987 451 2022 quis
474 1991 585 2022 propter
600 1995 672 2021 eam,
686 1995 746 2022 quae
755 1987 936 2018 existimatur,
949 1994 1027 2014 exer-

244 2033 399 2061 citationem
415 2033 441 2060 in
454 2032 594 2061 Dominico
609 2032 722 2068 jejunet,
741 2034 777 2060 sit
796 2033 951 2060 anathema.

286 2078 365 2114 174
380 2079 423 2106 l9.
438 2078 466 2105 Si
480 2079 543 2113 quis
563 2086 658 2105 eorum
675 2079 722 2113 qui
746 2084 908 2105 exercontur
926 2078 1029 2113 absque

244 2124 377 2159 corporali
395 2125 556 2152 necessitate
571 2131 600 2151 se
615 2124 764 2151 insolenter
776 2127 862 2158 gerat,
881 2128 918 2150 'et
933 2124 1029 2151 tradita

243 2169 357 2204 jejunis,
385 2177 446 2204 quae
461 2169 646 2196 communiter
664 2171 809 2195 servantur
840 2167 874 2194 ab
890 2167 1024 2199 Ecclesia,

245 2215 387 2248 dissolvat,
409 2215 528 2250 perfecta
556 2215 584 2241 in
614 2221 648 2242 co
666 2213 803 2241 residente
840 2213 970 2246 ratione,
994 2214 1031 2241 sit

247 2263 404 2289 anathema.

318 2307 431 2334 Concilii
447 2306 589 2333 Laodiceni
607 2313 719 2332 canones
733 2305 778 2338 ιιι,
794 2305 838 2337 50,
854 2305 898 2338 5|,
916 2305 959 2332 5‘2.

282 2352 327 2379 ὅθ.
347 2351 423 2385 Quod
441 2359 494 2378 non
513 2355 620 2386 oportet
643 2351 671 2378 in
691 2350 902 2385 quadragesima
934 2358 1031 2385 panem

249 2396 357 2428 ctione,
371 2396 422 2424 nisi
438 2395 556 2423 Sabbato
572 2401 598 2423 et
612 2395 677 2423 solis
692 2395 852 2422 Dominicis.

285 2442 320 2470 50
351 2441 429 2475 Quod
442 2449 495 2469 non
511 2445 617 2476 oportet
630 2441 656 2468 in
670 2441 887 2476 quadragesima:
897 2445 1033 2475 postrema

250 2490 401 2525 soptimana
417 2489 523 2525 [quinta
541 2488 618 2524 feria]
630 2489 765 2524 jejunium
780 2488 895 2520 solvere,
907 2496 935 2516 et
948 2494 1033 2516 totam

250 2535 489 2571 quadragesimam
506 2535 605 2569 injuria
622 2534 750 2562 allicere:
767 2534 813 2562 sed
828 2538 936 2568 oportet
951 2540 1032 2562 totam

251 2581 487 2616 quadragesimum
502 2581 630 2616 jcjunare
645 2581 731 2608 aridis
745 2585 899 2607 vescentes.

286 2626 332 2653 5!.
351 2626 427 2659 Quod
444 2633 498 2653 non
520 2630 626 2660 oportet
648 2626 675 2652 in
696 2625 905 2660 quadragesima
932 2630 1035 2660 marty-

1076 1394 1288 1429 κεκωλυμένων
1315 1393 1335 1428 ἣ
1366 1393 1621 1428 ἐπιτετραμμένων
1658 1393 1795 1428 τίνεσθαι
1830 1393 1866 1420 ἐν

1078 1441 1112 1476 τῇ
1127 1439 1357 1475 τεσσαρακοστῇ
1373 1439 1432 1466 τῶν
1446 1438 1603 1472 νηστειῶν.

1259 1485 1453 1513 Ἀποστόλων
1464 1484 1564 1511 κανὼν
1577 1482 1625 1517 ξδ’,
1640 1483 1688 1516 ἔθ’.

1112 1531 1157 1564 ξδ’.
1180 1531 1263 1562 Εῐτις
1280 1530 1409 1565 κληρικὸς
1426 1529 1526 1565 εὑρεθῇ
1540 1529 1588 1564 τὴν
1600 1527 1743 1563 Κυριακὴν
1756 1528 1869 1564 ἡμέραν

1075 1586 1223 1615 νηστευων,
1236 1577 1254 1612 ἢ
1268 1576 1300 1603 τὸ
1314 1575 1461 1607 Σάὄδατον,
1474 1574 1544 1609 πλὴν
1558 1573 1605 1601 τοῦ
1620 1573 1679 1605 ἐνὸς
1696 1574 1788 1609 μόνου,
1799 1573 1868 1601 καθ-

1076 1622 1208 1659 αιρείσθω
1223 1629 1230 1637 ·
1249 1621 1272 1647 εἰ
1289 1621 1317 1647 δὲ
1331 1621 1435 1652 λαῑκὺς,
1450 1619 1635 1655 ἀφοριζέσθω.

1112 1668 1161 1701 ξθ¹.
1177 1668 1260 1699 Εῐτις
1275 1667 1434 1698 ἐπίσκοπος,
1450 1665 1466 1701 ἦ
1486 1664 1680 1701 πρεσὸύτερος,
1698 1664 1714 1700 ἢ
1730 1664 1870 1696 διάκονος.

1075 1715 1092 1751 ἢ
1107 1714 1290 1745 ὐποδιάκονος,
1307 1712 1323 1747 ἢ
1339 1711 1524 1746 ἀναγνώστης,
1545 1712 1561 1747 ἦ
1583 1711 1698 1746 ψάλτης,
1717 1711 1765 1745 τὴν
1781 1711 1867 1744 ἁγίαν

1076 1760 1298 1797 τεσσαρακοστὴν
1311 1759 1358 1786 τοῦ
1369 1759 1465 1793 Πάσχα
1480 1759 1510 1785 οὐ
1522 1758 1658 1794 νηστεύοι,
1671 1758 1687 1792 ἢ
1707 1757 1836 1792 τετράδα,
1852 1757 1871 1792 ἦ

1077 1806 1268 1843 Παρασκευὴν,
1281 1805 1475 1839 καθαιρείσθω
1493 1804 1570 1836 ἐκτὸς
1584 1805 1608 1830 εἰ
1627 1803 1663 1839 μὴ
1678 1803 1712 1829 δι’
1724 1802 1875 1829 ἀσθένειαν

1077 1851 1236 1888 σωματικὴν
1261 1850 1431 1886 ἐμποδίζοιτο
1445 1857 1453 1864 ·
1482 1850 1529 1876 ἐὰν
1549 1848 1578 1876 δὲ
1599 1848 1693 1880 λαῖκὺς
1715 1845 1744 1884 ᾗ,
1769 1849 1875 1883 ἀφορι-

1080 1897 1179 1931 ζέσοω.

1213 1941 1347 1969 Συνόδου
1362 1940 1503 1975 Γαγγρῶν
1511 1938 1610 1966 κανὼν
1620 1941 1666 1973 ιη’,
1678 1938 1720 1964 ιθ’.

1115 1990 1160 2022 ιη’.
1172 1987 1205 2014 Et
1216 1995 1258 2019 τις
1273 1987 1316 2014 διὰ
1329 1986 1509 2020 νομιζομένην
1526 1985 1642 2020 ἄσκησιν
1652 1985 1681 2011 ὲν
1695 1985 1728 2020 τῇ
1743 1984 1876 2020 κυριακῇ

1079 2032 1215 2068 νηστεύοι,
1231 2031 1355 2066 ἀνάθεμα
1366 2031 1446 2057 ἔστω.

1116 2078 1159 2106 ιϐ’.
1180 2077 1213 2104 Et
1225 2085 1267 2108 τις
1292 2076 1347 2103 τῶν
1369 2074 1561 2110 ἀσκουμένων,
1599 2073 1683 2109 χωρὶς
1712 2074 1879 2109 σωματικῆς

1079 2124 1202 2158 ἀνάγκης
1221 2122 1471 2157 ὺπερηφανεύοιτο,
1501 2120 1549 2146 καὶ
1574 2119 1623 2151 τὰς
1649 2119 1879 2154 παραδεδομένας

1080 2169 1206 2204 νηστείας
1223 2169 1262 2200 εἰς
1285 2168 1315 2194 τὸ
1328 2167 1428 2200 κοινὸν,
1453 2166 1501 2193 καὶ
1528 2165 1733 2201 φυλαττομένας
1751 2165 1807 2191 ὑπὸ
1827 2166 1882 2200 τῆς

1087 2215 1250 2250 Ἐκκλησίας
1259 2213 1403 2249 παραλύει,
1413 2210 1640 2248 ὐποικουροῦντος
1650 2212 1679 2238 ὲν
1685 2210 1759 2246 αὐτῷ
1767 2211 1880 2238 τελείου

1081 2261 1224 2296 λογισμοῦ,
1242 2260 1365 2294 ἀνάθεμα
1378 2259 1458 2286 ἔστω.

1134 2305 1269 2333 Συνόδου
1284 2304 1457 2337 Λαοδικείας
1472 2304 1571 2331 κανὼν
1587 2303 1640 2339 μα’,
1657 2306 1689 2333 v',
1704 2302 1755 2334 va’,
1768 2301 1822 2336 νβ’.

1119 2352 1173 2387 μθ’.
1185 2351 1245 2378 ’Ότι
1260 2351 1289 2377 οὑ
1299 2351 1338 2377 δεῖ
1349 2352 1377 2378 ὲν
1393 2351 1426 2386 τῇ
1441 2351 1646 2386 τεσσαρακοστῇ
1660 2349 1741 2384 ἄρτον
1754 2348 1885 2382 προσφέ-

1084 2405 1152 2433 ρειν,
1168 2398 1192 2423 ει
1208 2397 1245 2432 μὴ
1262 2397 1291 2422 ὲν
1307 2395 1437 2430 Σαϐϐάτῳ
1452 2396 1499 2422 καὶ
1512 2396 1637 2431 κυριακῇ
1660 2394 1750 2429 μόνον.

1119 2442 1151 2470 ν’.
1165 2442 1228 2468 Ὀτι
1245 2441 1276 2468 οὺ
1293 2442 1333 2468 δεῖ
1356 2442 1386 2468 ὲν
1413 2442 1446 2476 τῇ
1465 2441 1689 2476 τεσσαρακοστῇ,
1712 2435 1745 2475 τῇ
1773 2439 1887 2474 ὑστέρᾳ

1085 2488 1210 2523 ἐδδομάδι
1227 2489 1277 2523 τὴν
1296 2491 1316 2514 ε’
1336 2488 1421 2519 λύειν,
1438 2488 1485 2514 καὶ
1500 2487 1563 2521 ὅλην
1580 2487 1628 2521 τὴν
1652 2484 1887 2520 τεσσαρακοστὴν

1085 2534 1227 2569 ἀτιμάζειν
1245 2541 1252 2549 ³
1269 2533 1338 2560 ἀλλὰ
1350 2533 1389 2559 δεῖ
1406 2534 1496 2559 πᾶσαν
1519 2533 1568 2567 τὴν
1589 2530 1816 2566 τεσσαρακοστὴν
1831 2538 1887 2564 νη-

1087 2579 1201 2611 στεύειν,
1214 2578 1444 2614 ξηροφαγοῦντας.

1121 2624 1171 2651 va’.
1190 2625 1251 2651 Ὅτι
1272 2625 1303 2650 οὺ
1318 2624 1358 2650 δεῖ
1383 2625 1412 2650 ὲν
1427 2625 1459 2659 τῇ
1485 2621 1699 2657 τεσσαρακοστῇ,
1728 2619 1887 2655 μαρτύρων

253 2679 314 2699 rum
335 2672 440 2699 natales
463 2679 602 2706 peragere,
629 2670 676 2698 sed
703 2674 860 2698 sanctorum
886 2675 1025 2705 martyrun

1092 2670 1222 2705 γενέθλιον
1254 2669 1398 2703 ἐπιτελεῖν,
1421 2669 1490 2696 ἀλλὰ
1507 2668 1572 2695 ’τῶν
1601 2667 1687 2701 ἁγίων
1727 2666 1888 2700 μαρτύρων

254 2718 343 2746 facere
369 2717 642 2746 commemorationes
667 2716 694 2743 in
727 2715 855 2743 Sabbatis
885 2719 912 2742 et
944 2715 1036 2743 Domi-

255 2771 335 2792 lllClS.

293 2853 349 2888 (Π)
368 2851 416 2879 Vel
431 2850 643 2886 hypodiacouus,
659 2847 699 2875 vel
716 2847 810 2874 lector

1091 2716 1183 2751 μνείαν
1205 2716 1292 2742 ποιεῖν
1313 2716 1341 2742 ὲν
1367 2716 1423 2747 τοῖς
1443 2714 1591 2745 Σαὸὁάτοις
1615 2713 1662 2739 καὶ
1688 2711 1749 2742 ταῖς
1772 2711 1888 2745 Κυρια-

1090 2762 1161 2793 καίς.
