1954 3080
88 183 140 214 637

524 185 723 216 SYNTAGMA
738 187 921 220 CANONUM
955 205 984 210 -
999 192 1072 226 TlT.
1087 181 1219 231 πολι)
1248 195 1274 226 Ι.

1661 195 1716 227 638

121 225 170 262 νβ’.
190 226 292 254 ’οτιοὺ
309 227 351 254 δεῖ
373 227 401 253 ὲν
413 228 446 263 τῇ
462 231 667 265 τεσσαρακοστῇ
693 231 799 266 γάμους
826 233 875 259 καὶ

960 235 1004 262 52.
1026 225 1102 269 Quod
1118 225 1173 265 non
1189 225 1296 273 oportet
1312 238 1339 266 in
1375 239 1584 275 quadragesima
1605 225 1717 275 nuptias

86 273 214 308 γενέθλια
239 273 384 300 ἐπιτελεῖν.

88 328 226 357 Σινόόου
240 329 556 396 οὶκο·υμενικῆὲ’ἓ)ιτῦζς
571 330 672 358 κανὼν
687 331 738 365 κθ¹,
758 332 808 368 νβ’,
828 333 876 366 νε¹,

422 374 435 390 ν
470 385 477 396 ,
496 374 516 390 π
541 384 549 391 .

422 374 477 396 νςι,
496 374 549 391 πο.

121 421 173 448 κθ’.
196 421 225 448 '0
247 421 300 447 τῶν
320 422 349 447 ὲν
380 421 560 458 Καρθαγέννῃ
586 422 738 458 διαγορεύει
768 432 874 458 κανων,

86 467 156 494 ὥστε
168 467 234 501 ἂγια
247 467 450 501 θυσιαστηρίου,
463 467 487 493 εί
501 468 539 504 μὴ
552 468 604 495 ὑπὸ
618 470 753 504 νηστικῶν
768 470 876 505 ἀνθρὼ-

87 521 146 539 πων
170 512 207 547 μὴ
237 512 439 545 ἐπιτελεῖσθαι,
465 513 637 548 ἐξῃρημένης
667 515 731 549 μιᾶς
760 516 876 550 ἐτησίας

87 557 202 593 ἡμέρας,
217 558 246 584 ὲν
294 558 325 583 τὸ
340 558 477 592 Κυριακὸν
490 558 596 585 δεῖπνον
610 560 772 587 ἐπιτελεῖται
786 569 793 576 ⁶
811 561 877 593 ἴσως

86 602 238 637 τηνικαῦτα
255 602 299 629 διά
312 611 387 634 τινας
402 603 473 630 κατὰ
485 605 547 635 τοὺς
564 605 663 636 τόπους
683 606 833 640 προφάσεις
843 609 875 643 τῇ

93 648 242 684 Ἐκκλησία
249 649 409 682 λυσιτελεῖς,
418 649 471 676 τῶν
483 649 562 676 θείων
577 651 689 677 ἐκείνων
704 652 832 686 Πατέρων
843 653 875 687 τῇ

87 695 155 730 αὐτῇ
181 696 364 730 χρησαμένων
391 695 551 730 οἰκονομίᾳ·
584 696 698 731 μηδενὸς
725 695 773 723 οὖν
803 698 877 732 ἡμᾶς

87 740 230 774 ἐνάγοντος
239 740 399 766 καταλιπεῖν
416 740 464 775 τὴν
480 740 622 775 ἀκρίϐειαν
637 741 763 776 ὁρίζομεν
775 762 782 774 ,
806 742 872 768 ἀπο-

87 784 223 816 στοὶιικαίς
235 785 281 811 καὶ
291 785 439 820 Πατρικαῖς
452 786 578 820 ἑπόμενοι
588 786 762 821 παραδόσεσι,
773 787 810 822 μὴ
822 787 877 813 δεῖν

86 831 116 855 ὲν
149 830 182 865 τῇ
222 831 427 864 τεσσαρακοστῇ
455 831 487 864 τῇ
523 829 625 866 ὑστέρᾳ
655 830 784 865 ἑϐδομάδι
829 830 876 865 τὴν

86 875 215 910 πέμπτην
246 875 330 908 λύειν,
347 876 391 902 καὶ
416 876 480 911 ὃλην
497 876 546 911 τὴν
564 877 786 912 τεσσαρακοστὴν
812 877 872 903 ἀτι-

89 920 195 956 μάζειν.

120 966 169 1001 νβ’.
192 967 236 994 Ἐν
251 967 352 998 πάσαις
363 968 423 998 ταῖς
437 967 485 1002 τῆς
500 967 580 1002 ἁγίας
592 968 813 1004 τεσσαρακοστῆς
823 968 877 995 τῶν

85 1012 219 1048 νηστειῶν
235 1014 365 1048 ἡμέραις,
385 1013 521 1049 παρεκτὸς
535 1013 686 1047 Σαεϐἀτου,
701 1014 749 1041 καὶ
766 1015 877 1050 ¹Κυρια-

86 1059 148 1093 κῆς.
182 1059 229 1086 καὶ
257 1059 307 1093 τῆς
331 1059 411 1093 ἁγίας
445 1059 491 1085 τοῦ
518 1059 727 1095 Εὐαγγελισμοῦ
755 1060 874 1095 ἡμέρας,

85 1104 205 1138 γινέσθω
234 1105 251 1140 ὴ
281 1104 335 1131 τῶν
382 1105 610 1140 προηγιασμένων
651 1105 711 1141 ἱερὰ
753 1105 877 1141 λειτουρ-

85 1158 145 1184 για.

122 1195 169 1224 νε’.
193 1196 302 1231 Ἐπειδὴ
317 1197 516 1233 μεμαθήκαμεν
539 1197 601 1228 τοὺς
623 1197 652 1224 ὲν
677 1197 710 1232 τῇ
733 1195 878 1231 Ῥωμαίων

85 1243 174 1273 πόλει,
194 1243 223 1269 ὲν
237 1245 297 1275 ταῖς
316 1243 406 1277 ἁγίαις
435 1244 485 1279 τῆς
511 1243 733 1278 τεσσαρακοστῆς
749 1242 877 1277 ἡμέραις,

84 1289 142 1320 τοῖς
158 1288 261 1323 ταύτης
286 1288 406 1315 Σάϐὗασι
434 1289 584 1324 νηστεύειν,
606 1289 681 1323 παρὰ
695 1287 743 1323 τὴν
761 1287 878 1322 παραδο-

85 1334 179 1361 θεῖσαν
206 1335 435 1370 ὲκκλησιαστικὴν
456 1335 628 1367 ἀκολουθίαν,
655 1335 728 1367 ἔδοξε
754 1336 788 1369 τῇ
810 1333 876 1368 ἁγία

86 1381 199 1416 συνόδῳ.
213 1380 283 1408 ὥστε
299 1383 410 1417 κρατεῖν
427 1381 474 1408 καὶ
484 1382 530 1408 ἐπὶ
546 1383 579 1417 τῇ
601 1381 744 1416 Ῥωμαίων
759 1380 877 1414 Ἐκκλη-

86 1426 144 1461 σία,
163 1426 396 1462 ἀπαρασαλεύτως
416 1428 461 1454 τὸν
477 1426 576 1454 κανόνα
590 1427 635 1453 τὸν
647 1427 761 1461 λέγοντα
773 1434 780 1441 ⁸
791 1425 826 1452 Εἴ
836 1434 878 1456 τις

85 1472 217 1506 κληρικὺς
230 1472 338 1508 εὑρεθῇ,
354 1475 388 1508 τῇ
404 1473 476 1508 ἁγία
491 1473 618 1507 Κυριακῇ
634 1471 783 1507 νηστεύων,
806 1472 823 1506 ἢ
847 1471 878 1497 τδ

86 1518 236 1549 Σᾶὁὸατον,
253 1518 322 1553 πλὴν
335 1518 380 1545 τοῦ
396 1519 455 1550 ἑνὸς
465 1519 512 1545 καὶ
527 1518 618 1554 μόνου,
630 1517 816 1554 καθαιρείσθω
828 1524 835 1532 ·
853 1517 877 1543 εί

85 1563 114 1590 δὲ
139 1563 241 1596 λαῖκδς,
262 1563 443 1598 ἀφοριζέσθω.

122 1622 177 1652 νς¹.
198 1619 335 1652 Ὡσαύτως
364 1620 564 1656 μεμαθήκαμεν
594 1621 622 1646 ὲν
651 1621 684 1656 τῇ
718 1619 873 1655 Ἀρμενίων

86 1665 165 1702 χώρᾳ
179 1667 226 1693 καὶ
240 1667 268 1692 ὲν
285 1666 386 1701 ἑτέροις
407 1667 510 1697 τόποις,
536 1667 565 1692 ὲν
586 1667 642 1697 τοῖς
656 1665 776 1692 Σάϐὀασι
786 1666 833 1692 καὶ
847 1666 875 1692 ἐν

86 1713 150 1743 ταῖς
168 1712 322 1747 Κυριακαῖς
337 1711 387 1746 τῆς
412 1712 493 1746 ἁγίας
515 1711 736 1746 τεσσαρακοστῆς
749 1711 804 1737 τῶν
830 1719 877 1745 νηλ

91 1756 327 1791 στειῶνὴμέραις,
347 1756 388 1783 ὠὰ
402 1757 449 1782 καὶ
467 1756 546 1792 τυρὸν
562 1756 663 1783 ἐσθίειν
681 1755 767 1787 τινάς.
784 1755 877 1788 Ἔδοξε

86 1801 178 1828 τοίνυν
194 1802 241 1828 καὶ
254 1801 342 1834 τοῦτο,
357 1801 427 1828 ὥστε
451 1802 499 1836 τὴν
522 1801 594 1827 κατὰ
610 1802 700 1827 πᾶσαν
726 1801 775 1836 τὴν
786 1801 876 1827 οἰκου-

90 1848 175 1882 μένην
189 1847 236 1874 τοῦ
266 1847 333 1874 Θεοῦ
354 1847 516 1882 Ἐκκλησίαν
545 1847 593 1882 μιᾷ
624 1846 876 1873 κατακολουθοῦσαν

84 1891 173 1924 τάξει,
191 1891 239 1926 τὴν
252 1891 378 1927 νηστείαν
394 1892 538 1923 ἐπιτελεῖν,
557 1892 604 1918 καὶ
621 1891 772 1926 ἀπέχεσθαι
783 1890 877 1926 ὥσπερ

86 1938 168 1964 υυτοΰ
197 1937 335 1969 παντοίου,
358 1937 428 1963 οὕτω
451 1937 482 1973 δὴ
511 1937 558 1964 καὶ
581 1936 636 1963 ὠοῦ
666 1937 713 1963 καὶ
734 1936 827 1972 τυροῦ,
859 1935 877 1963 ἃ.

86 1983 194 2018 καρπός
209 1984 260 2009 εἰσι
275 1983 322 2009 καὶ
334 1983 491 2018 γεννήματα
506 1979 543 2009 ὦν
558 1982 723 2017 ὰπεχόμεθα.
744 1982 775 2009 El
792 1982 820 2007 δὲ
837 1982 877 2016 μὴ

85 2028 168 2055 τοῦτο
181 2028 424 2064 παραφυλάττοιεν,
445 2029 469 2054 εἰ
481 2028 529 2063 μὲν
546 2027 671 2063 κληρικοὶ
685 2027 739 2054 εἷεν
752 2048 758 2060 ,
777 2028 874 2054 καθαι-

89 2074 241 2110 ρείσθωσαν
255 2082 262 2089 ⁶
272 2074 333 2101 εἰδὲ
348 2074 449 2106 λαῖκοὶ,
468 2074 700 2108 ἀφοριζέσθωσαν.

123 2121 177 2147 πθ¹.
192 2120 247 2152 Τὰς
259 2120 305 2147 τοῦ
317 2120 451 2155 σωτηρίου
467 2121 568 2151 πάθους
582 2120 698 2155 ἡμέρας,
718 2121 747 2146 ὲν
761 2120 875 2155 νηστείᾳ.

85 2166 135 2193 καὶ
154 2166 292 2200 προσευχῇ
315 2166 363 2192 καὶ
377 2166 522 2198 κατανύξει
541 2166 654 2201 καρδίας
670 2165 870 2200 ἐπιτελοῦντας,

891 909 914 938 Β

889 1583 911 1615 C

929 281 970 308 vel
989 282 1110 309 natalitia
1127 283 1274 312 eeleﬁrare.

928 337 1041 365 Concilit‘
1057 340 1207 366 meumem'ci
1231 348 1268 372 Vl,
1283 349 1392 368 canones
1416 341 1462 375 29,
1481 342 1524 375 5‘2,
1549 343 1593 375 55,
1611 343 1654 377 56,
1670 344 1716 371 89.

962 427 1007 455 29.
1017 427 1239 462 Cartltaginensis
1247 430 1343 466 synodi
1355 438 1441 457 canon
1457 430 1522 458 dicit
1535 431 1569 463 ⁸³,
1583 436 1612 458 ut
1622 435 1715 458 sam-ta

928 474 1021 502 altaris
1045 475 1155 502 nonnisi
1179 483 1194 502 a
1229 476 1327 503 sobriis
1352 477 1508 504 hominibus
1540 483 1714 512 peragatttur,

927 525 1041 554 exeepto
1052 529 1106 547 uno
1118 521 1161 548 die
1175 521 1201 548 in
1217 529 1299 554 anno,
1315 522 1341 549 in
1356 530 1410 557 quo
1423 530 1499 550 coena
1521 523 1626 550 Domini
1639 531 1717 558 pera-

928 566 1017 600 gitur;
1044 571 1109 593 tunc
1136 567 1253 595 fortasse
1280 572 1390 603 propter
1417 568 1522 604 aliquas
1543 569 1568 596 itt
1590 570 1623 597 iis
1649 570 1716 597 locis

928 611 1086 638 oceasiones
1097 610 1226 638 Ecclesiae
1241 612 1331 645 utiles,
1345 614 1446 640 sanctis
1463 614 1514 640 illis
1526 613 1651 642 Patribus
1665 616 1716 642 hac

927 655 1130 690 dispensatione
1148 657 1214 685 usis.
1231 658 1300 685 Cum
1322 659 1389 686 nihil
1411 667 1474 695 ergo
1488 668 1539 688 nos
1552 661 1671 694 ittducal,
1686 666 1715 688 ut

927 705 1082 728 accuratam
1104 702 1321 731 observationem
1346 704 1545 739 relinquamus,
1568 706 1714 734 statuimus

927 747 1094 781 apostolicas
1114 755 1145 774 ac
1159 752 1286 782 paternas
1304 750 1462 777 traditiones
1485 757 1639 786 sequentes.
1660 761 1713 780 non

927 797 1051 827 oportere
1061 793 1086 820 in
1096 794 1309 829 quadragesima:
1319 800 1454 830 postrema
1463 797 1612 831 septimana
1621 798 1714 832 quinta

927 837 995 866 feria
1016 839 1150 874 jejunium
1177 840 1293 875 solvere,
1318 846 1344 869 et
1370 845 1453 869 totam
1479 842 1714 878 quadragesimaut

929 884 1028 920 injuria
1044 885 1158 913 allicere.

963 971 1008 1000 5'2.
1027 971 1056 999 ltt
1070 972 1199 1000 omnibus
1214 972 1237 988 ⁸ο
1257 977 1358 1000 sancta:
1375 973 1594 1008 quadragesima:
1615 974 1714 1009 jejttnii

927 1017 1035 1049 diebus,
1051 1022 1231 1052 praeterquam
1244 1017 1375 1050 Sabbato,
1388 1024 1415 1045 et
1427 1018 1567 1046 Dominica
1578 1024 1605 1046 et
1617 1024 1713 1047 saneto

930 1061 1009 1097 175
1026 1062 1250 1090 Attnutttialionis
1273 1063 1326 1095 die,
1349 1063 1396 1090 ﬁat
1411 1071 1517 1091 sacrum
1535 1065 1713 1099 praesattcliti-

927 1111 1049 1134 calorum
1063 1107 1257 1136 ministerium.

963 1197 1008 1225 55.
1025 1197 1158 1231 Quoniam
1180 1198 1362 1226 intelleximus
1383 1198 1410 1225 in
1427 1198 1615 1227 Romanorum
1643 1199 1713 1227 civi-

930 1247 986 1270 tate
1001 1243 1028 1270 in
1044 1243 1148 1271 sanctis
1171 1244 1386 1278 quadragesima:
1396 1245 1515 1280 jejuniis,
1532 1246 1559 1272 in
1573 1246 1631 1280 ejus
1645 1245 1713 1273 Sab—

930 1290 1001 1317 batis
1038 1289 1165 1324 jejunare
1203 1295 1301 1324 praeter
1333 1291 1547 1318 ecclesiasticam
1585 1292 1711 1319 traditam

928 1336 1146 1363 observationem
1162 1357 1169 1369 ,
1193 1342 1295 1363 sanctae
1316 1337 1420 1371 synodo
1451 1337 1537 1364 visunt
1558 1342 1611 1368 est,
1634 1342 1663 1364 ut
1685 1338 1712 1365 itt

928 1381 1116 1409 Romanorum
1133 1389 1243 1417 quoque
1256 1382 1377 1409 Ecclesia
1393 1382 1558 1410 inconcusse
1571 1383 1641 1410 vires
1665 1383 1714 1410 ha-

927 1428 991 1456 beat
1013 1435 1101 1455 canott
1116 1428 1137 1443 ⁶¹
1156 1428 1202 1462 qui
1229 1428 1311 1454 dicit:
1330 1427 1358 1454 Si
1376 1428 1438 1462 quis
1455 1428 1570 1455 clericus
1586 1429 1713 1457 iuventus

927 1475 1009 1501 fuerit
1023 1474 1049 1501 itt
1067 1478 1163 1501 sancto
1177 1473 1220 1500 die
1242 1472 1382 1500 Dontittico
1399 1474 1439 1501 vel
1450 1473 1567 1500 Sabbato
1578 1474 1711 1508 jejuttare,

927 1523 1027 1554 praeter
1043 1526 1128 1546 ttnum
1150 1523 1176 1545 et
1197 1519 1298 1552 solum,
1312 1519 1483 1554 deponatur:
1506 1520 1547 1547 sitt
1568 1525 1658 1547 autent
1675 1521 1714 1548 la-

929 1565 998 1598 icus,
1011 1569 1178 1600 segregetur.

963 1621 1008 1650 56.
1032 1620 1163 1647 Similiter
1182 1620 1337 1655 accepimus
1357 1625 1384 1648 et
1407 1621 1435 1648 in
1459 1621 1650 1649 Armeniorum
1669 1630 1712 1650 re-

926 1668 1017 1702 gione,
1045 1672 1071 1694 et
1087 1667 1114 1694 in
1136 1666 1197 1694 aliis
1216 1667 1293 1699 locis,
1315 1666 1341 1693 in
1359 1666 1486 1695 Sabbatis
1508 1674 1535 1696 et
1561 1669 1712 1697 Domitticis

927 1718 1027 1742 sancta:
1039 1712 1255 1748 quadragesimae
1274 1713 1405 1747 quosdam
1422 1721 1473 1741 ova
1485 1718 1511 1741 et.
1536 1722 1645 1742 caseum
1664 1723 1710 1743 co-

927 1760 1046 1788 medere.
1061 1759 1155 1786 Visum
1175 1763 1217 1786 est
1231 1766 1296 1794 ergo
1319 1765 1345 1787 et
1363 1760 1427 1796 hoc,
1445 1765 1476 1787 ut
1490 1761 1580 1787 omnis
1596 1761 1643 1788 Dei
1659 1760 1712 1788 Ec-

927 1806 1020 1838 clesia,
1034 1813 1095 1841 qua:
1115 1810 1156 1832 est
1176 1805 1203 1832 in
1221 1805 1348 1833 universo
1373 1810 1507 1833 terrarunt
1530 1807 1607 1839 orbe,
1628 1815 1711 1834 unum

927 1852 1050 1879 Ordinem
1074 1858 1200 1885 sequens,
1218 1850 1351 1885 jejunium
1375 1851 1507 1885 perﬁciat,
1525 1856 1552 1880 et
1575 1852 1713 1880 abstineat

927 1897 998 1924 sicut
1013 1897 1047 1924 ab
1075 1896 1149 1923 omni
1168 1896 1316 1929 mactabili,
1331 1897 1370 1924 sic
1382 1898 1416 1924 ab
1431 1899 1490 1925 ovis
1507 1902 1533 1924 ιιι
1547 1905 1637 1931 caseo,
1651 1905 1712 1934 qua:

927 1942 1035 1977 quidem
1059 1945 1123 1970 sunt
1149 1941 1253 1969 fructus
1269 1946 1296 1969 et
1310 1942 1381 1970 fetus
1402 1951 1496 1970 eorum
1512 1951 1527 1971 a
1548 1944 1647 1978 quibus
1663 1945 1712 1971 ab-

927 1988 1070 2016 stinemus.
1089 1987 1117 2014 Si
1143 1991 1235 2013 autem
1262 1987 1313 2013 hoc
1334 1995 1389 2014 non
1414 1990 1594 2020 servaverint,
1617 1989 1640 2017 si
1655 1990 1711 2017 sint

927 2033 1038 2069 quidem
1057 2031 1161 2064 clerici,
1186 2032 1377 2067 deponantur:
1399 2035 1441 2061 sin
1457 2039 1548 2061 autem
1570 2034 1642 2068 laici,
1669 2043 1713 2063 sc-

926 2085 1081 2116 gregentur.

963 2127 1008 2154 89.
1029 2127 1093 2155 Dies
1111 2126 1259 2154 salutifera;
1277 2126 1412 2161 passionis
1433 2126 1459 2153 in
1478 2126 1582 2161 jejunio
1597 2130 1624 2154 et
1647 2133 1710 2153 ora-

926 2173 999 2201 tione
1023 2177 1050 2200 et
1080 2173 1171 2200 cordis
1199 2172 1408 2206 computtctione
1432 2176 1593 2207 peragentes
1620 2172 1710 2200 ﬁdeles

84 2212 140 2247 χρὴ
161 2212 225 2243 τοὺς
249 2212 361 2242 πιστοὺς
381 2211 444 2246 περὶ
467 2212 553 2246 μέσης
572 2211 623 2246 τῆς
655 2213 723 2247 μετὰ
746 2212 776 2239 τδ
804 2213 874 2248 μέγα

932 2226 1013 2253 usque
1033 2218 1067 2246 ad
1089 2218 1205 2245 mediam
1228 2218 1318 2252 magni
1337 2217 1446 2245 Sabbati
1464 2224 1570 2245 noctem
1587 2219 1711 2252 jejunare

84 2256 226 2284 216.66atov
240 2257 336 2288 νυκτὸς
349 2256 433 2291 ὥρας,
449 2258 677 2292 ἀπονηστίζεσθαι
688 2265 695 2272 ·
714 2258 768 2284 τῶν
793 2258 872 2285 θείων

932 2267 1047 2298 )ροι·ιοι;
1060 2270 1122 2290 eum
1135 2262 1220 2290 divini
1234 2262 1407 2297 evangelista:
1422 2261 1562 2289 Mattltzeus
1575 2266 1601 2289 et
1611 2262 1709 2294 Lucas,

84 2302 288 2336 εὑαγγελιστῶν
300 2303 439 2330 Ματοαίου
453 2303 500 2329 καὶ
518 2303 620 2338 Δουκᾶ,
638 2304 684 2330 τοῦ
700 2304 749 2338 μὲν
762 2303 807 2330 διὰ
823 2304 870 2330 τοῦ

932 2308 966 2335 lle
980 2307 1089 2343 quidem
1103 2315 1206 2342 vespere
1223 2307 1344 2340 Sabbati,
1362 2308 1405 2335 hic
1425 2315 1488 2334 vero
1508 2315 1555 2342 per
1571 2307 1613 2340 id,
1635 2308 1711 2334 valde

84 2349 145 2382 ὀψὲ
157 2348 319 2381 Σαϐϐατων,
329 2349 433 2385 προσρή
438 2358 530 2384 ματος,
541 2349 588 2376 τοῦ
599 2350 627 2376 δὲ
643 2350 686 2376 διὰ
700 2350 757 2382 τοῦ,
767 2350 873 2385 ὄρθρου

932 2355 1052 2387 tilucula,
1071 2355 1158 2382 ttoctis
1173 2354 1252 2382 nobis
1267 2355 1420 2382 tarditatem
1436 2354 1592 2382 describant
1605 2354 1637 2382 θ’.

81 2395 208 2427 βαθέος,
229 2394 279 2430 τὴν
294 2395 449 2430 βραδυτῆτα.
470 2396 519 2431 τῆς
534 2396 630 2428 νυκτὸς
654 2397 721 2432 ἡμῖν
751 2397 872 2432 ὑπογρά-

85 2449 196 2475 φοντος.

84 2484 201 2519 Πέτρου
208 2484 242 2512 ἐκ
254 2485 308 2512 τοῦ
324 2485 417 2520 ,λόγου
429 2486 483 2513 τοῦ
501 2487 544 2519 εἰς
559 2486 592 2513 τὸ
606 2485 710 2520 πάσχα
720 2486 821 2513 κανὼν
831 2489 875 2513 ιε’,

121 2545 165 2568 ιε’.
180 2542 237 2568 Οὐκ
259 2542 403 2576 ἐγκαλέσει
424 2551 465 2574 τις
479 2544 547 2579 ἡμῖν
563 2545 816 2580 παρατηρουμένοις
835 2552 876 2570 τε-

82 2588 173 2624 τράδα.
187 2588 235 2614 καὶ
251 2589 428 2624 παρασκευήν
444 2597 451 2604 ·
469 2589 497 2615 ὲν
513 2589 557 2621 αίς
580 2590 626 2616 καὶ
647 2590 788 2625 νηστεύειν
808 2591 874 2625 ἡμῖν

83 2634 158 2660 κατὰ
182 2633 341 2668 παράδοσιν,
370 2635 486 2668 εὐλόγως
516 2636 715 2670 προστέτακται
730 2644 738 2651 ·
752 2636 801 2671 τὴν
824 2636 873 2670 μὲν

82 2679 215 2714 τετράδα,
231 2679 274 2706 διὰ
289 2679 319 2706 τὸ
341 2681 484 2714 γενόμενον
499 2681 662 2716 συμϐούλιον
673 2681 724 2708 ὑπὸ
740 2681 873 2708 Ἰουδαίων

83 2726 134 2752 ἐπὶ
150 2726 183 2759 τῇ
207 2725 337 2761 προδοσίᾳ
363 2727 410 2753 τοῦ
437 2726 539 2761 Κυρίου
555 2734 562 2742 ·
579 2727 628 2762 τὴν
639 2727 667 2753 δὲ
686 2727 872 2762 παρασκευὴν,

83 2771 129 2797 διὰ
147 2771 179 2796 τὸ
196 2771 358 2798 πεπονθέναι
381 2772 462 2799 αὐτὸν
476 2772 545 2807 ὑπὲρ
561 2772 641 2807 ἡμῶν
653 2780 660 2787 ·
679 2772 730 2808 τὴν
749 2772 803 2808 γὰρ
816 2773 872 2799 Κυ-

121 2859 144 2895 ⁸Ῠ
168 2859 294 2890 (ὶιινιὶιηα.
318 2868 357 2890 ttt,
381 2868 441 2894 cap.
465 2860 509 2888 29.
544 2860 609 2888 Vide
643 2869 704 2888 catt.
729 2859 780 2893 50,
805 2860 901 2895 synod.

86 2894 108 2911 "
129 2893 210 2922 Dion.
228 2894 304 2923 Alex.
321 2903 407 2923 canon
417 2893 449 2922 'i.

1028 2483 1104 2510 Petri
1119 2491 1152 2511 ea:
1166 2491 1284 2511 sermone
1297 2483 1324 2510 in
1344 2482 1446 2511 Pascha
1459 2492 1544 2511 canon
1560 2484 1604 2512 l5.

960 2541 1004 2568 15.
1028 2541 1086 2569 Nott
1110 2541 1288 2575 reprehendet
1309 2548 1359 2568 nos
1381 2540 1527 2575 quispiam,
1543 2545 1669 2575 quartam
1685 2545 1710 2568 ct

928 2592 1031 2614 sextam
1043 2586 1137 2613 feriam
1147 2586 1228 2621 176
1238 2586 1422 2618 observantes,
1435 2586 1461 2612 in
1471 2586 1571 2620 quibus
1582 2586 1660 2613 nobis
1671 2585 1711 2619 je-

925 2632 1022 2667 junarc
1030 2632 1177 2659 secundum
1186 2631 1356 2659 traditionem
1363 2639 1424 2658 cuttt
1435 2631 1709 2666 ratione-praceptunt

926 2683 978 2705 est.
993 2677 1123 2710 Quartam
1140 2677 1248 2712 quidem
1265 2681 1375 2712 propter
1386 2677 1483 2704 initum
1499 2684 1514 2704 a
1529 2675 1629 2704 Iudaeis
1644 2684 1710 2703 cott-

927 2724 1018 2752 silium
1036 2724 1069 2751 de
1079 2723 1231 2758 proditione
1250 2723 1357 2751 Dontini
1376 2732 1382 2750 :
1400 2727 1504 2750 sextam
1516 2727 1618 2752 autem,
1638 2721 1711 2755 quod

927 2771 984 2805 ipse
1001 2777 1050 2805 pro
1073 2769 1151 2797 nobis
1173 2777 1270 2804 passus
1295 2769 1341 2797 sit.
1359 2768 1434 2797 Diem
1453 2770 1525 2813 enim
1541 2767 1710 2794 Dominicutu

929 2859 1113 2887 Lacdicettsis.
1167 2859 1188 2875 ⁶⁰
1209 2858 1374 2887 Laodic.l9.
1428 2858 1449 2875 “
1465 2857 1531 2885 Catt.
1554 2861 1639 2891 apost.
1666 2856 1709 2883 67.
