1954 3080
243 147 296 179 639

811 145 943 178 PHOTII
960 146 1211 178 PATRIARCH/E
1238 147 1292 176 CP:

1816 147 1870 178 640

243 200 342 228 Ιςειίιίιθ
355 200 426 228 diem
443 201 563 235 agimus,
577 201 650 236 quod
675 202 702 229 in
728 208 761 229 eo
782 202 964 229 resurrexerit
978 210 985 228 τ
1002 201 1026 228 iu

1084 200 1191 236 ριακὴν,
1230 201 1405 236 χαρμοσύνης
1444 200 1551 236 ἡμέραν
1593 200 1697 234 ἄγομεν
1737 199 1782 227 διὰ
1821 202 1869 228 τὸν

241 253 297 280 quo
311 252 361 272 nec
377 253 463 281 genua
478 246 586 281 quidem
601 248 708 274 ﬂectere
721 247 886 282 accepimus.

276 333 371 362 Const.
390 333 417 366 δ,
433 333 466 361 lit
492 333 536 364 ιε.
557 315 659 375 ηιλξιέ
679 333 741 361 cod.
767 333 892 368 ait,quod
907 333 1027 368 quadra-

242 378 316 413 ginta
333 378 428 405 diebus
444 378 549 406 Pascha
565 378 789 413 anticipantibns,
805 379 895 407 omnis
907 379 1027 414 cognitio

241 421 425 448 Cl‘illlinzlllum
441 423 623 457 quaestionum
644 427 742 451 cesset.
757 423 790 450 Et
806 428 893 450 const.
912 423 938 456 6,
955 423 1027 459 quod

242 467 331 495 feriati
347 467 425 503 [dies]
444 469 508 501 sint;
525 469 570 504 qui
597 475 709 504 septeno
727 477 842 496 numero
860 468 965 496 Pascha
985 470 1027 496 vel

241 515 399 547 praecedunt
428 515 470 542 vel
499 519 680 549 sequuntur:
707 513 787 551 [dies]
815 516 896 542 etiam
923 514 1028 543 Natalis

241 559 354 593 Christi,
370 565 451 595 atque
468 560 655 596 Theopliania,
671 560 750 597 [dies]
764 561 899 596 passionis
913 560 1027 595 Aposto-

241 605 329 632 lorum
355 611 383 633 et.
412 605 490 643 [dies]
519 607 677 635 Dominicus
704 615 818 642 :neque
844 607 906 635 istis
930 607 1026 635 diebus

241 652 393 685 spectacula
409 652 601 684 exhibeantur.
618 660 707 687 neque
731 652 870 692 judicium
886 653 1024 680 dictetur:

241 701 268 723 ιιι
291 698 444 732 quindecim
470 699 644 733 paschalibus
661 698 757 726 diebus
773 705 807 725 ne
827 698 950 725 debitum
965 698 1026 733 qui-

241 742 302 769 dem
315 743 372 770 sive
390 743 526 778 privatum
547 744 604 770 sive
623 744 761 778 publicum
778 743 912 778 exigatur.
928 743 1024 771 Const.

240 794 306 814 vero
321 788 347 820 'l,
362 787 389 815 iu
404 789 559 823 quindecim
577 788 659 825 [istis]
677 789 772 816 diebus
792 789 1024 816 mauumissiones

240 841 273 860 ac
285 835 516 869 emancipationes
539 835 607 869 lleri,
633 840 660 862 et
674 843 756 870 super
772 836 826 863 illis
842 840 902 863 acta
925 836 1023 862 conlici

1079 245 1233 272 ἀναστάντα
1249 245 1278 271 ὲν
1291 246 1373 280 αὑτῇ,
1391 246 1420 272 ὲν
1465 245 1525 272 οὐδὲ
1539 244 1641 280 γόνατα
1657 244 1759 272 κλίνειν
1773 254 1870 280 παρει-

1078 290 1214 326 λὴφαμεν.

1120 335 1151 362 Ἥ
1162 339 1183 362 ε’
1197 335 1319 368 διάταξις
1337 335 1384 362 τοῦ
1410 335 1443 371 ιβ’
1472 335 1524 362 τίτ.
1540 334 1588 361 τοῦ
1602 337 1626 369 γ’
1641 334 1712 369 βιϐλ.
1731 333 1779 361 τοῦ
1801 334 1868 361 κὼδ.

1078 381 1171 416 φησὶν,
1187 382 1228 408 ὅτι
1246 383 1275 407 ὲν
1305 382 1365 413 ταῖς
1393 380 1647 416 προλαμϐανούσαις
1679 381 1710 406 τὸ
1726 380 1825 415 ’Πάσχα
1842 389 1862 414 μ

1077 427 1207 462 ἡμέραις,
1222 427 1297 453 πᾶσα
1311 426 1423 461 ζήτησις
1443 426 1496 452 τῶν
1510 426 1718 460 ὲγκληματικῶν
1740 426 1868 460 βασάνων

1079 472 1222 508 σχολάζει·
1238 473 1284 499 καὶ
1306 473 1323 508 ἡ
1336 476 1361 505 ς’
1377 472 1447 498 διάτ.
1464 472 1505 498 ὅτι
1523 471 1658 506 ἇπρακτοί
1676 471 1745 497 εἰσιν
1768 471 1796 497 αἱ
1815 471 1869 505 πρὸ

1077 519 1124 545 τοῦ
1138 519 1235 553 Πάσχα
1248 518 1272 551 ζ’
1286 519 1397 554 ἡμέραι,
1420 519 1467 544 καὶ
1483 517 1505 549 ζ’
1521 517 1588 552 μετὰ
1604 518 1634 543 τὸ
1657 518 1749 552 πάσχα
1760 536 1768 547 .
1789 517 1835 542 καὶ
1851 517 1869 552 ἡ

1080 564 1200 600 Χριστοῦ
1216 565 1311 596 Γέννα,
1330 564 1377 590 καὶ
1392 563 1426 590 τὰ
1444 563 1592 597 Θεοφάνια,
1608 563 1654 589 καὶ
1668 563 1684 597 ἡ
1703 562 1751 588 τοῦ
1763 561 1868 594 πάθους

1077 610 1130 637 τῶν
1155 610 1327 642 ἀποστόλων,
1345 609 1392 636 καὶ.
1416 610 1433 644 ἡ
1446 609 1572 644 Κυριακή
1586 617 1593 623 ·
1613 610 1640 634 ὲν
1653 610 1713 640 ταῖς
1727 607 1867 639 τοιαύταις

1077 656 1205 690 ἡμέραις,
1228 655 1289 682 οὔτε
1317 655 1365 682 θέα
1382 655 1510 687 τελεῖται,
1528 653 1589 681 οὔτε
1608 654 1670 688 δίκη
1687 655 1795 688 λέγεται
1811 663 1818 670 ⁸
1838 656 1867 681 ὲν

1076 700 1104 726 δὲ
1116 702 1174 731 ταῖς
1189 700 1219 726 ιε’
1231 700 1348 737 ἡμέραις
1362 700 1409 726 τοῦ
1425 700 1532 734 Πάσχα,
1549 699 1610 726 οὗτε
1626 700 1707 735 χρέος
1721 699 1866 730 ίόιωτικὺν,

1075 745 1138 772 οὔτε
1149 746 1276 780 δημόσιον
1291 747 1447 772 ἀπαιτείται
1463 746 1497 780 ⁸ἡ
1516 745 1544 772 δὲ
1555 745 1577 778 ζ’
1589 746 1659 772 διάτ.
1678 745 1822 780 ἐπιτρέπει
1837 746 1867 772 ὲν

1075 792 1135 822 ταῖς
1159 791 1188 817 ιε’
1204 791 1316 822 ταύταις
1329 791 1377 818 τοῦ
1392 791 1487 826 Πάσχα
1499 791 1626 826 ἡμέραις,
1643 789 1797 825 ἐλευθερίας
1819 791 1868 817 καὶ

1076 836 1309 871 ἐμαγκιπατίονας
1333 837 1516 871 πράττεσθαι,
1544 837 1591 862 καὶ
1622 836 1655 862 τὰ
1689 835 1731 862 ἐπ’
1768 836 1868 867 αὑταῖς

240 880 381 914 permittit.
393 881 433 908 Ac
454 886 543 909 const.
567 882 594 914 8,
614 882 690 912 dicit.
705 881 776 916 quod
796 880 822 908 in
847 882 1024 917 quadragesi-

1084 882 1263 916 ὅπομνήματα
1279 881 1464 908 συνίστασθαι,
1489 881 1520 907 ’Π
1536 881 1564 908 δὲ
1586 885 1610 916 η’
1622 881 1691 908 διάτ.
1709 882 1802 916 φησὶν,
1818 882 1869 908 καὶ

240 933 284 953 Ina
299 931 325 953 et
339 925 463 954 Paschali
479 927 524 955 die
538 928 571 955 de
587 928 748 961 latronibus,
765 933 793 956 et
812 929 933 956 maxime
948 929 1024 956 lsau-

240 971 299 1004 ris,
331 973 447 1007 qumstio
479 974 628 1006 habeatur,
660 982 716 1009 quo
743 975 872 1002 conscios
899 975 1024 1010 prodant.

239 1018 334 1047 Const.
351 1027 434 1055 porro
449 1020 478 1053 5,
493 1022 535 1049 tit.
551 1022 579 1054 4,
594 1021 642 1049 lib.
657 1023 682 1055 Ι,
697 1022 759 1049 cod.
778 1022 827 1054 ait,
842 1022 914 1057 quod
929 1022 1026 1050 diebus

239 1064 416 1097 paschalibus
434 1073 515 1092 nemo
541 1065 698 1093 includatur
714 1071 762 1093 aut
783 1067 931 1100 vinciatur,
953 1075 1025 1102 prae-

240 1114 364 1145 terquam
380 1110 498 1144 adulter,
522 1112 675 1144 maleﬁcus,
699 1113 836 1148 virginum
859 1118 963 1147 raptor,
985 1121 1028 1141 se

239 1155 397 1189 pulcrorum
413 1157 538 1189 violator,
552 1158 700 1190 veneﬁcus,
715 1163 830 1185 moneta:
847 1159 1025 1192 adulteretur,

240 1201 391 1234 homicida,
408 1202 552 1237 patricida,
566 1208 594 1230 et
608 1211 672 1231 reus
691 1204 854 1238 majestatis.
876 1205 965 1239 Atque
977 1206 1026 1232 hos

239 1245 349 1280 quidem
370 1255 480 1282 semper
500 1249 706 1283 comprehendi,
729 1249 843 1284 reliquis
859 1257 924 1278 vero
940 1251 1026 1278 semel

238 1291 371 1320 duntaxat
382 1292 498 1328 ignosci.

275 1395 354 1430 177
374 1395 450 1423 CAP.
474 1395 508 1423 il.
529 1409 565 1417 --
581 1395 659 1428 Quod
680 1404 760 1432 neque
780 1404 919 1432 puerpera,
944 1404 1026 1430 neque

239 1441 329 1469 marbo
356 1450 464 1476 prorsus
488 1442 621 1469 invalidus
647 1443 675 1470 in
689 1442 819 1470 Paw/tate
840 1443 965 1478 jejunare
977 1451 1023 1470 co-

237 1493 329 1524 gatur.

460 1533 588 1561 Timothei
602 1541 714 1561 canones
724 1533 751 1566 8,
769 1533 812 1562 10.

275 1578 467 1616 Interrogatio.
479 1579 575 1607 Mulier
585 1579 608 1607 si
621 1579 767 1615 pepererit.
778 1578 892 1606 debetne
900 1578 1025 1614 jejunare

239 1626 354 1658 Pascha,
376 1632 403 1653 et
429 1627 521 1653 vinum
548 1634 601 1653 non
625 1626 728 1659 bibere,
754 1633 789 1652 an
813 1633 828 1652 a
846 1625 952 1660 jejunio
975 1625 1025 1652 ab-

240 1671 366 1704 solvitur,
392 1676 420 1700 et
446 1672 539 1700 vinum
568 1671 662 1700 bibere
686 1671 868 1706 permittitur,
894 1677 928 1698 eo
952 1669 1025 1704 quod

239 1717 345 1753 peperit
356 1717 369 1744 ?

276 1762 430 1797 Responsio.
445 1763 632 1797 Excogitatum
649 1767 692 1791 est
710 1762 858 1798 jejunium,
874 1767 904 1790 ut
919 1770 1022 1797 corpus

240 1807 343 1836 humile
364 1808 502 1836 reddatur.
525 1808 556 1836 Si
574 1815 638 1843 ergo
660 1816 759 1843 corpus
778 1809 807 1836 in
823 1809 977 1836 humilitate
995 1813 1023 1836 et

241 1853 428 1882 imbecillitate
441 1858 576 1886 versatur,
592 1854 670 1882 debet
685 1854 738 1882 cibi
756 1859 783 1882 et
797 1858 879 1890 potus
892 1859 1024 1890 quantum

241 1898 300 1925 vult
315 1901 342 1925 et
354 1902 442 1934 potest
455 1906 517 1927 esse
529 1899 673 1934 particeps.

277 1984 466 2021 Interrogatio.
492 1985 522 2014 Si
543 1986 607 2022 quis
630 1986 666 2014 sit
689 1990 822 2022 aegrotus,
839 1990 867 2014 et
889 1994 922 2013 ex
941 1986 1025 2014 multa

240 2031 427 2059 imbecillitate
443 2032 520 2060 valde
542 2037 714 2064 attenuatus.
733 2036 760 2059 et
775 2032 809 2059 ad
827 2037 953 2059 sanctum
974 2032 1026 2059 Pa-

241 2077 306 2105 scha
330 2078 452 2110 venerit,
473 2078 588 2106 debetne
611 2078 722 2106 omnino
744 2077 878 2113 jejunare,
904 2085 938 2104 an
962 2084 1025 2105 eum

241 2124 358 2151 absolvit
386 2124 520 2157 clericus,
548 2129 578 2152 ut
603 2124 719 2159 accipiat
751 2123 822 2158 quod
851 2127 957 2158 potest,
985 2131 1026 2151 νει

240 2171 322 2198 etiam
342 2171 432 2198 oleum
450 2177 476 2199 et
492 2171 596 2203 viuum,
613 2175 722 2206 propter
737 2170 849 2196 multam
865 2170 925 2205 ejus
942 2169 1026 2198 imbe-

241 2217 381 2244 cillitatem
395 2217 407 2244 ?

275 2263 427 2299 Responsio.
449 2263 559 2292 Absolvi
577 2263 658 2291 debet
678 2268 811 2298 :egrotus,
834 2267 865 2291 ut
887 2262 977 2290 cibum
998 2267 1026 2290 et

240 2313 334 2343 potum
360 2310 466 2344 capiat,
488 2313 619 2343 quantum
640 2308 709 2336 ferre
726 2313 823 2344 potest.
841 2308 908 2334 Eum
934 2307 1026 2339 enim,

240 2353 286 2388 qui
315 2354 398 2381 semel
427 2358 585 2382 attenuatus
610 2357 666 2386 est,
693 2361 754 2381 esse
780 2353 834 2381 olei
862 2351 1024 2387 participem

241 2407 350 2434 aequum
365 2403 418 2427 est.

276 2445 353 2472 CAP.
370 2444 414 2472 Ill.
429 2460 463 2466 -——
481 2443 518 2471 De
528 2444 572 2472 die
585 2448 611 2472 at
622 2444 689 2472 hora
700 2445 821 2480 paschali
854 2450 881 2474 et
902 2446 1029 2480 theopha-

240 2491 357 2518 niorum.

470 2535 660 2571 Apostolorum
671 2545 756 2564 canon
772 2537 799 2564 7.

293 2581 322 2610 7.
354 2581 382 2610 Si
405 2581 467 2617 quis
490 2582 642 2617 episcopus,
675 2583 716 2609 vel
749 2583 899 2619 presbyter,
915 2583 956 2611 vel
972 2583 1031 2610 dia-

242 2636 340 2661 conus,
379 2628 450 2656 sacri
485 2628 566 2664 178
595 2627 706 2656 Pascbae
737 2629 807 2656 diem
832 2633 896 2656 ante
918 2634 1029 2656 vernum

241 2675 433 2710 aequinoctium
475 2682 537 2702 cum
556 2703 559 2706 λ
575 2674 677 2702 ludatis
721 2674 920 2708 celebraverit,
949 2675 1032 2710 depo-

243 2725 332 2748 natur.

429 2766 543 2794 Concilii
556 2766 713 2794 Antiocheni
729 2775 812 2794 canon
828 2767 853 2794 l.

279 2810 382 2840 Omnes
399 2812 445 2847 qui
465 2813 567 2841 audent
591 2812 740 2840 dissolvere
766 2813 906 2840 decretum
932 2819 1033 2840 sanctae

246 2860 273 2883 ct
286 2865 391 2892 magna:
400 2858 506 2894 synodi,
520 2866 581 2894 qua:
595 2856 691 2886 Nicaea:
705 2863 798 2886 coacta
813 2864 856 2887 est
872 2859 898 2886 in
913 2866 1031 2893 praesen-

1077 927 1117 954 ὂτι
1134 927 1164 952 ὲν
1180 928 1213 961 τῇ
1233 929 1270 961 μ’,
1292 926 1340 953 καὶ
1359 927 1387 952 ὲν
1405 928 1438 962 τῇ
1453 927 1545 962 ἡμέρᾳ
1569 926 1616 953 τοῦ
1629 927 1740 962 Πάσχα,
1753 926 1868 961 βασανί-

1078 972 1170 1005 ζονται
1178 973 1202 998 οἱ
1215 971 1312 1007 λῃσταί
1327 979 1334 986 ”
1348 972 1391 1006 ἐφ’
1402 969 1424 1006 ᾧ
1440 972 1557 1004 καὶτοὺς
1567 973 1726 1008 συνίστορας
1736 973 1866 1005 ἐξειπεῖν,

1078 1018 1123 1043 καὶ
1139 1017 1322 1052 διαφερόντως
1336 1017 1360 1043 ol
1372 1017 1492 1051 Ἴσαυροι
1508 1025 1515 1032 ·
1534 1017 1550 1052 ἡ
1562 1017 1590 1043 δὲ
1599 1020 1622 1050 γ’
1635 1017 1705 1044 διάτ.
1721 1016 1767 1043 τοῦ
1779 1017 1798 1043 δ⁴
1810 1018 1866 1045 τίτ.

1077 1062 1124 1089 τοῦ
1139 1066 1163 1089 α’
1179 1061 1248 1097 βιόλ.
1260 1062 1308 1089 τοῦ
1327 1062 1393 1089 κώδ.
1410 1063 1501 1097 φησὶν,
1515 1063 1556 1089 ὅτι
1570 1063 1599 1089 ὲν
1613 1064 1674 1094 ταῖς
1686 1063 1802 1099 ἡμέραις
1815 1063 1868 1098 τῆς

1078 1108 1249 1143 πασχαλίας,
1275 1108 1363 1140 οὐδεὶς
1389 1108 1542 1142 ὲγκλείεται
1569 1108 1585 1143 ἢ
1611 1109 1766 1144 δεσμεῖται,
1796 1109 1868 1144 πλὴν

1079 1154 1190 1189 μοιχοῦ,
1213 1154 1261 1181 καὶ
1280 1153 1474 1189 αἰσχρουργοῦ,
1501 1154 1548 1180 καὶ
1561 1153 1694 1188 ἅρπαγος,
1711 1153 1866 1189 παρθένων,

1078 1200 1125 1226 καὶ
1135 1198 1328 1234 τυμϐωρύχου,
1345 1199 1390 1226 καὶ
1401 1199 1509 1234 γόητος,
1524 1198 1571 1225 καὶ
1584 1199 1809 1234 παραχαράκτου,
1820 1200 1868 1226 καὶ

1078 1245 1191 1279 φονέως,
1207 1245 1255 1271 καὶ
1268 1244 1463 1280 πατροκτόνου,
1479 1245 1525 1271 καὶ
1535 1244 1678 1279 τυράννου.
1696 1245 1799 1276 Πάντες
1811 1246 1868 1280 γὰρ

1078 1286 1150 1316 οὗτοι
1171 1290 1287 1316 πάντοτε
1313 1288 1553 1324 ἁπολαμῦάνουσιν
1580 1289 1655 1321 ἅπαξ
1675 1288 1704 1315 δὲ
1737 1288 1818 1324 μόνον
1841 1289 1868 1315 οι

1078 1334 1166 1362 λοιποὶ
1183 1334 1424 1370 συγγινώσκονται.

1112 1392 1237 1419 ΚΕΦΑΔ.
1253 1390 1291 1419 B’.
1316 1406 1351 1411 —
1372 1391 1443 1426 Περὶ
1462 1392 1514 1419 τού
1523 1391 1599 1426 μήτε
1614 1391 1671 1426 τὴν
1684 1391 1775 1426 λεχὼ,
1790 1391 1869 1426 μήτε

1076 1438 1130 1466 τὸν
1144 1438 1178 1465 ἐκ
1190 1439 1286 1466 νόσου
1294 1437 1464 1472 δυνάμενον
1473 1437 1537 1465 οὐδ’
1546 1437 1634 1470 ὅπως,
1649 1437 1870 1474 ἀναγκάζεσθαι

1076 1483 1110 1510 τὸ
1133 1482 1242 1518 Πάσχα
1264 1483 1434 1517 νηστεύειν.

1298 1528 1436 1563 Τιμοθέου
1455 1528 1555 1555 κανὼν
1562 1532 1596 1564 η’,
1615 1528 1642 1556 ι’.

1117 1573 1279 1608 Ἐρώτησις
1287 1576 1326 1609 η’.
1347 1574 1418 1610 Γυνὴ
1433 1574 1480 1600 ἐὰν
1493 1576 1614 1611 γεννήσῃ
1624 1574 1662 1610 τῷ
1675 1574 1745 1609 άγίῳ
1756 1574 1870 1609 Πάσχα,

1075 1621 1100 1646 εί
1118 1620 1220 1654 ὀφείλει
1243 1618 1390 1654 νηστεῦσαι
1417 1621 1464 1646 καὶ
1493 1621 1530 1656 μὴ
1553 1622 1626 1647 πιεῖν
1650 1619 1732 1653 οῐνον,
1756 1620 1773 1655 ἡ
1800 1621 1873 1646 ἁπο-

1074 1666 1167 1693 λύεται
1181 1666 1231 1701 τῆς
1245 1665 1372 1701 νηστείας
1396 1666 1444 1692 καὶ
1472 1666 1519 1693 τοῦ
1549 1666 1638 1693 πίνειν
1664 1663 1736 1693 οἶνον
1761 1666 1807 1693 διὰ
1837 1666 1874 1693 τὸ

1075 1713 1205 1748 γεννῆσαι
1222 1721 1230 1746 ;

1116 1759 1298 1793 Ἀπόκρισις.
1319 1757 1351 1784 Ἣ
1369 1758 1482 1792 νηστεία
1509 1758 1641 1794 ἐπενοήθη
1672 1757 1716 1785 διὰ
1737 1758 1768 1785 τὸ
1786 1758 1874 1793 σῶμα

1075 1804 1243 1832 ταπεινῶσαι
1256 1811 1264 1819 ·
1276 1804 1299 1829 εί
1321 1801 1367 1829 οὖν
1379 1802 1410 1829 τὸ
1430 1803 1511 1838 σῶμα
1526 1805 1555 1830 ὲν
1570 1803 1692 1831 κακώσει
1711 1803 1758 1830 καὶ
1769 1811 1873 1830 ταπει-

1075 1851 1157 1877 νώσει
1175 1851 1242 1881 ἐστὶ,
1255 1850 1302 1877 καὶ
1313 1852 1342 1877 ἐν
1356 1848 1484 1885 ἀσθενείᾳ
1497 1850 1636 1884 τυγχάνει,
1656 1849 1760 1883 ὀφείλει
1781 1857 1873 1884 μετα-

1075 1895 1176 1929 λαϐεῖν,
1199 1896 1267 1923 καθὸ
1295 1897 1405 1925 δύναται
1428 1895 1574 1931 βαστάσαι,
1602 1895 1650 1922 καὶ
1683 1895 1786 1930 τροῳῆς
1819 1895 1874 1921 καὶ

1076 1941 1158 1968 ποτοῦ
1163 1961 1170 1968 .

1117 1987 1273 2022 Ἐρώτησις
1288 1987 1314 2016 ι’.
1343 1989 1405 2016 Ἐάν
1419 1997 1462 2020 τις
1508 1987 1631 2014 ἀσθενῶν
1643 2006 1651 2019 ,
1678 1986 1726 2013 καὶ
1738 1986 1876 2018 ὲκτακεὶς

1077 2033 1147 2060 πάνυ
1168 2033 1220 2059 ἀπὺ
1240 2034 1289 2068 τῆς
1303 2034 1405 2069 πολλῆς
1421 2033 1575 2064 ἀσθενείας,
1590 2032 1638 2059 καὶ
1654 2032 1725 2058 ἔλθοι
1740 2030 1771 2057 τὸ
1788 2031 1874 2065 ἆγιον

1077 2077 1181 2113 Πάσχα,
1214 2079 1238 2104 εἰ
1263 2079 1372 2110 πάντως
1399 2078 1503 2113 ὀφείλει
1529 2075 1689 2112 νηστεῦσαι,
1717 2075 1875 2111 ἡάπολὺει

1077 2125 1157 2151 αὐτὸν
1184 2125 1199 2150 ὁ
1230 2125 1358 2161 κληρικὸς
1387 2124 1537 2160 λαμϐάνειν
1565 2124 1579 2150 ὃ
1610 2123 1738 2154 δύναται,
1771 2122 1789 2157 ἢ
1824 2123 1876 2149 καὶ

1077 2169 1166 2197 ἔλαιον
1199 2171 1246 2197 καὶ
1282 2169 1354 2198 οἶνον
1386 2171 1432 2198 διὰ
1465 2171 1515 2206 τὴν
1539 2169 1640 2204 πολλὴν
1667 2167 1750 2195 αὑτοῦ
1786 2168 1876 2195 ἀσθέ-

1041 2223 1062 2250 ι)
1077 2224 1170 2249 νειαν;

1120 2263 1301 2298 Ἀπόκρισις.
1325 2261 1505 2289 ’Δπολύεσθαι
1529 2259 1877 2296 ὁφείλειμεταλαμὸἀνειν

1076 2307 1124 2335 καὶ
1137 2307 1191 2333 τῶν
1205 2307 1314 2343 τροφῶν
1334 2307 1380 2333 καὶ
1393 2307 1442 2333 τοῦ
1459 2306 1540 2333 ποτοῦ
1553 2307 1567 2332 ὁ
1587 2305 1709 2332 ἀσθενῶν
1725 2304 1739 2331 ὃ
1755 2304 1878 2331 δύναται

1078 2353 1227 2389 βαστάσαν
1245 2353 1275 2380 τὸ
1299 2354 1354 2388 γὰρ
1369 2353 1589 2388 μεταλαμϐάνειν
1613 2351 1704 2378 ἐλαίου
1722 2350 1768 2377 τὸν
1795 2351 1882 2383 ἅπαξ

1077 2399 1237 2432 ὲκτακέντα,
1256 2399 1360 2426 δίκαιόν
1376 2399 1459 2425 ἐστιν.

1079 2446 1202 2473 ΚΕΦΔΛ.
1217 2445 1296 2472 Γ’.-
1313 2444 1381 2478 Περὶ
1393 2443 1449 2478 τῆς
1461 2443 1572 2478 ἡμέρας
1589 2443 1638 2470 καί
1651 2443 1706 2479 τῆς
1720 2442 1801 2478 ὧρας
1816 2443 1881 2479 τῆς

1079 2491 1252 2526 πασχαλιιις
1273 2490 1324 2517 καὶ
1339 2490 1397 2517 τῶν
1413 2490 1593 2524 Θεοφανίων.

1294 2538 1488 2565 Ἀποστόλων
1501 2535 1602 2563 κανὼν
1616 2535 1648 2567 ζ’.

1115 2584 1147 2616 ζ’.
1163 2584 1197 2610 Εἴ
1209 2593 1250 2615 τις
1268 2583 1429 2615 ἐπίσκοπος,
1455 2582 1472 2618 ἡ
1497 2582 1692 2617 πρεσδύτερος,
1706 2580 1722 2615 ἡ
1735 2579 1879 2612 διάκονος,

1079 2630 1129 2666 τὴν
1158 2630 1239 2663 ἁγίαν
1259 2629 1306 2655 τοῦ
1337 2629 1431 2663 Πάσχα
1454 2629 1578 2664 ἡμέραν,
1602 2627 1654 2662 πρὸ
1683 2627 1732 2660 τῆς
1759 2626 1881 2661 ὲαρινῆς

1081 2676 1226 2711 ίσημερὶας
1270 2675 1339 2710 μετὰ
1373 2674 1507 2701 Ἰουδαίων
1551 2673 1721 2704 ἐπιτελέα-ει,
1772 2671 1879 2699 καθαι-

1082 2722 1191 2758 ρείσθω.

1222 2767 1359 2795 Συνόδου
1373 2766 1555 2802 ἈντιοχεΙας
1568 2765 1668 2792 κανὼν
1681 2767 1716 2791 α’.

1117 2817 1152 2841 α’.
1168 2813 1275 2845 Πάντας
1296 2813 1359 2845 τοὺς
1377 2812 1533 2848 τολμῶντας
1559 2810 1709 2845 παραλύειν
1739 2809 1785 2835 τὸν
1809 2809 1881 2844 696v

1083 2859 1131 2894 τῆς
1147 2859 1226 2893 ἁγίας
1241 2859 1286 2886 καὶ
1304 2858 1422 2894 μεγάλης
1440 2858 1560 2896 συνᾴδου,
1577 2856 1625 2891 τῆς
1640 2857 1668 2883 ἐν
1683 2855 1784 2889 Natat;
1805 2862 1884 2889 συχ-
