1954 3080
69 181 118 214 σιι

494 181 696 212 SYN'I‘AGMA
709 180 892 212 CANONUM
905 193 939 199 -
952 181 1028 211 ΤΙΤ.
1046 180 1095 218 VI,
1120 180 1189 210 CAP
1214 179 1239 210 Ι.

1647 174 1701 208 642

68 236 258 273 κροτηθείσης,
273 236 320 264 ἐπὶ
334 236 471 273 παρουσίᾳ
486 237 536 273 τῆς
551 237 692 268 εὐσεϐείας
706 237 754 264 τοῦ
764 237 858 271 θεοφι-

915 236 948 263 tia
972 236 1081 271 pietatis
1103 233 1304 270 religiosissimi
1333 230 1507 267 imperatoris
1522 230 1701 259 Constantini

68 282 196 308 λεστάτου
224 282 358 317 βασιλέως
382 282 598 315 Κωνσταντίνου,
623 282 690 317 περὶ
702 282 752 317 τῆς
775 281 858 316 ἁγίας

69 327 166 363 ἑορτῆς
188 327 236 354 τοῦ
252 327 442 364 σωτηριώδους
469 328 577 362 Πάσχα,
594 328 795 362 ἁκοινωνήτους
810 326 860 354 καὶ

67 373 239 409 ἀποὸλήτους
267 372 337 400 εῐναι
368 375 418 409 τῆς
448 374 623 409 Ἐκκλησίας,
653 375 678 400 εἰ
704 372 859 408 ἐπιμένοιεν

69 419 284 454 φιλονεικότερον
311 420 482 454 ἐνιστάμενοι
512 421 579 455 πρὸς
607 420 642 447 τὰ
669 419 759 451 καλῶς
784 419 858 445 δεδο-

67 465 165 500 γμένα.
187 466 241 492 Καὶ
257 466 342 492 ταῦτα
352 466 471 502 εἰρήσθω
488 468 551 501 περὶ
572 466 627 493 τῶν
648 466 760 492 λαῖκῶν.
783 466 815 492 El
829 464 857 491 δέ

67 520 108 543 τις
122 511 177 537 τῶν
190 511 371 545 προεστώτων
394 513 445 547 τῆς
467 512 632 547 Ἐκκλησίας
657 512 823 543 ἐπίσκοπος,
840 511 857 547 ἢ

67 556 264 592 πρεσὸύτερος,
280 558 296 592 ἢ
310 558 444 589 διάκονος,
459 558 528 593 μετὰ
544 558 589 585 τὸν
604 559 666 593 ὅρον
679 558 785 589 τοῦτον,
800 557 861 584 τολ-

68 603 182 638 μήσειεν
204 603 251 629 ἐπὶ
274 603 424 639 διαστροφῇ
446 604 500 629 τῶν
513 603 586 630 λαῶν
616 604 664 630 καὶ
684 604 789 638 ταραχῇ
806 602 860 629 τῶν

72 649 242 684 Ἐκκλησιῶν
259 649 379 682 ίδιάζειν,
400 650 447 676 καὶ
463 650 532 684 μετὰ
549 649 604 676 τῶν
624 649 758 676 Ἰουδαίων
769 649 859 675 ἐπιτε-

66 695 124 721 λεῖν
136 696 167 721 τὸ
179 696 284 730 Πάσχα,
296 696 389 722 τοῦτον
412 696 428 731 ὴ
448 695 515 728 ἁγία
539 695 648 727 σύνοδος
664 695 792 722 ἐντεῦθεν
807 694 858 730 ἠδη

68 740 208 776 ἀλλότριον
232 741 345 776 κέκρικε
374 740 423 774 τῆς
457 740 630 775 Ἐκκλησίας,
654 740 693 772 ὡς
719 741 750 766 οὺ
780 740 860 775 μόνον

67 786 160 821 ἑαυτῷ
186 786 323 822 ἁμαρτίας
346 787 560 822 ἐπισωρεύσντα,
589 786 658 813 ἀλλὰ
685 787 732 813 καὶ
751 787 859 818 πολλοῖς

66 832 216 866 διαφθορᾶς
231 832 278 858 καὶ
289 832 455 867 διαστροφῆς
469 832 556 858 αἴτιον
571 832 725 867 γινόμενον.
748 831 803 858 Καὶ
829 831 860 857 οὐ

69 877 150 912 μόνον
163 878 227 909 τοὺς
242 878 378 908 τοιούτους
393 877 521 913 καθαιρεῖ
533 877 582 912 τῆς
597 877 782 913 λειτουργίας,
794 877 862 904 ἀλλὰ

893 282 942 309 ~de
966 286 1064 309 sancto
1094 280 1164 309 festo
1188 278 1322 308 salutiferi
1338 277 1491 309 Paschatis,
1506 284 1568 305 esse
1587 284 1700 304 excom-

907 328 1075 361 municatos,
1098 331 1125 355 et
1151 326 1271 354 Ecclesia
1288 325 1389 360 ejectos
1415 323 1581 354 statuimus,
1606 323 1628 350 si
1652 323 1700 350 ad-

908 380 1003 400 versus
1032 380 1064 400 ea
1099 380 1160 407 quae
1183 375 1254 399 recte
1270 370 1379 398 decreta
1412 373 1476 397 sunt
1502 367 1702 396 contentiosius

910 419 1039 446 insistere
1069 417 1250 453 porrexerint.
1277 416 1311 443 Et
1334 416 1392 443 haec
1419 415 1530 450 quidem
1560 415 1593 441 de
1620 414 1700 442 [uicis

908 464 980 491 dicta
999 464 1064 491 sint.
1081 463 1109 490 Si
1127 464 1189 498 quis
1206 467 1298 490 autem
1323 469 1430 493 eorum,
1445 461 1490 495 qui
1507 463 1630 495 praesunt
1650 460 1702 487 Ec-

909 509 1016 542 clesiae,
1041 509 1200 544 episcopus,
1234 508 1276 534 vel
1306 507 1463 542 presbyter,
1489 506 1531 534 vel
1556 506 1700 540 diaconus,

909 553 1021 580 audebit
1042 558 1104 588 post
1125 554 1176 580 hoc
1196 553 1336 580 decretum
1352 551 1386 578 ad
1402 551 1564 586 populorum
1588 552 1703 579 subver—

910 599 1015 626 sionem
1039 603 1067 626 et
1096 598 1281 626 Ecclesiarum
1310 597 1544 632 perturbationem
1575 604 1701 625 seorsum

910 651 1010 678 agere,
1037 649 1066 671 et
1091 643 1198 671 Pascha
1226 651 1289 670 cum
1313 641 1415 669 Iudaeis
1439 649 1578 677 peragere,
1609 647 1703 670 sancta

911 691 1034 724 synodus
1065 697 1128 717 eum
1157 689 1259 717 abhinc
1285 689 1405 716 alienum
1432 696 1495 716 esse
1519 688 1554 715 ab
1580 688 1704 716 Ecclesia

909 734 1055 768 judicavit,
1083 739 1113 762 ut
1127 734 1173 768 qui
1189 742 1245 761 non
1270 734 1323 761 sibi
1348 733 1437 761 solum
1468 732 1582 768 peccati,
1605 733 1652 760 sed
1677 737 1705 760 et

913 779 1006 806 multis
1020 779 1096 806 exitii
1110 783 1139 806 et
1154 779 1346 807 subversiOnis
1371 786 1454 806 causa
1481 777 1564 805 fuerit
1581 786 1588 805 :
1604 782 1632 805 et
1648 785 1703 805 non

913 825 1001 852 solum
1019 832 1067 852 eos
1079 833 1095 852 a
1111 825 1267 852 ministerio
1281 824 1409 859 deponit,
1423 824 1470 852 sed
1484 828 1511 851 et
1529 831 1576 851 eos
1591 824 1639 858 qui
1655 831 1706 850 au-

912 871 978 897 dent
1007 871 1042 898 iis
1067 871 1274 898 communicare
1289 875 1350 905 post
1370 870 1581 905 depositionem.
1613 869 1706 904 Depo-

68 923 118 950 καὶ
145 924 209 955 τοὺς
237 923 394 957 τολμῶντας
414 923 520 955 τούτοις
544 924 683 950 κοινωνεῖν
713 923 782 957 μετὰ
813 923 862 958 τὴν

915 916 982 943 sitos
1006 921 1098 943 autem
1116 916 1198 943 etiam
1227 921 1341 943 externo
1365 916 1470 943 honore
1493 916 1605 950 privari,
1626 915 1706 950 cujus

67 968 229 1004 καθαίρεσιν
242 976 249 984 ·
271 969 335 1000 τοὺς
345 968 373 994 δὲ
395 968 621 1004 καθαιρεθέντας,
646 968 860 1002 ἀποστερεῖσθαι

915 966 1026 990 sanctus
1043 969 1133 989 canon
1152 967 1179 989 et
1197 961 1244 989 Dei
1259 962 1449 989 sacerdotium
1469 961 1521 988 fuit
1535 961 1685 996 particeps.

67 1015 179 1048 καὶτῆς
193 1014 293 1047 ἔξωθεν
309 1014 405 1049 τιμῆς,
418 1011 451 1050 ἧς
464 1015 479 1040 ὁ
499 1015 577 1048 ἅγιος
599 1013 690 1040 κανὼν
711 1014 758 1040 καὶ
771 1013 801 1040 τὸ
815 1013 862 1040 τοῦ

67 1060 138 1086 Θεοῦ
160 1061 290 1094 ἱερατεῐον
307 1060 478 1095 μετείληφεν.

158 1114 295 1141 Συνόδου
311 1114 522 1150 Καρθαγέννης
542 1114 644 1141 κανὼν
658 1117 707 1147 va’,
723 1117 773 1148 01'.

105 1158 196 1186 Ὥστε
202 1158 261 1186 ἀπὸ
274 1159 329 1194 τῆς
337 1160 505 1193 ἐκκλησίας
516 1158 709 1194 Καρχηδόνος
719 1158 863 1194 ἀγγέλλε-

65 1207 139 1234 σθαι
151 1206 210 1241 τὴν
217 1206 336 1242 ἡμέραν
351 1206 404 1233 τοῦ
419 1206 535 1241 Πάσχα.

105 1265 155 1290 va’.
182 1263 332 1297 Ὁνωράτος
347 1262 395 1290 καὶ
404 1262 543 1298 Οὑρῦανδς
558 1262 583 1288 οἱ
608 1262 752 1289 ἐπίσκοποι
771 1259 861 1288 εἴπονο

72 1308 187 1344 Ἐπειδὴ
210 1309 244 1336 τὰ
267 1310 295 1336 ἐν
322 1309 361 1345 τῷ
384 1309 588 1344 κομμονιτορίῳ
610 1308 690 1344 ἡμῶν
705 1309 796 1335 πάντα
822 1308 864 1334 δεῐ

64 1353 209 1387 συζεῦξαι,
231 1355 413 1391 προστίθεμεν
438 1354 478 1382 ἔτι
499 1355 553 1390 μὴν
570 1355 680 1382 svum
702 1355 770 1390 ἡμῖν
796 1354 862 1390 περὶ

63 1399 119 1434 τῆς
135 1399 241 1434 ἡμέρας
253 1399 300 1426 τοῦ
316 1400 423 1435 Πάσχα,
441 1399 484 1426 ῐνα
500 1399 571 1426 κατὰ
583 1399 613 1426 τὸ
629 1399 734 1431 εἰωθὸς,
749 1399 804 1425 ἀπὸ
811 1398 862 1434 τῆς

70 1444 239 1480 Ἐκκλησιας
258 1445 433 1481 Καρχηδόνος
448 1446 491 1473 ἀεὶ
512 1445 798 1481 παρασκευαζώμεθα,
814 1446 862 1472 καὶ

66 1490 108 1527 μὴ
123 1492 152 1517 ἐν
168 1491 254 1533 στενῷ
272 1491 318 1518 τοῦ
331 1491 428 1527 χρόνου
438 1492 614 1527 διαστήματι.

103 1548 240 1584 Αὐρήλιος
258 1548 407 1580 ἐπίσκοπος
430 1546 517 1575 εἶπεν·
543 1548 607 1575 Ἐὰν
633 1548 700 1583 δοκῇ
717 1548 749 1582 τῇ
776 1547 862 1580 ἁγιω-

1003 1110 1116 1139 Cancilii
1138 1111 1357 1146 Carthaginensis
1377 1119 1490 1138 canones
1508 1110 1554 1138 51.
1571 1111 1616 1139 75.

951 1156 984 1184 Ut
1011 1157 1044 1185 de
1071 1157 1181 1185 ecclesia
1207 1157 1381 1192 Carthaginis
1410 1158 1465 1184 dies
1496 1156 1609 1184 Pascha:
1639 1164 1707 1183 nuu-

914 1208 1006 1230 ttrlur.

946 1261 991 1288 51.
1011 1261 1167 1288 Honoratus
1183 1259 1205 1276 ⁸³
1218 1259 1316 1296 (ﬂuet
1330 1258 1458 1287 Urbanus
1476 1259 1595 1294 episcopi
1625 1258 1703 1287 dixe-

912 1310 977 1333 runt
1001 1314 1008 1332 ι
1032 1305 1168 1338 Quoniam
1192 1305 1226 1333 de
1251 1305 1462 1333 commonitorio
1489 1310 1586 1332 nostro
1612 1305 1704 1333 omnia

913 1356 1029 1379 tractata
1048 1356 1214 1384 noscuntur,
1230 1351 1360 1379 addimus
1374 1353 1456 1379 etiam
1472 1351 1507 1378 de
1529 1352 1573 1378 die
1594 1352 1709 1381 Pascha;

912 1397 992 1424 nobis
1009 1404 1071 1424 esse
1086 1397 1256 1430 mandatum,
1275 1401 1304 1423 ut
1317 1397 1351 1424 de
1369 1397 1490 1424 Ecclesia
1511 1405 1620 1432 semper
1634 1397 1705 1424 Car-

913 1442 1078 1477 thuginensi,
1096 1443 1178 1470 siculi
1195 1443 1308 1475 aSsolet,
1327 1442 1512 1475 instruamur,
1534 1446 1561 1469 et
1577 1450 1633 1470 non
1654 1444 1707 1471 sub

911 1492 1029 1521 angusto
1044 1487 1176 1522 temporis
1193 1487 1293 1522 spatio.

949 1543 1030 1578 179
1051 1543 1181 1571 Aurelius
1211 1545 1358 1579 episcopus
1379 1545 1454 1573 dixit
1482 1554 1490 1573 :
1511 1546 1540 1573 Si
1567 1545 1707 1575 sanctitati

65 1594 139 1630 σύνῃ
155 1593 243 1629 ὑμῶν,
260 1594 355 1629 ἐπειδὴ
371 1594 535 1630 μεμνήμεθα
546 1593 597 1628 ήδη
618 1594 650 1620 ἐκ
666 1593 765 1621 πολλοῦ
787 1593 861 1628 ἡμᾶς

915 1595 1011 1617 vestra:
1031 1589 1148 1622 videtur.
1170 1591 1300 1625 quoniam
1325 1599 1376 1619 nos
1393 1592 1576 1627 spopondisse
1595 1591 1707 1627 jamdu-

64 1639 328 1674 ἐπαγγειλαμένους,
346 1639 416 1666 ὥστε
431 1641 460 1667 ἐν
471 1639 595 1671 ἑκάστοις
611 1639 746 1670 ἐνιαυτοῖς
763 1638 862 1673 συνέρ-

65 1685 165 1721 χεσθαι
190 1685 258 1721 πρὸς
275 1686 306 1712 τὸ
327 1686 465 1721 συζητεῖν,
480 1685 546 1712 ὅταν
569 1687 609 1717 εἰς
631 1685 660 1712 ἓν
676 1685 860 1720 συνέλθωμεν,

65 1731 132 1758 τότε
168 1731 356 1767 διαδοθήσεται
388 1731 436 1758 τοῦ
473 1732 553 1766 ἁγίου
580 1732 676 1766 Πάσχα
704 1732 721 1767 ἢ
748 1731 860 1766 ἡμέρα,

67 1777 117 1804 διὰ
146 1776 202 1803 τῶν
238 1776 464 1813 εὑρεθησομένων
494 1778 524 1804 ἐν
551 1779 585 1814 τῇ
616 1778 719 1813 συνόδῳ
746 1785 861 1812 τοποτη-

69 1822 174 1858 ρητῶν.

114 1868 265 1903 Ὁνωράτος
277 1869 325 1896 καὶ
338 1869 477 1904 οὐρσανὺς
491 1870 516 1895 ol
532 1868 677 1895 ἐπίσκοποι
697 1866 785 1894 εἶπον·
802 1867 861 1894 Νῦν

65 1912 114 1940 διὰ
146 1914 198 1948 τῆς
234 1914 378 1949 παρούσης
407 1913 589 1945 συνελεύσεως
623 1913 770 1948 αἰτοῦμεν,
812 1913 858 1939 ἵνα

66 1959 216 1995 γράμμασι
240 1960 364 1987 τυπῶσαι
387 1959 438 1992 τὰς
456 1960 593 1995 ἡμετέρας
616 1959 751 1994 ἐπαρχίας
776 1967 862 1986 κατα-

67 2005 201 2040 ξιώσητε.

106 2051 243 2087 Δὺρήλιος
275 2051 425 2083 ἐπίσκοπος
465 2049 553 2078 εἶπεν·
589 2051 753 2085 ’Λναγκαῐόν
786 2051 860 2077 ἐστιν

66 2097 159 2130 οὕτως
173 2098 312 2132 γενέσθαι.

104 2153 178 2190 Περὶ
192 2156 246 2184 τοῦ
259 2156 319 2191 τὴν
327 2156 442 2192 ἡμέραν
448 2156 501 2184 τοῦ
514 2156 633 2191 Πάσχα,
656 2156 690 2182 ἐν
708 2154 746 2190 τῇ
766 2153 862 2189 ἡμέρᾳ

66 2201 126 2238 τῆς
148 2203 282 2230 συνόδου
302 2203 514 2238 ἁγγέλλεσθαι.

915 1637 982 1665 dum
998 1639 1185 1670 meminimus,
1209 1644 1239 1665 ut
1262 1639 1377 1674 singulis
1395 1640 1550 1674 quibusque
1573 1640 1654 1667 annis
1671 1640 1705 1667 ad

916 1683 1091 1710 tractandum
1108 1684 1318 1718 conveniamus,
1333 1690 1361 1712 et
1373 1692 1436 1713 cum
1453 1687 1663 1714 convenerilnus
1678 1687 1706 1714 in

915 1734 1012 1761 unum,
1036 1732 1094 1756 tum
1119 1729 1293 1763 evulgahitur
1310 1734 1424 1759 sanctus
1441 1731 1554 1760 Pascha
1577 1731 1636 1760 dies
1659 1740 1708 1767 per

915 1773 1018 1810 legatos
1026 1774 1074 1810 qui
1088 1774 1226 1803 adfuerint
1242 1776 1370 1804 concilio.

950 1865 1105 1892 Honoratus
1123 1870 1151 1893 et
1167 1865 1296 1894 Urbanus
1315 1867 1436 1902 episcopi
1453 1867 1582 1895 dixerunt
1604 1877 1611 1896 :
1629 1867 1708 1896 Nunc
1732 1884 1735 1887 -

915 1909 949 1937 de
969 1912 1097 1945 praesenti
1122 1917 1194 1939 coetu
1212 1913 1339 1947 petimus,
1367 1918 1398 1941 ut
1413 1913 1513 1942 litteris
1538 1914 1707 1949 provinciam

916 1961 1037 1984 nostram
1051 1957 1086 1985 de
1103 1958 1156 1985 hac
1172 1958 1216 1985 die
1236 1958 1387 1987 informare
1402 1959 1553 1995 dignemini
1571 1960 1641 1995 (48).

949 2049 1077 2077 Aurelius
1096 2050 1242 2085 episcopus
1254 2049 1323 2078 dixit
1339 2058 1346 2078 :
1363 2049 1401 2077 Ita
1420 2049 1466 2078 ﬁat
1485 2058 1602 2078 necesse
1617 2055 1668 2079 est.

992 2154 1070 2182 Diem
1095 2155 1216 2189 Pace/ue,
1233 2156 1275 2184 die
1297 2157 1404 2184 concilii
1423 2157 1611 2185 nuntiandum.

104 2263 156 2294 ογθ.
174 2259 289 2296 Ὁμοίως
301 2260 408 2296 ἠρεσεν,
419 2260 489 2287 ὥστε
503 2261 669 2303 τὴνίίιμέραν
679 2261 726 2287 τοῦ
740 2268 860 2296 προσκυ-

951 2264 994 2293 75.
1011 2265 1078 2293 Item
1102 2266 1206 2301 placuit
1228 2267 1251 2283 “
1285 2272 1315 2295 ut
1335 2267 1394 2296 dies
1415 2268 1576 2297 venerabilis
1596 2269 1708 2299 Paschae

67 2305 154 2342 νητοῦ
170 2306 277 2341 Πάσχα,
294 2306 338 2332 διὰ
352 2306 402 2341 τῆς
414 2306 468 2333 τῶν
480 2306 680 2341 τετυπωμένων
698 2305 862 2341 ὑπογραφῆς

67 2352 155 2378 πᾶσιν
169 2350 365 2386 ἐμφανίζεσθαι
377 2360 383 2367 ·
404 2351 457 2386 ήδέ
469 2351 520 2387 τῆς
534 2351 643 2378 συνόδου
656 2351 748 2387 ἡμέρα
761 2352 778 2386 ἠ
793 2351 862 2387 αὑτὴ

67 2396 207 2431 φυλαχθῇ,
243 2396 304 2432 ἥτις
331 2395 435 2432 ὡρίσθη
457 2397 486 2423 ὲν
503 2398 536 2432 τῇ
560 2397 588 2423 ἐν
611 2396 724 2423 Ὶππῶνι
752 2396 863 2432 συνόδῳ,

66 2441 209 2469 τουτέστιν
217 2442 234 2477 ἡ
242 2442 294 2477 πρὸ
304 2442 370 2469 δέκα
387 2442 534 2469 Καλανδῶν
544 2443 749 2478 Σεπεμὸρίωνο
762 2443 864 2477 ὀφείλει

66 2488 123 2524 γὰρ
144 2488 192 2514 καὶ
212 2489 350 2523 γραφῆναι
369 2488 437 2524 πρὸς
456 2488 736 2524 τοὺφπρωτεύοντας
769 2488 864 2517 πασῶν

66 2534 123 2561 τῶν
133 2534 285 2570 ἐπαρχιῶν,
300 2535 345 2562 ἵνα
358 2535 403 2561 ὅτε
417 2534 483 2570 παρ’
494 2535 602 2566 ἑαυτοῖς
617 2535 726 2562 σύνοδον
738 2544 862 2571 προσκα-

67 2580 190 2613 λοῦνται,
201 2580 304 2616 ταύτην
318 2580 367 2617 τὴν
381 2581 490 2618 ἡμέραν
502 2581 684 2617 φυλάττωσιν.

915 2311 1094 2340 formatarum
1109 2313 1310 2349 subscriptione
1324 2315 1454 2343 omnibus
1467 2315 1626 2351 intimetur;
1646 2317 1707 2345 dies

917 2365 982 2385 vero
1009 2358 1119 2386 concilii
1147 2359 1218 2387 idem
1248 2365 1389 2394 servetur,
1408 2361 1455 2397 qui
1481 2361 1509 2389 in
1539 2361 1705 2397 llipponensi

914 2404 1030 2431 concilio
1062 2404 1230 2432 constitutus
1251 2409 1306 2439 est,
1329 2406 1356 2433 id
1378 2412 1436 2440 est,
1461 2415 1478 2434 ι
1501 2406 1637 2436 Kalendas
1656 2409 1706 2437 Se-

914 2449 1057 2483 ptembris.
1083 2450 1118 2477 Et
1136 2451 1311 2479 scribendum
1329 2453 1363 2480 ad
1383 2453 1552 2488 singularum
1574 2462 1706 2488 quarum-

914 2502 968 2530 que
995 2496 1199 2530 provinciarum
1228 2496 1378 2533 primates,
1398 2503 1428 2525 ut
1447 2500 1556 2534 quando
1579 2499 1650 2535 apud
1675 2507 1706 2528 se

912 2539 1060 2567 concilium
1093 2545 1276 2577 congregant,
1309 2542 1393 2570 istum
1425 2543 1497 2572 diem
1530 2552 1584 2572 non
1616 2545 1704 2580 impc«

914 2584 992 2612 diant
1007 2584 1075 2621 (49).

102 2669 128 2686 ⁵³
150 2668 237 2697 Conc.
250 2669 335 2698 Afric.
351 2677 376 2698 c.
394 2670 439 2697 18.
478 2670 501 2686 ⁸⁵
514 2669 599 2698 Conc.
619 2670 748 2707 Carthag.
761 2679 788 2705 v,
802 2679 861 2708 cap.
873 2672 907 2705 7;
919 2672 1005 2700 Afric.
1017 2680 1078 2701 can.
1093 2674 1138 2701 40.

102 2759 162 2795 (s7)
182 2759 271 2800 Cone:
290 2759 429 2800 βορηίης.
454 2767 494 2800 ιιι,
521 2766 584 2794 cap.
610 2759 669 2800 4)..
684 2759 714 2800 In
742 2760 862 2800 epitome

67 2793 213 2835 Canopum
231 2794 344 2835 Adriani
361 2793 448 2835 papae,
464 2795 523 2835 haec
536 2793 651 2835 canonis
662 2795 742 2824 istius
753 2793 861 2835 ét__sub-

68 2830 285 2871 sequentisnsub
299 2830 497 2871 un'olemiuate
516 2829 650 2871 blcviatio
662 2834 730 2871 est:
747 2840 756 2857 ι
771 2831 811 2871 _Ut
825 2832 861 2859 de

68 2863 193 2893 Ecclesia
211 2864 432 2900 Carthaginiensi
456 2864 515 2892 dies
528 2864 639 2892 Pascha;
655 2864 792 2892 Africanis
811 2874 858 2893 ec-

68 2899 162 2929 clesiis
173 2901 318 2929 nuntietur
343 2899 487 2935 episcopis,
507 2905 536 2928 et
549 2900 723 2928 discutiatur.
741 2900 856 2928 Interio-

913 2760 1143 2802 cptiohlloporati
1167 2767 1195 2790 et
1224 2763 1326 2802 Urbani
1353 2765 1545 2802 episcoporum
1571 2764 1612 2802 Sit
1693 2787 1702 2794 .

913 2795 1082 2824 Mauritaniae
1096 2797 1121 2824 le
1143 2817 1150 2824 .
1173 2817 1180 2825 .
1203 2817 1211 2825 .
1236 2819 1243 2826 .
1264 2809 1273 2825 ι
1294 2800 1353 2828 Hoc
1369 2795 1421 2828 est.
1442 2795 1456 2826 ἱ
1472 2800 1610 2828 Sitifensis
1628 2801 1704 2828 Mau-

910 2832 1018 2859 ritania:
1034 2831 1196 2865 legatorum.
1215 2843 1225 2859 ο

946 2866 1005 2937 ἓιίεῖ
1025 2866 1130 2894 Desunt
1149 2868 1190 2895 ha:
1209 2876 1289 2896 voces
1305 2869 1331 2895 in
1344 2869 1449 2897 Graeco.

958 2901 991 2930 49
1018 2900 1076 2930 Hoc
1089 2907 1141 2936 est,
1162 2912 1171 2929 ι
1192 2903 1275 2931 istum
1291 2904 1361 2932 diem
1378 2907 1449 2933 obscl

958 2900 1003 2936 49)
1018 2900 1076 2930 Hoc
1089 2907 1141 2936 est,
1162 2912 1171 2929 ι
1192 2903 1275 2931 istum
1291 2904 1361 2932 diem
1378 2907 1533 2933 observent.
1556 2914 1565 2931 ι
