1954 3080
243 173 295 205 643

391 229 506 258 Concilii
516 232 668 260 acumenici
679 239 705 260 vt
719 240 803 260 canon
819 233 862 260 89.

278 274 323 302 89.
333 274 396 303 Dies
409 275 548 304 salutifera
569 278 715 312 passionis,
735 282 789 305 etc.
814 283 843 305 ut
859 286 941 313 supra
963 287 1025 315 pag.

245 321 308 348 638.

1040 235 1062 260 Α

516 368 590 395 Petri
601 377 686 396 canon
702 368 746 395 15.

279 411 323 438 15.
336 410 394 438 Νοη
411 411 589 446 reprehendet
606 420 656 440 nos
668 413 803 447 quispiam
829 418 898 446 etc.,
909 417 938 440 ut
948 421 1031 448 supra

244 465 306 492 pag.
322 457 384 484 658.

247 501 327 536 180
353 501 471 536 Dionysii
492 509 524 528 ea:
547 502 659 536 cpistola
675 502 710 529 ad
726 502 870 530 Basiliden:
895 511 980 530 canon
1004 504 1029 531 Ι.

281 589 307 615 1.
324 587 387 615 llaec
408 592 497 615 autem
519 596 582 616 cum
600 589 636 616 ita
656 597 685 617 se
697 590 824 622 habeant,
852 591 902 618 hoc
924 592 957 619 iis
983 592 1029 626 qui

244 634 397 661 accuratius
429 634 611 669 subtiliusque
644 636 827 669 considerant,
854 638 1030 666 enuntiamus

243 683 326 713 quota
342 679 419 712 liora,
438 679 481 706 vel
502 680 583 707 etiam
604 682 771 709 semiborula
792 683 834 710 vel
862 687 959 717 quarta
982 684 1031 711 Ιιο-

245 732 285 755 ra,
301 729 408 758 oportet
430 725 550 760 incipere
570 726 690 754 laetitiam
718 727 754 755 ob
770 727 879 756 Domini
900 729 988 756 nostri
1014 737 1030 756 a

245 771 360 798 mortuis
382 773 623 800 resurrectionem.
653 773 704 801 Eos
719 774 829 808 quidem
844 775 892 810 qui
916 775 1029 802 nimium

246 816 386 849 festinant,
411 823 438 845 et
464 824 527 846 ante
562 819 677 847 mediam
717 825 825 847 noctem
851 824 977 855 surgunt,
1002 826 1032 848 ut

246 867 448 898 contemptores
464 869 492 892 et
504 865 715 900 intemperantes
740 866 976 900 reprehendimus,
1003 871 1031 894 ut

246 908 292 943 qui
327 909 521 943 propemodum
532 914 677 944 antequam
692 918 742 946 par
759 911 804 943 sit,
821 919 934 939 cursum
949 912 1029 940 abru-
1045 920 1067 948 Β

246 954 345 988 perint.
362 954 468 982 dicente
486 956 545 983 viro
564 956 686 990 sapiente
704 965 711 984 :
737 955 809 984 (Non
825 965 922 992 parum
949 958 1033 984 estin

246 1000 300 1026 vita
328 1000 399 1035 quod
425 1008 519 1034 parum
547 1002 632 1029 abest.
656 1011 665 1027 ι
687 1001 740 1030 Eos
768 1007 858 1030 autem
885 1003 931 1037 qui
954 1003 1033 1030 diﬂ‘e-

246 1049 319 1078 runt,
344 1049 372 1072 ct
390 1046 538 1079 plurimum
559 1047 710 1082 perierunt,
738 1052 765 1076 et
781 1048 814 1076 ad
842 1052 968 1083 quartam
985 1055 1034 1076 us-

247 1099 300 1127 que
342 1092 460 1126 vigiliam
500 1092 606 1121 fortiter
642 1094 791 1128 abstinent,
821 1095 848 1122 in
875 1103 928 1130 qua
952 1096 1035 1123 etiam

248 1138 440 1174 navigantibus
463 1138 593 1166 Servator
615 1144 710 1167 noster
738 1139 764 1168 in
793 1141 862 1167 mari
892 1140 1036 1168 ambulans

249 1184 385 1218 apparuit,
411 1188 440 1211 ut
460 1186 654 1219 generosos‘et
683 1185 806 1213 laborum
827 1186 976 1213 tolerantes
987 1193 1036 1213 su-

249 1228 391 1263 scipimus.
411 1228 446 1255 lis
464 1233 555 1256 autent
581 1229 627 1264 qui
647 1229 749 1256 interea
761 1233 791 1256 ut
807 1229 872 1257 moti
906 1233 981 1261 sunt,
995 1229 1037 1256 vel

251 1279 280 1301 ut
302 1278 458 1308 potuerunt,
484 1274 640 1309 quiescunt,
670 1282 725 1303 non
752 1276 830 1303 valde
863 1275 971 1302 molesti
999 1275 1038 1303 sic

250 1326 334 1346 mus:
370 1319 587 1354 quandoquidem
629 1328 679 1348 nec
704 1327 751 1348 sex
782 1320 948 1356 jejuniornm
981 1321 1039 1348 dies

251 1366 402 1399 :equaliter,
420 1373 470 1392 nec
481 1365 605 1393 similiter
618 1373 714 1393 omnes
730 1370 889 1400 exspectant
905 1375 912 1400 ;
929 1367 974 1394 sed
993 1366 1038 1394 alii

252 1412 373 1446 quidem,
393 1412 435 1438 vel
453 1420 548 1439 omnes
565 1413 763 1446 transmittunt,
780 1413 865 1448 jejuni
879 1421 1039 1448 permanen-

253 1462 303 1488 tes,
335 1456 380 1483 alii
404 1457 483 1490 duos,
503 1457 548 1484 alii
574 1461 639 1490 tres,
656 1458 840 1492 aliiquatuor,
858 1459 903 1486 alii
921 1459 1038 1485 nullum.

252 1502 285 1528 Et
301 1502 334 1529 iis
362 1503 470 1536 quidem
502 1503 547 1538 qui
577 1503 604 1530 in
640 1504 694 1531 illis
720 1504 938 1532 transmittendis
962 1504 1041 1531 valde

253 1547 472 1581 laboraverunt,
510 1548 607 1576 deinde
644 1549 744 1577 defessi
779 1553 806 1577 et
845 1550 1040 1584 propemodum

825 176 956 207 ΡΙΙΟΤΙΙ
972 176 1224 207 ΡΑΤΒΙᾹΒΕΗΕ
1248 176 1303 206 CP.

1811 174 1863 206 644

1147 230 1278 258 Συνόδου
1297 230 1508 265 οἰκουμενικῆς
1523 230 1614 264 ἕκτης
1625 230 1726 258 κανὼν
1740 230 1796 258 πθ’.

1115 277 1171 308 Τὰς
1183 276 1231 303 τοῦ
1251 276 1387 311 σωτηρίου
1397 276 1500 307 πάθους
1520 276 1638 312 ἡμέρας,
1657 284 1686 303 κ.
1703 284 1730 303 τ.
1743 276 1769 304 λ.

1326 363 1440 397 Πέτρου
1466 364 1566 390 κανὼν
1584 366 1625 390 ιε’.

1115 414 1155 437 ιε’.
1166 410 1223 437 Οὐκ
1233 409 1376 444 ἐγκαλέσει
1386 417 1427 441 τις
1439 409 1515 444 ἡμῖν,
1529 418 1556 436 κ.
1569 417 1594 436 τ.
1609 409 1634 436 λ.

1079 498 1239 525 Διονυσίου
1264 497 1298 524 ἐκ
1317 497 1374 532 τῆς
1403 498 1478 541 ,πρὸς
1504 499 1687 542 Βιισιλείδην
1704 498 1870 533 ἐπιστολῆς

1399 541 1500 559 κανων
1512 542 1530 560 α
1540 553 1547 560 .

1115 591 1150 616 α’.
1163 588 1271 615 Τούτων
1285 588 1372 620 οὓτως
1384 589 1510 624 ἑχόντων,
1521 588 1600 616 τοῦτο
1613 591 1669 622 τοῖς
1681 590 1872 625 ἀκριϐολογου-

1082 635 1171 670 μένοις
1185 633 1401 670 ἀποφαινόμεθα,
1422 635 1493 662 κατὰ
1505 636 1584 662 ποίαν
1600 635 1674 670 ὤραν
1689 636 1706 672 ἢ
1724 637 1771 664 καὶ
1793 639 1870 663 ποῖον

1080 681 1213 717 ήμιώριον
1241 680 1346 716 ἦῶρας
1371 681 1499 715 τέταρτον
1520 681 1784 717 ἄρχεσθαιπροσῆκε
1815 683 1866 718 τῆς

1080 727 1127 753 ἐπὶ
1140 727 1173 762 τῇ
1185 725 1232 752 τοῦ
1245 726 1346 760 Κυρίου
1355 726 1433 760 ἡμῶν
1444 727 1476 752 ὲκ
1490 727 1593 762 νεκρῶν
1604 727 1751 755 ἀναστάσει
1766 729 1852 764 χαρᾶς
1863 736 1870 744 ⁸

1080 773 1144 804 τοὺς
1157 773 1207 807 μὲν
1218 771 1279 799 λίαν
1297 771 1518 806 ὲπιταχύνοντας,
1530 773 1576 799 καὶ
1596 773 1648 808 πρὸ
1675 774 1771 806 νυκτδς
1797 775 1867 809 ταχὺ

1082 818 1164 850 ὲγγὺς
1185 817 1236 852 ήδη
1259 816 1396 852 μεσούσης
1416 817 1562 849 ἀνιέντας,
1581 818 1618 850 ὡς
1645 819 1794 855 ὀλιγώρους
1823 821 1872 846 καὶ

1082 864 1212 898 ἀκρατεῖς
1238 862 1415 897 μεμφόμεθα,
1431 863 1496 898 παρ’
1515 863 1605 898 ὀλίγον
1629 865 1869 899 προκαταλὺοντας

1081 908 1127 934 τὸν
1147 908 1246 943 δρόμον
1261 916 1268 922 ·
1293 908 1417 942 λέγοντος
1441 908 1536 944 ἀνδρὸς
1553 910 1645 944 σοφοῦ·
1659 911 1696 937 οὑ
1722 913 1820 946 μικρὸν
1843 913 1872 939 ὲν

1084 952 1134 988 βίῳ
1151 952 1182 979 τὸ
1196 952 1272 987 παρὰ
1301 952 1398 986 μικρόν
1412 960 1420 968 ·
1437 953 1500 984 τοὺς
1524 952 1552 978 δὲ
1574 954 1801 989 ἐφυστερίζοντας
1826 956 1874 982 καὶ

1083 998 1261 1033 διαρκοῦντας
1272 998 1318 1024 ἐπὶ
1332 997 1468 1028 πλεῖστον,
1487 998 1534 1024 καὶ
1553 998 1632 1033 μέχρι
1657 1000 1790 1035 τετάρτης
1815 1009 1868 1035 φυ-

1084 1044 1170 1077 λακῆς
1186 1043 1434 1078 ὲγκαρτεροῦντας,
1450 1043 1510 1070 καθ’
1527 1043 1560 1079 ἥν
1580 1044 1627 1071 καὶ
1641 1045 1697 1076 τοῖς
1714 1046 1842 1073 πλέουσιν
1856 1047 1871 1073 6

1085 1088 1180 1124 Σωτὴρ
1195 1088 1273 1124 ἡμῶν
1286 1087 1445 1123 περιπατῶν
1461 1088 1508 1114 ἐπὶ
1524 1089 1574 1123 τῆς
1586 1089 1722 1125 θαλάσσης
1739 1091 1875 1125 ἐπεφάνη,

1086 1134 1123 1166 ὡς
1140 1135 1280 1168 γενναίους
1294 1133 1341 1160 καὶ
1361 1133 1520 1169 φιλοπόνους
1539 1135 1725 1170 ἀποδεξόμεθα
1737 1145 1745 1152 ·
1759 1138 1822 1168 τοὺς
1845 1137 1875 1163 δὲ

1088 1180 1200 1216 μεταξὺ,
1216 1180 1253 1212 ὡς
1270 1179 1446 1215 ἐκινήθησαν,
1466 1180 1482 1215 ἢ
1497 1179 1534 1212 ὡς
1555 1180 1737 1217 ἠδυνήθησαν,
1750 1183 1874 1210 ἀναπαυ-

1088 1227 1232 1261 σαμένους,
1263 1226 1301 1261 μὴ
1319 1225 1390 1252 πάνυ
1416 1225 1564 1260 διοχλῶμεν
1576 1234 1583 1241 ·
1611 1227 1672 1253 ἐπεὶ
1689 1227 1757 1262 μηδὲ
1773 1228 1824 1260 τὰς
1844 1228 1875 1261 ἐξ

1087 1273 1143 1300 τῶν
1152 1272 1283 1308 νηστειῶν
1297 1272 1405 1308 ἡμέρας
1421 1271 1485 1304 ἴσως
1507 1272 1573 1307 μηδὲ
1588 1272 1689 1307 ὁμοίως
1703 1274 1803 1305 πάντες
1816 1274 1878 1301 διας

1092 1318 1236 1353 μένουσιν·
1255 1317 1311 1344 ἀλλ’
1339 1318 1365 1344 οι
1402 1317 1452 1353 μὲν
1479 1317 1527 1344 καὶ
1556 1318 1647 1350 πάσας
1671 1319 1876 1354 ὑπερτιθέασιν,

1090 1364 1177 1390 ἄσιτοι
1189 1362 1373 1394 διατελοῦντες
1388 1371 1396 1380 ·
1410 1363 1435 1389 οι
1449 1363 1477 1390 δὲ
1492 1363 1524 1398 β’,
1540 1363 1565 1390 οἱ
1581 1363 1608 1390 δὲ
1626 1364 1662 1398 γ’,
1677 1365 1701 1391 οἱ
1717 1365 1745 1392 δὲ
1760 1364 1792 1396 δ’.
1811 1367 1836 1392 oi
1849 1366 1879 1393 δὶ

1089 1409 1150 1436 οὐδὲ
1163 1409 1226 1443 μίαν
1242 1417 1250 1424 υ
1271 1410 1318 1435 καὶ
1332 1410 1389 1441 τοῖς
1414 1409 1465 1444 μὲν
1479 1410 1550 1436 πάνυ
1562 1411 1762 1446 διαπονηθεῖσιν
1775 1413 1805 1438 ἐν
1819 1414 1881 1445 ταῖς

1090 1455 1278 1490 ὑπερθέσεσιν,
1291 1452 1350 1482 εἶτα
1364 1455 1549 1490 ἀποκαμοῦσι,
1566 1457 1612 1483 καὶ
1632 1457 1712 1492 μόνον
1727 1458 1778 1484 οὐκ
1791 1458 1882 1485 ἐκλεί-

1091 1509 1181 1532 πουσι,
1211 1500 1357 1536 συγγνώμη
1376 1501 1424 1536 τῆς
1449 1503 1600 1538 ταχυτέρας
1624 1503 1744 1537 γεύσεως
1759 1510 1768 1519 ⁸
1800 1506 1825 1531 εἰ
1850 1505 1881 1532 δέ

1090 1555 1164 1578 τινες
1177 1546 1227 1582 οὐχ
1239 1547 1312 1578 ὅπως
1330 1547 1378 1582 οὐχ
1392 1547 1583 1582 ὑπερθέμενοι,
1600 1548 1667 1576 ἀλλὰ
1681 1549 1747 1585 μηδὲ
1762 1551 1882 1585 νηστεύο

253 1594 393 1624 deiiciunt,
411 1594 604 1628 ignoscendum
630 1600 671 1622 est
695 1595 766 1630 quod
785 1595 900 1622 celerius
921 1599 1038 1630 gustent.

1095 1601 1190 1624 σαντες
1202 1592 1287 1625 ,ἀλλὰ
1303 1594 1350 1620 καὶ
1364 1594 1552 1629 τρυφήσαντες
1569 1595 1618 1624 τὰς
1633 1595 1806 1630 προαγούσας
1817 1597 1884 1623 τέσ-

255 1638 347 1673 Siqui
370 1643 462 1666 autem
492 1647 547 1668 non
575 1641 656 1668 modo
674 1649 728 1668 non
756 1641 925 1669 transmissis
948 1641 994 1668 sed
1006 1648 1038 1668 ne

1094 1647 1190 1673 σαρας,
1219 1637 1279 1666 εἷτα
1302 1639 1422 1671 ἐλθόντες
1438 1640 1484 1666 ἐπὶ
1495 1640 1545 1671 τὰς
1569 1641 1727 1673 τελευταίας
1751 1641 1809 1675 δύο,
1834 1644 1887 1670 καὶ

251 1685 383 1721 jejunatis
404 1687 513 1720 quidem
525 1706 533 1719 ,
559 1687 600 1714 vel
619 1688 701 1716 etiam
717 1688 743 1714 in
759 1688 882 1716 delicatis
904 1687 1041 1723 opiparis-

254 1740 308 1767 que
323 1733 465 1764 conviviis,
492 1734 663 1768 consumptis
691 1734 908 1768 prmcedentibus
922 1738 1042 1768 quatuor

254 1777 361 1808 diebus,
383 1777 415 1804 ad
445 1777 514 1804 duos
532 1785 634 1812 eosque
649 1778 723 1805 solos
735 1783 875 1806 extremos
892 1778 952 1806 dies
974 1785 1037 1805 cum

255 1823 392 1855 venerint,
410 1822 463 1849 illis
480 1829 495 1849 a
521 1830 551 1850 se
575 1823 637 1850 cibo
656 1831 710 1850 non
728 1829 839 1859 gustare
855 1824 1037 1855 transmissis,

256 1867 406 1894 Parasceve
428 1873 454 1894 et
478 1867 607 1900 Sabbato,
624 1875 749 1903 magnum
767 1869 831 1904 quid
858 1873 885 1896 et
901 1868 1040 1903 egregium

256 1920 286 1940 se
311 1912 400 1940 facere
426 1913 594 1946 existimant,
623 1913 647 1941 si
673 1916 707 1941 ad
724 1921 851 1941 auroram
869 1921 956 1948 usque
975 1921 1038 1948 per-

1096 1683 1180 1717 μόνας
1202 1683 1288 1715 αὐτὰς
1301 1684 1503 1719 ὑπερτιοέντες,
1519 1686 1569 1720 τήν
1590 1694 1620 1712 τε
1636 1689 1816 1723 παρασκευὴν
1835 1690 1887 1716 καὶ

1089 1730 1120 1756 τὸ
1132 1729 1286 1762 Σάϐϐατον,
1318 1730 1390 1765 μέγα
1415 1739 1442 1757 τι
1465 1731 1514 1757 καὶ
1537 1731 1662 1767 λαμπρὸν
1687 1735 1774 1760 ποιεῖν
1806 1736 1887 1770 νομί-

1091 1774 1192 1808 ζουσιν,
1207 1777 1239 1803 ἂν
1255 1776 1337 1810 μέχρι
1350 1775 1400 1810 τῆς
1414 1776 1452 1802 ἔω
1466 1776 1641 1811 διαμείνωσιν
1652 1799 1659 1810 ,
1675 1779 1726 1805 οὐκ
1741 1777 1819 1815 οἶμαι
1834 1782 1887 1816 τὴν

1090 1820 1202 1855 ἄθλησιν
1222 1821 1321 1852 αὐτοὺς
1335 1821 1499 1856 πεποιῆσθαι
1516 1822 1576 1857 ἴσην
1600 1824 1655 1855 τοῖς
1681 1824 1730 1856 τὰς
1751 1824 1884 1858 πλείονας

1090 1867 1196 1902 ἡμέρας
1209 1868 1406 1902 προεσχηκόσι.
1423 1867 1515 1895 Ταῦτα
1530 1869 1579 1903 μὲν
1593 1868 1630 1900 ὼς
1645 1869 1736 1905 φρονῶ
1745 1870 1795 1897 καὶ
1810 1879 1885 1904 συμ-

1090 1912 1220 1944 σουλεύω,
1246 1913 1310 1948 περὶ
1324 1912 1425 1939 τούτων
1439 1913 1556 1948 ἔγραψα.

257 1959 408 1986 manserint
422 1967 430 1993 ;
468 1967 523 1987 non
547 1960 674 1988 existimo
689 1968 737 1989 eos
755 1969 789 1988 ex
801 1969 880 1996 {equo
894 1965 1031 1988 certamen
1050 1959 1171 1986 subiisse
1188 1965 1252 1986 cum
1282 1958 1316 1986 iis
1348 1959 1395 1994 qui
1413 1967 1443 1987 se
1471 1960 1594 1996 pluribus
1607 1960 1705 1989 diebus
1719 1961 1796 1996 prius
1806 1970 1890 1990 exer-

257 2010 382 2033 ruerunt.
416 2005 478 2033 Haec
510 2007 631 2041 quidem,
667 2012 696 2034 ut
721 2007 818 2039 sentio,
835 2006 983 2034 consulens
1003 2006 1038 2033 de
1056 2004 1123 2039 ipsis
1140 2003 1249 2038 scripsi.

353 2050 490 2079 T/ieovlu'li
504 2052 536 2079 de
550 2057 642 2080 sancta
658 2051 830 2087 Tlieophania
845 2060 905 2080 σαν).
916 2051 945 2080 ι.

295 2130 331 2157 De
347 2130 471 2165 Panupb.
487 2136 554 2165 etc.,
571 2135 599 2157 ut
610 2139 691 2166 supra
706 2139 766 2166 pag.
785 2130 847 2158 567.

296 2187 374 2222 181
392 2186 468 2214 CAP.
484 2186 528 2214 IV.
543 2202 579 2207 ——
594 2188 671 2220 Quod
686 2195 737 2214 non
763 2192 879 2222 oporteat
894 2186 1045 2223 spectacula

1097 2049 1243 2084 Θεοφίλου
1256 2048 1290 2076 ἐκ
1301 2048 1358 2084 τῆς
1369 2050 1436 2084 περὶ
1451 2049 1510 2076 τῶν
1516 2051 1689 2111 ἓεοφανιων
1700 2053 1871 2087 προσερωτκῆ
1874 2062 1892 2085 ς

1423 2092 1490 2112 xw.
1540 2105 1548 2112 .

1423 2093 1490 2120 κεφ.
1516 2093 1548 2113 ον.

1133 2129 1202 2166 Περὶ
1217 2129 1245 2156 δὲ
1258 2129 1380 2164 Πανοὺφ,
1400 2138 1430 2156 κ.
1447 2139 1473 2158 τ.
1491 2130 1516 2157 λ.

1133 2185 1259 2212 ΚΕΦΔΛ.
1273 2185 1349 2211 Δ’.-
1366 2185 1435 2219 Περὶ
1449 2185 1504 2213 τοῦ
1521 2185 1564 2220 μὴ
1584 2186 1693 2221 χρῆναι
1708 2186 1893 2223 ὲνΚυριακῇ

258 2234 301 2261 die
321 2233 458 2260 Dominica
478 2233 596 2268 ﬁeri,vel
614 2241 645 2260 ea
667 2233 708 2260 die
722 2242 788 2269 genu
807 2235 910 2268 ﬂectere
935 2235 1038 2268 itemqm

1100 2229 1203 2264 θεόφια
1218 2230 1365 2264 γίνεσθαι,
1389 2229 1408 2264 ἢ
1430 2230 1503 2265 γόνυ
1519 2232 1635 2257 κλίνειν
1658 2232 1693 2258 ἐν
1708 2233 1858 2267 κυριακῇ,
1875 2233 1892 2267 ἦ

259 2279 351 2306 diebus
366 2279 553 2312 Pcutecostes;
572 2284 597 2305 et
619 2278 688 2314 quod
702 2287 750 2313 pro
774 2279 873 2306 viribus
889 2279 1037 2306 vacandum

260 2326 295 2351 sit
308 2325 340 2351 ab
349 2332 425 2359 opere
436 2325 478 2350 die
495 2324 643 2357 Dominica,
657 2332 707 2351 non
723 2330 812 2351 alitem
824 2326 850 2351 in
867 2324 984 2352 Sabboto
997 2333 1006 2357 ;
1019 2328 1044 2351 et

260 2372 330 2406 quod
346 2378 431 2398 sacra:
444 2369 591 2404 Scriptura:
603 2371 627 2397 in
645 2369 761 2397 Subbulo
775 2370 889 2405 legenda:
902 2372 966 2398 sint.

454 2457 568 2485 Conciiii
587 2456 690 2484 Nicwni
705 2464 789 2483 canon
803 2456 848 2484 9.0.

297 2515 342 2542 20.
364 2514 498 2548 Quoniam
514 2519 578 2542 sunt
596 2515 718 2550 quidam,
733 2515 779 2549 qui
792 2514 828 2549 [in
844 2513 888 2541 die
907 2513 1048 2541 Dominico

263 2569 334 2596 genu
347 2560 467 2593 ﬂectant,
481 2565 508 2587 et
522 2560 589 2595 ipsis
604 2561 701 2588 diebus
712 2560 898 2592 Pentecosles,
913 2564 944 2586 ut
957 2560 1048 2587 omnia

263 2607 390 2635 similiter
415 2607 442 2634 in
468 2607 542 2634 omni
566 2607 696 2642 parocliia
721 2611 873 2638 serventur,
894 2606 983 2633 visum
1008 2610 1050 2633 est

264 2657 367 2681 sancta:
382 2653 496 2688 synodo,
509 2658 539 2680 ut
553 2658 656 2680 stantes
672 2653 726 2680 Deo
745 2652 883 2680 orationes
899 2652 1047 2680 eﬂ‘undant.

443 2731 556 2759 ϐοηθειῑί
572 2730 718 2757 Lnodeceni
731 2738 818 2757 canon
831 2730 876 2757 29.

300 2799 346 2826 29.
367 2798 445 2832 Quod
466 2805 521 2825 non
540 2802 647 2832 oportet
666 2796 838 2824 Christianos
852 2796 1004 2831 judaizare,
1024 2801 1052 2824 et

268 2845 296 2871 in
312 2844 433 2871 Sabbalo
449 2843 543 2877 otiari,
563 2842 611 2870 sed
629 2842 702 2877 ipsos
723 2850 756 2869 eo
767 2843 810 2870 die
829 2842 958 2877 operari:
978 2842 1050 2870 diem

268 2895 358 2917 autem
373 2890 543 2917 Dominicum
562 2888 736 2924 prrcicrcntcs
751 2889 842 2922 otiari,
857 2888 879 2916 si
892 2889 974 2916 modo
987 2896 1052 2923 pos-

1096 2276 1160 2309 ταῖς
1177 2276 1301 2310 ἡμέραις
1314 2275 1370 2309 τῆς
1385 2276 1599 2310 Πεντιικοστῆς
1610 2285 1617 2292 ·
1633 2277 1683 2303 καὶ
1699 2277 1743 2304 ὅτι
1761 2280 1841 2305 κατὰ
1859 2280 1894 2305 τὸ

1097 2320 1258 2356 ἐγχωροῦν,
1276 2320 1324 2347 δεῖ
1337 2320 1498 2355 σχολάζειν
1510 2321 1568 2354 τὴν
1587 2322 1739 2356 Κυριακήν
1750 2329 1758 2337 ·
1772 2324 1810 2350 οὐ
1824 2324 1895 2358 μὴν

1099 2367 1132 2394 τὸ
1144 2367 1305 2394 σάϐϐατον*
1321 2367 1369 2394 καὶ
1383 2366 1426 2393 ὅτι
1434 2366 1482 2393 δεῖ
1491 2368 1613 2402 Γραφὰς
1624 2368 1850 2403 ἀναγινώσκειν
1862 2371 1896 2397 τὸ

1102 2411 1263 2438 σάϐϐατον.

1269 2457 1403 2484 Evr-060v
1422 2458 1548 2491 Νικαίας
1574 2458 1674 2485 κανὼν
1684 2459 1719 2486 κ’.

1199 2512 1307 2547 Ἐπειδή
1331 2511 1403 2544 τινές
1428 2513 1496 2538 εἰσιν
1512 2513 1541 2538 ὲν
1553 2514 1587 2548 τῇ
1603 2514 1731 2550 Κυρισκῇ
1757 2516 1895 2548 γονυκλι-

1097 2556 1216 2588 τοῦντες,
1235 2557 1282 2583 καὶ
1296 2558 1324 2583 ὲν
1338 2558 1397 2589 ταῖς
1409 2557 1458 2593 τῆς
1471 2559 1660 2594 Πεντηκοστῆς
1675 2560 1804 2595 ἡμέραις,
1820 2561 1898 2597 ὑπὲρ

1096 2603 1143 2629 τοῦ
1162 2603 1251 2630 πάντα
1266 2604 1295 2630 ὲν
1306 2603 1381 2639 πάσῃ
1402 2605 1534 2641 παροικίᾳ
1556 2605 1747 2640 φυλάττεσθαι,
1764 2607 1897 2638 ἑστῶτας

1097 2647 1171 2681 ἔδοξε
1199 2650 1232 2683 τῇ
1257 2648 1324 2684 ἁγίᾳ
1347 2649 1449 2684 συνόδῳ
1476 2650 1526 2682 τὰς
1549 2651 1633 2686 εὐχὰς
1667 2652 1825 2680 ἁποδιίόναι
1855 2653 1897 2688 τῷ

1101 2693 1170 2729 Θεῷ,

1132 2511 1165 2538 κ’.

1245 2751 1378 2779 Συνόδου
1390 2752 1569 2786 Λαοδικείας
1583 2754 1685 2781 κανὼν
1695 2754 1746 2782 κθ’.

1137 2796 1189 2823 κθ’.
1209 2797 1269 2823 Ὅτι
1287 2797 1317 2823 οὑ
1332 2797 1372 2824 δεῖ
1386 2799 1565 2834 Χριστιανοὺς
1583 2799 1727 2831 ἰουδαΐζειν
1739 2800 1787 2826 καὶ
1800 2801 1832 2826 ὲν
1858 2801 1902 2836 τῷ

1105 2842 1237 2878 Σαϐϐάτῳ
1253 2843 1403 2878 σχολάζειν,
1418 2844 1649 2880 ἀλλ’ὲργάζεσθαι
1667 2846 1766 2878 αὐτοὺς
1781 2847 1810 2874 ὲν
1823 2847 1901 2882 αὐτῇ

1105 2889 1138 2924 τῇ
1154 2889 1244 2925 ἡμέρᾳ.
1261 2891 1342 2926 ἠτὴν
1367 2891 1395 2918 δὲ
1418 2892 1560 2927 Κυριακὴν
1577 2893 1778 2928 προτιμῶντας,
1798 2893 1829 2920 et
1868 2902 1904 2928 γε
