1954 3080
103 180 156 213 645
169 182 171 185 ⁴

535 179 734 210 SYNTAGMA
750 180 934 212 CANONUM
963 192 998 201 -·-
1017 183 1081 214 Tl'l‘
1099 183 1263 221 VII,‘CAP.
1283 183 1334 215 IV.

1685 184 1737 216 646

102 239 239 269 δύναιντο,
257 235 399 272 σχολάζειν
412 235 450 267 ὡς
474 235 634 271 Χριστιανοί
649 243 656 250 ·
672 236 697 262 εί
715 236 744 263 δὲ
761 237 898 272 εὑρεθεῖεν

951 238 1015 270 sint,
1032 243 1063 266 ut
1079 239 1262 267 Christianos.
1275 238 1353 272 Quod
1371 238 1393 266 si
1410 233 1514 267 inventi
1530 238 1632 267 fuerim
1645 239 1738 275 judai-

109 282 283 313 Ἰουδαῖσταὶ,
298 281 420 308 ἔστωσαν
433 280 559 315 ἀνάθεμα
571 281 646 315 παρὰ
661 281 782 317 Χριστῷ.

206 327 340 355 Συνόδου
365 325 575 360 Καρθαγέννης
599 327 701 354 κανὼν
718 327 770 361 Ea’.

140 373 210 408 Περὶ
222 373 359 407 θεωρίων,
375 372 426 398 ινα
449 372 484 399 ἐν
503 371 540 406 τῇ
555 373 691 407 κυριακῇ
709 374 759 400 καὶ
774 375 809 401 ἐν
833 374 896 407 ταῖς

102 418 224 452 λοιπαῖς
250 418 312 444 τῶν
345 417 438 451 ἁγίων
478 416 594 450 ἑορταῖς
628 417 772 452 μηδαμῶς
801 418 898 446 ἐπιτε-

103 464 225 492 λῶνται.

140 510 192 544 Ea’.
205 510 323 537 κακεῖνο
333 508 373 535 ἔτι
388 507 440 544 μὴν
448 507 488 534 δεῖ
498 507 619 542 αἰτῆσαι,
633 508 675 534 ῖνα
687 507 721 534 τὰ
733 507 834 543 θεώρια
843 508 896 535 τῶν

65 559 73 560 “
103 555 255 591 θεατρικῶν
274 554 407 589 παιγνίων
422 554 451 580 ὲν
468 555 500 588 τῇ
518 554 654 589 Κυριακῇ,
670 554 716 581 καὶ
727 554 756 580 ἐν
768 555 826 586 ταῖς
842 554 897 580 λοι-

103 604 169 634 παῖς
184 601 312 637 φαιδραίς
321 601 371 635 τῆς
388 600 443 627 τῶν
451 600 622 636 Χριστιανῶν
635 600 753 632 πίστεως
766 600 894 635 ἡμέραις,

102 647 262 674 κωλύωνται
285 646 403 681 μάλιστα
419 653 426 660 ·
443 645 484 671 ὅτι
509 646 538 671 ἐν
555 646 589 680 τῇ
614 645 719 679 ὁγδοάδι
742 645 789 672 τοῦ
817 645 895 679 ἁγίου

102 693 208 727 Πάσχα,
225 693 250 718 οί
265 691 338 727 ὄχλοι
353 691 453 726 μᾶλλον
463 691 502 722 εἰς
517 690 548 716 τὸ
562 690 751 726 ίπποδρόμιον,
767 691 839 726 ’ἡπερ
855 691 895 723 είς

102 738 152 773 τὴν
175 738 337 772 Ἐκκλησίαν
354 736 538 772 συνέρχονται,
562 735 679 770 ὀφείλειν
696 736 892 772 μετενεχθῆναι

103 786 153 816 τὰς
174 784 330 819 ὡρισμένας
353 783 443 810 αὐτῶν
470 782 586 817 ἡμέρας,
602 782 646 808 ὅτε
666 782 829 818 ἀπαντήσει,
846 783 895 809 καὶ

105 830 143 866 μὴ
163 830 281 865 ὀφείλειν
293 829 354 856 τινὰ
377 828 433 855 τῶν
459 827 631 863 Χριστιανῶν
646 827 714 863 πρὸς
729 828 766 855 τὰ
793 827 895 863 θεὼρια

102 876 190 902 ταῦτα
203 875 416 909 ἀναγκάζεσθαι.

950 289 1054 317 zantes,
1068 285 1123 312 sint
1135 287 1283 312 anathema
1300 285 1372 320 apud
1389 284 1541 314 Christum.

985 325 1101 353 Canciiii
1121 325 1432 360 Carthaginensircanon
1446 327 1490 354 8i.

950 370 989 397 De
997 372 1165 405 spectaculis,
1182 376 1211 397 ut
1223 371 1266 398 die
1282 371 1431 401 Dominica,
1452 371 1493 398 vel
1511 372 1614 399 caneris
1628 378 1735 399 sancto-

1057 426 1115 444 rum
1131 417 1318 452 festivitatibus
1336 417 1442 444 minime
1452 417 1624 444 celebrantur.

984 507 1029 534 7i.
1047 506 1156 534 Necnon
1172 507 1194 524 ⁸⁸
1208 511 1237 534 ct
1253 507 1320 534 illud
1347 507 1503 541 petendum,
1529 511 1560 533 ut
1580 507 1734 541 spectacula

948 552 1116 579 theatrorum
1138 556 1354 587 ceterorumque
1374 552 1510 584 ludorum}
1524 552 1567 579 die
1582 552 1734 584 Dominica,

949 598 990 625 vel
1002 598 1107 626 ceteris
1131 599 1270 633 religionis
1290 599 1452 626 Christianae
1473 598 1569 626 diebus
1591 599 1737 626 celeberri-

949 643 1001 671 mis
1013 649 1210 677 amoveantur;
1227 644 1344 671 maxime
1356 644 1419 679 quia
1435 644 1522 671 sancti
1541 644 1602 678 (ms.
1623 645 1735 680 sanctte)

952 687 1066 716 Pascha:
1097 694 1256 717 oclavarum
1286 689 1330 717 die
1352 690 1444 725 populi
1468 690 1502 717 ad
1519 689 1622 718 circum
1649 693 1735 727 magis

948 743 1030 770 quam
1047 735 1080 762 ad
1097 735 1239 763 ecclesiam
1265 736 1451 767 conveniunt,
1473 736 1570 764 debere
1591 736 1735 765 transferri

948 780 1100 808 devotionis
1121 788 1217 808 eomm
1254 781 1313 809 dies
1325 781 1381 817 (50)
1394 782 1416 809 si
1431 782 1540 816 quando
1555 783 1733 815 occurrerint,

949 834 998 854 nec
1017 831 1142 862 oportere
1156 827 1237 854 etiam
1249 834 1416 862 quemquam
1439 827 1657 856 Christianorum
1673 829 1734 864 cogi

947 871 980 899 ad
1001 873 1058 900 haec
1075 872 1242 907 spectacula.

102 921 238 948 Συνόδου
255 919 466 955 οίκουμενικῆς
493 919 583 953 ἕκτης
607 919 709 946 κανὼν
726 918 769 952 ιϐ’,
785 919 838 953 ξς,
852 918 888 953 ιη’.

968 918 1048 952 182
1068 917 1179 945 Coneilii
1195 919 1345 946 cecumenici
1362 927 1399 952 Vl,
1417 927 1529 947 canones
1547 919 1589 951 l9,
1605 919 1649 952 66,
1665 920 1710 947 90.

139 967 183 994 ιδ’.
199 967 260 994 Ὀτι
273 967 315 993 δεῖ
327 966 391 998 τοὺς
404 965 460 992 τῶν
477 965 646 1000 Ἐκκλησιῶν
661 965 848 1001 προεστῶτας,
865 967 894 992 ὲν

101 1012 178 1048 πάσῃ
203 1013 251 1047 μὲν
277 1011 384 1047 ἡμέρᾳ,
410 1011 556 1048 ἐξαιρέτως
582 1011 611 1037 δὲ
637 1012 700 1043 ταῖς
729 1012 893 1046 Κυριακαῖς,

101 1057 192 1084 πάντα
201 1057 247 1084 τὸν
264 1057 365 1092 κλῆρον
380 1057 427 1084 καὶ
443 1057 488 1084 τὸν
502 1056 566 1084 λαὸν
578 1056 746 1083 ἐκδιδάσκειν
761 1057 825 1088 τοὺς
845 1058 894 1092 τῆς

101 1103 243 1135 εὐσεϐείας
260 1103 367 1138 λόγους,
386 1104 419 1130 ὲκ
435 1103 485 1138 τῆς
500 1103 574 1134 θείας
596 1103 707 1138 Γραφῆς
727 1102 895 1137 ἀναλεγομέ-

101 1155 163 1178 νους
178 1146 212 1173 τὰ
224 1147 275 1181 τῆς
296 1146 426 1182 ἀληθείας
450 1147 575 1181 νοήματα
586 1155 615 1174 τε
633 1147 680 1173 καὶ
696 1147 829 1182 κρίματα.
846 1146 894 1173 καὶ

103 1192 141 1228 μὴ
156 1192 390 1227 παρεκϐαίνοντας
407 1193 470 1224 τοὺς
485 1193 536 1228 ἡδη
552 1193 679 1224 τεθέντας
698 1193 787 1228 ὄρους,
803 1193 819 1228 ἢ
843 1193 893 1228 τὴν

100 1240 134 1265 ὲκ
148 1239 202 1265 τῶν
217 1238 354 1274 θεοφόρων
369 1239 499 1274 Πατέρων
522 1239 671 1274 παράδοσιν
683 1247 690 1255 ⁸
707 1239 775 1266 ἀλλὰ
801 1239 850 1267 καὶ
866 1241 892 1266 εί

101 1283 240 1318 Γραφικὸς
256 1283 431 1319 ἀνακινηθείη
443 1284 532 1317 λόγος,
546 1284 583 1319 μὴ
591 1283 679 1315 ἄλλως
692 1284 786 1311 τοῦτον
801 1284 890 1320 ἐρμηυ

100 1329 262 1361 νευέτωσαν,
293 1329 309 1364 ἢ
340 1329 378 1360 ὡς
393 1328 426 1355 ἂν
455 1329 480 1356 oi
497 1331 546 1364 τῆς
574 1329 736 1365 Ἐκκλησίας
749 1330 892 1365 φωστῆρες

100 1375 149 1401 καὶ
164 1374 321 1402 διδάσκαλοι
337 1375 380 1401 διὰ
393 1375 447 1402 τῶν
460 1375 568 1402 οἰκείων
580 1376 801 1411 συγγραμμάτων
818 1385 891 1412 παρ-

100 1419 193 1446 έθεντο
209 1427 217 1434 ”
238 1420 286 1447 καὶ
311 1420 412 1455 μᾶλλον
437 1421 465 1446 ὲν
484 1420 590 1452 τούτοις
611 1421 854 1456 εὐδοκιμείτωσαν,
872 1422 889 1457 ἦ

99 1465 196 1500 λόγους
221 1467 338 1497 οἰκείους
365 1466 579 1499 συντάττοντες,
609 1466 683 1493 ἐστιν
706 1467 751 1493 ὅτε
779 1467 891 1502 ἀπόρως

99 1511 207 1546 ἔχοντες
224 1512 291 1547 πρὸς
310 1512 399 1544 τοῦτο,
417 1512 598 1539 ἁποπίπτοιεν
615 1512 662 1538 τοῦ
691 1513 888 1548 προσήκοντος.

99 1558 149 1585 Διὰ
164 1558 220 1593 γὰρ
229 1558 280 1593 τῆς
293 1558 348 1585 τῶν
358 1559 565 1594 προειρημένων
574 1558 701 1593 Πατέρων
713 1558 888 1590 διδασκαλίας

99 1604 123 1630 οἱ
147 1603 207 1630 λαοὶ
237 1604 266 1630 ἐν
289 1603 390 1638 γνώσει
401 1604 538 1638 γινόμενοι
561 1604 616 1630 τῶν
629 1612 659 1630 τε
673 1603 824 1631 σπουδαίων
839 1604 887 1631 καὶ

99 1649 226 1685 αἱρετῶν,
252 1649 301 1676 καὶ
320 1649 373 1676 τῶν
390 1649 557 1684 ἀσυμφόρων
582 1649 629 1676 καὶ
656 1649 829 1684 ἀποὸλήτων,
843 1649 888 1676 τὸν

100 1696 157 1730 βίον
174 1695 424 1732 μεταρῤυθμίζουσι
441 1695 510 1731 πρὸς
535 1694 565 1721 τὸ
580 1695 694 1730 βέλτιον,
718 1697 765 1722 καὶ
786 1695 825 1730 τῷ
840 1695 889 1730 τῆς

98 1741 209 1775 ἀγνοίας
221 1742 270 1776 οὐχ
293 1741 449 1768 ἁλίσκονται
473 1739 566 1772 πάθει,
580 1740 648 1768 ἀλλὰ
665 1740 842 1775 προσέχοντες
854 1741 887 1776 τῇ

97 1786 256 1822 διδασκαλίᾳ
267 1806 274 1819 ,
289 1787 403 1818 ἑαυτοὺς
420 1786 489 1820 πρὸς
506 1786 537 1812 τὸ
553 1786 591 1821 μὴ
611 1786 704 1818 κακῶς
720 1787 816 1813 παθεῖν
833 1795 887 1813 πα-

99 1831 259 1867 ραθήγουσι,
284 1832 331 1858 καὶ
346 1831 421 1866 φόϐῳ
435 1831 489 1857 τῶν
514 1831 712 1866 ἐπηρτημένων
731 1832 885 1867 τιμωριῶν.

97 1878 147 1913 τὴν
171 1877 308 1913 σωτηρίαν
322 1877 413 1908 αὐτοῖς
428 1876 632 1912 ἐξεργάζονται.

133 1921 188 1954 Eg’.
212 1922 278 1948 Ἀπὸ
292 1921 343 1956 τῆς
371 1922 452 1956 ἁγίας
482 1921 668 1957 ἀναστασίμου
692 1921 810 1957 Χριστοῦ
838 1921 886 1949 τοῦ

96 1967 165 1994 Θεοῦ
177 1967 255 2003 ἡμῶν
271 1968 385 2003 ἡμέρας,
401 1968 481 2002 μέχρι
496 1965 544 2002 τῆς
559 1968 655 2002 καινῆς
669 1967 821 2002 Κυριακῆς,
838 1969 887 2004 τὴν

96 2012 161 2046 ὃλην
177 2012 311 2048 ἐῦδομάδα
332 2013 360 2039 ὲν
376 2014 437 2043 ταῖς
455 2012 546 2046 ἁγίαις
571 2012 731 2047 ἐκκλησίαις
747 2012 886 2047 σχολάζειν

95 2059 136 2085 δεῖ
148 2058 359 2093 ἀπαραλείπτως
374 2059 443 2094 τοὺς.
457 2058 569 2089 πιστοὺς
584 2059 613 2084 ὲν
637 2058 754 2093 ψαλμοῖς
771 2059 818 2085 καὶ
834 2058 887 2093 ὕμ-

95 2113 151 2135 νοις
167 2104 215 2130 καὶ
242 2103 324 2139 ᾠδαῖς
353 2105 549 2138 πνευματικαῖς
587 2103 820 2139 εὐφραινομένους
856 2105 886 2131 ὲν

95 2149 207 2184 Χριστῷ
219 2150 266 2176 καὶ
281 2148 473 2184 ἑορτάζοντας,
486 2149 533 2175 καὶ
547 2150 580 2184 τῇ
604 2150 658 2176 τῶν
668 2149 748 2176 θείων
770 2149 885 2185 Γραφῶν

95 2194 249 2229 ἀναγνώσει
274 2196 466 2230 προσέχοντας,
479 2195 596 2222 καὶτῶν
615 2194 700 2229 ἁγίων
725 2195 885 2231 μυστηρίων

94 2242 338 2276 κατατρυφῶντας.
369 2241 504 2277 Ἐἰσόμεθα
531 2241 585 2277 γὰρ
602 2240 673 2267 οὕτω
685 2241 796 2276 Χριστῷ
821 2249 885 2268 συν-

95 2287 270 2321 ανιστάμενοί
284 2295 313 2313 τε
337 2287 384 2313 καὶ
405 2286 601 2322 συνυψούμενοι
615 2295 623 2302 ·
648 2286 780 2322 μηδαμῶς
796 2286 843 2313 οὖν
856 2288 885 2313 ὲν

93 2333 155 2363 ταῖς
169 2332 362 2367 προκειμέναις
379 2332 495 2368 ἡμέραις
519 2332 684 2367 ίπποδρόμια
702 2331 718 2366 ἡ
736 2332 817 2366 ἑτέρα
835 2332 884 2366 δη-

95 2377 187 2414 μώδης
202 2378 251 2404 θέα
274 2377 459 2405 ὲπιτελείσοω.

130 2426 167 2456 Lf.
181 2424 247 2455 Ταῖς
269 2424 421 2458 Κυριακαϊς
437 2422 474 2458 μὴ
489 2423 552 2456 γόνυ
567 2423 677 2453 κλίνειν,
694 2423 726 2449 ἐκ
751 2422 805 2449 τῶν
823 2423 883 2450 θεο-

93 2469 185 2504 φόρων
197 2469 275 2504 ἡμῶν
288 2469 417 2503 Πατέρων
431 2468 580 2500 κανονικῶς
605 2468 808 2504 παρελάϐομεν,
831 2469 881 2504 τὴν

91 2515 141 2542 τοῦ
163 2514 280 2550 Χριστοῦ
301 2515 434 2550 τιμῶντες
459 2514 618 2541 ἀνάστασιν.
647 2514 690 2546 Ὦς
717 2514 751 2541 ἂν
778 2512 824 2541 οὖν
843 2514 880 2549 μὴ

91 2561 238 2596 ἀγνοῶμεν
249 2561 279 2587 τὸ
290 2561 375 2595 σαφὲς
386 2561 434 2597 τῆς
447 2561 542 2587 τούτου
557 2561 786 2596 παρατηρήσεως,
801 2560 879 2596 δῆλον

90 2609 149 2639 τοῖς
165 2608 268 2639 πιστοῖς
281 2606 465 2642 καθιστῶμεν,
489 2607 559 2633 ὥστε
576 2607 644 2642 μετὰ
654 2607 703 2642 τὴν
714 2608 742 2634 ὲν
756 2607 793 2642 τῷ
808 2607 878 2634 Σαε-

90 2653 167 2688 6ἀτῳ
176 2654 322 2689 ἑσπερινὴν
329 2653 383 2679 τῶν
397 2654 551 2688 ἱερωμένων
563 2653 631 2688 πρδς
642 2652 673 2679 τὸ
688 2654 879 2688 θυσιαστήριον

90 2698 206 2732 εἴσοδον,
223 2700 295 2726 κατὰ
308 2699 338 2725 τὸ
355 2699 472 2735 κρατοῦν
493 2699 553 2730 ἔθος
580 2699 682 2735 μηδένα
698 2699 762 2734 γόνυ
778 2699 880 2727 κλίνειν

983 962 1026 989 l9.
1047 962 1125 995 Quod
1143 963 1165 978 "
1182 968 1287 997 oportet
1301 971 1361 996 eos,
1378 964 1424 998 qui
1449 969 1570 999 prasnnt
1592 957 1730 997 Ecclesiis,

946 1007 974 1034 in
986 1007 1114 1035 omnibus
1122 1008 1233 1043 quidem
1245 1009 1353 1041 diebus,
1366 1009 1413 1037 sed
1424 1010 1559 1045 praecipue
1571 1010 1730 1043 Dominicis,

945 1060 1053 1080 omnem
1068 1054 1171 1081 clerum
1186 1059 1214 1081 et
1227 1055 1358 1089 populum
1375 1055 1474 1082 docere
1488 1056 1596 1090 pietatis
1608 1060 1635 1083 et
1649 1061 1730 1083 rectae

944 1098 1083 1133 religionis
1103 1099 1222 1134 eloquia,
1239 1100 1385 1130 extdivina
1409 1100 1550 1136 Scriptura
1573 1102 1730 1136 colligentes

944 1145 1136 1180 lntelligentias
1151 1150 1178 1172 et
1190 1145 1293 1180 judicia
1308 1147 1432 1174 veritatis
1446 1155 1453 1174 :
1467 1151 1494 1174 et
1513 1154 1567 1174 non
1588 1151 1730 1183 transgre-

943 1188 1049 1216 dientes
1068 1189 1126 1223 jam
1150 1190 1253 1223 positos
1273 1190 1417 1223 terminos,
1438 1191 1481 1219 vel
1503 1192 1659 1219 divinorum
1679 1192 1731 1220 Pa-

944 1238 1014 1260 trum
1030 1233 1215 1262 traditionem.
1232 1235 1284 1262 Sed
1298 1240 1325 1262 et
1347 1236 1369 1263 si
1395 1236 1430 1263 ad
1453 1236 1621 1271 Scripturam
1646 1239 1732 1273 perti-

943 1287 1011 1308 nens
1034 1281 1222 1309 controversia
1242 1282 1334 1316 aliqua
1354 1282 1471 1309 excitata
1495 1282 1589 1316 fuerit,
1609 1291 1644 1311 ne
1668 1291 1730 1312 eam

942 1326 1020 1354 aliter
1043 1327 1265 1362 interpretentur,
1291 1335 1372 1362 quam
1389 1329 1532 1356 commodo
1549 1330 1676 1358 Ecclesia:
1687 1330 1730 1358 lu-

941 1371 1055 1399 minaria
1076 1377 1103 1399 et
1125 1373 1250 1400 doctores
1266 1373 1324 1401 suis
1350 1374 1459 1409 scriptis
1477 1381 1680 1409 expasuerunt:
1703 1382 1731 1404 et

942 1417 1071 1451 majorem
1090 1424 1122 1444 ex
1142 1417 1175 1445 iis
1189 1418 1296 1445 laudem
1317 1424 1512 1458 assequaritur,
1529 1427 1610 1455 quam
1629 1421 1652 1448 si
1669 1429 1730 1456 qum

940 1469 955 1489 a
972 1470 1001 1490 se
1017 1462 1145 1490 dicuntur
1159 1469 1333 1498 componant,
1353 1471 1403 1492 nec
1417 1465 1480 1491 dum
1504 1466 1668 1501 quandoque
1690 1468 1725 1494 ad

940 1506 965 1534 id
986 1507 1120 1538 haesitant,
1146 1508 1181 1534 ab
1203 1515 1235 1535 eo
1258 1509 1330 1543 quod
1355 1510 1495 1541 convenit,
1516 1511 1653 1540 excidant.
1678 1513 1730 1540 Pcr

940 1553 1130 1587 praedictorum
1159 1554 1231 1582 enim
1252 1555 1365 1583 Patrum
1389 1556 1552 1592 doctrinam,
1579 1558 1670 1592 populi
1694 1560 1728 1586 ad

939 1606 1033 1626 eorum
1056 1608 1118 1635 qua
1132 1605 1196 1628 sunt
1212 1601 1281 1629 bona
1304 1607 1330 1629 et
1347 1591 1508 1637 expetenda,
1523 1608 1550 1630 ct
1570 1591 1677 1632 inutilia
1695 1613 1728 1633 ac

940 1645 1098 1680 rejicienda,
1114 1649 1297 1682 cognitionem
1316 1649 1467 1681 venientes,
1485 1650 1568 1678 vitam
1586 1651 1611 1678 in
1631 1652 1728 1680 melius

939 1697 1119 1726 componunt,
1134 1701 1184 1721 nec
1196 1693 1356 1729 ignorantia:
1369 1695 1464 1722 vitium
1477 1695 1640 1724 delebnntur
1654 1707 1661 1724 :
1675 1699 1723 1725 sed

939 1738 1068 1766 doctrinae
1090 1743 1208 1767 mentem
1233 1740 1446 1774 adhibentes,se
1464 1742 1539 1775 ipsos
1567 1742 1601 1769 ad
1628 1743 1666 1777 id,
1692 1752 1726 1771 ne

939 1783 1001 1810 mali
1018 1784 1082 1818 quid
1106 1784 1146 1812 eis
1166 1785 1282 1818 accidat,
1306 1786 1447 1818 excitant;
1475 1792 1502 1815 et
1523 1787 1724 1818 imminentium

939 1829 1132 1864 suppliciorum
1147 1836 1221 1859 metu
1237 1831 1289 1859 sibi
1307 1832 1424 1860 salutem
1443 1839 1603 1868 operantur.

975 1920 1020 1947 66.
1040 1919 1064 1947 Α
1088 1925 1184 1948 sancta
1207 1921 1308 1949 Christi
1330 1921 1378 1949 Dei
1401 1923 1489 1951 nostri
1512 1926 1725 1954 resurrectionis

937 1967 982 1994 die
1001 1974 1088 2001 usque
1104 1967 1138 1994 ad
1168 1975 1265 1994 novam
1292 1967 1474 2002 Dominicam,
1498 1973 1554 1997 tota
1573 1972 1724 2006 septimana

938 2014 964 2041 in
978 2014 1102 2041 ecclesiis
1116 2021 1215 2042 vacare
1234 2014 1327 2041 ﬁdeles
1349 2015 1451 2050 jugiter
1471 2022 1578 2050 oportet
1601 2018 1724 2050 psalmis,

937 2065 964 2088 et
979 2060 1096 2095 hymnis,
1110 2064 1137 2087 et
1156 2061 1325 2095 spiritalibus
1342 2062 1467 2094 canticis,
1487 2062 1513 2089 in
1530 2063 1641 2091 Christo
1655 2072 1723 2099 gau-

936 2106 1040 2139 dentes,
1059 2105 1214 2140 l'estumque
1234 2106 1412 2139 celebrantes,
1434 2111 1460 2134 et
1473 2108 1625 2135 divinarum
1650 2110 1724 2137 ὅστίς

937 2156 1079 2185 ptnrarum
1101 2151 1210 2179 lectioni
1234 2155 1350 2178 mentem
1375 2152 1546 2184 adhibentes,
1572 2157 1600 2180 et
1620 2155 1723 2181 sanctis

936 2197 1074 2232 mysteriis
1096 2197 1218 2232 jucunde
1232 2200 1259 2225 et
1272 2197 1343 2224 laute
1364 2197 1496 2225 fruentes.
1513 2198 1559 2226 Sic
1573 2199 1647 2226 enim
1660 2207 1722 2227 eum

937 2242 1046 2270 Christo
1067 2243 1267 2275 eraltabimur,
1290 2248 1317 2270 et
1333 2251 1387 2270 una
1410 2251 1596 2279 resurgemus.
1614 2244 1722 2280 Nequa—

936 2296 1018 2324 quam
1031 2296 1097 2324 ergo
1116 2289 1253 2324 praedictis
1269 2289 1366 2317 diebus
1392 2298 1525 2325 equorum
1548 2298 1658 2325 cursus,
1681 2291 1722 2319 vel

936 2334 1045 2369 aliquod
1062 2334 1200 2370 publicum
1216 2334 1264 2362 ﬁat
1275 2335 1476 2370 spectaculum.

972 2423 1050 2458 183
1064 2423 1108 2451 90.
1128 2423 1277 2451 Dominicis
1293 2431 1362 2459 genu
1381 2431 1435 2451 non
1457 2424 1565 2452 ﬂectere
1585 2432 1601 2452 a
1622 2424 1722 2453 divinis

935 2471 1037 2498 nostris
1051 2469 1189 2503 Patribus,
1203 2470 1304 2498 Christi
1320 2471 1548 2498 resurrectionem
1562 2472 1723 2499 honoranti-

935 2515 997 2548 bus,
1013 2516 1144 2543 canonice
1156 2516 1310 2551 accepimus
1329 2516 1362 2544 ⁸⁷.
1383 2516 1422 2544 Ne
1443 2524 1508 2552 ergo
1529 2516 1609 2552 hujus
1629 2517 1723 2545 obser-

934 2563 1052 2590 vationis
1075 2563 1239 2590 evidentiam
1262 2563 1418 2597 ignoremus
1433 2582 1441 2595 ,
1462 2563 1586 2591 ﬁdelibus
1608 2563 1722 2591 manife-

934 2612 1006 2636 stum
1030 2608 1144 2636 facimus
1162 2608 1233 2643 quod
1259 2613 1321 2643 post
1339 2608 1523 2643 vespertinum
1547 2609 1720 2636 sacerdotum

934 2654 966 2682 ad
982 2654 1067 2681 altare
1081 2653 1202 2681 Sabbato
1217 2654 1384 2689 ingressum,
1398 2662 1431 2682 ex
1449 2654 1645 2682 consuetudine
1661 2661 1721 2688 quae

933 2706 1074 2734 servatur,
1087 2708 1168 2728 nemo
1184 2708 1256 2736 genu
1275 2699 1383 2734 ﬂectat,
1403 2708 1488 2736 usque
1505 2701 1539 2729 ad
1561 2705 1719 2735 sequentem

127 2778 150 2793 ⁸⁵
164 2777 249 2804 Conc.
262 2776 347 2805 Afric.
362 2785 388 2804 c.
403 2777 448 2805 28.
487 2776 509 2793 “
528 2777 595 2804 Can.
610 2782 698 2811 apost.
712 2777 757 2804 58.
797 2777 819 2794 "
838 2776 940 2818 Nicmn.
957 2785 1044 2806 canon
1057 2777 1109 2812 20;
1125 2777 1199 2806 Petri
1211 2778 1288 2806 Alex.
1305 2786 1367 2806 can.
1382 2778 1424 2806 13.

135 2853 193 2888 (50)
206 2852 311 2890 Graece,
329 2861 338 2878 ι
354 2851 497 2890 transferri
514 2851 662 2890 pmﬁnitos
677 2860 770 2880 eorum
789 2853 856 2880 dies.
872 2862 881 2879 ι
904 2853 1016 2882 Devotio
1032 2854 1096 2890 quid
1122 2859 1195 2883 esset
1215 2862 1269 2883 non
1305 2854 1455 2887 intellexit,
1478 2860 1528 2881 nec
1546 2852 1719 2881 devotionem

92 2895 154 2915 esse
174 2888 292 2916 credidit
304 2888 330 2915 in
343 2888 485 2922 gentilium
500 2887 673 2922 spectaculis.
