1959 3061
225 166 276 198 (4⁵1

796 163 926 195 ΡΗΟΤΙῘ
940 163 1192 196 ΡΑἸἮῘΑΒΟΗΕ
1218 165 1272 196 CP.

1802 165 1853 198 648

222 227 364 257 vesperam
385 220 413 248 in
432 219 477 248 die
496 218 660 252 Dominico;
679 219 770 254 inqua
783 223 845 254 post
859 220 1006 255 ingressun

1068 221 1148 256 μέχρι
1163 220 1212 255 τῆς
1222 219 1323 254 ἑφεξῆς
1341 218 1411 246 κατὰ
1422 218 1473 254 τὴν
1490 219 1634 255 Κυριακὴν
1649 218 1780 255 ἑσπέρας,
1791 221 1851 247 καθ’

222 267 251 295 in
273 264 468 301 complctorio,
490 272 579 300 genua
599 271 697 292 rursus
716 264 873 296 ﬂectentes,
898 264 1013 293 Domino

222 320 319 348 preces
333 312 373 339 sic
385 311 538 338 oﬂ‘erimus.
556 310 707 337 Salvatoris
720 310 794 338 enim
817 310 904 338 nostri
917 316 1013 338 resur-

222 357 351 385 rectionis
372 364 568 392 prmcursorem
578 360 698 388 noctem,
714 363 775 391 qua:
794 355 846 383 fuit
864 360 927 390 post
944 355 1013 383 Sab-

223 403 317 430 batum
334 403 508 437 accipientes,
527 402 641 437 hymnos
657 401 692 428 ab
709 408 741 427 ea
756 399 895 435 spiraliter
913 399 1012 433 incipi-

222 457 294 480 mus,
311 449 408 476 festum
427 455 460 475 ex
477 447 595 475 tenebris
611 447 638 474 in
658 447 747 474 lucem
766 445 893 473 tinientes
906 465 914 478 ,
937 449 968 472 ut
983 445 1012 472 in

221 494 343 528 perfecto
357 499 384 520 et
398 494 503 528 integro
515 493 560 520 die
571 500 603 519 ac
617 496 699 519 nocte
713 498 765 519 nos
783 490 1011 518 resurrectionem

220 540 397 567 celebremus.

477 625 551 653 Petri
564 634 648 653 canon
667 625 711 653 15.

254 670 298 697 15.
313 669 369 698 Nec
384 671 562 706 reprehendet
580 678 631 698 nos
647 671 791 706 quisquam
806 675 909 705 etc,”
929 678 1011 706 supra

217 723 278 751 pag.
305 716 367 743 658.

255 761 392 795 Theophili
417 769 450 789 ea:
477 762 563 789 edicto
577 762 609 789 de
624 761 803 796 Tlreoplmnia.

253 807 286 835 Et
308 815 368 835 mos
382 812 408 835 et
429 808 557 835 honestas
585 816 601 834 a
627 808 706 835 nobis
728 808 822 842 exigit,
847 812 876 835 ut
896 814 1006 835 omnem

216 852 287 879 diem
305 853 472 879 Dominicum
492 853 669 884 lionoremus,
685 860 803 887 cumque
813 852 982 880 celebremus
997 871 1006 885 ,

1064 266 1098 300 ἢν
1111 265 1181 301 μετὰ
1194 265 1244 300 τὴν
1259 266 1289 291 ἐν
1298 263 1337 300 τῷ
1353 264 1472 300 λυχνικῷ
1483 264 1596 297 εἴσοδον,
1611 261 1688 296 αὖθις
1702 264 1738 291 τὰ
1751 265 1851 299 γόνατα

1064 311 1247 346 κάμπτοντες,
1258 309 1328 337 οὕτω
1343 309 1392 342 τάς
1406 310 1488 345 εὐχὰς
1503 310 1542 345 τῷ
1555 310 1651 345 Κυρίῳ
1666 310 1851 346 προσάγομεν.

1063 356 1120 391 Τῆς
1136 356 1190 391 γὰρ
1201 356 1249 383 τοῦ
1259 356 1385 390 Σωτῆρος
1400 356 1477 390 ἡμῶν
1492 356 1628 391 δγέρσεως
1639 356 1792 392 πρόδρομον
1804 357 1853 391 τὴν

1064 401 1134 437 μετὰ
1157 401 1189 428 τὸ
1212 401 1350 428 Σάὸδατον
1380 401 1468 429 νύκτα
1492 401 1769 437 παραλαμβάνοντες,
1798 402 1852 428 τῶν
1871 401 1875 407 ’

1063 447 1157 482 ὕμνων
1177 447 1303 475 ἐντεῦθεν
1323 447 1518 483 πνευματικῶς
1532 447 1723 483 άπαρχόμεθα,
1738 449 1778 479 εἰς
1794 448 1852 482 φῶς

1062 495 1094 521 ἐκ
1109 494 1221 526 σκότους
1229 494 1280 529 τὴν
1293 494 1389 530 ἑορτὴν
1402 493 1602 529 καταλήγοντες
1611 502 1619 510 ·
1627 493 1665 525 ὡς
1675 495 1705 521 ὲν
1715 494 1851 529 ὁλοκλήρῳ

1061 538 1187 565 ἐντεῦθεν
1203 539 1281 566 νυκτὶ
1305 539 1354 566 καὶ
1378 539 1472 575 ἡμέρᾳ
1500 539 1698 574 πανηγυρίζειν
1719 540 1793 575 ἡμᾶς
1803 541 1851 575 τὴν

1062 585 1220 614 ἀνάστασιν.

1323 632 1437 666 Πέτρου
1450 633 1551 659 κανὼν
1562 636 1602 660 ιε’.

1097 681 1139 705 ιε’.
1151 678 1209 704 οὐκ
1221 677 1367 712 ὶγκαλέσει
1383 687 1426 710 τις
1444 679 1520 714 ἡμῖν,
1534 687 1562 706 κ.
1575 687 1600 706 τ.
1613 679 1640 706 λ.

1061 766 1210 800 Θεοφίλου
1219 766 1254 793 ἐκ
1268 765 1323 800 τῆς
1333 766 1400 800 περὶ
1409 766 1469 793 τῶν
1478 768 1649 802 Θεοφανιων
1656 767 1848 802 προσφωνῆς.

1095 813 1150 839 Καὶ
1159 813 1190 839 τὸ
1200 812 1261 844 ἔθος
1274 812 1305 839 τὸ
1315 813 1420 847 πρέπον
1431 814 1505 848 ἡμᾶς
1516 814 1638 845 ἀπαιτεῖ,
1647 814 1737 840 πᾶσαν
1749 815 1850 849 Κυριαι

1059 857 1110 894 κὴν
1128 859 1221 894 τιμᾷν,
1240 859 1286 885 καὶ
1314 860 1343 886 ὲν
1368 859 1453 896 ταύτῃ
1472 859 1679 894 πανηγυρίζειν,
1702 860 1849 894 ἐπειδήπερ

216 896 346 930 quoniam
381 895 514 923 Dominus
543 901 640 923 noster
664 895 881 923 JesusCltristus
893 894 1006 930 przecla-

1063 891 1094 931 ὲν⁷
1117 891 1203 940 ταυτῂ
1217 904 1344 939 ὁΚύριος
1369 891 1453 940 ἡμῶν⁷
1476 891 1715 940 Ἰησους-Χριστὸς
1743 891 1794 940 τὴν
1816 891 1850 932 tit

216 948 277 967 rum
286 941 311 966 in
322 948 354 968 ea
368 948 424 967 suae
439 940 649 968 resurrectionis
660 947 759 968 munus
773 940 849 967 obiit.
863 939 895 966 Et
903 940 963 967 ideo
977 940 1005 966 in

216 986 303 1013 sacris
314 985 463 1021 Scripturis
491 987 560 1021 ipse,
580 990 607 1014 et
631 986 738 1021 primus
765 986 918 1021 appellatus
950 990 1004 1019 est,

216 1038 245 1058 ut
268 1032 314 1066 qui
336 1032 372 1059 sit
389 1033 467 1060 nobis
493 1033 555 1060 vitae
579 1033 755 1068 principium,
783 1037 810 1060 et
824 1037 949 1064 octavus,
976 1036 1006 1058 ut

215 1079 261 1111 qui
292 1077 450 1105 Iudaeorum
481 1078 685 1106 Subbatismum
718 1078 902 1113 exsuperavit.
935 1077 1006 1110 Quia

215 1132 280 1159 ergo
308 1125 416 1157 accidit,
431 1129 461 1151 ut
499 1129 657 1152 sanctorum
692 1123 932 1159 Theoplianiorum
961 1123 1007 1150 hic

214 1176 287 1198 esset
315 1171 374 1198 dies
389 1171 494 1205 jejunio
520 1171 699 1205 peragendus,
714 1170 916 1205 dispensemus,
930 1173 958 1196 et
972 1168 1006 1196 ad

215 1220 365 1251 utrumque
381 1217 500 1244 scientes
518 1217 709 1251 procedamus,
729 1221 760 1244 ut
773 1223 873 1250 paucos
885 1214 1006 1250 dactylos

215 1265 366 1295 sumentes,
394 1262 475 1289 simul
500 1267 526 1288 et
545 1262 660 1289 Inercses
681 1262 808 1293 vitemus,
825 1268 887 1296 quae
899 1259 1006 1287 Domini

215 1307 302 1334 nostri
325 1306 390 1334 Jcsu
415 1307 517 1335 Christi
536 1307 745 1335 resurrectionis
760 1307 833 1334 diem
849 1313 904 1333 non
917 1305 1007 1332 hono-

215 1357 289 1386 rant,
307 1357 334 1381 ct
350 1353 403 1380 diei
419 1353 516 1388 jejunii
534 1353 607 1388 quod
625 1353 740 1381 debetur
757 1353 912 1384 reddamus,
925 1350 1007 1386 185

215 1400 270 1426 Deo
300 1399 391 1432 dante,
406 1400 555 1435 peragitur.
582 1400 792 1436 Congregamur
819 1405 885 1433 ergo
900 1397 946 1425 hic
971 1397 1006 1424 ab

216 1446 281 1473 hora
295 1453 377 1473 noua.

251 1534 359 1562 Tertius.
371 1535 466 1563 Const.
481 1535 508 1568 6,
528 1536 569 1563 tit.
589 1535 623 1563 l2
638 1535 686 1563 lib.
704 1536 732 1568 5,
749 1535 811 1562 cod.
825 1533 1001 1562 Dominicum

215 1579 287 1607 diem
306 1582 430 1608 feriatum
446 1589 519 1613 esse,
534 1582 610 1609 dicit.
627 1582 661 1609 Et
671 1586 761 1609 coast.
774 1581 801 1614 9,
821 1581 948 1616 ejusdem
963 1580 1007 1606 tit.
1023 1570 1044 1599 ο

215 1627 309 1654 eadem
323 1626 389 1663 [die]
403 1627 538 1655 neminem
556 1627 831 1664 ldebitiladmoneri,
844 1631 892 1654 aut
907 1627 1007 1662 Iaquo-

215 1673 309 1709 quam]
342 1674 553 1708 lidejussioues.
586 1674 707 1702 debitum
731 1675 773 1701 vel
803 1674 943 1709 publicum
964 1672 1008 1701 vel

216 1719 351 1753 privatum
373 1719 445 1753 exigi
464 1728 472 1746 :
489 1727 577 1754 neque
596 1719 623 1746 in
643 1719 747 1754 judicio
766 1720 808 1756 agi
833 1729 841 1747 :
861 1728 951 1755 neque
963 1728 1009 1748 se-

216 1765 307 1792 nieum
337 1765 522 1800 spectaculum
552 1770 601 1792 aut
630 1766 784 1793 arenariam
819 1766 1007 1799 venationem,

215 1815 264 1837 aut
287 1810 410 1838 circense
434 1816 574 1838 certamen
604 1811 750 1839 celebrari.
778 1812 849 1845 Quin
873 1818 899 1840 et
920 1813 943 1840 si
958 1820 1008 1840 na-

215 1856 279 1882 talis
313 1856 487 1890 imperatoris
523 1857 550 1884 in
577 1856 759 1892 [Dominicum
787 1858 859 1885 diem
888 1858 1009 1890 incidat,

216 1902 370 1936 spectacula
387 1903 500 1931 dilTerri.
524 1903 575 1936 Qui
594 1905 759 1939 spectaculis
775 1905 918 1932 Dominieo
940 1904 1008 1941 [die]

215 1948 379 1981 interfuerit,
400 1954 428 1977 et
441 1951 486 1986 qui
499 1951 638 1985 apparitor
655 1951 740 1987 legem
753 1956 941 1987 transgressus
958 1953 1004 1987 sit,

215 2003 276 2022 eum
289 1996 385 2023 militia
395 1997 508 2032 privari,
523 1998 639 2033 ejusque
651 1999 845 2033 patrimonium
857 2000 1005 2034 proscribi.

214 2041 310 2070 Licere
327 2047 415 2070 tamen
431 2051 464 2071 eo
482 2043 548 2080 [die]
563 2045 665 2080 pacisci
679 2049 705 2072 et
717 2045 880 2081 transigere.
898 2046 1004 2074 Dictum

213 2092 256 2116 est
266 2092 357 2116 autem
375 2089 421 2116 lib.
442 2090 465 2120 Ι.
482 2090 524 2122 tit,
541 2090 569 2122 9,
585 2095 675 2118 eonst.
690 2091 719 2121 2,
735 2090 785 2128 [et]
802 2091 845 2118 l5.
860 2092 933 2126 quod
955 2091 1004 2118 Ju-

211 2133 263 2161 daei
290 2134 334 2161 die
362 2135 493 2169 Sabbato,
520 2136 635 2172 aliisque
662 2136 784 2171 ipsorum
807 2136 886 2164 festis
905 2136 1003 2166 diebus

1059 951 1164 985 νεκρῶν
1192 951 1340 978 ἀνάστασιν
1368 951 1436 986 ἡμῖν
1462 950 1659 986 ὲπρυτάνευσε.
1681 950 1727 978 Διὸ
1741 950 1771 977 ὲν
1789 952 1850 982 ταῖς

1061 996 1147 1031 ἱεραῖς
1161 996 1285 1030 Γραφαῖς
1302 996 1351 1023 καὶ
1365 996 1460 1032 πρώτη
1475 996 1615 1030 κέκληται.
1639 997 1677 1029 ὼς
1694 997 1765 1033 ἀρχὴ
1784 997 1849 1032 ἡμῖν

1060 1041 1132 1076 ζωῆς
1142 1042 1311 1077 ὑπάρχουσα,
1324 1042 1372 1069 καὶ
1385 1042 1476 1077 ὀγδόη,
1491 1042 1539 1069 ἅτε
1547 1042 1580 1078 δὴ
1591 1042 1848 1077 ὑπερανασεόηκυῖα

1059 1087 1104 1113 τὸν
1122 1087 1177 1114 τῶν
1206 1087 1339 1114 Ἰουδαίων
1362 1087 1562 1122 Σαὸδατισμόν.
1585 1087 1662 1115 Ἐπεὶ
1676 1085 1723 1115 οὖν
1750 1087 1847 1123 συνέϐη

1058 1132 1109 1168 τὴν
1123 1133 1176 1160 τῶν
1196 1133 1281 1168 ἁγίων
1309 1133 1465 1168 Θεοφανίων
1479 1134 1610 1169 νήστιμον
1625 1133 1734 1170 ἡμέραν
1746 1133 1847 1169 ταύτην

1059 1176 1138 1210 εῐναι,
1149 1179 1277 1214 οἰκονομή
1282 1187 1372 1213 σωμεν
1380 1178 1428 1205 καὶ
1441 1178 1509 1214 πρὸς
1518 1178 1648 1214 ἑκάτερον
1659 1179 1848 1214 ἐπιστημόνως

1059 1223 1227 1259 χωρήσωμεν
1238 1231 1245 1239 ·
1261 1224 1305 1250 ἴνα
1323 1223 1577 1259 μεταλαμῦάνοντες
1590 1224 1689 1259 ὀλίγων
1706 1223 1847 1258 φοινίκων,

1059 1269 1227 1304 ὲκκλίνωμεν
1253 1269 1312 1304 ἅμα
1330 1270 1378 1296 καὶ
1395 1270 1443 1302 τὰς
1466 1270 1587 1306 αἱρέσεις
1599 1270 1648 1302 τὰς
1667 1270 1704 1306 μὴ
1726 1270 1849 1305 τιμώσας

1058 1315 1109 1350 τὴν
1127 1315 1314 1350 άναστάσιμον
1332 1315 1380 1342 τοῦ
1404 1315 1508 1352 Κυρίου
1525 1316 1605 1351 ήμῶν
1624 1316 1712 1352 Ἰησοῦ
1728 1315 1848 1352 Χριστοῦ

1059 1361 1175 1397 ἡμέραν,
1203 1361 1251 1388 καὶ
1278 1361 1309 1388 τδ
1339 1362 1514 1397 ὀφειλόμενον
1543 1363 1576 1397 τῇ
1606 1362 1730 1398 νηστίμῳ
1757 1363 1849 1399 ἡμέρᾳ

1059 1407 1212 1443 ἀποδῶμεν,
1243 1408 1438 1443 περιμένοντες
1457 1407 1508 1443 τὴν
1539 1408 1686 1444 ὲσπερινὴν
1721 1409 1848 1442 σύναξιν,

1058 1454 1120 1488 ἥτις
1138 1452 1255 1480 ἐνταῦθα
1266 1453 1334 1480 Θεοῦ
1348 1452 1471 1484 θέλοντος
1481 1453 1656 1480 ἐπιτελεῖται⁸
1671 1454 1850 1490 ωναχθῶμεν

1059 1499 1149 1526 τοίνυν
1165 1498 1219 1525 ἀπὸ
1229 1498 1303 1534 ὧρας
1316 1498 1430 1534 ὲννάτης
1446 1498 1574 1527 ἐνταῦθα.

1101 1544 1133 1571 'H
1149 1544 1175 1576 ς’
1188 1544 1259 1571 διάτ.
1272 1544 1320 1570 τοῦ
1339 1544 1372 1579 ιβ’
1389 1544 1499 1571 τίτ.ϊοῠ
1514 1543 1538 1578 γ’
1556 1544 1626 1580 βιδλ.
1638 1545 1685 1572 τοῦ
1699 1545 1764 1573 κώδ.
1774 1545 1850 1580 λέγει

1060 1589 1109 1626 τὴν
1121 1590 1265 1626 Κυριακὴν
1280 1590 1422 1626 ἄπρακτον
1433 1589 1513 1617 εἶναι’
1522 1592 1539 1626 ὴ
1552 1591 1581 1618 δὲ
1590 1591 1611 1618 θ’
1622 1592 1692 1619 διάτ.
1702 1591 1749 1618 τοῦ
1764 1592 1849 1619 αὐτοῦ

1060 1636 1113 1663 τίτ.
1128 1636 1168 1662 ὅτι
1185 1637 1214 1662 ἐν
1231 1636 1299 1671 αὐτῇ
1322 1636 1370 1671 οὐχ
1391 1636 1628 1672 ὑπομιμνήσκεταί
1644 1646 1697 1669 τις,
1715 1637 1730 1673 ἢ
1746 1637 1851 1671 ἐγγύας

1062 1681 1260 1717 άπαιτεῖται,ἢ
1279 1681 1418 1716 δημόσιον,
1441 1681 1458 1716 ἢ
1477 1682 1609 1709 ἰδιωτικὸν
1632 1683 1721 1717 χρέος,
1733 1682 1797 1710 οὔτε
1810 1683 1852 1710 δι-

1063 1727 1185 1761 κάζεται,
1202 1727 1264 1754 οὕτε
1282 1727 1399 1763 σκηνικὴ
1413 1727 1472 1760 θέα,
1491 1727 1508 1763 ἢ
1525 1728 1666 1764 κυνηγίου,
1683 1728 1700 1764 ἢ
1718 1728 1851 1764 ἱπποδρο-

1060 1775 1121 1811 μίου
1132 1774 1260 1801 τελεῖται·
1273 1773 1332 1800 ἀλλ’
1351 1774 1375 1800 εί
1399 1774 1446 1800 καὶ
1464 1774 1562 1809 φθάσει
1575 1775 1700 1802 νατὰλιον
1715 1768 1851 1810 βασιλέως

1059 1822 1088 1847 ὲν
1101 1820 1239 1855 κυριακῇ,
1251 1819 1425 1854 ὑπερτίθεται
1439 1819 1470 1846 τὸ
1485 1819 1608 1855 θεώριον’
1622 1821 1636 1846 ὁ
1649 1820 1677 1846 δὲ
1694 1820 1805 1855 θεωρῶν
1819 1822 1851 1847 ἐν

1058 1866 1198 1900 κυριακῇ,
1227 1863 1462 1899 ἀποστρατεύεται
1490 1865 1537 1891 καὶ
1572 1863 1731 1900 δημεύεται,
1759 1866 1807 1891 καὶ
1833 1866 1850 1890 ὁ

1059 1911 1224 1945 ὲκϐιῦαστὴς
1241 1910 1369 1945 παραϐὰς
1385 1910 1429 1937 τὸν
1445 1911 1538 1946 νόμον·
1555 1910 1644 1943 ἔξεστι
1657 1910 1686 1937 δὲ
1701 1911 1850 1937 πακτεὺειν

1058 1957 1105 1983 καὶ
1123 1956 1279 1983 διαλύεσθαι
1303 1957 1334 1983 ὲν
1347 1957 1486 1991 κυριακῇ·
1503 1956 1611 1991 είρηται
1628 1956 1699 1991 βιϐλ.
1717 1955 1742 1982 α’
1758 1956 1810 1983 τίτ.
1824 1957 1849 1982 θ’

1058 2002 1129 2030 διάτ.
1146 2002 1168 2036 β’
1190 2002 1238 2029 καὶ
1254 2005 1288 2036 ιγ’
1304 2002 1344 2029 ὅτι
1357 2003 1381 2029 οἱ
1400 2002 1519 2029 Ἰουδαῖοι
1533 2003 1562 2029 ὲν
1583 2002 1622 2037 τῷ
1642 2002 1775 2038 Σαϐϐάτῳ
1800 2003 1849 2029 καὶ

1058 2049 1119 2081 ταῖς
1128 2048 1223 2080 ἄλλαις
1236 2048 1326 2076 αὐτῶν
1337 2050 1455 2084 ἑορταῖς,
1470 2048 1532 2075 οὕτε
1546 2049 1710 2084 σωματικῶς
1724 2048 1849 2084 λειτουρ-

1057 2095 1163 2129 γοῦσιν,
1176 2094 1238 2122 οὔτε
1263 2103 1289 2121 τι
1304 2094 1436 2126 ποιοῦσιν,
1451 2094 1513 2121 οὔτε
1529 2094 1572 2121 διὰ
1584 2094 1616 2130 δη
1621 2094 1717 2130 μοσὶαν
1731 2094 1748 2130 ἢ
1762 2094 1848 2129 ,ὶδιωο

1056 2140 1135 2177 τικὴν
1150 2140 1241 2168 αίτίαν
1257 2140 1410 2175 ὲνάγονται,
1423 2140 1440 2175 ἢ
1457 2141 1627 2176 Χριστιανοῖς
1636 2140 1790 2174 ἐνάγουσιν.

213 2187 302 2214 neque
322 2181 466 2215 corporale
491 2189 592 2209 munus
607 2182 721 2215 obeunt,
739 2190 827 2217 neque
841 2183 990 2219 quidquam
1013 2185 1128 2219 faciunt,
1159 2194 1248 2222 neque
1282 2191 1395 2222 propter
1416 2187 1554 2222 publicam
1568 2186 1758 2222 privatamch
1778 2196 1848 2215 cau-

212 2233 272 2253 sam
288 2226 372 2261 injus
396 2232 539 2258 vocantur,
561 2232 607 2254 aut
627 2226 702 2264 [ipsi]
725 2229 898 2267 Christianos
916 2230 943 2257 in
962 2231 1008 2265 jus
1027 2236 1136 2260 vocant.

225 2283 227 2286 ⁴
248 2272 324 2300 CAP.
344 2272 374 2300 V.
388 2288 423 2294 -—
436 2273 492 2301 Cur
513 2281 579 2309 genu
608 2274 764 2309 ﬂectamus:
790 2283 839 2302 cur
870 2284 923 2303 non
942 2277 1003 2303 item

1093 2279 1219 2305 ΚΕΦΑΛ.
1234 2279 1316 2306 E'.—
1326 2278 1374 2312 Τίς
1389 2278 1408 2313 ἠ
1423 2279 1502 2305 αἰτία
1514 2278 1569 2312 τῆς
1578 2279 1784 2314 γονυκλισίας,
1793 2280 1847 2307 καί

211 2320 255 2347 die
269 2319 410 2347 Dominica
428 2321 466 2347 re!
480 2325 596 2353 tempore
607 2320 785 2349 Pentecoslali
798 2330 808 2350 :
821 2328 846 2350 et
863 2331 912 2349 cur
929 2331 1002 2350 verso

1063 2324 1107 2351 τοῦ
1119 2324 1162 2359 μὴ
1174 2324 1263 2351 τοῦτο
1278 2325 1413 2359 γίνεσθαι
1426 2324 1461 2350 ἐν
1477 2323 1612 2358 κυριακῇ
1627 2324 1676 2352 καὶ
1689 2324 1755 2358 ταῖς
1770 2325 1849 2359 ἠμέ-

212 2365 248 2392 ad
266 2366 392 2392 orientem
413 2365 486 2392 vultu
498 2374 615 2394 oremus.

1048 2376 1118 2402 ραις
1135 2368 1190 2402 τῆς
1203 2367 1427 2402 Πεντηκοστῆς,
1442 2368 1490 2395 καὶ
1503 2368 1553 2395 διὰ
1568 2369 1598 2395 τι
1613 2369 1683 2403 τρὸς
1694 2369 1848 2404 ἀηταλὰς

1053 2413 1180 2448 ὁρῶντες
1194 2415 1353 2450 εὐχόμεθα.

213 2454 309 2482 Basilii
329 2463 361 2482 ex
390 2463 441 2490 quo
465 2456 497 2483 de
521 2456 625 2491 Spiritu
636 2462 728 2484 sancto
741 2457 776 2484 ad
788 2457 1002 2491 Amphilochium

1063 2460 1216 2487 Βασιλείειυ
1226 2461 1260 2487 ἐκ
1273 2460 1328 2487 τοῦ
1343 2459 1387 2491 κζ’
1402 2469 1467 2495 κερ.
1482 2459 1541 2487 τῶν
1553 2460 1629 2494 πρὸς
1649 2461 1850 2496 Ἀμφιλόχιον·

543 2503 663 2537 scripsit.

248 2557 287 2585 Ex
317 2559 463 2586 asscrvatis
489 2559 515 2586 in
545 2558 666 2587 Ecclesia
691 2559 878 2595 dogmatibus,
893 2565 947 2589 etc.
970 2566 1001 2588 ut

166 2614 174 2619 κ
212 2613 230 2639 p
241 2613 274 2640 'g.
290 2604 352 2632 ιω.

514 2650 548 2678 Et
561 2655 618 2686 post
632 2651 698 2679 alia.

249 2697 282 2724 Et
295 2697 353 2725 haec
367 2702 409 2725 est
427 2697 508 2728 ratio.
529 2702 571 2724 etc
582 2717 589 2730 ,
609 2702 638 2724 ut
655 2705 737 2732 supra
752 2696 813 2725 462.

248 2743 337 2771 Erecti
369 2743 463 2772 itidem
495 2743 654 2778 pcrlicimus
675 2743 902 2782 deprecationem
925 2747 1000 2776 etc..

212 2793 241 2816 ut
255 2798 315 2826 pag.
330 2790 392 2819 ιδε.

1235 2505 1301 2540 περὶ
1315 2505 1368 2532 τοῦ
1384 2505 1471 2540 ἁγίου
1484 2507 1667 2541 Πνεύματος.

1089 2561 1151 2612 ’ξ’ὦν
1163 2562 1192 2589 ἐν
1203 2563 1236 2597 τῇ
1255 2561 1404 2597 Ἐκκλησία
1414 2562 1632 2598 πεφυλαγμένων
1645 2563 1800 2600 δογμάτων,
1815 2574 1845 2594 κ.

1054 2614 1081 2633 τ.
1096 2612 1121 2633 Α.

1333 2653 1388 2680 Kal
1402 2654 1467 2688 μεθ’
1476 2653 1572 2689 ἕτερα.

1089 2696 1274 2733 Οὗτοςὸλόγος
1288 2699 1336 2735 τῆς
1345 2700 1399 2726 τῶν
1407 2700 1540 2736 ἀγράφων
1551 2702 1737 2738 παραδόσεως,
1750 2711 1776 2731 κ.
1784 2711 1809 2732 τ.
1817 2703 1845 2732 λ.

1090 2743 1146 2772 Καὶ
1157 2744 1233 2782 ὀρθοὶ
1254 2745 1303 2782 μὲν
1320 2745 1478 2783 πληροῦμεν
1491 2747 1542 2780 τὰς
1555 2748 1648 2784 εὐχὰς,
1665 2757 1692 2778 κ.
1705 2758 1731 2778 τ.
1746 2750 1772 2778 λ.
