  <div class='ocr_page' id='page_1' title='image "/cluster/home/n/w/nwhite01/storage/ocr_20150623/104/njp.32101077772885/334.png"; bbox 0 0 1959 3061; ppageno 0'>
   <div class='ocr_carea' id='block_1_1' title="bbox 125 154 179 185">
    <p class='ocr_par' dir='ltr' id='par_1_1' title="bbox 125 154 179 185">
     <span class='ocr_line' id='line_1_1' title="bbox 125 154 179 185; baseline 0 -1"><span class='ocrx_word' id='word_1_1' title='bbox 125 154 179 185; x_wconf 75' lang='grc'><strong>653</strong></span> 
     </span>
    </p>
   </div>
   <div class='ocr_carea' id='block_1_2' title="bbox 528 155 1340 189">
    <p class='ocr_par' dir='ltr' id='par_1_2' title="bbox 528 155 1340 189">
     <span class='ocr_line' id='line_1_2' title="bbox 528 155 1340 189; baseline 0.004 -3"><span class='ocrx_word' id='word_1_2' title='bbox 528 155 728 187; x_wconf 79' lang='lat' dir='ltr'><strong>SYNTAGMA</strong></span> <span class='ocrx_word' id='word_1_3' title='bbox 746 157 938 189; x_wconf 83' lang='lat' dir='ltr'><strong>CANONUM.</strong></span> <span class='ocrx_word' id='word_1_4' title='bbox 959 168 994 177; x_wconf 84' lang='grc'><strong><em>--</em></strong></span> <span class='ocrx_word' id='word_1_5' title='bbox 1011 157 1086 189; x_wconf 86' lang='grc' dir='ltr'><strong>ΤΙΤ.</strong></span> <span class='ocrx_word' id='word_1_6' title='bbox 1108 157 1193 188; x_wconf 66' lang='lat' dir='ltr'>VIII.</span> <span class='ocrx_word' id='word_1_7' title='bbox 1217 158 1294 188; x_wconf 85' lang='lat' dir='ltr'><strong>CAP.</strong></span> <span class='ocrx_word' id='word_1_8' title='bbox 1312 158 1340 189; x_wconf 88' lang='lat' dir='ltr'>I.</span> 
     </span>
    </p>
   </div>
   <div class='ocr_carea' id='block_1_3' title="bbox 1705 161 1757 194">
    <p class='ocr_par' dir='ltr' id='par_1_3' title="bbox 1705 161 1757 194">
     <span class='ocr_line' id='line_1_3' title="bbox 1705 161 1757 194; baseline -0.038 0"><span class='ocrx_word' id='word_1_9' title='bbox 1705 161 1757 194; x_wconf 67' lang='grc'><strong>(54</strong></span> 
     </span>
    </p>
   </div>
   <div class='ocr_carea' id='block_1_4' title="bbox 128 208 929 247">
    <p class='ocr_par' dir='ltr' id='par_1_4' title="bbox 128 208 918 247">
     <span class='ocr_line' id='line_1_4' title="bbox 128 208 918 247; baseline 0.003 -10"><span class='ocrx_word' id='word_1_10' title='bbox 128 210 192 237; x_wconf 78' lang='grc' dir='ltr'>σθαι</span> <span class='ocrx_word' id='word_1_11' title='bbox 207 208 369 241; x_wconf 77' lang='grc' dir='ltr'>ἐπίσκοπον,</span> <span class='ocrx_word' id='word_1_12' title='bbox 381 209 406 235; x_wconf 91' lang='grc' dir='ltr'>εἰ</span> <span class='ocrx_word' id='word_1_13' title='bbox 421 208 458 244; x_wconf 81' lang='grc' dir='ltr'><strong>μὴ</strong></span> <span class='ocrx_word' id='word_1_14' title='bbox 473 210 545 236; x_wconf 73' lang='grc' dir='ltr'>κατὰ</span> <span class='ocrx_word' id='word_1_15' title='bbox 560 210 711 238; x_wconf 82' lang='grc' dir='ltr'>συναίνεσιν</span> <span class='ocrx_word' id='word_1_16' title='bbox 721 211 768 238; x_wconf 85' lang='grc' dir='ltr'>τοῦ</span> <span class='ocrx_word' id='word_1_17' title='bbox 781 211 831 247; x_wconf 84' lang='grc' dir='ltr'>τὴν</span> <span class='ocrx_word' id='word_1_18' title='bbox 843 212 918 245; x_wconf 78' lang='grc' dir='ltr'>ἐξου-</span> 
     </span>
    </p>
   </div>
   <div class='ocr_carea' id='block_1_5' title="bbox 980 208 1757 247">
    <p class='ocr_par' dir='ltr' id='par_1_5' title="bbox 980 212 1757 246">
     <span class='ocr_line' id='line_1_5' title="bbox 980 212 1757 246; baseline 0.009 -7"><span class='ocrx_word' id='word_1_19' title='bbox 980 212 1119 244; x_wconf 70' lang='lat' dir='ltr'><strong>tabuisset,</strong></span> <span class='ocrx_word' id='word_1_20' title='bbox 1138 212 1191 240; x_wconf 85' lang='lat' dir='ltr'><strong>nisi</strong></span> <span class='ocrx_word' id='word_1_21' title='bbox 1207 212 1263 246; x_wconf 87' lang='lat' dir='ltr'><strong>ipse</strong></span> <span class='ocrx_word' id='word_1_22' title='bbox 1283 219 1450 241; x_wconf 82' lang='lat' dir='ltr'><strong>consensum</strong></span> <span class='ocrx_word' id='word_1_23' title='bbox 1472 213 1639 244; x_wconf 82' lang='lat' dir='ltr'><strong>adhibuisset</strong></span> <span class='ocrx_word' id='word_1_24' title='bbox 1658 224 1757 246; x_wconf 79' lang='lat' dir='ltr'><strong>concc-</strong></span> 
     </span>
    </p>
   </div>
   <div class='ocr_carea' id='block_1_6' title="bbox 127 254 918 293">
    <p class='ocr_par' dir='ltr' id='par_1_6' title="bbox 127 254 918 293">
     <span class='ocr_line' id='line_1_6' title="bbox 127 254 918 293; baseline 0.004 -12"><span class='ocrx_word' id='word_1_25' title='bbox 127 255 189 283; x_wconf 86' lang='grc' dir='ltr'>σίαν</span> <span class='ocrx_word' id='word_1_26' title='bbox 209 254 327 292; x_wconf 77' lang='grc' dir='ltr'><strong>ἔχοντος.</strong></span> <span class='ocrx_word' id='word_1_27' title='bbox 349 255 412 281; x_wconf 79' lang='grc' dir='ltr'><strong>Ἐὰν</strong></span> <span class='ocrx_word' id='word_1_28' title='bbox 426 255 455 281; x_wconf 82' lang='grc' dir='ltr'>δὲ</span> <span class='ocrx_word' id='word_1_29' title='bbox 473 255 554 288; x_wconf 77' lang='grc' dir='ltr'>αὐτὸς</span> <span class='ocrx_word' id='word_1_30' title='bbox 567 257 767 292; x_wconf 81' lang='grc' dir='ltr'>παραχωρήσῃ,</span> <span class='ocrx_word' id='word_1_31' title='bbox 783 257 854 284; x_wconf 81' lang='grc' dir='ltr'>ὥστε</span> <span class='ocrx_word' id='word_1_32' title='bbox 868 258 918 293; x_wconf 86' lang='grc' dir='ltr'>τὴν</span> 
     </span>
    </p>
   </div>
   <div class='ocr_carea' id='block_1_7' title="bbox 127 300 920 337">
    <p class='ocr_par' dir='ltr' id='par_1_7' title="bbox 127 300 920 337">
     <span class='ocr_line' id='line_1_7' title="bbox 127 300 920 337; baseline 0 -9"><span class='ocrx_word' id='word_1_33' title='bbox 127 301 212 335; x_wconf 79' lang='grc' dir='ltr'>αὐτὴν</span> <span class='ocrx_word' id='word_1_34' title='bbox 231 300 366 336; x_wconf 80' lang='grc' dir='ltr'>διοίκησιν</span> <span class='ocrx_word' id='word_1_35' title='bbox 379 301 577 336; x_wconf 84' lang='grc' dir='ltr'>ὲπιτραπεῖσαν</span> <span class='ocrx_word' id='word_1_36' title='bbox 599 302 664 328; x_wconf 80' lang='grc' dir='ltr'>[διον</span> <span class='ocrx_word' id='word_1_37' title='bbox 692 302 843 337; x_wconf 84' lang='grc' dir='ltr'>κτήσασθαι</span> <span class='ocrx_word' id='word_1_38' title='bbox 859 303 920 329; x_wconf 77' lang='grc' dir='ltr'>ἐπί-</span> 
     </span>
    </p>
   </div>
   <div class='ocr_carea' id='block_1_8' title="bbox 128 345 919 383">
    <p class='ocr_par' dir='ltr' id='par_1_8' title="bbox 128 345 919 383">
     <span class='ocr_line' id='line_1_8' title="bbox 128 345 919 383; baseline 0.003 -11"><span class='ocrx_word' id='word_1_39' title='bbox 128 354 241 378; x_wconf 85' lang='grc' dir='ltr'>σκοπον,</span> <span class='ocrx_word' id='word_1_40' title='bbox 263 346 303 377; x_wconf 89' lang='grc' dir='ltr'><strong>είς</strong></span> <span class='ocrx_word' id='word_1_41' title='bbox 317 346 367 378; x_wconf 82' lang='grc' dir='ltr'><strong>τὰς</strong></span> <span class='ocrx_word' id='word_1_42' title='bbox 382 345 478 378; x_wconf 80' lang='grc' dir='ltr'>λοιπὰς</span> <span class='ocrx_word' id='word_1_43' title='bbox 495 346 541 375; x_wconf 81' lang='grc' dir='ltr'><strong>τὸν</strong></span> <span class='ocrx_word' id='word_1_44' title='bbox 563 347 790 383; x_wconf 79' lang='grc' dir='ltr'><strong>προχειρισθέντα</strong></span> <span class='ocrx_word' id='word_1_45' title='bbox 808 347 846 383; x_wconf 85' lang='grc' dir='ltr'><strong>μὴ</strong></span> <span class='ocrx_word' id='word_1_46' title='bbox 859 348 919 374; x_wconf 72' lang='grc' dir='ltr'>ἑπι-</span> 
     </span>
    </p>
   </div>
   <div class='ocr_carea' id='block_1_9' title="bbox 128 392 918 428">
    <p class='ocr_par' dir='ltr' id='par_1_9' title="bbox 128 392 918 428">
     <span class='ocr_line' id='line_1_9' title="bbox 128 392 918 428; baseline -0.001 -9"><span class='ocrx_word' id='word_1_47' title='bbox 128 392 259 419; x_wconf 82' lang='grc' dir='ltr'>6αλέσθαι</span> <span class='ocrx_word' id='word_1_48' title='bbox 279 392 440 427; x_wconf 65' lang='grc' dir='ltr'>διοικήσεις*</span> <span class='ocrx_word' id='word_1_49' title='bbox 453 392 522 420; x_wconf 82' lang='grc' dir='ltr'>διότι</span> <span class='ocrx_word' id='word_1_50' title='bbox 539 392 588 428; x_wconf 89' lang='grc' dir='ltr'>μία</span> <span class='ocrx_word' id='word_1_51' title='bbox 612 394 646 420; x_wconf 80' lang='grc' dir='ltr'>ἐκ</span> <span class='ocrx_word' id='word_1_52' title='bbox 662 393 709 420; x_wconf 78' lang='grc' dir='ltr'>τοῦ</span> <span class='ocrx_word' id='word_1_53' title='bbox 723 393 849 427; x_wconf 83' lang='grc' dir='ltr'>σώματος</span> <span class='ocrx_word' id='word_1_54' title='bbox 864 392 918 419; x_wconf 86' lang='grc' dir='ltr'>τῶν</span> 
     </span>
    </p>
   </div>
   <div class='ocr_carea' id='block_1_10' title="bbox 127 437 919 475">
    <p class='ocr_par' dir='ltr' id='par_1_10' title="bbox 127 437 919 475">
     <span class='ocr_line' id='line_1_10' title="bbox 127 437 919 475; baseline -0.001 -10"><span class='ocrx_word' id='word_1_55' title='bbox 127 438 234 466; x_wconf 84' lang='grc' dir='ltr'>πολλῶν</span> <span class='ocrx_word' id='word_1_56' title='bbox 256 438 446 474; x_wconf 77' lang='grc' dir='ltr'><strong>ἀφαιρεθεῖσα,</strong></span> <span class='ocrx_word' id='word_1_57' title='bbox 470 438 539 474; x_wconf 79' lang='grc' dir='ltr'>αὑτὴ</span> <span class='ocrx_word' id='word_1_58' title='bbox 556 438 604 466; x_wconf 75' lang='grc' dir='ltr'>καὶ</span> <span class='ocrx_word' id='word_1_59' title='bbox 626 439 695 475; x_wconf 91' lang='grc' dir='ltr'>μόνη</span> <span class='ocrx_word' id='word_1_60' title='bbox 717 438 822 474; x_wconf 78' lang='grc' dir='ltr'><strong>ἠξιώθη</strong></span> <span class='ocrx_word' id='word_1_61' title='bbox 835 437 919 474; x_wconf 84' lang='grc' dir='ltr'>τιμὴν</span> 
     </span>
    </p>
   </div>
   <div class='ocr_carea' id='block_1_11' title="bbox 128 486 572 520">
    <p class='ocr_par' dir='ltr' id='par_1_11' title="bbox 128 486 572 520">
     <span class='ocr_line' id='line_1_11' title="bbox 128 486 572 520; baseline 0.002 -7"><span class='ocrx_word' id='word_1_62' title='bbox 128 486 197 517; x_wconf 80' lang='grc' dir='ltr'>ιδίας</span> <span class='ocrx_word' id='word_1_63' title='bbox 210 486 365 520; x_wconf 74' lang='grc' dir='ltr'>ἐπισκοπῆς</span> <span class='ocrx_word' id='word_1_64' title='bbox 379 486 572 519; x_wconf 81' lang='grc' dir='ltr'>ἀναδέξασθαι.</span> 
     </span>
    </p>
   </div>
   <div class='ocr_carea' id='block_1_12' title="bbox 162 528 919 567">
    <p class='ocr_par' dir='ltr' id='par_1_12' title="bbox 162 528 919 567">
     <span class='ocr_line' id='line_1_12' title="bbox 162 528 919 567; baseline 0.001 -10"><span class='ocrx_word' id='word_1_65' title='bbox 162 531 298 566; x_wconf 80' lang='grc' dir='ltr'><strong>Αὐρήλιος</strong></span> <span class='ocrx_word' id='word_1_66' title='bbox 325 530 475 563; x_wconf 77' lang='grc' dir='ltr'><strong>ἐπίσκοπος</strong></span> <span class='ocrx_word' id='word_1_67' title='bbox 500 528 589 558; x_wconf 63' lang='grc' dir='ltr'>εἶπεν</span> <span class='ocrx_word' id='word_1_68' title='bbox 619 531 676 559; x_wconf 78' lang='grc' dir='ltr'><strong>οὐκ</strong></span> <span class='ocrx_word' id='word_1_69' title='bbox 699 530 862 567; x_wconf 79' lang='grc' dir='ltr'>ἁμφιδάλλω</span> <span class='ocrx_word' id='word_1_70' title='bbox 885 532 919 566; x_wconf 75' lang='grc' dir='ltr'>τῇ</span> 
     </span>
    </p>
   </div>
   <div class='ocr_carea' id='block_1_13' title="bbox 127 575 919 611">
    <p class='ocr_par' dir='ltr' id='par_1_13' title="bbox 127 575 919 611">
     <span class='ocr_line' id='line_1_13' title="bbox 127 575 919 611; baseline -0.001 -7"><span class='ocrx_word' id='word_1_71' title='bbox 127 576 238 604; x_wconf 78' lang='grc' dir='ltr'>πάντων</span> <span class='ocrx_word' id='word_1_72' title='bbox 256 575 335 610; x_wconf 82' lang='grc' dir='ltr'><strong>ὑμῶν</strong></span> <span class='ocrx_word' id='word_1_73' title='bbox 348 576 444 611; x_wconf 80' lang='grc' dir='ltr'><strong>ἀγάπῃ</strong></span> <span class='ocrx_word' id='word_1_74' title='bbox 457 576 596 611; x_wconf 81' lang='grc' dir='ltr'><strong>ἀρέσκειν,</strong></span> <span class='ocrx_word' id='word_1_75' title='bbox 614 576 686 604; x_wconf 81' lang='grc' dir='ltr'>ὥστε</span> <span class='ocrx_word' id='word_1_76' title='bbox 702 576 749 603; x_wconf 81' lang='grc' dir='ltr'>τὸν</span> <span class='ocrx_word' id='word_1_77' title='bbox 767 577 838 603; x_wconf 80' lang='grc' dir='ltr'>κατὰ</span> <span class='ocrx_word' id='word_1_78' title='bbox 852 584 919 610; x_wconf 82' lang='grc' dir='ltr'>συγ-</span> 
     </span>
    </p>
   </div>
   <div class='ocr_carea' id='block_1_14' title="bbox 127 621 920 658">
    <p class='ocr_par' dir='ltr' id='par_1_14' title="bbox 127 621 920 658">
     <span class='ocr_line' id='line_1_14' title="bbox 127 621 920 658; baseline 0.001 -10"><span class='ocrx_word' id='word_1_79' title='bbox 127 622 249 657; x_wconf 86' lang='grc' dir='ltr'>χώρησιν</span> <span class='ocrx_word' id='word_1_80' title='bbox 272 621 319 648; x_wconf 81' lang='grc' dir='ltr'><strong>τοῦ</strong></span> <span class='ocrx_word' id='word_1_81' title='bbox 344 622 479 657; x_wconf 81' lang='grc' dir='ltr'><strong>προτέρου</strong></span> <span class='ocrx_word' id='word_1_82' title='bbox 500 623 651 650; x_wconf 66' lang='grc' dir='ltr'>ἐπισκόπου</span> <span class='ocrx_word' id='word_1_83' title='bbox 678 622 708 650; x_wconf 78' lang='grc' dir='ltr'><strong>ὲν</strong></span> <span class='ocrx_word' id='word_1_84' title='bbox 729 623 764 658; x_wconf 79' lang='grc' dir='ltr'>τῇ</span> <span class='ocrx_word' id='word_1_85' title='bbox 788 622 920 658; x_wconf 81' lang='grc' dir='ltr'>διοικήσει</span> 
     </span>
    </p>
   </div>
   <div class='ocr_carea' id='block_1_15' title="bbox 127 667 921 703">
    <p class='ocr_par' dir='ltr' id='par_1_15' title="bbox 127 667 921 703">
     <span class='ocr_line' id='line_1_15' title="bbox 127 667 921 703; baseline 0 -9"><span class='ocrx_word' id='word_1_86' title='bbox 127 667 357 702; x_wconf 75' lang='grc' dir='ltr'><strong>προχειρισθέντα</strong></span> <span class='ocrx_word' id='word_1_87' title='bbox 372 667 533 700; x_wconf 79' lang='grc' dir='ltr'>ἐπίσκοπον,</span> <span class='ocrx_word' id='word_1_88' title='bbox 548 667 627 702; x_wconf 84' lang='grc' dir='ltr'>μόνον</span> <span class='ocrx_word' id='word_1_89' title='bbox 639 668 721 694; x_wconf 80' lang='grc' dir='ltr'>αὐτὸν</span> <span class='ocrx_word' id='word_1_90' title='bbox 735 667 862 703; x_wconf 80' lang='grc' dir='ltr'><strong>κατέχειν</strong></span> <span class='ocrx_word' id='word_1_91' title='bbox 874 667 921 694; x_wconf 79' lang='grc' dir='ltr'><strong>τὸν</strong></span> 
     </span>
    </p>
   </div>
   <div class='ocr_carea' id='block_1_16' title="bbox 126 712 920 749">
    <p class='ocr_par' dir='ltr' id='par_1_16' title="bbox 126 712 920 749">
     <span class='ocr_line' id='line_1_16' title="bbox 126 712 920 749; baseline 0 -9"><span class='ocrx_word' id='word_1_92' title='bbox 126 713 191 740; x_wconf 74' lang='grc' dir='ltr'>λαὸν</span> <span class='ocrx_word' id='word_1_93' title='bbox 206 715 246 745; x_wconf 87' lang='grc' dir='ltr'>είς</span> <span class='ocrx_word' id='word_1_94' title='bbox 264 712 294 740; x_wconf 78' lang='grc' dir='ltr'><strong>ὃν</strong></span> <span class='ocrx_word' id='word_1_95' title='bbox 306 714 508 749; x_wconf 76' lang='grc' dir='ltr'>ἐχειροτονήθη.</span> <span class='ocrx_word' id='word_1_96' title='bbox 532 713 640 749; x_wconf 76' lang='grc' dir='ltr'>Ἐπειδὴ</span> <span class='ocrx_word' id='word_1_97' title='bbox 653 713 700 741; x_wconf 76' lang='grc' dir='ltr'><strong>οὖν</strong></span> <span class='ocrx_word' id='word_1_98' title='bbox 714 713 803 740; x_wconf 81' lang='grc' dir='ltr'>πάντα</span> <span class='ocrx_word' id='word_1_99' title='bbox 817 713 920 748; x_wconf 82' lang='grc' dir='ltr'><strong>νομίζω</strong></span> 
     </span>
    </p>
   </div>
   <div class='ocr_carea' id='block_1_17' title="bbox 127 757 920 795">
    <p class='ocr_par' dir='ltr' id='par_1_17' title="bbox 127 757 920 795">
     <span class='ocr_line' id='line_1_17' title="bbox 127 757 920 795; baseline -0.004 -8"><span class='ocrx_word' id='word_1_100' title='bbox 127 757 199 787; x_wconf 86' lang='grc' dir='ltr'>εῐναι</span> <span class='ocrx_word' id='word_1_101' title='bbox 209 758 458 794; x_wconf 84' lang='grc' dir='ltr'>τετρακταῖσμένα,</span> <span class='ocrx_word' id='word_1_102' title='bbox 469 759 518 786; x_wconf 76' lang='grc' dir='ltr'><strong>ἐὰν</strong></span> <span class='ocrx_word' id='word_1_103' title='bbox 532 760 622 786; x_wconf 84' lang='grc' dir='ltr'>πάντα</span> <span class='ocrx_word' id='word_1_104' title='bbox 641 760 734 795; x_wconf 82' lang='grc' dir='ltr'>στοιχῇ</span> <span class='ocrx_word' id='word_1_105' title='bbox 746 759 786 794; x_wconf 82' lang='grc' dir='ltr'><strong>τῷ</strong></span> <span class='ocrx_word' id='word_1_106' title='bbox 797 757 920 794; x_wconf 87' lang='grc' dir='ltr'>λογισμῷ</span> 
     </span>
    </p>
   </div>
   <div class='ocr_carea' id='block_1_18' title="bbox 128 803 892 841">
    <p class='ocr_par' dir='ltr' id='par_1_18' title="bbox 128 803 892 841">
     <span class='ocr_line' id='line_1_18' title="bbox 128 803 892 841; baseline -0.003 -9"><span class='ocrx_word' id='word_1_107' title='bbox 128 805 217 841; x_wconf 79' lang='grc' dir='ltr'><strong>ὑμῶν,</strong></span> <span class='ocrx_word' id='word_1_108' title='bbox 237 805 326 831; x_wconf 85' lang='grc' dir='ltr'>πάντα</span> <span class='ocrx_word' id='word_1_109' title='bbox 339 803 508 839; x_wconf 82' lang='grc' dir='ltr'>βεδαιώσατε</span> <span class='ocrx_word' id='word_1_110' title='bbox 521 805 555 839; x_wconf 82' lang='grc' dir='ltr'><strong>τῇ</strong></span> <span class='ocrx_word' id='word_1_111' title='bbox 577 803 700 840; x_wconf 76' lang='grc' dir='ltr'><strong>ὑμετέρᾳ</strong></span> <span class='ocrx_word' id='word_1_112' title='bbox 719 803 892 840; x_wconf 42' lang='grc' dir='ltr'>ὲκφωνήσεικ</span> 
     </span>
    </p>
   </div>
   <div class='ocr_carea' id='block_1_19' title="bbox 163 849 920 885">
    <p class='ocr_par' dir='ltr' id='par_1_19' title="bbox 163 849 920 885">
     <span class='ocr_line' id='line_1_19' title="bbox 163 849 920 885; baseline -0.001 -8"><span class='ocrx_word' id='word_1_113' title='bbox 163 851 268 882; x_wconf 84' lang='grc' dir='ltr'><strong>Πάντες</strong></span> <span class='ocrx_word' id='word_1_114' title='bbox 292 851 317 877; x_wconf 90' lang='grc' dir='ltr'>οἱ</span> <span class='ocrx_word' id='word_1_115' title='bbox 343 850 489 877; x_wconf 77' lang='grc' dir='ltr'>ἐπίσκοποι</span> <span class='ocrx_word' id='word_1_116' title='bbox 515 849 604 877; x_wconf 75' lang='grc' dir='ltr'>εἷπον·</span> <span class='ocrx_word' id='word_1_117' title='bbox 634 850 721 878; x_wconf 78' lang='grc' dir='ltr'>Πᾶσιν</span> <span class='ocrx_word' id='word_1_118' title='bbox 744 850 811 885; x_wconf 83' lang='grc' dir='ltr'><strong>ἡμῖν</strong></span> <span class='ocrx_word' id='word_1_119' title='bbox 832 849 920 876; x_wconf 84' lang='grc' dir='ltr'>ταῦτα</span> 
     </span>
    </p>
   </div>
   <div class='ocr_carea' id='block_1_20' title="bbox 969 256 1757 292">
    <p class='ocr_par' dir='ltr' id='par_1_20' title="bbox 969 256 1757 292">
     <span class='ocr_line' id='line_1_20' title="bbox 969 256 1757 292; baseline 0.01 -9"><span class='ocrx_word' id='word_1_120' title='bbox 969 256 1060 284; x_wconf 88' lang='lat' dir='ltr'><strong>dendi.</strong></span> <span class='ocrx_word' id='word_1_121' title='bbox 1075 256 1197 284; x_wconf 87' lang='lat' dir='ltr'><strong>Sulliciat</strong></span> <span class='ocrx_word' id='word_1_122' title='bbox 1214 258 1289 285; x_wconf 92' lang='lat' dir='ltr'><strong>enim</strong></span> <span class='ocrx_word' id='word_1_123' title='bbox 1309 258 1332 285; x_wconf 89' lang='lat' dir='ltr'><strong>si</strong></span> <span class='ocrx_word' id='word_1_124' title='bbox 1346 259 1525 292; x_wconf 86' lang='lat' dir='ltr'><strong>concesserit,</strong></span> <span class='ocrx_word' id='word_1_125' title='bbox 1539 264 1569 287; x_wconf 89' lang='lat' dir='ltr'><strong>ut</strong></span> <span class='ocrx_word' id='word_1_126' title='bbox 1581 261 1677 289; x_wconf 87' lang='lat' dir='ltr'><strong>eadem</strong></span> <span class='ocrx_word' id='word_1_127' title='bbox 1688 263 1757 292; x_wconf 72' lang='lat' dir='ltr'><strong>dim-</strong></span> 
     </span>
    </p>
   </div>
   <div class='ocr_carea' id='block_1_21' title="bbox 969 301 1755 342">
    <p class='ocr_par' dir='ltr' id='par_1_21' title="bbox 969 301 1755 342">
     <span class='ocr_line' id='line_1_21' title="bbox 969 301 1755 342; baseline 0.011 -14"><span class='ocrx_word' id='word_1_128' title='bbox 969 301 1040 329; x_wconf 88' lang='lat' dir='ltr'><strong>cesis</strong></span> <span class='ocrx_word' id='word_1_129' title='bbox 1059 303 1194 337; x_wconf 87' lang='lat' dir='ltr'><strong>permissa</strong></span> <span class='ocrx_word' id='word_1_130' title='bbox 1221 303 1362 338; x_wconf 89' lang='lat' dir='ltr'><strong>proprium</strong></span> <span class='ocrx_word' id='word_1_131' title='bbox 1389 308 1496 332; x_wconf 85' lang='lat' dir='ltr'><strong>tantum</strong></span> <span class='ocrx_word' id='word_1_132' title='bbox 1519 306 1677 342; x_wconf 76' lang='lat' dir='ltr'><strong>episcopum</strong></span> <span class='ocrx_word' id='word_1_133' title='bbox 1703 309 1755 336; x_wconf 80' lang='lat' dir='ltr'><strong>ha~</strong></span> 
     </span>
    </p>
   </div>
   <div class='ocr_carea' id='block_1_22' title="bbox 969 347 1757 389">
    <p class='ocr_par' dir='ltr' id='par_1_22' title="bbox 969 347 1757 389">
     <span class='ocr_line' id='line_1_22' title="bbox 969 347 1757 389; baseline 0.01 -15"><span class='ocrx_word' id='word_1_134' title='bbox 969 347 1042 380; x_wconf 89' lang='lat' dir='ltr'><strong>beat,</strong></span> <span class='ocrx_word' id='word_1_135' title='bbox 1066 351 1178 375; x_wconf 79' lang='lat' dir='ltr'><strong>caeteras</strong></span> <span class='ocrx_word' id='word_1_136' title='bbox 1209 348 1261 376; x_wconf 87' lang='lat' dir='ltr'><strong>sibi</strong></span> <span class='ocrx_word' id='word_1_137' title='bbox 1290 356 1345 376; x_wconf 90' lang='lat' dir='ltr'><strong>non</strong></span> <span class='ocrx_word' id='word_1_138' title='bbox 1369 349 1490 378; x_wconf 87' lang='lat' dir='ltr'><strong>vindicet</strong></span> <span class='ocrx_word' id='word_1_139' title='bbox 1513 351 1665 386; x_wconf 73' lang='lat' dir='ltr'><strong>dimceses;</strong></span> <span class='ocrx_word' id='word_1_140' title='bbox 1691 355 1757 389; x_wconf 83' lang='lat' dir='ltr'><strong>quia</strong></span> 
     </span>
    </p>
   </div>
   <div class='ocr_carea' id='block_1_23' title="bbox 969 392 1756 427">
    <p class='ocr_par' dir='ltr' id='par_1_23' title="bbox 969 392 1756 427">
     <span class='ocr_line' id='line_1_23' title="bbox 969 392 1756 427; baseline 0.013 -10"><span class='ocrx_word' id='word_1_141' title='bbox 969 396 1094 426; x_wconf 81' lang='lat' dir='ltr'><strong>exempta</strong></span> <span class='ocrx_word' id='word_1_142' title='bbox 1114 392 1148 419; x_wconf 89' lang='lat' dir='ltr'><strong>de</strong></span> <span class='ocrx_word' id='word_1_143' title='bbox 1165 392 1239 420; x_wconf 79' lang='lat' dir='ltr'><strong>fasce</strong></span> <span class='ocrx_word' id='word_1_144' title='bbox 1257 393 1406 422; x_wconf 90' lang='lat' dir='ltr'><strong>multarum</strong></span> <span class='ocrx_word' id='word_1_145' title='bbox 1422 395 1479 422; x_wconf 88' lang='lat' dir='ltr'><strong>sola</strong></span> <span class='ocrx_word' id='word_1_146' title='bbox 1503 397 1605 424; x_wconf 87' lang='lat' dir='ltr'><strong>meruit</strong></span> <span class='ocrx_word' id='word_1_147' title='bbox 1623 397 1756 427; x_wconf 84' lang='lat' dir='ltr'><strong>honorem</strong></span> 
     </span>
    </p>
   </div>
   <div class='ocr_carea' id='block_1_24' title="bbox 969 437 1308 473">
    <p class='ocr_par' dir='ltr' id='par_1_24' title="bbox 969 437 1308 473">
     <span class='ocr_line' id='line_1_24' title="bbox 969 437 1308 473; baseline 0 -8"><span class='ocrx_word' id='word_1_148' title='bbox 969 437 1143 473; x_wconf 78' lang='lat' dir='ltr'><strong>episcopatus</strong></span> <span class='ocrx_word' id='word_1_149' title='bbox 1158 439 1308 473; x_wconf 81' lang='lat' dir='ltr'><strong>suscipere.</strong></span> 
     </span>
    </p>
   </div>
   <div class='ocr_carea' id='block_1_25' title="bbox 1004 527 1755 564">
    <p class='ocr_par' dir='ltr' id='par_1_25' title="bbox 1004 527 1755 564">
     <span class='ocr_line' id='line_1_25' title="bbox 1004 527 1755 564; baseline 0.008 -10"><span class='ocrx_word' id='word_1_150' title='bbox 1004 527 1133 556; x_wconf 83' lang='lat' dir='ltr'><strong>Aurelius</strong></span> <span class='ocrx_word' id='word_1_151' title='bbox 1142 528 1287 564; x_wconf 86' lang='lat' dir='ltr'><strong>episcopus</strong></span> <span class='ocrx_word' id='word_1_152' title='bbox 1313 529 1401 557; x_wconf 80' lang='lat' dir='ltr'><strong>dixit:</strong></span> <span class='ocrx_word' id='word_1_153' title='bbox 1428 529 1487 558; x_wconf 81' lang='lat' dir='ltr'><strong>Non</strong></span> <span class='ocrx_word' id='word_1_154' title='bbox 1508 530 1602 559; x_wconf 87' lang='lat' dir='ltr'><strong>dubito</strong></span> <span class='ocrx_word' id='word_1_155' title='bbox 1624 532 1755 560; x_wconf 85' lang='lat' dir='ltr'><strong>charitati</strong></span> 
     </span>
    </p>
   </div>
   <div class='ocr_carea' id='block_1_26' title="bbox 969 574 1758 611">
    <p class='ocr_par' dir='ltr' id='par_1_26' title="bbox 969 574 1758 611">
     <span class='ocr_line' id='line_1_26' title="bbox 969 574 1758 611; baseline 0.009 -11"><span class='ocrx_word' id='word_1_156' title='bbox 969 577 1067 601; x_wconf 71' lang='lat' dir='ltr'><strong>vestra:</strong></span> <span class='ocrx_word' id='word_1_157' title='bbox 1080 574 1204 601; x_wconf 92' lang='lat' dir='ltr'><strong>omnium</strong></span> <span class='ocrx_word' id='word_1_158' title='bbox 1219 575 1341 609; x_wconf 81' lang='lat' dir='ltr'><strong>placere,</strong></span> <span class='ocrx_word' id='word_1_159' title='bbox 1367 583 1429 603; x_wconf 87' lang='lat' dir='ltr'><strong>eum</strong></span> <span class='ocrx_word' id='word_1_160' title='bbox 1446 576 1493 611; x_wconf 92' lang='lat' dir='ltr'><strong>qui</strong></span> <span class='ocrx_word' id='word_1_161' title='bbox 1517 577 1546 604; x_wconf 89' lang='lat' dir='ltr'><strong>in</strong></span> <span class='ocrx_word' id='word_1_162' title='bbox 1566 577 1679 607; x_wconf 74' lang='lat' dir='ltr'><strong>dioecesi</strong></span> <span class='ocrx_word' id='word_1_163' title='bbox 1689 586 1758 606; x_wconf 85' lang='lat' dir='ltr'><strong>con-</strong></span> 
     </span>
    </p>
   </div>
   <div class='ocr_carea' id='block_1_27' title="bbox 969 619 1757 656">
    <p class='ocr_par' dir='ltr' id='par_1_27' title="bbox 969 619 1757 656">
     <span class='ocr_line' id='line_1_27' title="bbox 969 619 1757 656; baseline 0.009 -11"><span class='ocrx_word' id='word_1_164' title='bbox 969 619 1083 646; x_wconf 77' lang='lat' dir='ltr'><strong>cedente</strong></span> <span class='ocrx_word' id='word_1_165' title='bbox 1108 619 1250 654; x_wconf 65' lang='lat' dir='ltr'><strong>episcopo,</strong></span> <span class='ocrx_word' id='word_1_166' title='bbox 1286 620 1334 655; x_wconf 87' lang='lat' dir='ltr'><strong>qui</strong></span> <span class='ocrx_word' id='word_1_167' title='bbox 1373 621 1514 649; x_wconf 76' lang='lat' dir='ltr'><strong>matricem</strong></span> <span class='ocrx_word' id='word_1_168' title='bbox 1545 623 1642 656; x_wconf 87' lang='lat' dir='ltr'><strong>tenuit,</strong></span> <span class='ocrx_word' id='word_1_169' title='bbox 1670 625 1757 652; x_wconf 87' lang='lat' dir='ltr'><strong>solam</strong></span> 
     </span>
    </p>
   </div>
   <div class='ocr_carea' id='block_1_28' title="bbox 970 664 1757 702">
    <p class='ocr_par' dir='ltr' id='par_1_28' title="bbox 970 664 1757 702">
     <span class='ocr_line' id='line_1_28' title="bbox 970 664 1757 702; baseline 0.008 -11"><span class='ocrx_word' id='word_1_170' title='bbox 970 664 1094 692; x_wconf 85' lang='lat' dir='ltr'><strong>eamdem</strong></span> <span class='ocrx_word' id='word_1_171' title='bbox 1109 665 1229 693; x_wconf 86' lang='lat' dir='ltr'><strong>retinere</strong></span> <span class='ocrx_word' id='word_1_172' title='bbox 1249 666 1355 701; x_wconf 81' lang='lat' dir='ltr'><strong>plebem</strong></span> <span class='ocrx_word' id='word_1_173' title='bbox 1372 667 1400 694; x_wconf 93' lang='lat' dir='ltr'><strong>in</strong></span> <span class='ocrx_word' id='word_1_174' title='bbox 1422 675 1476 702; x_wconf 93' lang='lat' dir='ltr'><strong>qua</strong></span> <span class='ocrx_word' id='word_1_175' title='bbox 1498 667 1587 696; x_wconf 79' lang='lat' dir='ltr'><strong>fuerat</strong></span> <span class='ocrx_word' id='word_1_176' title='bbox 1603 669 1757 698; x_wconf 87' lang='lat' dir='ltr'><strong>ordinatus.</strong></span> 
     </span>
    </p>
   </div>
   <div class='ocr_carea' id='block_1_29' title="bbox 970 709 1758 748">
    <p class='ocr_par' dir='ltr' id='par_1_29' title="bbox 970 709 1758 748">
     <span class='ocr_line' id='line_1_29' title="bbox 970 709 1758 748; baseline 0.008 -11"><span class='ocrx_word' id='word_1_177' title='bbox 970 709 1106 743; x_wconf 84' lang='lat' dir='ltr'><strong>Quoniam</strong></span> <span class='ocrx_word' id='word_1_178' title='bbox 1128 709 1210 746; x_wconf 83' lang='lat' dir='ltr'><strong>igitur</strong></span> <span class='ocrx_word' id='word_1_179' title='bbox 1234 712 1361 740; x_wconf 88' lang='lat' dir='ltr'><strong>universa</strong></span> <span class='ocrx_word' id='word_1_180' title='bbox 1384 712 1506 741; x_wconf 83' lang='lat' dir='ltr'><strong>arbitror</strong></span> <span class='ocrx_word' id='word_1_181' title='bbox 1530 713 1616 742; x_wconf 78' lang='lat' dir='ltr'><strong>fuisse</strong></span> <span class='ocrx_word' id='word_1_182' title='bbox 1632 719 1758 748; x_wconf 82' lang='lat' dir='ltr'><strong>tractata.</strong></span> 
     </span>
    </p>
   </div>
   <div class='ocr_carea' id='block_1_30' title="bbox 970 756 1760 794">
    <p class='ocr_par' dir='ltr' id='par_1_30' title="bbox 970 756 1760 794">
     <span class='ocr_line' id='line_1_30' title="bbox 970 756 1760 794; baseline 0.009 -11"><span class='ocrx_word' id='word_1_183' title='bbox 970 756 994 784; x_wconf 90' lang='lat' dir='ltr'><strong>si</strong></span> <span class='ocrx_word' id='word_1_184' title='bbox 1009 757 1101 784; x_wconf 84' lang='lat' dir='ltr'><strong>omnia</strong></span> <span class='ocrx_word' id='word_1_185' title='bbox 1117 764 1178 784; x_wconf 91' lang='lat' dir='ltr'><strong>cum</strong></span> <span class='ocrx_word' id='word_1_186' title='bbox 1197 759 1289 786; x_wconf 88' lang='lat' dir='ltr'><strong>animo</strong></span> <span class='ocrx_word' id='word_1_187' title='bbox 1305 762 1398 786; x_wconf 84' lang='lat' dir='ltr'><strong>vestro</strong></span> <span class='ocrx_word' id='word_1_188' title='bbox 1411 764 1608 794; x_wconf 86' lang='lat' dir='ltr'><strong>convenerunt,</strong></span> <span class='ocrx_word' id='word_1_189' title='bbox 1633 769 1760 790; x_wconf 88' lang='lat' dir='ltr'><strong>sermone</strong></span> 
     </span>
    </p>
   </div>
   <div class='ocr_carea' id='block_1_31' title="bbox 970 805 1328 832">
    <p class='ocr_par' dir='ltr' id='par_1_31' title="bbox 970 805 1328 832">
     <span class='ocr_line' id='line_1_31' title="bbox 970 805 1328 832; baseline 0.008 -3"><span class='ocrx_word' id='word_1_190' title='bbox 970 806 1063 830; x_wconf 84' lang='lat' dir='ltr'><strong>vestro</strong></span> <span class='ocrx_word' id='word_1_191' title='bbox 1079 807 1180 831; x_wconf 90' lang='lat' dir='ltr'><strong>cuncta</strong></span> <span class='ocrx_word' id='word_1_192' title='bbox 1193 805 1328 832; x_wconf 77' lang='lat' dir='ltr'><strong>roborata.</strong></span> 
     </span>
    </p>
   </div>
   <div class='ocr_carea' id='block_1_32' title="bbox 1007 846 1760 885">
    <p class='ocr_par' dir='ltr' id='par_1_32' title="bbox 1007 846 1760 885">
     <span class='ocr_line' id='line_1_32' title="bbox 1007 846 1760 885; baseline 0.008 -10"><span class='ocrx_word' id='word_1_193' title='bbox 1007 846 1134 876; x_wconf 91' lang='lat' dir='ltr'><strong>Universi</strong></span> <span class='ocrx_word' id='word_1_194' title='bbox 1152 849 1272 885; x_wconf 86' lang='lat' dir='ltr'><strong>episcopi</strong></span> <span class='ocrx_word' id='word_1_195' title='bbox 1300 851 1448 879; x_wconf 83' lang='lat' dir='ltr'><strong>dixerunt:</strong></span> <span class='ocrx_word' id='word_1_196' title='bbox 1471 850 1569 880; x_wconf 85' lang='lat' dir='ltr'><strong>Omnia</strong></span> <span class='ocrx_word' id='word_1_197' title='bbox 1598 853 1677 881; x_wconf 86' lang='lat' dir='ltr'><strong>nobis</strong></span> <span class='ocrx_word' id='word_1_198' title='bbox 1702 854 1760 881; x_wconf 59' lang='lat' dir='ltr'><strong>haec</strong></span> 
     </span>
    </p>
   </div>
   <div class='ocr_carea' id='block_1_33' title="bbox 128 886 929 934">
    <p class='ocr_par' dir='ltr' id='par_1_33' title="bbox 128 895 918 932">
     <span class='ocr_line' id='line_1_33' title="bbox 128 895 918 932; baseline -0.001 -9"><span class='ocrx_word' id='word_1_199' title='bbox 128 896 242 932; x_wconf 78' lang='grc' dir='ltr'>ἤρεσαν,</span> <span class='ocrx_word' id='word_1_200' title='bbox 258 896 307 923; x_wconf 79' lang='grc' dir='ltr'>καὶ</span> <span class='ocrx_word' id='word_1_201' title='bbox 331 897 365 932; x_wconf 81' lang='grc' dir='ltr'><strong>τῇ</strong></span> <span class='ocrx_word' id='word_1_202' title='bbox 380 896 503 932; x_wconf 77' lang='grc' dir='ltr'><strong>ἡμετέρᾳ</strong></span> <span class='ocrx_word' id='word_1_203' title='bbox 519 896 664 932; x_wconf 80' lang='grc' dir='ltr'>ὑπογραφῇ</span> <span class='ocrx_word' id='word_1_204' title='bbox 684 895 771 923; x_wconf 79' lang='grc' dir='ltr'>ταῦτα</span> <span class='ocrx_word' id='word_1_205' title='bbox 792 895 918 932; x_wconf 75' lang='grc' dir='ltr'><strong>βεϐαιοῦ-</strong></span> 
     </span>
    </p>
   </div>
   <div class='ocr_carea' id='block_1_34' title="bbox 980 886 1760 934">
    <p class='ocr_par' dir='ltr' id='par_1_34' title="bbox 980 893 1760 934">
     <span class='ocr_line' id='line_1_34' title="bbox 980 893 1760 934; baseline 0.008 -14"><span class='ocrx_word' id='word_1_206' title='bbox 980 893 1149 928; x_wconf 69' lang='lat' dir='ltr'><strong>ilacuerunt,</strong></span> <span class='ocrx_word' id='word_1_207' title='bbox 1169 898 1198 923; x_wconf 87' lang='lat' dir='ltr'><strong>et&#39;</strong></span> <span class='ocrx_word' id='word_1_208' title='bbox 1222 895 1281 924; x_wconf 56' lang='lat' dir='ltr'><strong>hac</strong></span> <span class='ocrx_word' id='word_1_209' title='bbox 1299 901 1395 924; x_wconf 85' lang='lat' dir='ltr'><strong>nostra</strong></span> <span class='ocrx_word' id='word_1_210' title='bbox 1418 898 1617 934; x_wconf 86' lang='lat' dir='ltr'><strong>subscriptione</strong></span> <span class='ocrx_word' id='word_1_211' title='bbox 1640 899 1760 926; x_wconf 83' lang='lat' dir='ltr'><strong>ﬁrmal-i-</strong></span> 
     </span>
    </p>
   </div>
   <div class='ocr_carea' id='block_1_35' title="bbox 128 952 916 1024">
    <p class='ocr_par' dir='ltr' id='par_1_35' title="bbox 128 952 916 1024">
     <span class='ocr_line' id='line_1_35' title="bbox 128 952 916 1024; baseline -0.004 -8"><span class='ocrx_word' id='word_1_212' title='bbox 128 952 220 1016; x_wconf 57' lang='grc' dir='ltr'>μεῖίαὶ</span> <span class='ocrx_word' id='word_1_213' title='bbox 232 987 405 1024; x_wconf 73' lang='grc' dir='ltr'>ὑπέγραψαν.</span> <span class='ocrx_word' id='word_1_214' title='bbox 422 988 558 1024; x_wconf 81' lang='grc' dir='ltr'><strong>Αὐρήλιος</strong></span> <span class='ocrx_word' id='word_1_215' title='bbox 566 987 713 1018; x_wconf 75' lang='grc' dir='ltr'>ἐπίσκοπος</span> <span class='ocrx_word' id='word_1_216' title='bbox 727 987 777 1023; x_wconf 87' lang='grc' dir='ltr'><strong>τῆς</strong></span> <span class='ocrx_word' id='word_1_217' title='bbox 801 986 916 1022; x_wconf 83' lang='grc' dir='ltr'>Ἐκκλη-</span> 
     </span>
    </p>
   </div>
   <div class='ocr_carea' id='block_1_36' title="bbox 128 1033 917 1070">
    <p class='ocr_par' dir='ltr' id='par_1_36' title="bbox 128 1033 917 1070">
     <span class='ocr_line' id='line_1_36' title="bbox 128 1033 917 1070; baseline -0.004 -8"><span class='ocrx_word' id='word_1_218' title='bbox 128 1035 188 1067; x_wconf 65' lang='grc' dir='ltr'>σιας</span> <span class='ocrx_word' id='word_1_219' title='bbox 213 1035 399 1070; x_wconf 80' lang='grc' dir='ltr'><strong>Καρχηδόνος,</strong></span> <span class='ocrx_word' id='word_1_220' title='bbox 420 1035 468 1070; x_wconf 86' lang='grc' dir='ltr'>Τῷ</span> <span class='ocrx_word' id='word_1_221' title='bbox 480 1034 595 1070; x_wconf 85' lang='grc' dir='ltr'>παρόντι</span> <span class='ocrx_word' id='word_1_222' title='bbox 626 1034 744 1069; x_wconf 80' lang='grc' dir='ltr'>δεκρέτῳ</span> <span class='ocrx_word' id='word_1_223' title='bbox 773 1033 917 1069; x_wconf 79' lang='grc' dir='ltr'>συνῄνεσα,</span> 
     </span>
    </p>
   </div>
   <div class='ocr_carea' id='block_1_37' title="bbox 127 1078 918 1116">
    <p class='ocr_par' dir='ltr' id='par_1_37' title="bbox 127 1078 918 1116">
     <span class='ocr_line' id='line_1_37' title="bbox 127 1078 918 1116; baseline -0.004 -9"><span class='ocrx_word' id='word_1_224' title='bbox 127 1081 175 1108; x_wconf 79' lang='grc' dir='ltr'>καὶ</span> <span class='ocrx_word' id='word_1_225' title='bbox 190 1080 394 1115; x_wconf 83' lang='grc' dir='ltr'>ἀναγνωσθέντι</span> <span class='ocrx_word' id='word_1_226' title='bbox 410 1079 568 1116; x_wconf 79' lang='grc' dir='ltr'>ὑπέγραψα,</span> <span class='ocrx_word' id='word_1_227' title='bbox 588 1079 705 1115; x_wconf 84' lang='grc' dir='ltr'><strong>Ὀμοίως</strong></span> <span class='ocrx_word' id='word_1_228' title='bbox 718 1078 766 1106; x_wconf 79' lang='grc' dir='ltr'>καὶ</span> <span class='ocrx_word' id='word_1_229' title='bbox 780 1078 805 1104; x_wconf 79' lang='grc' dir='ltr'>οἱ</span> <span class='ocrx_word' id='word_1_230' title='bbox 828 1078 918 1104; x_wconf 77' lang='grc' dir='ltr'>λοιποὶ</span> 
     </span>
    </p>
   </div>
   <div class='ocr_carea' id='block_1_38' title="bbox 127 1126 467 1162">
    <p class='ocr_par' dir='ltr' id='par_1_38' title="bbox 127 1126 467 1162">
     <span class='ocr_line' id='line_1_38' title="bbox 127 1126 467 1162; baseline -0.003 -8"><span class='ocrx_word' id='word_1_231' title='bbox 127 1126 276 1154; x_wconf 69' lang='grc' dir='ltr'>ἐπίσκοποι</span> <span class='ocrx_word' id='word_1_232' title='bbox 294 1126 467 1162; x_wconf 81' lang='grc' dir='ltr'>ὑπέγραψαν.</span> 
     </span>
    </p>
   </div>
   <div class='ocr_carea' id='block_1_39' title="bbox 170 1180 918 1218">
    <p class='ocr_par' dir='ltr' id='par_1_39' title="bbox 170 1180 918 1218">
     <span class='ocr_line' id='line_1_39' title="bbox 170 1180 918 1218; baseline -0.005 -7"><span class='ocrx_word' id='word_1_233' title='bbox 170 1183 222 1211; x_wconf 77' lang='grc' dir='ltr'><em>Ἐν</em></span> <span class='ocrx_word' id='word_1_234' title='bbox 234 1183 328 1218; x_wconf 80' lang='grc' dir='ltr'>ταύτῃ</span> <span class='ocrx_word' id='word_1_235' title='bbox 345 1181 383 1217; x_wconf 75' lang='grc' dir='ltr'><strong>τῇ</strong></span> <span class='ocrx_word' id='word_1_236' title='bbox 397 1181 518 1215; x_wconf 81' lang='grc' dir='ltr'><strong>συνόδῳ</strong></span> <span class='ocrx_word' id='word_1_237' title='bbox 534 1182 658 1217; x_wconf 81' lang='grc' dir='ltr'><strong>ὡρίσθη,</strong></span> <span class='ocrx_word' id='word_1_238' title='bbox 678 1181 730 1208; x_wconf 75' lang='lat' dir='ltr'><strong>Ira</strong></span> <span class='ocrx_word' id='word_1_239' title='bbox 751 1180 918 1214; x_wconf 72' lang='grc' dir='ltr'><strong>ἐπίσκοπος</strong></span> 
     </span>
    </p>
   </div>
   <div class='ocr_carea' id='block_1_40' title="bbox 127 1227 632 1265">
    <p class='ocr_par' dir='ltr' id='par_1_40' title="bbox 127 1227 632 1265">
     <span class='ocr_line' id='line_1_40' title="bbox 127 1227 632 1265; baseline -0.006 -9"><span class='ocrx_word' id='word_1_240' title='bbox 127 1229 219 1265; x_wconf 74' lang='grc' dir='ltr'><strong>χωρίς</strong></span> <span class='ocrx_word' id='word_1_241' title='bbox 229 1228 417 1262; x_wconf 74' lang='grc' dir='ltr'>ἀπολυτικῆς</span> <span class='ocrx_word' id='word_1_242' title='bbox 434 1227 478 1262; x_wconf 79' lang='grc' dir='ltr'><strong>μὴ</strong></span> <span class='ocrx_word' id='word_1_243' title='bbox 498 1227 632 1261; x_wconf 77' lang='grc' dir='ltr'>πλεύσῃ.</span> 
     </span>
    </p>
   </div>
   <div class='ocr_carea' id='block_1_41' title="bbox 170 1281 919 1321">
    <p class='ocr_par' dir='ltr' id='par_1_41' title="bbox 170 1281 919 1321">
     <span class='ocr_line' id='line_1_41' title="bbox 170 1281 919 1321; baseline -0.005 -8"><span class='ocrx_word' id='word_1_244' title='bbox 170 1286 232 1313; x_wconf 80' lang='grc' dir='ltr'>Ἐπὶ</span> <span class='ocrx_word' id='word_1_245' title='bbox 246 1285 398 1321; x_wconf 70' lang='grc' dir='ltr'>Καισαρίαν</span> <span class='ocrx_word' id='word_1_246' title='bbox 421 1284 468 1311; x_wconf 79' lang='grc' dir='ltr'>καὶ</span> <span class='ocrx_word' id='word_1_247' title='bbox 487 1283 610 1311; x_wconf 85' lang='grc' dir='ltr'>Ἀττικοῦ</span> <span class='ocrx_word' id='word_1_248' title='bbox 640 1282 697 1309; x_wconf 80' lang='grc' dir='ltr'>τῶν</span> <span class='ocrx_word' id='word_1_249' title='bbox 715 1281 919 1317; x_wconf 83' lang='grc' dir='ltr'><strong>λαμπροτάτων</strong></span> 
     </span>
    </p>
   </div>
   <div class='ocr_carea' id='block_1_42' title="bbox 128 1327 917 1367">
    <p class='ocr_par' dir='ltr' id='par_1_42' title="bbox 128 1327 917 1367">
     <span class='ocr_line' id='line_1_42' title="bbox 128 1327 917 1367; baseline -0.008 -8"><span class='ocrx_word' id='word_1_250' title='bbox 128 1332 299 1366; x_wconf 54' lang='grc' dir='ltr'>ὑπάτωνκτῇ</span> <span class='ocrx_word' id='word_1_251' title='bbox 311 1331 364 1367; x_wconf 75' lang='grc' dir='ltr'>πρὸ</span> <span class='ocrx_word' id='word_1_252' title='bbox 378 1331 407 1364; x_wconf 79' lang='grc' dir='ltr'><strong>ἒξ</strong></span> <span class='ocrx_word' id='word_1_253' title='bbox 418 1329 566 1357; x_wconf 84' lang='grc' dir='ltr'><strong>Καλανδῶν</strong></span> <span class='ocrx_word' id='word_1_254' title='bbox 583 1328 701 1356; x_wconf 76' lang='grc' dir='ltr'><strong>Ἰουλίων</strong></span> <span class='ocrx_word' id='word_1_255' title='bbox 717 1328 746 1355; x_wconf 79' lang='grc' dir='ltr'><strong>ὲν</strong></span> <span class='ocrx_word' id='word_1_256' title='bbox 755 1327 917 1363; x_wconf 81' lang='grc' dir='ltr'><strong>Καρχηδόνι,</strong></span> 
     </span>
    </p>
   </div>
   <div class='ocr_carea' id='block_1_43' title="bbox 127 1372 918 1414">
    <p class='ocr_par' dir='ltr' id='par_1_43' title="bbox 127 1372 918 1414">
     <span class='ocr_line' id='line_1_43' title="bbox 127 1372 918 1414; baseline -0.008 -9"><span class='ocrx_word' id='word_1_257' title='bbox 127 1379 213 1414; x_wconf 73' lang='grc' dir='ltr'>ἤρεσε</span> <span class='ocrx_word' id='word_1_258' title='bbox 233 1378 336 1413; x_wconf 86' lang='grc' dir='ltr'><strong>μηδένα</strong></span> <span class='ocrx_word' id='word_1_259' title='bbox 365 1376 420 1403; x_wconf 85' lang='grc' dir='ltr'><strong>τῶν</strong></span> <span class='ocrx_word' id='word_1_260' title='bbox 434 1375 592 1403; x_wconf 77' lang='grc' dir='ltr'>ἐπισκόπων</span> <span class='ocrx_word' id='word_1_261' title='bbox 612 1374 705 1401; x_wconf 84' lang='grc' dir='ltr'>πλέειν</span> <span class='ocrx_word' id='word_1_262' title='bbox 720 1373 804 1409; x_wconf 79' lang='grc' dir='ltr'><strong>χωρὶς</strong></span> <span class='ocrx_word' id='word_1_263' title='bbox 817 1372 918 1400; x_wconf 80' lang='grc' dir='ltr'>ἀπολυ-</span> 
     </span>
    </p>
   </div>
   <div class='ocr_carea' id='block_1_44' title="bbox 129 1422 487 1458">
    <p class='ocr_par' dir='ltr' id='par_1_44' title="bbox 129 1422 487 1458">
     <span class='ocr_line' id='line_1_44' title="bbox 129 1422 487 1458; baseline -0.006 -7"><span class='ocrx_word' id='word_1_264' title='bbox 129 1424 210 1458; x_wconf 84' lang='grc' dir='ltr'>τικῆς</span> <span class='ocrx_word' id='word_1_265' title='bbox 225 1423 273 1450; x_wconf 78' lang='grc' dir='ltr'>τοῦ</span> <span class='ocrx_word' id='word_1_266' title='bbox 288 1422 487 1458; x_wconf 85' lang='grc' dir='ltr'><strong>πρωτεύοντος.</strong></span> 
     </span>
    </p>
   </div>
   <div class='ocr_carea' id='block_1_45' title="bbox 164 1463 918 1505">
    <p class='ocr_par' dir='ltr' id='par_1_45' title="bbox 164 1463 918 1505">
     <span class='ocr_line' id='line_1_45' title="bbox 164 1463 918 1505; baseline -0.008 -10"><span class='ocrx_word' id='word_1_267' title='bbox 164 1469 206 1496; x_wconf 77' lang='grc' dir='ltr'>Τὰ</span> <span class='ocrx_word' id='word_1_268' title='bbox 223 1468 406 1505; x_wconf 79' lang='grc' dir='ltr'>πεπραγμένα</span> <span class='ocrx_word' id='word_1_269' title='bbox 423 1468 438 1495; x_wconf 78' lang='grc' dir='ltr'><strong>ὁ</strong></span> <span class='ocrx_word' id='word_1_270' title='bbox 452 1466 543 1504; x_wconf 83' lang='grc' dir='ltr'>ζητῶν</span> <span class='ocrx_word' id='word_1_271' title='bbox 559 1466 589 1493; x_wconf 78' lang='grc' dir='ltr'><strong>έν</strong></span> <span class='ocrx_word' id='word_1_272' title='bbox 607 1465 663 1497; x_wconf 77' lang='grc' dir='ltr'>τοῖς</span> <span class='ocrx_word' id='word_1_273' title='bbox 683 1463 853 1496; x_wconf 79' lang='grc' dir='ltr'>αὑθεντικοῐς</span> <span class='ocrx_word' id='word_1_274' title='bbox 872 1463 918 1490; x_wconf 78' lang='grc' dir='ltr'><strong>εὖ·</strong></span> 
     </span>
    </p>
   </div>
   <div class='ocr_carea' id='block_1_46' title="bbox 131 1510 459 1551">
    <p class='ocr_par' dir='ltr' id='par_1_46' title="bbox 131 1510 459 1551">
     <span class='ocr_line' id='line_1_46' title="bbox 131 1510 459 1551; baseline 0.003 -10"><span class='ocrx_word' id='word_1_275' title='bbox 131 1515 219 1551; x_wconf 84' lang='grc' dir='ltr'>ρήσει.</span> <span class='ocrx_word' id='word_1_276' title='bbox 352 1510 459 1515; x_wconf 23' lang='lat' dir='ltr'><strong>VW—</strong></span> 
     </span>
    </p>
   </div>
   <div class='ocr_carea' id='block_1_47' title="bbox 969 947 1043 967">
    <p class='ocr_par' dir='ltr' id='par_1_47' title="bbox 969 947 1043 967">
     <span class='ocr_line' id='line_1_47' title="bbox 969 947 1043 967; baseline 0.014 -1"><span class='ocrx_word' id='word_1_277' title='bbox 969 947 1043 967; x_wconf 87' lang='lat' dir='ltr'><strong>mus.</strong></span> 
     </span>
    </p>
   </div>
   <div class='ocr_carea' id='block_1_48' title="bbox 1006 984 1760 1024">
    <p class='ocr_par' dir='ltr' id='par_1_48' title="bbox 1006 984 1760 1024">
     <span class='ocr_line' id='line_1_48' title="bbox 1006 984 1760 1024; baseline 0.008 -13"><span class='ocrx_word' id='word_1_278' title='bbox 1006 984 1087 1020; x_wconf 75' lang='lat'><strong>189</strong></span> <span class='ocrx_word' id='word_1_279' title='bbox 1096 985 1128 1012; x_wconf 81' lang='lat' dir='ltr'><strong>Et</strong></span> <span class='ocrx_word' id='word_1_280' title='bbox 1135 985 1365 1022; x_wconf 85' lang='lat' dir='ltr'><strong>subscripserunt.</strong></span> <span class='ocrx_word' id='word_1_281' title='bbox 1376 988 1504 1016; x_wconf 79' lang='lat' dir='ltr'><strong>Aurelius</strong></span> <span class='ocrx_word' id='word_1_282' title='bbox 1513 989 1656 1024; x_wconf 88' lang='lat' dir='ltr'><strong>episcopus</strong></span> <span class='ocrx_word' id='word_1_283' title='bbox 1666 989 1760 1018; x_wconf 74' lang='lat' dir='ltr'><strong>Eccle—</strong></span> 
     </span>
    </p>
   </div>
   <div class='ocr_carea' id='block_1_49' title="bbox 969 1029 1760 1072">
    <p class='ocr_par' dir='ltr' id='par_1_49' title="bbox 969 1029 1760 1072">
     <span class='ocr_line' id='line_1_49' title="bbox 969 1029 1760 1072; baseline 0.01 -16"><span class='ocrx_word' id='word_1_284' title='bbox 969 1029 1016 1057; x_wconf 61' lang='grc' dir='ltr'><strong>οἰκ</strong></span> <span class='ocrx_word' id='word_1_285' title='bbox 1026 1030 1258 1066; x_wconf 77' lang='lat' dir='ltr'><strong>Carthaginensis,</strong></span> <span class='ocrx_word' id='word_1_286' title='bbox 1284 1033 1346 1060; x_wconf 91' lang='lat' dir='ltr'><strong>huic</strong></span> <span class='ocrx_word' id='word_1_287' title='bbox 1359 1033 1468 1062; x_wconf 88' lang='lat' dir='ltr'><strong>decreto</strong></span> <span class='ocrx_word' id='word_1_288' title='bbox 1492 1036 1629 1068; x_wconf 80' lang='lat' dir='ltr'><strong>consensi,</strong></span> <span class='ocrx_word' id='word_1_289' title='bbox 1640 1041 1668 1064; x_wconf 86' lang='lat' dir='ltr'><strong>el.</strong></span> <span class='ocrx_word' id='word_1_290' title='bbox 1688 1043 1760 1072; x_wconf 69' lang='lat' dir='ltr'><strong>prac-</strong></span> 
     </span>
    </p>
   </div>
   <div class='ocr_carea' id='block_1_50' title="bbox 969 1075 1756 1118">
    <p class='ocr_par' dir='ltr' id='par_1_50' title="bbox 969 1075 1756 1118">
     <span class='ocr_line' id='line_1_50' title="bbox 969 1075 1756 1118; baseline 0.011 -16"><span class='ocrx_word' id='word_1_291' title='bbox 969 1075 1038 1103; x_wconf 86' lang='lat' dir='ltr'><strong>lecto</strong></span> <span class='ocrx_word' id='word_1_292' title='bbox 1054 1077 1214 1113; x_wconf 81' lang='lat' dir='ltr'><strong>subscripsi.</strong></span> <span class='ocrx_word' id='word_1_293' title='bbox 1239 1078 1370 1107; x_wconf 87' lang='lat' dir='ltr'><strong>Similiter</strong></span> <span class='ocrx_word' id='word_1_294' title='bbox 1391 1084 1419 1108; x_wconf 88' lang='lat' dir='ltr'><strong>et</strong></span> <span class='ocrx_word' id='word_1_295' title='bbox 1441 1081 1532 1109; x_wconf 65' lang='lat' dir='ltr'><strong>caeteri</strong></span> <span class='ocrx_word' id='word_1_296' title='bbox 1548 1082 1667 1118; x_wconf 88' lang='lat' dir='ltr'><strong>episcopi</strong></span> <span class='ocrx_word' id='word_1_297' title='bbox 1692 1083 1756 1111; x_wconf 86' lang='lat' dir='ltr'><strong>sub-</strong></span> 
     </span>
    </p>
   </div>
   <div class='ocr_carea' id='block_1_51' title="bbox 970 1122 1225 1162">
    <p class='ocr_par' dir='ltr' id='par_1_51' title="bbox 970 1122 1225 1162">
     <span class='ocr_line' id='line_1_51' title="bbox 970 1122 1225 1162; baseline 0.008 -14"><span class='ocrx_word' id='word_1_298' title='bbox 970 1122 1141 1157; x_wconf 84' lang='lat' dir='ltr'><strong>scripserunt</strong></span> <span class='ocrx_word' id='word_1_299' title='bbox 1157 1127 1225 1162; x_wconf 74' lang='grc'><strong>(54),</strong></span> 
     </span>
    </p>
   </div>
   <div class='ocr_carea' id='block_1_52' title="bbox 969 1179 1760 1223">
    <p class='ocr_par' dir='ltr' id='par_1_52' title="bbox 969 1179 1760 1223">
     <span class='ocr_line' id='line_1_52' title="bbox 969 1179 1760 1223; baseline 0.006 -16"><span class='ocrx_word' id='word_1_300' title='bbox 969 1179 1002 1208; x_wconf 86' lang='lat' dir='ltr'>In</span> <span class='ocrx_word' id='word_1_301' title='bbox 1014 1180 1062 1208; x_wconf 80' lang='lat' dir='ltr'><strong>hoc</strong></span> <span class='ocrx_word' id='word_1_302' title='bbox 1078 1182 1189 1209; x_wconf 83' lang='lat' dir='ltr'><strong>concilio</strong></span> <span class='ocrx_word' id='word_1_303' title='bbox 1211 1186 1341 1210; x_wconf 72' lang='lat' dir='ltr'><strong>statutum</strong></span> <span class='ocrx_word' id='word_1_304' title='bbox 1360 1189 1409 1218; x_wconf 76' lang='lat' dir='ltr'><strong>est,</strong></span> <span class='ocrx_word' id='word_1_305' title='bbox 1437 1190 1465 1212; x_wconf 84' lang='lat' dir='ltr'><strong>at</strong></span> <span class='ocrx_word' id='word_1_306' title='bbox 1486 1185 1600 1222; x_wconf 71' lang='lat' dir='ltr'><strong>episcopi</strong></span> <span class='ocrx_word' id='word_1_307' title='bbox 1623 1186 1679 1218; x_wconf 69' lang='lat' dir='ltr'><strong>sine</strong></span> <span class='ocrx_word' id='word_1_308' title='bbox 1703 1185 1760 1223; x_wconf 74' lang='lat' dir='ltr'><strong>for-</strong></span> 
     </span>
    </p>
   </div>
   <div class='ocr_carea' id='block_1_53' title="bbox 1208 1233 1517 1268">
    <p class='ocr_par' dir='ltr' id='par_1_53' title="bbox 1208 1233 1517 1268">
     <span class='ocr_line' id='line_1_53' title="bbox 1208 1233 1517 1268; baseline 0.013 -12"><span class='ocrx_word' id='word_1_309' title='bbox 1208 1235 1281 1257; x_wconf 79' lang='lat' dir='ltr'><strong>mata</strong></span> <span class='ocrx_word' id='word_1_310' title='bbox 1304 1239 1356 1258; x_wconf 84' lang='lat' dir='ltr'><strong>non</strong></span> <span class='ocrx_word' id='word_1_311' title='bbox 1385 1233 1517 1268; x_wconf 77' lang='lat' dir='ltr'><strong>navigem.</strong></span> 
     </span>
    </p>
   </div>
   <div class='ocr_carea' id='block_1_54' title="bbox 1004 1283 1760 1321">
    <p class='ocr_par' dir='ltr' id='par_1_54' title="bbox 1004 1283 1760 1321">
     <span class='ocr_line' id='line_1_54' title="bbox 1004 1283 1760 1321; baseline 0.008 -11"><span class='ocrx_word' id='word_1_312' title='bbox 1004 1283 1122 1312; x_wconf 71' lang='lat' dir='ltr'><strong>Caesario</strong></span> <span class='ocrx_word' id='word_1_313' title='bbox 1141 1284 1164 1301; x_wconf 80' lang='lat'><strong>&quot;°</strong></span> <span class='ocrx_word' id='word_1_314' title='bbox 1178 1285 1234 1321; x_wconf 79' lang='lat'><strong>(55)</strong></span> <span class='ocrx_word' id='word_1_315' title='bbox 1257 1290 1284 1314; x_wconf 90' lang='lat' dir='ltr'><strong>et</strong></span> <span class='ocrx_word' id='word_1_316' title='bbox 1300 1287 1389 1315; x_wconf 82' lang='lat' dir='ltr'><strong>Attico</strong></span> <span class='ocrx_word' id='word_1_317' title='bbox 1405 1288 1471 1316; x_wconf 87' lang='lat' dir='ltr'><strong>viris</strong></span> <span class='ocrx_word' id='word_1_318' title='bbox 1484 1289 1643 1318; x_wconf 83' lang='lat' dir='ltr'><strong>clarissimis</strong></span> <span class='ocrx_word' id='word_1_319' title='bbox 1661 1297 1760 1318; x_wconf 87' lang='lat' dir='ltr'><strong>consu-</strong></span> 
     </span>
    </p>
   </div>
   <div class='ocr_carea' id='block_1_55' title="bbox 969 1328 1758 1371">
    <p class='ocr_par' dir='ltr' id='par_1_55' title="bbox 969 1328 1758 1371">
     <span class='ocr_line' id='line_1_55' title="bbox 969 1328 1758 1371; baseline 0.009 -16"><span class='ocrx_word' id='word_1_320' title='bbox 969 1328 1051 1362; x_wconf 78' lang='lat' dir='ltr'><strong>libus,</strong></span> <span class='ocrx_word' id='word_1_321' title='bbox 1066 1334 1144 1358; x_wconf 77' lang='lat' dir='ltr'><strong>sexto</strong></span> <span class='ocrx_word' id='word_1_322' title='bbox 1160 1329 1297 1359; x_wconf 78' lang='lat' dir='ltr'><strong>Kalendas</strong></span> <span class='ocrx_word' id='word_1_323' title='bbox 1321 1332 1419 1365; x_wconf 80' lang='lat' dir='ltr'><strong>Julias,</strong></span> <span class='ocrx_word' id='word_1_324' title='bbox 1446 1333 1620 1371; x_wconf 80' lang='lat' dir='ltr'><strong>Carthagine,</strong></span> <span class='ocrx_word' id='word_1_325' title='bbox 1645 1336 1758 1370; x_wconf 80' lang='lat' dir='ltr'><strong>placuit,</strong></span> 
     </span>
    </p>
   </div>
   <div class='ocr_carea' id='block_1_56' title="bbox 969 1374 1760 1417">
    <p class='ocr_par' dir='ltr' id='par_1_56' title="bbox 969 1374 1760 1417">
     <span class='ocr_line' id='line_1_56' title="bbox 969 1374 1760 1417; baseline 0.01 -16"><span class='ocrx_word' id='word_1_326' title='bbox 969 1379 1000 1402; x_wconf 90' lang='lat' dir='ltr'><strong>ut</strong></span> <span class='ocrx_word' id='word_1_327' title='bbox 1012 1374 1104 1403; x_wconf 88' lang='lat' dir='ltr'><strong>nullus</strong></span> <span class='ocrx_word' id='word_1_328' title='bbox 1114 1375 1308 1412; x_wconf 85' lang='lat' dir='ltr'><strong>episcoporum</strong></span> <span class='ocrx_word' id='word_1_329' title='bbox 1323 1379 1432 1415; x_wconf 88' lang='lat' dir='ltr'><strong>naviget</strong></span> <span class='ocrx_word' id='word_1_330' title='bbox 1444 1379 1504 1408; x_wconf 87' lang='lat' dir='ltr'><strong>sine</strong></span> <span class='ocrx_word' id='word_1_331' title='bbox 1526 1379 1642 1408; x_wconf 74' lang='lat' dir='ltr'><strong>formata</strong></span> <span class='ocrx_word' id='word_1_332' title='bbox 1659 1383 1760 1417; x_wconf 89' lang='lat' dir='ltr'><strong>prima-</strong></span> 
     </span>
    </p>
   </div>
   <div class='ocr_carea' id='block_1_57' title="bbox 970 1421 1017 1449">
    <p class='ocr_par' dir='ltr' id='par_1_57' title="bbox 970 1421 1017 1449">
     <span class='ocr_line' id='line_1_57' title="bbox 970 1421 1017 1449; baseline -0.021 -1"><span class='ocrx_word' id='word_1_333' title='bbox 970 1421 1017 1449; x_wconf 88' lang='lat' dir='ltr'><strong>tis.</strong></span> 
     </span>
    </p>
   </div>
   <div class='ocr_carea' id='block_1_58' title="bbox 1005 1466 1707 1507">
    <p class='ocr_par' dir='ltr' id='par_1_58' title="bbox 1005 1466 1707 1507">
     <span class='ocr_line' id='line_1_58' title="bbox 1005 1466 1707 1507; baseline 0.009 -12"><span class='ocrx_word' id='word_1_334' title='bbox 1005 1466 1089 1496; x_wconf 77' lang='lat' dir='ltr'><strong>Gesta</strong></span> <span class='ocrx_word' id='word_1_335' title='bbox 1103 1468 1129 1496; x_wconf 93' lang='lat' dir='ltr'><strong>in</strong></span> <span class='ocrx_word' id='word_1_336' title='bbox 1142 1469 1316 1504; x_wconf 82' lang='lat' dir='ltr'><strong>autltenticis,</strong></span> <span class='ocrx_word' id='word_1_337' title='bbox 1331 1471 1378 1506; x_wconf 93' lang='lat' dir='ltr'><strong>qui</strong></span> <span class='ocrx_word' id='word_1_338' title='bbox 1395 1477 1510 1507; x_wconf 57' lang='lat' dir='ltr'><strong>quaret,</strong></span> <span class='ocrx_word' id='word_1_339' title='bbox 1525 1472 1652 1501; x_wconf 89' lang='lat' dir='ltr'><strong>inveniet.</strong></span> <span class='ocrx_word' id='word_1_340' title='bbox 1701 1474 1707 1480; x_wconf 84' lang='grc'><strong>”</strong></span> 
     </span>
    </p>
   </div>
   <div class='ocr_carea' id='block_1_59' title="bbox 136 1565 929 1622">
    <p class='ocr_par' dir='ltr' id='par_1_59' title="bbox 136 1580 917 1622">
     <span class='ocr_line' id='line_1_59' title="bbox 136 1580 917 1622; baseline -0.003 -13"><span class='ocrx_word' id='word_1_341' title='bbox 136 1582 185 1609; x_wconf 79' lang='grc' dir='ltr'>Ἐκ</span> <span class='ocrx_word' id='word_1_342' title='bbox 201 1581 257 1622; x_wconf 62' lang='grc' dir='ltr'><strong>ζῆς</strong></span> <span class='ocrx_word' id='word_1_343' title='bbox 270 1581 405 1622; x_wconf 50' lang='lat' dir='ltr'><strong>avt-dam!</strong></span> <span class='ocrx_word' id='word_1_344' title='bbox 422 1580 532 1615; x_wconf 81' lang='grc' dir='ltr'>ταύτης</span> <span class='ocrx_word' id='word_1_345' title='bbox 549 1580 752 1622; x_wconf 59' lang='grc' dir='ltr'>τοςτοτηρῃται</span> <span class='ocrx_word' id='word_1_346' title='bbox 770 1581 845 1615; x_wconf 79' lang='grc' dir='ltr'><strong>πρὸς</strong></span> <span class='ocrx_word' id='word_1_347' title='bbox 858 1580 917 1622; x_wconf 64' lang='grc' dir='ltr'>,βα-</span> 
     </span>
    </p>
   </div>
   <div class='ocr_carea' id='block_1_60' title="bbox 980 1565 1757 1622">
    <p class='ocr_par' dir='ltr' id='par_1_60' title="bbox 980 1577 1757 1622">
     <span class='ocr_line' id='line_1_60' title="bbox 980 1577 1757 1622; baseline 0.012 -17"><span class='ocrx_word' id='word_1_348' title='bbox 980 1577 1010 1606; x_wconf 79' lang='lat' dir='ltr'><strong>De</strong></span> <span class='ocrx_word' id='word_1_349' title='bbox 1038 1579 1149 1607; x_wconf 77' lang='lat' dir='ltr'><strong>concilio</strong></span> <span class='ocrx_word' id='word_1_350' title='bbox 1179 1580 1304 1622; x_wconf 53' lang='lat' dir='ltr'><strong>iglo_(5§)</strong></span> <span class='ocrx_word' id='word_1_351' title='bbox 1318 1581 1400 1622; x_wconf 56' lang='grc' dir='ltr'><strong>μέσση</strong></span> <span class='ocrx_word' id='word_1_352' title='bbox 1427 1584 1462 1610; x_wconf 85' lang='lat' dir='ltr'><strong>ad</strong></span> <span class='ocrx_word' id='word_1_353' title='bbox 1476 1584 1647 1622; x_wconf 65' lang='lat' dir='ltr'><strong>imperatores</strong></span> <span class='ocrx_word' id='word_1_354' title='bbox 1669 1587 1757 1621; x_wconf 77' lang='lat' dir='ltr'><strong>infra-</strong></span> 
     </span>
    </p>
   </div>
   <div class='ocr_carea' id='block_1_61' title="bbox 165 1615 918 1651">
    <p class='ocr_par' dir='ltr' id='par_1_61' title="bbox 165 1615 918 1651">
     <span class='ocr_line' id='line_1_61' title="bbox 165 1615 918 1651; baseline 0 -8"><span class='ocrx_word' id='word_1_355' title='bbox 165 1617 293 1649; x_wconf 68' lang='grc' dir='ltr'>σιλέας,</span> <span class='ocrx_word' id='word_1_356' title='bbox 324 1617 351 1643; x_wconf 86' lang='lat' dir='ltr'><strong>al</strong></span> <span class='ocrx_word' id='word_1_357' title='bbox 388 1615 644 1651; x_wconf 60' lang='grc' dir='ltr'>ὑπογεγραμμένα</span> <span class='ocrx_word' id='word_1_358' title='bbox 672 1616 835 1643; x_wconf 75' lang='grc' dir='ltr'>ἐπίσκοποι</span> <span class='ocrx_word' id='word_1_359' title='bbox 860 1616 918 1643; x_wconf 78' lang='grc' dir='ltr'><strong>άπ-</strong></span> 
     </span>
    </p>
   </div>
   <div class='ocr_carea' id='block_1_62' title="bbox 162 1651 425 1687">
    <p class='ocr_par' dir='ltr' id='par_1_62' title="bbox 162 1651 425 1687">
     <span class='ocr_line' id='line_1_62' title="bbox 162 1651 425 1687; baseline 0 -9"><span class='ocrx_word' id='word_1_360' title='bbox 162 1652 345 1678; x_wconf 73' lang='grc' dir='ltr'>εστέλλοντο</span> <span class='ocrx_word' id='word_1_361' title='bbox 358 1651 425 1687; x_wconf 73' lang='grc'>(54).</span> 
     </span>
    </p>
   </div>
   <div class='ocr_carea' id='block_1_63' title="bbox 164 1705 920 1742">
    <p class='ocr_par' dir='ltr' id='par_1_63' title="bbox 164 1705 920 1742">
     <span class='ocr_line' id='line_1_63' title="bbox 164 1705 920 1742; baseline -0.001 -8"><span class='ocrx_word' id='word_1_362' title='bbox 164 1707 236 1742; x_wconf 78' lang='grc' dir='ltr'>Περὶ</span> <span class='ocrx_word' id='word_1_363' title='bbox 254 1707 431 1742; x_wconf 79' lang='grc' dir='ltr'><strong>ὲλευθεριῶν</strong></span> <span class='ocrx_word' id='word_1_364' title='bbox 454 1707 513 1734; x_wconf 83' lang='grc' dir='ltr'>τῶν</span> <span class='ocrx_word' id='word_1_365' title='bbox 524 1707 559 1734; x_wconf 77' lang='grc' dir='ltr'><strong>ἐν</strong></span> <span class='ocrx_word' id='word_1_366' title='bbox 572 1707 610 1742; x_wconf 77' lang='grc' dir='ltr'>τῇ</span> <span class='ocrx_word' id='word_1_367' title='bbox 626 1707 790 1742; x_wconf 76' lang='grc' dir='ltr'>Ἐκκλησία</span> <span class='ocrx_word' id='word_1_368' title='bbox 805 1705 920 1742; x_wconf 78' lang='grc' dir='ltr'>γινομέ-</span> 
     </span>
    </p>
   </div>
   <div class='ocr_carea' id='block_1_64' title="bbox 129 1752 662 1787">
    <p class='ocr_par' dir='ltr' id='par_1_64' title="bbox 129 1752 662 1787">
     <span class='ocr_line' id='line_1_64' title="bbox 129 1752 662 1787; baseline -0.002 -6"><span class='ocrx_word' id='word_1_369' title='bbox 129 1762 202 1786; x_wconf 77' lang='grc' dir='ltr'>νων,</span> <span class='ocrx_word' id='word_1_370' title='bbox 216 1752 355 1787; x_wconf 77' lang='grc' dir='ltr'>αὶτητέον</span> <span class='ocrx_word' id='word_1_371' title='bbox 365 1753 425 1780; x_wconf 80' lang='grc' dir='ltr'><strong>ἀπὸ</strong></span> <span class='ocrx_word' id='word_1_372' title='bbox 435 1753 489 1781; x_wconf 89' lang='grc' dir='ltr'>τοῦ</span> <span class='ocrx_word' id='word_1_373' title='bbox 496 1752 662 1787; x_wconf 78' lang='grc' dir='ltr'>βασιλέως.</span> 
     </span>
    </p>
   </div>
   <div class='ocr_carea' id='block_1_65' title="bbox 167 1818 920 1855">
    <p class='ocr_par' dir='ltr' id='par_1_65' title="bbox 167 1818 920 1855">
     <span class='ocr_line' id='line_1_65' title="bbox 167 1818 920 1855; baseline 0 -9"><span class='ocrx_word' id='word_1_374' title='bbox 167 1819 212 1852; x_wconf 80' lang='grc' dir='ltr'>ξδ’.</span> <span class='ocrx_word' id='word_1_375' title='bbox 227 1819 295 1855; x_wconf 73' lang='grc' dir='ltr'><strong>Περὶ</strong></span> <span class='ocrx_word' id='word_1_376' title='bbox 306 1818 469 1855; x_wconf 76' lang='grc' dir='ltr'>ὲλευθεριῶν</span> <span class='ocrx_word' id='word_1_377' title='bbox 489 1819 589 1855; x_wconf 84' lang='grc' dir='ltr'>δηλαδὴ</span> <span class='ocrx_word' id='word_1_378' title='bbox 606 1820 635 1846; x_wconf 83' lang='grc' dir='ltr'><strong>ὲν</strong></span> <span class='ocrx_word' id='word_1_379' title='bbox 649 1820 682 1855; x_wconf 88' lang='grc' dir='ltr'>τῇ</span> <span class='ocrx_word' id='word_1_380' title='bbox 706 1819 856 1855; x_wconf 68' lang='grc' dir='ltr'>Ἐκκλησία</span> <span class='ocrx_word' id='word_1_381' title='bbox 871 1827 920 1853; x_wconf 84' lang='grc' dir='ltr'>κη-</span> 
     </span>
    </p>
   </div>
   <div class='ocr_carea' id='block_1_66' title="bbox 132 1864 919 1901">
    <p class='ocr_par' dir='ltr' id='par_1_66' title="bbox 132 1864 919 1901">
     <span class='ocr_line' id='line_1_66' title="bbox 132 1864 919 1901; baseline 0.001 -10"><span class='ocrx_word' id='word_1_382' title='bbox 132 1865 264 1901; x_wconf 79' lang='grc' dir='ltr'>ρυκτέων,</span> <span class='ocrx_word' id='word_1_383' title='bbox 280 1864 329 1891; x_wconf 85' lang='grc' dir='ltr'><strong>ὲὰν</strong></span> <span class='ocrx_word' id='word_1_384' title='bbox 344 1864 423 1892; x_wconf 83' lang='grc' dir='ltr'>τοῦτο</span> <span class='ocrx_word' id='word_1_385' title='bbox 433 1865 458 1892; x_wconf 81' lang='grc' dir='ltr'>οἱ</span> <span class='ocrx_word' id='word_1_386' title='bbox 472 1865 601 1901; x_wconf 80' lang='grc' dir='ltr'><strong>ἡμέτεροι</strong></span> <span class='ocrx_word' id='word_1_387' title='bbox 618 1867 753 1901; x_wconf 85' lang='grc' dir='ltr'>συνιερεῖς</span> <span class='ocrx_word' id='word_1_388' title='bbox 768 1866 919 1900; x_wconf 78' lang='grc' dir='ltr'>φαίνωνται</span> 
     </span>
    </p>
   </div>
   <div class='ocr_carea' id='block_1_67' title="bbox 131 1910 921 1947">
    <p class='ocr_par' dir='ltr' id='par_1_67' title="bbox 131 1910 921 1947">
     <span class='ocr_line' id='line_1_67' title="bbox 131 1910 921 1947; baseline -0.001 -9"><span class='ocrx_word' id='word_1_389' title='bbox 131 1910 272 1942; x_wconf 84' lang='grc' dir='ltr'>ποιοῦντες</span> <span class='ocrx_word' id='word_1_390' title='bbox 297 1910 350 1938; x_wconf 78' lang='grc' dir='ltr'><strong>ἀνὰ</strong></span> <span class='ocrx_word' id='word_1_391' title='bbox 376 1910 426 1946; x_wconf 84' lang='grc' dir='ltr'><strong>τὴν</strong></span> <span class='ocrx_word' id='word_1_392' title='bbox 457 1911 583 1944; x_wconf 84' lang='grc' dir='ltr'>Ἰταλίαν,</span> <span class='ocrx_word' id='word_1_393' title='bbox 612 1911 827 1947; x_wconf 76' lang='grc' dir='ltr'>καὶήήμετέρα</span> <span class='ocrx_word' id='word_1_394' title='bbox 842 1910 921 1946; x_wconf 86' lang='grc' dir='ltr'>δῆλον</span> 
     </span>
    </p>
   </div>
   <div class='ocr_carea' id='block_1_68' title="bbox 129 1956 920 1993">
    <p class='ocr_par' dir='ltr' id='par_1_68' title="bbox 129 1956 920 1993">
     <span class='ocr_line' id='line_1_68' title="bbox 129 1956 920 1993; baseline -0.003 -9"><span class='ocrx_word' id='word_1_395' title='bbox 129 1957 295 1992; x_wconf 71' lang='grc' dir='ltr'><strong>⁸κετιοίθησις</strong></span> <span class='ocrx_word' id='word_1_396' title='bbox 307 1958 341 1992; x_wconf 82' lang='grc' dir='ltr'><strong>τῇ</strong></span> <span class='ocrx_word' id='word_1_397' title='bbox 352 1956 458 1984; x_wconf 85' lang='grc' dir='ltr'>τούτων</span> <span class='ocrx_word' id='word_1_398' title='bbox 472 1956 548 1989; x_wconf 81' lang='grc' dir='ltr'>τάξει</span> <span class='ocrx_word' id='word_1_399' title='bbox 566 1957 674 1990; x_wconf 60' lang='grc' dir='ltr'>ἕπεται,</span> <span class='ocrx_word' id='word_1_400' title='bbox 690 1956 815 1993; x_wconf 83' lang='grc' dir='ltr'><strong>δοθείσης</strong></span> <span class='ocrx_word' id='word_1_401' title='bbox 834 1964 920 1991; x_wconf 88' lang='grc' dir='ltr'>φανε-</span> 
     </span>
    </p>
   </div>
   <div class='ocr_carea' id='block_1_69' title="bbox 131 2002 921 2038">
    <p class='ocr_par' dir='ltr' id='par_1_69' title="bbox 131 2002 921 2038">
     <span class='ocr_line' id='line_1_69' title="bbox 131 2002 921 2038; baseline -0.001 -9"><span class='ocrx_word' id='word_1_402' title='bbox 131 2002 188 2038; x_wconf 80' lang='grc' dir='ltr'><strong>ρῶς</strong></span> <span class='ocrx_word' id='word_1_403' title='bbox 201 2002 304 2036; x_wconf 84' lang='grc' dir='ltr'>ἀδείας,</span> <span class='ocrx_word' id='word_1_404' title='bbox 331 2003 511 2038; x_wconf 82' lang='grc' dir='ltr'>πεμπομένου</span> <span class='ocrx_word' id='word_1_405' title='bbox 540 2002 741 2038; x_wconf 80' lang='grc' dir='ltr'>τοποτηρητοῦ,</span> <span class='ocrx_word' id='word_1_406' title='bbox 761 2002 804 2029; x_wconf 84' lang='grc' dir='ltr'><strong>ίνα</strong></span> <span class='ocrx_word' id='word_1_407' title='bbox 829 2002 921 2037; x_wconf 77' lang='grc' dir='ltr'>οίαδή-</span> 
     </span>
    </p>
   </div>
   <div class='ocr_carea' id='block_1_70' title="bbox 132 2048 920 2084">
    <p class='ocr_par' dir='ltr' id='par_1_70' title="bbox 132 2048 920 2084">
     <span class='ocr_line' id='line_1_70' title="bbox 132 2048 920 2084; baseline -0.003 -9"><span class='ocrx_word' id='word_1_408' title='bbox 132 2057 198 2075; x_wconf 78' lang='grc' dir='ltr'>ποτε</span> <span class='ocrx_word' id='word_1_409' title='bbox 211 2049 274 2082; x_wconf 79' lang='grc' dir='ltr'>ἀξία</span> <span class='ocrx_word' id='word_1_410' title='bbox 289 2049 415 2081; x_wconf 82' lang='grc' dir='ltr'>πίστεως,</span> <span class='ocrx_word' id='word_1_411' title='bbox 442 2049 514 2084; x_wconf 84' lang='grc' dir='ltr'><strong>ὑπὲρ</strong></span> <span class='ocrx_word' id='word_1_412' title='bbox 526 2049 576 2084; x_wconf 78' lang='grc' dir='ltr'><strong>τῆς</strong></span> <span class='ocrx_word' id='word_1_413' title='bbox 589 2048 820 2084; x_wconf 82' lang='grc' dir='ltr'>ὲκκλησιαστικῆς</span> <span class='ocrx_word' id='word_1_414' title='bbox 836 2056 920 2074; x_wconf 78' lang='grc' dir='ltr'>κατα-</span> 
     </span>
    </p>
   </div>
   <div class='ocr_carea' id='block_1_71' title="bbox 132 2092 920 2130">
    <p class='ocr_par' dir='ltr' id='par_1_71' title="bbox 132 2092 920 2130">
     <span class='ocr_line' id='line_1_71' title="bbox 132 2092 920 2130; baseline -0.003 -9"><span class='ocrx_word' id='word_1_415' title='bbox 132 2095 265 2128; x_wconf 78' lang='grc' dir='ltr'>στάσεως,</span> <span class='ocrx_word' id='word_1_416' title='bbox 285 2094 333 2121; x_wconf 77' lang='grc' dir='ltr'>καὶ</span> <span class='ocrx_word' id='word_1_417' title='bbox 348 2095 399 2129; x_wconf 84' lang='grc' dir='ltr'><strong>τῆς</strong></span> <span class='ocrx_word' id='word_1_418' title='bbox 413 2094 469 2121; x_wconf 86' lang='grc' dir='ltr'>τῶν</span> <span class='ocrx_word' id='word_1_419' title='bbox 500 2094 595 2130; x_wconf 85' lang='grc' dir='ltr'><strong>ψυχῶν</strong></span> <span class='ocrx_word' id='word_1_420' title='bbox 612 2093 749 2129; x_wconf 78' lang='grc' dir='ltr'>σωτηρίας</span> <span class='ocrx_word' id='word_1_421' title='bbox 779 2092 920 2119; x_wconf 76' lang='grc' dir='ltr'>ἐκτελέσαι</span> 
     </span>
    </p>
   </div>
   <div class='ocr_carea' id='block_1_72' title="bbox 130 2138 920 2175">
    <p class='ocr_par' dir='ltr' id='par_1_72' title="bbox 130 2138 920 2175">
     <span class='ocr_line' id='line_1_72' title="bbox 130 2138 920 2175; baseline -0.003 -9"><span class='ocrx_word' id='word_1_422' title='bbox 130 2139 260 2175; x_wconf 80' lang='grc' dir='ltr'>δυνηθείη</span> <span class='ocrx_word' id='word_1_423' title='bbox 271 2149 278 2156; x_wconf 74' lang='grc'><strong><em>⁸</em></strong></span> <span class='ocrx_word' id='word_1_424' title='bbox 295 2141 342 2167; x_wconf 71' lang='grc' dir='ltr'><strong>καὶ</strong></span> <span class='ocrx_word' id='word_1_425' title='bbox 358 2141 439 2175; x_wconf 81' lang='grc' dir='ltr'><strong>ἡμεῖς</strong></span> <span class='ocrx_word' id='word_1_426' title='bbox 457 2140 608 2172; x_wconf 77' lang='grc' dir='ltr'>ὲπαινετῶς</span> <span class='ocrx_word' id='word_1_427' title='bbox 629 2139 745 2166; x_wconf 77' lang='grc' dir='ltr'>ἐνώπιον</span> <span class='ocrx_word' id='word_1_428' title='bbox 759 2138 806 2165; x_wconf 84' lang='grc' dir='ltr'>τοῦ</span> <span class='ocrx_word' id='word_1_429' title='bbox 817 2138 920 2173; x_wconf 80' lang='grc' dir='ltr'>Κυρίου</span> 
     </span>
    </p>
   </div>
   <div class='ocr_carea' id='block_1_73' title="bbox 131 2185 921 2222">
    <p class='ocr_par' dir='ltr' id='par_1_73' title="bbox 131 2185 921 2222">
     <span class='ocr_line' id='line_1_73' title="bbox 131 2185 921 2222; baseline -0.003 -9"><span class='ocrx_word' id='word_1_430' title='bbox 131 2186 326 2221; x_wconf 80' lang='grc' dir='ltr'>ὑποδεξώμεθα</span> <span class='ocrx_word' id='word_1_431' title='bbox 335 2187 422 2213; x_wconf 81' lang='grc' dir='ltr'>ταῦτα</span> <span class='ocrx_word' id='word_1_432' title='bbox 432 2187 534 2214; x_wconf 80' lang='grc' dir='ltr'>πάντα’</span> <span class='ocrx_word' id='word_1_433' title='bbox 546 2186 594 2213; x_wconf 76' lang='grc' dir='ltr'>ἐὰν</span> <span class='ocrx_word' id='word_1_434' title='bbox 601 2187 635 2222; x_wconf 82' lang='grc' dir='ltr'>τῇ</span> <span class='ocrx_word' id='word_1_435' title='bbox 648 2185 770 2221; x_wconf 71' lang='grc' dir='ltr'>ὑμετέρᾳ</span> <span class='ocrx_word' id='word_1_436' title='bbox 782 2185 921 2221; x_wconf 78' lang='grc' dir='ltr'>ἁγιωσύνῃ</span> 
     </span>
    </p>
   </div>
   <div class='ocr_carea' id='block_1_74' title="bbox 1145 1616 1582 1654">
    <p class='ocr_par' dir='ltr' id='par_1_74' title="bbox 1145 1616 1582 1654">
     <span class='ocr_line' id='line_1_74' title="bbox 1145 1616 1582 1654; baseline 0.011 -13"><span class='ocrx_word' id='word_1_437' title='bbox 1145 1616 1238 1650; x_wconf 69' lang='lat' dir='ltr'><strong>scripti</strong></span> <span class='ocrx_word' id='word_1_438' title='bbox 1272 1616 1426 1652; x_wconf 79' lang='lat' dir='ltr'><strong>diriguntur</strong></span> <span class='ocrx_word' id='word_1_439' title='bbox 1459 1616 1582 1654; x_wconf 58' lang='lat' dir='ltr'><strong>episcopi.</strong></span> 
     </span>
    </p>
   </div>
   <div class='ocr_carea' id='block_1_75' title="bbox 1005 1713 1759 1753">
    <p class='ocr_par' dir='ltr' id='par_1_75' title="bbox 1005 1713 1759 1753">
     <span class='ocr_line' id='line_1_75' title="bbox 1005 1713 1759 1753; baseline 0.011 -13"><span class='ocrx_word' id='word_1_440' title='bbox 1005 1713 1043 1741; x_wconf 84' lang='lat' dir='ltr'><strong>De</strong></span> <span class='ocrx_word' id='word_1_441' title='bbox 1063 1715 1314 1743; x_wconf 69' lang='lat' dir='ltr'><strong>manumissionibus</strong></span> <span class='ocrx_word' id='word_1_442' title='bbox 1337 1717 1365 1744; x_wconf 75' lang='lat' dir='ltr'><strong>in</strong></span> <span class='ocrx_word' id='word_1_443' title='bbox 1381 1715 1500 1745; x_wconf 67' lang='lat' dir='ltr'><strong>Ecclesia</strong></span> <span class='ocrx_word' id='word_1_444' title='bbox 1522 1719 1702 1753; x_wconf 71' lang='lat' dir='ltr'><strong>celebrandis,</strong></span> <span class='ocrx_word' id='word_1_445' title='bbox 1726 1722 1759 1748; x_wconf 76' lang='lat' dir='ltr'><strong>ab</strong></span> 
     </span>
    </p>
   </div>
   <div class='ocr_carea' id='block_1_76' title="bbox 970 1759 1307 1795">
    <p class='ocr_par' dir='ltr' id='par_1_76' title="bbox 970 1759 1307 1795">
     <span class='ocr_line' id='line_1_76' title="bbox 970 1759 1307 1795; baseline 0.009 -9"><span class='ocrx_word' id='word_1_446' title='bbox 970 1759 1127 1794; x_wconf 81' lang='lat' dir='ltr'><strong>imperatore</strong></span> <span class='ocrx_word' id='word_1_447' title='bbox 1139 1761 1307 1795; x_wconf 71' lang='lat' dir='ltr'><strong>poscendum.</strong></span> 
     </span>
    </p>
   </div>
   <div class='ocr_carea' id='block_1_77' title="bbox 1005 1825 1756 1861">
    <p class='ocr_par' dir='ltr' id='par_1_77' title="bbox 1005 1825 1756 1861">
     <span class='ocr_line' id='line_1_77' title="bbox 1005 1825 1756 1861; baseline 0.012 -9"><span class='ocrx_word' id='word_1_448' title='bbox 1005 1825 1052 1853; x_wconf 72' lang='lat'><strong>64.</strong></span> <span class='ocrx_word' id='word_1_449' title='bbox 1067 1825 1105 1853; x_wconf 90' lang='lat' dir='ltr'><strong>De</strong></span> <span class='ocrx_word' id='word_1_450' title='bbox 1121 1828 1387 1857; x_wconf 86' lang='lat' dir='ltr'><strong>manumissionibus</strong></span> <span class='ocrx_word' id='word_1_451' title='bbox 1409 1830 1431 1846; x_wconf 90' lang='lat'><strong><em>&#39;&quot;</em></strong></span> <span class='ocrx_word' id='word_1_452' title='bbox 1455 1838 1521 1858; x_wconf 84' lang='lat' dir='ltr'><strong>sane</strong></span> <span class='ocrx_word' id='word_1_453' title='bbox 1533 1831 1560 1859; x_wconf 90' lang='lat' dir='ltr'><strong>in</strong></span> <span class='ocrx_word' id='word_1_454' title='bbox 1574 1831 1696 1861; x_wconf 88' lang='lat' dir='ltr'><strong>Ecclesia</strong></span> <span class='ocrx_word' id='word_1_455' title='bbox 1712 1833 1756 1860; x_wconf 88' lang='lat' dir='ltr'><strong>di-</strong></span> 
     </span>
    </p>
   </div>
   <div class='ocr_carea' id='block_1_78' title="bbox 971 1871 1759 1912">
    <p class='ocr_par' dir='ltr' id='par_1_78' title="bbox 971 1871 1759 1912">
     <span class='ocr_line' id='line_1_78' title="bbox 971 1871 1759 1912; baseline 0.011 -14"><span class='ocrx_word' id='word_1_456' title='bbox 971 1871 1064 1899; x_wconf 88' lang='lat' dir='ltr'><strong>cendis</strong></span> <span class='ocrx_word' id='word_1_457' title='bbox 1078 1871 1176 1908; x_wconf 54' lang='lat' dir='ltr'><strong>[Graia</strong></span> <span class='ocrx_word' id='word_1_458' title='bbox 1192 1874 1416 1912; x_wconf 83' lang='lat' dir='ltr'><strong>proclamandis],</strong></span> <span class='ocrx_word' id='word_1_459' title='bbox 1432 1877 1454 1904; x_wconf 88' lang='lat' dir='ltr'><strong>si</strong></span> <span class='ocrx_word' id='word_1_460' title='bbox 1469 1877 1494 1904; x_wconf 91' lang='lat' dir='ltr'><strong>id</strong></span> <span class='ocrx_word' id='word_1_461' title='bbox 1509 1878 1594 1906; x_wconf 90' lang='lat' dir='ltr'><strong>nostri</strong></span> <span class='ocrx_word' id='word_1_462' title='bbox 1615 1886 1759 1907; x_wconf 85' lang='lat' dir='ltr'><strong>consacer-</strong></span> 
     </span>
    </p>
   </div>
   <div class='ocr_carea' id='block_1_79' title="bbox 971 1916 1759 1956">
    <p class='ocr_par' dir='ltr' id='par_1_79' title="bbox 971 1916 1759 1956">
     <span class='ocr_line' id='line_1_79' title="bbox 971 1916 1759 1956; baseline 0.009 -13"><span class='ocrx_word' id='word_1_463' title='bbox 971 1916 1048 1945; x_wconf 88' lang='lat' dir='ltr'><strong>dotes</strong></span> <span class='ocrx_word' id='word_1_464' title='bbox 1074 1925 1122 1952; x_wconf 91' lang='lat' dir='ltr'><strong>per</strong></span> <span class='ocrx_word' id='word_1_465' title='bbox 1137 1918 1242 1946; x_wconf 86' lang='lat' dir='ltr'><strong>ltaliam</strong></span> <span class='ocrx_word' id='word_1_466' title='bbox 1259 1918 1350 1947; x_wconf 79' lang='lat' dir='ltr'><strong>facere</strong></span> <span class='ocrx_word' id='word_1_467' title='bbox 1361 1920 1552 1956; x_wconf 85' lang='lat' dir='ltr'><strong>|rcpcriuntur,</strong></span> <span class='ocrx_word' id='word_1_468' title='bbox 1566 1926 1668 1950; x_wconf 74' lang='lat' dir='ltr'><strong>nostra:</strong></span> <span class='ocrx_word' id='word_1_469' title='bbox 1676 1923 1759 1950; x_wconf 89' lang='lat' dir='ltr'><strong>etiam</strong></span> 
     </span>
    </p>
   </div>
   <div class='ocr_carea' id='block_1_80' title="bbox 971 1963 1760 2004">
    <p class='ocr_par' dir='ltr' id='par_1_80' title="bbox 971 1963 1760 2004">
     <span class='ocr_line' id='line_1_80' title="bbox 971 1963 1760 2004; baseline 0.009 -15"><span class='ocrx_word' id='word_1_470' title='bbox 971 1963 1024 1990; x_wconf 89' lang='lat' dir='ltr'><strong>erit</strong></span> <span class='ocrx_word' id='word_1_471' title='bbox 1037 1963 1142 1991; x_wconf 64' lang='lat' dir='ltr'><strong>ﬁduciae</strong></span> <span class='ocrx_word' id='word_1_472' title='bbox 1155 1964 1271 1992; x_wconf 88' lang='lat' dir='ltr'><strong>istorum</strong></span> <span class='ocrx_word' id='word_1_473' title='bbox 1284 1965 1409 1994; x_wconf 87' lang='lat' dir='ltr'><strong>ordinem</strong></span> <span class='ocrx_word' id='word_1_474' title='bbox 1431 1967 1507 2002; x_wconf 88' lang='lat' dir='ltr'><strong>sequi</strong></span> <span class='ocrx_word' id='word_1_475' title='bbox 1525 1977 1533 1996; x_wconf 87' lang='lat'><strong>:</strong></span> <span class='ocrx_word' id='word_1_476' title='bbox 1549 1968 1610 1996; x_wconf 86' lang='lat' dir='ltr'><strong>data</strong></span> <span class='ocrx_word' id='word_1_477' title='bbox 1630 1969 1710 2004; x_wconf 86' lang='lat' dir='ltr'><strong>plane</strong></span> <span class='ocrx_word' id='word_1_478' title='bbox 1726 1969 1760 1996; x_wconf 91' lang='lat' dir='ltr'><strong>li-</strong></span> 
     </span>
    </p>
   </div>
   <div class='ocr_carea' id='block_1_81' title="bbox 971 2009 1760 2051">
    <p class='ocr_par' dir='ltr' id='par_1_81' title="bbox 971 2009 1760 2051">
     <span class='ocr_line' id='line_1_81' title="bbox 971 2009 1760 2051; baseline 0.01 -16"><span class='ocrx_word' id='word_1_479' title='bbox 971 2009 1060 2036; x_wconf 84' lang='lat' dir='ltr'><strong>centia</strong></span> <span class='ocrx_word' id='word_1_480' title='bbox 1075 2010 1160 2037; x_wconf 89' lang='lat' dir='ltr'><strong>misso</strong></span> <span class='ocrx_word' id='word_1_481' title='bbox 1180 2010 1280 2045; x_wconf 81' lang='lat' dir='ltr'><strong>legato,</strong></span> <span class='ocrx_word' id='word_1_482' title='bbox 1305 2016 1515 2048; x_wconf 79' lang='lat' dir='ltr'><strong>utqmecunque</strong></span> <span class='ocrx_word' id='word_1_483' title='bbox 1530 2014 1611 2049; x_wconf 82' lang='lat' dir='ltr'><strong>digna</strong></span> <span class='ocrx_word' id='word_1_484' title='bbox 1634 2015 1688 2043; x_wconf 83' lang='lat' dir='ltr'><strong>nde</strong></span> <span class='ocrx_word' id='word_1_485' title='bbox 1709 2023 1760 2051; x_wconf 92' lang='lat' dir='ltr'><strong>pro</strong></span> 
     </span>
    </p>
   </div>
   <div class='ocr_carea' id='block_1_82' title="bbox 972 2055 1754 2096">
    <p class='ocr_par' dir='ltr' id='par_1_82' title="bbox 972 2055 1754 2096">
     <span class='ocr_line' id='line_1_82' title="bbox 972 2055 1754 2096; baseline 0.009 -14"><span class='ocrx_word' id='word_1_486' title='bbox 972 2059 1045 2082; x_wconf 88' lang='lat' dir='ltr'><strong>statu</strong></span> <span class='ocrx_word' id='word_1_487' title='bbox 1072 2055 1200 2084; x_wconf 73' lang='lat' dir='ltr'><strong>Ecclesia:</strong></span> <span class='ocrx_word' id='word_1_488' title='bbox 1213 2061 1240 2085; x_wconf 85' lang='lat' dir='ltr'><strong>et</strong></span> <span class='ocrx_word' id='word_1_489' title='bbox 1257 2057 1343 2085; x_wconf 87' lang='lat' dir='ltr'><strong>salute</strong></span> <span class='ocrx_word' id='word_1_490' title='bbox 1359 2059 1513 2087; x_wconf 81' lang='lat' dir='ltr'><strong>animarum</strong></span> <span class='ocrx_word' id='word_1_491' title='bbox 1529 2068 1609 2096; x_wconf 85' lang='lat' dir='ltr'><strong>agere</strong></span> <span class='ocrx_word' id='word_1_492' title='bbox 1624 2062 1754 2096; x_wconf 86' lang='lat' dir='ltr'><strong>potuerit,</strong></span> 
     </span>
    </p>
   </div>
   <div class='ocr_carea' id='block_1_83' title="bbox 973 2101 1760 2142">
    <p class='ocr_par' dir='ltr' id='par_1_83' title="bbox 973 2101 1760 2142">
     <span class='ocr_line' id='line_1_83' title="bbox 973 2101 1760 2142; baseline 0.01 -15"><span class='ocrx_word' id='word_1_493' title='bbox 973 2108 1024 2128; x_wconf 87' lang='lat' dir='ltr'><strong>nos</strong></span> <span class='ocrx_word' id='word_1_494' title='bbox 1040 2101 1216 2130; x_wconf 81' lang='lat' dir='ltr'><strong>laudabiliter</strong></span> <span class='ocrx_word' id='word_1_495' title='bbox 1240 2104 1267 2130; x_wconf 95' lang='lat' dir='ltr'><strong>in</strong></span> <span class='ocrx_word' id='word_1_496' title='bbox 1288 2110 1435 2139; x_wconf 85' lang='lat' dir='ltr'><strong>conspectu</strong></span> <span class='ocrx_word' id='word_1_497' title='bbox 1458 2105 1565 2133; x_wconf 90' lang='lat' dir='ltr'><strong>Domini</strong></span> <span class='ocrx_word' id='word_1_498' title='bbox 1587 2112 1760 2142; x_wconf 82' lang='lat' dir='ltr'><strong>accepturos.</strong></span> 
     </span>
    </p>
   </div>
   <div class='ocr_carea' id='block_1_84' title="bbox 972 2145 1761 2186">
    <p class='ocr_par' dir='ltr' id='par_1_84' title="bbox 972 2145 1761 2186">
     <span class='ocr_line' id='line_1_84' title="bbox 972 2145 1761 2186; baseline 0.009 -13"><span class='ocrx_word' id='word_1_499' title='bbox 972 2145 1037 2179; x_wconf 75' lang='lat' dir='ltr'><strong>Qua:</strong></span> <span class='ocrx_word' id='word_1_500' title='bbox 1052 2148 1157 2180; x_wconf 86' lang='lat' dir='ltr'><strong>omnia,</strong></span> <span class='ocrx_word' id='word_1_501' title='bbox 1175 2148 1197 2176; x_wconf 91' lang='lat' dir='ltr'><strong>si</strong></span> <span class='ocrx_word' id='word_1_502' title='bbox 1210 2149 1348 2178; x_wconf 80' lang='lat' dir='ltr'><strong>sanctitati</strong></span> <span class='ocrx_word' id='word_1_503' title='bbox 1365 2154 1461 2178; x_wconf 67' lang='lat' dir='ltr'><strong>vestra:</strong></span> <span class='ocrx_word' id='word_1_504' title='bbox 1474 2151 1590 2186; x_wconf 85' lang='lat' dir='ltr'><strong>placent,</strong></span> <span class='ocrx_word' id='word_1_505' title='bbox 1601 2152 1718 2186; x_wconf 86' lang='lat' dir='ltr'><strong>edicite;</strong></span> <span class='ocrx_word' id='word_1_506' title='bbox 1732 2158 1761 2180; x_wconf 91' lang='lat' dir='ltr'><strong>ut</strong></span> 
     </span>
    </p>
   </div>
   <div class='ocr_carea' id='block_1_85' title="bbox 972 2196 1759 2231">
    <p class='ocr_par' dir='ltr' id='par_1_85' title="bbox 972 2196 1759 2231">
     <span class='ocr_line' id='line_1_85' title="bbox 972 2196 1759 2231; baseline 0.009 -11"><span class='ocrx_word' id='word_1_507' title='bbox 972 2197 999 2221; x_wconf 84' lang='lat' dir='ltr'><strong>et</strong></span> <span class='ocrx_word' id='word_1_508' title='bbox 1012 2201 1101 2221; x_wconf 79' lang='lat' dir='ltr'><strong>meam</strong></span> <span class='ocrx_word' id='word_1_509' title='bbox 1118 2196 1320 2231; x_wconf 75' lang='lat' dir='ltr'><strong>suggestionem</strong></span> <span class='ocrx_word' id='word_1_510' title='bbox 1333 2201 1419 2224; x_wconf 88' lang='lat' dir='ltr'><strong>ratam</strong></span> <span class='ocrx_word' id='word_1_511' title='bbox 1432 2204 1493 2226; x_wconf 86' lang='lat' dir='ltr'><strong>esse</strong></span> <span class='ocrx_word' id='word_1_512' title='bbox 1512 2199 1589 2226; x_wconf 80' lang='lat' dir='ltr'><strong>vobis</strong></span> <span class='ocrx_word' id='word_1_513' title='bbox 1606 2199 1759 2231; x_wconf 82' lang='lat' dir='ltr'><strong>advertam,</strong></span> 
     </span>
    </p>
   </div>
   <div class='ocr_carea' id='block_1_86' title="bbox 132 2230 929 2279">
    <p class='ocr_par' dir='ltr' id='par_1_86' title="bbox 132 2230 922 2267">
     <span class='ocr_line' id='line_1_86' title="bbox 132 2230 922 2267; baseline -0.001 -9"><span class='ocrx_word' id='word_1_514' title='bbox 132 2232 250 2267; x_wconf 84' lang='grc' dir='ltr'>ἀρέσκῃ,</span> <span class='ocrx_word' id='word_1_515' title='bbox 276 2231 417 2264; x_wconf 74' lang='grc' dir='ltr'>ὲξείπατε·</span> <span class='ocrx_word' id='word_1_516' title='bbox 433 2232 478 2258; x_wconf 80' lang='grc' dir='ltr'><strong>ἵνα</strong></span> <span class='ocrx_word' id='word_1_517' title='bbox 495 2232 542 2259; x_wconf 59' lang='grc' dir='ltr'><strong>καὶ¹</strong></span> <span class='ocrx_word' id='word_1_518' title='bbox 555 2232 604 2267; x_wconf 84' lang='grc' dir='ltr'>τὴν</span> <span class='ocrx_word' id='word_1_519' title='bbox 622 2230 692 2267; x_wconf 83' lang='grc' dir='ltr'><strong>ὲμὴν</strong></span> <span class='ocrx_word' id='word_1_520' title='bbox 722 2230 862 2267; x_wconf 81' lang='grc' dir='ltr'>ἀναφορὰν</span> <span class='ocrx_word' id='word_1_521' title='bbox 876 2230 922 2266; x_wconf 85' lang='grc' dir='ltr'><strong>βε-</strong></span> 
     </span>
    </p>
   </div>
   <div class='ocr_carea' id='block_1_87' title="bbox 980 2230 1761 2279">
    <p class='ocr_par' dir='ltr' id='par_1_87' title="bbox 980 2230 1761 2274">
     <span class='ocr_line' id='line_1_87' title="bbox 980 2230 1761 2274; baseline 0.008 -8"><span class='ocrx_word' id='word_1_522' title='bbox 980 2243 1002 2266; x_wconf 72' lang='lat' dir='ltr'><strong>3t</strong></span> <span class='ocrx_word' id='word_1_523' title='bbox 1019 2245 1139 2267; x_wconf 86' lang='lat' dir='ltr'><strong>nostram</strong></span> <span class='ocrx_word' id='word_1_524' title='bbox 1151 2230 1273 2268; x_wconf 87' lang='lat' dir='ltr'><strong>omnium</strong></span> <span class='ocrx_word' id='word_1_525' title='bbox 1289 2243 1497 2271; x_wconf 84' lang='lat' dir='ltr'><strong>consensionem</strong></span> <span class='ocrx_word' id='word_1_526' title='bbox 1507 2244 1651 2274; x_wconf 84' lang='lat' dir='ltr'><strong>sinceritas</strong></span> <span class='ocrx_word' id='word_1_527' title='bbox 1666 2252 1761 2274; x_wconf 89' lang='lat' dir='ltr'><strong>eorum</strong></span> 
     </span>
    </p>
   </div>
   <div class='ocr_carea' id='block_1_88' title="bbox 132 2277 916 2313">
    <p class='ocr_par' dir='ltr' id='par_1_88' title="bbox 132 2277 916 2313">
     <span class='ocr_line' id='line_1_88' title="bbox 132 2277 916 2313; baseline 0 -10"><span class='ocrx_word' id='word_1_528' title='bbox 132 2277 214 2304; x_wconf 77' lang='grc' dir='ltr'>ὖαίαν</span> <span class='ocrx_word' id='word_1_529' title='bbox 232 2277 315 2305; x_wconf 83' lang='grc' dir='ltr'>οὖσαν</span> <span class='ocrx_word' id='word_1_530' title='bbox 338 2279 403 2313; x_wconf 81' lang='grc' dir='ltr'><strong>ὑμῖν</strong></span> <span class='ocrx_word' id='word_1_531' title='bbox 419 2278 556 2311; x_wconf 72' lang='grc' dir='ltr'>ἐπιδείξω,</span> <span class='ocrx_word' id='word_1_532' title='bbox 576 2278 624 2304; x_wconf 74' lang='grc' dir='ltr'>καὶ</span> <span class='ocrx_word' id='word_1_533' title='bbox 640 2278 674 2304; x_wconf 86' lang='grc' dir='ltr'><strong>τὰ</strong></span> <span class='ocrx_word' id='word_1_534' title='bbox 693 2278 770 2313; x_wconf 84' lang='grc' dir='ltr'>παρὰ</span> <span class='ocrx_word' id='word_1_535' title='bbox 784 2277 833 2313; x_wconf 85' lang='grc' dir='ltr'><strong>τῆς</strong></span> <span class='ocrx_word' id='word_1_536' title='bbox 845 2278 916 2305; x_wconf 83' lang='grc' dir='ltr'>πάν-</span> 
     </span>
    </p>
   </div>
   <div class='ocr_carea' id='block_1_89' title="bbox 131 2323 922 2359">
    <p class='ocr_par' dir='ltr' id='par_1_89' title="bbox 131 2323 922 2359">
     <span class='ocr_line' id='line_1_89' title="bbox 131 2323 922 2359; baseline 0 -9"><span class='ocrx_word' id='word_1_537' title='bbox 131 2331 187 2350; x_wconf 89' lang='grc' dir='ltr'><strong>των</strong></span> <span class='ocrx_word' id='word_1_538' title='bbox 201 2323 280 2359; x_wconf 82' lang='grc' dir='ltr'><strong>ἡμῶν</strong></span> <span class='ocrx_word' id='word_1_539' title='bbox 295 2324 474 2356; x_wconf 82' lang='grc' dir='ltr'>συναινέσεως</span> <span class='ocrx_word' id='word_1_540' title='bbox 489 2325 505 2359; x_wconf 79' lang='grc' dir='ltr'>ἡ</span> <span class='ocrx_word' id='word_1_541' title='bbox 523 2324 613 2351; x_wconf 78' lang='grc' dir='ltr'>αὐτῶν</span> <span class='ocrx_word' id='word_1_542' title='bbox 630 2323 813 2359; x_wconf 86' lang='grc' dir='ltr'>είλικρινότης</span> <span class='ocrx_word' id='word_1_543' title='bbox 833 2323 922 2357; x_wconf 81' lang='grc' dir='ltr'>ἡδέως</span> 
     </span>
    </p>
   </div>
   <div class='ocr_carea' id='block_1_90' title="bbox 133 2369 326 2404">
    <p class='ocr_par' dir='ltr' id='par_1_90' title="bbox 133 2369 326 2404">
     <span class='ocr_line' id='line_1_90' title="bbox 133 2369 326 2404; baseline 0.005 -9"><span class='ocrx_word' id='word_1_544' title='bbox 133 2369 326 2404; x_wconf 79' lang='grc' dir='ltr'>προσδέξηται.</span> 
     </span>
    </p>
   </div>
   <div class='ocr_carea' id='block_1_91' title="bbox 175 2415 923 2452">
    <p class='ocr_par' dir='ltr' id='par_1_91' title="bbox 175 2415 923 2452">
     <span class='ocr_line' id='line_1_91' title="bbox 175 2415 923 2452; baseline 0 -11"><span class='ocrx_word' id='word_1_545' title='bbox 175 2415 242 2442; x_wconf 76' lang='grc' dir='ltr'>’Δπδ</span> <span class='ocrx_word' id='word_1_546' title='bbox 276 2415 386 2443; x_wconf 82' lang='grc' dir='ltr'>πάντων</span> <span class='ocrx_word' id='word_1_547' title='bbox 419 2415 474 2442; x_wconf 87' lang='grc' dir='ltr'>τῶν</span> <span class='ocrx_word' id='word_1_548' title='bbox 506 2415 668 2442; x_wconf 71' lang='grc' dir='ltr'>ἐπισκόπων</span> <span class='ocrx_word' id='word_1_549' title='bbox 691 2415 801 2452; x_wconf 76' lang='grc' dir='ltr'>ὲλέχθη“</span> <span class='ocrx_word' id='word_1_550' title='bbox 836 2415 923 2442; x_wconf 76' lang='grc' dir='ltr'>Πᾶσιν</span> 
     </span>
    </p>
   </div>
   <div class='ocr_carea' id='block_1_92' title="bbox 132 2460 923 2497">
    <p class='ocr_par' dir='ltr' id='par_1_92' title="bbox 132 2460 923 2497">
     <span class='ocr_line' id='line_1_92' title="bbox 132 2460 923 2497; baseline 0.001 -10"><span class='ocrx_word' id='word_1_551' title='bbox 132 2460 247 2496; x_wconf 76' lang='grc' dir='ltr'>ἀρέσκει</span> <span class='ocrx_word' id='word_1_552' title='bbox 261 2461 296 2488; x_wconf 81' lang='grc' dir='ltr'><strong>τὰ</strong></span> <span class='ocrx_word' id='word_1_553' title='bbox 312 2461 490 2497; x_wconf 78' lang='grc' dir='ltr'>προτεθέντα,</span> <span class='ocrx_word' id='word_1_554' title='bbox 505 2462 553 2489; x_wconf 83' lang='grc' dir='ltr'>καὶ</span> <span class='ocrx_word' id='word_1_555' title='bbox 578 2462 698 2494; x_wconf 79' lang='grc' dir='ltr'>συνετῶς</span> <span class='ocrx_word' id='word_1_556' title='bbox 712 2463 767 2489; x_wconf 79' lang='grc' dir='ltr'><strong>ἀπὸ</strong></span> <span class='ocrx_word' id='word_1_557' title='bbox 791 2462 843 2497; x_wconf 83' lang='grc' dir='ltr'><strong>τῆς</strong></span> <span class='ocrx_word' id='word_1_558' title='bbox 872 2463 923 2497; x_wconf 85' lang='grc' dir='ltr'><strong>σῆς</strong></span> 
     </span>
    </p>
   </div>
   <div class='ocr_carea' id='block_1_93' title="bbox 133 2507 826 2544">
    <p class='ocr_par' dir='ltr' id='par_1_93' title="bbox 133 2507 826 2544">
     <span class='ocr_line' id='line_1_93' title="bbox 133 2507 826 2544; baseline 0.003 -11"><span class='ocrx_word' id='word_1_559' title='bbox 133 2507 291 2543; x_wconf 78' lang='grc' dir='ltr'>ἁγιωσύνης</span> <span class='ocrx_word' id='word_1_560' title='bbox 307 2507 486 2544; x_wconf 71' lang='grc' dir='ltr'>ἐξηγηθέντα,</span> <span class='ocrx_word' id='word_1_561' title='bbox 503 2508 607 2543; x_wconf 73' lang='grc' dir='ltr'>ὀφείλει</span> <span class='ocrx_word' id='word_1_562' title='bbox 623 2508 826 2544; x_wconf 78' lang='grc' dir='ltr'>ἐκτελεσθῆναι.</span> 
     </span>
    </p>
   </div>
   <div class='ocr_carea' id='block_1_94' title="bbox 188 2609 1574 2651">
    <p class='ocr_par' dir='ltr' id='par_1_94' title="bbox 188 2609 1574 2651">
     <span class='ocr_line' id='line_1_94' title="bbox 188 2609 1574 2651; baseline 0.006 -15"><span class='ocrx_word' id='word_1_563' title='bbox 188 2610 213 2627; x_wconf 84' lang='grc' dir='ltr'><strong>⁷ο</strong></span> <span class='ocrx_word' id='word_1_564' title='bbox 243 2609 307 2651; x_wconf 66' lang='lat' dir='ltr'><strong>Haec</strong></span> <span class='ocrx_word' id='word_1_565' title='bbox 340 2611 367 2638; x_wconf 92' lang='lat' dir='ltr'><strong>in</strong></span> <span class='ocrx_word' id='word_1_566' title='bbox 405 2610 522 2639; x_wconf 87' lang='lat' dir='ltr'><strong>concilio</strong></span> <span class='ocrx_word' id='word_1_567' title='bbox 540 2610 671 2639; x_wconf 80' lang='lat' dir='ltr'><strong>Africano</strong></span> <span class='ocrx_word' id='word_1_568' title='bbox 703 2616 733 2639; x_wconf 85' lang='lat' dir='ltr'><strong>ut</strong></span> <span class='ocrx_word' id='word_1_569' title='bbox 765 2614 876 2644; x_wconf 85' lang='lat' dir='ltr'><strong>vocant,</strong></span> <span class='ocrx_word' id='word_1_570' title='bbox 911 2611 1009 2639; x_wconf 87' lang='lat' dir='ltr'><strong>canoni</strong></span> <span class='ocrx_word' id='word_1_571' title='bbox 1033 2612 1115 2647; x_wconf 83' lang='lat' dir='ltr'><strong>hujus</strong></span> <span class='ocrx_word' id='word_1_572' title='bbox 1138 2613 1240 2641; x_wconf 80' lang='lat' dir='ltr'><strong>codicis</strong></span> <span class='ocrx_word' id='word_1_573' title='bbox 1278 2613 1324 2645; x_wconf 72' lang='grc' dir='ltr'><strong>δι.</strong></span> <span class='ocrx_word' id='word_1_574' title='bbox 1368 2620 1574 2651; x_wconf 74' lang='lat' dir='ltr'><strong>praeponuntur.</strong></span> 
     </span>
    </p>
   </div>
   <div class='ocr_carea' id='block_1_95' title="bbox 133 2646 324 2680">
    <p class='ocr_par' dir='ltr' id='par_1_95' title="bbox 133 2646 324 2680">
     <span class='ocr_line' id='line_1_95' title="bbox 133 2646 324 2680; baseline 0 -6"><span class='ocrx_word' id='word_1_575' title='bbox 133 2646 220 2680; x_wconf 82' lang='lat' dir='ltr'><strong>Afric,</strong></span> <span class='ocrx_word' id='word_1_576' title='bbox 235 2653 262 2675; x_wconf 89' lang='lat' dir='ltr'><strong>c.</strong></span> <span class='ocrx_word' id='word_1_577' title='bbox 279 2646 324 2674; x_wconf 71' lang='lat'><strong>32.</strong></span> 
     </span>
    </p>
   </div>
   <div class='ocr_carea' id='block_1_96' title="bbox 171 2723 922 2766">
    <p class='ocr_par' dir='ltr' id='par_1_96' title="bbox 171 2723 922 2766">
     <span class='ocr_line' id='line_1_96' title="bbox 171 2723 922 2766; baseline -0.001 -14"><span class='ocrx_word' id='word_1_578' title='bbox 171 2725 228 2766; x_wconf 61' lang='grc' dir='ltr'><strong>(ὅῇ)</strong></span> <span class='ocrx_word' id='word_1_579' title='bbox 252 2724 356 2752; x_wconf 76' lang='lat' dir='ltr'><strong>Desunt</strong></span> <span class='ocrx_word' id='word_1_580' title='bbox 377 2724 406 2752; x_wconf 88' lang='lat' dir='ltr'><strong>in</strong></span> <span class='ocrx_word' id='word_1_581' title='bbox 427 2724 521 2752; x_wconf 84' lang='lat' dir='ltr'><strong>codice</strong></span> <span class='ocrx_word' id='word_1_582' title='bbox 549 2724 701 2759; x_wconf 75' lang='lat' dir='ltr'><strong>legatorum</strong></span> <span class='ocrx_word' id='word_1_583' title='bbox 730 2723 922 2759; x_wconf 86' lang='lat' dir='ltr'><strong>episcoporum</strong></span> 
     </span>
    </p>
   </div>
   <div class='ocr_carea' id='block_1_97' title="bbox 115 2767 922 2834">
    <p class='ocr_par' dir='ltr' id='par_1_97' title="bbox 115 2767 922 2834">
     <span class='ocr_line' id='line_1_97' title="bbox 115 2767 922 2834; baseline 0 -12"><span class='ocrx_word' id='word_1_584' title='bbox 115 2767 526 2834; x_wconf 37' lang='grc' dir='ltr'><strong>ο’κῖἓὲἓῗίέοιιεζ(λιι-ιὶιεηιρπιι)</strong></span> <span class='ocrx_word' id='word_1_585' title='bbox 539 2793 649 2821; x_wconf 82' lang='lat' dir='ltr'><strong>Aurelio</strong></span> <span class='ocrx_word' id='word_1_586' title='bbox 659 2793 756 2834; x_wconf 27' lang='grc' dir='ltr'><strong>ἠε-..ειη</strong></span> <span class='ocrx_word' id='word_1_587' title='bbox 770 2794 922 2834; x_wconf 47' lang='lat' dir='ltr'><strong>appellatur</strong></span> 
     </span>
    </p>
   </div>
   <div class='ocr_carea' id='block_1_98' title="bbox 136 2829 919 2863">
    <p class='ocr_par' dir='ltr' id='par_1_98' title="bbox 136 2829 919 2863">
     <span class='ocr_line' id='line_1_98' title="bbox 136 2829 919 2863; baseline -0.003 -6"><span class='ocrx_word' id='word_1_588' title='bbox 136 2830 301 2857; x_wconf 79' lang='lat' dir='ltr'><strong>aBonil‘acio</strong></span> <span class='ocrx_word' id='word_1_589' title='bbox 319 2829 450 2863; x_wconf 78' lang='lat' dir='ltr'><strong>Cartliag.</strong></span> <span class='ocrx_word' id='word_1_590' title='bbox 468 2829 495 2856; x_wconf 89' lang='lat' dir='ltr'><strong>in</strong></span> <span class='ocrx_word' id='word_1_591' title='bbox 508 2837 584 2856; x_wconf 86' lang='lat' dir='ltr'><strong>conc.</strong></span> <span class='ocrx_word' id='word_1_592' title='bbox 602 2830 666 2857; x_wconf 82' lang='lat' dir='ltr'><strong>anni</strong></span> <span class='ocrx_word' id='word_1_593' title='bbox 684 2829 746 2857; x_wconf 77' lang='lat'><strong>525.</strong></span> <span class='ocrx_word' id='word_1_594' title='bbox 763 2830 842 2857; x_wconf 79' lang='lat' dir='ltr'><strong>Anno</strong></span> <span class='ocrx_word' id='word_1_595' title='bbox 856 2830 919 2863; x_wconf 79' lang='lat'><strong>597,</strong></span> 
     </span>
    </p>
   </div>
   <div class='ocr_carea' id='block_1_99' title="bbox 136 2864 563 2900">
    <p class='ocr_par' dir='ltr' id='par_1_99' title="bbox 136 2864 563 2900">
     <span class='ocr_line' id='line_1_99' title="bbox 136 2864 563 2900; baseline -0.007 -7"><span class='ocrx_word' id='word_1_596' title='bbox 136 2871 215 2893; x_wconf 81' lang='lat' dir='ltr'><strong>conc.</strong></span> <span class='ocrx_word' id='word_1_597' title='bbox 233 2865 362 2900; x_wconf 76' lang='lat' dir='ltr'><strong>Carthag.</strong></span> <span class='ocrx_word' id='word_1_598' title='bbox 386 2872 427 2899; x_wconf 76' lang='lat' dir='ltr'><strong>In,</strong></span> <span class='ocrx_word' id='word_1_599' title='bbox 443 2872 502 2899; x_wconf 84' lang='lat' dir='ltr'><strong>cnp.</strong></span> <span class='ocrx_word' id='word_1_600' title='bbox 519 2864 563 2891; x_wconf 80' lang='lat'><strong>58.</strong></span> 
     </span>
    </p>
   </div>
   <div class='ocr_carea' id='block_1_100' title="bbox 974 2285 1230 2321">
    <p class='ocr_par' dir='ltr' id='par_1_100' title="bbox 974 2285 1230 2321">
     <span class='ocr_line' id='line_1_100' title="bbox 974 2285 1230 2321; baseline 0.008 -9"><span class='ocrx_word' id='word_1_601' title='bbox 974 2285 1092 2313; x_wconf 83' lang='lat' dir='ltr'><strong>libenter</strong></span> <span class='ocrx_word' id='word_1_602' title='bbox 1104 2286 1230 2321; x_wconf 85' lang='lat' dir='ltr'><strong>accipiat.</strong></span> 
     </span>
    </p>
   </div>
   <div class='ocr_carea' id='block_1_101' title="bbox 1008 2421 1762 2458">
    <p class='ocr_par' dir='ltr' id='par_1_101' title="bbox 1008 2421 1762 2458">
     <span class='ocr_line' id='line_1_101' title="bbox 1008 2421 1762 2458; baseline 0.009 -10"><span class='ocrx_word' id='word_1_603' title='bbox 1008 2421 1050 2448; x_wconf 81' lang='lat' dir='ltr'><strong>Ab</strong></span> <span class='ocrx_word' id='word_1_604' title='bbox 1078 2421 1216 2450; x_wconf 86' lang='lat' dir='ltr'><strong>universis</strong></span> <span class='ocrx_word' id='word_1_605' title='bbox 1243 2423 1379 2458; x_wconf 80' lang='lat' dir='ltr'><strong>episcopis</strong></span> <span class='ocrx_word' id='word_1_606' title='bbox 1404 2423 1507 2452; x_wconf 87' lang='lat' dir='ltr'><strong>dictum</strong></span> <span class='ocrx_word' id='word_1_607' title='bbox 1535 2430 1603 2452; x_wconf 90' lang='lat' dir='ltr'><strong>est:</strong></span> <span class='ocrx_word' id='word_1_608' title='bbox 1630 2425 1762 2455; x_wconf 83' lang='lat' dir='ltr'><strong>Omnibus</strong></span> 
     </span>
    </p>
   </div>
   <div class='ocr_carea' id='block_1_102' title="bbox 973 2466 1762 2508">
    <p class='ocr_par' dir='ltr' id='par_1_102' title="bbox 973 2466 1762 2508">
     <span class='ocr_line' id='line_1_102' title="bbox 973 2466 1762 2508; baseline 0.009 -15"><span class='ocrx_word' id='word_1_609' title='bbox 973 2466 1081 2502; x_wconf 88' lang='lat' dir='ltr'><strong>placent</strong></span> <span class='ocrx_word' id='word_1_610' title='bbox 1098 2468 1154 2495; x_wconf 61' lang='lat' dir='ltr'><strong>hare</strong></span> <span class='ocrx_word' id='word_1_611' title='bbox 1168 2475 1229 2503; x_wconf 77' lang='lat' dir='ltr'><strong>quae</strong></span> <span class='ocrx_word' id='word_1_612' title='bbox 1256 2468 1377 2503; x_wconf 67' lang='lat' dir='ltr'><strong>iniuncta</strong></span> <span class='ocrx_word' id='word_1_613' title='bbox 1398 2474 1464 2497; x_wconf 88' lang='lat' dir='ltr'><strong>sunt</strong></span> <span class='ocrx_word' id='word_1_614' title='bbox 1483 2471 1635 2506; x_wconf 79' lang='lat' dir='ltr'><strong>peragenda</strong></span> <span class='ocrx_word' id='word_1_615' title='bbox 1650 2471 1720 2508; x_wconf 84' lang='lat'><strong>(57),</strong></span> <span class='ocrx_word' id='word_1_616' title='bbox 1735 2478 1762 2500; x_wconf 90' lang='lat' dir='ltr'><strong>ct</strong></span> 
     </span>
    </p>
   </div>
   <div class='ocr_carea' id='block_1_103' title="bbox 978 2512 1530 2547">
    <p class='ocr_par' dir='ltr' id='par_1_103' title="bbox 978 2512 1530 2547">
     <span class='ocr_line' id='line_1_103' title="bbox 978 2512 1530 2547; baseline 0.007 -8"><span class='ocrx_word' id='word_1_617' title='bbox 978 2512 1126 2547; x_wconf 87' lang='lat' dir='ltr'><strong>prudenter</strong></span> <span class='ocrx_word' id='word_1_618' title='bbox 1144 2520 1160 2540; x_wconf 87' lang='lat' dir='ltr'><strong>a</strong></span> <span class='ocrx_word' id='word_1_619' title='bbox 1173 2517 1220 2540; x_wconf 85' lang='lat' dir='ltr'><strong>tua</strong></span> <span class='ocrx_word' id='word_1_620' title='bbox 1231 2514 1376 2542; x_wconf 84' lang='lat' dir='ltr'><strong>sanctitate</strong></span> <span class='ocrx_word' id='word_1_621' title='bbox 1393 2520 1530 2544; x_wconf 88' lang='lat' dir='ltr'><strong>enarrata.</strong></span> 
     </span>
    </p>
   </div>
   <div class='ocr_carea' id='block_1_104' title="bbox 1630 2615 1759 2644">
    <p class='ocr_par' dir='ltr' id='par_1_104' title="bbox 1630 2615 1759 2644">
     <span class='ocr_line' id='line_1_104' title="bbox 1630 2615 1759 2644; baseline -0.031 0"><span class='ocrx_word' id='word_1_622' title='bbox 1630 2616 1652 2632; x_wconf 91' lang='lat'>&quot;</span> <span class='ocrx_word' id='word_1_623' title='bbox 1673 2615 1759 2644; x_wconf 84' lang='lat' dir='ltr'><strong>Conc.</strong></span> 
     </span>
    </p>
   </div>
   <div class='ocr_carea' id='block_1_105' title="bbox 1013 2723 1762 2767">
    <p class='ocr_par' dir='ltr' id='par_1_105' title="bbox 1013 2723 1762 2767">
     <span class='ocr_line' id='line_1_105' title="bbox 1013 2723 1762 2767; baseline 0.004 -15"><span class='ocrx_word' id='word_1_624' title='bbox 1013 2723 1227 2767; x_wconf 77' lang='lat' dir='ltr'><strong>(56)Concilium</strong></span> <span class='ocrx_word' id='word_1_625' title='bbox 1250 2727 1378 2763; x_wconf 80' lang='lat' dir='ltr'><strong>Carthag.</strong></span> <span class='ocrx_word' id='word_1_626' title='bbox 1391 2734 1416 2754; x_wconf 86' lang='lat' dir='ltr'><strong>Iv</strong></span> <span class='ocrx_word' id='word_1_627' title='bbox 1431 2727 1483 2754; x_wconf 90' lang='lat' dir='ltr'><strong>sub</strong></span> <span class='ocrx_word' id='word_1_628' title='bbox 1497 2726 1609 2756; x_wconf 81' lang='lat' dir='ltr'><strong>Aurelio</strong></span> <span class='ocrx_word' id='word_1_629' title='bbox 1623 2728 1684 2755; x_wconf 79' lang='lat' dir='ltr'><strong>anni</strong></span> <span class='ocrx_word' id='word_1_630' title='bbox 1699 2728 1762 2762; x_wconf 77' lang='lat'><strong>599,</strong></span> 
     </span>
    </p>
   </div>
   <div class='ocr_carea' id='block_1_106' title="bbox 976 2768 1187 2789">
    <p class='ocr_par' dir='ltr' id='par_1_106' title="bbox 976 2768 1187 2789">
     <span class='ocr_line' id='line_1_106' title="bbox 976 2768 1187 2789; baseline 0.014 -3"><span class='ocrx_word' id='word_1_631' title='bbox 976 2768 1064 2787; x_wconf 80' lang='lat' dir='ltr'><strong>canon</strong></span> <span class='ocrx_word' id='word_1_632' title='bbox 1078 2769 1187 2789; x_wconf 66' lang='lat' dir='ltr'><strong>“IIICI!!-</strong></span> 
     </span>
    </p>
   </div>
   <div class='ocr_carea' id='block_1_107' title="bbox 1014 2796 1763 2830">
    <p class='ocr_par' dir='ltr' id='par_1_107' title="bbox 1014 2796 1763 2830">
     <span class='ocr_line' id='line_1_107' title="bbox 1014 2796 1763 2830; baseline 0.004 -9"><span class='ocrx_word' id='word_1_633' title='bbox 1014 2796 1068 2830; x_wconf 69' lang='lat'><strong>(57)</strong></span> <span class='ocrx_word' id='word_1_634' title='bbox 1086 2796 1160 2825; x_wconf 86' lang='lat' dir='ltr'><strong>Hanc</strong></span> <span class='ocrx_word' id='word_1_635' title='bbox 1177 2804 1269 2825; x_wconf 83' lang='lat' dir='ltr'><strong>vocem</strong></span> <span class='ocrx_word' id='word_1_636' title='bbox 1299 2798 1359 2826; x_wconf 88' lang='lat' dir='ltr'><strong>loco</strong></span> <span class='ocrx_word' id='word_1_637' title='bbox 1372 2805 1423 2826; x_wconf 88' lang='lat' dir='ltr'><strong>suo</strong></span> <span class='ocrx_word' id='word_1_638' title='bbox 1434 2798 1518 2826; x_wconf 72' lang='lat' dir='ltr'><strong>movit</strong></span> <span class='ocrx_word' id='word_1_639' title='bbox 1541 2798 1654 2826; x_wconf 62' lang='lat' dir='ltr'><strong>Graecus</strong></span> <span class='ocrx_word' id='word_1_640' title='bbox 1680 2797 1763 2825; x_wconf 85' lang='lat' dir='ltr'><strong>inter-</strong></span> 
     </span>
    </p>
   </div>
   <div class='ocr_carea' id='block_1_108' title="bbox 974 2838 1045 2865">
    <p class='ocr_par' dir='ltr' id='par_1_108' title="bbox 974 2838 1045 2865">
     <span class='ocr_line' id='line_1_108' title="bbox 974 2838 1045 2865; baseline 0.028 -9"><span class='ocrx_word' id='word_1_641' title='bbox 974 2838 1045 2865; x_wconf 77' lang='lat' dir='ltr'><strong>pros.</strong></span> 
     </span>
    </p>
   </div>
  </div>
