1954 3080
114 189 168 221 6.51

517 193 720 226 SYNTAGMA
739 195 934 226 CANONUM.
949 209 980 214 —
1002 197 1077 228 TIT.
1099 198 1182 229 VIII.
1200 198 1280 229 CAP.
1296 198 1340 230 II.

1691 198 1744 229 658

115 245 213 280 ἐχέτω.
227 244 284 273 Καὶ
307 245 361 273 κᾶν
382 246 426 274 διὰ
439 246 516 279 θείας
530 249 702 286 ἀντιγραφῆς
715 251 848 288 τολμήσαι
861 260 902 284 τις

959 251 1145 288 Unaquaeque,
1174 253 1274 289 inquit,
1291 254 1390 282 civitas
1419 254 1559 290 proprium
1586 254 1744 290 episcopum

114 290 265 324 ἀφελέσθαι
283 291 361 318 πόλιν
375 292 422 319 τοῦ
441 293 507 320 ῐδίου
520 295 681 329 ἐπισκόπου,
697 297 714 333 ἢ
733 297 784 332 τῆς
796 306 903 333 περιοι-

115 335 196 362 κίδων
213 336 307 371 αὐτῆς,
332 337 348 372 η
363 346 435 370 τινος
450 338 532 366 ἄλλου
547 340 665 373 δικαὶιυ,
682 342 834 377 γυμνοῦται
849 343 903 370 τῶν

113 381 199 408 ὄντων
213 382 259 408 καὶ
283 383 440 418 ἀτιμοῢται.
463 385 609 421 Ἐξῄρηται
628 387 656 414 δὲ
671 389 687 423 ἡ
704 388 817 424 Τομέων
832 389 903 416 Σκυ-

117 426 178 458 θίας
192 427 270 459 πόλις
281 436 288 442 ·
303 428 317 454 ό
330 428 385 464 γὰρ
399 429 549 463 ἐπίσκοπος
560 431 656 466 αὐτῆς,
670 433 717 460 καὶ
732 433 786 460 τῶν
800 433 902 461 λοιπῶν

114 475 240 506 προνοεῖ’
269 474 316 500 καὶ
346 474 363 510 ἠ
401 477 580 509 Λεοντόπολις
613 479 750 514 Ίσαυρίας
777 480 831 507 ὑπὸ
857 480 903 508 τὸν

116 519 266 547 ἐπίσκοπόν
281 521 356 547 ἐστιν
376 521 599 559 Ἰσαυροπόλεως.
612 525 673 551 Ὀτι
683 524 712 552 δὲ
723 526 770 552 καὶ
785 526 802 561 ὴ
825 527 904 553 Κων-

114 566 364 598 σταντινουπόλεως
396 567 453 603 ἔχει
479 569 513 596 τὰ
546 569 682 604 προνόμια
705 572 754 606 τῆς
786 572 903 607 ἀρχαίας

120 609 240 645 Ῥώμης,
252 612 358 646 εἴρηται
373 613 419 638 καὶ
430 613 501 647 βιϐλ.
514 617 549 640 ια’
558 614 604 641 τοῦ
616 614 693 649 κώδ.,
704 617 756 644 τίτ.
770 620 822 649 κα’,
832 617 902 644 διατ-

113 658 139 681 α’
156 656 202 682 καὶ
220 656 298 691 μόνη.
317 657 351 683 Ἦ
368 657 396 684 δὲ
410 661 433 684 α’
456 658 528 686 διάτ.
543 659 591 686 τοῦ
619 661 652 693 ιζ’
663 661 714 689 τίτ.
731 661 779 688 τοῦ
795 666 818 690 α’
830 663 902 698 βισλ.

113 699 160 727 τοῦ
177 700 256 734 κώδ.,
275 701 386 738 Ῥώμην
398 702 484 738 αὐτὴν
504 704 685 739 ὀνομάζεσθαι
710 706 797 740 λέγει.

148 789 274 816 ΚΕΦΑΛ.
292 790 331 817 B'.
345 806 380 810 —
392 790 462 826 Περὶ
480 791 534 819 τοῦ
554 792 598 828 μὴ
612 793 652 826 ὡς
666 794 775 829 ἔτυχεν
790 795 904 830 ἀποδη-

109 833 180 868 μεῖν
205 834 375 863 ἐπίσκοπον
401 837 421 872 ἣ
442 838 590 872 κληρικόν
613 839 649 867 ἐν
669 840 756 876 ἑτέρᾳ.
786 841 904 877 διάγειν

113 881 255 915 παροικίᾳ
260 902 266 908 .

295 927 488 957 Ἀποστόλων
501 930 602 958 κανὼν
624 931 665 963 ιδ’.
680 931 722 961 ιε’.

151 969 194 997 ιδ’.
216 971 380 1000 Ἐπίσκοπον
406 974 444 1010 μὴ
479 975 579 1009 ἐξεῖναι
622 978 824 1013 καταλείψαντα
850 979 900 1014 τὴν
946 976 949 979 ’

112 1017 211 1044 ἑαυτοῦ
225 1019 385 1053 παροικίαν,
402 1020 484 1056 ἑτέρᾳ.
499 1022 646 1058 ὲπιπηδᾴν,
670 1023 722 1051 κᾶν
738 1025 790 1051 ὑπὸ
809 1025 900 1052 πλειό-

111 1070 165 1108 νῶν
191 1064 398 1100 ἀναγκάζηται·
426 1067 450 1093 εἰ
479 1068 517 1103 μή
547 1077 588 1100 τις
613 1069 723 1103 εὔλογος
744 1070 819 1101 αίτία
836 1069 864 1108 ᾖ,
882 1073 899 1106 ἡ

112 1107 192 1135 τοῦτο
217 1108 367 1147 βιαζομένῃ
386 1112 468 1139 αὑτὸν
485 1115 584 1147 ποιεῖν,
597 1115 635 1146 ὡς
660 1115 741 1142 πλέον
758 1125 785 1142 τι
805 1107 901 1152 κέρδος

110 1153 260 1198 δυναμένου
273 1156 356 1184 αὑτοῦ
372 1159 427 1190 τοῖς
441 1160 531 1186 ἐκεῖσε
542 1160 614 1196 λόγῳ
628 1160 770 1194 εὐσεϐείας
785 1164 894 1198 συμϐα-

111 1197 222 1229 λέσθαι·
238 1201 285 1228 καὶ
299 1203 378 1230 τοῦτο
390 1203 419 1230 δὲ
443 1205 493 1231 οὐκ
508 1205 555 1240 ἀφ’
583 1206 694 1239 ἑαυτοῦ,
722 1207 791 1235 ἀλλὰ
806 1197 896 1244 κρίσει

111 1245 219 1272 πολλῶν
238 1247 397 1276 ἐπισκόπων
411 1251 458 1277 καὶ
479 1252 649 1288 παρακλήσει
663 1254 792 1290 μεγίστῃ.

148 1295 191 1319 ιε’.
210 1292 246 1319 El
264 1301 307 1325 τις
334 1296 530 1332 πρεσϐύτερος,
555 1298 572 1334 ῆ
588 1299 750 1335 διάκονος,ἢ
769 1300 837 1333 ὅλως
853 1301 900 1328 τοῦ

111 1336 266 1372 καταλόγου
293 1339 351 1367 τῶν
374 1341 524 1377 κληρικῶν,
543 1344 694 1380 ἁπολείψας
721 1347 772 1382 τὴν
802 1347 899 1375 ἑαυτοῦ

112 1384 272 1428 παροικίαν,
289 1386 329 1417 εἰς
347 1386 443 1422 ἑτέραν
457 1388 580 1422 ἀπέλθοι,
597 1391 643 1417 καὶ
657 1392 797 1424 παντελῶς
818 1402 901 1428 μετα-

112 1427 178 1473 στὰς
194 1428 326 1465 διατρίϐοι
344 1432 373 1458 ὲν
386 1432 454 1469 ἄλλῃ
480 1435 611 1471 παροικίᾳ
628 1436 702 1471 παρὰ
723 1427 837 1473 γνώμην
852 1439 900 1466 τοῦ

113 1472 179 1499 ἰδίου
192 1474 355 1510 ἐπισκόπου,
370 1477 466 1505 τοῦτον
492 1479 641 1515 κελεύομεν
658 1482 757 1516 μηκέτι
775 1472 898 1518 λειτουρ-

111 1519 171 1552 γεῖν
184 1527 193 1534 ·
209 1519 234 1546 εί
251 1521 369 1555 μάλιστα
396 1524 639 1560 προσκαλουμένου
666 1526 747 1554 αὐτὸν
761 1528 808 1554 τοῦ
836 1528 898 1555 ἑπι-

112 1565 214 1592 σκόπου
239 1567 322 1594 αὐτοῦ
339 1569 509 1603 ἐπανελθεῖν,
528 1572 578 1607 οὐχ
604 1572 760 1608 ὑπήκουσεν
772 1593 780 1606 ,
800 1575 900 1610 ὲπιμέ-

110 1618 164 1636 νων
189 1612 223 1646 τῇ
247 1611 356 1648 ἀταξίᾳ,
385 1613 423 1645 ὡς
448 1613 541 1647 λαῖκὸς
564 1616 656 1651 μέντοι
689 1618 778 1645 ἐκεῖσε
805 1627 900 1646 κοινω-

109 1655 201 1683 νείτω.

258 1704 394 1732 Συνόδου
414 1706 560 1741 Ἀγκύρας
577 1708 678 1736 κανὼν
693 1715 743 1745 ιη’.

188 1748 304 1783 Εῖτινες
314 1751 459 1779 ἐπίσκοποι
475 1753 702 1789 κατασταθέντες,
720 1763 749 1784 κ.
762 1763 790 1784 τ.
804 1757 830 1785 λ.

197 1839 333 1867 Συνόδου
346 1841 523 1875 Ἀντιοχείας
537 1841 638 1870 κανὼν
649 1845 686 1878 γ’,
699 1843 745 1879 ιγ’,
758 1845 811 1880 κβ¹.

142 1884 180 1918 γ’.
198 1885 233 1912 El
248 1894 290 1918 τις
314 1886 514 1921 πρεσϐύτερος,
537 1888 554 1923 ἢ
570 1888 704 1923 διάκονος,
723 1890 740 1925 ἢ
765 1891 833 1923 ὅλως
846 1891 902 1919 τῶν

107 1932 156 1959 τοῦ
173 1932 320 1966 ἱερατείου,
338 1932 497 1960 καταλιπὼν
516 1933 566 1969 τὴν
580 1935 676 1962 ἑαυτοῦ
691 1938 838 1972 παροικίαν
860 1939 902 1971 είς

108 1979 207 2014 ἑτέραν
221 1978 346 2010 ἀπέλθοι,
359 1978 455 2006 ἔπειτα
467 1980 607 2012 παντελῶς
621 1984 769 2016 μεταστὰς,
787 1985 828 2015 είς
842 1985 903 2012 ἑτέ-

109 2032 160 2058 ραν
173 2024 323 2059 παροικίαν
335 2024 484 2060 διατρίϐειν
501 2027 629 2062 πειρᾶται
645 2028 693 2054 ἐπὶ
707 2029 798 2065 πολλῷ
812 2031 902 2068 χρόνῳ

109 2069 210 2104 μηκέτι
230 2069 409 2105 λειτουργεῖν,
439 2072 464 2098 εί
481 2071 598 2107 μάλιστα
627 2073 754 2102 καλοῦντι
780 2076 820 2112 τῷ
844 2078 903 2105 ἐπι-

108 2116 206 2150 σκόπῳ
229 2115 268 2151 τῷ
286 2116 355 2152 ἰδίῳ,
371 2117 419 2143 καὶ
436 2118 595 2147 ἐπανελθεῖν
611 2121 652 2152 είς
678 2121 729 2157 τὴν
752 2125 901 2158 παροικίαν

107 2159 158 2195 τὴν
176 2159 272 2187 ἑαυτοῦ
303 2161 494 2196 παραινοῦντι,
527 2164 565 2198 μὴ
592 2165 743 2193 ὑπακούοι·
765 2167 831 2195 είδὲ
855 2170 903 2197 καὶ

107 2206 236 2241 ἐπιμένοι
252 2208 284 2242 τῇ
312 2208 420 2244 ἀταξίᾳ,
437 2209 577 2242 παντελῶς
604 2211 686 2238 αὐτὸν
710 2213 903 2249 καθαιρεῖσθαι

956 297 1064 326 habeto.
1089 298 1122 326 Et
1134 299 1230 335 siquis
1241 300 1285 328 vel
1299 307 1348 335 per
1363 300 1485 328 divinum
1501 300 1663 335 rescriptum
1678 301 1745 328 civi-

954 347 1036 370 tatem
1066 343 1209 381 [aliquam]
1227 350 1275 372 aut
1288 353 1339 373 suo
1358 346 1497 380 episcopo,
1525 349 1574 372 aut
1595 346 1745 378 territorio,

956 394 1003 416 aut
1019 389 1074 416 alio
1083 390 1212 424 quopiam
1224 390 1287 425 jure
1301 390 1408 426 privare
1418 391 1519 418 audeat
1537 400 1545 418 :
1559 391 1670 418 exuitur
1695 391 1745 419 bo‘

955 434 1007 467 uis,
1029 439 1055 462 et
1072 435 1183 463 infamis
1203 436 1336 468 redditur.
1353 436 1496 471 Excipitur
1512 442 1604 464 autem
1619 436 1742 464 Tomen-

955 477 1025 504 sium
1042 477 1159 513 Scythiae
1174 480 1279 510 civitas.
1305 480 1379 508 lllius
1402 481 1474 508 enim
1505 481 1651 515 episcopus
1681 480 1745 508 reli-

955 529 1071 556 quarum
1082 523 1165 551 etiam
1179 523 1343 561 [civitatum]
1352 533 1446 552 curam
1460 525 1539 560 gerit.
1552 525 1646 561 [Tum]
1661 526 1744 553 etiam

956 567 1129 603 Leontopolis
1143 570 1232 598 Isauri
1248 571 1343 598 subest
1366 571 1495 606 episcopo
1513 571 1744 606 Isauropolitauo.

955 612 1032 646 Quod
1040 613 1121 648 perro
1134 615 1385 650 Constantinopolis
1397 617 1538 652 privilegia
1545 618 1644 645 veteris
1652 618 1745 646 Rom

953 659 1063 693 habeat,
1079 660 1180 688 dicitur
1207 661 1245 689 lib
1268 669 1288 688 ιι
1311 661 1374 689 cod.
1390 662 1431 689 tit.
1457 661 1503 694 2i,
1531 667 1620 691 const.
1648 664 1743 691 unica.

954 703 1049 732 Const.
1067 707 1160 733 verol
1190 707 1231 734 tit.
1251 707 1296 739 17,
1323 707 1371 734 lib.
1396 715 1415 741 ι,
1436 707 1499 737 cod.
1523 708 1609 744 ipsam
1638 708 1744 746 [etiam]

955 748 1071 777 Romam
1086 751 1220 778 nominari
1235 751 1312 779 dicit.

993 795 1069 823 CAP.
1083 796 1198 823 ιΙ.-Νι
1212 802 1305 824 temere
1316 798 1451 832 episcopus
1468 799 1655 834 peregrinetur,
1665 808 1746 835 neque

953 841 1066 869 clericus
1087 841 1115 869 in
1146 842 1234 870 aliena
1249 843 1326 878 degat
1343 845 1472 878 pa'tzcia.

1128 932 1315 967 Apostolorum
1331 942 1444 962 canones
1461 935 1505 968 M,
1523 935 1568 963 15.

987 977 1031 1005 14.
1045 977 1179 1013 Episcopo
1195 979 1250 1015 (60)
1272 989 1326 1008 non
1342 981 1415 1015 licet,
1431 990 1481 1010 sua
1501 982 1595 1010 relicta
1606 982 1744 1017 parochia,

951 1023 985 1050 ad
1009 1024 1092 1051 aliam
1118 1026 1263 1058 transilire,
1288 1026 1397 1054 etiamsi
1424 1036 1438 1054 a
1454 1027 1579 1063 pluribus
1601 1033 1737 1063 cogatur:

954 1070 1009 1097 nisi
1024 1069 1060 1097 sit
1081 1070 1173 1105 aliqua
1182 1078 1263 1098 causa
1282 1072 1380 1099 rationi
1393 1078 1587 1106 consentanea.
1604 1082 1665 1109 quae
1678 1082 1742 1102 eum

952 1120 1031 1150 cogat
1059 1116 1113 1144 hoc
1134 1115 1236 1148 facere,
1260 1122 1354 1151 utpote
1381 1118 1416 1145 ad
1447 1119 1537 1153 majus
1552 1119 1744 1152 lucrum,cum

951 1162 1038 1197 possit
1051 1162 1109 1197 ipse
1128 1163 1173 1196 iis,
1193 1163 1240 1198 qui
1271 1163 1328 1192 illic
1350 1164 1489 1198 habitant,
1518 1165 1628 1199 pietatls
1659 1167 1745 1194 verbo

953 1209 1107 1238 conferre:
1132 1209 1213 1244 idque
1225 1218 1280 1238 non
1302 1218 1336 1238 ex
1359 1218 1400 1243 se,
1431 1211 1480 1239 sed
1507 1211 1659 1240 multorqu
1686 1213 1745 1249 epi-

951 1262 1095 1289 scoporqu
1115 1255 1220 1290 judicio
1242 1260 1270 1283 et
1300 1257 1421 1284 maxima
1436 1257 1638 1286 exhortatione.

987 1300 1030 1328 15.
1055 1300 1084 1328 Si
1117 1302 1179 1336 quis
1204 1302 1229 1318 "
1265 1303 1417 1338 presbyter,
1443 1304 1486 1331 vel
1527 1305 1681 1338 diaconus,
1704 1304 1747 1333 vel

951 1347 1066 1375 omnino
1089 1355 1122 1374 ex
1147 1347 1309 1375 clericorum
1335 1349 1468 1384 catalogo,
1495 1350 1589 1377 relicta
1603 1357 1651 1378 sua
1665 1357 1747 1385 paro-

952 1392 1026 1424 chia,
1043 1393 1070 1419 in
1095 1392 1176 1420 aliam
1199 1393 1376 1426 abscesserit,
1391 1399 1494 1422 etcum
1520 1395 1627 1429 penitus
1654 1399 1745 1423 trans-

951 1437 1028 1470 ierit,
1057 1442 1156 1472 praeter
1193 1438 1238 1465 sui
1279 1438 1401 1473 episcopi
1429 1440 1591 1467 sententiam
1637 1440 1664 1467 in
1693 1441 1746 1467 alia

951 1483 1079 1518 parochia
1100 1488 1218 1517 maneat,
1256 1491 1321 1511 eum
1343 1492 1398 1512 non
1424 1485 1552 1519 amplius,
1570 1485 1648 1521 193
1673 1486 1746 1514 cele-

951 1531 1032 1558 brare
1060 1530 1200 1565 iubemus,
1223 1531 1343 1559 maxime
1358 1531 1394 1565 si,
1410 1539 1474 1559 eum
1495 1532 1664 1560 adhortante
1684 1533 1745 1568 opi-

952 1583 1036 1610 scopo
1058 1580 1088 1603 ut
1111 1577 1221 1610 rediret,
1235 1584 1290 1605 non
1313 1578 1447 1612 paruerit,
1471 1577 1500 1605 in
1527 1578 1700 1606 contumacia
1719 1583 1747 1606 et

953 1621 1098 1650 insolentia
1112 1630 1313 1658 perseverans:
1340 1623 1365 1651 is
1389 1629 1479 1651 tamen
1501 1627 1532 1651 ut
1556 1623 1644 1652 laicus
1670 1631 1746 1652 com-

952 1669 1081 1697 municet.

1138 1712 1251 1742 Consilii
1263 1714 1397 1749 Ancyrani
1418 1722 1503 1741 canon
1517 1715 1561 1743 l8.

988 1760 1016 1788 Si
1042 1759 1089 1795 qui
1116 1760 1260 1788 constituti
1282 1765 1347 1788 sunt
1367 1761 1499 1797 episcopi,
1513 1766 1578 1796 etc.,
1594 1767 1625 1790 ut
1646 1769 1739 1798 supra,

950 1814 1012 1842 pag.
1027 1805 1091 1834 506.

1039 1853 1152 1881 Consilii
1165 1853 1347 1881 Antiochensis
1374 1861 1487 1882 canones
1499 1854 1527 1887 5,
1547 1855 1592 1888 15,
1607 1854 1655 1882 22.

989 1899 1017 1927 3.
1038 1899 1066 1927 Si
1081 1900 1143 1935 quis
1159 1899 1310 1935 presbyter,
1321 1899 1365 1927 vel
1382 1900 1527 1934 diaconus,
1541 1901 1584 1929 vel
1606 1902 1668 1936 quis
1683 1908 1744 1929 om-

953 1945 1019 1974 nino
1030 1953 1063 1973 ex
1083 1946 1246 1974 sacerdotali
1264 1946 1361 1973 ordine
1376 1946 1472 1974 relicta
1491 1954 1541 1974 sua
1571 1946 1702 1981 parochia
1717 1947 1745 1974 in

953 1992 1032 2020 aliam
1045 1992 1156 2026 abierit,
1179 1993 1277 2020 deinde
1290 1993 1404 2020 omnino
1424 1993 1618 2027 commigraus,
1642 1993 1669 2020 in
1691 1993 1745 2021 alia

952 2037 1083 2072 parocbia
1100 2037 1183 2072 longo
1210 2041 1265 2064 tem
1274 2044 1340 2071 pore
1359 2037 1465 2065 versari
1483 2041 1608 2070 conetur,
1630 2045 1666 2065 ne
1685 2045 1756 2065 ain--

953 2082 1024 2117 plius
1035 2082 1165 2114 celebret,
1182 2081 1301 2109 maxime
1318 2081 1342 2109 si
1358 2082 1469 2116 proprio
1477 2082 1587 2109 vocanti
1613 2081 1745 2117 episcopo

955 2134 986 2157 ut
1007 2129 1034 2156 in
1063 2136 1142 2157 suam
1157 2128 1314 2163 parochiam
1337 2127 1440 2158 redeat,
1458 2127 1670 2162 exhortantique
1688 2135 1744 2155 non

953 2179 1059 2210 pareat.
1080 2174 1110 2202 Si
1132 2180 1222 2202 autem
1250 2173 1277 2201 in
1300 2173 1445 2201 insolentia
1479 2173 1615 2208 (ἀταξίᾳ),
1648 2180 1744 2208 perse-

955 2224 1042 2253 verat,
1069 2221 1093 2248 is
1118 2220 1232 2247 omnino
1255 2227 1271 2246 a
1296 2226 1374 2246 sacro
1397 2219 1550 2246 ministerio
1581 2219 1742 2254 deponatur.

107 2251 161 2286 τῆς
179 2251 369 2288 λειτουργίας,
388 2254 426 2286 ὡς
443 2254 542 2291 μηκέτι
557 2254 650 2292 χώραν
666 2257 740 2293 ἔχειν
760 2259 901 2289 ἀποκατα-

959 2266 985 2294 Si
1000 2251 1090 2294 autem
1106 2273 1181 2298 eum,
1194 2265 1241 2300 qui
1256 2269 1367 2300 propter
1383 2265 1454 2292 hanc
1472 2272 1585 2292 causam
1601 2251 1743 2300 depositus

109 2297 233 2329 στάσεως
243 2305 250 2314 ’
266 2298 330 2325 εἰδὲ
344 2298 547 2335 καθαιρεθέντα
564 2301 608 2328 διὰ
624 2302 727 2338 ταύτην
746 2304 798 2340 τὴν
811 2307 900 2334 αἰτίαν

108 2341 214 2377 δέχοιτο
228 2343 322 2378 ἔτερος
348 2344 507 2377 ἐπίσκοπος,
528 2347 657 2374 κάκεῖνον
669 2348 813 2384 ἐπιτιμίας
831 2359 900 2386 τυγ-

108 2387 204 2422 χάνειν
227 2388 280 2415 ὑπὸ
304 2389 398 2424 κοινῆς
424 2391 545 2424 συνόδου,
571 2392 610 2423 ὡς
634 2392 810 2428 παραλύοντοι
837 2397 900 2428 τοὺς

108 2433 228 2468 θεσμοὺς
242 2435 306 2466 τοὺς
320 2435 566 2471 ὲκκλησιαστικούς

146 2479 192 2513 ιγ.
205 2479 316 2513 Μηδένα
329 2480 477 2508 ἐπίσκοπον
490 2483 604 2519 τολμᾷν,
620 2492 648 2511 κ.
662 2493 688 2512 τ.
702 2484 726 2512 λ.

144 2525 199 2560 κβ’.
224 2526 390 2555 Ἔπίσκοπον
421 2529 458 2564 μὴ
482 2529 634 2558 ἐπιϐαίνειν
662 2531 791 2568 ἀλλοτρίᾳ
804 2533 898 2568 πόλει,

107 2579 136 2598 κ.
155 2580 181 2598 τ.
197 2572 223 2600 λ.
696 2574 699 2576 ’

219 2619 356 2646 Συνόδου
371 2620 547 2654 Λαοδικείας
566 2621 666 2650 κανὼν
680 2625 736 2658 μα’,
754 2623 808 2659 μβ’.

147 2661 205 2698 μα’.
222 2663 283 2690 Ὀτι
293 2664 325 2691 οὐ
336 2664 376 2691 δεῖ
391 2665 526 2701 ίερατικὺν
540 2667 558 2703 ἢ
581 2667 721 2704 κληρικδν,
735 2669 800 2696 ἄνευ
821 2679 902 2698 κανο-

109 2709 197 2736 νικῶν
215 2711 390 2746 γραμμάτων
405 2712 521 2740 ὁδεύειν.

953 2316 1006 2346 est,
1027 2313 1096 2340 alius
1113 2312 1260 2346 episcopus
1272 2311 1415 2346 receperit,
1440 2311 1485 2338 ille
1507 2318 1646 2346 quoquea
1667 2318 1744 2338 com-

954 2358 1030 2385 muni
1054 2357 1159 2392 synodo
1180 2357 1320 2392 puuiatur,
1339 2360 1370 2384 ut
1383 2357 1430 2392 qui
1456 2357 1526 2385 ritus
1542 2357 1744 2386 ecclesiasticos

952 2404 1095 2432 dissolvat.

991 2490 1033 2518 15.
1050 2489 1146 2518 Nullus
1157 2490 1299 2525 episcopus
1312 2491 1419 2523 audeat,
1437 2495 1489 2519 elc.
1507 2495 1535 2517 ut
1547 2499 1608 2526 pag.
1623 2491 1697 2533 475.»

981 2535 1028 2563 22.
1056 2535 1207 2571 Episcopus
1244 2535 1272 2564 in
1302 2537 1418 2564 alienam
1450 2537 1600 2569 civitatem,
1632 2543 1685 2565 etc.
1711 2542 1741 2565 ut

947 2588 1008 2617 pag.
1022 2580 1087 2608 478.

1029 2626 1109 2663 194,
1131 2627 1245 2655 Concilii
1259 2627 1402 2656 Laodiceni
1415 2637 1528 2656 canones
1549 2629 1595 2661 M,
1609 2629 1653 2656 42.

984 2673 1030 2701 41.
1051 2674 1129 2707 Quod
1151 2682 1206 2702 non
1225 2679 1333 2709 oportet
1347 2683 1409 2702 eum
1426 2676 1474 2710 qui
1499 2680 1539 2702 est
1556 2679 1680 2702 sacratus
1696 2674 1738 2701 vel

951 2718 1069 2747 clericus
1083 2719 1144 2746 sine
1155 2719 1297 2748 canonicis
1310 2720 1408 2747 litteris
1424 2721 1475 2748 iter
1488 2720 1604 2754 ingredi.

147 2785 172 2802 ⁷⁸
184 2786 245 2815 Nic.
263 2796 326 2817 can.
339 2789 384 2823 16,
399 2789 527 2818 Antioch.
551 2798 613 2820 can.
637 2791 703 2819 5.-
715 2791 784 2822 Vide
809 2792 857 2820 lib.
873 2792 902 2826 3,
921 2795 960 2823 De
975 2795 1030 2823 vita
1053 2795 1231 2830 Constantini,
1257 2803 1318 2831 cap.
1346 2795 1390 2829 6|,
1413 2795 1480 2824 edit.
1498 2794 1659 2823 Valesianaa.

150 2865 207 2913 (6(3)
224 2867 551 2913 tiitanturtgonstantini
581 2870 664 2905 epist.
695 2870 724 2904 2,
743 2872 783 2913 id
811 2873 924 2904 Euseb.
946 2881 973 2905 et
1002 2868 1137 2907 [Antioch
1168 2878 1312 2913 episcopos
1353 2877 1472 2913 scriptae.
1509 2875 1625 2904 Exstant
1663 2877 1736 2911 apud

109 2899 215 2930 Euseb.
229 2902 268 2930 De
287 2903 341 2931 vita
358 2903 496 2933 Constant.
525 2906 571 2934 lib.
599 2899 645 2939 in,
667 2899 727 2942 cap;
740 2906 785 2935 57.
