  <div class='ocr_page' id='page_1' title='image "/cluster/home/n/w/nwhite01/storage/ocr_20150623/104/njp.32101077772885/337.png"; bbox 0 0 1959 3061; ppageno 0'>
   <div class='ocr_carea' id='block_1_1' title="bbox 230 175 282 208">
    <p class='ocr_par' dir='ltr' id='par_1_1' title="bbox 230 175 282 208">
     <span class='ocr_line' id='line_1_1' title="bbox 230 175 282 208; baseline 0.058 -3"><span class='ocrx_word' id='word_1_1' title='bbox 230 175 282 208; x_wconf 79' lang='grc'><strong>659</strong></span> 
     </span>
    </p>
   </div>
   <div class='ocr_carea' id='block_1_2' title="bbox 803 177 1282 210">
    <p class='ocr_par' dir='ltr' id='par_1_2' title="bbox 803 177 1282 210">
     <span class='ocr_line' id='line_1_2' title="bbox 803 177 1282 210; baseline 0.002 -2"><span class='ocrx_word' id='word_1_2' title='bbox 803 177 947 209; x_wconf 85' lang='grc' dir='ltr'><strong>ΡΗΟΤῙΙ·</strong></span> <span class='ocrx_word' id='word_1_3' title='bbox 955 178 1067 209; x_wconf 80' lang='lat' dir='ltr'><strong>PATRI</strong></span> <span class='ocrx_word' id='word_1_4' title='bbox 1072 178 1206 209; x_wconf 79' lang='lat' dir='ltr'><strong>ARCH/E</strong></span> <span class='ocrx_word' id='word_1_5' title='bbox 1228 178 1282 210; x_wconf 72' lang='grc' dir='ltr'><strong>(ΖΡ.</strong></span> 
     </span>
    </p>
   </div>
   <div class='ocr_carea' id='block_1_3' title="bbox 1799 173 1855 205">
    <p class='ocr_par' dir='ltr' id='par_1_3' title="bbox 1799 173 1855 205">
     <span class='ocr_line' id='line_1_3' title="bbox 1799 173 1855 205; baseline 0 0"><span class='ocrx_word' id='word_1_6' title='bbox 1799 173 1855 205; x_wconf 74' lang='lat'><strong>600</strong></span> 
     </span>
    </p>
   </div>
   <div class='ocr_carea' id='block_1_4' title="bbox 264 230 1018 270">
    <p class='ocr_par' dir='ltr' id='par_1_4' title="bbox 264 230 1017 268">
     <span class='ocr_line' id='line_1_4' title="bbox 264 230 1017 268; baseline 0.004 -11"><span class='ocrx_word' id='word_1_7' title='bbox 264 230 309 258; x_wconf 68' lang='lat' dir='ltr'><strong>ﬂ.</strong></span> <span class='ocrx_word' id='word_1_8' title='bbox 329 231 407 264; x_wconf 86' lang='lat' dir='ltr'><strong>Quod</strong></span> <span class='ocrx_word' id='word_1_9' title='bbox 425 239 479 259; x_wconf 90' lang='lat' dir='ltr'><strong>non</strong></span> <span class='ocrx_word' id='word_1_10' title='bbox 499 237 607 266; x_wconf 81' lang='lat' dir='ltr'><strong>oportet</strong></span> <span class='ocrx_word' id='word_1_11' title='bbox 623 240 671 260; x_wconf 89' lang='lat' dir='ltr'><strong>eos</strong></span> <span class='ocrx_word' id='word_1_12' title='bbox 693 233 738 268; x_wconf 88' lang='lat' dir='ltr'><strong>qui</strong></span> <span class='ocrx_word' id='word_1_13' title='bbox 762 237 826 260; x_wconf 77' lang='lat' dir='ltr'><strong>sunt</strong></span> <span class='ocrx_word' id='word_1_14' title='bbox 851 234 951 261; x_wconf 98' lang='lat' dir='ltr'><strong>sacrati</strong></span> <span class='ocrx_word' id='word_1_15' title='bbox 974 235 1017 260; x_wconf 89' lang='lat' dir='ltr'><strong>vel</strong></span> 
     </span>
    </p>
   </div>
   <div class='ocr_carea' id='block_1_5' title="bbox 1075 230 1855 270">
    <p class='ocr_par' dir='ltr' id='par_1_5' title="bbox 1105 231 1855 270">
     <span class='ocr_line' id='line_1_5' title="bbox 1105 231 1855 270; baseline -0.005 -9"><span class='ocrx_word' id='word_1_16' title='bbox 1105 233 1160 270; x_wconf 87' lang='grc' dir='ltr'><strong>μβ¹.</strong></span> <span class='ocrx_word' id='word_1_17' title='bbox 1176 234 1237 260; x_wconf 88' lang='grc' dir='ltr'><strong>Ὀτι</strong></span> <span class='ocrx_word' id='word_1_18' title='bbox 1251 234 1283 261; x_wconf 81' lang='grc' dir='ltr'><strong>οὐ</strong></span> <span class='ocrx_word' id='word_1_19' title='bbox 1297 233 1337 261; x_wconf 85' lang='grc' dir='ltr'><strong>δεῖ</strong></span> <span class='ocrx_word' id='word_1_20' title='bbox 1349 233 1485 270; x_wconf 77' lang='grc' dir='ltr'><strong>ἱερατικὸν</strong></span> <span class='ocrx_word' id='word_1_21' title='bbox 1498 233 1515 270; x_wconf 86' lang='grc' dir='ltr'>ἦ</span> <span class='ocrx_word' id='word_1_22' title='bbox 1529 231 1669 269; x_wconf 78' lang='grc' dir='ltr'>κληρικδν,</span> <span class='ocrx_word' id='word_1_23' title='bbox 1686 231 1751 259; x_wconf 74' lang='lat' dir='ltr'><strong>dno</strong></span> <span class='ocrx_word' id='word_1_24' title='bbox 1764 231 1855 258; x_wconf 82' lang='grc' dir='ltr'>κελεύ-</span> 
     </span>
    </p>
   </div>
   <div class='ocr_carea' id='block_1_6' title="bbox 228 277 835 314">
    <p class='ocr_par' dir='ltr' id='par_1_6' title="bbox 228 277 835 314">
     <span class='ocr_line' id='line_1_6' title="bbox 228 277 835 314; baseline 0.002 -9"><span class='ocrx_word' id='word_1_25' title='bbox 228 277 332 312; x_wconf 85' lang='lat' dir='ltr'><strong>clerici,</strong></span> <span class='ocrx_word' id='word_1_26' title='bbox 344 278 404 311; x_wconf 81' lang='lat' dir='ltr'><strong>sine</strong></span> <span class='ocrx_word' id='word_1_27' title='bbox 417 278 497 313; x_wconf 81' lang='lat' dir='ltr'><strong>jussu</strong></span> <span class='ocrx_word' id='word_1_28' title='bbox 512 279 632 314; x_wconf 76' lang='lat' dir='ltr'><strong>episcopi</strong></span> <span class='ocrx_word' id='word_1_29' title='bbox 651 279 703 306; x_wconf 89' lang='lat' dir='ltr'><strong>iter</strong></span> <span class='ocrx_word' id='word_1_30' title='bbox 719 279 835 314; x_wconf 75' lang='lat' dir='ltr'><strong>ingredi.</strong></span> 
     </span>
    </p>
   </div>
   <div class='ocr_carea' id='block_1_7' title="bbox 333 324 896 360">
    <p class='ocr_par' dir='ltr' id='par_1_7' title="bbox 333 324 896 360">
     <span class='ocr_line' id='line_1_7' title="bbox 333 324 896 360; baseline 0.004 -9"><span class='ocrx_word' id='word_1_31' title='bbox 333 324 445 352; x_wconf 80' lang='lat' dir='ltr'><strong>Concilii</strong></span> <span class='ocrx_word' id='word_1_32' title='bbox 464 324 750 360; x_wconf 78' lang='lat' dir='ltr'><strong>Gomtantinopolitaai</strong></span> <span class='ocrx_word' id='word_1_33' title='bbox 769 333 855 353; x_wconf 79' lang='lat' dir='ltr'><strong>canon</strong></span> <span class='ocrx_word' id='word_1_34' title='bbox 868 326 896 354; x_wconf 74' lang='grc'><strong>2.</strong></span> 
     </span>
    </p>
   </div>
   <div class='ocr_carea' id='block_1_8' title="bbox 263 370 1017 406">
    <p class='ocr_par' dir='ltr' id='par_1_8' title="bbox 263 370 1017 406">
     <span class='ocr_line' id='line_1_8' title="bbox 263 370 1017 406; baseline 0.001 -8"><span class='ocrx_word' id='word_1_35' title='bbox 263 370 292 397; x_wconf 71' lang='lat'><strong>2.</strong></span> <span class='ocrx_word' id='word_1_36' title='bbox 309 370 435 406; x_wconf 86' lang='lat' dir='ltr'><strong>Episcopi</strong></span> <span class='ocrx_word' id='word_1_37' title='bbox 449 370 484 398; x_wconf 78' lang='lat' dir='ltr'><strong>ad</strong></span> <span class='ocrx_word' id='word_1_38' title='bbox 497 370 632 398; x_wconf 83' lang='lat' dir='ltr'><strong>Eeelesias</strong></span> <span class='ocrx_word' id='word_1_39' title='bbox 662 377 723 406; x_wconf 65' lang='lat' dir='ltr'><strong>quae</strong></span> <span class='ocrx_word' id='word_1_40' title='bbox 751 377 816 399; x_wconf 83' lang='lat' dir='ltr'><strong>sunt</strong></span> <span class='ocrx_word' id='word_1_41' title='bbox 843 371 914 399; x_wconf 88' lang='lat' dir='ltr'><strong>ultra</strong></span> <span class='ocrx_word' id='word_1_42' title='bbox 938 378 1017 400; x_wconf 87' lang='lat' dir='ltr'><strong>suam</strong></span> 
     </span>
    </p>
   </div>
   <div class='ocr_carea' id='block_1_9' title="bbox 227 416 746 452">
    <p class='ocr_par' dir='ltr' id='par_1_9' title="bbox 227 416 746 452">
     <span class='ocr_line' id='line_1_9' title="bbox 227 416 746 452; baseline -0.002 -8"><span class='ocrx_word' id='word_1_43' title='bbox 227 416 379 449; x_wconf 60' lang='lat' dir='ltr'><strong>dioecesim,</strong></span> <span class='ocrx_word' id='word_1_44' title='bbox 394 420 460 448; x_wconf 86' lang='lat' dir='ltr'><strong>etc.,</strong></span> <span class='ocrx_word' id='word_1_45' title='bbox 471 421 499 443; x_wconf 84' lang='lat' dir='ltr'><strong>at</strong></span> <span class='ocrx_word' id='word_1_46' title='bbox 509 424 590 451; x_wconf 74' lang='lat' dir='ltr'><strong>supra</strong></span> <span class='ocrx_word' id='word_1_47' title='bbox 602 424 664 452; x_wconf 84' lang='lat' dir='ltr'><strong>pag.</strong></span> <span class='ocrx_word' id='word_1_48' title='bbox 682 416 746 444; x_wconf 79' lang='grc'><strong>470.</strong></span> 
     </span>
    </p>
   </div>
   <div class='ocr_carea' id='block_1_10' title="bbox 323 460 913 495">
    <p class='ocr_par' dir='ltr' id='par_1_10' title="bbox 323 460 913 495">
     <span class='ocr_line' id='line_1_10' title="bbox 323 460 913 495; baseline 0.003 -7"><span class='ocrx_word' id='word_1_49' title='bbox 323 460 435 489; x_wconf 82' lang='lat' dir='ltr'><strong>Concilii</strong></span> <span class='ocrx_word' id='word_1_50' title='bbox 448 460 664 489; x_wconf 72' lang='lat' dir='ltr'><strong>Chalcedonensis</strong></span> <span class='ocrx_word' id='word_1_51' title='bbox 682 469 793 489; x_wconf 80' lang='lat' dir='ltr'><strong>canones</strong></span> <span class='ocrx_word' id='word_1_52' title='bbox 810 462 853 495; x_wconf 72' lang='grc'><strong>15,</strong></span> <span class='ocrx_word' id='word_1_53' title='bbox 868 462 913 490; x_wconf 76' lang='lat'><strong>25.</strong></span> 
     </span>
    </p>
   </div>
   <div class='ocr_carea' id='block_1_11' title="bbox 265 506 1018 542">
    <p class='ocr_par' dir='ltr' id='par_1_11' title="bbox 265 506 1018 542">
     <span class='ocr_line' id='line_1_11' title="bbox 265 506 1018 542; baseline 0 -8"><span class='ocrx_word' id='word_1_54' title='bbox 265 506 307 534; x_wconf 76' lang='lat' dir='ltr'><strong>l3.</strong></span> <span class='ocrx_word' id='word_1_55' title='bbox 323 506 457 535; x_wconf 82' lang='lat' dir='ltr'><strong>Externos</strong></span> <span class='ocrx_word' id='word_1_56' title='bbox 487 507 602 535; x_wconf 85' lang='lat' dir='ltr'><strong>clericos</strong></span> <span class='ocrx_word' id='word_1_57' title='bbox 617 507 641 524; x_wconf 84' lang='lat'><em>&quot;</em></span> <span class='ocrx_word' id='word_1_58' title='bbox 660 511 687 534; x_wconf 87' lang='lat' dir='ltr'><strong>et</strong></span> <span class='ocrx_word' id='word_1_59' title='bbox 709 508 817 542; x_wconf 86' lang='lat' dir='ltr'><strong>ignotos</strong></span> <span class='ocrx_word' id='word_1_60' title='bbox 832 509 860 534; x_wconf 93' lang='lat' dir='ltr'><strong>in</strong></span> <span class='ocrx_word' id='word_1_61' title='bbox 882 507 935 535; x_wconf 91' lang='lat' dir='ltr'><strong>alia</strong></span> <span class='ocrx_word' id='word_1_62' title='bbox 951 507 1018 536; x_wconf 84' lang='lat' dir='ltr'><strong>civi-</strong></span> 
     </span>
    </p>
   </div>
   <div class='ocr_carea' id='block_1_12' title="bbox 229 552 1018 587">
    <p class='ocr_par' dir='ltr' id='par_1_12' title="bbox 229 552 1018 587">
     <span class='ocr_line' id='line_1_12' title="bbox 229 552 1018 587; baseline 0.004 -9"><span class='ocrx_word' id='word_1_63' title='bbox 229 555 284 579; x_wconf 85' lang='lat' dir='ltr'><strong>tate</strong></span> <span class='ocrx_word' id='word_1_64' title='bbox 310 552 370 580; x_wconf 90' lang='lat' dir='ltr'><strong>sine</strong></span> <span class='ocrx_word' id='word_1_65' title='bbox 398 552 500 587; x_wconf 82' lang='lat' dir='ltr'><strong>proprii</strong></span> <span class='ocrx_word' id='word_1_66' title='bbox 516 552 636 587; x_wconf 84' lang='lat' dir='ltr'><strong>episcopi</strong></span> <span class='ocrx_word' id='word_1_67' title='bbox 660 552 890 581; x_wconf 87' lang='lat' dir='ltr'><strong>eommendatitiis</strong></span> <span class='ocrx_word' id='word_1_68' title='bbox 920 552 1018 581; x_wconf 76' lang='lat' dir='ltr'><strong>litteris</strong></span> 
     </span>
    </p>
   </div>
   <div class='ocr_carea' id='block_1_13' title="bbox 228 598 712 633">
    <p class='ocr_par' dir='ltr' id='par_1_13' title="bbox 228 598 712 633">
     <span class='ocr_line' id='line_1_13' title="bbox 228 598 712 633; baseline 0.002 -9"><span class='ocrx_word' id='word_1_69' title='bbox 228 605 363 633; x_wconf 85' lang='lat' dir='ltr'><strong>nusquam</strong></span> <span class='ocrx_word' id='word_1_70' title='bbox 378 599 434 625; x_wconf 90' lang='lat' dir='ltr'><strong>ullo</strong></span> <span class='ocrx_word' id='word_1_71' title='bbox 448 598 530 625; x_wconf 89' lang='lat' dir='ltr'><strong>modo</strong></span> <span class='ocrx_word' id='word_1_72' title='bbox 544 598 712 625; x_wconf 88' lang='lat' dir='ltr'><strong>ministrare.</strong></span> 
     </span>
    </p>
   </div>
   <div class='ocr_carea' id='block_1_14' title="bbox 261 643 1018 678">
    <p class='ocr_par' dir='ltr' id='par_1_14' title="bbox 261 643 1018 678">
     <span class='ocr_line' id='line_1_14' title="bbox 261 643 1018 678; baseline 0 -7"><span class='ocrx_word' id='word_1_73' title='bbox 261 644 308 671; x_wconf 72' lang='lat'><strong>25.</strong></span> <span class='ocrx_word' id='word_1_74' title='bbox 339 644 466 672; x_wconf 86' lang='lat' dir='ltr'><strong>Pervenit</strong></span> <span class='ocrx_word' id='word_1_75' title='bbox 507 644 540 672; x_wconf 85' lang='lat' dir='ltr'><strong>ad</strong></span> <span class='ocrx_word' id='word_1_76' title='bbox 563 651 644 672; x_wconf 81' lang='lat' dir='ltr'><strong>aures</strong></span> <span class='ocrx_word' id='word_1_77' title='bbox 673 649 792 676; x_wconf 84' lang='lat' dir='ltr'><strong>nostras,</strong></span> <span class='ocrx_word' id='word_1_78' title='bbox 813 643 885 678; x_wconf 91' lang='lat' dir='ltr'><strong>quod</strong></span> <span class='ocrx_word' id='word_1_79' title='bbox 908 643 937 671; x_wconf 90' lang='lat' dir='ltr'><strong>in</strong></span> <span class='ocrx_word' id='word_1_80' title='bbox 955 650 1018 678; x_wconf 89' lang='lat' dir='ltr'><strong>pro—</strong></span> 
     </span>
    </p>
   </div>
   <div class='ocr_carea' id='block_1_15' title="bbox 227 689 1017 724">
    <p class='ocr_par' dir='ltr' id='par_1_15' title="bbox 227 689 1017 724">
     <span class='ocr_line' id='line_1_15' title="bbox 227 689 1017 724; baseline 0 -8"><span class='ocrx_word' id='word_1_81' title='bbox 227 689 337 723; x_wconf 83' lang='lat' dir='ltr'><strong>vinciis,</strong></span> <span class='ocrx_word' id='word_1_82' title='bbox 351 689 503 717; x_wconf 85' lang='lat' dir='ltr'><strong>canonibus</strong></span> <span class='ocrx_word' id='word_1_83' title='bbox 519 690 673 718; x_wconf 65' lang='lat' dir='ltr'><strong>constitutae</strong></span> <span class='ocrx_word' id='word_1_84' title='bbox 684 691 842 724; x_wconf 83' lang='lat' dir='ltr'><strong>episcopum</strong></span> <span class='ocrx_word' id='word_1_85' title='bbox 853 689 950 724; x_wconf 81' lang='lat' dir='ltr'><strong>synodi</strong></span> <span class='ocrx_word' id='word_1_86' title='bbox 962 696 1017 716; x_wconf 89' lang='lat' dir='ltr'><strong>non</strong></span> 
     </span>
    </p>
   </div>
   <div class='ocr_carea' id='block_1_16' title="bbox 228 734 1019 770">
    <p class='ocr_par' dir='ltr' id='par_1_16' title="bbox 228 734 1019 770">
     <span class='ocr_line' id='line_1_16' title="bbox 228 734 1019 770; baseline 0.001 -9"><span class='ocrx_word' id='word_1_87' title='bbox 228 734 305 768; x_wconf 85' lang='lat' dir='ltr'><strong>ﬁant,</strong></span> <span class='ocrx_word' id='word_1_88' title='bbox 337 739 364 762; x_wconf 92' lang='lat' dir='ltr'><strong>et</strong></span> <span class='ocrx_word' id='word_1_89' title='bbox 374 742 408 761; x_wconf 88' lang='lat' dir='ltr'><strong>ex</strong></span> <span class='ocrx_word' id='word_1_90' title='bbox 423 742 455 762; x_wconf 88' lang='lat' dir='ltr'><strong>eo</strong></span> <span class='ocrx_word' id='word_1_91' title='bbox 470 735 553 762; x_wconf 86' lang='lat' dir='ltr'><strong>multa</strong></span> <span class='ocrx_word' id='word_1_92' title='bbox 569 734 755 762; x_wconf 83' lang='lat' dir='ltr'><strong>ecclesiastica</strong></span> <span class='ocrx_word' id='word_1_93' title='bbox 771 735 943 770; x_wconf 71' lang='lat' dir='ltr'><strong>negligantur</strong></span> <span class='ocrx_word' id='word_1_94' title='bbox 957 742 1019 770; x_wconf 65' lang='lat' dir='ltr'><strong>quae</strong></span> 
     </span>
    </p>
   </div>
   <div class='ocr_carea' id='block_1_17' title="bbox 227 780 1017 816">
    <p class='ocr_par' dir='ltr' id='par_1_17' title="bbox 227 780 1017 816">
     <span class='ocr_line' id='line_1_17' title="bbox 227 780 1017 816; baseline 0.003 -9"><span class='ocrx_word' id='word_1_95' title='bbox 227 780 398 808; x_wconf 83' lang='lat' dir='ltr'><strong>correctione</strong></span> <span class='ocrx_word' id='word_1_96' title='bbox 422 780 554 816; x_wconf 77' lang='lat' dir='ltr'><strong>indigent.</strong></span> <span class='ocrx_word' id='word_1_97' title='bbox 585 780 689 808; x_wconf 86' lang='lat' dir='ltr'><strong>Statuit</strong></span> <span class='ocrx_word' id='word_1_98' title='bbox 711 787 777 815; x_wconf 81' lang='lat' dir='ltr'><strong>ergo</strong></span> <span class='ocrx_word' id='word_1_99' title='bbox 791 784 884 808; x_wconf 87' lang='lat' dir='ltr'><strong>sancta</strong></span> <span class='ocrx_word' id='word_1_100' title='bbox 895 781 1017 816; x_wconf 84' lang='lat' dir='ltr'><strong>synodus</strong></span> 
     </span>
    </p>
   </div>
   <div class='ocr_carea' id='block_1_18' title="bbox 228 825 1016 858">
    <p class='ocr_par' dir='ltr' id='par_1_18' title="bbox 228 825 1016 858">
     <span class='ocr_line' id='line_1_18' title="bbox 228 825 1016 858; baseline 0.001 -5"><span class='ocrx_word' id='word_1_101' title='bbox 228 826 377 853; x_wconf 87' lang='lat' dir='ltr'><strong>secundum</strong></span> <span class='ocrx_word' id='word_1_102' title='bbox 393 830 550 854; x_wconf 87' lang='lat' dir='ltr'><strong>sanctorum</strong></span> <span class='ocrx_word' id='word_1_103' title='bbox 576 825 688 853; x_wconf 82' lang='lat' dir='ltr'><strong>Patrum</strong></span> <span class='ocrx_word' id='word_1_104' title='bbox 711 833 843 858; x_wconf 87' lang='lat' dir='ltr'><strong>canones,</strong></span> <span class='ocrx_word' id='word_1_105' title='bbox 867 831 897 854; x_wconf 91' lang='lat' dir='ltr'><strong>ut</strong></span> <span class='ocrx_word' id='word_1_106' title='bbox 920 826 962 854; x_wconf 90' lang='lat' dir='ltr'><strong>bis</strong></span> <span class='ocrx_word' id='word_1_107' title='bbox 989 826 1016 854; x_wconf 91' lang='lat' dir='ltr'><strong>in</strong></span> 
     </span>
    </p>
   </div>
   <div class='ocr_carea' id='block_1_19' title="bbox 227 871 1014 907">
    <p class='ocr_par' dir='ltr' id='par_1_19' title="bbox 227 871 1014 907">
     <span class='ocr_line' id='line_1_19' title="bbox 227 871 1014 907; baseline -0.001 -8"><span class='ocrx_word' id='word_1_108' title='bbox 227 879 301 899; x_wconf 82' lang='lat' dir='ltr'><strong>anno</strong></span> <span class='ocrx_word' id='word_1_109' title='bbox 314 873 440 900; x_wconf 91' lang='lat' dir='ltr'><strong>eumdem</strong></span> <span class='ocrx_word' id='word_1_110' title='bbox 457 872 485 898; x_wconf 92' lang='lat' dir='ltr'><strong>in</strong></span> <span class='ocrx_word' id='word_1_111' title='bbox 498 871 591 899; x_wconf 89' lang='lat' dir='ltr'><strong>locum</strong></span> <span class='ocrx_word' id='word_1_112' title='bbox 611 872 778 900; x_wconf 80' lang='lat' dir='ltr'><strong>conveniant</strong></span> <span class='ocrx_word' id='word_1_113' title='bbox 794 872 1014 907; x_wconf 85' lang='lat' dir='ltr'><strong>uniuscujusque</strong></span> 
     </span>
    </p>
   </div>
   <div class='ocr_carea' id='block_1_20' title="bbox 228 918 1012 953">
    <p class='ocr_par' dir='ltr' id='par_1_20' title="bbox 228 918 1012 953">
     <span class='ocr_line' id='line_1_20' title="bbox 228 918 1012 953; baseline 0 -8"><span class='ocrx_word' id='word_1_114' title='bbox 228 918 375 953; x_wconf 61' lang='lat' dir='ltr'><strong>provincia</strong></span> <span class='ocrx_word' id='word_1_115' title='bbox 401 918 532 953; x_wconf 85' lang='lat' dir='ltr'><strong>episcopi,</strong></span> <span class='ocrx_word' id='word_1_116' title='bbox 559 922 589 945; x_wconf 91' lang='lat' dir='ltr'><strong>ut</strong></span> <span class='ocrx_word' id='word_1_117' title='bbox 604 918 829 953; x_wconf 85' lang='lat' dir='ltr'><strong>metropolitanus</strong></span> <span class='ocrx_word' id='word_1_118' title='bbox 842 918 939 945; x_wconf 86' lang='lat' dir='ltr'><strong>melius</strong></span> <span class='ocrx_word' id='word_1_119' title='bbox 951 925 1012 945; x_wconf 86' lang='lat' dir='ltr'><strong>esse</strong></span> 
     </span>
    </p>
   </div>
   <div class='ocr_carea' id='block_1_21' title="bbox 227 963 1026 999">
    <p class='ocr_par' dir='ltr' id='par_1_21' title="bbox 227 963 1026 999">
     <span class='ocr_line' id='line_1_21' title="bbox 227 963 1026 999; baseline -0.003 -8"><span class='ocrx_word' id='word_1_120' title='bbox 227 965 405 999; x_wconf 81' lang='lat' dir='ltr'><strong>perspexerit,</strong></span> <span class='ocrx_word' id='word_1_121' title='bbox 422 968 449 992; x_wconf 89' lang='lat' dir='ltr'><strong>et</strong></span> <span class='ocrx_word' id='word_1_122' title='bbox 469 963 575 999; x_wconf 87' lang='lat' dir='ltr'><strong>singula</strong></span> <span class='ocrx_word' id='word_1_123' title='bbox 600 964 767 999; x_wconf 79' lang='lat' dir='ltr'><strong>emergentia</strong></span> <span class='ocrx_word' id='word_1_124' title='bbox 782 964 920 999; x_wconf 80' lang='lat' dir='ltr'><strong>corrigam</strong></span> <span class='ocrx_word' id='word_1_125' title='bbox 936 972 942 991; x_wconf 90' lang='lat'><strong>:</strong></span> <span class='ocrx_word' id='word_1_126' title='bbox 958 965 1026 999; x_wconf 87' lang='lat' dir='ltr'><strong>epi-.</strong></span> 
     </span>
    </p>
   </div>
   <div class='ocr_carea' id='block_1_22' title="bbox 226 1010 1014 1045">
    <p class='ocr_par' dir='ltr' id='par_1_22' title="bbox 226 1010 1014 1045">
     <span class='ocr_line' id='line_1_22' title="bbox 226 1010 1014 1045; baseline 0 -7"><span class='ocrx_word' id='word_1_127' title='bbox 226 1010 301 1045; x_wconf 85' lang='lat' dir='ltr'><strong>scopi</strong></span> <span class='ocrx_word' id='word_1_128' title='bbox 328 1015 429 1043; x_wconf 85' lang='lat' dir='ltr'><strong>autem,</strong></span> <span class='ocrx_word' id='word_1_129' title='bbox 452 1010 499 1044; x_wconf 90' lang='lat' dir='ltr'><strong>qui</strong></span> <span class='ocrx_word' id='word_1_130' title='bbox 534 1018 588 1038; x_wconf 94' lang='lat' dir='ltr'><strong>non</strong></span> <span class='ocrx_word' id='word_1_131' title='bbox 620 1011 796 1044; x_wconf 86' lang='lat' dir='ltr'><strong>conveniunt,</strong></span> <span class='ocrx_word' id='word_1_132' title='bbox 824 1011 848 1038; x_wconf 88' lang='lat' dir='ltr'><strong>si</strong></span> <span class='ocrx_word' id='word_1_133' title='bbox 864 1011 892 1038; x_wconf 88' lang='lat' dir='ltr'><strong>in</strong></span> <span class='ocrx_word' id='word_1_134' title='bbox 919 1011 1014 1038; x_wconf 87' lang='lat' dir='ltr'><strong>eadem</strong></span> 
     </span>
    </p>
   </div>
   <div class='ocr_carea' id='block_1_23' title="bbox 225 1055 1015 1089">
    <p class='ocr_par' dir='ltr' id='par_1_23' title="bbox 225 1055 1015 1089">
     <span class='ocr_line' id='line_1_23' title="bbox 225 1055 1015 1089; baseline 0.001 -7"><span class='ocrx_word' id='word_1_135' title='bbox 225 1055 370 1089; x_wconf 89' lang='lat' dir='ltr'><strong>metropoli</strong></span> <span class='ocrx_word' id='word_1_136' title='bbox 395 1058 549 1087; x_wconf 82' lang='lat' dir='ltr'><strong>versentur,</strong></span> <span class='ocrx_word' id='word_1_137' title='bbox 579 1059 664 1089; x_wconf 86' lang='lat' dir='ltr'><strong>atque</strong></span> <span class='ocrx_word' id='word_1_138' title='bbox 688 1055 757 1083; x_wconf 86' lang='lat' dir='ltr'><strong>adeo</strong></span> <span class='ocrx_word' id='word_1_139' title='bbox 772 1055 831 1082; x_wconf 87' lang='lat' dir='ltr'><strong>sani</strong></span> <span class='ocrx_word' id='word_1_140' title='bbox 849 1055 904 1082; x_wconf 85' lang='lat' dir='ltr'><strong>sint</strong></span> <span class='ocrx_word' id='word_1_141' title='bbox 930 1059 958 1083; x_wconf 86' lang='lat' dir='ltr'><strong>et</strong></span> <span class='ocrx_word' id='word_1_142' title='bbox 980 1056 1015 1083; x_wconf 88' lang='lat' dir='ltr'><strong>ab</strong></span> 
     </span>
    </p>
   </div>
   <div class='ocr_carea' id='block_1_24' title="bbox 226 1100 1016 1136">
    <p class='ocr_par' dir='ltr' id='par_1_24' title="bbox 226 1100 1016 1136">
     <span class='ocr_line' id='line_1_24' title="bbox 226 1100 1016 1136; baseline 0.004 -10"><span class='ocrx_word' id='word_1_143' title='bbox 226 1100 300 1127; x_wconf 88' lang='lat' dir='ltr'><strong>omni</strong></span> <span class='ocrx_word' id='word_1_144' title='bbox 311 1100 490 1128; x_wconf 79' lang='lat' dir='ltr'><strong>inexcusabili</strong></span> <span class='ocrx_word' id='word_1_145' title='bbox 510 1104 537 1127; x_wconf 89' lang='lat' dir='ltr'><strong>et</strong></span> <span class='ocrx_word' id='word_1_146' title='bbox 552 1100 707 1128; x_wconf 86' lang='lat' dir='ltr'><strong>necessario</strong></span> <span class='ocrx_word' id='word_1_147' title='bbox 719 1101 828 1136; x_wconf 77' lang='lat' dir='ltr'><strong>negetio</strong></span> <span class='ocrx_word' id='word_1_148' title='bbox 845 1101 934 1135; x_wconf 88' lang='lat' dir='ltr'><strong>liberi,</strong></span> <span class='ocrx_word' id='word_1_149' title='bbox 960 1101 1016 1129; x_wconf 73' lang='grc' dir='ltr'><strong>ἰω-</strong></span> 
     </span>
    </p>
   </div>
   <div class='ocr_carea' id='block_1_25' title="bbox 228 1145 565 1180">
    <p class='ocr_par' dir='ltr' id='par_1_25' title="bbox 228 1145 565 1180">
     <span class='ocr_line' id='line_1_25' title="bbox 228 1145 565 1180; baseline 0 -9"><span class='ocrx_word' id='word_1_150' title='bbox 228 1149 307 1172; x_wconf 88' lang='lat' dir='ltr'><strong>teme</strong></span> <span class='ocrx_word' id='word_1_151' title='bbox 320 1145 565 1180; x_wconf 85' lang='lat' dir='ltr'><strong>reprehendantur.</strong></span> 
     </span>
    </p>
   </div>
   <div class='ocr_carea' id='block_1_26' title="bbox 1022 279 1437 312">
    <p class='ocr_par' dir='ltr' id='par_1_26' title="bbox 1022 279 1437 312">
     <span class='ocr_line' id='line_1_26' title="bbox 1022 279 1437 312; baseline 0.002 -6"><span class='ocrx_word' id='word_1_152' title='bbox 1022 280 1025 282; x_wconf 84' lang='grc'><em>’</em></span> <span class='ocrx_word' id='word_1_153' title='bbox 1069 288 1138 312; x_wconf 84' lang='grc' dir='ltr'>σεως</span> <span class='ocrx_word' id='word_1_154' title='bbox 1157 279 1309 307; x_wconf 76' lang='grc' dir='ltr'><strong>ἐπισκόπου</strong></span> <span class='ocrx_word' id='word_1_155' title='bbox 1324 279 1437 308; x_wconf 82' lang='grc' dir='ltr'>ὁδεύειν.</span> 
     </span>
    </p>
   </div>
   <div class='ocr_carea' id='block_1_27' title="bbox 1138 323 1784 360">
    <p class='ocr_par' dir='ltr' id='par_1_27' title="bbox 1138 323 1784 360">
     <span class='ocr_line' id='line_1_27' title="bbox 1138 323 1784 360; baseline -0.002 -8"><span class='ocrx_word' id='word_1_156' title='bbox 1138 325 1272 352; x_wconf 84' lang='grc' dir='ltr'>Συνόὸου</span> <span class='ocrx_word' id='word_1_157' title='bbox 1282 326 1627 358; x_wconf 73' lang='grc' dir='ltr'>Κωνσταντινουπόλεως</span> <span class='ocrx_word' id='word_1_158' title='bbox 1635 323 1737 352; x_wconf 68' lang='grc' dir='ltr'>κανὼν</span> <span class='ocrx_word' id='word_1_159' title='bbox 1750 323 1784 360; x_wconf 86' lang='grc' dir='ltr'><strong>β’.</strong></span> 
     </span>
    </p>
   </div>
   <div class='ocr_carea' id='block_1_28' title="bbox 1103 369 1782 407">
    <p class='ocr_par' dir='ltr' id='par_1_28' title="bbox 1103 369 1782 407">
     <span class='ocr_line' id='line_1_28' title="bbox 1103 369 1782 407; baseline -0.001 -8"><span class='ocrx_word' id='word_1_160' title='bbox 1103 369 1137 406; x_wconf 84' lang='grc' dir='ltr'><strong>β’.</strong></span> <span class='ocrx_word' id='word_1_161' title='bbox 1155 371 1224 403; x_wconf 75' lang='grc' dir='ltr'>Τοὺς</span> <span class='ocrx_word' id='word_1_162' title='bbox 1247 371 1317 407; x_wconf 83' lang='grc' dir='ltr'>ὑπὲρ</span> <span class='ocrx_word' id='word_1_163' title='bbox 1333 371 1464 407; x_wconf 84' lang='grc' dir='ltr'>διοίκησιν</span> <span class='ocrx_word' id='word_1_164' title='bbox 1477 371 1652 403; x_wconf 64' lang='grc' dir='ltr'>ἐπισκόπους,</span> <span class='ocrx_word' id='word_1_165' title='bbox 1669 379 1698 398; x_wconf 88' lang='grc' dir='ltr'>κ.</span> <span class='ocrx_word' id='word_1_166' title='bbox 1712 378 1740 398; x_wconf 84' lang='grc' dir='ltr'>τ.</span> <span class='ocrx_word' id='word_1_167' title='bbox 1757 369 1782 398; x_wconf 88' lang='grc' dir='ltr'>λ.</span> 
     </span>
    </p>
   </div>
   <div class='ocr_carea' id='block_1_29' title="bbox 1163 468 1750 503">
    <p class='ocr_par' dir='ltr' id='par_1_29' title="bbox 1163 468 1750 503">
     <span class='ocr_line' id='line_1_29' title="bbox 1163 468 1750 503; baseline 0 -8"><span class='ocrx_word' id='word_1_168' title='bbox 1163 468 1299 496; x_wconf 80' lang='grc' dir='ltr'>Συνόδου</span> <span class='ocrx_word' id='word_1_169' title='bbox 1314 468 1507 503; x_wconf 80' lang='grc' dir='ltr'><strong>Χαλκηδόνος</strong></span> <span class='ocrx_word' id='word_1_170' title='bbox 1522 469 1622 497; x_wconf 80' lang='grc' dir='ltr'>κανὼν</span> <span class='ocrx_word' id='word_1_171' title='bbox 1637 471 1682 503; x_wconf 85' lang='grc' dir='ltr'>ιγ’,</span> <span class='ocrx_word' id='word_1_172' title='bbox 1697 471 1750 502; x_wconf 85' lang='grc' dir='ltr'>κγ’.</span> 
     </span>
    </p>
   </div>
   <div class='ocr_carea' id='block_1_30' title="bbox 1104 513 1842 550">
    <p class='ocr_par' dir='ltr' id='par_1_30' title="bbox 1104 513 1842 550">
     <span class='ocr_line' id='line_1_30' title="bbox 1104 513 1842 550; baseline 0 -10"><span class='ocrx_word' id='word_1_173' title='bbox 1104 517 1148 548; x_wconf 91' lang='grc' dir='ltr'>ιγ’.</span> <span class='ocrx_word' id='word_1_174' title='bbox 1165 514 1263 546; x_wconf 75' lang='grc' dir='ltr'>Ξένους</span> <span class='ocrx_word' id='word_1_175' title='bbox 1276 514 1423 550; x_wconf 78' lang='grc' dir='ltr'>κληρικοὺς</span> <span class='ocrx_word' id='word_1_176' title='bbox 1440 515 1487 541; x_wconf 77' lang='grc' dir='ltr'>καὶ</span> <span class='ocrx_word' id='word_1_177' title='bbox 1500 514 1686 548; x_wconf 84' lang='grc' dir='ltr'>ἀναγνώστας,</span> <span class='ocrx_word' id='word_1_178' title='bbox 1717 513 1747 540; x_wconf 71' lang='grc' dir='ltr'>ἐν</span> <span class='ocrx_word' id='word_1_179' title='bbox 1760 513 1842 550; x_wconf 67' lang='grc' dir='ltr'>ἑτέρᾳ</span> 
     </span>
    </p>
   </div>
   <div class='ocr_carea' id='block_1_31' title="bbox 1068 556 1850 594">
    <p class='ocr_par' dir='ltr' id='par_1_31' title="bbox 1068 556 1850 594">
     <span class='ocr_line' id='line_1_31' title="bbox 1068 556 1850 594; baseline 0 -9"><span class='ocrx_word' id='word_1_180' title='bbox 1068 558 1145 585; x_wconf 76' lang='grc' dir='ltr'>πόλει</span> <span class='ocrx_word' id='word_1_181' title='bbox 1160 558 1221 594; x_wconf 90' lang='grc' dir='ltr'>δίχα</span> <span class='ocrx_word' id='word_1_182' title='bbox 1235 558 1405 585; x_wconf 79' lang='grc' dir='ltr'><strong>συστατικῶν</strong></span> <span class='ocrx_word' id='word_1_183' title='bbox 1431 558 1604 594; x_wconf 82' lang='grc' dir='ltr'><strong>γραμμάτων</strong></span> <span class='ocrx_word' id='word_1_184' title='bbox 1628 559 1676 585; x_wconf 84' lang='grc' dir='ltr'><strong>τοῦ</strong></span> <span class='ocrx_word' id='word_1_185' title='bbox 1697 556 1763 586; x_wconf 84' lang='grc' dir='ltr'>ιδίου</span> <span class='ocrx_word' id='word_1_186' title='bbox 1787 558 1850 585; x_wconf 71' lang='grc' dir='ltr'>ἑπι-</span> 
     </span>
    </p>
   </div>
   <div class='ocr_carea' id='block_1_32' title="bbox 1069 604 1691 640">
    <p class='ocr_par' dir='ltr' id='par_1_32' title="bbox 1069 604 1691 640">
     <span class='ocr_line' id='line_1_32' title="bbox 1069 604 1691 640; baseline 0.003 -10"><span class='ocrx_word' id='word_1_187' title='bbox 1069 604 1182 637; x_wconf 86' lang='grc' dir='ltr'>σκόπου,</span> <span class='ocrx_word' id='word_1_188' title='bbox 1199 605 1267 639; x_wconf 81' lang='grc' dir='ltr'>μηδὲ</span> <span class='ocrx_word' id='word_1_189' title='bbox 1286 605 1354 636; x_wconf 80' lang='grc' dir='ltr'>ὅλως</span> <span class='ocrx_word' id='word_1_190' title='bbox 1372 604 1497 640; x_wconf 82' lang='grc' dir='ltr'><strong>μηδαμοῦ</strong></span> <span class='ocrx_word' id='word_1_191' title='bbox 1513 605 1691 639; x_wconf 84' lang='grc' dir='ltr'><strong>λειτουργεῖν.</strong></span> 
     </span>
    </p>
   </div>
   <div class='ocr_carea' id='block_1_33' title="bbox 1062 647 1855 685">
    <p class='ocr_par' dir='ltr' id='par_1_33' title="bbox 1062 647 1855 685">
     <span class='ocr_line' id='line_1_33' title="bbox 1062 647 1855 685; baseline 0 -9"><span class='ocrx_word' id='word_1_192' title='bbox 1062 664 1065 667; x_wconf 76' lang='lat'><strong><em>-</em></strong></span> <span class='ocrx_word' id='word_1_193' title='bbox 1102 648 1156 683; x_wconf 82' lang='grc' dir='ltr'>κγ’.</span> <span class='ocrx_word' id='word_1_194' title='bbox 1175 647 1277 676; x_wconf 83' lang='grc' dir='ltr'>Ἦλθεν</span> <span class='ocrx_word' id='word_1_195' title='bbox 1304 650 1345 681; x_wconf 83' lang='grc' dir='ltr'><strong>είς</strong></span> <span class='ocrx_word' id='word_1_196' title='bbox 1372 650 1458 681; x_wconf 82' lang='grc' dir='ltr'>ἀκοὰς</span> <span class='ocrx_word' id='word_1_197' title='bbox 1483 650 1532 685; x_wconf 87' lang='grc' dir='ltr'>τῆς</span> <span class='ocrx_word' id='word_1_198' title='bbox 1562 650 1643 683; x_wconf 81' lang='grc' dir='ltr'>ἁγίας</span> <span class='ocrx_word' id='word_1_199' title='bbox 1673 649 1792 684; x_wconf 82' lang='grc' dir='ltr'><strong>συνόδου,</strong></span> <span class='ocrx_word' id='word_1_200' title='bbox 1816 649 1855 682; x_wconf 83' lang='grc' dir='ltr'>ὡς</span> 
     </span>
    </p>
   </div>
   <div class='ocr_carea' id='block_1_34' title="bbox 1067 693 1853 730">
    <p class='ocr_par' dir='ltr' id='par_1_34' title="bbox 1067 693 1853 730">
     <span class='ocr_line' id='line_1_34' title="bbox 1067 693 1853 730; baseline 0 -9"><span class='ocrx_word' id='word_1_201' title='bbox 1067 693 1192 729; x_wconf 83' lang='grc' dir='ltr'>κληρικοί</span> <span class='ocrx_word' id='word_1_202' title='bbox 1203 703 1275 725; x_wconf 80' lang='grc' dir='ltr'>τινες</span> <span class='ocrx_word' id='word_1_203' title='bbox 1295 696 1343 722; x_wconf 77' lang='grc' dir='ltr'>καὶ</span> <span class='ocrx_word' id='word_1_204' title='bbox 1357 695 1529 730; x_wconf 78' lang='grc' dir='ltr'><strong>μονάζοντες,</strong></span> <span class='ocrx_word' id='word_1_205' title='bbox 1545 695 1629 730; x_wconf 82' lang='grc' dir='ltr'>μηδὲν</span> <span class='ocrx_word' id='word_1_206' title='bbox 1642 694 1853 730; x_wconf 76' lang='grc' dir='ltr'>ἐγκεχειρισμέ-</span> 
     </span>
    </p>
   </div>
   <div class='ocr_carea' id='block_1_35' title="bbox 1067 739 1855 773">
    <p class='ocr_par' dir='ltr' id='par_1_35' title="bbox 1067 739 1855 773">
     <span class='ocr_line' id='line_1_35' title="bbox 1067 739 1855 773; baseline 0.001 -7"><span class='ocrx_word' id='word_1_207' title='bbox 1067 748 1109 766; x_wconf 83' lang='grc' dir='ltr'><strong>νοι</strong></span> <span class='ocrx_word' id='word_1_208' title='bbox 1123 740 1175 766; x_wconf 71' lang='grc' dir='ltr'>ὑπὸ</span> <span class='ocrx_word' id='word_1_209' title='bbox 1185 739 1233 767; x_wconf 76' lang='grc' dir='ltr'>τοῦ</span> <span class='ocrx_word' id='word_1_210' title='bbox 1244 740 1308 767; x_wconf 85' lang='grc' dir='ltr'>ιδίου</span> <span class='ocrx_word' id='word_1_211' title='bbox 1325 741 1484 773; x_wconf 75' lang='grc' dir='ltr'><strong>ἐπισκόπου,</strong></span> <span class='ocrx_word' id='word_1_212' title='bbox 1500 740 1557 767; x_wconf 80' lang='grc' dir='ltr'>ἐστι</span> <span class='ocrx_word' id='word_1_213' title='bbox 1570 740 1598 767; x_wconf 79' lang='grc' dir='ltr'>δὲ</span> <span class='ocrx_word' id='word_1_214' title='bbox 1610 741 1655 768; x_wconf 82' lang='grc' dir='ltr'>ὅτε</span> <span class='ocrx_word' id='word_1_215' title='bbox 1670 741 1718 768; x_wconf 77' lang='grc' dir='ltr'>καὶ</span> <span class='ocrx_word' id='word_1_216' title='bbox 1737 741 1855 768; x_wconf 80' lang='grc' dir='ltr'>ἀκοινώ-</span> 
     </span>
    </p>
   </div>
   <div class='ocr_carea' id='block_1_36' title="bbox 1068 785 1857 822">
    <p class='ocr_par' dir='ltr' id='par_1_36' title="bbox 1068 785 1857 822">
     <span class='ocr_line' id='line_1_36' title="bbox 1068 785 1857 822; baseline 0.003 -11"><span class='ocrx_word' id='word_1_217' title='bbox 1068 793 1143 820; x_wconf 66' lang='grc' dir='ltr'>νητοι</span> <span class='ocrx_word' id='word_1_218' title='bbox 1158 785 1299 820; x_wconf 81' lang='grc' dir='ltr'>γενόμενοι</span> <span class='ocrx_word' id='word_1_219' title='bbox 1315 785 1380 821; x_wconf 76' lang='grc' dir='ltr'>παρ’</span> <span class='ocrx_word' id='word_1_220' title='bbox 1405 785 1501 818; x_wconf 87' lang='grc' dir='ltr'>αὑτοῦ,</span> <span class='ocrx_word' id='word_1_221' title='bbox 1529 786 1786 821; x_wconf 78' lang='grc' dir='ltr'>καταλαμσάνοντες</span> <span class='ocrx_word' id='word_1_222' title='bbox 1804 785 1857 822; x_wconf 76' lang='grc' dir='ltr'><strong>τὴν</strong></span> 
     </span>
    </p>
   </div>
   <div class='ocr_carea' id='block_1_37' title="bbox 1069 831 1858 866">
    <p class='ocr_par' dir='ltr' id='par_1_37' title="bbox 1069 831 1858 866">
     <span class='ocr_line' id='line_1_37' title="bbox 1069 831 1858 866; baseline 0.001 -9"><span class='ocrx_word' id='word_1_223' title='bbox 1069 831 1265 866; x_wconf 75' lang='grc' dir='ltr'>βασιλεύουσαν</span> <span class='ocrx_word' id='word_1_224' title='bbox 1302 831 1604 864; x_wconf 81' lang='grc' dir='ltr'>Κωνσταντινούπολιν,</span> <span class='ocrx_word' id='word_1_225' title='bbox 1634 832 1681 858; x_wconf 71' lang='grc' dir='ltr'><strong>ἐπὶ</strong></span> <span class='ocrx_word' id='word_1_226' title='bbox 1712 831 1796 858; x_wconf 81' lang='grc' dir='ltr'>πολὺν</span> <span class='ocrx_word' id='word_1_227' title='bbox 1825 831 1858 858; x_wconf 85' lang='grc' dir='ltr'>ὲν</span> 
     </span>
    </p>
   </div>
   <div class='ocr_carea' id='block_1_38' title="bbox 1069 876 1856 912">
    <p class='ocr_par' dir='ltr' id='par_1_38' title="bbox 1069 876 1856 912">
     <span class='ocr_line' id='line_1_38' title="bbox 1069 876 1856 912; baseline 0.001 -10"><span class='ocrx_word' id='word_1_228' title='bbox 1069 877 1138 912; x_wconf 79' lang='grc' dir='ltr'>αὐτῇ</span> <span class='ocrx_word' id='word_1_229' title='bbox 1158 876 1336 912; x_wconf 75' lang='grc' dir='ltr'>διατρίϐουσι,</span> <span class='ocrx_word' id='word_1_230' title='bbox 1364 876 1488 912; x_wconf 83' lang='grc' dir='ltr'>ταραχὰς</span> <span class='ocrx_word' id='word_1_231' title='bbox 1506 877 1687 912; x_wconf 74' lang='grc' dir='ltr'>ἐμποιοῦντες</span> <span class='ocrx_word' id='word_1_232' title='bbox 1702 877 1751 904; x_wconf 61' lang='grc' dir='ltr'><strong>καὶ⁵</strong></span> <span class='ocrx_word' id='word_1_233' title='bbox 1774 876 1856 911; x_wconf 85' lang='grc' dir='ltr'>θορυ-</span> 
     </span>
    </p>
   </div>
   <div class='ocr_carea' id='block_1_39' title="bbox 1068 922 1858 958">
    <p class='ocr_par' dir='ltr' id='par_1_39' title="bbox 1068 922 1858 958">
     <span class='ocr_line' id='line_1_39' title="bbox 1068 922 1858 958; baseline 0 -10"><span class='ocrx_word' id='word_1_234' title='bbox 1068 922 1179 954; x_wconf 73' lang='grc' dir='ltr'>ϐοῦντες</span> <span class='ocrx_word' id='word_1_235' title='bbox 1201 922 1250 955; x_wconf 82' lang='grc' dir='ltr'>τὴν</span> <span class='ocrx_word' id='word_1_236' title='bbox 1272 922 1502 958; x_wconf 83' lang='grc' dir='ltr'>ὲκκλησιαστικὴν</span> <span class='ocrx_word' id='word_1_237' title='bbox 1528 923 1707 955; x_wconf 77' lang='grc' dir='ltr'>κατάστασιν,</span> <span class='ocrx_word' id='word_1_238' title='bbox 1738 922 1858 957; x_wconf 71' lang='grc' dir='ltr'>ἀνατρε-</span> 
     </span>
    </p>
   </div>
   <div class='ocr_carea' id='block_1_40' title="bbox 1065 967 1855 1003">
    <p class='ocr_par' dir='ltr' id='par_1_40' title="bbox 1065 967 1855 1003">
     <span class='ocr_line' id='line_1_40' title="bbox 1065 967 1855 1003; baseline 0 -10"><span class='ocrx_word' id='word_1_239' title='bbox 1065 967 1147 993; x_wconf 77' lang='grc' dir='ltr'>πουσί</span> <span class='ocrx_word' id='word_1_240' title='bbox 1163 975 1194 993; x_wconf 87' lang='grc' dir='ltr'><strong>τε</strong></span> <span class='ocrx_word' id='word_1_241' title='bbox 1209 967 1298 998; x_wconf 85' lang='grc' dir='ltr'>οῐκους</span> <span class='ocrx_word' id='word_1_242' title='bbox 1310 967 1391 993; x_wconf 86' lang='grc' dir='ltr'>τινῶν</span> <span class='ocrx_word' id='word_1_243' title='bbox 1401 975 1409 983; x_wconf 72' lang='grc' dir='ltr'><strong>ο</strong></span> <span class='ocrx_word' id='word_1_244' title='bbox 1424 967 1507 1003; x_wconf 82' lang='grc' dir='ltr'>ὥρισε</span> <span class='ocrx_word' id='word_1_245' title='bbox 1519 967 1607 994; x_wconf 79' lang='grc' dir='ltr'>τοίνυν</span> <span class='ocrx_word' id='word_1_246' title='bbox 1620 969 1637 1003; x_wconf 83' lang='grc' dir='ltr'>ὴ</span> <span class='ocrx_word' id='word_1_247' title='bbox 1650 968 1715 1002; x_wconf 82' lang='grc' dir='ltr'>ἁγία</span> <span class='ocrx_word' id='word_1_248' title='bbox 1733 967 1855 999; x_wconf 78' lang='grc' dir='ltr'>σύνοδος,</span> 
     </span>
    </p>
   </div>
   <div class='ocr_carea' id='block_1_41' title="bbox 1065 1011 1860 1048">
    <p class='ocr_par' dir='ltr' id='par_1_41' title="bbox 1065 1011 1860 1048">
     <span class='ocr_line' id='line_1_41' title="bbox 1065 1011 1860 1048; baseline 0.001 -10"><span class='ocrx_word' id='word_1_249' title='bbox 1065 1013 1129 1043; x_wconf 66' lang='grc' dir='ltr'>τοὺς</span> <span class='ocrx_word' id='word_1_250' title='bbox 1149 1011 1286 1043; x_wconf 80' lang='grc' dir='ltr'>τοιούτους</span> <span class='ocrx_word' id='word_1_251' title='bbox 1310 1012 1572 1047; x_wconf 83' lang='grc' dir='ltr'>ὑπομιμνήσκεσθαι</span> <span class='ocrx_word' id='word_1_252' title='bbox 1600 1013 1649 1047; x_wconf 86' lang='grc' dir='ltr'><strong>μὲν</strong></span> <span class='ocrx_word' id='word_1_253' title='bbox 1666 1012 1799 1048; x_wconf 84' lang='grc' dir='ltr'>πρότερον</span> <span class='ocrx_word' id='word_1_254' title='bbox 1813 1012 1860 1039; x_wconf 76' lang='grc' dir='ltr'>διὰ</span> 
     </span>
    </p>
   </div>
   <div class='ocr_carea' id='block_1_42' title="bbox 1065 1056 1859 1092">
    <p class='ocr_par' dir='ltr' id='par_1_42' title="bbox 1065 1056 1859 1092">
     <span class='ocr_line' id='line_1_42' title="bbox 1065 1056 1859 1092; baseline 0.003 -9"><span class='ocrx_word' id='word_1_255' title='bbox 1065 1056 1112 1083; x_wconf 75' lang='grc' dir='ltr'>τοῦ</span> <span class='ocrx_word' id='word_1_256' title='bbox 1130 1057 1238 1084; x_wconf 77' lang='grc' dir='ltr'>ἑκδίκου</span> <span class='ocrx_word' id='word_1_257' title='bbox 1261 1057 1312 1091; x_wconf 87' lang='grc' dir='ltr'>τῆς</span> <span class='ocrx_word' id='word_1_258' title='bbox 1334 1057 1405 1084; x_wconf 79' lang='grc' dir='ltr'>κατὰ</span> <span class='ocrx_word' id='word_1_259' title='bbox 1421 1058 1713 1085; x_wconf 81' lang='grc' dir='ltr'>Κωνσταντινούπολιν</span> <span class='ocrx_word' id='word_1_260' title='bbox 1736 1058 1859 1092; x_wconf 78' lang='grc' dir='ltr'>ἁγιωτά-</span> 
     </span>
    </p>
   </div>
   <div class='ocr_carea' id='block_1_43' title="bbox 1064 1102 1861 1140">
    <p class='ocr_par' dir='ltr' id='par_1_43' title="bbox 1064 1102 1861 1140">
     <span class='ocr_line' id='line_1_43' title="bbox 1064 1102 1861 1140; baseline 0.003 -11"><span class='ocrx_word' id='word_1_261' title='bbox 1064 1111 1115 1138; x_wconf 86' lang='grc' dir='ltr'><strong>της</strong></span> <span class='ocrx_word' id='word_1_262' title='bbox 1140 1102 1316 1138; x_wconf 83' lang='grc' dir='ltr'>Ἐκκλησίας,</span> <span class='ocrx_word' id='word_1_263' title='bbox 1335 1103 1382 1129; x_wconf 74' lang='grc' dir='ltr'><strong>ἐπὶ</strong></span> <span class='ocrx_word' id='word_1_264' title='bbox 1399 1103 1437 1138; x_wconf 85' lang='grc' dir='ltr'>τῷ</span> <span class='ocrx_word' id='word_1_265' title='bbox 1451 1103 1571 1135; x_wconf 71' lang='grc' dir='ltr'>ἐξελθεῖν</span> <span class='ocrx_word' id='word_1_266' title='bbox 1586 1104 1636 1139; x_wconf 82' lang='grc' dir='ltr'><strong>τῆς</strong></span> <span class='ocrx_word' id='word_1_267' title='bbox 1662 1103 1861 1140; x_wconf 78' lang='grc' dir='ltr'>βασιλευούσης</span> 
     </span>
    </p>
   </div>
   <div class='ocr_carea' id='block_1_44' title="bbox 1066 1148 1860 1186">
    <p class='ocr_par' dir='ltr' id='par_1_44' title="bbox 1066 1148 1860 1186">
     <span class='ocr_line' id='line_1_44' title="bbox 1066 1148 1860 1186; baseline 0.003 -12"><span class='ocrx_word' id='word_1_268' title='bbox 1066 1148 1182 1180; x_wconf 80' lang='grc' dir='ltr'>πόλεως.</span> <span class='ocrx_word' id='word_1_269' title='bbox 1214 1149 1245 1176; x_wconf 84' lang='lat' dir='ltr'><strong>El</strong></span> <span class='ocrx_word' id='word_1_270' title='bbox 1275 1149 1305 1175; x_wconf 80' lang='grc' dir='ltr'>δὲ</span> <span class='ocrx_word' id='word_1_271' title='bbox 1330 1150 1388 1181; x_wconf 85' lang='grc' dir='ltr'>τοῖς</span> <span class='ocrx_word' id='word_1_272' title='bbox 1409 1150 1503 1181; x_wconf 78' lang='grc' dir='ltr'>αὐτοῖς</span> <span class='ocrx_word' id='word_1_273' title='bbox 1528 1150 1691 1185; x_wconf 83' lang='grc' dir='ltr'>πράγμασιν</span> <span class='ocrx_word' id='word_1_274' title='bbox 1703 1150 1860 1186; x_wconf 68' lang='grc' dir='ltr'>επιμένοιεν</span> 
     </span>
    </p>
   </div>
   <div class='ocr_carea' id='block_1_45' title="bbox 227 1189 1860 1231">
    <p class='ocr_par' dir='ltr' id='par_1_45' title="bbox 227 1189 1860 1231">
     <span class='ocr_line' id='line_1_45' title="bbox 227 1189 1860 1231; baseline 0.004 -15"><span class='ocrx_word' id='word_1_275' title='bbox 227 1189 478 1224; x_wconf 78' lang='grc' dir='ltr'>ἀναισχυντοῦντες,</span> <span class='ocrx_word' id='word_1_276' title='bbox 494 1190 542 1216; x_wconf 78' lang='grc' dir='ltr'><strong>καὶ</strong></span> <span class='ocrx_word' id='word_1_277' title='bbox 557 1190 673 1221; x_wconf 75' lang='grc' dir='ltr'>ἄκοντας</span> <span class='ocrx_word' id='word_1_278' title='bbox 689 1189 787 1222; x_wconf 78' lang='grc' dir='ltr'>αὐτοὺς</span> <span class='ocrx_word' id='word_1_279' title='bbox 802 1190 846 1218; x_wconf 78' lang='grc' dir='ltr'>διὰ</span> <span class='ocrx_word' id='word_1_280' title='bbox 857 1191 906 1218; x_wconf 81' lang='grc' dir='ltr'>τοῦ</span> <span class='ocrx_word' id='word_1_281' title='bbox 919 1192 1003 1219; x_wconf 78' lang='grc' dir='ltr'>αὑτοῦ</span> <span class='ocrx_word' id='word_1_282' title='bbox 1024 1192 1132 1220; x_wconf 79' lang='grc' dir='ltr'>ἑκδίκου</span> <span class='ocrx_word' id='word_1_283' title='bbox 1166 1193 1358 1224; x_wconf 76' lang='grc' dir='ltr'>ὲκὸάλλεσθαι,</span> <span class='ocrx_word' id='word_1_284' title='bbox 1374 1195 1421 1222; x_wconf 84' lang='grc' dir='ltr'>καὶ</span> <span class='ocrx_word' id='word_1_285' title='bbox 1435 1196 1516 1229; x_wconf 46' lang='grc' dir='ltr'>,τοὺς</span> <span class='ocrx_word' id='word_1_286' title='bbox 1531 1195 1614 1228; x_wconf 86' lang='grc' dir='ltr'>ίδίους</span> <span class='ocrx_word' id='word_1_287' title='bbox 1639 1195 1860 1231; x_wconf 72' lang='grc' dir='ltr'>καταλαμϐάνειν</span> 
     </span>
    </p>
   </div>
   <div class='ocr_carea' id='block_1_46' title="bbox 227 1235 337 1266">
    <p class='ocr_par' dir='ltr' id='par_1_46' title="bbox 227 1235 337 1266">
     <span class='ocr_line' id='line_1_46' title="bbox 227 1235 337 1266; baseline 0.018 -5"><span class='ocrx_word' id='word_1_288' title='bbox 227 1235 337 1266; x_wconf 84' lang='grc' dir='ltr'>τόπους.</span> 
     </span>
    </p>
   </div>
   <div class='ocr_carea' id='block_1_47' title="bbox 292 1279 942 1314">
    <p class='ocr_par' dir='ltr' id='par_1_47' title="bbox 292 1279 942 1314">
     <span class='ocr_line' id='line_1_47' title="bbox 292 1279 942 1314; baseline 0.002 -7"><span class='ocrx_word' id='word_1_289' title='bbox 292 1279 406 1307; x_wconf 68' lang='lat' dir='ltr'><strong>Consilii</strong></span> <span class='ocrx_word' id='word_1_290' title='bbox 421 1279 589 1308; x_wconf 66' lang='lat' dir='ltr'><strong>Sardiceast&#39;s</strong></span> <span class='ocrx_word' id='word_1_291' title='bbox 602 1289 713 1308; x_wconf 76' lang='lat' dir='ltr'><strong>canones</strong></span> <span class='ocrx_word' id='word_1_292' title='bbox 730 1281 758 1314; x_wconf 79' lang='lat'><strong>5,</strong></span> <span class='ocrx_word' id='word_1_293' title='bbox 775 1281 818 1314; x_wconf 83' lang='grc' dir='ltr'>Η,</span> <span class='ocrx_word' id='word_1_294' title='bbox 835 1281 880 1314; x_wconf 78' lang='grc'><strong>12,</strong></span> <span class='ocrx_word' id='word_1_295' title='bbox 898 1280 942 1308; x_wconf 85' lang='lat' dir='ltr'><strong>l6.</strong></span> 
     </span>
    </p>
   </div>
   <div class='ocr_carea' id='block_1_48' title="bbox 262 1324 1011 1361">
    <p class='ocr_par' dir='ltr' id='par_1_48' title="bbox 262 1324 1011 1361">
     <span class='ocr_line' id='line_1_48' title="bbox 262 1324 1011 1361; baseline 0.003 -9"><span class='ocrx_word' id='word_1_296' title='bbox 262 1325 290 1352; x_wconf 77' lang='lat'><strong>3.</strong></span> <span class='ocrx_word' id='word_1_297' title='bbox 310 1324 392 1353; x_wconf 87' lang='lat' dir='ltr'><strong>Osius</strong></span> <span class='ocrx_word' id='word_1_298' title='bbox 412 1325 558 1360; x_wconf 85' lang='lat' dir='ltr'><strong>episcopus</strong></span> <span class='ocrx_word' id='word_1_299' title='bbox 580 1325 667 1353; x_wconf 79' lang='lat' dir='ltr'><strong>dixit:</strong></span> <span class='ocrx_word' id='word_1_300' title='bbox 681 1325 739 1354; x_wconf 82' lang='lat' dir='ltr'><strong>Hoc</strong></span> <span class='ocrx_word' id='word_1_301' title='bbox 761 1333 869 1361; x_wconf 83' lang='lat' dir='ltr'><strong>quoque</strong></span> <span class='ocrx_word' id='word_1_302' title='bbox 883 1333 1011 1354; x_wconf 85' lang='lat' dir='ltr'><strong>necessa-</strong></span> 
     </span>
    </p>
   </div>
   <div class='ocr_carea' id='block_1_49' title="bbox 228 1372 889 1408">
    <p class='ocr_par' dir='ltr' id='par_1_49' title="bbox 228 1372 889 1408">
     <span class='ocr_line' id='line_1_49' title="bbox 228 1372 889 1408; baseline 0.003 -9"><span class='ocrx_word' id='word_1_303' title='bbox 228 1373 270 1400; x_wconf 91' lang='lat' dir='ltr'><strong>rio</strong></span> <span class='ocrx_word' id='word_1_304' title='bbox 279 1378 322 1400; x_wconf 87' lang='lat' dir='ltr'><strong>est</strong></span> <span class='ocrx_word' id='word_1_305' title='bbox 333 1372 525 1406; x_wconf 86' lang='lat' dir='ltr'><strong>adjiciendum,</strong></span> <span class='ocrx_word' id='word_1_306' title='bbox 538 1377 592 1400; x_wconf 87' lang='lat' dir='ltr'><strong>etc.</strong></span> <span class='ocrx_word' id='word_1_307' title='bbox 610 1376 638 1399; x_wconf 85' lang='grc' dir='ltr'><strong>ιιι</strong></span> <span class='ocrx_word' id='word_1_308' title='bbox 655 1381 736 1406; x_wconf 80' lang='lat' dir='ltr'><strong>supra</strong></span> <span class='ocrx_word' id='word_1_309' title='bbox 746 1381 807 1408; x_wconf 84' lang='lat' dir='ltr'><strong>pag.</strong></span> <span class='ocrx_word' id='word_1_310' title='bbox 826 1374 889 1401; x_wconf 71' lang='grc'><strong>471.</strong></span> 
     </span>
    </p>
   </div>
   <div class='ocr_carea' id='block_1_50' title="bbox 264 1417 1020 1454">
    <p class='ocr_par' dir='ltr' id='par_1_50' title="bbox 264 1417 1020 1454">
     <span class='ocr_line' id='line_1_50' title="bbox 264 1417 1020 1454; baseline 0.005 -9"><span class='ocrx_word' id='word_1_311' title='bbox 264 1417 307 1445; x_wconf 81' lang='lat' dir='ltr'><strong>ll.</strong></span> <span class='ocrx_word' id='word_1_312' title='bbox 327 1417 425 1445; x_wconf 83' lang='lat' dir='ltr'><strong>Hosius</strong></span> <span class='ocrx_word' id='word_1_313' title='bbox 437 1418 581 1453; x_wconf 89' lang='lat' dir='ltr'><strong>episcopus</strong></span> <span class='ocrx_word' id='word_1_314' title='bbox 598 1418 667 1446; x_wconf 80' lang='lat' dir='ltr'><strong>dixit</strong></span> <span class='ocrx_word' id='word_1_315' title='bbox 681 1427 688 1445; x_wconf 83' lang='lat'><strong>:</strong></span> <span class='ocrx_word' id='word_1_316' title='bbox 703 1418 761 1446; x_wconf 89' lang='lat' dir='ltr'><strong>Hoc</strong></span> <span class='ocrx_word' id='word_1_317' title='bbox 775 1426 885 1454; x_wconf 85' lang='lat' dir='ltr'><strong>quoque</strong></span> <span class='ocrx_word' id='word_1_318' title='bbox 905 1419 1020 1449; x_wconf 78' lang='lat' dir='ltr'><strong>deﬁnire</strong></span> 
     </span>
    </p>
   </div>
   <div class='ocr_carea' id='block_1_51' title="bbox 228 1463 732 1501">
    <p class='ocr_par' dir='ltr' id='par_1_51' title="bbox 228 1463 732 1501">
     <span class='ocr_line' id='line_1_51' title="bbox 228 1463 732 1501; baseline 0.004 -10"><span class='ocrx_word' id='word_1_319' title='bbox 228 1463 369 1496; x_wconf 87' lang='lat' dir='ltr'><strong>debemus,</strong></span> <span class='ocrx_word' id='word_1_320' title='bbox 381 1469 446 1497; x_wconf 65' lang='grc' dir='ltr'>διο..</span> <span class='ocrx_word' id='word_1_321' title='bbox 459 1469 489 1492; x_wconf 79' lang='grc' dir='ltr'><strong>ιιι</strong></span> <span class='ocrx_word' id='word_1_322' title='bbox 502 1473 582 1500; x_wconf 79' lang='lat' dir='ltr'><strong>supra</strong></span> <span class='ocrx_word' id='word_1_323' title='bbox 593 1473 655 1501; x_wconf 84' lang='lat' dir='ltr'><strong>pag.</strong></span> <span class='ocrx_word' id='word_1_324' title='bbox 669 1464 732 1493; x_wconf 77' lang='lat'><strong>606.</strong></span> 
     </span>
    </p>
   </div>
   <div class='ocr_carea' id='block_1_52' title="bbox 263 1509 1022 1547">
    <p class='ocr_par' dir='ltr' id='par_1_52' title="bbox 263 1509 1022 1547">
     <span class='ocr_line' id='line_1_52' title="bbox 263 1509 1022 1547; baseline 0.004 -10"><span class='ocrx_word' id='word_1_325' title='bbox 263 1509 408 1539; x_wconf 57' lang='lat' dir='ltr'><strong>iﬁllosius</strong></span> <span class='ocrx_word' id='word_1_326' title='bbox 419 1511 562 1546; x_wconf 86' lang='lat' dir='ltr'><strong>episcopus</strong></span> <span class='ocrx_word' id='word_1_327' title='bbox 569 1512 724 1545; x_wconf 80' lang='lat' dir='ltr'><strong>dixitzQuia</strong></span> <span class='ocrx_word' id='word_1_328' title='bbox 736 1512 802 1540; x_wconf 85' lang='lat' dir='ltr'><strong>nihil</strong></span> <span class='ocrx_word' id='word_1_329' title='bbox 811 1516 852 1539; x_wconf 88' lang='lat' dir='ltr'><strong>est</strong></span> <span class='ocrx_word' id='word_1_330' title='bbox 861 1512 1022 1547; x_wconf 72' lang='lat' dir='ltr'><strong>praetermit-</strong></span> 
     </span>
    </p>
   </div>
   <div class='ocr_carea' id='block_1_53' title="bbox 1133 1282 1784 1320">
    <p class='ocr_par' dir='ltr' id='par_1_53' title="bbox 1133 1282 1784 1320">
     <span class='ocr_line' id='line_1_53' title="bbox 1133 1282 1784 1320; baseline 0.003 -10"><span class='ocrx_word' id='word_1_331' title='bbox 1133 1282 1268 1312; x_wconf 80' lang='grc' dir='ltr'>Συνόδου</span> <span class='ocrx_word' id='word_1_332' title='bbox 1279 1282 1427 1318; x_wconf 79' lang='grc' dir='ltr'>Σαρδικῆς</span> <span class='ocrx_word' id='word_1_333' title='bbox 1441 1284 1542 1311; x_wconf 77' lang='grc' dir='ltr'>κανὼν</span> <span class='ocrx_word' id='word_1_334' title='bbox 1554 1287 1590 1318; x_wconf 88' lang='grc' dir='ltr'>γ’,</span> <span class='ocrx_word' id='word_1_335' title='bbox 1606 1283 1652 1317; x_wconf 89' lang='grc' dir='ltr'>ια’,</span> <span class='ocrx_word' id='word_1_336' title='bbox 1671 1284 1714 1320; x_wconf 85' lang='grc' dir='ltr'>ιβ’,</span> <span class='ocrx_word' id='word_1_337' title='bbox 1729 1288 1784 1318; x_wconf 82' lang='grc' dir='ltr'>ις’.</span> 
     </span>
    </p>
   </div>
   <div class='ocr_carea' id='block_1_54' title="bbox 1100 1328 1898 1367">
    <p class='ocr_par' dir='ltr' id='par_1_54' title="bbox 1100 1328 1898 1367">
     <span class='ocr_line' id='line_1_54' title="bbox 1100 1328 1898 1367; baseline 0.003 -10"><span class='ocrx_word' id='word_1_338' title='bbox 1100 1328 1137 1363; x_wconf 60' lang='lat'><strong>1’.</strong></span> <span class='ocrx_word' id='word_1_339' title='bbox 1154 1329 1248 1361; x_wconf 86' lang='grc' dir='ltr'>ὀσιος</span> <span class='ocrx_word' id='word_1_340' title='bbox 1263 1329 1413 1362; x_wconf 68' lang='grc' dir='ltr'>ἐπίσκοπος</span> <span class='ocrx_word' id='word_1_341' title='bbox 1427 1329 1504 1358; x_wconf 82' lang='grc' dir='ltr'>εῖπεν</span> <span class='ocrx_word' id='word_1_342' title='bbox 1513 1339 1521 1347; x_wconf 86' lang='grc'>·</span> <span class='ocrx_word' id='word_1_343' title='bbox 1543 1330 1704 1365; x_wconf 80' lang='grc' dir='ltr'>Ἀναγκαῖον</span> <span class='ocrx_word' id='word_1_344' title='bbox 1715 1331 1763 1358; x_wconf 79' lang='grc' dir='ltr'><strong>καὶ</strong></span> <span class='ocrx_word' id='word_1_345' title='bbox 1778 1330 1861 1359; x_wconf 73' lang='grc' dir='ltr'>τοῧτο</span> <span class='ocrx_word' id='word_1_346' title='bbox 1891 1360 1898 1367; x_wconf 30' lang='grc' dir='ltr'><strong>κ</strong></span> 
     </span>
    </p>
   </div>
   <div class='ocr_carea' id='block_1_55' title="bbox 1065 1375 1386 1411">
    <p class='ocr_par' dir='ltr' id='par_1_55' title="bbox 1065 1375 1386 1411">
     <span class='ocr_line' id='line_1_55' title="bbox 1065 1375 1386 1411; baseline 0.006 -10"><span class='ocrx_word' id='word_1_347' title='bbox 1065 1375 1260 1411; x_wconf 79' lang='grc' dir='ltr'>προστεθῆναι,</span> <span class='ocrx_word' id='word_1_348' title='bbox 1272 1384 1300 1403; x_wconf 92' lang='grc' dir='ltr'>κ.</span> <span class='ocrx_word' id='word_1_349' title='bbox 1315 1384 1342 1403; x_wconf 89' lang='grc' dir='ltr'>τ.</span> <span class='ocrx_word' id='word_1_350' title='bbox 1360 1376 1386 1403; x_wconf 94' lang='grc' dir='ltr'>λ.</span> 
     </span>
    </p>
   </div>
   <div class='ocr_carea' id='block_1_56' title="bbox 1103 1419 1859 1457">
    <p class='ocr_par' dir='ltr' id='par_1_56' title="bbox 1103 1419 1859 1457">
     <span class='ocr_line' id='line_1_56' title="bbox 1103 1419 1859 1457; baseline 0.001 -10"><span class='ocrx_word' id='word_1_351' title='bbox 1103 1424 1146 1450; x_wconf 84' lang='grc' dir='ltr'>ια’.</span> <span class='ocrx_word' id='word_1_352' title='bbox 1164 1421 1257 1453; x_wconf 83' lang='grc' dir='ltr'>ὀσιος</span> <span class='ocrx_word' id='word_1_353' title='bbox 1277 1421 1425 1453; x_wconf 74' lang='grc' dir='ltr'>ἐπίσκοπος</span> <span class='ocrx_word' id='word_1_354' title='bbox 1441 1419 1514 1447; x_wconf 65' lang='grc' dir='ltr'>εἶπε*</span> <span class='ocrx_word' id='word_1_355' title='bbox 1538 1421 1594 1449; x_wconf 74' lang='grc' dir='ltr'><strong>Καὶ</strong></span> <span class='ocrx_word' id='word_1_356' title='bbox 1620 1420 1699 1448; x_wconf 83' lang='grc' dir='ltr'>τοῦτο</span> <span class='ocrx_word' id='word_1_357' title='bbox 1713 1421 1742 1448; x_wconf 83' lang='grc' dir='ltr'><strong>δὲ</strong></span> <span class='ocrx_word' id='word_1_358' title='bbox 1764 1421 1859 1457; x_wconf 83' lang='grc' dir='ltr'>ὁρίσαι</span> 
     </span>
    </p>
   </div>
   <div class='ocr_carea' id='block_1_57' title="bbox 1067 1463 1609 1499">
    <p class='ocr_par' dir='ltr' id='par_1_57' title="bbox 1067 1463 1609 1499">
     <span class='ocr_line' id='line_1_57' title="bbox 1067 1463 1609 1499; baseline 0.009 -10"><span class='ocrx_word' id='word_1_359' title='bbox 1067 1463 1230 1499; x_wconf 56' lang='grc' dir='ltr'>ὀφείλομεν,</span> <span class='ocrx_word' id='word_1_360' title='bbox 1240 1464 1284 1492; x_wconf 83' lang='grc' dir='ltr'><strong>ῖνα</strong></span> <span class='ocrx_word' id='word_1_361' title='bbox 1295 1465 1309 1492; x_wconf 76' lang='grc' dir='ltr'><em>ὁ</em></span> <span class='ocrx_word' id='word_1_362' title='bbox 1326 1465 1484 1499; x_wconf 76' lang='grc' dir='ltr'>ἐπίσκοπος,</span> <span class='ocrx_word' id='word_1_363' title='bbox 1500 1474 1530 1493; x_wconf 91' lang='grc' dir='ltr'>κ.</span> <span class='ocrx_word' id='word_1_364' title='bbox 1546 1474 1573 1494; x_wconf 87' lang='grc' dir='ltr'>τ.</span> <span class='ocrx_word' id='word_1_365' title='bbox 1583 1465 1609 1494; x_wconf 89' lang='grc' dir='ltr'>λ.</span> 
     </span>
    </p>
   </div>
   <div class='ocr_carea' id='block_1_58' title="bbox 1106 1509 1860 1547">
    <p class='ocr_par' dir='ltr' id='par_1_58' title="bbox 1106 1509 1860 1547">
     <span class='ocr_line' id='line_1_58' title="bbox 1106 1509 1860 1547; baseline 0.001 -10"><span class='ocrx_word' id='word_1_366' title='bbox 1106 1509 1151 1546; x_wconf 76' lang='grc' dir='ltr'><strong>ιβ’.</strong></span> <span class='ocrx_word' id='word_1_367' title='bbox 1179 1511 1272 1542; x_wconf 87' lang='grc' dir='ltr'>Ὀσιος</span> <span class='ocrx_word' id='word_1_368' title='bbox 1298 1511 1448 1543; x_wconf 75' lang='grc' dir='ltr'>ἐπίσκοπος</span> <span class='ocrx_word' id='word_1_369' title='bbox 1476 1509 1563 1538; x_wconf 76' lang='grc' dir='ltr'>εἶπεν·</span> <span class='ocrx_word' id='word_1_370' title='bbox 1585 1511 1694 1547; x_wconf 82' lang='grc' dir='ltr'>Ἐπειδὴ</span> <span class='ocrx_word' id='word_1_371' title='bbox 1709 1511 1785 1538; x_wconf 71' lang='grc' dir='ltr'>οὐδέν</span> <span class='ocrx_word' id='word_1_372' title='bbox 1798 1510 1860 1539; x_wconf 73' lang='grc' dir='ltr'>ἐστι</span> 
     </span>
    </p>
   </div>
   <div class='ocr_carea' id='block_1_59' title="bbox 230 1556 1018 1594">
    <p class='ocr_par' dir='ltr' id='par_1_59' title="bbox 230 1556 1018 1594">
     <span class='ocr_line' id='line_1_59' title="bbox 230 1556 1018 1594; baseline 0.001 -9"><span class='ocrx_word' id='word_1_373' title='bbox 230 1558 352 1591; x_wconf 88' lang='lat' dir='ltr'><strong>tendum,</strong></span> <span class='ocrx_word' id='word_1_374' title='bbox 365 1557 443 1593; x_wconf 77' lang='lat'><strong>195</strong></span> <span class='ocrx_word' id='word_1_375' title='bbox 454 1560 504 1586; x_wconf 80' lang='lat' dir='ltr'><strong>IIOO</strong></span> <span class='ocrx_word' id='word_1_376' title='bbox 514 1566 622 1594; x_wconf 87' lang='lat' dir='ltr'><strong>quoque</strong></span> <span class='ocrx_word' id='word_1_377' title='bbox 630 1559 784 1586; x_wconf 88' lang='lat' dir='ltr'><strong>detiniatur.</strong></span> <span class='ocrx_word' id='word_1_378' title='bbox 797 1559 912 1591; x_wconf 82' lang='lat' dir='ltr'><strong>Quidam</strong></span> <span class='ocrx_word' id='word_1_379' title='bbox 919 1556 1018 1586; x_wconf 82' lang='lat' dir='ltr'><strong>fratres</strong></span> 
     </span>
    </p>
   </div>
   <div class='ocr_carea' id='block_1_60' title="bbox 1075 1556 1862 1594">
    <p class='ocr_par' dir='ltr' id='par_1_60' title="bbox 1075 1556 1862 1593">
     <span class='ocr_line' id='line_1_60' title="bbox 1075 1556 1862 1593; baseline 0 -10"><span class='ocrx_word' id='word_1_380' title='bbox 1075 1556 1271 1592; x_wconf 77' lang='grc' dir='ltr'>παραλειπτέον</span> <span class='ocrx_word' id='word_1_381' title='bbox 1281 1564 1289 1572; x_wconf 91' lang='grc'><strong>·</strong></span> <span class='ocrx_word' id='word_1_382' title='bbox 1304 1557 1351 1583; x_wconf 76' lang='grc' dir='ltr'>καὶ</span> <span class='ocrx_word' id='word_1_383' title='bbox 1362 1557 1440 1583; x_wconf 86' lang='grc' dir='ltr'>τοῦτο</span> <span class='ocrx_word' id='word_1_384' title='bbox 1452 1557 1601 1593; x_wconf 79' lang='grc' dir='ltr'>ὁρισθήτω⁸</span> <span class='ocrx_word' id='word_1_385' title='bbox 1618 1557 1697 1589; x_wconf 76' lang='grc' dir='ltr'>Τινὲς</span> <span class='ocrx_word' id='word_1_386' title='bbox 1709 1557 1765 1584; x_wconf 85' lang='grc' dir='ltr'><strong>τῶν</strong></span> <span class='ocrx_word' id='word_1_387' title='bbox 1781 1557 1862 1584; x_wconf 81' lang='grc' dir='ltr'>ἁδελ-</span> 
     </span>
    </p>
   </div>
   <div class='ocr_carea' id='block_1_61' title="bbox 229 1604 1020 1640">
    <p class='ocr_par' dir='ltr' id='par_1_61' title="bbox 229 1604 1020 1640">
     <span class='ocr_line' id='line_1_61' title="bbox 229 1604 1020 1640; baseline -0.001 -8"><span class='ocrx_word' id='word_1_388' title='bbox 229 1605 412 1639; x_wconf 76' lang='lat' dir='ltr'><strong>eteoepiscopi</strong></span> <span class='ocrx_word' id='word_1_389' title='bbox 425 1605 452 1632; x_wconf 94' lang='lat' dir='ltr'><strong>in</strong></span> <span class='ocrx_word' id='word_1_390' title='bbox 461 1604 625 1638; x_wconf 84' lang='lat' dir='ltr'><strong>civitatibus,</strong></span> <span class='ocrx_word' id='word_1_391' title='bbox 644 1605 671 1632; x_wconf 93' lang='lat' dir='ltr'><strong>in</strong></span> <span class='ocrx_word' id='word_1_392' title='bbox 685 1605 905 1640; x_wconf 85' lang='lat' dir='ltr'><strong>quibusepiscopi</strong></span> <span class='ocrx_word' id='word_1_393' title='bbox 916 1604 1020 1632; x_wconf 87' lang='lat' dir='ltr'><strong>consti-</strong></span> 
     </span>
    </p>
   </div>
   <div class='ocr_carea' id='block_1_62' title="bbox 230 1649 1019 1684">
    <p class='ocr_par' dir='ltr' id='par_1_62' title="bbox 230 1649 1019 1684">
     <span class='ocr_line' id='line_1_62' title="bbox 230 1649 1019 1684; baseline -0.001 -7"><span class='ocrx_word' id='word_1_394' title='bbox 230 1650 491 1682; x_wconf 83' lang='lat' dir='ltr'><strong>tuuntur,videntur</strong></span> <span class='ocrx_word' id='word_1_395' title='bbox 500 1650 578 1677; x_wconf 87' lang='lat' dir='ltr'><strong>valde</strong></span> <span class='ocrx_word' id='word_1_396' title='bbox 590 1657 686 1684; x_wconf 89' lang='lat' dir='ltr'><strong>pauca,</strong></span> <span class='ocrx_word' id='word_1_397' title='bbox 697 1657 758 1684; x_wconf 71' lang='lat' dir='ltr'><strong>quae</strong></span> <span class='ocrx_word' id='word_1_398' title='bbox 768 1649 821 1677; x_wconf 90' lang='lat' dir='ltr'><strong>sibi</strong></span> <span class='ocrx_word' id='word_1_399' title='bbox 833 1649 889 1677; x_wconf 87' lang='lat' dir='ltr'><strong>sint</strong></span> <span class='ocrx_word' id='word_1_400' title='bbox 901 1649 1019 1684; x_wconf 86' lang='lat' dir='ltr'><strong>propria,</strong></span> 
     </span>
    </p>
   </div>
   <div class='ocr_carea' id='block_1_63' title="bbox 230 1696 1018 1732">
    <p class='ocr_par' dir='ltr' id='par_1_63' title="bbox 230 1696 1018 1732">
     <span class='ocr_line' id='line_1_63' title="bbox 230 1696 1018 1732; baseline 0.001 -9"><span class='ocrx_word' id='word_1_401' title='bbox 230 1696 382 1732; x_wconf 89' lang='lat' dir='ltr'><strong>possidere;</strong></span> <span class='ocrx_word' id='word_1_402' title='bbox 399 1696 426 1723; x_wconf 88' lang='lat' dir='ltr'><strong>in</strong></span> <span class='ocrx_word' id='word_1_403' title='bbox 441 1696 502 1723; x_wconf 78' lang='lat' dir='ltr'><strong>aliis</strong></span> <span class='ocrx_word' id='word_1_404' title='bbox 510 1701 601 1724; x_wconf 89' lang='lat' dir='ltr'><strong>autem</strong></span> <span class='ocrx_word' id='word_1_405' title='bbox 613 1696 680 1727; x_wconf 84' lang='lat' dir='ltr'><strong>locis</strong></span> <span class='ocrx_word' id='word_1_406' title='bbox 694 1703 807 1731; x_wconf 83' lang='lat' dir='ltr'><strong>magnas</strong></span> <span class='ocrx_word' id='word_1_407' title='bbox 819 1697 1018 1731; x_wconf 86' lang='lat' dir='ltr'><strong>possessiones,</strong></span> 
     </span>
    </p>
   </div>
   <div class='ocr_carea' id='block_1_64' title="bbox 230 1741 1018 1776">
    <p class='ocr_par' dir='ltr' id='par_1_64' title="bbox 230 1741 1018 1776">
     <span class='ocr_line' id='line_1_64' title="bbox 230 1741 1018 1776; baseline 0 -8"><span class='ocrx_word' id='word_1_408' title='bbox 230 1749 263 1769; x_wconf 85' lang='lat' dir='ltr'><strong>ex</strong></span> <span class='ocrx_word' id='word_1_409' title='bbox 279 1741 379 1776; x_wconf 79' lang='lat' dir='ltr'><strong>quibus</strong></span> <span class='ocrx_word' id='word_1_410' title='bbox 394 1741 478 1768; x_wconf 87' lang='lat' dir='ltr'><strong>etiam</strong></span> <span class='ocrx_word' id='word_1_411' title='bbox 501 1745 617 1775; x_wconf 88' lang='lat' dir='ltr'><strong>possunt</strong></span> <span class='ocrx_word' id='word_1_412' title='bbox 637 1749 716 1775; x_wconf 86' lang='lat' dir='ltr'><strong>opem</strong></span> <span class='ocrx_word' id='word_1_413' title='bbox 737 1742 809 1769; x_wconf 78' lang='lat' dir='ltr'><strong>ferre</strong></span> <span class='ocrx_word' id='word_1_414' title='bbox 830 1741 995 1776; x_wconf 80' lang='lat' dir='ltr'><strong>pauperibus</strong></span> <span class='ocrx_word' id='word_1_415' title='bbox 1011 1750 1018 1768; x_wconf 91' lang='lat'><strong>:</strong></span> 
     </span>
    </p>
   </div>
   <div class='ocr_carea' id='block_1_65' title="bbox 231 1786 1019 1821">
    <p class='ocr_par' dir='ltr' id='par_1_65' title="bbox 231 1786 1019 1821">
     <span class='ocr_line' id='line_1_65' title="bbox 231 1786 1019 1821; baseline 0 -7"><span class='ocrx_word' id='word_1_416' title='bbox 231 1788 266 1815; x_wconf 84' lang='lat' dir='ltr'><strong>iis</strong></span> <span class='ocrx_word' id='word_1_417' title='bbox 287 1787 370 1821; x_wconf 75' lang='lat' dir='ltr'><strong>igitur</strong></span> <span class='ocrx_word' id='word_1_418' title='bbox 389 1786 427 1813; x_wconf 89' lang='lat' dir='ltr'><strong>ita</strong></span> <span class='ocrx_word' id='word_1_419' title='bbox 448 1794 508 1814; x_wconf 84' lang='lat' dir='ltr'><strong>esse</strong></span> <span class='ocrx_word' id='word_1_420' title='bbox 532 1787 737 1814; x_wconf 86' lang='lat' dir='ltr'><strong>concedendum</strong></span> <span class='ocrx_word' id='word_1_421' title='bbox 760 1786 872 1821; x_wconf 80' lang='lat' dir='ltr'><strong>judico,</strong></span> <span class='ocrx_word' id='word_1_422' title='bbox 893 1791 924 1814; x_wconf 93' lang='lat' dir='ltr'><strong>ut</strong></span> <span class='ocrx_word' id='word_1_423' title='bbox 946 1787 970 1814; x_wconf 91' lang='lat' dir='ltr'><strong>si</strong></span> <span class='ocrx_word' id='word_1_424' title='bbox 991 1787 1019 1814; x_wconf 92' lang='lat' dir='ltr'><strong>in</strong></span> 
     </span>
    </p>
   </div>
   <div class='ocr_carea' id='block_1_66' title="bbox 232 1831 1020 1867">
    <p class='ocr_par' dir='ltr' id='par_1_66' title="bbox 232 1831 1020 1867">
     <span class='ocr_line' id='line_1_66' title="bbox 232 1831 1020 1867; baseline 0 -7"><span class='ocrx_word' id='word_1_425' title='bbox 232 1839 296 1860; x_wconf 88' lang='lat' dir='ltr'><strong>snas</strong></span> <span class='ocrx_word' id='word_1_426' title='bbox 320 1833 510 1867; x_wconf 82' lang='lat' dir='ltr'><strong>possessiones</strong></span> <span class='ocrx_word' id='word_1_427' title='bbox 535 1832 643 1859; x_wconf 85' lang='lat' dir='ltr'><strong>venturi</strong></span> <span class='ocrx_word' id='word_1_428' title='bbox 668 1836 744 1865; x_wconf 82' lang='lat' dir='ltr'><strong>sunt,</strong></span> <span class='ocrx_word' id='word_1_429' title='bbox 774 1836 802 1860; x_wconf 86' lang='lat' dir='ltr'><strong>et</strong></span> <span class='ocrx_word' id='word_1_430' title='bbox 825 1831 930 1860; x_wconf 81' lang='lat' dir='ltr'><strong>fructus</strong></span> <span class='ocrx_word' id='word_1_431' title='bbox 955 1839 1020 1860; x_wconf 86' lang='lat' dir='ltr'><strong>suos</strong></span> 
     </span>
    </p>
   </div>
   <div class='ocr_carea' id='block_1_67' title="bbox 231 1877 1019 1911">
    <p class='ocr_par' dir='ltr' id='par_1_67' title="bbox 231 1877 1019 1911">
     <span class='ocr_line' id='line_1_67' title="bbox 231 1877 1019 1911; baseline 0.001 -6"><span class='ocrx_word' id='word_1_432' title='bbox 231 1878 382 1911; x_wconf 85' lang='lat' dir='ltr'><strong>eulleeturi,</strong></span> <span class='ocrx_word' id='word_1_433' title='bbox 398 1878 485 1906; x_wconf 85' lang='lat' dir='ltr'><strong>tribus</strong></span> <span class='ocrx_word' id='word_1_434' title='bbox 502 1877 598 1907; x_wconf 86' lang='lat' dir='ltr'><strong>diebus</strong></span> <span class='ocrx_word' id='word_1_435' title='bbox 615 1878 775 1911; x_wconf 88' lang='lat' dir='ltr'><strong>Dominicis.</strong></span> <span class='ocrx_word' id='word_1_436' title='bbox 799 1879 825 1906; x_wconf 94' lang='lat' dir='ltr'><strong>id</strong></span> <span class='ocrx_word' id='word_1_437' title='bbox 850 1884 902 1910; x_wconf 85' lang='lat' dir='ltr'><strong>est,</strong></span> <span class='ocrx_word' id='word_1_438' title='bbox 928 1878 1019 1907; x_wconf 88' lang='lat' dir='ltr'><strong>tribus</strong></span> 
     </span>
    </p>
   </div>
   <div class='ocr_carea' id='block_1_68' title="bbox 233 1924 1019 1960">
    <p class='ocr_par' dir='ltr' id='par_1_68' title="bbox 233 1924 1019 1960">
     <span class='ocr_line' id='line_1_68' title="bbox 233 1924 1019 1960; baseline 0 -8"><span class='ocrx_word' id='word_1_439' title='bbox 233 1924 392 1960; x_wconf 88' lang='lat' dir='ltr'><strong>septimanis</strong></span> <span class='ocrx_word' id='word_1_440' title='bbox 415 1925 442 1952; x_wconf 91' lang='lat' dir='ltr'><strong>in</strong></span> <span class='ocrx_word' id='word_1_441' title='bbox 474 1924 533 1952; x_wconf 88' lang='lat' dir='ltr'><strong>suis</strong></span> <span class='ocrx_word' id='word_1_442' title='bbox 557 1924 777 1960; x_wconf 86' lang='lat' dir='ltr'><strong>possessionibus</strong></span> <span class='ocrx_word' id='word_1_443' title='bbox 801 1925 919 1960; x_wconf 80' lang='lat' dir='ltr'><strong>degant;</strong></span> <span class='ocrx_word' id='word_1_444' title='bbox 941 1929 968 1952; x_wconf 91' lang='lat' dir='ltr'><strong>et</strong></span> <span class='ocrx_word' id='word_1_445' title='bbox 991 1925 1019 1952; x_wconf 93' lang='lat' dir='ltr'><strong>in</strong></span> 
     </span>
    </p>
   </div>
   <div class='ocr_carea' id='block_1_69' title="bbox 232 1966 1019 2006">
    <p class='ocr_par' dir='ltr' id='par_1_69' title="bbox 232 1966 1019 2006">
     <span class='ocr_line' id='line_1_69' title="bbox 232 1966 1019 2006; baseline -0.001 -8"><span class='ocrx_word' id='word_1_446' title='bbox 232 1971 355 1999; x_wconf 78' lang='lat' dir='ltr'><strong>Ecclesia</strong></span> <span class='ocrx_word' id='word_1_447' title='bbox 374 1978 436 2006; x_wconf 76' lang='lat' dir='ltr'><strong>quae</strong></span> <span class='ocrx_word' id='word_1_448' title='bbox 458 1977 542 2005; x_wconf 87' lang='lat' dir='ltr'><strong>prope</strong></span> <span class='ocrx_word' id='word_1_449' title='bbox 555 1974 607 2002; x_wconf 86' lang='lat' dir='ltr'><strong>est,</strong></span> <span class='ocrx_word' id='word_1_450' title='bbox 621 1970 649 1997; x_wconf 94' lang='lat' dir='ltr'><strong>in</strong></span> <span class='ocrx_word' id='word_1_451' title='bbox 663 1978 716 2005; x_wconf 89' lang='lat' dir='ltr'><strong>qua</strong></span> <span class='ocrx_word' id='word_1_452' title='bbox 733 1966 873 2006; x_wconf 69' lang='lat' dir='ltr'><strong>presbyter</strong></span> <span class='ocrx_word' id='word_1_453' title='bbox 889 1970 1019 2005; x_wconf 85' lang='lat' dir='ltr'><strong>populum</strong></span> 
     </span>
    </p>
   </div>
   <div class='ocr_carea' id='block_1_70' title="bbox 231 2016 1018 2052">
    <p class='ocr_par' dir='ltr' id='par_1_70' title="bbox 231 2016 1018 2052">
     <span class='ocr_line' id='line_1_70' title="bbox 231 2016 1018 2052; baseline 0.001 -9"><span class='ocrx_word' id='word_1_454' title='bbox 231 2021 390 2052; x_wconf 81' lang='lat' dir='ltr'><strong>congregat,</strong></span> <span class='ocrx_word' id='word_1_455' title='bbox 406 2023 440 2044; x_wconf 89' lang='lat' dir='ltr'><strong>ne</strong></span> <span class='ocrx_word' id='word_1_456' title='bbox 453 2016 673 2052; x_wconf 77' lang='lat' dir='ltr'><strong>congregationis</strong></span> <span class='ocrx_word' id='word_1_457' title='bbox 685 2024 785 2051; x_wconf 89' lang='lat' dir='ltr'><strong>expers</strong></span> <span class='ocrx_word' id='word_1_458' title='bbox 801 2023 863 2044; x_wconf 83' lang='lat' dir='ltr'><strong>esse</strong></span> <span class='ocrx_word' id='word_1_459' title='bbox 880 2017 1018 2050; x_wconf 84' lang='lat' dir='ltr'><strong>videatur,</strong></span> 
     </span>
    </p>
   </div>
   <div class='ocr_carea' id='block_1_71' title="bbox 232 2061 1018 2096">
    <p class='ocr_par' dir='ltr' id='par_1_71' title="bbox 232 2061 1018 2096">
     <span class='ocr_line' id='line_1_71' title="bbox 232 2061 1018 2096; baseline 0.001 -7"><span class='ocrx_word' id='word_1_460' title='bbox 232 2062 387 2096; x_wconf 87' lang='lat' dir='ltr'><strong>conveniat,</strong></span> <span class='ocrx_word' id='word_1_461' title='bbox 399 2067 427 2090; x_wconf 90' lang='lat' dir='ltr'><strong>et</strong></span> <span class='ocrx_word' id='word_1_462' title='bbox 439 2062 526 2089; x_wconf 78' lang='lat' dir='ltr'><strong>cilicia</strong></span> <span class='ocrx_word' id='word_1_463' title='bbox 540 2061 632 2089; x_wconf 85' lang='lat' dir='ltr'><strong>divina</strong></span> <span class='ocrx_word' id='word_1_464' title='bbox 645 2062 740 2095; x_wconf 82' lang='lat' dir='ltr'><strong>obeat;</strong></span> <span class='ocrx_word' id='word_1_465' title='bbox 756 2066 784 2089; x_wconf 91' lang='lat' dir='ltr'><strong>et</strong></span> <span class='ocrx_word' id='word_1_466' title='bbox 794 2069 829 2089; x_wconf 90' lang='lat' dir='ltr'><strong>ne</strong></span> <span class='ocrx_word' id='word_1_467' title='bbox 847 2062 1018 2096; x_wconf 82' lang='lat' dir='ltr'><strong>frequentius</strong></span> 
     </span>
    </p>
   </div>
   <div class='ocr_carea' id='block_1_72' title="bbox 232 2107 1017 2143">
    <p class='ocr_par' dir='ltr' id='par_1_72' title="bbox 232 2107 1017 2143">
     <span class='ocr_line' id='line_1_72' title="bbox 232 2107 1017 2143; baseline 0 -7"><span class='ocrx_word' id='word_1_468' title='bbox 232 2109 260 2137; x_wconf 87' lang='lat' dir='ltr'><strong>in</strong></span> <span class='ocrx_word' id='word_1_469' title='bbox 274 2108 392 2141; x_wconf 82' lang='lat' dir='ltr'><strong>civitate,</strong></span> <span class='ocrx_word' id='word_1_470' title='bbox 407 2107 435 2135; x_wconf 90' lang='lat' dir='ltr'><strong>in</strong></span> <span class='ocrx_word' id='word_1_471' title='bbox 457 2116 512 2143; x_wconf 88' lang='lat' dir='ltr'><strong>qua</strong></span> <span class='ocrx_word' id='word_1_472' title='bbox 535 2113 577 2136; x_wconf 84' lang='lat' dir='ltr'><strong>est</strong></span> <span class='ocrx_word' id='word_1_473' title='bbox 597 2108 753 2143; x_wconf 86' lang='lat' dir='ltr'><strong>episcopus,</strong></span> <span class='ocrx_word' id='word_1_474' title='bbox 774 2109 857 2136; x_wconf 82' lang='lat' dir='ltr'><strong>absit.</strong></span> <span class='ocrx_word' id='word_1_475' title='bbox 884 2109 922 2136; x_wconf 87' lang='lat' dir='ltr'><strong>Eo</strong></span> <span class='ocrx_word' id='word_1_476' title='bbox 945 2109 1017 2136; x_wconf 89' lang='lat' dir='ltr'><strong>enim</strong></span> 
     </span>
    </p>
   </div>
   <div class='ocr_carea' id='block_1_73' title="bbox 231 2153 1018 2189">
    <p class='ocr_par' dir='ltr' id='par_1_73' title="bbox 231 2153 1018 2189">
     <span class='ocr_line' id='line_1_73' title="bbox 231 2153 1018 2189; baseline 0.001 -8"><span class='ocrx_word' id='word_1_477' title='bbox 231 2154 315 2182; x_wconf 85' lang='lat' dir='ltr'><strong>modo</strong></span> <span class='ocrx_word' id='word_1_478' title='bbox 332 2158 360 2182; x_wconf 86' lang='lat' dir='ltr'><strong>et</strong></span> <span class='ocrx_word' id='word_1_479' title='bbox 381 2161 426 2183; x_wconf 89' lang='lat' dir='ltr'><strong>res</strong></span> <span class='ocrx_word' id='word_1_480' title='bbox 448 2153 509 2188; x_wconf 86' lang='lat' dir='ltr'><strong>ejus</strong></span> <span class='ocrx_word' id='word_1_481' title='bbox 532 2159 642 2189; x_wconf 85' lang='lat' dir='ltr'><strong>propter</strong></span> <span class='ocrx_word' id='word_1_482' title='bbox 664 2154 751 2189; x_wconf 85' lang='lat' dir='ltr'><strong>ipsius</strong></span> <span class='ocrx_word' id='word_1_483' title='bbox 774 2155 925 2182; x_wconf 79' lang='lat' dir='ltr'><strong>absentium</strong></span> <span class='ocrx_word' id='word_1_484' title='bbox 950 2155 1018 2182; x_wconf 83' lang='lat' dir='ltr'><strong>nihil</strong></span> 
     </span>
    </p>
   </div>
   <div class='ocr_carea' id='block_1_74' title="bbox 233 2199 1018 2235">
    <p class='ocr_par' dir='ltr' id='par_1_74' title="bbox 233 2199 1018 2235">
     <span class='ocr_line' id='line_1_74' title="bbox 233 2199 1018 2235; baseline 0 -8"><span class='ocrx_word' id='word_1_485' title='bbox 233 2199 388 2227; x_wconf 85' lang='lat' dir='ltr'><strong>detrimenti</strong></span> <span class='ocrx_word' id='word_1_486' title='bbox 411 2199 558 2235; x_wconf 86' lang='lat' dir='ltr'><strong>patientur,</strong></span> <span class='ocrx_word' id='word_1_487' title='bbox 588 2204 616 2226; x_wconf 90' lang='lat' dir='ltr'><strong>et</strong></span> <span class='ocrx_word' id='word_1_488' title='bbox 642 2199 806 2235; x_wconf 70' lang='lat' dir='ltr'><strong>arrogantiae</strong></span> <span class='ocrx_word' id='word_1_489' title='bbox 829 2207 862 2228; x_wconf 87' lang='lat' dir='ltr'><strong>ac</strong></span> <span class='ocrx_word' id='word_1_490' title='bbox 884 2200 1018 2234; x_wconf 67' lang='lat' dir='ltr'><strong>superbiae</strong></span> 
     </span>
    </p>
   </div>
   <div class='ocr_carea' id='block_1_75' title="bbox 233 2230 1057 2281">
    <p class='ocr_par' dir='ltr' id='par_1_75' title="bbox 233 2230 1057 2281">
     <span class='ocr_line' id='line_1_75' title="bbox 233 2230 1057 2281; baseline -0.001 -8"><span class='ocrx_word' id='word_1_491' title='bbox 233 2246 337 2273; x_wconf 88' lang='lat' dir='ltr'><strong>crimen</strong></span> <span class='ocrx_word' id='word_1_492' title='bbox 354 2245 473 2281; x_wconf 68' lang='lat' dir='ltr'><strong>effugere</strong></span> <span class='ocrx_word' id='word_1_493' title='bbox 492 2245 639 2274; x_wconf 85' lang='lat' dir='ltr'><strong>videbitur.</strong></span> <span class='ocrx_word' id='word_1_494' title='bbox 1030 2230 1057 2260; x_wconf 82' lang='lat' dir='ltr'><strong>D</strong></span> 
     </span>
    </p>
   </div>
   <div class='ocr_carea' id='block_1_76' title="bbox 270 2360 1020 2397">
    <p class='ocr_par' dir='ltr' id='par_1_76' title="bbox 270 2360 1020 2397">
     <span class='ocr_line' id='line_1_76' title="bbox 270 2360 1020 2397; baseline -0.001 -8"><span class='ocrx_word' id='word_1_495' title='bbox 270 2362 371 2390; x_wconf 87' lang='lat' dir='ltr'><strong>Omnes</strong></span> <span class='ocrx_word' id='word_1_496' title='bbox 391 2362 511 2397; x_wconf 89' lang='lat' dir='ltr'><strong>episcopi</strong></span> <span class='ocrx_word' id='word_1_497' title='bbox 531 2362 661 2390; x_wconf 85' lang='lat' dir='ltr'><strong>dixerunt</strong></span> <span class='ocrx_word' id='word_1_498' title='bbox 680 2371 686 2388; x_wconf 89' lang='lat'><strong><em>:</em></strong></span> <span class='ocrx_word' id='word_1_499' title='bbox 712 2360 805 2389; x_wconf 87' lang='lat' dir='ltr'><strong>Placet</strong></span> <span class='ocrx_word' id='word_1_500' title='bbox 824 2361 882 2389; x_wconf 73' lang='lat' dir='ltr'><strong>lucc</strong></span> <span class='ocrx_word' id='word_1_501' title='bbox 910 2368 1020 2396; x_wconf 82' lang='lat' dir='ltr'><strong>quoque</strong></span> 
     </span>
    </p>
   </div>
   <div class='ocr_carea' id='block_1_77' title="bbox 234 2409 405 2438">
    <p class='ocr_par' dir='ltr' id='par_1_77' title="bbox 234 2409 405 2438">
     <span class='ocr_line' id='line_1_77' title="bbox 234 2409 405 2438; baseline -0.018 0"><span class='ocrx_word' id='word_1_502' title='bbox 234 2409 405 2438; x_wconf 88' lang='lat' dir='ltr'><strong>constitutio.</strong></span> 
     </span>
    </p>
   </div>
   <div class='ocr_carea' id='block_1_78' title="bbox 273 2453 1020 2490">
    <p class='ocr_par' dir='ltr' id='par_1_78' title="bbox 273 2453 1020 2490">
     <span class='ocr_line' id='line_1_78' title="bbox 273 2453 1020 2490; baseline 0.001 -8"><span class='ocrx_word' id='word_1_503' title='bbox 273 2454 317 2482; x_wconf 82' lang='lat' dir='ltr'><strong>l6.</strong></span> <span class='ocrx_word' id='word_1_504' title='bbox 339 2454 434 2482; x_wconf 84' lang='lat' dir='ltr'><strong>Aetius</strong></span> <span class='ocrx_word' id='word_1_505' title='bbox 448 2454 594 2489; x_wconf 82' lang='lat' dir='ltr'><strong>episcopus</strong></span> <span class='ocrx_word' id='word_1_506' title='bbox 609 2453 699 2481; x_wconf 81' lang='lat' dir='ltr'><strong>dixit:</strong></span> <span class='ocrx_word' id='word_1_507' title='bbox 717 2453 775 2482; x_wconf 81' lang='lat' dir='ltr'><strong>Non</strong></span> <span class='ocrx_word' id='word_1_508' title='bbox 797 2455 931 2490; x_wconf 80' lang='lat' dir='ltr'><strong>ignoratis</strong></span> <span class='ocrx_word' id='word_1_509' title='bbox 950 2463 1020 2490; x_wconf 91' lang='lat' dir='ltr'><strong>qua-</strong></span> 
     </span>
    </p>
   </div>
   <div class='ocr_carea' id='block_1_79' title="bbox 236 2499 1021 2536">
    <p class='ocr_par' dir='ltr' id='par_1_79' title="bbox 236 2499 1021 2536">
     <span class='ocr_line' id='line_1_79' title="bbox 236 2499 1021 2536; baseline 0 -8"><span class='ocrx_word' id='word_1_510' title='bbox 236 2502 270 2529; x_wconf 82' lang='lat' dir='ltr'><strong>lis</strong></span> <span class='ocrx_word' id='word_1_511' title='bbox 292 2507 450 2535; x_wconf 84' lang='lat' dir='ltr'><strong>quantaque</strong></span> <span class='ocrx_word' id='word_1_512' title='bbox 493 2500 528 2527; x_wconf 80' lang='lat' dir='ltr'><strong>sit</strong></span> <span class='ocrx_word' id='word_1_513' title='bbox 561 2499 849 2528; x_wconf 83' lang='lat' dir='ltr'><strong>Thessalonicensium</strong></span> <span class='ocrx_word' id='word_1_514' title='bbox 883 2505 1021 2536; x_wconf 91' lang='lat' dir='ltr'><strong>metropo-</strong></span> 
     </span>
    </p>
   </div>
   <div class='ocr_carea' id='block_1_80' title="bbox 237 2546 1023 2583">
    <p class='ocr_par' dir='ltr' id='par_1_80' title="bbox 237 2546 1023 2583">
     <span class='ocr_line' id='line_1_80' title="bbox 237 2546 1023 2583; baseline 0.001 -9"><span class='ocrx_word' id='word_1_515' title='bbox 237 2549 281 2574; x_wconf 54' lang='lat' dir='ltr'><strong>lis.</strong></span> <span class='ocrx_word' id='word_1_516' title='bbox 302 2547 381 2582; x_wconf 68' lang='lat' dir='ltr'><strong>Saepe</strong></span> <span class='ocrx_word' id='word_1_517' title='bbox 394 2547 486 2581; x_wconf 84' lang='lat' dir='ltr'><strong>itaque</strong></span> <span class='ocrx_word' id='word_1_518' title='bbox 498 2547 531 2573; x_wconf 82' lang='lat' dir='ltr'><strong>ad</strong></span> <span class='ocrx_word' id='word_1_519' title='bbox 546 2554 606 2582; x_wconf 84' lang='lat' dir='ltr'><strong>eam</strong></span> <span class='ocrx_word' id='word_1_520' title='bbox 623 2554 656 2574; x_wconf 81' lang='lat' dir='ltr'><strong>ex</strong></span> <span class='ocrx_word' id='word_1_521' title='bbox 671 2546 816 2581; x_wconf 84' lang='lat' dir='ltr'><strong>provinciis</strong></span> <span class='ocrx_word' id='word_1_522' title='bbox 828 2547 978 2583; x_wconf 85' lang='lat' dir='ltr'><strong>presbyteri</strong></span> <span class='ocrx_word' id='word_1_523' title='bbox 996 2552 1023 2575; x_wconf 89' lang='lat' dir='ltr'><strong>et</strong></span> 
     </span>
    </p>
   </div>
   <div class='ocr_carea' id='block_1_81' title="bbox 236 2591 1023 2626">
    <p class='ocr_par' dir='ltr' id='par_1_81' title="bbox 236 2591 1023 2626">
     <span class='ocr_line' id='line_1_81' title="bbox 236 2591 1023 2626; baseline 0.003 -8"><span class='ocrx_word' id='word_1_524' title='bbox 236 2591 345 2619; x_wconf 78' lang='lat' dir='ltr'><strong>discerni</strong></span> <span class='ocrx_word' id='word_1_525' title='bbox 371 2591 514 2624; x_wconf 81' lang='lat' dir='ltr'><strong>accedunt,</strong></span> <span class='ocrx_word' id='word_1_526' title='bbox 540 2595 567 2618; x_wconf 90' lang='lat' dir='ltr'><strong>et</strong></span> <span class='ocrx_word' id='word_1_527' title='bbox 596 2591 687 2619; x_wconf 85' lang='lat' dir='ltr'><strong>brevis</strong></span> <span class='ocrx_word' id='word_1_528' title='bbox 711 2591 843 2626; x_wconf 85' lang='lat' dir='ltr'><strong>temporis</strong></span> <span class='ocrx_word' id='word_1_529' title='bbox 865 2599 941 2619; x_wconf 85' lang='lat' dir='ltr'><strong>mora</strong></span> <span class='ocrx_word' id='word_1_530' title='bbox 968 2600 1023 2620; x_wconf 89' lang='lat' dir='ltr'><strong>non</strong></span> 
     </span>
    </p>
   </div>
   <div class='ocr_carea' id='block_1_82' title="bbox 237 2637 1024 2673">
    <p class='ocr_par' dir='ltr' id='par_1_82' title="bbox 237 2637 1024 2673">
     <span class='ocr_line' id='line_1_82' title="bbox 237 2637 1024 2673; baseline 0 -7"><span class='ocrx_word' id='word_1_531' title='bbox 237 2637 368 2668; x_wconf 80' lang='lat' dir='ltr'><strong>Contenti,</strong></span> <span class='ocrx_word' id='word_1_532' title='bbox 387 2642 556 2672; x_wconf 79' lang='lat' dir='ltr'><strong>permanent,</strong></span> <span class='ocrx_word' id='word_1_533' title='bbox 572 2643 597 2664; x_wconf 86' lang='lat' dir='ltr'><strong>ct</strong></span> <span class='ocrx_word' id='word_1_534' title='bbox 612 2644 693 2665; x_wconf 85' lang='lat' dir='ltr'><strong>omne</strong></span> <span class='ocrx_word' id='word_1_535' title='bbox 715 2641 823 2673; x_wconf 84' lang='lat' dir='ltr'><strong>tempus</strong></span> <span class='ocrx_word' id='word_1_536' title='bbox 843 2637 900 2665; x_wconf 89' lang='lat' dir='ltr'><strong>illic</strong></span> <span class='ocrx_word' id='word_1_537' title='bbox 911 2644 1024 2672; x_wconf 78' lang='lat' dir='ltr'><strong>agentes</strong></span> 
     </span>
    </p>
   </div>
   <div class='ocr_carea' id='block_1_83' title="bbox 239 2682 1024 2717">
    <p class='ocr_par' dir='ltr' id='par_1_83' title="bbox 239 2682 1024 2717">
     <span class='ocr_line' id='line_1_83' title="bbox 239 2682 1024 2717; baseline 0.003 -8"><span class='ocrx_word' id='word_1_538' title='bbox 239 2683 411 2716; x_wconf 78' lang='lat' dir='ltr'><strong>transigunt;</strong></span> <span class='ocrx_word' id='word_1_539' title='bbox 437 2682 477 2709; x_wconf 74' lang='lat' dir='ltr'><strong>vel</strong></span> <span class='ocrx_word' id='word_1_540' title='bbox 504 2683 548 2708; x_wconf 78' lang='lat' dir='ltr'><strong>vix</strong></span> <span class='ocrx_word' id='word_1_541' title='bbox 574 2683 681 2709; x_wconf 80' lang='lat' dir='ltr'><strong>tandem</strong></span> <span class='ocrx_word' id='word_1_542' title='bbox 702 2687 763 2717; x_wconf 89' lang='lat' dir='ltr'><strong>post</strong></span> <span class='ocrx_word' id='word_1_543' title='bbox 787 2683 932 2717; x_wconf 86' lang='lat' dir='ltr'><strong>plurimum</strong></span> <span class='ocrx_word' id='word_1_544' title='bbox 955 2689 1024 2711; x_wconf 81' lang='lat' dir='ltr'><strong>tent-</strong></span> 
     </span>
    </p>
   </div>
   <div class='ocr_carea' id='block_1_84' title="bbox 239 2729 1024 2766">
    <p class='ocr_par' dir='ltr' id='par_1_84' title="bbox 239 2729 1024 2766">
     <span class='ocr_line' id='line_1_84' title="bbox 239 2729 1024 2766; baseline 0.004 -11"><span class='ocrx_word' id='word_1_545' title='bbox 239 2738 289 2763; x_wconf 82' lang='lat' dir='ltr'><strong>pus</strong></span> <span class='ocrx_word' id='word_1_546' title='bbox 304 2730 329 2755; x_wconf 87' lang='lat' dir='ltr'><strong>in</strong></span> <span class='ocrx_word' id='word_1_547' title='bbox 348 2737 411 2756; x_wconf 76' lang='lat' dir='ltr'><strong>suns</strong></span> <span class='ocrx_word' id='word_1_548' title='bbox 428 2729 562 2757; x_wconf 78' lang='lat' dir='ltr'><strong>Ecclesias</strong></span> <span class='ocrx_word' id='word_1_549' title='bbox 581 2729 678 2756; x_wconf 82' lang='lat' dir='ltr'><strong>reverti</strong></span> <span class='ocrx_word' id='word_1_550' title='bbox 695 2734 840 2765; x_wconf 77' lang='lat' dir='ltr'><strong>coguntur.</strong></span> <span class='ocrx_word' id='word_1_551' title='bbox 855 2729 891 2757; x_wconf 82' lang='lat' dir='ltr'><strong>De</strong></span> <span class='ocrx_word' id='word_1_552' title='bbox 910 2730 944 2758; x_wconf 90' lang='lat' dir='ltr'><strong>iis</strong></span> <span class='ocrx_word' id='word_1_553' title='bbox 958 2739 1024 2766; x_wconf 77' lang='lat' dir='ltr'><strong>ergo</strong></span> 
     </span>
    </p>
   </div>
   <div class='ocr_carea' id='block_1_85' title="bbox 237 2776 487 2804">
    <p class='ocr_par' dir='ltr' id='par_1_85' title="bbox 237 2776 487 2804">
     <span class='ocr_line' id='line_1_85' title="bbox 237 2776 487 2804; baseline -0.004 -1"><span class='ocrx_word' id='word_1_554' title='bbox 237 2776 420 2803; x_wconf 75' lang='lat' dir='ltr'><strong>deﬁniendum</strong></span> <span class='ocrx_word' id='word_1_555' title='bbox 434 2780 487 2804; x_wconf 82' lang='lat' dir='ltr'><strong>est.</strong></span> 
     </span>
    </p>
   </div>
   <div class='ocr_carea' id='block_1_86' title="bbox 273 2876 433 2905">
    <p class='ocr_par' dir='ltr' id='par_1_86' title="bbox 273 2876 433 2905">
     <span class='ocr_line' id='line_1_86' title="bbox 273 2876 433 2905; baseline 0.006 -1"><span class='ocrx_word' id='word_1_556' title='bbox 273 2876 296 2893; x_wconf 83' lang='lat'><strong>&quot;</strong></span> <span class='ocrx_word' id='word_1_557' title='bbox 311 2876 378 2904; x_wconf 77' lang='lat' dir='ltr'><strong>Dist.</strong></span> <span class='ocrx_word' id='word_1_558' title='bbox 394 2877 433 2905; x_wconf 79' lang='lat' dir='ltr'><strong>7i.</strong></span> 
     </span>
    </p>
   </div>
   <div class='ocr_carea' id='block_1_87' title="bbox 1071 1599 1858 1636">
    <p class='ocr_par' dir='ltr' id='par_1_87' title="bbox 1071 1599 1858 1636">
     <span class='ocr_line' id='line_1_87' title="bbox 1071 1599 1858 1636; baseline 0.003 -9"><span class='ocrx_word' id='word_1_559' title='bbox 1071 1601 1129 1636; x_wconf 85' lang='grc' dir='ltr'>φῶν</span> <span class='ocrx_word' id='word_1_560' title='bbox 1144 1601 1193 1628; x_wconf 76' lang='grc' dir='ltr'><strong>καὶ</strong></span> <span class='ocrx_word' id='word_1_561' title='bbox 1209 1602 1417 1629; x_wconf 81' lang='grc' dir='ltr'>συνεπισκόπων</span> <span class='ocrx_word' id='word_1_562' title='bbox 1427 1621 1435 1635; x_wconf 92' lang='grc'><strong>,</strong></span> <span class='ocrx_word' id='word_1_563' title='bbox 1449 1604 1478 1629; x_wconf 85' lang='grc' dir='ltr'>ὲν</span> <span class='ocrx_word' id='word_1_564' title='bbox 1491 1604 1552 1634; x_wconf 82' lang='grc' dir='ltr'>ταῖς</span> <span class='ocrx_word' id='word_1_565' title='bbox 1562 1603 1673 1629; x_wconf 85' lang='grc' dir='ltr'>πόλεσιν</span> <span class='ocrx_word' id='word_1_566' title='bbox 1685 1603 1714 1629; x_wconf 74' lang='grc' dir='ltr'>ἐν</span> <span class='ocrx_word' id='word_1_567' title='bbox 1733 1599 1778 1634; x_wconf 78' lang='grc' dir='ltr'>αἷς</span> <span class='ocrx_word' id='word_1_568' title='bbox 1793 1603 1858 1630; x_wconf 69' lang='grc' dir='ltr'>ἐπί-</span> 
     </span>
    </p>
   </div>
   <div class='ocr_carea' id='block_1_88' title="bbox 1072 1646 1860 1684">
    <p class='ocr_par' dir='ltr' id='par_1_88' title="bbox 1072 1646 1860 1684">
     <span class='ocr_line' id='line_1_88' title="bbox 1072 1646 1860 1684; baseline 0.004 -12"><span class='ocrx_word' id='word_1_569' title='bbox 1072 1654 1168 1672; x_wconf 85' lang='grc' dir='ltr'>σκοποι</span> <span class='ocrx_word' id='word_1_570' title='bbox 1196 1646 1391 1680; x_wconf 80' lang='grc' dir='ltr'>καθίστανται,</span> <span class='ocrx_word' id='word_1_571' title='bbox 1420 1647 1530 1674; x_wconf 85' lang='grc' dir='ltr'>δοκοῦσι</span> <span class='ocrx_word' id='word_1_572' title='bbox 1565 1647 1716 1683; x_wconf 81' lang='grc' dir='ltr'>κεκτῆσθαι</span> <span class='ocrx_word' id='word_1_573' title='bbox 1751 1648 1860 1684; x_wconf 80' lang='grc' dir='ltr'>σφόδρα</span> 
     </span>
    </p>
   </div>
   <div class='ocr_carea' id='block_1_89' title="bbox 1071 1689 1862 1728">
    <p class='ocr_par' dir='ltr' id='par_1_89' title="bbox 1071 1689 1862 1728">
     <span class='ocr_line' id='line_1_89' title="bbox 1071 1689 1862 1728; baseline 0.004 -12"><span class='ocrx_word' id='word_1_574' title='bbox 1071 1689 1149 1724; x_wconf 74' lang='grc' dir='ltr'>ὀλίγα</span> <span class='ocrx_word' id='word_1_575' title='bbox 1167 1690 1323 1726; x_wconf 78' lang='grc' dir='ltr'>ὑπάρχοντα</span> <span class='ocrx_word' id='word_1_576' title='bbox 1338 1690 1403 1722; x_wconf 68' lang='lat' dir='ltr'><strong>tota.</strong></span> <span class='ocrx_word' id='word_1_577' title='bbox 1419 1691 1448 1718; x_wconf 83' lang='grc' dir='ltr'>ὲν</span> <span class='ocrx_word' id='word_1_578' title='bbox 1472 1692 1575 1727; x_wconf 79' lang='grc' dir='ltr'>ἑτέροις</span> <span class='ocrx_word' id='word_1_579' title='bbox 1590 1692 1618 1719; x_wconf 77' lang='grc' dir='ltr'>δὲ</span> <span class='ocrx_word' id='word_1_580' title='bbox 1641 1692 1732 1724; x_wconf 80' lang='grc' dir='ltr'>τόποις</span> <span class='ocrx_word' id='word_1_581' title='bbox 1746 1693 1862 1728; x_wconf 79' lang='grc' dir='ltr'>κτήσεις</span> 
     </span>
    </p>
   </div>
   <div class='ocr_carea' id='block_1_90' title="bbox 1072 1734 1863 1775">
    <p class='ocr_par' dir='ltr' id='par_1_90' title="bbox 1072 1734 1863 1775">
     <span class='ocr_line' id='line_1_90' title="bbox 1072 1734 1863 1775; baseline 0.004 -13"><span class='ocrx_word' id='word_1_582' title='bbox 1072 1736 1204 1771; x_wconf 83' lang='grc' dir='ltr'>μεγάλας,</span> <span class='ocrx_word' id='word_1_583' title='bbox 1218 1736 1248 1768; x_wconf 71' lang='grc' dir='ltr'>ἐξ</span> <span class='ocrx_word' id='word_1_584' title='bbox 1255 1734 1292 1763; x_wconf 79' lang='grc' dir='ltr'>ὢν</span> <span class='ocrx_word' id='word_1_585' title='bbox 1303 1737 1351 1764; x_wconf 77' lang='grc' dir='ltr'>καὶ</span> <span class='ocrx_word' id='word_1_586' title='bbox 1358 1737 1514 1772; x_wconf 74' lang='grc' dir='ltr'>ἐπικουρεῖν</span> <span class='ocrx_word' id='word_1_587' title='bbox 1524 1738 1630 1765; x_wconf 82' lang='grc' dir='ltr'>δυνατοί</span> <span class='ocrx_word' id='word_1_588' title='bbox 1641 1740 1694 1765; x_wconf 78' lang='grc' dir='ltr'>εισι</span> <span class='ocrx_word' id='word_1_589' title='bbox 1704 1739 1760 1770; x_wconf 75' lang='grc' dir='ltr'>τοῖς</span> <span class='ocrx_word' id='word_1_590' title='bbox 1773 1738 1825 1765; x_wconf 78' lang='grc' dir='ltr'>πέν</span> <span class='ocrx_word' id='word_1_591' title='bbox 1830 1748 1863 1775; x_wconf 81' lang='grc' dir='ltr'>η-</span> 
     </span>
    </p>
   </div>
   <div class='ocr_carea' id='block_1_91' title="bbox 1071 1781 1861 1819">
    <p class='ocr_par' dir='ltr' id='par_1_91' title="bbox 1071 1781 1861 1819">
     <span class='ocr_line' id='line_1_91' title="bbox 1071 1781 1861 1819; baseline 0.003 -11"><span class='ocrx_word' id='word_1_592' title='bbox 1071 1790 1114 1808; x_wconf 90' lang='grc' dir='ltr'><strong>σιν</strong></span> <span class='ocrx_word' id='word_1_593' title='bbox 1124 1790 1131 1797; x_wconf 91' lang='grc'><strong>·</strong></span> <span class='ocrx_word' id='word_1_594' title='bbox 1143 1781 1227 1814; x_wconf 79' lang='grc' dir='ltr'>οὕτως</span> <span class='ocrx_word' id='word_1_595' title='bbox 1240 1783 1331 1814; x_wconf 76' lang='grc' dir='ltr'>αὐτοῖς</span> <span class='ocrx_word' id='word_1_596' title='bbox 1343 1783 1532 1818; x_wconf 79' lang='grc' dir='ltr'>συγχωρητέον</span> <span class='ocrx_word' id='word_1_597' title='bbox 1542 1781 1622 1815; x_wconf 83' lang='grc' dir='ltr'>εἷναι,</span> <span class='ocrx_word' id='word_1_598' title='bbox 1639 1783 1682 1810; x_wconf 79' lang='grc' dir='ltr'>ἵνα</span> <span class='ocrx_word' id='word_1_599' title='bbox 1693 1784 1717 1810; x_wconf 77' lang='grc' dir='ltr'><strong>εἰ</strong></span> <span class='ocrx_word' id='word_1_600' title='bbox 1734 1783 1861 1819; x_wconf 74' lang='grc' dir='ltr'>μέλλοιεν</span> 
     </span>
    </p>
   </div>
   <div class='ocr_carea' id='block_1_92' title="bbox 1070 1825 1861 1863">
    <p class='ocr_par' dir='ltr' id='par_1_92' title="bbox 1070 1825 1861 1863">
     <span class='ocr_line' id='line_1_92' title="bbox 1070 1825 1861 1863; baseline 0.004 -11"><span class='ocrx_word' id='word_1_601' title='bbox 1070 1827 1110 1858; x_wconf 82' lang='grc' dir='ltr'><strong>είς</strong></span> <span class='ocrx_word' id='word_1_602' title='bbox 1122 1825 1172 1858; x_wconf 77' lang='grc' dir='ltr'>τὰς</span> <span class='ocrx_word' id='word_1_603' title='bbox 1185 1826 1289 1853; x_wconf 81' lang='grc' dir='ltr'>ἑαυτῶν</span> <span class='ocrx_word' id='word_1_604' title='bbox 1304 1827 1504 1861; x_wconf 73' lang='grc' dir='ltr'>παραγίνεσθαι</span> <span class='ocrx_word' id='word_1_605' title='bbox 1516 1828 1639 1862; x_wconf 81' lang='grc' dir='ltr'>κτήσεις,</span> <span class='ocrx_word' id='word_1_606' title='bbox 1655 1827 1702 1854; x_wconf 74' lang='grc' dir='ltr'>καὶ</span> <span class='ocrx_word' id='word_1_607' title='bbox 1725 1828 1775 1863; x_wconf 85' lang='grc' dir='ltr'><strong>τὴν</strong></span> <span class='ocrx_word' id='word_1_608' title='bbox 1792 1837 1861 1863; x_wconf 84' lang='grc' dir='ltr'>συγ-</span> 
     </span>
    </p>
   </div>
   <div class='ocr_carea' id='block_1_93' title="bbox 1070 1872 1863 1908">
    <p class='ocr_par' dir='ltr' id='par_1_93' title="bbox 1070 1872 1863 1908">
     <span class='ocr_line' id='line_1_93' title="bbox 1070 1872 1863 1908; baseline 0.003 -9"><span class='ocrx_word' id='word_1_609' title='bbox 1070 1872 1184 1907; x_wconf 75' lang='grc' dir='ltr'>κομιδὴν</span> <span class='ocrx_word' id='word_1_610' title='bbox 1213 1872 1267 1900; x_wconf 85' lang='grc' dir='ltr'><strong>τῶν</strong></span> <span class='ocrx_word' id='word_1_611' title='bbox 1298 1872 1413 1908; x_wconf 84' lang='grc' dir='ltr'>καρπῶν</span> <span class='ocrx_word' id='word_1_612' title='bbox 1433 1872 1586 1905; x_wconf 85' lang='grc' dir='ltr'>ποιεῖσθαι,</span> <span class='ocrx_word' id='word_1_613' title='bbox 1616 1874 1691 1908; x_wconf 81' lang='grc' dir='ltr'>τρεῖς</span> <span class='ocrx_word' id='word_1_614' title='bbox 1715 1874 1863 1908; x_wconf 70' lang='grc' dir='ltr'>Κυριακάς</span> 
     </span>
    </p>
   </div>
   <div class='ocr_carea' id='block_1_94' title="bbox 1069 1918 1864 1955">
    <p class='ocr_par' dir='ltr' id='par_1_94' title="bbox 1069 1918 1864 1955">
     <span class='ocr_line' id='line_1_94' title="bbox 1069 1918 1864 1955; baseline 0.004 -11"><span class='ocrx_word' id='word_1_615' title='bbox 1069 1918 1188 1954; x_wconf 79' lang='grc' dir='ltr'>ἡμέρας,</span> <span class='ocrx_word' id='word_1_616' title='bbox 1216 1918 1339 1946; x_wconf 77' lang='grc' dir='ltr'>τουτέστι</span> <span class='ocrx_word' id='word_1_617' title='bbox 1352 1920 1428 1953; x_wconf 88' lang='grc' dir='ltr'>τρεῖς</span> <span class='ocrx_word' id='word_1_618' title='bbox 1452 1918 1613 1955; x_wconf 75' lang='grc' dir='ltr'>ἑϐδομάδας.</span> <span class='ocrx_word' id='word_1_619' title='bbox 1629 1920 1659 1946; x_wconf 77' lang='grc' dir='ltr'>ὲν</span> <span class='ocrx_word' id='word_1_620' title='bbox 1683 1921 1739 1952; x_wconf 85' lang='grc' dir='ltr'>τοῖς</span> <span class='ocrx_word' id='word_1_621' title='bbox 1755 1920 1864 1947; x_wconf 73' lang='grc' dir='ltr'>ἑαυτῶν</span> 
     </span>
    </p>
   </div>
   <div class='ocr_carea' id='block_1_95' title="bbox 1069 1964 1862 2002">
    <p class='ocr_par' dir='ltr' id='par_1_95' title="bbox 1069 1964 1862 2002">
     <span class='ocr_line' id='line_1_95' title="bbox 1069 1964 1862 2002; baseline 0.003 -12"><span class='ocrx_word' id='word_1_622' title='bbox 1069 1964 1208 1999; x_wconf 85' lang='grc' dir='ltr'>κτήμασιν</span> <span class='ocrx_word' id='word_1_623' title='bbox 1234 1964 1334 1996; x_wconf 76' lang='grc' dir='ltr'>αὐτοὺς</span> <span class='ocrx_word' id='word_1_624' title='bbox 1362 1964 1477 1998; x_wconf 87' lang='grc' dir='ltr'>διάγειν,</span> <span class='ocrx_word' id='word_1_625' title='bbox 1503 1966 1551 1992; x_wconf 82' lang='grc' dir='ltr'>καὶ</span> <span class='ocrx_word' id='word_1_626' title='bbox 1576 1966 1605 1992; x_wconf 72' lang='grc' dir='ltr'>ἐν</span> <span class='ocrx_word' id='word_1_627' title='bbox 1627 1966 1660 2001; x_wconf 84' lang='grc' dir='ltr'>τῇ</span> <span class='ocrx_word' id='word_1_628' title='bbox 1676 1966 1862 2002; x_wconf 79' lang='grc' dir='ltr'>ἀγχιστεούσῃ</span> 
     </span>
    </p>
   </div>
   <div class='ocr_carea' id='block_1_96' title="bbox 1078 2007 1861 2047">
    <p class='ocr_par' dir='ltr' id='par_1_96' title="bbox 1078 2007 1861 2047">
     <span class='ocr_line' id='line_1_96' title="bbox 1078 2007 1861 2047; baseline 0.003 -11"><span class='ocrx_word' id='word_1_629' title='bbox 1078 2009 1239 2045; x_wconf 81' lang='grc' dir='ltr'>Ἑκκλησίᾳ,</span> <span class='ocrx_word' id='word_1_630' title='bbox 1257 2010 1286 2036; x_wconf 78' lang='grc' dir='ltr'>ὲν</span> <span class='ocrx_word' id='word_1_631' title='bbox 1337 2010 1522 2046; x_wconf 78' lang='grc' dir='ltr'>πρεσϐύτερος</span> <span class='ocrx_word' id='word_1_632' title='bbox 1535 2010 1655 2044; x_wconf 78' lang='grc' dir='ltr'>συνάγοι,</span> <span class='ocrx_word' id='word_1_633' title='bbox 1672 2011 1741 2046; x_wconf 78' lang='grc' dir='ltr'>ὑπὲρ</span> <span class='ocrx_word' id='word_1_634' title='bbox 1758 2011 1807 2038; x_wconf 87' lang='grc' dir='ltr'>τοῦ</span> <span class='ocrx_word' id='word_1_635' title='bbox 1821 2011 1861 2047; x_wconf 76' lang='grc' dir='ltr'><strong>μὴ</strong></span> 
     </span>
    </p>
   </div>
   <div class='ocr_carea' id='block_1_97' title="bbox 1070 2053 1863 2091">
    <p class='ocr_par' dir='ltr' id='par_1_97' title="bbox 1070 2053 1863 2091">
     <span class='ocr_line' id='line_1_97' title="bbox 1070 2053 1863 2091; baseline 0.003 -10"><span class='ocrx_word' id='word_1_636' title='bbox 1070 2056 1156 2090; x_wconf 80' lang='grc' dir='ltr'>χωρὶς</span> <span class='ocrx_word' id='word_1_637' title='bbox 1171 2054 1358 2086; x_wconf 80' lang='grc' dir='ltr'>συνελεύσεως</span> <span class='ocrx_word' id='word_1_638' title='bbox 1370 2055 1452 2082; x_wconf 79' lang='grc' dir='ltr'>αὐτὸν</span> <span class='ocrx_word' id='word_1_639' title='bbox 1471 2055 1560 2083; x_wconf 87' lang='grc' dir='ltr'>δοκεῖν</span> <span class='ocrx_word' id='word_1_640' title='bbox 1575 2053 1656 2088; x_wconf 74' lang='grc' dir='ltr'>εἶναι,</span> <span class='ocrx_word' id='word_1_641' title='bbox 1681 2056 1863 2091; x_wconf 80' lang='grc' dir='ltr'>συνέρχεσθαι</span> 
     </span>
    </p>
   </div>
   <div class='ocr_carea' id='block_1_98' title="bbox 1072 2100 1863 2137">
    <p class='ocr_par' dir='ltr' id='par_1_98' title="bbox 1072 2100 1863 2137">
     <span class='ocr_line' id='line_1_98' title="bbox 1072 2100 1863 2137; baseline 0 -9"><span class='ocrx_word' id='word_1_642' title='bbox 1072 2101 1121 2128; x_wconf 75' lang='grc' dir='ltr'>καὶ</span> <span class='ocrx_word' id='word_1_643' title='bbox 1141 2100 1326 2135; x_wconf 86' lang='grc' dir='ltr'>λειτουργεῖν·</span> <span class='ocrx_word' id='word_1_644' title='bbox 1339 2101 1386 2128; x_wconf 72' lang='grc' dir='ltr'><strong>καὶ</strong></span> <span class='ocrx_word' id='word_1_645' title='bbox 1406 2101 1443 2136; x_wconf 82' lang='grc' dir='ltr'><strong>μὴ</strong></span> <span class='ocrx_word' id='word_1_646' title='bbox 1458 2101 1649 2137; x_wconf 79' lang='grc' dir='ltr'>συνεχέστερον</span> <span class='ocrx_word' id='word_1_647' title='bbox 1663 2102 1704 2132; x_wconf 81' lang='grc' dir='ltr'><strong>εις</strong></span> <span class='ocrx_word' id='word_1_648' title='bbox 1712 2100 1762 2136; x_wconf 81' lang='grc' dir='ltr'><strong>τὴν</strong></span> <span class='ocrx_word' id='word_1_649' title='bbox 1780 2101 1863 2129; x_wconf 81' lang='grc' dir='ltr'>πόλιν</span> 
     </span>
    </p>
   </div>
   <div class='ocr_carea' id='block_1_99' title="bbox 1069 2142 1864 2182">
    <p class='ocr_par' dir='ltr' id='par_1_99' title="bbox 1069 2142 1864 2182">
     <span class='ocr_line' id='line_1_99' title="bbox 1069 2142 1864 2182; baseline 0.001 -9"><span class='ocrx_word' id='word_1_650' title='bbox 1069 2147 1098 2173; x_wconf 79' lang='grc' dir='ltr'>ὲν</span> <span class='ocrx_word' id='word_1_651' title='bbox 1113 2142 1130 2182; x_wconf 84' lang='grc' dir='ltr'>ᾖ</span> <span class='ocrx_word' id='word_1_652' title='bbox 1146 2147 1220 2172; x_wconf 73' lang='grc' dir='ltr'>ἐστιν</span> <span class='ocrx_word' id='word_1_653' title='bbox 1233 2146 1382 2178; x_wconf 78' lang='grc' dir='ltr'>ἐπίσκοπος</span> <span class='ocrx_word' id='word_1_654' title='bbox 1394 2146 1601 2182; x_wconf 83' lang='grc' dir='ltr'>παραγίγνοιτο.</span> <span class='ocrx_word' id='word_1_655' title='bbox 1618 2146 1720 2173; x_wconf 85' lang='grc' dir='ltr'>Τοῦτον</span> <span class='ocrx_word' id='word_1_656' title='bbox 1745 2146 1800 2182; x_wconf 79' lang='grc' dir='ltr'>γὰρ</span> <span class='ocrx_word' id='word_1_657' title='bbox 1814 2147 1864 2174; x_wconf 81' lang='grc' dir='ltr'>τὸν</span> 
     </span>
    </p>
   </div>
   <div class='ocr_carea' id='block_1_100' title="bbox 1069 2191 1859 2227">
    <p class='ocr_par' dir='ltr' id='par_1_100' title="bbox 1069 2191 1859 2227">
     <span class='ocr_line' id='line_1_100' title="bbox 1069 2191 1859 2227; baseline 0 -9"><span class='ocrx_word' id='word_1_658' title='bbox 1069 2192 1169 2227; x_wconf 84' lang='grc' dir='ltr'>τρόπον</span> <span class='ocrx_word' id='word_1_659' title='bbox 1187 2192 1278 2219; x_wconf 79' lang='grc' dir='ltr'>καὶτὰ</span> <span class='ocrx_word' id='word_1_660' title='bbox 1290 2193 1379 2219; x_wconf 79' lang='grc' dir='ltr'>οἰκεῖα</span> <span class='ocrx_word' id='word_1_661' title='bbox 1393 2191 1476 2219; x_wconf 77' lang='grc' dir='ltr'>αὑτοῦ</span> <span class='ocrx_word' id='word_1_662' title='bbox 1494 2192 1643 2227; x_wconf 84' lang='grc' dir='ltr'>πράγματα</span> <span class='ocrx_word' id='word_1_663' title='bbox 1652 2192 1729 2227; x_wconf 78' lang='grc' dir='ltr'>παρὰ</span> <span class='ocrx_word' id='word_1_664' title='bbox 1742 2191 1792 2227; x_wconf 83' lang='grc' dir='ltr'><strong>τὴν</strong></span> <span class='ocrx_word' id='word_1_665' title='bbox 1806 2192 1859 2219; x_wconf 86' lang='grc' dir='ltr'>αὐ-</span> 
     </span>
    </p>
   </div>
   <div class='ocr_carea' id='block_1_101' title="bbox 1071 2237 1866 2273">
    <p class='ocr_par' dir='ltr' id='par_1_101' title="bbox 1071 2237 1866 2273">
     <span class='ocr_line' id='line_1_101' title="bbox 1071 2237 1866 2273; baseline -0.001 -9"><span class='ocrx_word' id='word_1_666' title='bbox 1071 2237 1118 2264; x_wconf 80' lang='grc' dir='ltr'>τοῦ</span> <span class='ocrx_word' id='word_1_667' title='bbox 1135 2238 1278 2271; x_wconf 83' lang='grc' dir='ltr'>ἀπουσίαν,</span> <span class='ocrx_word' id='word_1_668' title='bbox 1297 2237 1358 2264; x_wconf 76' lang='grc' dir='ltr'>οὐδὲ</span> <span class='ocrx_word' id='word_1_669' title='bbox 1378 2238 1443 2273; x_wconf 86' lang='grc' dir='ltr'>μίαν</span> <span class='ocrx_word' id='word_1_670' title='bbox 1459 2238 1589 2273; x_wconf 82' lang='grc' dir='ltr'>ὑπομενεῖ</span> <span class='ocrx_word' id='word_1_671' title='bbox 1615 2238 1728 2273; x_wconf 80' lang='grc' dir='ltr'>ζημίαν,</span> <span class='ocrx_word' id='word_1_672' title='bbox 1751 2238 1801 2264; x_wconf 79' lang='grc' dir='ltr'><strong>καὶ</strong></span> <span class='ocrx_word' id='word_1_673' title='bbox 1829 2237 1866 2264; x_wconf 75' lang='grc' dir='ltr'>τὸ</span> 
     </span>
    </p>
   </div>
   <div class='ocr_carea' id='block_1_102' title="bbox 1073 2281 1867 2318">
    <p class='ocr_par' dir='ltr' id='par_1_102' title="bbox 1073 2281 1867 2318">
     <span class='ocr_line' id='line_1_102' title="bbox 1073 2281 1867 2318; baseline 0.001 -9"><span class='ocrx_word' id='word_1_674' title='bbox 1073 2282 1122 2318; x_wconf 85' lang='grc' dir='ltr'><strong>τῆς</strong></span> <span class='ocrx_word' id='word_1_675' title='bbox 1145 2282 1304 2315; x_wconf 79' lang='grc' dir='ltr'>ἀλαζονείας</span> <span class='ocrx_word' id='word_1_676' title='bbox 1331 2283 1379 2310; x_wconf 80' lang='grc' dir='ltr'>καὶ</span> <span class='ocrx_word' id='word_1_677' title='bbox 1404 2283 1452 2310; x_wconf 82' lang='grc' dir='ltr'>τοῦ</span> <span class='ocrx_word' id='word_1_678' title='bbox 1480 2282 1566 2318; x_wconf 77' lang='grc' dir='ltr'>τύφου</span> <span class='ocrx_word' id='word_1_679' title='bbox 1597 2282 1732 2310; x_wconf 74' lang='grc' dir='ltr'>ἐκκλίνειν</span> <span class='ocrx_word' id='word_1_680' title='bbox 1758 2281 1867 2314; x_wconf 81' lang='grc' dir='ltr'>δόξειεν</span> 
     </span>
    </p>
   </div>
   <div class='ocr_carea' id='block_1_103' title="bbox 1073 2327 1212 2364">
    <p class='ocr_par' dir='ltr' id='par_1_103' title="bbox 1073 2327 1212 2364">
     <span class='ocr_line' id='line_1_103' title="bbox 1073 2327 1212 2364; baseline 0.007 -9"><span class='ocrx_word' id='word_1_681' title='bbox 1073 2327 1157 2363; x_wconf 75' lang='grc' dir='ltr'>ἐγκλη</span> <span class='ocrx_word' id='word_1_682' title='bbox 1162 2338 1212 2364; x_wconf 89' lang='grc' dir='ltr'>μα.</span> 
     </span>
    </p>
   </div>
   <div class='ocr_carea' id='block_1_104' title="bbox 1111 2373 1864 2411">
    <p class='ocr_par' dir='ltr' id='par_1_104' title="bbox 1111 2373 1864 2411">
     <span class='ocr_line' id='line_1_104' title="bbox 1111 2373 1864 2411; baseline 0 -9"><span class='ocrx_word' id='word_1_683' title='bbox 1111 2375 1248 2407; x_wconf 73' lang='grc' dir='ltr'>Ἅπαντες</span> <span class='ocrx_word' id='word_1_684' title='bbox 1262 2375 1441 2403; x_wconf 81' lang='grc' dir='ltr'>οίὲπίσκοποι</span> <span class='ocrx_word' id='word_1_685' title='bbox 1458 2373 1545 2403; x_wconf 74' lang='grc' dir='ltr'>εἶποψ</span> <span class='ocrx_word' id='word_1_686' title='bbox 1566 2375 1692 2411; x_wconf 77' lang='grc' dir='ltr'>’Δρέσκει</span> <span class='ocrx_word' id='word_1_687' title='bbox 1714 2375 1762 2402; x_wconf 76' lang='grc' dir='ltr'>καὶ</span> <span class='ocrx_word' id='word_1_688' title='bbox 1787 2374 1864 2411; x_wconf 77' lang='grc' dir='ltr'>αὕτη</span> 
     </span>
    </p>
   </div>
   <div class='ocr_carea' id='block_1_105' title="bbox 1073 2420 1282 2456">
    <p class='ocr_par' dir='ltr' id='par_1_105' title="bbox 1073 2420 1282 2456">
     <span class='ocr_line' id='line_1_105' title="bbox 1073 2420 1282 2456; baseline 0.005 -9"><span class='ocrx_word' id='word_1_689' title='bbox 1073 2421 1090 2456; x_wconf 84' lang='grc' dir='ltr'>ή</span> <span class='ocrx_word' id='word_1_690' title='bbox 1106 2420 1282 2453; x_wconf 79' lang='grc' dir='ltr'>δια-τύπωσις.</span> 
     </span>
    </p>
   </div>
   <div class='ocr_carea' id='block_1_106' title="bbox 1109 2465 1867 2501">
    <p class='ocr_par' dir='ltr' id='par_1_106' title="bbox 1109 2465 1867 2501">
     <span class='ocr_line' id='line_1_106' title="bbox 1109 2465 1867 2501; baseline -0.001 -7"><span class='ocrx_word' id='word_1_691' title='bbox 1109 2467 1156 2499; x_wconf 84' lang='grc' dir='ltr'>ις’.</span> <span class='ocrx_word' id='word_1_692' title='bbox 1181 2468 1281 2498; x_wconf 76' lang='grc' dir='ltr'>Ἀέτιος</span> <span class='ocrx_word' id='word_1_693' title='bbox 1300 2467 1447 2500; x_wconf 78' lang='grc' dir='ltr'>ἐπίσκοπος</span> <span class='ocrx_word' id='word_1_694' title='bbox 1466 2466 1552 2495; x_wconf 82' lang='grc' dir='ltr'>εἶπεν·</span> <span class='ocrx_word' id='word_1_695' title='bbox 1568 2467 1625 2495; x_wconf 83' lang='grc' dir='ltr'>Οὐκ</span> <span class='ocrx_word' id='word_1_696' title='bbox 1645 2467 1766 2501; x_wconf 77' lang='grc' dir='ltr'>ἀγνοεῖτε</span> <span class='ocrx_word' id='word_1_697' title='bbox 1781 2465 1867 2493; x_wconf 77' lang='grc' dir='ltr'>ὁποία</span> 
     </span>
    </p>
   </div>
   <div class='ocr_carea' id='block_1_107' title="bbox 1073 2513 1866 2549">
    <p class='ocr_par' dir='ltr' id='par_1_107' title="bbox 1073 2513 1866 2549">
     <span class='ocr_line' id='line_1_107' title="bbox 1073 2513 1866 2549; baseline -0.003 -9"><span class='ocrx_word' id='word_1_698' title='bbox 1073 2513 1121 2540; x_wconf 74' lang='grc' dir='ltr'><strong>καὶ</strong></span> <span class='ocrx_word' id='word_1_699' title='bbox 1141 2513 1242 2549; x_wconf 83' lang='grc' dir='ltr'>πηλίκη</span> <span class='ocrx_word' id='word_1_700' title='bbox 1267 2514 1396 2549; x_wconf 85' lang='grc' dir='ltr'>τυγχάνει</span> <span class='ocrx_word' id='word_1_701' title='bbox 1413 2514 1429 2549; x_wconf 84' lang='grc' dir='ltr'>ἠ</span> <span class='ocrx_word' id='word_1_702' title='bbox 1445 2515 1499 2541; x_wconf 86' lang='grc' dir='ltr'><strong>τῶν</strong></span> <span class='ocrx_word' id='word_1_703' title='bbox 1523 2514 1743 2541; x_wconf 77' lang='grc' dir='ltr'>Θεσσαλονικέων</span> <span class='ocrx_word' id='word_1_704' title='bbox 1757 2513 1866 2548; x_wconf 77' lang='grc' dir='ltr'>μητρό-</span> 
     </span>
    </p>
   </div>
   <div class='ocr_carea' id='block_1_108' title="bbox 1073 2559 1866 2596">
    <p class='ocr_par' dir='ltr' id='par_1_108' title="bbox 1073 2559 1866 2596">
     <span class='ocr_line' id='line_1_108' title="bbox 1073 2559 1866 2596; baseline -0.003 -10"><span class='ocrx_word' id='word_1_705' title='bbox 1073 2560 1162 2592; x_wconf 83' lang='grc' dir='ltr'>πολις.</span> <span class='ocrx_word' id='word_1_706' title='bbox 1181 2561 1315 2592; x_wconf 85' lang='grc' dir='ltr'>Πολλάκις</span> <span class='ocrx_word' id='word_1_707' title='bbox 1339 2561 1484 2596; x_wconf 82' lang='grc' dir='ltr'>τοιγαροῦν</span> <span class='ocrx_word' id='word_1_708' title='bbox 1497 2562 1537 2593; x_wconf 88' lang='grc' dir='ltr'><strong>είς</strong></span> <span class='ocrx_word' id='word_1_709' title='bbox 1550 2561 1652 2596; x_wconf 83' lang='grc' dir='ltr'>ταύτην</span> <span class='ocrx_word' id='word_1_710' title='bbox 1681 2560 1734 2587; x_wconf 80' lang='grc' dir='ltr'>ἀπὸ</span> <span class='ocrx_word' id='word_1_711' title='bbox 1758 2559 1866 2594; x_wconf 78' lang='grc' dir='ltr'>ἐτέρων</span> 
     </span>
    </p>
   </div>
   <div class='ocr_carea' id='block_1_109' title="bbox 1074 2604 1862 2641">
    <p class='ocr_par' dir='ltr' id='par_1_109' title="bbox 1074 2604 1862 2641">
     <span class='ocr_line' id='line_1_109' title="bbox 1074 2604 1862 2641; baseline 0 -11"><span class='ocrx_word' id='word_1_712' title='bbox 1074 2605 1214 2640; x_wconf 73' lang='grc' dir='ltr'>ἐπαρχιῶν</span> <span class='ocrx_word' id='word_1_713' title='bbox 1228 2605 1409 2641; x_wconf 67' lang='grc' dir='ltr'>πρεσϐύτεροι</span> <span class='ocrx_word' id='word_1_714' title='bbox 1433 2606 1481 2632; x_wconf 77' lang='grc' dir='ltr'>καὶ</span> <span class='ocrx_word' id='word_1_715' title='bbox 1500 2606 1617 2632; x_wconf 79' lang='grc' dir='ltr'>διάκονοι</span> <span class='ocrx_word' id='word_1_716' title='bbox 1644 2604 1862 2641; x_wconf 79' lang='grc' dir='ltr'>παραγίνονται·</span> 
     </span>
    </p>
   </div>
   <div class='ocr_carea' id='block_1_110' title="bbox 1075 2649 1865 2687">
    <p class='ocr_par' dir='ltr' id='par_1_110' title="bbox 1075 2649 1865 2687">
     <span class='ocr_line' id='line_1_110' title="bbox 1075 2649 1865 2687; baseline -0.001 -11"><span class='ocrx_word' id='word_1_717' title='bbox 1075 2650 1122 2676; x_wconf 78' lang='grc' dir='ltr'><strong>καὶ</strong></span> <span class='ocrx_word' id='word_1_718' title='bbox 1148 2650 1198 2676; x_wconf 79' lang='grc' dir='ltr'><strong>οὐκ</strong></span> <span class='ocrx_word' id='word_1_719' title='bbox 1216 2650 1380 2685; x_wconf 85' lang='grc' dir='ltr'>ἀρκούμενοι</span> <span class='ocrx_word' id='word_1_720' title='bbox 1396 2652 1510 2687; x_wconf 77' lang='grc' dir='ltr'>βραχείᾳ</span> <span class='ocrx_word' id='word_1_721' title='bbox 1537 2652 1659 2685; x_wconf 77' lang='grc' dir='ltr'>διαγωγῇ</span> <span class='ocrx_word' id='word_1_722' title='bbox 1690 2649 1797 2686; x_wconf 72' lang='grc' dir='ltr'>χρόνου,</span> <span class='ocrx_word' id='word_1_723' title='bbox 1817 2650 1865 2676; x_wconf 77' lang='grc' dir='ltr'><strong>ὲν-</strong></span> 
     </span>
    </p>
   </div>
   <div class='ocr_carea' id='block_1_111' title="bbox 1077 2695 1865 2733">
    <p class='ocr_par' dir='ltr' id='par_1_111' title="bbox 1077 2695 1865 2733">
     <span class='ocr_line' id='line_1_111' title="bbox 1077 2695 1865 2733; baseline 0 -12"><span class='ocrx_word' id='word_1_724' title='bbox 1077 2695 1252 2730; x_wconf 82' lang='grc' dir='ltr'>απομένουσι,</span> <span class='ocrx_word' id='word_1_725' title='bbox 1268 2697 1315 2722; x_wconf 79' lang='grc' dir='ltr'>καὶ</span> <span class='ocrx_word' id='word_1_726' title='bbox 1325 2698 1431 2724; x_wconf 65' lang='grc' dir='ltr'>ἅπαντα</span> <span class='ocrx_word' id='word_1_727' title='bbox 1442 2698 1486 2724; x_wconf 79' lang='grc' dir='ltr'><strong>τὸν</strong></span> <span class='ocrx_word' id='word_1_728' title='bbox 1501 2698 1594 2733; x_wconf 78' lang='grc' dir='ltr'>χρόνον</span> <span class='ocrx_word' id='word_1_729' title='bbox 1610 2697 1705 2723; x_wconf 78' lang='grc' dir='ltr'>αὐτόθι</span> <span class='ocrx_word' id='word_1_730' title='bbox 1720 2695 1865 2726; x_wconf 72' lang='grc' dir='ltr'>ποιοῦντες</span> 
     </span>
    </p>
   </div>
   <div class='ocr_carea' id='block_1_112' title="bbox 1074 2740 1854 2778">
    <p class='ocr_par' dir='ltr' id='par_1_112' title="bbox 1074 2740 1854 2778">
     <span class='ocr_line' id='line_1_112' title="bbox 1074 2740 1854 2778; baseline 0.003 -12"><span class='ocrx_word' id='word_1_731' title='bbox 1074 2740 1253 2773; x_wconf 72' lang='grc' dir='ltr'>διατελοῦσιν,</span> <span class='ocrx_word' id='word_1_732' title='bbox 1273 2742 1289 2776; x_wconf 84' lang='grc' dir='ltr'>ἢ</span> <span class='ocrx_word' id='word_1_733' title='bbox 1307 2742 1384 2777; x_wconf 77' lang='grc' dir='ltr'>μόλις</span> <span class='ocrx_word' id='word_1_734' title='bbox 1400 2743 1469 2777; x_wconf 74' lang='grc' dir='ltr'>μετὰ</span> <span class='ocrx_word' id='word_1_735' title='bbox 1497 2744 1622 2770; x_wconf 75' lang='grc' dir='ltr'>πλεῖστον</span> <span class='ocrx_word' id='word_1_736' title='bbox 1638 2743 1733 2778; x_wconf 76' lang='grc' dir='ltr'>χρόνον</span> <span class='ocrx_word' id='word_1_737' title='bbox 1757 2742 1798 2774; x_wconf 77' lang='grc' dir='ltr'>εἰς</span> <span class='ocrx_word' id='word_1_738' title='bbox 1819 2740 1854 2768; x_wconf 82' lang='grc' dir='ltr'>τὰ</span> 
     </span>
    </p>
   </div>
   <div class='ocr_carea' id='block_1_113' title="bbox 1076 2786 1866 2824">
    <p class='ocr_par' dir='ltr' id='par_1_113' title="bbox 1076 2786 1866 2824">
     <span class='ocr_line' id='line_1_113' title="bbox 1076 2786 1866 2824; baseline 0.001 -13"><span class='ocrx_word' id='word_1_739' title='bbox 1076 2786 1181 2812; x_wconf 71' lang='grc' dir='ltr'>ἑαυτῶν</span> <span class='ocrx_word' id='word_1_740' title='bbox 1205 2787 1347 2813; x_wconf 74' lang='grc' dir='ltr'>ἐπανιέναι</span> <span class='ocrx_word' id='word_1_741' title='bbox 1369 2788 1531 2824; x_wconf 71' lang='grc' dir='ltr'>Ἐκκλησίας</span> <span class='ocrx_word' id='word_1_742' title='bbox 1560 2789 1769 2824; x_wconf 77' lang='grc' dir='ltr'>ἀναγκάζονται.</span> <span class='ocrx_word' id='word_1_743' title='bbox 1794 2786 1866 2821; x_wconf 66' lang='grc' dir='ltr'>Περὶ</span> 
     </span>
    </p>
   </div>
   <div class='ocr_carea' id='block_1_114' title="bbox 1077 2830 1383 2868">
    <p class='ocr_par' dir='ltr' id='par_1_114' title="bbox 1077 2830 1383 2868">
     <span class='ocr_line' id='line_1_114' title="bbox 1077 2830 1383 2868; baseline 0.01 -11"><span class='ocrx_word' id='word_1_744' title='bbox 1077 2832 1179 2858; x_wconf 71' lang='grc' dir='ltr'>τούτων</span> <span class='ocrx_word' id='word_1_745' title='bbox 1191 2830 1236 2860; x_wconf 74' lang='grc' dir='ltr'>οὖν</span> <span class='ocrx_word' id='word_1_746' title='bbox 1252 2833 1383 2868; x_wconf 75' lang='grc' dir='ltr'>ὁριστέον.</span> 
     </span>
    </p>
   </div>
  </div>
