1959 3061
110 143 161 176 661
215 136 219 141 '

114 231 117 233 _
149 201 288 234 Ἅπαντες
301 201 326 228 oi
344 199 582 230 ὲπίσκοποιεῐπον¹
604 203 737 239 Ἀρέσκει.

147 247 242 280 Ὅσιος
254 248 402 280 ἐπίσκοπος
414 246 490 276 εἶπεν
500 257 508 265 ·
524 246 604 277 Οὗτοι
617 251 641 276 οῑ
656 249 724 285 ὅροι,
743 250 769 277 οι
786 250 833 276 καὶ
847 250 894 276 ἐπὶ

111 294 165 320 τῶν
178 295 335 321 ἐπισκόπων
355 295 514 330 ὡρισμένοι,
529 295 756 329 φυλαττέσθωσαν
776 295 824 323 καὶ
847 296 894 322 ἐπὶ

112 340 215 366 τούτων
226 340 280 367 τῶν
291 340 455 375 προσώπων.

167 384 300 411 Συνόδου
316 384 526 419 Καρθαγέννης
538 385 640 412 κανὼν
653 388 706 419 κγ’,
720 389 769 418 οα¹,
779 386 825 412 οδ’.

149 429 240 457 Ὥστε
259 429 329 463 τοὺς
348 429 534 464 ἐπισκόπους
555 430 652 466 πέραν
675 431 834 465 θαλάσσης
852 432 895 466 μὴ

114 474 290 509 ἀποδημεῖν.

150 520 203 554 κγ’.
225 520 338 555 Ὁμοίως
349 520 491 548 ἐπίσκοποι
503 521 590 557 πέραν
600 521 737 558 θαλάσσης
746 523 784 558 μὴ
795 522 897 556 ἀποδη-

115 565 263 600 μείτωσαν,
279 566 304 592 εἰ
317 565 355 600 μὴ
369 566 441 600 μετὰ
456 565 630 601 ψηφίσματος
644 567 694 600 τῆς
705 566 816 602 πρώτης
832 568 900 594 καθ-

116 610 195 645 έδρας
218 609 264 636 τοῦ
279 609 342 636 ίδίου
362 610 482 645 ἑκάστης
491 610 582 646 χώρας
592 611 752 645 ἐπισκόπου,
763 612 901 639 τουτέστιν

119 657 144 682 εί
161 655 198 690 μή
215 656 263 682 ἀπ’
289 655 372 682 αὐτοῦ
395 657 582 692 πρωτεύοντος
600 657 660 684 κατ’
674 657 813 693 ἐξαίρετον
831 658 901 694 λάϐῃ

115 700 168 737 τὴν
199 699 259 735 ἥτις
286 699 393 734 λέγεται
408 700 567 736 ⁵ἁιιιολυτικὴ
601 701 795 738 τετυπωμένην
809 721 818 734 ,
842 702 902 737 ἦτοι

118 744 281 780 παράθεσιν.

153 791 224 826 Περὶ
241 791 301 819 τῶν
316 791 388 826 τοὺς
409 791 503 826 ιδίους
517 791 613 835 λαοὺς
627 792 902 828 ἐτκαταλιμπανόνε

118 845 188 864 των.

531 146 734 178 SYNTAGMA
749 146 942 178 CANONUM.
957 156 992 164 —
1010 147 1084 178 TIT.
1103 147 1186 179 VIII.
1199 148 1280 179 CAP.
1295 147 1337 179 Π.

911 207 934 235 Α
983 202 1085 231 Omnes
1099 203 1217 238 episcopi
1234 204 1360 231 dixerunt
1375 213 1382 230 :
1399 202 1500 230 Placet.

1676 147 1729 180 662

979 245 1079 274 Hosius
1093 246 1237 281 episcopus
1247 246 1314 274 dixit
1334 255 1342 274 :
1354 245 1416 273 Haec
1428 246 1546 278 decreta,
1556 253 1616 282 qua:
1626 247 1660 274 de
1672 248 1714 282 cpi
1726 263 1730 264 ν

945 290 1036 325 scopis
1058 291 1208 317 constituta
1231 291 1305 324 s'unt,
1331 295 1474 319 serventur
1497 290 1580 318 etiam
1603 290 1632 318 in
1654 290 1730 326 ejus-

947 336 1020 362 modi
1037 335 1171 370 personis.

981 381 1061 416 196
1068 380 1180 408 Concilit’
1196 381 1410 415 Carthaginensis
1428 389 1538 408 canones
1553 381 1598 414 25,
1615 382 1659 415 71,
1670 382 1714 411 74.

984 425 1019 454 Ut
1034 426 1149 461 episcopi
1167 431 1240 454 trans
1253 433 1325 454 mare
1340 434 1393 453 mm
1405 427 1620 462 proﬁciscantur.

981 513 1048 542 Item
1070 517 1100 541 ut
1120 514 1240 549 episcopi
1255 518 1330 542 trans
1345 522 1421 543 mare
1441 523 1494 543 non
1511 516 1728 551 proﬁciscantur.

947 559 1000 588 nisi
1015 560 1139 588 consulto
1151 560 1245 594 prima
1264 561 1337 588 sedis
1362 561 1491 596 episcopo
1515 570 1572 590 suae
1599 563 1731 597 cujusque

948 605 1094 640 provinciae
1118 609 1148 632 ut
1170 605 1205 632 ab
1221 612 1254 633 eo
1276 607 1410 641 praecipue
1437 608 1543 642 possint
1565 607 1626 644 [πω.
1645 616 1659 634 a
1676 615 1731 642 quo

949 649 1063 686 possint]
1078 657 1186 679 sumere
1200 651 1344 680 formatam
1354 653 1396 681 vel
1406 654 1678 682 commendationem.

985 798 1025 827 De
1038 799 1091 834 Im,
1103 808 1149 836 qui
1165 802 1250 836 plebes
1263 802 1386 848 proprias
1404 802 1598 839 derelinquunt.

153 885 204 910 oat'.
214 912 217 915 ,
228 882 311 910 Πάλιν
325 883 423 919 ἤρεσεν
436 883 506 911 ὥστε
524 883 620 920 μηδενὶ
634 883 732 917 ἐξεῖναι
746 883 898 919 ἑπισιιόπῳ,
913 885 921 916 ]

988 886 1032 915 7|.
1046 886 1154 917 Rursus
1176 889 1287 924 placuit,
1297 895 1362 923 etc..
1383 896 1410 918 ut
1429 899 1489 927 pag.
1504 891 1567 920 655.

124 936 153 955 κ.
169 937 195 955 τ.
215 928 241 954 λ.

160 975 229 1008 Περὶ
243 974 295 1000 τοῦ
319 973 362 1009 μὴ
377 974 509 1009 ὀφείλειν
523 975 692 1002 ἐπίσκοπον
716 974 905 1010 ἐπιξενούμε-

123 1026 189 1050 νον,
202 1018 373 1048 καθέζεσθαι
387 1019 421 1045 ὲν
431 1016 450 1054 ᾖ
469 1019 597 1052 καθέδρᾳ
611 1019 810 1051 ἐπιξενοῦται.

159 1063 206 1091 05'.
226 1064 339 1098 Ὁμοίως
362 1063 476 1099 ὡρίσθη,
492 1064 561 1090 ὥστε
578 1064 672 1099 μηδενὶ
688 1065 788 1098 ἐξεῖναι
805 1064 904 1101 μεσίτῃ

120 1108 170 1143 τὴν
202 1109 336 1144 καθέδραν
362 1109 498 1144 κατέχειν,
514 1107 585 1145 ᾗτινι
606 1109 718 1145 μεσίτης
740 1109 838 1137 δίδοται
863 1110 907 1138 διὰ

127 1154 290 1189 οίισδήποτε
303 1155 358 1182 τῶν
372 1155 444 1181 λαῶν
457 1155 574 1190 σπουδῆς
594 1156 611 1191 ἢ
639 1155 821 1190 διχοστασίας,
839 1156 907 1182 ἀλλὰ

124 1200 285 1231 σπουδάζειν
299 1200 373 1231 ἑντδς
390 1200 525 1233 ἐνιαυτοῦ,
539 1201 597 1233 τοῖς
621 1201 713 1233 αὐτοῖς
730 1202 904 1236 προνοεῖσθαι

123 1244 289 1271 ἐπίσκοπον·
319 1246 344 1272 ει
365 1244 393 1272 δὲ
418 1245 484 1281 περὶ
506 1245 584 1272 τοῦτο
612 1246 744 1281 ἀμελήσοι
763 1246 834 1282 μετὰ
857 1247 907 1282 τὴν

123 1290 276 1325 περαίωσιν
291 1290 338 1317 τοῦ
353 1291 487 1322 ἐνιαυτοῦ,
499 1291 592 1327 ἕτερος
606 1291 729 1327 ψηφισθῇ
744 1293 870 1328 μεσίτης.

145 1334 280 1362 Evr-(560v
290 1335 497 1370 οὶκονμενικῆς
508 1335 597 1370 ἕκτης
613 1336 714 1364 κανὼν·
728 1336 771 1368 ιζ’,
785 1336 830 1372 ιη’,
843 1339 877 1364 κ’.

161 1378 204 1412 ιζ’.
234 1380 397 1421 Ἐπειδήπερ
426 1381 562 1418 διαφόρων
585 1382 751 1418 Ἐκκλησιῶν
767 1382 905 1418 κληρικοὶ,

125 1433 155 1453 κ.
165 1433 190 1452 τ.
204 1425 230 1453 λ.

162 1471 206 1507 ιη’.
220 1471 275 1504 Τὰς
286 1472 423 1508 προφάσει
441 1471 611 1509 βαρᾶῳικῆς
622 1472 783 1509 ἐπιδρομῆς,
802 1481 830 1501 κ.
844 1481 871 1501 τ.
883 1473 908 1501 λ.

162 1562 198 1586 κ’.
213 1559 258 1595 Μὴ
267 1560 368 1596 ἑξέστῳ
381 1561 522 1596 ἑπισκόπῳ
535 1561 575 1592 είς
585 1560 692 1596 ἑτέραν,
709 1569 737 1588 κ.
749 1569 773 1587 τ.
788 1560 815 1587 λ.

200 1616 332 1643 Συνόὸου
347 1617 470 1648 Νικαίας
485 1616 519 1643 τὸ
535 1616 676 1651 δεύτερον
691 1616 793 1644 κανὼν
812 1621 838 1644 ι’.

166 1673 231 1698 Ὅτι
250 1673 286 1699 οὐ
305 1672 353 1699 δεῖ
362 1673 526 1706 κληρικοὺς
552 1673 714 1700 ἀπολιπεῖν
729 1672 786 1707 τὴν
798 1673 914 1700 ἑαυτῶν

118 1718 298 1752 γπαροικίαν,
313 1718 363 1746 καὶ
382 1718 417 1746 ἐν
429 1718 516 1754 ἑτέρᾳ
541 1719 701 1754 ἀφικέσθαι
727 1719 817 1755 χωρίς
833 1719 915 1754 σιδή-

130 1770 208 1796 σεως
223 1764 276 1790 τοῦ
289 1763 469 1791 ἐπισκόπου.

171 1820 198 1844 ι’.
213 1817 320 1852 Ἐπειδή
333 1826 406 1850 τινες
419 1818 476 1846 τῶν
512 1817 650 1854 κληρικῶν
672 1819 917 1855 παραλογιζόμενοι

132 1863 183 1898 τὴν
214 1863 360 1898 κανονικὴν
385 1863 517 1896 διάταξιν,
544 1864 723 1896 ἀπολιπόντες
747 1865 797 1901 τὴν
811 1864 917 1892 ἑαυτῶν

133 1911 291 1946 παροικίαν,
305 1911 345 1942 εἰς
362 1911 458 1946 ἑτέραν
478 1911 625 1946 παροικίαν
649 1911 819 1947 ὲκτρέχουσι,
846 1911 918 1939 κατὰ

134 1957 261 1983 πλεῖστον
280 1956 308 1983 δὲ
334 1957 362 1984 ἑν
385 1956 472 1991 ταύτῃ
495 1957 529 1992 τῇ
544 1956 718 1991 θεοφυλάκτῳ
733 1957 781 1983 καὶ
803 1955 918 1991 βασιλίδι

134 2000 224 2033 πόλει,
240 2000 287 2027 καὶ
302 2001 341 2031 είς
351 2000 483 2036 ἄρχοντας
495 2001 733 2036 προσεδρεύουσιν,
748 2001 777 2028 ἐν
799 2001 857 2031 τοῖς
869 2001 919 2027 αό-

134 2046 190 2072 τῶν
206 2045 360 2080 εὐκτηρίοις
375 2046 424 2078 τὰς
443 2046 613 2081 λειτουργίας
635 2046 787 2078 ποιοῦντες,
803 2046 917 2078 τούτους

134 2090 183 2119 οὖν
203 2092 287 2127 χωρὶς
309 2091 357 2118 τοῦ
379 2092 444 2119 ἰδίου
462 2092 611 2119 ἐπισκόπου
629 2092 734 2119 καὶτοῦ
750 2093 921 2119 Κωνσταντι-

135 2137 298 2170 νουπόλεως,
309 2137 359 2164 οὐκ
374 2137 462 2170 ἔξεστι
473 2138 599 2173 δεχθῆναι
613 2139 642 2165 ἑν
653 2138 801 2174 οἱῳδήποτε
818 2137 884 2173 οίκῳ
902 2137 919 2173 ἢ

138 2183 282 2219 ἐκκλησίᾳ.
297 2184 328 2210 Εἰ
342 2183 370 2210 δέ
380 2192 423 2215 τις
443 2183 523 2210 τοῦτο
537 2184 655 2219 ποιήσει,
670 2185 806 2219 ἐπιμένων
821 2183 918 2210 καθαι-

991 964 1032 992 Nc
1054 966 1217 994 interventor
1232 967 1289 1003 (61)
1303 968 1440 1003 cpiscopus
1455 969 1618 1002 cathedram,
1635 969 1681 997 ubi
1696 971 1738 998 in-

956 1015 1087 1038 terventor
1102 1017 1151 1045 est,
1169 1017 1266 1041 teneat.

992 1057 1035 1084 74.
1048 1057 1112 1085 Item
1126 1060 1302 1087 constitutum
1316 1063 1358 1088 est
1370 1060 1394 1076 "
1405 1059 1473 1094 (ϐξ),
1486 1063 1516 1087 ut
1530 1060 1597 1087 nulli
1610 1060 1738 1088 interces-

956 1104 1011 1130 sori
1025 1103 1128 1131 licitum
1139 1104 1175 1132 sit
1187 1105 1354 1138 cathedram,
1364 1107 1407 1133 cui
1418 1106 1580 1133 intercessor
1592 1105 1672 1132 datus
1684 1110 1737 1136 est.

957 1149 1123 1184 quibuslibet
1159 1150 1319 1185 populorum
1351 1150 1450 1179 studiis
1488 1151 1530 1179 vel
1560 1151 1740 1179 seditionibus

957 1195 1083 1228 retinere,
1101 1197 1148 1225 sed
1162 1196 1228 1224 dare
1242 1204 1366 1232 operam,
1382 1202 1411 1225 ut
1428 1197 1500 1225 intra
1519 1204 1620 1224 annum
1635 1197 1740 1225 eisdem

957 1241 1115 1276 episcopum
1140 1243 1313 1277 provideant.
1339 1242 1418 1276 Quod
1444 1243 1467 1271 si
1496 1243 1655 1278 neglexerit,
1671 1249 1744 1271 anno

957 1291 1083 1322 exempto
1102 1287 1271 1316 interventor
1290 1289 1361 1317 alius
1383 1289 1530 1317 tribuatur.
1565 1287 1569 1289 Α

1039 1332 1152 1360 Concitii
1167 1335 1317 1361 tecumenici
1331 1342 1356 1362 vt
1370 1343 1480 1362 canones
1495 1335 1537 1367 l7,
1556 1335 1598 1368 l8,
1613 1334 1660 1362 20.

994 1378 1038 1405 Π.
1061 1377 1197 1413 Quoniam
1214 1379 1385 1408 diversarum
1402 1380 1600 1414 Ecclesiarum,
1624 1385 1692 1412 etc.,
1715 1383 1745 1406 ut

959 1431 1018 1457 sup.
1031 1431 1093 1459 pag.
1104 1423 1168 1452 546.

995 1469 1039 1497 18.
1060 1469 1112 1497 Eos
1124 1471 1171 1505 qui
1181 1469 1332 1499 barbariae
1343 1469 1508 1499 incursionis
1521 1474 1665 1505 prietextu,
1677 1475 1745 1505 etc.,

961 1519 989 1542 ut
1002 1523 1064 1550 pag.
1079 1515 1142 1543 547.

930 1556 952 1585 C
1002 1561 1038 1589 20
1071 1561 1110 1589 Ne
1121 1561 1202 1589 liceat
1214 1561 1352 1596 episcopo,
1367 1566 1434 1594 etc.,
1445 1565 1475 1588 ut
1488 1560 1554 1588 ibid.

1139 1617 1253 1645 Concilii
1272 1617 1377 1645 Nicwni
1391 1625 1409 1645 ιι
1422 1625 1507 1645 canon
1522 1617 1565 1646 lo.

1003 1673 1080 1706 Quod
1105 1681 1155 1700 non
1174 1679 1277 1708 oportet
1301 1673 1420 1707 clericos,
1443 1682 1492 1701 sua
1512 1674 1605 1701 relicta
1621 1673 1748 1709 parmcia,

963 1721 993 1747 in
1005 1719 1089 1748 aliam
1106 1727 1255 1754 excurrere,
1269 1720 1354 1749 nescio
1363 1720 1497 1757 episcopo.

1004 1820 1048 1848 10.
1071 1820 1206 1854 Quoniam
1222 1822 1345 1850 nonnulli
1359 1823 1462 1857 clerici,
1481 1823 1562 1859 197
1591 1823 1750 1852 canonicam

968 1866 1190 1894 constitutionem
1210 1867 1476 1902 circumscribentes,
1490 1877 1540 1897 sua
1554 1868 1647 1896 relicta
1661 1877 1752 1903 parm-

969 1911 1022 1944 cia,
1039 1912 1067 1939 in
1082 1911 1150 1939 alias
1163 1912 1298 1946 parteeias
1312 1918 1471 1947 excurrunt,
1494 1919 1523 1941 ut
1535 1914 1684 1949 plurimum
1700 1922 1752 1942 au-

970 1962 1024 1986 tem
1050 1957 1078 1984 in
1103 1957 1174 1984 hanc
1195 1964 1210 1984 a
1235 1960 1294 1990 Deo
1318 1959 1480 1985 custoditam
1508 1963 1536 1985 et
1550 1959 1753 1994 imperatoriam

971 2004 1076 2036 urbem,
1097 2008 1124 2031 et
1146 2003 1216 2038 apud
1236 2004 1373 2038 principes
1389 2004 1520 2036 assident,
1553 2009 1579 2031 et
1606 2005 1632 2031 in
1659 2012 1754 2032 eorum

971 2048 1097 2076 oratoriis
1118 2049 1210 2076 divina
1226 2049 1356 2084 mysteria
1370 2049 1472 2077 iaciunt
1487 2059 1494 2076 :
1511 2057 1558 2077 eos
1574 2050 1632 2077 sine
1647 2050 1755 2085 proprio

971 2095 1098 2129 episcopo
1113 2099 1139 2121 et
1153 2093 1455 2128 Constantinopolitano
1471 2102 1525 2122 non
1540 2095 1602 2122 licet
1619 2095 1645 2121 in
1659 2095 1756 2129 quavis

971 2140 1028 2166 aede
1043 2139 1085 2167 Vel
1098 2139 1211 2167 ecclesia
1227 2140 1320 2175 recipi.
1349 2139 1377 2167 Si
1393 2140 1454 2175 quis
1470 2145 1558 2167 autem
1583 2141 1634 2167 hoc
1651 2138 1755 2171 fecerit.

972 2184 995 2212 si
1011 2190 1175 2219 perseveret,
1202 2184 1363 2218 deponatur.
1391 2184 1551 2220 Quicunque
1576 2189 1668 2212 autem
1693 2191 1756 2211 cum

138 2228 248 2264 ρείσθω,
271 2228 329 2255 ὅσοι
360 2228 389 2254 δὲ
413 2228 470 2263 μετ’
487 2228 614 2263 είδήσεως
640 2228 700 2270 τῶν.
719 2228 920 2264 προλεχοὼτων

973 2230 1164 2265 praedictorum
1194 2230 1365 2258 sacerdotum
1391 2238 1526 2258 consensu
1564 2231 1615 2259 hoc
1640 2230 1756 2263 faciunt,

139 2273 237 2309 ἱερέων
248 2273 339 2308 ξτοῦτο
362 2273 495 2307 ποιοῦσιν,
511 2273 562 2301 οὐκ
575 2273 663 2306 ἔξεστι
680 2273 771 2306 αὐτοῖς
788 2275 922 2309 κοσμικὰς

137 2319 187 2346 καὶ
207 2319 337 2354 βιωτικὰς
354 2319 495 2354 φροντίδας
513 2319 762 2354 ἀναλαμϐάνεσθαι,
779 2319 817 2351 ὡς
835 2327 923 2346 κεκωε

138 2364 170 2390 λυ
175 2363 266 2399 μένοις
280 2364 359 2390 τοῦτο
375 2365 460 2391 ποιεῖν
472 2364 548 2399 παρὰ
562 2364 616 2391 τῶν
637 2364 718 2391 θείων
732 2364 864 2391 κανόνων.
886 2364 919 2391 Ei

137 2409 167 2442 δὲ
200 2418 243 2441 τις
268 2409 410 2445 φωραθείη
435 2409 488 2436 τῶν
510 2409 664 2445 λεγομένων
694 2409 859 2445 μειζοτέρων
873 2409 923 2444 τὴν

121 2459 125 2462 ’
140 2455 270 2490 φροντίδα
283 2456 399 2490 ἐπέχων,
409 2455 426 2489 ἢ
440 2454 589 2482 παυσάσθω
603 2455 620 2490 ἢ
635 2454 819 2490 καθαιρείσθω
830 2462 837 2470 ·
853 2454 923 2490 μᾶλ-

139 2501 186 2532 λον
198 2500 247 2535 μὲν
263 2498 310 2527 οὗν
325 2501 382 2536 ἡτω
403 2501 472 2536 πρὸς
494 2499 669 2527 διδασκαλίαν
693 2500 748 2527 τῶν
776 2508 806 2526 τε
822 2500 925 2528 παίδων

139 2547 189 2574 καὶ
200 2547 256 2574 τῶν
272 2547 396 2580 οἰκετῶν,
413 2546 643 2582 ὲπαναγινώσκων
664 2546 756 2578 αὐτοῖς
775 2547 825 2579 τὰς
852 2547 927 2580 θείας

139 2591 269 2627 Γραφάς·
285 2592 325 2624 είς
341 2591 420 2620 τοῦτο
433 2592 488 2628 γὰρ
500 2592 548 2620 καὶ
567 2592 617 2628 τὴν
630 2591 783 2628 ἱερωσύνην
799 2592 922 2629 ἐκληρώ-

141 2645 159 2663 σ
161 2646 220 2666 ατο.

179 2725 202 2740 τ’
217 2724 304 2752 Cone.
319 2723 448 2759 Carthag.
467 2731 494 2758 v,
507 2730 568 2751 can.
580 2723 608 2751 8.
626 2723 713 2751 Airic.
729 2730 753 2751 c.
770 2724 816 2752 41.

182 2806 238 2842 (6|)
252 2807 345 2842 erece
358 2806 510 2841 peregrinus
528 2806 573 2834 hic
589 2806 700 2842 dicitur,
715 2805 796 2833 male.

975 2283 1028 2302 non
1051 2275 1115 2302 licet
1132 2274 1172 2302 eis
1187 2281 1267 2302 curas
1293 2275 1438 2303 saeculares
1454 2280 1482 2302 et
1497 2275 1649 2303 mundanas
1671 2276 1759 2303 susci-

973 2327 1046 2355 pere,
1069 2324 1097 2346 ut
1111 2319 1158 2354 qui
1173 2319 1228 2347 sint
1245 2327 1259 2346 a
1278 2319 1429 2347 canonibus
1444 2318 1573 2354 prohibiti
1590 2319 1641 2347 hoc
1659 2318 1758 2347 facere.

974 2365 1002 2393 Si
1024 2366 1086 2400 quis
1108 2371 1198 2393 autem
1218 2373 1313 2393 eorum
1344 2366 1392 2400 qui
1408 2365 1536 2400 majores,
1555 2365 1582 2392 id
1599 2369 1641 2393 cst
1652 2370 1761 2393 curat0<

973 2417 1030 2443 res,
1046 2410 1228 2445 appellantur,
1238 2411 1416 2438 ‘cnrationem
1442 2410 1565 2438 obtinere
1576 2410 1760 2445 deprehensus

977 2455 1068 2489 fuerit,
1082 2456 1124 2483 vel
1139 2460 1237 2488 cesset,
1255 2456 1298 2484 vel
1316 2456 1477 2491 deponatur,
1495 2456 1585 2490 potius
1610 2461 1701 2483 autem
1719 2455 1762 2482 ol‘-

977 2500 1047 2529 ferat
1063 2508 1093 2528 se
1112 2501 1146 2528 ad
1171 2501 1308 2530 docendos
1323 2501 1395 2530 ﬁlios
1416 2505 1443 2529 et
1467 2508 1574 2535 servos,
1606 2502 1698 2537 legens
1722 2501 1762 2529 eis

977 2546 1084 2575 divinas
1101 2546 1278 2582 Scripturas:
1302 2547 1337 2576 ad
1358 2546 1412 2576 hoc
1425 2546 1499 2576 enim
1523 2548 1605 2575 etiam
1632 2547 1762 2576 sacerdo-

978 2592 1046 2620 tium
1063 2592 1178 2621 sortitus
1194 2597 1247 2621 est.

183 2834 239 2878 μίΞῇ
254 2834 553 2877 Βοιιὶΐιιὸιυοῖιιιῑιιοε.
571 2849 615 2869 an.
713 2849 744 2868 ex
760 2834 858 2868 concil.
875 2848 912 2874 v1,
929 2841 979 2868 sub
992 2837 1110 2866 Aurelio.
