1959 3061
203 144 256 176 σεδ

783 150 914 182 ΡΗΟΤΙΙ
934 151 1184 185 ΡΛΤΒΙΑΒΕΗΕ
1199 151 1252 188 CP.

1777 157 1831 192 6M

203 200 305 253 Synodi
328 210 386 253 (litat?
398 203 484 253 pr'ima
495 208 522 253 let
535 204 650 253 soccumla
674 211 841 253 nun‘cupalmlr
855 206 983 253 Constan-

1041 208 1283 253 Συνόδουναίκαὶ.
1295 211 1317 247 β’
1335 214 1595 253 ρὐγκροιριθεῐᾳης
1671 215 1830 253 Κωνοῖιιν-

243 237 351 271 tinopoli
369 238 398 264 in
424 238 518 274 templo
534 238 694 267 Sanctorum
718 237 904 274 Apostolorum
925 248 988 268 con-

239 277 353 306 gregata
367 280 450 299 canon
462 273 502 300 16.

237 335 353 370 Propter
378 337 566 366 contentiones
592 342 673 373 atque
689 339 837 374 tumultus,
862 345 926 373 etc.,
962 345 991 367 ιιι

202 389 263 416 pag.
285 381 346 408 486.

240 427 335 455 Const.
363 428 409 462 42,
430 429 472 456 tit.
499 429 526 462 3,
543 430 591 457 lib.
612 431 702 458 tcod.
726 431 784 459 ait:
806 432 848 460 0b
873 433 989 460 mullum

203 474 316 501 omnino
332 475 469 509 negotium
490 475 557 503 citra
572 477 681 511 jussum
704 478 836 513 principis
855 478 990 506 Constan-

204 519 318 554 tinopoli
341 520 487 555 episcopus
501 525 572 554 esto,
589 523 637 549 sed
659 524 855 558 apocrisiarios
878 524 988 552 mittito.

204 564 254 597 Qui
274 565 480 601 transgreditur,
499 566 526 603 [a
542 568 709 605 sacerdotio]
729 574 894 601 removetur,
912 577 944 597 ac
960 570 988 597 in

203 611 418 644 indignationem
444 611 571 641 incurrit.
599 613 694 642 Const.
724 619 814 642 autem
845 615 872 648 1,
890 616 932 643 tit.
961 616 988 649 l,

203 655 373 684 Novellarum
391 657 429 684 ait
446 667 452 685 :
469 658 565 687 Nullus
584 660 729 695 episcopus
751 668 767 687 a
794 669 842 688 sua
866 661 988 690 Ecclesia

203 700 320 734 amplius
345 708 462 733 anntttn,
488 702 540 729 nisi
556 710 591 730 ex
614 703 746 738 principis
769 705 859 739 jussu,
883 705 986 733 abesto.

203 744 368 773 Patriarchze
391 747 454 775 illos
473 747 500 774 in
525 747 656 777 Ecclesiis
675 749 733 777 suis
762 750 912 784 perdurare
940 759 987 779 co-

203 795 297 825 gunto.
324 790 354 819 Si
375 791 460 829 [quis]
480 801 545 821 vero
570 794 639 821 citra
657 794 862 830 imperatoriam
883 797 987 832 jussio-

204 842 265 862 nem
290 836 362 863 ultra
379 844 480 864 annum
511 838 592 870 absit,
620 839 680 873 ejus
706 844 810 868 tractus
830 842 984 876 patriarcha

203 889 344 909 sacrorutn
371 891 508 911 canonum
539 885 620 920 198
644 886 865 922 praescriptiones
892 888 986 916 obser-
1004 879 1026 907 Β

203 936 279 961 vans,
293 929 463 958 solemttihus
486 931 575 965 ipsum
590 937 685 959 vocato
704 933 800 960 edictis
816 943 823 961 :
841 939 868 962 et
891 934 913 961 si
929 942 990 962 0m-

203 975 268 1002 nino
299 976 491 1012 immorigerus
508 983 627 1010 maneat,
652 979 742 1013 ipsum
771 979 805 1006 ab
830 980 987 1016 episcopatu

202 1021 337 1056 depellito,
353 1028 435 1058 atque
456 1024 541 1050 alium
563 1024 655 1053 facito.
681 1024 707 1053 Si
733 1033 796 1054 vero
818 1034 872 1054 non
888 1032 990 1056 metro-

202 1068 349 1101 politatttts,
379 1070 427 1097 sed
456 1070 526 1097 alius
551 1070 697 1106 episcopus
725 1072 770 1104 sit,
794 1073 841 1105 qui
869 1078 987 1105 emanet,

202 1112 428 1146 ntetropolitanus
441 1113 569 1147 praedicta
591 1122 676 1149 super
701 1115 748 1142 illo
775 1115 870 1143 facito.
886 1115 987 1144 Verum

201 1157 224 1184 st
252 1162 401 1184 causentur
416 1158 451 1185 ob
467 1158 604 1193 propriam
631 1159 881 1189 ecclesiasticamre
911 1161 986 1190 litem

202 1200 244 1237 [se
258 1202 422 1239 Ecclesium]
446 1204 571 1231 deserere
586 1204 684 1232 debere
703 1215 709 1232 :
732 1206 837 1234 libellos
850 1208 988 1242 supplices

202 1248 234 1275 ad
248 1248 451 1283 imperatoriam
471 1250 639 1285 majestatem
660 1259 707 1284 per
724 1249 892 1286 (economos,
911 1255 988 1283 cleri-

199 1300 258 1326 cos,
269 1298 317 1320 attt
333 1294 524 1328 apocrisiarios
542 1296 681 1329 tnittunto,
700 1305 762 1332 qua).
773 1297 800 1324 in
822 1297 926 1336 [rebus]
942 1307 987 1327 ec-

198 1339 362 1368 clesiasticis
378 1340 547 1375 desiderant,
573 1342 753 1377 impetraturi.
771 1343 890 1372 Proinde
910 1352 987 1374 ante-

197 1392 279 1420 quam
301 1386 452 1413 secundum
479 1393 599 1415 canones
614 1388 718 1416 litteras
749 1391 986 1420 connnendatitias

196 1431 239 1464 (ut
254 1436 396 1467 vocantur)
411 1439 472 1466 qua:
498 1433 684 1461 testimonium
702 1434 737 1462 de
757 1436 919 1464 necessitate
938 1445 986 1472 pe-

197 1478 391 1512 regrinationis
408 1485 464 1505 sua:
482 1478 652 1513 perhibeant,
676 1488 692 1507 a
709 1482 918 1516 metropolitano
933 1491 984 1511 suo

195 1524 229 1550 ad
249 1525 452 1558 imperatoriam
468 1524 639 1560 majestatem
657 1528 794 1562 acceperit
810 1537 818 1554 :
838 1528 983 1563 episcopus

195 1568 354 1604 Byzantium
375 1577 410 1597 ne
422 1570 525 1598 venito.
542 1570 768 1606 Metropolitanus
791 1573 982 1608 peregrinatu-

195 1622 243 1642 rus
262 1615 458 1650 patriarchales
484 1616 591 1644 litteras
609 1617 737 1652 accipito.
757 1617 798 1645 Ne
823 1619 875 1653 ipsi
892 1627 939 1654 per
954 1628 982 1648 se

195 1660 240 1695 lde
255 1660 337 1688 rebus
351 1660 420 1696 suis]
442 1661 476 1688 ad
500 1662 705 1696 imperatoriam
723 1663 896 1698 majestatem
913 1664 980 1693 refe-

194 1711 275 1733 ruttto
291 1715 298 1733 :
317 1706 362 1733 sed
382 1714 444 1734 cum
460 1707 626 1742 patriarcha,
647 1713 696 1736 aut
711 1716 768 1736 sua:
783 1709 896 1737 ditionis
913 1718 982 1745 apo-

196 1750 330 1778 crisiariis
343 1752 576 1782 eommunicanto,
599 1760 631 1780 ac
653 1760 715 1780 cum
731 1753 785 1781 illis
803 1753 848 1790 [ad
863 1755 983 1791 impera-

195 1795 293 1831 torctn]
314 1797 511 1832 ingrediuntor.
533 1797 714 1826 Licetautem
738 1800 806 1834 ipsis
823 1800 905 1828 etiant
934 1809 983 1836 per

194 1842 393 1870 referendarius
421 1845 526 1878 inagna:
544 1843 673 1872 Ecclesiae
696 1846 738 1873 vel
764 1847 980 1881 patriarcharum

195 1887 293 1914 horum
318 1888 352 1914 ad
379 1888 572 1923 imperatorem
590 1890 704 1918 referre.
725 1891 842 1919 Constit.
857 1900 940 1926 porro
954 1893 981 1927 7,

197 1933 319 1968 rjusdt‘nn
336 1934 376 1960 tit.
407 1935 418 1961 ι
446 1933 645 1963 Novellarum:
670 1936 747 1969 Quod
774 1938 798 1966 si
824 1939 980 1974 episcopus,

193 1982 292 2016 inquit,
318 1981 403 2008 multo
418 1987 540 2016 tempore
555 1982 705 2011 Ecclesium
728 1993 806 2013 suam
829 1987 980 2022 reliquerit,

195 2036 230 2055 ne
241 2028 299 2063 ipse
314 2035 474 2056 mconomus
490 2034 615 2064 sumptus
625 2032 811 2066 suppeditato:
828 2033 874 2060 sed
885 2034 980 2062 istius-

193 2074 266 2101 modi
293 2079 419 2110 sutttptus
438 2075 463 2102 itt
480 2076 640 2104 occasiones
660 2077 859 2107 ecclesiasticas
879 2085 906 2107 et
924 2080 981 2115 pias

192 2120 321 2155 prtnbcto.
336 2121 368 2148 Et
380 2121 502 2156 ejusdem
515 2122 557 2149 tit.
571 2123 682 2150 constit.
698 2123 715 2150 5
726 2132 732 2149 :
744 2123 822 2157 Quod
838 2124 862 2152 si
877 2125 981 2160 episeo-

191 2174 243 2201 pus
259 2166 319 2194 sine
343 2165 444 2194 litteris
462 2168 504 2194 sui
525 2167 689 2202 patriarchas
713 2168 980 2206 Constantinopolim

191 2213 264 2245 ierit,
282 2220 312 2240 se
328 2213 362 2240 ab
383 2213 476 2240 ltahitu
493 2213 613 2240 alienant
642 2213 717 2241 facit.
743 2215 837 2243 Const.
867 2224 931 2244 vero
950 2217 979 2250 2,

190 2259 312 2294 ejusdem
330 2259 373 2286 tit.
398 2261 408 2287 1
428 2259 600 2287 Nevellarutn
618 2261 654 2287 ait
669 2269 676 2289 :
707 2261 835 2297 Episcopi
851 2270 980 2290 necessa-

192 2306 232 2332 ria
244 2305 277 2332 de
298 2313 380 2332 causa
394 2306 605 2340 peregrinaturi,
624 2307 845 2340 patriarcharum
861 2313 909 2335 aut
923 2316 980 2336 me-

192 2350 420 2384 tropolitanorum
449 2357 563 2377 suorum
595 2349 699 2378 litteras
728 2351 904 2385 accipiunto,
935 2352 980 2380 vel

190 2395 373 2430 imperatoria:
385 2395 623 2430 majestatisjussu
640 2396 847 2431 peregrinantor
863 2406 870 2430 ;
889 2402 916 2425 et
931 2398 979 2432 qui

191 2441 352 2475 patriarcha:
365 2441 668 2476 Constantinopolitano
684 2442 814 2474 subsunt,
825 2443 885 2470 sine
899 2444 980 2479 199

189 2488 276 2521 ipsius
290 2488 426 2522 permissu
448 2487 537 2522 ipsum
555 2495 589 2515 ne
609 2489 772 2515 aceedunto.
795 2489 846 2521 Qui
863 2489 915 2517 hoc
930 2498 978 2525 pa-

190 2539 233 2561 cto
250 2534 449 2569 peregrinatur,
468 2542 502 2561 ne
517 2534 636 2569 amplius
653 2542 726 2561 anno
737 2534 888 2562 Ecclesium
899 2543 977 2562 suam

188 2581 347 2615 relinquito.
365 2580 417 2614 Qui
437 2580 583 2615 episcopus
606 2579 872 2615 Constantinopolim
894 2589 977 2608 vene—

191 2629 235 2660 rit,
251 2628 452 2663 qualiscunque
477 2627 523 2658 sit,
550 2626 582 2654 ad
601 2626 786 2661 patriarcham
815 2626 976 2661 ingreditur,

188 2678 214 2700 et
232 2680 280 2707 per
304 2673 394 2707 ipsum
414 2671 448 2698 ad
472 2671 678 2706 imperatorem.
705 2671 809 2698 Contra
838 2672 906 2703 lure,
930 2677 978 2700 aut

187 2727 270 2753 supra
282 2716 440 2754 [statutum]
459 2722 566 2751 tempus
584 2716 822 2752 peregrinantibus
838 2719 976 2745 teconomi

187 2768 314 2798 sumptus
343 2772 378 2791 ne
403 2763 652 2790 subministrante:
680 2767 707 2790 et
734 2763 890 2790 sacerdotes
925 2764 977 2791 sub

187 2811 287 2844 quibus
301 2815 459 2842 censentur,
479 2815 508 2836 ttt
521 2814 705 2840 revertantur,
720 2817 768 2843 per
787 2808 891 2836 litteras
910 2809 975 2838 hor—

187 2862 281 2886 tantor
299 2869 303 2874 -
322 2859 344 2886 si
359 2859 508 2893 dillct'ent”
529 2859 560 2886 ad
590 2857 707 2894 [iudicii]
737 2859 887 2887 certamina
911 2868 975 2888 evo-

1077 247 1258 314 rwoyﬂdéet,
1270 247 1304 274 ἐν
1312 247 1351 279 τῷ
1366 248 1428 281 ναῷ
1439 247 1499 276 τῶν
1520 249 1621 284 Ἁγίων
1632 249 1831 285 Ἆποστόλων,

1077 287 1177 307 κανων
1189 290 1196 307 ι
1229 302 1236 308 .

1077 287 1177 307 κανων
1189 287 1236 308 ις’.

1076 349 1126 376 Διὰ
1146 349 1195 381 τὰς
1216 349 1381 384 φιλονεικίας
1396 358 1426 377 τε
1449 351 1496 377 καὶ
1511 352 1644 387 ταραχὰς,
1659 361 1687 380 κ.
1700 361 1725 380 τ.
1740 352 1766 382 λ.

1083 437 1117 464 Ἡ
1136 438 1180 473 μβ¹
1195 438 1316 471 διάταξις
1328 439 1375 467 τοῦ
1390 439 1416 474 υ(
1427 440 1480 467 τίτ.
1498 439 1546 467 τοῦ
1561 443 1585 467 α’
1601 440 1672 476 βιϐλ.
1693 441 1742 472 τοῦ
1763 441 1829 470 κώδ.

1040 485 1356 519 φησὶν,ὄτιἘπίσκοπος
1372 486 1415 520 ἐφ’
1429 486 1579 521 οιῳδήππε
1595 488 1737 523 πράγματι
1753 489 1830 523 παρά

1040 528 1162 556 κέλευσιν
1187 529 1328 564 βασιλέως,
1354 531 1383 557 ὲν
1406 531 1692 559 Κωνσταντινουπόλει
1715 532 1753 568 μὴ
1785 541 1830 567 γι-

1039 574 1137 607 νέσθω,
1163 574 1220 601 ἀλλ’
1245 576 1471 612 ἀποκρισιαρίους
1491 576 1622 604 στελλέτω
1634 585 1642 593 '
1667 577 1722 605 όδὲ
1740 586 1830 614 παρα-

1039 619 1140 647 ϐαίνων
1160 621 1354 655 ἀγανακτεῖται
1375 623 1422 649 καὶ
1438 622 1607 656 ἀφορίζεται.
1625 621 1659 649 Ἦ
1673 622 1702 649 δὲ
1717 623 1742 650 α’
1758 624 1829 652 διάτ.

1038 665 1085 692 τοῦ
1099 669 1122 692 α’
1138 667 1190 693 τίτ.
1204 667 1257 693 τῶν
1273 666 1387 702 Νεαρῶν
1402 667 1478 703 φησί·
1493 667 1596 703 Μηδεὶς
1611 668 1762 700 ἐπίσκοπος
1775 669 1828 701 ἔξω

1037 711 1087 746 τῆς
1097 711 1178 739 αὐτοῦ
1187 712 1285 747 Ἐκκλη
1290 713 1359 744 σίας,
1370 713 1450 739 πλέον
1460 713 1583 740 ἐνιαυτοῦ
1589 713 1830 748 ἀπολιμπανέσθω,

1037 758 1062 784 εί
1083 758 1120 794 μὴ
1137 758 1208 785 κατά
1233 758 1376 794 βασιλικὴν
1398 757 1542 791 κέλευσιν,
1570 759 1626 785 τῶν
1649 759 1831 795 πατριαρχῶν

1036 803 1244 837 ἀναγκαζόντων
1258 803 1366 836 αὐτοὺς,
1379 804 1439 836 ταῖς
1454 804 1542 830 αὐτῶν
1565 804 1737 839 Ἐκκλησίαις
1745 812 1832 840 προσ-

1040 851 1194 884 καρτερεῖν.
1209 849 1239 875 Et
1254 850 1282 876 δὲ
1300 849 1376 885 παρά
1393 849 1534 884 βασιλικὴν
1551 850 1684 880 κέλευσιν.
1698 850 1769 886 πέρα
1780 849 1829 877 τοῦ

1040 894 1163 921 ἐνιαυτοῦ
1182 895 1375 929 ἀπολειφθείη,
1400 896 1414 921 ὁ
1433 895 1479 922 τοῦ
1504 890 1635 930 κλίματος
1657 896 1830 930 πατριάρχης

1039 940 1119 967 αὐτὸν
1134 940 1249 968 καλείτω
1261 941 1317 972 τοῖς
1330 941 1533 975 νενομισμένοις
1544 941 1714 976 κηρύγμασι,
1728 941 1831 975 φυλάτ-

1038 995 1092 1014 των
1117 987 1167 1021 τὴν
1191 986 1245 1013 τῶν
1266 986 1347 1021 ἱερῶν
1371 987 1491 1012 κανόνων
1512 987 1715 1022 παρατήρησιν.
1741 987 1773 1013 Et
1799 986 1830 1013 δὲ.

1040 1031 1127 1068 μείνοι
1153 1032 1232 1067 μέχρι
1249 1032 1348 1062 παντὸς
1369 1031 1499 1062 ἀπειθῶν,
1525 1031 1660 1063 ὲξωθείτω
1680 1032 1761 1059 αὐτόν
1776 1032 1829 1066 τῆς

1038 1078 1209 1111 ἐπισκοπῆς,
1235 1077 1281 1103 καὶ
1301 1076 1394 1112 ἕτερον
1411 1077 1537 1103 ποιείτω·
1556 1078 1580 1103 εἰ
1594 1077 1622 1104 δὲ
1636 1077 1673 1113 μὴ
1690 1085 1829 1116 μητροποέ

1037 1124 1125 1158 λίτης,
1149 1122 1206 1149 ἀλλ’
1228 1122 1321 1157 ἕτερος
1342 1121 1490 1153 ὲπίσκοπός
1514 1122 1587 1147 ἐστιν
1609 1121 1623 1147 ό
1639 1121 1829 1156 ἀπολιμπανό-

1040 1178 1137 1204 μενος,
1168 1169 1182 1195 ὁ
1214 1167 1415 1203 μητροπολίτης
1451 1167 1495 1193 ὲπ*
1527 1166 1601 1202 αὐτῷ
1631 1167 1665 1194 τὰ
1694 1166 1828 1201 είρημένα

1038 1215 1160 1242 ποιείτω.
1187 1214 1218 1241 Et
1234 1214 1263 1240 δὲ
1284 1213 1480 1248 προφασίζοιτο
1504 1213 1580 1248 δίκης
1597 1213 1689 1240 ἕνεκεν
1706 1213 1792 1248 ίδικῆς
1807 1212 1825 1247 ἢ

1037 1259 1284 1295 ὲκκλησιαστικῆς,
1308 1258 1426 1294 ὀφείλειν
1449 1257 1695 1293 ἀπολιμπάνεσθαι,
1720 1258 1827 1293 δεήσεις

1038 1308 1070 1342 τῇ
1087 1306 1210 1341 βασιλείᾳ
1224 1305 1268 1332 διὰ
1281 1305 1336 1331 τῶν
1350 1304 1511 1339 οἰκονόμων,
1525 1303 1541 1340 ἦ
1558 1303 1707 1339 κληρικῶν,
1724 1303 1740 1339 ἢ
1758 1304 1828 1330 ἀπο-

1037 1351 1198 1387 κρισιαρίων
1211 1351 1403 1385 πεμπέτωσαν,
1417 1349 1572 1384 τευξόμενοι
1585 1349 1648 1385 περὶ
1661 1349 1714 1376 τῶν
1725 1349 1828 1385 ἐκκλη-

1037 1396 1196 1428 σιαστικῶν,
1211 1395 1266 1422 τῶν
1283 1395 1467 1431 ζητουμένων.
1486 1395 1531 1430 Μὴ
1546 1394 1644 1422 ἀνιέτω
1661 1395 1689 1421 δὲ
1712 1395 1827 1421 ἐπίσκο-

1035 1451 1086 1474 πος
1107 1443 1137 1469 ὲν
1160 1441 1310 1476 Βυζαντίῳ,
1328 1440 1393 1476 πρὶν
1418 1440 1450 1467 ἂν
1467 1440 1538 1467 κατὰ
1551 1441 1614 1472 τοὺς
1635 1441 1760 1472 κανόνας,
1777 1439 1826 1466 τοῦ

1035 1489 1137 1516 οῑκείου
1155 1497 1208 1524 μητ
1214 1487 1354 1524 ροπολίτου
1370 1487 1445 1513 λάϐοι
1459 1487 1610 1522 γράμματα
1623 1486 1657 1512 τὰ
1671 1485 1827 1520 καλούμενα.

1037 1534 1197 1568 συστατικὰ,
1225 1533 1293 1570 προς
1315 1533 1365 1568 τὴν
1388 1532 1541 1568 βασιλείαν,
1568 1530 1759 1567 μαρτυροῦντα
1785 1530 1826 1566 τῷ

1036 1581 1177 1616 ἀναγκαίῳ
1198 1580 1247 1615 τῆς
1264 1577 1427 1614 ἀποδημίας.
1451 1578 1480 1605 '0
1494 1577 1522 1604 δὲ
1541 1577 1742 1613 μητροπολίτης
1757 1576 1828 1602 ἀπο-

1035 1627 1141 1663 δημῶν,
1164 1626 1353 1662 πατριαρχικὰ
1367 1624 1528 1660 λαμϐανέτω
1543 1623 1705 1659 γράμματα,
1725 1622 1771 1649 καὶ
1787 1621 1828 1657 μὴ

1035 1674 1069 1700 δι’
1082 1673 1185 1700 ἑαυτῶν
1200 1673 1376 1708 μηνυέτωσαν
1392 1671 1460 1707 πρὸς
1474 1671 1524 1706 τὴν
1541 1670 1690 1705 βασιλείαν,
1706 1668 1775 1696 ἀλλά
1785 1668 1827 1704 τῷ

1036 1719 1194 1755 πατριάρχῃ
1219 1718 1235 1754 ἢ
1258 1719 1314 1750 τοῖς
1334 1716 1556 1752 ἀποκρισιαρίοις
1574 1715 1625 1750 τῆς
1644 1715 1733 1741 αὐτῶν
1756 1714 1826 1741 διοι-

1035 1765 1144 1799 κήσεως
1167 1762 1385 1795 κοινούσθωσαν,
1417 1762 1464 1789 καὶ
1497 1762 1588 1793 αὺτοῖς
1618 1759 1826 1788 συνεισίτωσαν.

1037 1810 1147 1843 Ἔξεστι
1171 1810 1199 1836 δὲ
1218 1809 1320 1840 αὐτοῖς,
1335 1808 1383 1835 καὶ¹
1396 1808 1440 1835 διὰ
1455 1807 1509 1834 τῶν
1525 1806 1757 1842 ραιφερενδαρίων
1774 1805 1827 1838 τῆς

1037 1856 1158 1892 μεγάλης
1180 1855 1355 1890 Ἐκκλησίας,
1374 1854 1391 1889 ἢ
1412 1854 1456 1881 διὰ
1472 1854 1525 1880 τῶν
1539 1853 1755 1889 ἀποκρισιαρίων
1769 1852 1827 1879 τῶν

1035 1901 1213 1938 πατριαρχῶν
1229 1901 1331 1932 αὐτῶν,
1350 1901 1495 1935 ἀναφέρειν
1514 1899 1552 1934 τῷ
1570 1899 1686 1934 βασιλεῖ.
1704 1899 1736 1924 'H
1758 1898 1787 1924 δὲ
1801 1897 1826 1930 ζ’

1034 1949 1103 1976 διάτ.
1127 1948 1174 1975 τοῦ
1191 1947 1274 1974 αὐτοῦ
1292 1950 1316 1974 α’
1329 1947 1382 1974 τίτ,
1397 1946 1451 1972 τῶν
1465 1946 1578 1981 Νεαρῶν
1593 1945 1685 1980 φησὶν,
1700 1945 1742 1971 ὅτι
1762 1943 1829 1971 Ἐὰν

1034 1993 1182 2024 ἐπίσκοπος
1197 1992 1292 2027 χρόνον
1308 1991 1391 2018 πολὺν
1417 1990 1468 2025 τῆς
1484 1990 1551 2022 ιδίας
1571 1989 1734 2025 Ἐκκλησίας
1756 1990 1828 2015 ἁπο-

1034 2039 1140 2074 λειφοῇ,
1172 2038 1209 2074 μὴ
1231 2037 1383 2073 χορηγείτω
1409 2036 1483 2072 αὐτῷ
1504 2035 1626 2068 δαπάνας
1641 2037 1655 2063 ὁ
1671 2036 1825 2071 οἰκονόμος,

1035 2085 1091 2111 ἀλλ’
1105 2085 1122 2120 η
1136 2083 1248 2118 τοιαύτη
1259 2083 1367 2118 δαπάνη
1383 2082 1546 2118 παρεχέσϐω
1558 2083 1598 2113 εἰς
1613 2083 1764 2117 προφάσεις
1779 2082 1828 2108 ὲκ-

1034 2129 1233 2166 κλησιαστικὰς
1248 2130 1295 2156 καὶ
1310 2129 1443 2160 εὐσεϐεῖς.
1459 2129 1515 2155 Καὶ
1528 2129 1545 2163 ἡ
1562 2131 1587 2162 γ’
1603 2127 1651 2154 τοῦ
1673 2126 1755 2154 αὐτοῦ
1769 2127 1825 2154 τίτ.

1033 2176 1104 2203 διάτ.
1119 2175 1213 2210 φησὶν,
1232 2174 1309 2201 ὃτιὈ
1325 2174 1474 2206 ἐπίσκοπος
1484 2175 1568 2209 χωρὶς
1584 2174 1755 2209 γραμμάτων
1775 2173 1826 2200 τοῦ

997 2238 1019 2266 D
1035 2221 1206 2258 πατριάρχου
1220 2220 1314 2252 αὐτοῦ,
1330 2220 1413 2247 ἀνιὼν
1427 2221 1456 2247 ὲν
1469 2220 1764 2252 Κωνσταντινουπόλει,
1777 2219 1829 2246 ἀλ-

1034 2268 1140 2303 λότριον
1164 2268 1260 2294 ἑαυτὸν
1275 2267 1348 2293 ποιεῖ
1363 2265 1412 2293 τοῦ
1433 2266 1582 2301 σχήματος,
1597 2266 1631 2292 Ἦ
1654 2266 1683 2292 δὲ
1706 2265 1729 2300 β’
1750 2266 1825 2293 διάτ.

1033 2313 1080 2340 τοῦ
1106 2313 1187 2340 αὑτοῦ
1203 2312 1226 2339 α’
1243 2312 1296 2339 τῶν
1313 2311 1428 2347 Νεαρῶν
1451 2311 1545 2346 φησὶν,
1566 2311 1608 2338 ὅτι
1629 2311 1708 2338 Κατά
1727 2311 1826 2346 χρείας

1033 2359 1184 2394 ἀναγκαίας
1216 2358 1398 2394 ἐκδημοῦντες
1422 2359 1447 2384 ol.
1473 2358 1634 2390 ἐπίσκοποι,
1669 2357 1827 2393 γράμματα

1032 2405 1246 2441 λαμϐανέτωσαν
1259 2405 1312 2432 τῶν
1327 2405 1504 2441 πατριαρχῶν
1521 2404 1610 2432 αὐτῶν
1624 2404 1641 2440 ἦ
1659 2404 1827 2440 μητροπολι-

1032 2451 1097 2485 τῶν,
1123 2451 1138 2486 ἢ
1170 2451 1240 2478 κατὰ
1258 2451 1399 2486 βασιλικὴν
1424 2451 1549 2478 κέλευσιν
1573 2451 1823 2485 ἀποδημείτωσαν’

1032 2498 1079 2524 καὶ
1102 2499 1125 2524 οἰ
1152 2497 1204 2523 ὑπὸ
1227 2497 1273 2523 τὸν
1302 2495 1611 2528 Κωνσταντινουπόλεως
1635 2497 1822 2532 πατριάρχην,

1032 2544 1117 2579 χωρὶς
1131 2543 1282 2579 ἐπιτροπῆς
1297 2542 1379 2569 αὐτοῦ
1394 2544 1433 2574 εἰς
1447 2542 1532 2577 αὐτὴν
1547 2543 1584 2577 μὴ
1599 2542 1733 2568 ἀνίτωσαν
1745 2549 1753 2556 ·
1774 2542 1824 2569 καὶ

1031 2591 1045 2616 ὁ
1057 2590 1142 2621 οὕτως
1159 2589 1315 2624 ἀποδημῶν,
1334 2589 1370 2624 μὴ
1386 2589 1465 2615 πλέον
1481 2587 1606 2615 ἐνιαυτοῦ
1616 2588 1665 2623 τὴν
1679 2588 1746 2614 ἰδίαν
1759 2588 1823 2614 Ἐκ-

1031 2636 1145 2670 κλησίαν
1162 2636 1243 2662 tam.
1266 2635 1295 2661 '0
1311 2634 1339 2660 δὲ
1356 2633 1575 2669 παραγινόμενος
1595 2634 1623 2659 ὲν
1646 2634 1822 2660 Κωναταντι-

1031 2683 1154 2709 νουπὸλει
1186 2682 1344 2716 οίοσδήποτε
1373 2680 1536 2713 ἐπίσκοπος,
1561 2680 1653 2706 εἰσίτω
1684 2679 1752 2715 πρὸς
1774 2679 1821 2707 τὸν

1032 2728 1216 2764 πατριάρχην,
1243 2728 1290 2755 καὶ
1306 2728 1340 2754 δι’
1365 2727 1447 2754 αὑτοῦ
1464 2726 1533 2762 πρὸς
1554 2726 1598 2753 τὸν
1615 2726 1736 2761 βασιλέα.
1757 2726 1822 2758 Τοῖς

1031 2776 1106 2811 παρὰ
1121 2775 1219 2807 ταῦτα,
1236 2775 1252 2810 ἢ
1270 2775 1339 2810 ὑπὲρ
1356 2775 1401 2800 τὸν
1415 2773 1510 2808 χρόνον
1525 2773 1724 2808 ἀποδημοῦσιν,
1740 2774 1763 2800 οί
1779 2775 1821 2800 ot-

1031 2823 1140 2858 κονόμοι
1165 2822 1286 2852 δαπάνας
1315 2821 1352 2855 μὴ
1381 2819 1602 2855 χορηγείτωσαν,
1630 2819 1677 2846 καὶ
1703 2828 1821 2854 προτρε-

1033 2870 1155 2896 πὲτωααν
1169 2867 1267 2900 αὐτοὺς
1287 2867 1309 2894 οἱ
1327 2866 1409 2902 ιερεῖς
1427 2865 1472 2902 ὑφ’
1489 2864 1535 2897 οὓς
1549 2865 1657 2893 τελοῦσι
1670 2865 1714 2893 διὰ
1726 2873 1818 2902 γραμ-
