1959 3061
116 149 168 185 665

468 152 669 184 SYNTAGMA
688 153 882 185 CANONUM.

953 153 1026 186 TIT.
1045 156 1130 188 VIII.
1144 158 1223 191 CAP.
1244 161 1304 193 [Π.
1330 162 1378 195 IV.

1695 170 1724 205 6(
1730 174 1749 206 6

118 209 211 244 μάτων
223 208 411 245 ὑποστρέιιιαι⁸
435 209 482 237 καὶ
497 209 740 247 ὑπερτιθεμένους,
758 211 827 246 πρὸς
841 210 897 242 τοὺς

956 217 1038 241 canto
1055 223 1062 242 :
1080 219 1109 243 et
1124 216 1176 243 nisi
1199 217 1270 246 intra
1285 219 1467 253 praestitutum
1483 225 1590 258 tempus
1604 229 1747 253 revertan-

117 257 229 288 κανόνας
252 257 422 284 καλείτωσαν
435 265 442 273 ·
468 257 516 284 καὶ
543 257 580 293 μὴ
596 257 818 293 ὑποστρέφοντας
839 257 904 284 είσω

116 304 161 330 τοῦ
182 303 343 338 ὁριζομένου
366 303 475 338 χρόνον,
497 303 715 336 ἐκσαλλὲτωσαν,
740 304 788 330 καὶ
808 303 904 335 ἄλλους

117 349 365 384 χειροτονείτωσαν.
389 350 429 376 Τά
448 349 517 376 αὐτὰ
532 350 580 376 καὶ
599 350 663 385 περὶ
682 349 820 385 κληρικῶν
834 350 904 376 σίου-

117 394 213 429 δήποτε
229 393 335 430 βαθμοῦ
357 397 464 430 κρατεῖ.
493 395 526 421 Ἠ
541 394 570 421 δὲ
587 394 620 430 ιβ’
635 394 705 422 διάτ.
718 395 767 421 τοῦ
780 393 863 422 αὑτοῦ
878 396 905 421 α’

116 441 166 467 τιτ.
179 439 235 466 τῶν
245 440 360 475 Νεαρῶν
370 440 600 474 παρακελεύεται,
614 441 659 467 ἵνα.
678 441 741 468 Ἐάν
754 449 827 473 τινος
840 440 904 467 Ἐκ-

117 486 229 520 κλησίας
243 486 383 513 ἀποστῶσι
396 486 534 521 κληρικοὶ,
549 486 638 522 ἕτεροι
648 487 903 522 ἀντικαθιστάμενοι

115 533 163 564 τὰς
177 532 267 559 αὐτῶν
276 532 395 568 σιτήσεις
404 532 573 567 λαμϐάνωσι,
583 533 630 559 καὶ
639 532 676 568 μὴ
685 532 903 568 ὑποστρέφοντας

115 578 212 609 αὐτοὺς
226 577 374 613 λαμϐάνειν
388 577 484 610 αὑτὰς,
501 578 548 604 καὶ
564 578 631 613 μηδὲ
648 577 797 613 κερδαίνειν
818 578 903 609 αὑτὰς

115 624 176 654 τοὺς
191 622 376 658 χορηγοῦντας
387 631 395 638 ·
417 624 441 649 εί
464 623 492 650 δὲ
508 624 680 659 στερήσουσι,
698 625 793 659 κτῆσις
814 624 903 651 αὐτῶν

116 668 185 703 ῥητὴ
203 669 260 700 τοῖς
273 669 416 704 πριὸἀτοις
428 669 598 704 ἀφορίζεται,
615 669 685 696 ὥστε
700 669 751 705 τὴν
771 670 903 706 χορηγίαν

116 714 165 749 τῆς
181 715 313 750 σιτήσεως
329 715 434 742 ἐκεῖθεν
446 715 577 749 γίνεσθαι.

150 761 276 788 ΚΕΦΔΔ,
292 760 330 788 I".
350 776 386 781 —
405 760 475 795 Περι
494 761 548 789 τοῦ
565 761 674 796 χρῆναι
687 762 759 795 τοὺς
778 762 901 790 ἐπισκό-

115 815 191 840 πους
206 808 258 839 τὰς
279 807 376 839 αἰτίας
393 806 447 841 τῆς
467 807 637 842 ὁδοιπορίας
661 808 722 834 τῶν
739 808 777 835 δι’
794 808 903 843 ,αὐτῶν

114 855 282 890 παριόντων
296 854 472 882 ἐπισκόπων
485 856 759 890 πολυπραγμονεῖν.

263 901 399 928 Συνόδου
411 901 560 936 Σαρδικῆς
576 901 676 928 κανὼν
694 905 749 929 κα’.

146 957 305 989 Γαυδέντιος
345 957 493 989 ἐπίσκοπος
536 956 618 985 εἷπε·
654 958 747 985 Ταῦτα
775 958 811 986 τὰ
848 968 901 987 σω·

113 1004 251 1039 τηριωδῶς
271 1004 318 1030 καὶ
340 1004 496 1035 ἀκολούθως
516 1004 661 1039 ὁρισθέντα
677 1005 725 1031 καὶ
740 1005 901 1040 πρεπόντως

111 1051 143 1085 τῆ
164 1049 289 1085 ἐπιτιμία
313 1049 390 1085 ὑμῶν
412 1050 468 1077 τῶν
485 1051 592 1084 ἱερέων,
617 1051 664 1077 καὶ
684 1050 744 1086 Θεῷ
765 1051 901 1086 ἀρέσαντα

112 1096 157 1121 καὶ
175 1095 340 1130 ἀνθρώποις,
363 1095 414 1131 τὴν
437 1095 552 1130 δύναμιν
570 1097 617 1123 καὶ
640 1097 690 1132 τὴν
706 1097 782 1132 ίσχὺν
797 1098 900 1126 ἑαυτῶν

111 1143 258 1176 κατασχεῖν
288 1142 318 1167 οὐ
344 1141 514 1177 δυνήσονται,
541 1142 589 1169 ἐὰν
612 1142 649 1178 μὴ
673 1143 720 1169 καὶ
737 1143 820 1178 φὸὃος
840 1144 900 1175 ταῖς

111 1187 308 1222 ἐξενεχθείσαις
328 1187 500 1222 ἀποφάσεσιν
525 1188 706 1225 ἀκολουθήσῃ.
730 1190 824 1224 Ἴσμεν
844 1189 898 1225 γὰρ

110 1233 157 1259 καὶ
170 1233 247 1259 αὐτοὶ
264 1233 424 1266 πλεονάκις,
451 1232 496 1260 διὰ
510 1233 560 1269 τὴν
575 1233 673 1268 ὀλίγων
693 1235 896 1270 ἀναισχυντίαν,

109 1278 139 1305 τὸ
154 1279 224 1305 θεῖον
237 1279 283 1306 καλ,
299 1279 520 1314 σεϐασμιώτατον
534 1279 620 1314 ὄνομα
633 1281 682 1315 τῆς
698 1281 846 1316 ἱερωσύνης
858 1282 898 1313 εἰς

108 1325 281 1358 κατάγνωσιν
293 1325 461 1360 ἐληλυθέναι.
478 1327 509 1352 Ei
523 1326 613 1353 τοίνυν
631 1335 674 1358 τις
690 1327 764 1362 παρὰ
780 1327 814 1353 τὰ
830 1327 898 1354 πᾶσι

107 1370 237 1402 δόξαντα,
261 1371 393 1406 τολμήσοι
416 1371 594 1404 σπουδάζων,
619 1371 696 1407 τύφῳ
723 1372 823 1407 μᾶλλον
849 1372 898 1399 καὶ

108 1416 262 1452 ἀλαζονείᾳ,
274 1417 290 1452 ἢ
300 1416 339 1452 τῷ
351 1417 410 1453 Θεῷ
421 1418 531 1453 ἀρέσαι,
543 1418 637 1453 ἔτερόν
649 1427 675 1445 τι
685 1417 895 1453 διαπράξασθαι,

106 1463 158 1498 ἤδη
181 1463 340 1497 γινωσκέτω
357 1464 510 1499 ἐγκλήματι
532 1463 683 1498 ἀπολογίας
699 1464 793 1491 ἐαυτὸν
809 1465 895 1491 ὑπεύ-

107 1507 188 1535 θυνον
201 1509 392 1540 καθίστασθαι.
407 1510 455 1537 καὶ
467 1510 517 1545 τὴν
527 1510 610 1546 τιμὴν
622 1510 669 1537 καὶ
683 1510 713 1537 τὸ
724 1510 834 1546 ἀξίωμα
845 1510 896 1546 τῆς

105 1553 259 1590 ἐπισκοπῆς
277 1554 450 1583 ἀποϐάλλειν.

140 1644 279 1677 ’Δπαντες
294 1645 491 1681 ἀπεκρίναντο⁹
515 1646 620 1682 Πρέπει
636 1646 683 1674 καὶ
704 1646 816 1682 ἀρέσκει
831 1647 898 1682 ἡμῖν

105 1690 122 1724 ἡ
145 1690 258 1726 τοιαύτη
283 1691 392 1727 γνώμη.
420 1691 476 1719 Καὶ
496 1691 576 1719 scito
601 1692 630 1719 δὲ
653 1692 759 1720 ἐκεῖθεν
779 1692 898 1727 μάλιστα

104 1734 243 1770 γνώριμον
255 1737 412 1771 γενήσεται,
424 1737 471 1764 καὶ
482 1737 704 1773 πληρωθήσεται,
718 1738 765 1765 ἐὰν
781 1737 898 1770 ἕκαστος

103 1782 120 1816 ἡ
125 1781 183 1815 μῶν
195 1781 249 1808 τῶν
259 1783 288 1809 ἐν
300 1784 361 1814 ταῖς
375 1783 505 1820 παρόδοις
515 1784 574 1819 ἦτοι
587 1783 707 1820 καναλίῳ
718 1783 898 1811 καθεστώτων

103 1826 273 1860 ἐπισκόπων,
290 1828 434 1867 ἐπιζητοίη
448 1829 498 1865 τὴν
521 1829 612 1857 αἰτίαν
634 1830 685 1866 τῆς
705 1830 834 1865 παρόδου,
850 1829 898 1857 καὶ

101 1871 155 1898 ποῦ
170 1871 218 1908 τὴν
235 1874 349 1912 πορείαν
370 1877 497 1903 ποιεῖται.
516 1876 571 1903 Καὶ
595 1876 643 1903 ἐὰν
659 1876 709 1911 μὲν
724 1875 793 1912 εὕρῃ
815 1876 897 1904 αὐτὸν

101 1917 152 1947 ὲιῖζ
169 1918 209 1948 τὸν
223 1921 404 1957 στρατόπεδον
419 1922 536 1949 ἀπιόντα
546 1942 553 1955 ,
579 1921 738 1957 ἐπιζητήσει
757 1921 806 1953 τὰς
822 1921 898 1957 αίρὲ-

103 1977 163 2000 σεις
199 1968 249 1999 τὰς
277 1968 369 1995 ἐπάνω
404 1968 612 2004 προκειμένας·
649 1968 702 1995 κᾶν
730 1967 895 2003 κεκλημένος

101 2013 263 2047 ἀφικνῆται,
285 2013 393 2040 ἀπιόντι
418 2012 494 2048 αὺτῷ
510 2012 594 2049 μηδὲν
617 2013 747 2047 ἐμπόδιον
763 2012 893 2047 γίγνοιτο.

102 2060 136 2086 Εἰ
165 2059 194 2085 δέ
222 2059 377 2092 ἐπιδείξεως
410 2059 509 2095 χάριν,
543 2058 635 2090 καθὼς
666 2058 829 2094 προείρηται
862 2059 894 2094 τῇ

101 2105 226 2140 ὑμετέρᾳ
238 2105 342 2141 ἀγάπῃ,
390 2105 435 2132 διά
447 2113 525 2136 τινας
540 2104 666 2137 ἀξιώσεις
688 2104 832 2137 σπουδάζοι
848 2105 895 2131 ἐπὶ

99 2151 133 2178 τὺ
155 2150 347 2186 στρατόπεδον,
372 2150 442 2185 μήτε
463 2152 520 2182 τοῖς
536 2150 700 2186 γράμμασιν
723 2149 806 2177 αὑτοῦ
829 2149 895 2177 ὑπο-

99 2198 230 2234 γράψειν,
251 2197 320 2232 μήτε
335 2197 472 2224 κοινωνεῖν
484 2196 524 2233 τῷ
540 2197 665 2233 τοιούτῳ.

138 2262 277 2315 ’Ἅπαντες
293 2282 369 2310 εἷπον
378 2291 385 2299 ·
398 2283 550 2320 Ὀριζέσθω
563 2264 610 2311 καὶ
623 2284 713 2313 τοῦτο.

137 2339 263 2368 ΚΕΦΑΛ.
284 2338 322 2367 Δ’.
344 2354 380 2360 ——
401 2340 473 2375 Περὶ
496 2340 670 2368 ἐπισκόπων
693 2342 713 2376 ἢ
744 2340 895 2376 κληρικῶν

97 2386 253 2413 ἀπιόντων
265 2385 340 2420 πρὸς
351 2386 490 2418 ,ϐασιλέα
504 2386 524 2421 ἢ
538 2386 608 2420 τοὺς
621 2387 687 2421 περὶ
701 2388 804 2415 αὐτόν.

176 2475 185 2481 _
215 2443 349 2470 Συνόδου
364 2443 547 2478 Ἀντιοχείας
566 2444 667 2472 κανὼν
683 2446 727 2478 ια’,
741 2444 784 2480 ιβ’.

135 2503 182 2526 ια’.
204 2499 238 2526 Εἴ
252 2509 294 2531 τις
309 2500 469 2533 ἐπίσκοπος,
486 2500 503 2536 ἢ
517 2501 713 2537 πρεσὸύτερος,
727 2502 744 2538 ἢ
762 2503 830 2535 ὅλως
845 2503 893 2530 τοῦ

93 2545 224 2577 κανόνος,
250 2545 315 2572 ἄνευ
339 2546 454 2581 γνώμης
477 2547 524 2573 καὶ
546 2549 720 2582 γραμμάτων
738 2549 794 2576 τῶν
810 2550 840 2577 ἐν
859 2551 892 2586 τῇ

92 2591 220 2627 ἐπαρχίᾳ
235 2592 402 2624 ἐπισκόπων,
423 2592 470 2619 καὶ
493 2592 611 2628 μάλιστα
628 2594 675 2621 τοῦ
692 2595 762 2621 κατὰ
775 2595 824 2631 τὴν
842 2605 893 2631 μη-

91 2637 238 2672 τρόπολιν,
262 2639 393 2673 ὁρμήσειε
412 2638 479 2675 πρὸς
503 2639 614 2674 βασιλέα
634 2640 773 2674 ἀπελθεῖν,
798 2641 893 2669 τοῦτον

92 2683 338 2720 ἀποκηρύττεσθαι
362 2685 410 2711 καὶ
434 2685 587 2721 ἀπόϐλητον
607 2686 742 2720 γίνεσθαι,
765 2688 795 2714 ού
812 2688 892 2723 μόνον

91 2731 149 2765 τῆς
165 2730 319 2764 κοινωνίας,
339 2730 408 2757 ἀλλὰ
423 2731 471 2758 καὶ
483 2731 533 2765 τῆς
549 2731 628 2764 ἀξίας
641 2729 675 2768 ἧς
691 2733 813 2768 μετέχων
825 2743 892 2768 τυγ-

91 2779 186 2814 χάνει,
201 2778 240 2809 ὡς
253 2777 431 2813 παρενοχλεῖν
443 2777 585 2812 τολμῶντα
596 2778 646 2810 τὰς
658 2778 705 2805 τοῦ
718 2779 890 2814 θεοφιλεστά-

92 2833 146 2850 του
162 2824 297 2859 βασιλέως
322 2823 401 2858 ἡμῶν
420 2823 520 2855 ἀκοὰς,
549 2823 625 2859 παρὰ
644 2824 692 2851 τὸν
717 2824 817 2860 θεσμὸν
840 2826 891 2861 τῆς

87 2870 268 2912 ΙἘκκλησίας
279 2878 286 2885 ·
303 2868 365 2896 εἰδὲ
379 2868 516 2903 ἀναγκαία
530 2869 625 2906 καλοίη
641 2869 720 2906 χρεία
730 2871 798 2906 πρὸς
806 2870 890 2912 βασιέ

913 890 939 920 Β

911 1568 934 1599 G

907 2236 933 2267 D

957 262 1012 291 tur,
1025 259 1167 295 ejiciunto,
1186 268 1267 298 atque
1283 265 1352 293 alios
1368 266 1526 296 ordinanto.
1544 268 1645 297 Eadem
1663 270 1745 299 etiam

957 304 984 331 in
1005 306 1112 334 clericis
1139 309 1329 346 cujuscunque
1351 313 1453 348 gradus
1467 315 1620 344 obtinento.
1647 317 1744 347 Const.

958 351 1075 387 denique
1092 354 1126 381 12
1148 354 1271 388 ejusdem
1288 358 1329 384 tit.
1359 357 1372 385 1
1395 357 1570 388 Novellarum
1598 362 1687 396 jubet,
1715 368 1747 392 ut

960 396 990 425 Si
1003 398 1038 426 ab
1048 399 1140 434 aliqua
1151 400 1273 430 Ecclesia
1290 403 1421 431 recedant
1434 405 1540 439 clerici,
1557 407 1602 435 alii
1618 409 1664 443 qui
1680 409 1747 437 sub-

957 450 1100 480 rogantur,
1118 448 1284 477 annonarias
1300 451 1448 484 pensiones
1467 453 1638 488 percipiant:
1656 463 1746 490 neque

957 491 1018 524 illi,
1033 492 1057 519 si
1095 499 1277 535 revertantur,
1300 496 1361 525 illas
1385 498 1496 533 capiant
1514 507 1521 526 :
1548 507 1637 535 neque
1656 502 1702 536 qui
1718 501 1745 530 id

957 545 1042 573 genus
1055 541 1222 574 erogationis
1237 543 1386 577 sustinent,
1404 545 1464 573 illas
1479 545 1628 575 lucrentur.
1638 547 1667 576 Si
1679 555 1745 576 vero

958 582 1139 622 [erogatores]
1157 593 1190 614 ex
1207 589 1365 617 annonariis
1384 591 1564 624 pensionibus
1578 591 1743 630 [quippiam]

956 630 1172 665 intervenerint,
1196 638 1271 660 certa
1295 634 1353 671 [ex]
1381 633 1490 663 illorum
1522 639 1744 672 possessionibus

958 674 1059 712 [portio
1077 678 1222 715 principis]
1236 680 1533 716 privatis,assignetur,
1553 687 1583 710 ut
1599 683 1663 712 inde
1676 684 1745 718 _illa-

956 731 1016 750 rum
1035 725 1080 752 ﬁat
1095 725 1228 760 erogatio.

991 770 1068 797 CAP.
1088 770 1133 798 [ΙΙ.
1146 786 1181 792 -—
1195 771 1272 804 Quod
1287 772 1398 800 debeant
1412 774 1526 810 episcopi
1549 782 1644 803 causas
1666 784 1745 803 scru-

955 817 1017 848 tari,
1039 816 1070 844 ob
1092 825 1158 852 quas
1179 819 1293 854 episcopi
1310 820 1381 854 apud
1403 829 1431 847 se
1449 825 1611 850 transeuntes
1628 823 1746 859 peregri-

955 868 1064 891 nuntur.

1114 909 1229 939 Concilii
1248 910 1414 940 Sardicensis
1431 921 1516 940 canon
1534 913 1582 941 21.

991 964 1060 1002 [ἳο].
1080 965 1250 995 Gaudentius
1279 968 1424 1002 episcopus
1449 968 1541 996 dixit:
1575 969 1639 997 inec
1663 969 1739 997 salu-

954 1013 1049 1040 tariter
1065 1017 1091 1040 et
1109 1017 1293 1048 congruenter
1308 1014 1431 1047 deﬁnita,
1447 1019 1473 1041 et
1492 1021 1592 1042 nostra:
1610 1017 1741 1044 sacerdo-

953 1061 1010 1085 tum
1023 1059 1146 1094 dignitati
1163 1059 1367 1092 convenienter,
1382 1064 1409 1087 et
1428 1068 1489 1095 qua:
1508 1061 1563 1088 Deo
1579 1066 1606 1089 et
1620 1061 1740 1089 homini-

951 1104 1003 1132 bus
1023 1105 1196 1140 placuerunt,
1220 1105 1368 1140 pmentiam
1394 1110 1422 1132 et
1437 1106 1510 1132 vires
1533 1113 1597 1133 suas
1617 1107 1741 1135 obtinere

951 1159 1006 1179 non
1028 1156 1167 1186 poterunt,
1186 1152 1238 1179 nisi
1263 1151 1345 1178 etiam
1367 1156 1457 1180 metus
1480 1152 1569 1181 editas
1589 1153 1741 1181 sententias

950 1202 1113 1225 consecutus
1129 1197 1221 1225 fuerit.
1238 1196 1291 1233 Ipsi
1307 1197 1379 1225 enim
1396 1198 1509 1232 scimus,
1538 1206 1610 1234 smpe
1629 1204 1740 1235 propter

950 1251 1100 1280 paucorum
1115 1244 1322 1279 impudentiam,
1341 1243 1465 1271 divinum
1484 1249 1511 1272 et
1530 1244 1557 1272 in
1576 1244 1674 1280 primis
1692 1253 1740 1273 ve-

949 1292 1103 1319 nerandum
1119 1290 1266 1318 sacerdotii
1280 1298 1381 1318 nomen
1395 1290 1422 1317 in
1435 1290 1638 1318 damnationem
1655 1291 1740 1327 [vitu-

949 1337 1132 1372 perationem,
1156 1336 1194 1364 vel
1216 1335 1416 1372 contemptum]
1433 1336 1514 1371 200
1530 1336 1688 1364 incurrisse.
1710 1336 1740 1364 Si

948 1384 1010 1419 quis
1023 1391 1089 1418 ergo
1107 1388 1205 1418 praeter
1218 1390 1250 1410 ea
1264 1390 1326 1418 quae
1340 1383 1468 1410 omnibus
1485 1383 1540 1410 visa
1560 1388 1636 1416 sunt,
1653 1391 1739 1412 ausus

949 1429 1041 1461 fuerit,
1062 1429 1176 1456 studens
1194 1427 1278 1456 fastui
1294 1428 1381 1463 magis
1398 1432 1426 1456 et
1444 1429 1607 1464 arrogantiae
1622 1429 1737 1461 servire,

947 1483 1030 1511 quam
1045 1475 1100 1502 Deo
1116 1475 1234 1510 placere,
1257 1473 1360 1509 aliquid
1384 1473 1458 1500 aliud
1477 1481 1576 1509 agere:
1591 1474 1661 1502 sciat
1681 1474 1739 1509 jam

947 1530 979 1551 se
997 1521 1121 1550 criminis
1142 1527 1230 1552 reuni,
1243 1527 1276 1548 ae
1289 1519 1441 1548 defensioni
1464 1520 1614 1548 obnoxium
1637 1520 1740 1549 consti-

951 1573 1038 1600 tuere,
1057 1571 1086 1596 et
1099 1567 1275 1603 episcopatus
1288 1566 1420 1594 honorem
1435 1573 1468 1594 ac
1481 1566 1642 1602 dignitatem
1656 1567 1739 1595 amit-

950 1619 1017 1643 tere.

983 1659 1085 1688 Omnes
1096 1658 1313 1695 responderunt:
1331 1658 1429 1692 Decet,
1441 1663 1466 1687 et
1477 1659 1565 1694 placet
1582 1659 1660 1687 nobis
1681 1659 1739 1688 ha-c

948 1706 1093 1735 Sententia.
1102 1705 1187 1733 Porro
1194 1710 1285 1733 autem
1295 1705 1347 1732 hoc
1353 1712 1461 1740 quoque
1469 1705 1544 1733 illinc
1552 1705 1605 1733 erit
1617 1706 1738 1733 maxime

948 1756 1043 1780 notum
1069 1758 1097 1779 et
1115 1751 1205 1786 reipsa
1219 1751 1405 1784 observatum,
1432 1751 1455 1778 si
1483 1752 1672 1787 unusquisque
1685 1758 1738 1779 no-

947 1802 1047 1830 strum,
1065 1797 1112 1832 qui
1131 1805 1228 1825 sumus
1246 1804 1330 1832 prope
1346 1796 1405 1825 vias
1430 1797 1554 1831 publicas
1575 1804 1622 1825 seu
1639 1797 1735 1825 canale

948 1841 1088 1869 constituti
1105 1841 1238 1877 episcopi,
1264 1848 1327 1868 eum
1348 1841 1445 1868 viderit
1464 1841 1634 1877 episcopum,
1659 1849 1737 1877 quat-

947 1893 990 1916 rat
1012 1895 1126 1916 causam
1147 1887 1289 1921 transitus,
1317 1892 1345 1916 et
1369 1896 1424 1923 quo
1447 1893 1563 1924 pergat:
1579 1893 1606 1916 et
1624 1888 1647 1916 si
1672 1896 1735 1916 eum

947 1935 1057 1970 quidem
1078 1935 1105 1963 in
1127 1940 1217 1963 castra
1231 1935 1452 1970 proﬁciscentem
1470 1934 1614 1966 invenerit,
1631 1939 1735 1969 quaerat

948 1980 1130 2013 conditiones,
1155 1988 1216 2016 qua:
1238 1981 1368 2015 superius
1387 1980 1532 2016 propositis
1557 1984 1644 2007 sunt:
1659 1984 1686 2007 et
1710 1980 1734 2008 si

946 2032 1078 2055 evocatus
1094 2026 1196 2059 veniat,
1208 2026 1233 2054 ei
1256 2027 1370 2054 abeunti
1386 2027 1454 2054 nihil
1474 2026 1661 2061 impedimenti
1677 2026 1734 2053 list.

947 2074 995 2102 Sin
1010 2080 1100 2101 autem
1111 2072 1304 2101 ostentationis
1319 2073 1417 2108 gratia,
1438 2072 1668 2107 quemadmodum
1687 2079 1736 2098 ve-

946 2126 1011 2149 slrte
1034 2120 1175 2149 dilectioni
1201 2119 1329 2155 superius
1355 2119 1456 2147 dictum
1484 2122 1538 2151 est,
1561 2118 1603 2146 vel
1624 2123 1735 2152 propter

946 2167 1102 2202 aliquorum
1117 2165 1256 2201 postulata
1275 2166 1302 2192 ill
1317 2169 1409 2193 castra
1424 2164 1553 2197 festinat;
1569 2172 1620 2192 nec
1636 2163 1734 2192 litteris

945 2213 1005 2249 ejus
1019 2212 1184 2244 subscribat,
1199 2219 1251 2240 nec
1266 2219 1329 2239 cum
1341 2219 1374 2239 eo
1388 2211 1584 2239 communicet.

981 2257 1082 2286 Omnes
1098 2257 1226 2286 dixerunt
1239 2266 1246 2284 :
1262 2256 1319 2285 Hoc
1330 2264 1439 2292 quoque
1454 2257 1628 2284 decernatur.

980 2325 1056 2353 CAP.
1080 2324 1126 2352 IV.
1141 2339 1176 2344 —
1194 2324 1232 2351 De
1249 2324 1374 2358 episcopis
1389 2323 1428 2351 vel
1445 2323 1548 2351 clericis
1563 2323 1598 2351 ad
1619 2324 1736 2360 impera-

947 2377 1029 2400 torem
1045 2372 1085 2400 tae!
1099 2372 1156 2406 ejus
1175 2371 1266 2398 aulam
1279 2371 1457 2407 pergentibus.

1068 2429 1181 2458 Consilii
1196 2430 1353 2457 Aiuiocheni
1371 2437 1485 2458 canones
1503 2429 1545 2462 11,
1568 2430 1612 2457 12.

980 2497 1024 2525 Η.
1044 2496 1073 2524 Si
1090 2497 1151 2532 quis
1163 2497 1320 2532 episcopus,
1331 2495 1374 2523 vel
1393 2495 1544 2531 presbyter,
1558 2495 1601 2522 vel
1621 2495 1734 2523 omnino

943 2551 978 2571 ex
992 2551 1099 2571 canone
1117 2543 1186 2570 citra
1201 2542 1364 2570 sententiam
1382 2546 1408 2569 et
1420 2542 1524 2570 litteras
1541 2541 1733 2576 episcoporum

944 2589 1103 2625 provinciae,
1125 2593 1152 2616 et
1170 2588 1288 2615 maxime
1304 2588 1575 2622 metropolitanorum
1593 2588 1626 2614 ad
1646 2587 1734 2621 impe-

945 2641 1064 2664 ratorem
1081 2635 1218 2671 proﬁcisci
1233 2643 1381 2670 aggressus
1397 2634 1492 2668 tuerit,
1510 2634 1534 2661 is
1549 2633 1690 2662 abdicetur
1706 2638 1734 2660 et

943 2686 1070 2720 ejiciatur
1084 2692 1139 2711 non
1153 2683 1240 2711 solum
1257 2691 1272 2710 a
1288 2682 1490 2715 communione,
1503 2681 1550 2708 sed
1565 2681 1648 2709 etiam
1663 2687 1678 2706 a
1691 2679 1733 2706 di-

943 2730 1045 2766 gnitate
1061 2729 1142 2763 cujus
1158 2732 1201 2756 est
1219 2729 1367 2762 particeps,
1384 2731 1414 2754 ut
1430 2726 1478 2761 qui
1489 2725 1567 2760 201
1580 2723 1733 2758 religiosis-

944 2776 1007 2804 simi
1030 2774 1202 2810 imperatoris
1220 2773 1307 2801 nostri
1323 2774 1438 2801 auribus
1464 2771 1616 2799 molestiam
1637 2769 1734 2797 adcrre

942 2823 1042 2851 audeat
1056 2826 1154 2857 praeter
1168 2821 1252 2848 ritum
1263 2820 1403 2848 Ecclesiae.
1417 2819 1445 2846 Si
1455 2823 1547 2855 autem
1563 2816 1734 2844 necessarius

944 2877 1011 2898 usus
1025 2869 1117 2905 exigat
1133 2872 1161 2896 ut
1176 2867 1209 2896 ad
1223 2867 1415 2903 imperatorem
1430 2874 1460 2895 se
1470 2863 1603 2897 conferat,
1624 2863 1651 2891 id
1671 2867 1731 2899 agat
