1959 3061
225 165 278 198 667

802 167 935 198 ΡΠΟΤΙΙ
954 166 1208 198 PATRIARCWE
1222 166 1278 196 ΟΡ.

1800 160 1854 192 668

213 227 288 254 cum
296 218 491 248 deliberatione
501 224 528 248 et
541 219 674 247 sententia
688 220 889 254 metropolitani
904 221 1013 256 provin—

1069 219 1110 246 téa
1126 220 1225 255 ὁρμᾷν,
1243 218 1323 246 τοῦτο
1344 217 1474 253 πράττειν
1496 217 1566 252 μετὰ
1579 215 1701 251 σκέψεως
1718 215 1765 242 καῖι
1784 214 1853 248 γνὼ-

225 266 286 299 eiat,
301 268 329 292 et
343 273 440 294 eorum
460 265 507 300 qui
531 270 595 294 sunt
618 265 646 293 in
663 273 714 298 ea,
739 273 891 301 eorumque
909 266 1014 296 litteris

227 311 350 340 munitus
363 312 416 340 iter
431 311 551 340 invadat.

263 404 308 432 l2.
327 404 356 432 Si
374 405 435 440 quis
461 413 477 433 a
501 405 612 441 proprio
632 406 763 442 episcopo
776 406 917 442 depositus
935 413 1015 441 pres-

227 450 317 486 byter,
332 451 375 479 vel
388 452 531 484 diaconus.
555 452 596 480 vel
607 453 752 488 episcopus
767 460 782 480 a
798 451 914 488 synodo,
929 459 1014 479 ausus

228 494 312 522 fuerit
342 496 517 531 imperatoris
544 497 658 525 auribus
689 498 842 526 molestiam
874 497 1013 527 exhibere,

227 548 290 569 cum
304 547 428 576 oporteat
435 543 468 570 ad
481 543 612 578 majorem
625 543 758 579 synodum
772 543 905 576 converti,
920 547 948 570 et
956 543 1012 577 jus,

226 586 301 622 quod
314 595 345 615 se
358 587 458 615 habere
476 592 562 623 putat,
583 588 617 615 ad
632 589 724 623 plures
740 591 883 622 episcopos
900 586 1012 619 referre,

227 640 375 667 eorumque
389 633 619 661 exalninationem
645 638 672 661 et
695 634 830 669 judicium
847 633 987 668 suscipere
1005 640 1012 659 :

226 678 274 713 qui
289 678 390 713 itaque,
400 679 442 706 his
456 679 629 714 contemptis.
641 679 795 714 imperatori
808 679 939 706 molestus
955 679 1014 705 lue-

226 724 272 756 rit,
291 724 325 756 is,
342 724 416 750 nulla
430 724 508 751 venia
524 725 623 758 dignus
634 743 642 756 ,
677 732 766 759 neque
781 724 823 752 sui
850 723 1012 751 delemlendi

227 768 318 796 locum
332 769 440 801 habeat,
457 777 507 797 nec
518 771 701 798 restitutionis
715 771 813 798 futurae
829 778 904 805 spem
917 777 1014 805 exspe-

228 818 293 842 ctct.

325 859 439 887 Consilii
451 859 620 888 Sardiaensia
636 869 721 889 canon
739 862 766 895 7,
787 861 814 893 8,
834 862 861 893 9,
875 861 920 890 20.

263 904 288 931 7.
302 904 401 932 Hosius
413 906 558 940 episcopus
567 906 652 934 dixit:
666 907 860 942 importunitas
873 912 977 940 nostra,
987 912 1014 935 et

227 950 313 977 multa
326 951 483 984 assiduitas,
498 956 525 979 et
549 952 658 987 injuste:
685 961 782 988 preces
796 953 957 985 effecerunt,
985 958 1014 980 ut

227 1004 278 1024 nos
296 1004 350 1023 non
376 996 526 1025 habeamus
549 1003 652 1025 tantam
674 999 788 1034 gratiam
806 1003 832 1026 et
861 999 1012 1026 libertatem

226 1042 345 1075 dicendi,
369 1047 499 1077 quantam
525 1042 692 1070 debebamus
707 1043 819 1070 habere.
841 1042 917 1070 Multi
941 1043 1013 1070 enim

226 1087 348 1122 episcopi
365 1095 418 1115 non
447 1088 632 1116 intermittunt
651 1090 683 1116 ad
705 1094 796 1117 castra
820 1089 963 1122 accedere,
988 1092 1014 1116 et

227 1134 346 1160 maxime
368 1133 442 1168 Afri,
465 1135 521 1168 qui,
537 1135 766 1169 quemadmodum
794 1135 971 1170 cognovimus
998 1143 1013 1162 a

227 1179 327 1207 dilecto
345 1180 428 1207 fratre
444 1186 536 1208 nostro
549 1185 573 1208 et
590 1182 752 1215 coepiscopo
769 1181 864 1214 Grato,
881 1181 1012 1209 salutaria

227 1224 342 1251 consilia
372 1234 424 1252 non
449 1226 606 1260 admittunt,
636 1227 683 1253 sed
703 1226 740 1253 ita
770 1232 958 1260 contemnunt,
985 1232 1015 1255 ut

228 1279 299 1299 unus
315 1271 396 1299 homo
411 1272 437 1299 in
450 1277 540 1300 castra
556 1273 698 1308 plurimas,
720 1278 746 1301 et
768 1274 901 1306 diversas,
913 1280 939 1301 et
955 1282 1015 1310 qua:

227 1323 281 1342 non
312 1322 426 1350 possunt
442 1317 537 1352 juvare
560 1317 707 1351 Ecclesias,
733 1326 827 1353 preces
852 1318 957 1350 afferat,
988 1324 1015 1346 et

227 1367 282 1387 non
309 1362 351 1393 (ut
365 1361 445 1388 debet
463 1362 532 1395 ﬁeri,
547 1366 574 1389 et
589 1363 725 1398 convenit)
744 1364 909 1398 pauperibus
924 1368 951 1391 et
963 1363 1015 1391 lai-

227 1405 280 1438 cis,
297 1406 338 1433 vel
354 1406 445 1434 viduis
457 1415 535 1442 opem
552 1413 579 1435 et
594 1409 726 1435 auxilium
744 1409 822 1442 ferat,
838 1410 884 1437 sed
898 1411 1013 1438 saecula-

226 1459 273 1479 res
288 1453 435 1486 dignitates
448 1453 638 1482 elfunctioncs
648 1455 783 1489 aliquibus
800 1456 936 1491 acquirat.
952 1455 1015 1484 lla-c

227 1506 293 1533 ergo
308 1500 472 1528 perversitas
488 1500 681 1528 detrimentum
696 1509 749 1528 non
769 1502 829 1530 sine
850 1502 1014 1531 oll‘endiculo

227 1549 255 1571 et
266 1546 492 1573 comiemnatione
504 1546 584 1581 202
600 1546 679 1574 nobis
694 1547 832 1576 conciliat.
846 1548 1014 1576 Convenien-
1027 1560 1050 1590 ρ

225 1591 283 1619 'tius
303 1596 392 1619 autem
411 1599 472 1619 esse
486 1593 654 1624 existimavi,
671 1597 701 1620 ut
718 1593 862 1628 cpiscopus
878 1594 916 1622 illi
933 1602 1013 1622 suum

229 1636 359 1663 auxilium
375 1636 503 1671 praebeat,
523 1637 565 1664 cui
579 1638 612 1664 ab
632 1637 724 1672 aliquo
739 1638 780 1664 vis
798 1636 921 1671 affertur,
939 1639 980 1666 vel
992 1640 1014 1667 si

230 1689 291 1716 quae
308 1681 388 1708 vidua
420 1681 518 1716 injuria
533 1681 677 1715 afficiatur,
694 1683 735 1709 vel
759 1683 781 1710 si
809 1684 872 1717 quis
896 1684 1016 1719 pupillus

230 1725 351 1760 privetur
371 1726 416 1759 iis,
430 1734 491 1761 quae
518 1727 550 1754 ad
571 1727 660 1761 ipsum
683 1728 835 1762 pertinent;
856 1729 879 1756 si
907 1729 1016 1764 quidem

230 1769 287 1797 haec
300 1771 412 1797 nomina
425 1771 527 1805 justam
542 1770 659 1798 habeant
679 1779 790 1799 causam
803 1777 829 1799 et
842 1774 1018 1808 supplicatio-

231 1823 308 1843 nem.
327 1815 355 1843 Si
377 1816 480 1851 itaque,
499 1817 590 1845 dilecti
603 1819 711 1850 fratres,
734 1819 786 1846 hoc
803 1820 930 1847 omnibus
945 1820 1018 1848 vide-

229 1865 276 1888 tur
291 1861 325 1888 iis
354 1870 414 1896 quae
437 1863 470 1890 ad
500 1863 589 1898 ipsum
607 1864 761 1898 pertinent;
778 1865 801 1892 si
824 1866 933 1900 quidem
961 1866 1018 1894 haec

231 1907 342 1934 nomina
357 1907 458 1942 justam
478 1908 594 1936 habeant
609 1917 721 1936 causam
735 1914 762 1937 et
779 1910 1017 1945 supplicationem.

231 1953 261 1980 Si
291 1954 395 1988 itaque,
421 1954 513 1981 dilecti
543 1953 652 1988 fratres,
677 1955 729 1983 hoc
758 1956 886 1983 omnibus
903 1956 1018 1990 videtur,

231 2000 344 2027 statuite
361 2000 466 2027 nullum
484 2005 608 2035 oportere
627 2001 786 2036 episcopum
811 2002 844 2029 ad
863 2007 953 2029 castra
973 2011 1020 2031 ac-

231 2045 338 2078 cedere,
355 2051 453 2081 przeter
466 2053 514 2074 eos
529 2054 598 2082 quos
612 2048 673 2082 pius
690 2048 839 2082 imperator
855 2053 948 2076 noster
961 2049 1019 2077 suis

232 2092 332 2120 litteris
358 2093 486 2120 accersit.
504 2091 556 2120 Sed
570 2093 634 2128 quia
650 2101 722 2127 saepe
738 2094 881 2129 contingit,
911 2095 1018 2130 aliquos

231 2136 279 2171 qui
298 2141 378 2172 egent
400 2137 601 2170 misericordia,
628 2137 662 2165 ad
680 2137 831 2165 Ecclesiam
861 2139 1018 2174 confugere,

231 2183 278 2217 qui
295 2188 403 2218 propter
417 2191 466 2211 sua
480 2188 592 2219 peccata
607 2183 649 2211 vel
665 2184 831 2219 relegatione
841 2204 849 2216 ,
870 2185 912 2212 vel
933 2186 960 2212 in
974 2186 1018 2213 in-

231 2229 320 2256 sulam
334 2229 522 2264 deportatione
546 2230 679 2262 damnati,
701 2230 744 2257 vel
758 2230 856 2265 quavis
879 2231 932 2258 alia
953 2239 1018 2259 sen-
1033 2240 1056 2268 ι)

232 2275 318 2302 tentia
336 2275 441 2303 addicti
457 2280 535 2310 sunt;
554 2276 588 2303 iis
603 2283 656 2303 non
678 2283 740 2304 esse
760 2278 915 2311 negandum
940 2279 1018 2305 auxi-

230 2320 311 2353 Jium,
326 2321 443 2348 sedsine
452 2323 627 2350 cunctatione
636 2326 663 2349 et
678 2322 849 2350 dubitatione
863 2323 895 2350 iis
913 2324 1019 2351 veniam

232 2373 293 2393 esse
322 2367 477 2401 petendam.
499 2366 528 2394 Si
541 2367 634 2402 itaque
649 2368 701 2395 hoe
716 2375 825 2403 quoque
845 2369 945 2403 placet,
965 2377 1021 2397 om-

234 2418 282 2438 nes
309 2418 362 2438 una
387 2417 506 2438 vestrum
530 2412 690 2448 suffragium
713 2412 791 2440 ferte.
809 2413 1022 2448 Responderunt

234 2465 330 2485 ninues
349 2467 354 2484 :
378 2457 544 2485 Decernatur
557 2458 659 2486 ethoc.

269 2504 297 2531 8.
313 2503 414 2531 Hesius
433 2504 577 2539 episcopus
590 2503 735 2532 dixit:Hoc
747 2512 856 2539 quoque
872 2508 961 2532 vestra
975 2511 1023 2532 so-

235 2550 312 2577 ltrtia
328 2550 440 2585 judicct,
459 2555 488 2577 ut
505 2551 568 2585 quia
582 2551 671 2578 visum
687 2556 740 2583 e5t,
756 2559 789 2578 ne
808 2551 905 2586 aliquis
917 2551 1024 2586 episco-

236 2603 286 2629 pus
304 2596 329 2622 in
353 2596 608 2624 condemnationem
621 2596 724 2623 incidat
745 2596 777 2623 ad
792 2601 883 2623 castra
899 2596 1022 2630 veniens,

237 2643 259 2669 si
276 2642 323 2676 qui
337 2649 430 2669 eorum
446 2642 602 2677 ejusmodi,
619 2649 737 2675 quarum
758 2642 886 2676 superius
900 2643 1025 2669 memini-

238 2695 312 2721 mus,
330 2688 448 2714 habeant
462 2695 567 2722 preces,
585 2695 634 2722 per
649 2687 787 2722 proprium
805 2688 950 2715 diaconum
963 2688 1026 2715 mit-

240 2736 308 2760 tant.
326 2731 444 2760 Ministri
470 2732 542 2760 enirn
560 2740 677 2767 persona
693 2740 748 2759 non
771 2738 813 2760 est
831 2733 976 2764 invidiosa.
1000 2738 1027 2760 et

238 2784 301 2812 qua
317 2785 451 2806 concessa
461 2778 666 2811 fuerint,citius
683 2778 797 2813 perferri
812 2783 949 2813 poterunt.
975 2779 1027 2807 Re-

242 2824 410 2859 sponderunt
429 2833 526 2853 omnes
548 2834 555 2852 :
573 2824 718 2853 Sanciatur
732 2825 831 2853 ethoc.

431 2960 446 2971 θ

1066 275 1120 301 μης
1139 265 1186 293 τοῦ
1210 266 1282 293 κατὰ
1295 265 1344 297 τὴν
1366 264 1534 300 μητρόπολιν
1557 263 1608 298 τῆς
1632 262 1768 297 ἐπαρχίας
1793 262 1855 287 ἑπιι

1066 312 1167 339 σκόπου
1183 312 1231 338 καὶ
1246 311 1301 338 τῶν
1315 312 1344 338 ὲν
1360 311 1441 346 αὐτῇ,
1459 311 1517 342 τοῖς
1531 318 1561 337 τε
1577 308 1680 336 τούτων
1692 307 1856 344 γράμμασιν

1064 357 1263 391 ὲφοδιᾶζισθαι.

1101 403 1146 439 ιβ’.
1166 403 1199 430 El
1218 412 1259 435 τις
1277 402 1331 430 ὑπὸ
1353 401 1400 429 τοῦ
1419 401 1485 429 ἰδίου
1507 400 1658 428 ἐπισκόπου
1680 398 1854 435 καθαιρεθεὶς

1064 449 1260 485 πρεσὸὐτιρος,
1275 449 1292 484 ἢ
1310 449 1445 480 διάκονος,
1462 447 1479 483 ἢ
1496 448 1542 474 καὶ
1557 447 1704 477 ἐπίσκοπος
1721 445 1772 472 ὑπὸ
1789 452 1853 470 συν-

1063 496 1135 527 όδου,
1151 494 1294 529 ἐνοχλῆσαι
1311 494 1455 529 τολμήσειε
1469 493 1519 524 τὰς
1534 492 1665 527 βασιλέως
1682 490 1778 522 ἀκοὰς.
1794 490 1853 516 δέον

1063 541 1110 568 ιπὶ
1134 541 1246 576 μείζονα
1270 540 1427 567 ἐπισκόπων
1451 538 1559 565 σύνοδον
1580 537 1740 573 τρέπεσθαι,
1764 537 1812 562 καὶ
1835 535 1853 562 ἃ

1063 586 1168 622 νομίζει
1180 586 1270 612 δίκαια
1281 585 1363 620 ἔχειν,
1380 585 1598 620 προσαναφὲρειν
1613 582 1731 608 πλείοσιν
1742 581 1853 608 ὲπισκό-

1065 641 1138 664 ποις,
1155 632 1202 659 καὶ
1217 632 1266 666 τὴν
1284 632 1349 667 παρ’
1364 630 1453 657 αὐτῶν
1469 631 1593 664 ἐξέτασίν
1608 637 1639 656 τε
1653 628 1701 655 καὶ
1716 628 1854 661 ἐπίκρισιν

1064 677 1223 712 ἐκδέχεσθαι
1238 686 1246 693 ο
1279 678 1304 703 εἰ
1326 677 1373 703 καὶ
1389 675 1492 703 τούτων
1507 675 1678 711 ὀλιγωρήσας
1699 674 1854 709 ἑνοχλήτειε

1062 724 1103 760 τῷ
1119 723 1233 760 βασιλεῖ,
1251 724 1345 750 τοῦτον
1368 723 1502 758 μηδεμιᾶς
1523 722 1687 757 συγγνώμης
1702 720 1854 753 ἀξιοῦσθαι,

1066 769 1133 805 μηδὲ
1146 769 1239 804 χώραν
1253 769 1400 802 ἀπολογίας
1416 768 1498 804 ἔχειν,
1514 769 1582 803 μηδὲ
1595 768 1690 794 ἐλπίδα
1703 766 1856 802 μελλούσης

1063 815 1313 845 ἀποκαταστάσεως
1330 814 1494 849 προσδοκᾷν.

1149 859 1284 886 Συνόδου
1301 858 1450 893 Σαρδικτῇ
1467 858 1568 886 κανὼν
1581 857 1615 890 ζ’,
1632 861 1667 893 η’,
1682 858 1716 891 θ’,
1731 861 1766 886 κ’.

1099 904 1133 937 ζ’.
1147 905 1239 935 Ὀσιος
1254 904 1403 936 ἐπίσκοπος
1415 902 1492 931 εἶπεν
1503 912 1510 920 ·
1535 904 1567 931 Ἦ
1582 904 1695 938 ἀκαιρία
1707 903 1796 939 ἡμῶν,
1807 902 1856 930 καὶ

1064 950 1082 985 ἡ
1097 949 1183 984 πολλὴ
1207 949 1346 984 συνέχεια,
1367 949 1415 975 καὶ
1429 949 1457 975 αἱ
1481 948 1569 976 ἄδικοι
1592 947 1717 980 ἀξιώσεις
1739 948 1854 982 πεποιή-

1064 1003 1145 1021 κασιν
1162 995 1236 1030 ἡμᾶς
1250 994 1286 1030 μὴ
1299 994 1432 1028 τοσαύτην
1447 993 1520 1028 ἔχειν
1535 994 1615 1029 χάριν
1636 994 1683 1020 καὶ
1699 993 1857 1028 παρρησίαν

1064 1041 1130 1075 ὂσην
1155 1040 1300 1074 ὀφείλομεν
1317 1039 1477 1074 κεκτῆσθαι.
1500 1040 1596 1066 Πολλοὶ
1608 1040 1663 1074 γὰρ
1676 1039 1729 1065 τῶν
1744 1038 1858 1065 ἐπισκό-

1065 1094 1123 1112 πων
1139 1085 1169 1112 οὺ
1187 1085 1370 1112 διαλείπουσιν
1393 1085 1433 1116 είς
1454 1085 1485 1111 τὸ
1508 1085 1687 1119 στρατόπεδον
1703 1083 1857 1118 παραγινό-

1066 1140 1151 1167 μενοι,
1167 1132 1213 1158 καὶ
1228 1131 1344 1166 μάλιστα
1356 1131 1381 1157 οί
1401 1131 1495 1165 ’Δφροί
1507 1138 1513 1146 ·
1534 1131 1644 1163 οἵτινες,
1663 1130 1753 1162 καθὼς
1768 1130 1856 1164 ἐγινω-

1066 1186 1116 1212 μεν
1131 1178 1207 1213 παρὰ
1221 1177 1268 1204 τοῦ
1290 1177 1433 1212 ἀγαπητοῦ
1448 1176 1562 1211 ἀδελφοῦ
1581 1177 1659 1212 ἡμῶν
1679 1176 1727 1203 καὶ
1743 1184 1857 1202 συνεπι-

1067 1224 1170 1250 σκόπου
1201 1223 1325 1258 Γράτου,
1357 1222 1407 1255 τὰς
1436 1222 1616 1257 σωτηριώδεις
1646 1221 1799 1257 συμϐουλὰς
1823 1220 1856 1247 οὐ

1065 1269 1273 1304 παραδέχονται,
1295 1268 1363 1295 ἀλλὰ
1385 1268 1601 1302 καταφρονοῦσιν
1624 1267 1721 1298 οὕτως,
1745 1267 1783 1299 ὼς
1807 1266 1857 1293 ἕνα

1065 1314 1207 1349 ἄνθρωπον
1223 1314 1262 1345 είς
1276 1313 1306 1340 τὸ
1318 1313 1497 1348 στρατόπεδον
1509 1312 1640 1346 πλείστας
1650 1313 1698 1340 καὶ
1711 1312 1857 1347 διαφόρους

1064 1358 1112 1385 καὶ
1126 1358 1164 1394 μὴ
1182 1358 1333 1393 δυναμένας
1344 1358 1484 1392 ὠφελῆσαι
1504 1357 1554 1388 τὰς
1573 1357 1735 1393 Ἐκκλησίας
1750 1356 1858 1392 δεήσεις

1063 1406 1232 1442 διακομίζειν
1241 1414 1247 1420 ¹
1263 1406 1357 1440 καὶμὴ
1366 1405 1403 1437 ὡς
1413 1405 1516 1439 ὀφείλει
1529 1405 1656 1439 γίνεσθαι,
1672 1405 1719 1431 καὶ
1731 1404 1770 1436 ὼς
1777 1413 1861 1439 προσ-

1065 1448 1132 1489 ῆκόν
1147 1455 1205 1480 ἐστι
1219 1454 1275 1484 τοῖς
1291 1453 1389 1487 πένησι
1404 1453 1519 1482 καὶτοῖς
1535 1452 1638 1481 λαῖκοῐς
1652 1451 1667 1486 ἢ
1679 1452 1738 1482 ταῖς
1755 1450 1858 1486 χήραις

1067 1499 1242 1535 συναίρεσθαι
1254 1499 1302 1525 καὶ
1314 1499 1482 1533 ἐπικουρεῖν,
1497 1497 1566 1523 ἀλλὰ
1583 1497 1702 1532 κοσμικὰ
1713 1496 1859 1530 ἀξιώματα

1065 1545 1112 1572 καὶ
1129 1544 1241 1579 πράξεις
1262 1544 1396 1578 περινοεῖν
1417 1551 1497 1569 τισιν.
1524 1542 1598 1577 Αὕτη
1620 1541 1711 1567 τοίνυν
1728 1542 1744 1575 ἡ
1763 1541 1860 1567 σκαιό-

1066 1599 1128 1626 της,
1144 1591 1188 1617 τὸν
1214 1590 1356 1625 θραυσμδν
1370 1589 1420 1615 οὐκ
1437 1589 1500 1616 ἄνευ
1525 1587 1671 1614 σκανδάλου
1694 1587 1766 1618 τινὸς
1791 1587 1860 1621 ἡμῖν

1066 1637 1114 1664 καὶ
1127 1635 1327 1669 καταγνώσεως
1340 1635 1466 1670 προξενεῖ
1476 1643 1482 1650 ·
1507 1633 1732 1669 πρεπωδέστερον
1743 1633 1771 1659 δὲ
1787 1630 1861 1659 εἶναι

1067 1683 1190 1718 ἐνόμισα,
1212 1682 1361 1710 ἐπίσκοπον
1382 1682 1431 1717 τὴν
1453 1681 1550 1708 ἑαυτοῦ
1577 1681 1704 1716 βοήθειαν
1725 1680 1860 1716 παρέχειν

1066 1732 1175 1767 ἐκείνῳ,
1196 1731 1270 1763 ὅστις
1295 1731 1328 1758 ἂν
1350 1730 1401 1757 ὑπό
1417 1739 1490 1762 τινος
1514 1729 1642 1765 βιάζοιτο,
1660 1729 1677 1764 ἢ
1706 1728 1732 1755 εί
1743 1737 1785 1759 τις
1803 1728 1861 1755 τῶν

1067 1777 1161 1814 χηρῶν
1174 1777 1301 1809 ἀδικοῖτο,
1319 1776 1336 1810 ἢ
1352 1775 1385 1802 αὖ
1401 1775 1482 1802 πάλιν
1497 1774 1613 1811 ὀρφανός
1628 1783 1668 1805 τις
1682 1774 1862 1808 ἀποστεροῖτο

1067 1823 1122 1849 τῶν
1139 1822 1212 1857 αὐτῷ
1230 1821 1435 1858 προσηκόντων,
1458 1820 1537 1855 εἴπερ
1563 1819 1618 1854 ἇρίι⁸
1646 1819 1693 1845 καὶ
1717 1818 1804 1844 ταῦτα
1825 1817 1864 1844 τὰ

1068 1868 1186 1903 ὀνόματα
1200 1868 1309 1894 δικαίαν
1323 1867 1379 1902 ἔχει
1394 1867 1443 1901 τὴν
1456 1866 1577 1898 ἀξίωσιν.
1591 1865 1623 1891 Εἰ
1638 1864 1739 1896 τοίνυν,
1753 1865 1864 1898 ἀγαπη-

1068 1914 1110 1940 τοὶ
1133 1913 1254 1947 ἀδελφοὶ,
1275 1913 1343 1939 πᾶσι
1367 1911 1446 1938 τοῦτο
1471 1911 1555 1943 δοκεῖ,
1575 1909 1733 1945 ὲπικρίνατε
1757 1908 1863 1942 μηδένα

1071 1959 1220 1986 ἐπίσκοπον
1236 1959 1334 1994 χρῆναι
1351 1958 1390 1988 είς
1406 1957 1435 1983 τὸ
1452 1956 1633 1991 στρατόπεδον
1649 1954 1860 1989 παραγίνεσθαι,

1070 2005 1206 2040 παρεκτὸς
1225 2004 1327 2031 τούτων
1351 2003 1398 2034 οὓς
1419 2002 1451 2029 ἂν
1476 2004 1489 2028 ὁ
1515 2000 1709 2031 εὐσεϐέστατος
1732 1999 1863 2034 βασιλεὺς

1070 2051 1148 2086 ἡμῶν
1180 2051 1236 2081 τοῖς
1269 2049 1366 2076 ἑαυτοῦ
1390 2049 1535 2083 γράμμασι
1560 2046 1761 2082 μετακαλοίτο·
1801 2046 1862 2072 ἀλλ’

1070 2096 1165 2131 ἐπειδὴ
1181 2096 1311 2127 πολλάκις
1337 2095 1479 2130 συμϐαίνει
1500 2094 1577 2125 τινὰς
1597 2093 1688 2119 οἴκτου
1704 2092 1862 2127 δεομένους,

1070 2143 1236 2177 καταφυγεῖν
1250 2142 1296 2168 ἐπὶ
1305 2141 1354 2176 τὴν
1377 2140 1552 2174 Ἐκκλησίαν,
1560 2139 1603 2165 διὰ
1616 2138 1759 2165 τὰὲαυτῶν
1771 2139 1867 2174 ἁμαρ-

1070 2189 1181 2224 τήματα
1204 2188 1244 2219 εἰς
1268 2185 1446 2222 περιορισμὸν
1469 2185 1485 2220 ἢ
1508 2185 1588 2218 νῆσον
1602 2183 1865 2216 καταδικασθέντας,

1070 2234 1086 2269 ἢ
1104 2233 1137 2260 αὖ
1155 2233 1235 2260 πάλιν
1250 2231 1426 2268 οῐᾳδηποτοῦν
1442 2231 1577 2264 ἀποφάσει
1589 2229 1791 2271 ὲκδεδομένρυς,
1806 2230 1866 2261 τοῖς

1069 2278 1200 2310 τοιούτοις
1227 2278 1264 2314 μὴ
1289 2277 1423 2312 ἁρνητέαν
1449 2274 1519 2303 εἶναι
1542 2277 1591 2310 τὴν
1622 2275 1765 2311 βοήθειαν,
1794 2275 1867 2302 ἀλλᾶ

1071 2322 1328 2359 χωρὶςμελησμοῦ,
1346 2322 1392 2348 καὶ
1407 2321 1470 2348 ἄνευ
1486 2320 1533 2347 τοῦ
1547 2320 1683 2351 διστάσαι,
1701 2321 1758 2351 τοῖς
1772 2319 1867 2346 τοιοὺ-

1070 2377 1126 2400 τοις
1143 2367 1275 2394 αἰτεῖσθαι
1292 2366 1475 2402 συγχώρησιν.
1491 2366 1521 2393 E'.
1538 2365 1627 2392 τοίνυν
1641 2364 1780 2391 καὶτοῦτο
1796 2365 1868 2400 ἀρέ-

1073 2422 1144 2446 σκει,
1160 2412 1303 2447 σύμψηφοι
1318 2411 1425 2446 γίνεσθε
1442 2411 1572 2441 ἅπαντες.
1592 2410 1729 2442 ’Ἅπαντες
1744 2409 1870 2446 ἁπεκρί-

1072 2468 1167 2493 ναντο·
1190 2458 1338 2494 Ὀριζὲσῦω
1350 2458 1397 2484 καὶ
1410 2457 1501 2484 τοῦτο.
1783 2482 1785 2485 ,

1108 2505 1144 2541 η’.
1164 2506 1256 2537 ὀσιος
1273 2504 1420 2536 ἐπίσκοπος
1439 2501 1513 2530 εἷπε·
1540 2503 1595 2530 Καὶ
1613 2502 1693 2530 τοῦτο
1708 2503 1724 2537 ἡ
1740 2502 1870 2537 ἀγχίνοια

1074 2552 1151 2588 ὑμῶν
1167 2552 1297 2586 κρινάτω,
1321 2550 1353 2577 lv‘
1370 2550 1464 2585 ἐπειδὴ
1486 2550 1558 2583 ἔδοξε
1583 2549 1628 2576 διὰ
1643 2548 1675 2575 τὸ
1696 2549 1733 2583 μὴ
1754 2548 1870 2575 πίπτειν

1075 2598 1127 2624 ὑπὸ
1141 2597 1312 2632 κατάγνωσίν
1334 2605 1396 2623 τινα
1420 2596 1474 2623 τῶν
1495 2595 1652 2622 ἐπισκόπων
1667 2593 1870 2628 ἀφικνούμενον

1074 2645 1115 2676 εἰς
1140 2643 1170 2670 τὸ
1194 2642 1383 2678 στρατόπεδον,
1411 2641 1438 2668 εί
1459 2649 1531 2672 τινες
1553 2641 1643 2667 αὐτῶν
1666 2640 1716 2671 τὰς
1737 2639 1870 2671 τοιαύτας

1076 2690 1164 2725 ἔχοιεν
1179 2689 1295 2724 δεήσεις,
1311 2688 1376 2714 οἴων
1392 2688 1485 2714 ἐπάνω
1502 2686 1725 2722 ἐπεμνήσθημεν,
1738 2685 1783 2712 διὰ
1802 2685 1869 2712 ἰδίου

1077 2736 1202 2763 διακόνου
1219 2735 1420 2762 ἀποστέλλοιεν.
1438 2733 1492 2760 Τοῦ
1505 2733 1559 2768 γὰρ
1579 2733 1717 2767 ὑπηρέτου
1730 2732 1760 2758 τὸ
1779 2731 1869 2766 πρόσ-

1079 2789 1153 2808 ωπον
1167 2781 1216 2806 οὐκ
1229 2779 1372 2814 ἐπίφθονον
1387 2777 1527 2813 τυγχάνει,
1544 2777 1591 2805 καὶ
1606 2778 1640 2804 τὰ
1657 2776 1871 2812 παρασχεϐησό-

1082 2833 1162 2861 μενα,
1184 2825 1280 2852 θᾶττον
1304 2824 1467 2859 κομισθῆναι
1491 2823 1645 2859 δυνήσεται.
1672 2822 1871 2858 ’Δπεκρίναντο

1082 2871 1196 2903 πάντες
1211 2871 1264 2898 Καὶ
1279 2868 1513 2904 τοῦτο.ὸριζὲσθω.
