1959 3061
101 162 152 194 669

494 160 692 191 SYNTAGMA
718 160 1037 191 CANONUMr-TIT.
1060 160 1141 191 νιιι,
1163 160 1249 191 .CAP.
1271 159 1324 190 IV.

1681 159 1736 193 670

137 219 169 245 θ’.
191 218 287 250 Ὀσιος
303 217 450 249 ἐπίσκοπος
471 216 531 243 εἷπε
542 226 548 234 ·
582 218 636 244 Καὶ
651 217 729 244 τοῦτο
742 217 888 245 ἀκόλουθον

975 217 1002 244 9.
1015 216 1113 244 Hosius
1139 216 1284 252 episcopus
1301 216 1370 243 dixit
1394 224 1401 243 :
1427 214 1484 243 Hoc
1499 222 1610 252 quoque
1634 223 1732 246 conse-

104 261 171 291 εἶναι
194 263 310 299 νομίζω,
333 262 377 289 ἵνα
400 263 426 289 εί
449 263 479 290 ὲν
496 263 674 298 οίαδηποτοῦν
696 263 817 300 ἐπαρχίᾳ
833 263 893 290 ἑπι-

107 319 202 337 σιοποι
217 309 286 345 πρὸς
303 308 418 343 ἀδελφὺν
431 310 478 336 καὶ
493 310 692 336 συνεπίσκοπον
706 309 810 337 ἑαυτῶν
824 310 893 337 ἀπο-

107 356 242 382 στέλλοιεν
261 355 380 389 δεήσεις,
393 356 407 382 ὁ
423 355 452 382 ὲν
467 356 501 392 τῇ
521 355 626 390 μείζονι
643 356 786 391 τυγχάνων
803 356 892 388 πόλει,

105 401 229 429 τουτέστι
242 402 275 436 τῇ
294 401 471 436 μητροπόλει,
493 401 573 434 αὐτὸς
586 402 632 429 καὶ
644 402 691 428 τὸν
709 401 832 429 διάκονον
844 402 896 428 αὺ-

106 447 152 475 τοῦ
167 447 214 474 καὶ
227 447 279 479 τὰς
292 447 398 482 δεήσεις
414 447 586 481 ἀποστέλλοι,
607 448 736 483 παρέχων
753 447 828 483 αὐτῷ
847 447 896 474 καὶ

109 492 273 524 συστατικὰς
293 491 450 524 ἐπιστολὰς,
471 492 585 528 γράφων
605 492 727 528 δηλονότι
745 493 816 520 κατὰ
831 493 896 519 ἀκο-

107 539 217 566 λουθίαν
241 539 288 565 καὶ
304 539 372 574 πρὸς
385 539 449 570 τοὺς
471 539 654 574 συναδελφοὺς
672 539 719 566 καὶ
737 539 896 566 συνεπισκό-

109 594 178 617 πους
189 585 279 620 ἡμῶν,
303 585 401 616 οἵτινες
430 585 458 611 ὲν
476 584 572 619 ἐκείνῳ
586 584 625 619 τῷ
639 584 727 620 καιρῷ
742 585 771 611 ἐν
785 586 842 617 τοῖς
853 584 897 611 τό-

110 639 172 662 ποις
183 630 200 665 ἢ
212 631 240 656 ὲν
252 631 312 661 ταῖς
326 629 420 656 πόλεσι
435 629 563 663 διάγοιεν,
578 630 607 655 ὲν
621 625 665 660 αἷς
676 629 690 655 ό
703 629 898 661 εὐσεϐέστατος

111 675 238 711 βασιλεὺς
257 675 291 702 τὰ
306 675 424 710 δημόσια
441 675 592 709 πράγματα
615 674 791 710 διακυϐερνᾷ.
817 675 849 701 Et
870 675 899 701 δὲ

111 719 166 755 ἔχοι
185 727 226 750 τις
240 719 296 746 τῶν
311 719 469 745 ἐπισκόπων
487 718 582 752 φίλους
603 719 632 745 ὲν
646 720 679 754 τῇ
695 719 762 754 αὐλῇ
781 719 827 746 τοῦ
845 727 898 746 πα-

111 766 215 798 λατίου,
229 766 276 793 καὶ
291 765 411 800 βούλοιτο
423 765 486 800 περι
497 773 580 796 τινος,
591 765 659 800 ὅπερ
674 765 899 799 πρεπωδέστατον

111 811 155 846 εἴη
170 811 296 844 ἀξιῶσαι,
320 811 358 847 μὴ
380 810 512 838 κωλύοιτο
526 811 571 837 διὰ
586 810 633 837 τοῦ
649 811 745 837 ἑαυτοῦ
764 811 898 845 διακόνου,

111 857 158 884 καὶ
173 856 288 888 ἀξιῶσαι
302 857 351 884 καὶ
367 856 538 884 ἐντείλασθαι
552 857 668 890 τούτοις,
683 856 730 888 οὕς
743 865 773 883 τε
787 857 836 892 τὴν
848 858 899 884 αὐ-

942 271 1031 298 qncns
1054 271 1116 291 esse
1140 262 1288 294 existimo,
1316 266 1347 289 ιιι
1359 262 1386 288 itt
1407 269 1580 297 quacumque
1594 262 1735 296 provincia

943 309 1063 344 episcopi
1079 309 1112 336 ad
1126 308 1237 335 fratrem
1249 313 1276 335 et
1291 308 1485 343 coepiscopum
1513 315 1594 335 suum
1621 309 1732 338 mittant

945 363 1050 391 preces,
1081 355 1104 382 is
1121 353 1224 388 quiest
1254 354 1280 381 in
1309 353 1406 389 majori
1433 354 1555 386 civitate,
1570 353 1623 382 hoc
1642 355 1729 382 estin

947 400 1104 435 metropoli,
1132 400 1190 435 ipse
1208 398 1365 427 ministrum
1387 407 1467 426 suum
1477 403 1505 426 ct
1528 406 1623 434 preces
1635 400 1736 434 mittat,

944 447 1067 482 praebens
1099 446 1124 473 ei
1151 445 1232 481 203
1262 445 1498 473 commendatitias
1525 452 1637 480 quoque
1663 446 1737 474 litte-

945 499 1001 522 ras.
1017 491 1144 519 scribens
1158 490 1286 518 videlicet
1305 498 1353 525 per
1364 490 1591 525 consequentiam
1603 492 1688 518 etiam
1704 491 1738 518 ad

947 538 1045 565 fratres
1055 541 1083 564 et
1096 537 1275 572 coepiscopos
1288 541 1408 569 nostros,
1422 537 1470 572 qui
1485 536 1590 565 scilicet
1603 537 1651 564 illo
1670 543 1741 564 tern-

947 591 1012 618 porc
1028 584 1055 610 in
1068 583 1137 610 locis
1150 582 1192 610 vel
1207 582 1365 610 civitatibus
1379 587 1471 617 agant,
1486 583 1514 610 in
1531 582 1632 617 quibus
1644 582 1739 617 piissi-

947 630 1166 664 musimperator
1177 629 1374 663 rempublicam
1389 629 1532 663 gubernat.
1548 628 1577 655 Si
1595 629 1657 663 quis
1687 635 1739 655 au-

948 681 1001 702 tem
1020 675 1164 710 cpiscopus
1178 675 1259 701 habet
1272 674 1375 702 amicos
1391 674 1418 701 in
1436 675 1497 701 aula
1515 674 1619 709 palatii,
1634 679 1662 702 et
1675 673 1741 701 velit

948 720 1062 755 aliquid,
1083 721 1155 754 quod
1175 721 1211 747 sit
1226 719 1371 747 honestum
1391 719 1550 754 etjustum,
1574 721 1734 754 impetrare,

949 775 982 795 ne
1000 766 1176 801 prohibeatur
1190 773 1237 800 per
1256 773 1335 792 suntn
1353 765 1507 792 tninistrum
1526 770 1554 793 et
1569 773 1683 800 rogare,
1713 768 1742 792 et

939 814 985 849 piis
1003 812 1143 844 mandare,
1164 817 1195 839 ut
1219 811 1320 838 bonum
1337 819 1417 838 suum
1446 811 1578 838 auxilium
1609 811 1634 839 ei
1657 810 1743 838 velint

951 860 1080 895 praebere.
1102 859 1154 892 Qui
1180 862 1273 886 autern
1304 857 1420 886 Romam
1448 860 1581 886 accedunt
1601 858 1744 894 (quemad-

110 901 164 927 τῶν
174 901 279 936 ἀγαθὴν
293 900 418 936 βοήθειαν
430 901 547 933 ἀξιοῦντι
559 901 632 937 αὐτῷ
646 902 775 937 παρέχειν
789 903 892 937 ἡγοῖτο.

961 906 1071 933 modum
1086 904 1213 940 superius
1239 905 1342 932 dictutn
1358 905 1411 938 est)
1434 905 1533 932 dilecto
1555 904 1633 932 fratri
1649 909 1743 932 nostro

109 949 142 975 Ol
159 948 187 975 δὲ
204 948 243 979 είς
268 947 378 982 Ῥώμην
394 947 618 982 παραγινόμενοι,
632 947 721 979 καθὼς
735 949 898 984 προείρηκα,

110 994 149 1029 τῷ
160 993 294 1029 ἀγαπητῷ
310 993 416 1029 ἀδελφῷ
431 993 508 1028 ήμῶν
520 993 568 1020 καὶ
583 994 774 1030 συνεπισκόπῳ
785 995 897 1031 Ἰουλίῳ,

109 1040 160 1071 τὰς
175 1039 282 1075 δεήσεις
305 1039 338 1071 ἃς
361 1039 448 1074 ἔχοιεν
464 1039 576 1072 διδόναι,
593 1039 732 1074 ὀφείλουσι
757 1040 898 1074 παρέχειν,

111 1085 156 1112 ἵνα
183 1085 313 1121 πρότερος
327 1085 407 1117 αὐτὸς
424 1085 576 1120 δοκιμάζοι,
594 1086 618 1112 εί
639 1086 676 1120 μή
700 1093 773 1117 τινες
795 1085 826 1118 ἐξ
848 1086 897 1112 αὖε

110 1130 167 1157 τῶν
178 1131 390 1165 ἀναισχυντοίεν,
403 1131 450 1157 καὶ
461 1130 546 1162 οὕτως
559 1131 609 1165 τὴν
619 1130 716 1157 ἑαυτοῦ
729 1131 896 1164 προστασίαν

111 1176 158 1203 καὶ
175 1177 303 1211 φροντίδα
325 1177 464 1212 παρέχων,
489 1176 529 1208 είς
551 1177 584 1202 τὸ
603 1176 783 1212 στρατόπεδον
799 1177 896 1209 αὐτοὺς

952 957 980 980 et
1007 952 1170 986 coepiscopo
1185 950 1257 978 Julio
1285 958 1393 985 preces.
1413 958 1483 985 quas
1507 951 1608 978 habent
1627 950 1742 982 dandas,

952 998 1074 1032 praebere
1087 997 1197 1028 debent,
1215 1000 1244 1023 ut
1255 996 1313 1030 ipse
1330 995 1408 1029 prius
1434 996 1580 1028 examinet,
1602 996 1624 1023 si
1645 995 1744 1030 aliqua:

951 1050 1045 1070 earum
1058 1050 1113 1069 non
1130 1045 1196 1070 sunt
1214 1041 1405 1076 impudentes;
1420 1045 1448 1068 et
1459 1041 1500 1068 sic
1524 1048 1602 1068 suam
1615 1049 1694 1076 opem
1717 1046 1745 1069 et

951 1096 1045 1116 curam
1069 1087 1204 1122 praebens,
1218 1094 1266 1113 eos
1280 1086 1312 1113 ad
1338 1091 1429 1113 castra
1449 1087 1549 1114 mittat.
1565 1086 1668 1114 Omnes
1685 1087 1744 1120 epi-

949 1133 1023 1168 scopi
1034 1133 1162 1160 dixerunt
1171 1132 1223 1160 sibi
1231 1132 1339 1168 placere
1351 1136 1378 1159 et
1388 1139 1449 1160 esse
1457 1132 1743 1160 convenientissimum

951 1179 1002 1206 huc
1016 1178 1174 1207 consilium.
1294 1172 1297 1173 ν

110 1222 310 1250 ἀποστέλλοιεν.
332 1223 469 1255 ’Ἅπαντες
489 1224 515 1250 οἱ
537 1223 684 1250 ἐπίσκοποι
705 1222 887 1258 ἀπεκρίναντο
917 1224 1047 1260 ἀρέσκειν
1076 1226 1169 1258 αὐτοῖς
1208 1226 1257 1253 καὶ
1289 1224 1519 1261 πρεπωδεστάτην
1533 1221 1668 1257 εἶναιτὴν
1681 1230 1746 1256 συμ-

110 1269 210 1305 ϐουλὴν
223 1269 336 1304 ταύτην.

147 1318 184 1342 κ’.
202 1315 222 1341 Γ
224 1314 359 1346 αυδέντιος
370 1314 518 1346 ἐπίσκοπος
526 1312 587 1341 εἶπε
598 1323 605 1330 ·
613 1314 706 1342 Ταῦτα
717 1315 752 1341 τὰ
764 1323 904 1350 σωτηριώ-

111 1359 176 1391 δῶς,
191 1368 218 1386 κ.
236 1368 261 1386 τ.
274 1359 300 1386 λ.

149 1379 206 1433 ἰαὶ
221 1405 300 1432 τοῦτο
315 1405 344 1432 δὲ
365 1404 470 1432 ἐκεῖθεν
494 1405 611 1441 μάλιστα
629 1405 779 1442 γνώριμον,
791 1414 818 1433 κ.
833 1414 859 1434 τ.
877 1405 902 1432 λ.

115 1494 252 1524 ’Δπαντες
267 1491 352 1520 εἷπον·
375 1492 524 1528 Ὀριζέσοω
539 1493 587 1519 καὶ
601 1492 690 1520 τοῦτο.

209 1550 342 1577 Συνόδου
354 1549 562 1583 Καρθαγέννης
576 1549 676 1576 κανὼν
691 1549 740 1584 ρδν,
757 1551 812 1584 ρς¹.

152 1597 223 1630 Περὶ
237 1596 297 1622 τῶν
312 1596 368 1629 τὴν
387 1595 551 1630 διάγνωσιν
570 1595 631 1622 τῶν
655 1595 808 1630 δημοσίων
821 1595 906 1623 δικα-

109 1643 250 1677 στηρίων
265 1642 323 1669 ἀπὸ
337 1642 390 1669 τοῦ
401 1641 555 1674 ,βασιλέως
570 1641 745 1670 αἰτούντων.

991 1315 1036 1343 20.
1061 1315 1231 1344 Gaudentius
1244 1317 1388 1351 episcopus
1396 1315 1481 1343 dixit:
1496 1314 1558 1343 llaec
1577 1314 1744 1345 salutariter,

955 1365 1021 1394 etc.,
1034 1367 1064 1388 ut
1078 1370 1138 1397 pag.
1168 1362 1232 1390 666.

991 1407 1076 1434 Porro
1103 1413 1192 1434 autem
1218 1415 1327 1443 quoque
1350 1407 1424 1435 illinc
1439 1407 1492 1435 erit
1509 1406 1628 1434 maxime
1639 1410 1745 1439 nottun,

953 1457 1024 1484 etc.,.
1037 1459 1066 1479 ιιι
1077 1460 1136 1487 pag.
1156 1452 1219 1480 666.

955 1497 1056 1526 Omnes
1071 1497 1218 1526 dixerunt:
1238 1497 1294 1526 Hoc
1307 1506 1417 1534 quoque
1437 1498 1612 1526 decernatur.

1027 1554 1141 1582 Concilt'i
1165 1554 1379 1590 Carthagiitensis
1405 1563 1516 1582 canones
1534 1554 1596 1587 104’,
1613 1553 1674 1581 106.

994 1600 1034 1628 De
1052 1601 1093 1628 his
1108 1602 1153 1636 qui
1170 1601 1333 1636 publicarunt
1345 1601 1510 1636 judiciorum
1525 1601 1699 1636 cognitionem
1713 1599 1746 1627 ab

962 1647 1121 1682 imperatore
1139 1648 1316 1682 poposcerint.

156 1702 203 1738 ρδ’.
224 1703 343 1738 Ἤρεσεν
365 1703 409 1729 ἵνα
433 1701 609 1737 όστισδήποτε
632 1701 686 1728 ἀπὸ
707 1700 754 1728 τοῦ
774 1701 898 1736 βασιλέως

992 1705 1052 1733 104.
1068 1704 1172 1732 l’lacuit
1188 1704 1225 1738 ",
1242 1709 1272 1732 ut
1285 1705 1452 1740 quicumque
1467 1704 1501 1731 ab
1517 1704 1682 1738 imperatore
1695 1709 1744 1730 co-

116 1749 264 1782 διάγνωιτιν
278 1748 415 1783 δημοσίων
433 1748 616 1783 δικαστηρίων
632 1748 749 1781 αίτήσοι,
767 1748 816 1783 τῆς
840 1748 898 1775 {siut

958 1751 1108 1785 gnitionem
1127 1750 1295 1786 judiciorum
1313 1750 1484 1785 publicorum
1501 1749 1620 1784 petierit.
1645 1749 1748 1776 honore

119 1795 204 1830 τιμῆς
220 1794 374 1830 στερηθείη·
391 1794 439 1821 ἐὰν
452 1794 482 1820 δὲ
496 1795 586 1829 κρίσιν
601 1794 783 1830 ὲπισκοπικὴν
798 1795 851 1821 ἀπὸ
860 1794 898 1821 soi

958 1796 1069 1830 proprio
1084 1796 1224 1831 privetur;
1243 1795 1266 1823 si
1283 1801 1373 1824 autent
1390 1795 1544 1831 episcopale
1563 1794 1697 1830 judicium
1712 1793 1748 1821 ab

120 1840 255 1876 βασιλέως
269 1840 387 1876 αίτήσοι,
404 1839 487 1875 μηδὲν
501 1839 576 1875 αὐτῷ
593 1839 745 1875 ὲμποδὶσοι.

959 1843 1126 1878 imperatore
1143 1842 1298 1877 postularit,
1317 1842 1384 1869 nihil
1400 1842 1424 1869 ei
1440 1841 1523 1869 obsit.

155 1897 225 1925 Ἵνα
239 1897 265 1923 οι
283 1895 333 1923 ἐπὶ
350 1896 384 1922 τὸ
399 1895 560 1929 κομιτάτον
573 1895 778 1929 πορευόμενοι,
792 1894 848 1928 τὴν
863 1895 908 1921 αὶ-

119 1943 189 1970 τῐαν
205 1941 321 1969 ἑαυτῶν
341 1940 390 1968 καί
411 1940 451 1973 τῷ
471 1941 506 1967 ἐν
528 1939 696 1974 Καρχηδόνι
715 1939 764 1966 καί
782 1939 822 1972 τῷ
838 1940 908 1967 Ῥω-

108 1986 216 2024 ’ματκῷ
230 1987 310 2021 ἱερεῖ,
327 1986 545 2013 σπουδάσωσιν
558 1986 732 2020 ἐμφανίσαι.

155 2037 212 2068 pg“.
235 2034 351 2068 Ἦρεσεν
371 2031 414 2058 ἵνα
436 2031 611 2066 ὁστισδήποτε
634 2031 702 2066 πρὸς
715 2030 746 2057 τδ
762 2031 898 2066 κομιτάτοε

995 2035 1055 2063 106.
1071 2035 1175 2063 Placuit
1189 2037 1223 2069 ⁷⁸,
1245 2041 1274 2063 ut
1296 2035 1454 2070 quicunque
1469 2034 1504 2061 ad
1525 2033 1687 2062 comitatum
1709 2033 1749 2060 ire

118 2080 286 2115 πορευθῆναι
310 2078 441 2113 θελήσειε,
451 2079 483 2113 τῇ
500 2078 650 2112 ἀπολυτικῇ
664 2078 696 2112 τῇ
716 2077 762 2104 ἐπὶ
775 2077 825 2112 τὴν
847 2078 898 2104 Έκη

959 2081 1085 2114 voluerit,
1106 2081 1134 2108 in
1147 2081 1262 2109 formata
1276 2089 1338 2116 qum
1348 2081 1382 2108 ad
1400 2080 1477 2107 urbis
1489 2079 1582 2106 Romae
1598 2078 1749 2106 Ecclesiatn

119 2126 237 2161 κλησίαν
257 2124 367 2159 Ῥώμης
381 2124 544 2159 πεμπομένη
559 2123 710 2158 κατάδηλος
726 2123 848 2159 γένηται,
864 2133 898 2151 κα

960 2128 1090 2160 mittitur,
1114 2127 1268 2158 intimetur,
1291 2131 1322 2154 ut
1337 2127 1400 2154 inde
1425 2126 1507 2153 ctiatn
1533 2125 1565 2152 ad
1588 2124 1749 2151 contitatum

119 2171 165 2198 τνα
178 2171 283 2198 ἐκεῖθεν
299 2170 339 2196 ἐτι
355 2170 408 2205 μὴν
422 2169 592 2205 ἀπολυτικὴν
607 2169 677 2205 λάϐῃ
691 2169 738 2196 ἐπὶ
752 2169 781 2195 τὺ
799 2169 898 2202 κομιτά

960 2171 1103 2199 formatam
1125 2172 1249 2206 accipiat.
1272 2172 1350 2205 Quod
1365 2171 1388 2198 si
1410 2171 1550 2205 accipiens
1579 2170 1613 2197 ad
1634 2169 1749 2196 Romam

116 2224 177 2243 τον.
195 2215 241 2242 Διὸ
264 2216 312 2242 ἐὰν
325 2216 339 2242 ό
357 2214 446 2241 λαϐὼν
461 2214 628 2250 ἀπολυτικὴν
649 2214 717 2250 πρὸς
731 2214 780 2248 τὴν
800 2213 898 2249 Ῥώμηπ

961 2218 1149 2244 tantummodo
1163 2217 1320 2250 formatam,
1333 2222 1359 2244 et
1374 2222 1466 2244 tacens
1477 2215 1669 2243 necessitatem
1695 2221 1750 2248 qua

119 2261 214 2297 μόνον,
231 2261 373 2296 σιωπήσας
386 2260 435 2294 τὴν
451 2260 585 2295 ἀνάγκην,
601 2259 634 2286 δι’
651 2259 684 2295 ἢν
700 2261 739 2291 εἰς
757 2261 788 2286 τὸ
799 2259 898 2295 κομιτά

961 2263 994 2290 ad
1014 2263 1172 2290 comitatum
1190 2263 1226 2290 illi
1254 2263 1421 2298 pergendum
1439 2267 1492 2295 est,
1514 2261 1632 2288 voluerit
1655 2260 1748 2287 statim

117 2316 168 2334 τον
180 2307 262 2334 αὑτὸν
275 2307 327 2343 χρὴ
343 2307 518 2343 πορευθῆναι,
529 2307 631 2343 Θελήσῃ
645 2307 746 2339 εὺοέως
762 2307 808 2334 ἐπὶ
821 2307 852 2334 τὸ
863 2316 898 2334 κοη

961 2309 994 2335 ad
1010 2309 1168 2335 comitatum
1186 2315 1309 2343 pergere,
1327 2315 1341 2334 a
1362 2307 1554 2334 communione
1568 2308 1751 2333 removeatur.

120 2353 235 2390 μιτὰτον
251 2353 369 2388 βαδίσαι,
384 2353 538 2389 ἀποκινηθῇ
559 2354 609 2389 τῆς
631 2353 783 2385 κοινωνίας.
805 2353 868 2380 Ἐὰν
882 2353 896 2380 δ

962 2352 1040 2386 Quod
1055 2353 1078 2380 si
1093 2353 1130 2380 ibi
1146 2353 1241 2380 Romae
1254 2353 1278 2380 ei
1298 2352 1438 2387 repentina
1455 2351 1605 2379 necessitas
1615 2354 1675 2377 orta
1689 2349 1750 2376 fue-

117 2401 211 2426 ἑκεῖσε
239 2400 269 2426 ἐν
291 2400 325 2435 τῇ
349 2399 441 2434 Ῥώμῃ
468 2399 590 2434 αίφνιδὶα
605 2398 711 2434 ἀνάγκη
736 2399 846 2434 ἀπορρυῇ
861 2398 898 2424 soi

962 2400 996 2426 rit
1011 2399 1044 2426 ad
1060 2399 1220 2427 comitatum
1233 2398 1374 2433 pergendi,
1390 2398 1488 2432 alleget
1497 2397 1571 2432 apud
1585 2396 1743 2431 episcopum

118 2445 250 2472 ἀπελθεῖν
275 2446 316 2476 είς
342 2444 373 2471 τὸ
395 2444 559 2480 κομιτάτον,
586 2444 731 2479 ὲμφανίσει
752 2444 837 2479 αὐτὴν
860 2444 898 2480 τὴ·

961 2444 1038 2471 urbis
1053 2443 1147 2471 Romae
1162 2444 1248 2478 ipsam
1265 2443 1467 2474 necossilatem,
1482 2447 1510 2469 et
1532 2442 1567 2469 tle
1582 2442 1634 2469 hoc
1651 2441 1751 2468 rescri-

117 2490 247 2525 ἀνάγκην
270 2490 310 2525 τῷ
333 2490 475 2525 ὲπισκόπῳ
503 2489 624 2524 Ῥώμης,
651 2489 698 2516 καὶ
727 2490 898 2526 παρακομίσε

959 2496 1005 2526 pta
1026 2490 1148 2526 ejusdem
1169 2490 1284 2517 Romani
1306 2490 1427 2524 episcopi
1462 2489 1591 2524 perferat.
1617 2488 1752 2516 Formam

117 2536 278 2570 ἀντίγραφα
293 2534 340 2562 τοῦ
354 2536 437 2570 αὐτῆς
458 2534 567 2570 Ῥώμης
583 2535 731 2561 ἐπισκόπου
745 2543 752 2550 ’
768 2535 796 2561 αἰ
811 2535 897 2561 ἀπολυ

959 2543 1062 2568 autem,
1076 2544 1138 2571 quae
1151 2544 1166 2562 a
1185 2535 1346 2570 primatibus
1362 2537 1401 2562 vel
1418 2544 1433 2562 a
1448 2536 1669 2570 quibuscumque
1694 2533 1750 2568 cpi-

117 2585 196 2609 τικαὶ
211 2581 240 2608 δὲ
257 2582 285 2608 αἱ
309 2582 363 2608 ἀπὸ
388 2581 442 2608 τῶν
466 2581 673 2616 πρωτευόντων,
699 2580 715 2616 ἢ
731 2580 785 2607 τῶν
803 2581 898 2616 οἱωνδή

963 2582 1053 2616 scopis
1074 2581 1182 2609 clericis
1205 2581 1323 2616 propriis
1343 2581 1453 2613 dantur,
1481 2581 1599 2608 habeant
1614 2580 1684 2607 diem
1701 2579 1753 2606 Pa-

117 2636 187 2655 ποτε
211 2627 386 2659 ἐπισκόπων,
415 2628 470 2659 τοῖς
496 2627 571 2658 ἰδίοις
595 2627 738 2662 κληρικοῐς
764 2627 898 2662 διδόμεναι

959 2629 1057 2658 scitae:
1080 2628 1153 2662 quod
1177 2627 1201 2654 si
1226 2627 1316 2654 adhuc
1338 2627 1458 2662 ejusdem
1477 2626 1541 2654 anni
1570 2626 1679 2653 Pascha:
1694 2625 1752 2652 dies

119 2676 209 2711 σχῶσι
234 2675 283 2710 τὴν
306 2675 413 2709 ἡμέραν
437 2675 485 2701 τοῦ
513 2675 619 2708 Πάσχα,
650 2674 712 2702 Ἐὰν
737 2674 765 2701 δὲ
787 2674 898 2709 ἀκμὴνι

964 2674 1083 2701 iuccrtu’s
1104 2677 1155 2705 est,
1172 2673 1217 2700 ille
1235 2673 1389 2708 praecedens
1409 2672 1585 2707 adjungatur,
1613 2670 1751 2705 quomodo

117 2721 213 2756 ἡμέρα
229 2720 277 2746 τοῦ
292 2720 388 2754 Πάσχα
405 2720 453 2747 τοῦ
469 2720 549 2746 αὑτοῦ
566 2719 690 2746 ἐνιαυτοῦ
704 2719 853 2754 κατάδηλος
863 2720 898 2746 οὐ·

965 2720 1034 2748 solet
1051 2723 1113 2754 post
1135 2719 1306 2746 consulatum
1324 2719 1352 2745 in
1382 2719 1500 2753 publicis
1525 2717 1608 2752 gestis
1635 2715 1748 2743 ascribi.

119 2767 208 2800 ἔστιν,
226 2767 243 2801 ἡ
260 2766 307 2794 τοῦ
324 2765 555 2802 προηγησαμένου
577 2765 787 2802 προσζευχῦείη,
808 2765 838 2792 ὃν
852 2765 898 2800 τρό

966 2765 1070 2793 Placuit
1081 2769 1109 2793 ct
1120 2764 1197 2800 illud,
1210 2769 1240 2793 ut
1255 2765 1385 2792 adversus
1399 2763 1555 2792 Donatistas
1574 2767 1601 2791 ct
1617 2767 1749 2798 paganos,

994 1899 1076 1935 204
1094 1898 1128 1926 Ut
1145 1904 1283 1934 pergentes
1303 1901 1337 1926 ad
1356 1901 1523 1930 comitatum,
1541 1905 1650 1925 causam
1672 1904 1749 1924 suam

959 1944 998 1971 vel
1020 1944 1221 1979 Cartltaginensi
1241 1943 1281 1971 νει
1306 1943 1425 1970 Romano
1451 1942 1572 1977 pontiﬁci
1611 1942 1749 1968 insinuare

958 1994 1109 2024 procurent.

157 2857 180 2875 '"
199 2856 284 2886 Cone.
298 2857 381 2886 Afric.
395 2857 461 2885 (Jun.
477 2857 520 2884 Ἠ.
571 2857 592 2874 ⁷⁵
608 2856 674 2884 Ibid.
687 2855 732 2883 75.
885 2859 904 2884 Ἰ
