1959 3061
212 184 261 217 Gil

214 239 258 268 vel
275 244 372 269 acrum
389 230 610 275 superstitiones,
635 239 716 275 legati
736 240 813 268 missi
827 241 860 269 de
876 241 928 269 hoc
941 242 1001 276 glo-

214 286 289 313 rioso
300 286 417 313 concilio
431 285 563 321 quidquid
579 286 643 314 utile
657 286 834 321 perviderint,
849 287 882 315 de
896 287 998 323 glorio-
1015 278 1040 307 Α

215 331 336 359 sissitnis
347 331 517 366 principibus
532 331 687 366 impetrent.

250 377 355 405 Placuit
369 377 451 404 etiam
467 377 583 412 petitum
600 377 723 404 omnium
749 377 952 412 episcoporum,
975 380 1003 404 ut

215 421 338 454 epistolis
352 421 479 448 omnibus
496 422 530 448 de
548 421 664 449 concilio
688 421 787 450 dandis
809 423 943 449 sanctitas
957 427 1004 449 tua

216 467 273 494 sola
286 467 451 494 subscribat.
470 467 501 494 Et
514 469 745 503 subscripserunt.
768 470 1009 505 Aureliusepiseo-

217 520 267 546 pus
283 512 503 548 Cartltaginunsis
523 515 587 542 huic
604 514 712 542 decreto
723 517 859 548 consensi,
886 521 914 544 et
941 524 1011 551 pra:-

217 559 455 593 lcetosul;srripsi.
473 559 603 588 Similiter
627 565 655 588 et
679 561 771 588 caeteri
797 561 916 596 episcopi
946 561 1012 589 sub-

218 604 401 639 scripserunt.

790 185 920 216 PHOTII
943 184 1195 216 PATRIARCHE
1211 185 1266 216 ΟΡ.

1744 195 1754 203 ν
1792 181 1849 215 672

1046 251 1112 268 ιπον
1125 242 1205 269 εἴωθε
1220 240 1289 277 μετὰ
1301 240 1350 275 τὴν
1370 239 1503 267 ὑπατείαν
1521 239 1676 275 γράφεσθαι
1690 238 1719 265 ὲν
1733 239 1789 271 τοῖς
1800 239 1853 275 δη-

1057 288 1162 323 μοσίοις
1177 287 1393 323 πεπραγμένοις.

1096 380 1198 414 Ἦρεσε
1229 378 1258 405 δὲ
1289 378 1410 409 κάκεῖνο,
1442 375 1512 403 ὥστε
1546 374 1632 402 mw
1649 375 1704 401 τῶν
1735 375 1847 401 Δονατι-

1060 426 1140 458 στῶν,
1156 425 1204 451 καὶ
1224 424 1278 450 τῶν
1306 423 1439 458 Ἐλλήνων
1451 441 1458 454 ,
1477 421 1525 448 καὶ
1549 421 1603 447 τῶν
1624 419 1777 456 θρησκειῶν
1803 419 1853 445 αὐ-

1060 471 1135 505 τῶνς,
1157 471 1221 501 τοὺς
1251 468 1426 503 πεμφθέντας
1454 466 1644 502 τοποτηρητάς
1671 465 1704 492 ὲκ
1728 466 1778 500 τῆς
1805 473 1853 491 τι-

1062 517 1126 552 μίας
1148 515 1251 550 ταύτης
1279 514 1408 545 συνόδου,
1432 513 1487 540 πᾶν
1516 511 1604 538 ὁτιοῦν
1621 511 1756 546 χρήσιμον
1782 518 1854 536 συν-

1062 562 1162 594 ίδωσιν,
1178 562 1210 587 ὲκ
1235 560 1290 587 τῶν
1313 559 1492 592 ἐνδοξοτάτων
1515 556 1680 591 αἰτήσασθαι
1705 555 1850 591 βασιλέων.

1062 606 1180 641 Ἤρεσεν
1203 605 1242 632 ἔτι
1270 604 1322 640 μὴν
1345 605 1379 639 τῇ
1409 603 1516 637 αἰτήσει
1540 602 1648 628 πάντων
1670 601 1724 626 τῶν
1739 599 1854 626 ἐπισκό-

217 658 285 683 πων,
305 651 347 677 ἵνα
363 652 465 683 πάσαις
480 653 540 683 ταῖς
561 652 732 685 ὀφειλούσαις
747 652 858 687 δοθῆναι
881 653 940 684 ταῖς
954 654 1002 688 τῆς
1018 652 1125 678 συνόδου
1140 651 1307 682 ἐπιστολαῖς,
1338 650 1355 684 ἡ
1373 650 1405 684 σὴ
1429 647 1567 682 ἁγιωσύνη
1600 647 1667 682 μόνη
1695 644 1852 680 ὑπογράψῐγ

223 696 278 723 Καὶ
293 697 468 731 ὑπέγραψαν·
484 697 616 732 Αὐρήλιος
629 697 778 729 ἐπίσκοπος
810 698 862 732 τῆς
877 699 906 725 ὲν
940 698 1094 733 Καρχηδόνι
1116 697 1289 733 Ἑκκλησίας,
1324 697 1362 731 τῷ
1386 695 1500 731 παρόντι
1521 694 1680 729 ψηφίσματι
1703 693 1850 728 συνῄνεσα,

223 742 270 768 καὶ
293 743 552 777 παραναγνωσθέντι
580 743 736 779 ὑπέγραψα.
773 744 889 778 Ὁμοίως
914 744 962 770 καὶ
987 744 1013 770 ot
1031 743 1120 770 λοιποὶ
1137 744 1281 770 ἐπίσκοποι
1298 742 1470 776 ὑπέγραψαν.

255 788 336 823 205
353 788 430 815 CAP.
449 788 518 816 γ..-
534 789 569 816 De
602 790 735 824 hospitum
770 791 945 825 susceptione,
976 795 1001 818 et

217 835 250 862 de
268 834 387 870 paciﬁcis
403 839 427 862 et
441 836 661 862 contmendatitiis
673 835 806 870 epistolis.

375 881 560 914 Apostolorum
583 889 697 908 canones
722 882 766 915 η,
784 882 829 909 35.

254 925 297 952 12.
331 924 358 952 Si
388 926 449 960 quis
482 925 598 953 clericus
633 926 674 953 vel
704 926 790 954 laicus
823 931 1005 962 segregatus,
1024 915 1045 944 Β

219 971 277 998 sive
294 978 347 998 non
363 970 547 1005 recipiendus,
568 971 712 1000 discedens
726 992 734 1005 ,
764 972 791 999 in
824 973 909 1000 altera
939 972 1006 1000 urbe

219 1021 344 1051 receptus
370 1017 453 1044 fuerit
491 1017 593 1052 absque
624 1018 723 1046 litteris
751 1018 980 1046 commendatitiis
997 1038 1006 1050 ,

218 1067 385 1098 segregetnr,
409 1068 436 1090 et
466 1063 512 1098 qui
532 1064 646 1098 excepit.
678 1069 705 1092 et
728 1065 775 1098 qui
808 1068 938 1098 exceptus
953 1068 1005 1091 est.

255 1107 401 1135 55.Nullus
416 1112 591 1135 externorum
602 1108 853 1144 episcoporum,_ve|
867 1110 1008 1144 presbyte-

220 1160 325 1187 rorum,
339 1153 380 1180 vel
399 1153 575 1181 diaconorum
603 1154 664 1182 sine
685 1155 916 1183 commendatitiis
936 1155 1007 1182 rcci-

221 1199 322 1233 piatur,
350 1198 438 1234 iisque
448 1199 624 1228 alferentibus
634 1200 833 1228 examinentur.
844 1200 893 1228 Sin
905 1201 1008 1234 minus,

221 1243 257 1270 iis
269 1250 330 1277 quae
345 1248 410 1271 sunt
422 1244 586 1276 necessaria,
602 1244 663 1272 aliis
675 1245 817 1279 exhibitis,
835 1246 869 1273 ad
883 1253 1008 1273 comunt-

223 1288 331 1315 nionem
345 1296 378 1316 ne
390 1286 569 1316 admittantur
582 1298 589 1324 ;
608 1290 693 1318 multa
711 1291 783 1318 enim
796 1299 844 1326 per
858 1291 1009 1327 surreptio-

223 1341 285 1362 nem
300 1334 381 1362 ﬁunt.

341 1422 454 1450 Concilii
469 1422 624 1451 Antiocheni
637 1432 749 1452 canones
765 1424 792 1459 7,
808 1425 835 1457 8,
850 1425 894 1453 ll.

260 1467 287 1495 7.
299 1467 394 1495 Nullus
409 1472 538 1497 externus
553 1470 613 1497 sine
627 1470 750 1505 paciﬁcis
766 1471 944 1506 suscipiatur.

1091 790 1215 817 ΚΕΦΔΛ.
1227 789 1371 823 Ε¹.-Περὶ
1386 786 1541 822 ὑποδοχῆς
1549 787 1653 818 ξένων,
1666 785 1715 813 καὶ
1732 786 1799 819 περὶ
1811 785 1856 812 εί-

1053 835 1187 871 ρηνικῶν
1200 835 1249 862 καὶ
1265 834 1455 862 συστατικῶν
1465 831 1645 860 ἐπιστολῶν.

1223 881 1414 908 Ἀποστόλων
1433 880 1532 906 κανὼν
1547 879 1591 914 ιβ’,
1607 879 1658 913 ).γ’.

1095 927 1138 963 ιβ’.
1161 927 1194 953 Et
1217 935 1259 958 τις
1277 926 1405 962 κληρικδς
1420 926 1436 960 ἢ
1451 926 1542 958 λαῑχδς
1556 947 1564 959 ,
1579 924 1771 961 ἀφωρισμένος
1792 923 1855 958 ἦτοι

1056 972 1178 1003 ἁδεκτος,
1194 971 1319 998 ἀπελθὼν
1335 971 1364 998 ὲν
1377 971 1457 1007 ἑτέρᾳ
1487 971 1563 998 πόλει
1575 971 1656 1006 δεχϐῇ
1678 970 1741 996 ἄνευ
1759 977 1852 1005 γραμ-

1061 1017 1156 1053 μάτων
1189 1017 1356 1044 συστατικῶν
1373 1037 1381 1049 ,
1398 1016 1571 1053 ὰφοριζέσοω
1596 1017 1643 1043 καὶ
1663 1016 1678 1042 ὁ
1701 1015 1849 1050 δεξάμενος

1058 1063 1106 1090 καὶ
1120 1064 1134 1089 ὸ
1143 1063 1258 1099 δεχθείς.

1093 1108 1145 1143 λγ’.
1157 1109 1268 1143 Μηδένα
1281 1108 1335 1135 τῶν
1347 1108 1429 1144 ξενων
1443 1108 1611 1139 ἐπισκόπων,
1621 1107 1638 1142 ἢ
1648 1105 1854 1141 πρεσϐυτερωντ

1058 1154 1076 1190 ἢ
1092 1153 1233 1186 διακόνων,
1242 1154 1306 1181 ἄνευ
1323 1153 1495 1180 συστατικῶν
1507 1151 1714 1188 προσδέχεσθαιθ
1730 1152 1777 1177 καὶ
1792 1152 1857 1177 ἐπι-

1058 1200 1216 1235 φερομένων
1225 1199 1254 1226 δὲ
1262 1199 1351 1226 αὐτῶν
1363 1199 1612 1234 ἀνακρινέσθωσαν,
1623 1199 1670 1225 καὶ
1678 1197 1726 1224 ἐὰν
1738 1197 1787 1232 μὲν
1803 1195 1856 1224 ὦσι

1060 1245 1179 1280 κήρυκες
1194 1246 1244 1280 τῆς
1269 1244 1420 1277 εὐσεϐείας,
1449 1244 1701 1279 προσδεχέσθωσαν.
1721 1243 1750 1270 Εἰ
1766 1243 1795 1269 δὲ
1809 1243 1849 1279 μή

1059 1298 1092 1323 γε
1107 1289 1142 1316 τὰ
1166 1290 1233 1325 πρὸς
1247 1289 1295 1322 τὰς
1317 1290 1412 1325 χρείας
1426 1290 1517 1321 αὐτοῖς
1536 1289 1795 1324 ἐπιχορηγήσαντες,
1813 1289 1857 1320 εἰς

1061 1336 1202 1362 κοινωνίαν
1217 1336 1314 1367 αὐτοὺς
1329 1336 1367 1371 μὴ
1390 1335 1582 1372 προσδέξησθε·
1609 1335 1694 1362 πολλὰ
1715 1335 1770 1370 γὰρ
1783 1335 1858 1362 κατὰ

1061 1382 1240 1417 συναρπαγὴν
1252 1381 1368 1415 γίνεται.

1148 1426 1284 1453 Συνόδου
1309 1426 1482 1460 Ἀντιοχείας
1498 1426 1599 1454 κανὼν
1609 1426 1641 1459 ς’,
1649 1426 1688 1462 η’,
1700 1429 1745 1454 ια’.

1095 1471 1128 1504 ξ’.
1149 1472 1259 1507 Μηδένα
1281 1471 1345 1499 ἄνευ
1376 1472 1520 1507 ειρηνικῶν
1535 1472 1706 1508 γραμμάτων
1729 1471 1858 1507 δέχεσθαι

1062 1517 1117 1544 τῶν
1134 1517 1228 1550 ξένων.

260 1555 288 1583 8.
305 1555 360 1584 Nec
375 1557 523 1593 presbyteri
541 1557 587 1593 qui
609 1562 674 1585 sunt
691 1558 718 1585 in
734 1559 822 1593 pagis,
846 1559 912 1586 dent
927 1567 1010 1587 cano-

1098 1563 1134 1598 η’.
1160 1563 1236 1598 Μηδὲ
1260 1562 1462 1598 πρεσϐυτέρους
1476 1563 1539 1595 τοὺς
1555 1564 1584 1590 ὲν
1595 1563 1654 1594 ταῖς
1684 1562 1784 1598 χώραις
1803 1569 1859 1588 κα-

227 1602 304 1629 nicas
333 1603 473 1637 epistolas,
503 1603 544 1630 vel
572 1603 606 1630 ad
631 1604 706 1631 solos
731 1605 836 1632 vicinos
867 1605 1012 1641 episcopos

225 1647 354 1682 epistolas
371 1649 505 1676 emittant.
521 1648 716 1684 Chorepiscopi
748 1655 841 1678 autem
869 1651 937 1678 nulli
971 1660 1014 1678 re-

226 1693 400 1728 prehensioni
416 1693 510 1721 attines
520 1695 585 1721 dent
603 1695 740 1729 paciticas.

263 1739 306 1766 ll.
328 1738 356 1766 Si
382 1740 444 1774 quis
468 1740 624 1774 episcopus,
649 1741 692 1768 vel
706 1741 859 1777 presbyter,
882 1742 923 1771 vel
951 1751 1012 1771 om-

228 1786 296 1813 nino
311 1793 345 1813 οι
358 1793 471 1818 canone,
484 1791 537 1813 etc.
558 1792 586 1813 ut
607 1795 689 1821 supra
704 1795 766 1823 pag.
785 1787 848 1815 666.

351 1831 461 1858 Concilii
481 1831 625 1859 Laudiceni
639 1841 753 1860 canones
770 1833 816 1867 41,
832 1834 878 1862 42.

264 1876 309 1903 ll.
341 1875 419 1908 Quod
448 1884 503 1903 non
537 1881 645 1911 oportet
672 1885 734 1905 eum
751 1879 797 1913 qui
828 1885 870 1907 est
894 1885 1019 1908 sacratus

230 1921 273 1949 vel
302 1922 419 1949 clericus
440 1923 498 1950 sine
522 1923 663 1951 canonicis
693 1924 790 1952 litteris
816 1925 868 1953 iter
902 1926 1018 1961 ingredi.

265 1968 311 1994 42.
332 1967 409 2001 Quod
436 1976 490 1996 non
510 1974 616 2003 oportet
637 1977 684 1998 eos
699 1971 745 2006 qui
759 1976 823 1998 sunt
851 1973 950 2000 sacrati
978 1973 1021 2001 vel

230 2014 332 2047 clerici,
350 2015 409 2042 sine
422 2015 500 2049 jussu
521 2016 641 2050 episcopi
662 2017 712 2044 iter
730 2017 844 2053 ingredi.

318 2060 430 2087 Consilii
460 2060 680 2088 Chalcedonensis
704 2070 788 2089 canon
803 2063 846 2090 l3.

267 2105 313 2133 l3.
327 2105 470 2139 Externosﬁ
485 2106 600 2135 clericos
622 2111 649 2134 et
665 2107 772 2142 ignotos
788 2108 815 2135 in
830 2108 882 2136 alia
901 2107 1022 2142 civitate,

231 2156 297 2186 etc"
306 2158 336 2179 ut
353 2160 416 2188 pag.
429 2152 492 2180 659.

351 2240 433 2275 2ος
446 2239 569 2273 Concilii,‘
586 2240 752 2268 Sardiccnsis
777 2248 862 2267 canon
877 2240 904 2268 9.

272 2285 370 2314 llosius
387 2287 532 2321 episcopus
544 2287 612 2314 dixit
626 2295 635 2314 :
659 2287 714 2314 Iloc
725 2295 837 2322 quoque
851 2294 1024 2322 consequens

235 2333 448 2365 esseexistilno,
469 2337 535 2366 etc.,
551 2338 580 2359 ut
603 2341 664 2368 pag.
683 2333 748 2360 667.

376 2379 490 2406 Concilii
506 2379 722 2414 Carthagincnsis
734 2387 821 2406 canon
841 2379 887 2407 25.

274 2423 309 2452 Ut
332 2425 447 2460 episcopi
470 2430 544 2452 trans
572 2433 644 2453 mare
660 2433 712 2452 non
722 2425 940 2460 proﬁciscantur.

272 2512 348 2545 Item,
378 2516 408 2540 ut
439 2512 560 2547 episcopi
588 2517 663 2540 trans
697 2520 783 2546 mare,
802 2517 870 2545 etc.,
902 2516 931 2540 ut
946 2520 1028 2547 supra

238 2566 290 2593 pag
301 2577 309 2585 .
321 2558 385 2586 0'62.

379 2603 491 2631 Cancilii
511 2603 663 2630 mcumenici
688 2611 726 2636 Vt,
739 2611 824 2631 canon
843 2603 888 2629 l'l.

271 2647 403 2681 Quoniam
431 2650 602 2678 diversarum
627 2649 810 2677 Ecelesinrunl
844 2649 947 2682 clerici,
963 2653 1028 2682 cte.,

241 2699 269 2722 ut
279 2703 341 2729 pag.
365 2695 429 2723 545.

277 2741 351 2770 CAP.
369 2741 412 2769 Vl.
431 2741 502 2770 -Ιη
526 2750 577 2777 quo
597 2741 725 2776 cli/ferant
745 2742 863 2776 paci/im
876 2742 992 2774 epistolae
1013 2751 1030 2769 a

242 2787 463 2815 commendatitiis
472 2787 601 2822 epistolis.

363 2832 475 2861 Concilii
490 2833 708 2861 Chalcedonensis
723 2841 809 2860 canon
827 2833 871 2861 ll.

277 2879 378 2908 Omnes
408 2887 560 2916 pauperes,
600 2884 628 2909 et
667 2880 714 2915 qui
748 2879 850 2906 auxilio
891 2878 1027 2914 indigent,

1064 1609 1172 1640 νονικὰς
1185 1609 1329 1641 ἐπιστολὰς
1339 1609 1449 1640 διδόναι,
1463 1609 1479 1644 ἢ
1495 1609 1563 1644 πρὸς
1578 1609 1674 1644 μόνους
1692 1609 1754 1639 τοὺς
1770 1607 1862 1642 γείτο-

1064 1663 1113 1686 νας
1129 1651 1286 1682 ὲπισκόταιῖν
1299 1654 1442 1685 ἐπιστολὰς
1453 1654 1616 1689 ἐκπέμπειν·
1631 1655 1694 1685 τοὺς
1716 1653 1744 1680 δὲ
1762 1653 1862 1679 ἀνεπι-

1064 1699 1185 1735 λήπτους
1202 1699 1428 1735 χωρεπισκόπων,
1444 1698 1544 1725 διδόναι
1562 1699 1713 1734 εἰρηνικάς.

1104 1748 1150 1771 ια’.
1168 1744 1201 1770 Et
1223 1753 1264 1776 τις
1277 1744 1453 1780 ἐπίσκοποςῆ
1471 1743 1668 1780 πρεσὸύτερος,
1682 1744 1700 1780 ἢ
1717 1743 1784 1775 ὅλως
1807 1742 1859 1769 τοῦ

1065 1789 1188 1822 κανόνος,
1204 1798 1232 1817 κ.
1250 1798 1275 1817 τ.
1290 1789 1315 1816 λ.

1173 1835 1308 1862 Συνόδου
1324 1835 1499 1868 Λαοδιὶιείας
1514 1835 1615 1862 κανὼν
1630 1838 1686 1869 μα’,
1699 1833 1753 1870 μβ’.

1109 1883 1166 1915 μα’.
1180 1880 1243 1906 ὀτι
1258 1880 1289 1906 οὐ
1302 1880 1342 1906 δεῖ
1359 1879 1521 1914 ἱερατικὸν-ἣ
1535 1879 1664 1914 χληρικδν
1679 1879 1741 1906 ἄνευ
1756 1886 1865 1906 κανονι-

1068 1926 1124 1953 κῶν
1141 1925 1315 1961 γραμμάτων
1331 1924 1443 1953 ὁδεύειν.

1106 1972 1162 2008 μβ¹.
1177 1972 1238 1999 Ὀτι
1251 1973 1280 1998 οὑ
1294 1972 1334 1998 δεῖ
1351 1971 1486 2007 ἱερατικὸν
1509 1971 1526 2006 ἦ
1542 1970 1670 2006 χληρικὸν
1693 1970 1756 1998 ἄνευ
1770 1969 1866 1997 κελεύ-

1071 2026 1141 2050 σεως
1155 2017 1312 2045 ἐπισκόπων
1324 2016 1437 2043 ὁδεύειν.

1205 2062 1340 2090 Συνόδου
1355 2062 1547 2095 Χαλκηδόνος
1561 2062 1661 2088 κανὼν
1677 2060 1720 2096 ιγ’.

1110 2108 1153 2143 ιγ’.
1166 2107 1262 2139 Ξένους
1279 2107 1425 2143 κληριχοὺς
1440 2108 1487 2134 καὶ
1499 2107 1674 2142 ἀναγνώστας
1689 2107 1718 2133 ὲν
1728 2106 1809 2142 ὲτέρα
1817 2107 1868 2133 πό-

1074 2154 1125 2188 λει,
1142 2163 1169 2180 κ.
1180 2162 1206 2181 τ.
1223 2153 1249 2181 λ.

1236 2241 1372 2270 Συνόδου
1391 2239 1539 2275 Σαρδικῆς
1555 2240 1655 2268 κανὼν
1674 2240 1707 2267 θ’.

1111 2287 1205 2319 Ὀσιος
1235 2287 1384 2320 ἐπίσκοπος
1409 2285 1470 2314 εἷπε
1482 2294 1489 2304 ⁸
1505 2286 1561 2314 Καίι
1579 2285 1658 2313 τοῦτο
1669 2285 1812 2313 ἀκόλουθον
1826 2283 1870 2313 ετ-

1077 2342 1121 2361 ναι
1133 2333 1245 2370 νομίζω,
1264 2342 1289 2360 κ.
1300 2342 1326 2360 τ.
1341 2333 1367 2361 λ.

1225 2378 1361 2406 Συνόδου
1375 2378 1567 2414 Καρθαγένης
1581 2378 1680 2405 κανὼν
1693 2381 1744 2412 κγ’.

1115 2426 1204 2452 Ὥστε
1230 2423 1302 2457 τοὺς
1328 2424 1515 2457 ἐπισκόπους
1536 2424 1631 2458 πέραν
1644 2424 1803 2458 θαλάσσης
1824 2424 1873 2459 μὴ

1079 2470 1253 2505 ἀποδημεῖν.

1121 2518 1235 2553 Ὁμοίως
1250 2516 1392 2543 ἐπίσκοποι
1409 2516 1495 2551 πέραν
1511 2515 1659 2551 θαλάσσης,
1674 2524 1700 2542 κ.
1711 2524 1736 2542 τ.
1746 2516 1773 2542 λ.

1154 2606 1289 2634 Συνόδου
1300 2605 1510 2640 οὶκουμενικῆς
1522 2605 1613 2638 ἕκτης
1637 2603 1736 2630 κανὼν
1757 2605 1800 2635 ιζ’.

1121 2653 1284 2688 Ἐπειδὴ-περ
1318 2652 1453 2687 διαφόρων
1493 2651 1660 2686 Ἐκχλησιῶν
1688 2649 1825 2684 κληριχοὶ,
1843 2657 1872 2676 κ.

1081 2708 1107 2726 τ.
1120 2699 1145 2725 λ.

1116 2743 1241 2771 ΚΕΦΛᾹ.
1269 2743 1361 2776 (ἷκ-
1383 2741 1453 2775 Περὶ
1476 2740 1621 2775 διαφορᾶς
1642 2738 1799 2774 εῙρηνικῶν
1823 2739 1877 2765 καὶ

1082 2788 1271 2818 συστατικῶν
1289 2787 1467 2814 ἐπιστολῶν.

1220 2831 1354 2859 Συνόδου
1373 2831 1568 2865 Χαλκηδόνος
1583 2827 1683 2856 κανὼν
1699 2831 1744 2854 ta}.

1121 2879 1227 2911 Πάντας
1254 2877 1317 2909 τοὺς
1332 2877 1450 2913 πένητας
1474 2877 1521 2904 καὶ
1541 2875 1684 2911 δεομένους
1703 2873 1878 2909 ἐπικουρίας,
