1959 3061
235 141 272 174 75
798 139 929 172 PHOT‘II
946 139 1199 172 PATRIARCHIE
1213 139 1267 172 (ΣΡ.

389 193 503 222 Concilii
518 193 672 221 Antiocheni
684 202 770 222 canon
784 194 831 221 ‘20.

251 239 298 268 20.
309 239 423 273 Propter
437 247 504 266 usus
516 239 728 272 ecclesiasticos,
743 243 770 267 et
780 247 828 274 pro
839 239 1005 274 componen-

215 286 258 314 dis
270 286 479 318 controversiis,
496 290 571 312 recte
583 285 683 312 habere
694 285 783 313 visum
796 289 848 317 est,
864 290 894 313 ut
907 285 1005 321 synodi

215 332 406 367 episcoporum
434 330 462 358 iu
489 339 654 366 unaquaque
670 331 812 366 provincia
831 331 898 358 ﬁant
922 331 963 358 his
977 331 1005 358 in

215 385 289 404 anno
306 389 311 404 :
328 377 414 404 semel
443 376 553 412 quidem
579 381 642 412 post
668 377 775 404 tertiam
805 377 1004 404 hebdomadem

219 423 281 450 festi
298 422 421 453 Paschze,
429 429 458 449 ut
471 427 567 457 quarta
580 423 749 450 hebdomade
760 423 935 450 Pentecostes
945 431 1005 457 per-

215 469 322 496 ﬁciatur
331 469 466 504 synodus,
479 468 689 503 metropolitano
703 469 886 504 provinciales
896 469 1005 503 episco-

214 521 263 549 pos
282 514 444 541 admonente
460 514 607 541 secundam
625 515 762 549 synodum
775 515 866 542 idibus
885 514 1006 542 octobril

215 559 346 591 futuram,
368 559 413 594 qui
429 563 471 586 est
489 559 612 587 decimus
635 559 830 595 ltyperbereuei
845 569 852 587 :
872 564 900 588 ut
920 561 946 586 in
963 560 1006 587 his

215 605 283 639 ipsis
310 605 424 639 synodis
449 605 582 632 accedant
604 606 755 641 presbyteri
784 609 812 633 et
829 606 956 637 diaconi,
979 610 1007 633 et

215 658 312 678 omnes
329 651 376 685 qui
395 658 424 678 se
441 651 540 685 injuria
561 651 674 679 aliectos
694 655 809 686 putant,
825 656 854 678 et
871 659 885 678 a
902 651 1006 687 synodo

210 697 347 731 judicium
363 701 557 732 assequamur,
574 704 626 724 nec
642 697 706 725 ullis
728 697 810 725 liceat
827 697 946 733 synodos
959 704 1007 731 per

215 751 245 770 se
270 742 382 776 facere,
414 743 473 770 sine
504 743 538 770 iis
560 743 662 778 quibus
685 747 751 770 sunt
773 743 884 772 credita:
904 748 1007 771 metro-

215 788 305 824 poles.

391 876 504 904 Concilii
521 876 662 904 Laodiclni
681 885 764 904 canon
781 877 827 905 40.

258 923 303 950 40.
323 922 401 955 Quod
428 931 481 950 non
505 927 612 957 oportet
629 923 773 958 episcopos
798 924 844 958 qui
873 927 1006 950 vocantur

215 969 249 996 ad
266 969 412 1004 synodum.
435 969 582 1004 negligere,
607 969 653 997 sed
677 969 763 1002 abire.
789 974 815 997 ct
839 970 938 997 docere
963 969 1005 997 vel

215 1015 319 1047 doceri,
335 1016 367 1042 ad
385 1014 466 1050 209
479 1015 676 1042 correctionem
697 1014 824 1042 Ecclesia!
839 1020 866 1042 et
882 1015 1005 1049 reliquo-

216 1068 288 1087 rum.
306 1059 334 1087 Si
351 1061 413 1095 quis
429 1064 521 1087 autem
537 1060 697 1093 neglexerit,
715 1060 739 1087 is
752 1060 873 1095 seipsum
890 1068 1006 1088 accusa-

214 1105 271 1138 bit;
288 1111 470 1140 przeterquam
492 1106 514 1132 si
533 1109 644 1140 propter
663 1105 852 1141 intemperiem
869 1110 896 1134 et
921 1106 1004 1141 sigri-

215 1151 336 1179 tudinem
355 1158 409 1178 non
425 1151 526 1178 veniat.

340 1195 451 1222 Concilii
466 1195 687 1222 Chalcedonean
717 1203 802 1222 canon
818 1195 865 1224 l9.

253 1241 298 1269 l9.
314 1241 438 1268 Pervenit
454 1241 486 1268 ad
503 1248 584 1268 aures
605 1245 724 1274 nostras,
750 1241 821 1276 quod
846 1242 874 1268 in
894 1241 1006 1277 provin-

215 1287 276 1320 ciis,
291 1287 443 1314 eanonibus
455 1287 610 1316 constituta:
624 1288 814 1323 episcoporum
841 1288 938 1324 synodi
951 1295 1006 1316 non

218 1333 294 1365 ﬁant,
324 1337 351 1359 et
377 1340 410 1359 ex
433 1340 467 1359 eo
498 1333 583 1360 multa
608 1333 795 1361 ecclesiastica
837 1335 1007 1370 negligantur

215 1386 276 1413 quae
290 1379 461 1406 correctione
474 1378 606 1413 indigent.
620 1378 721 1407 Statuit
734 1387 799 1415 ergo
811 1385 904 1407 sancta
919 1388 1008 1415 syno-r

218 1423 271 1450 dus
312 1424 462 1450 securnlum
507 1428 665 1451 sanctorum
704 1424 814 1452 Patrum
856 1433 1003 1457 canones,

218 1472 248 1495 ut
265 1468 307 1496 bis
319 1468 344 1495 in
359 1475 431 1495 anno
446 1469 572 1496 eumdem
587 1469 613 1495 in
628 1469 715 1496 locum
732 1469 896 1496 conveniant
912 1470 1006 1498 unius-

216 1514 350 1550 cujusque
373 1515 523 1549 proviucize
562 1515 694 1551 episcopi.
722 1519 752 1543 ut
781 1517 1007 1551 metropolitanus

215 1560 315 1588 melius
341 1568 402 1588 esse
436 1562 614 1596 perspexerit.
643 1566 670 1589 et
702 1562 810 1597 singula
838 1564 1004 1598 emergentia

215 1604 384 1640 [corrigann
402 1606 522 1640 episcopi
537 1606 653 1643 autem].
670 1607 717 1642 qui
746 1614 801 1634 non
828 1610 993 1635 conveniunt

216 1651 238 1677 si
254 1651 280 1678 hi
299 1651 394 1678 eadem
412 1652 556 1686 metropoli
578 1658 732 1684 versentur,
760 1657 842 1687 atque
855 1653 924 1680 adeo
944 1653 1005 1680 sani

215 1696 271 1723 sint
285 1701 312 1723 et
329 1697 362 1723 ah
384 1697 458 1724 omni
475 1698 656 1725 inexcusabili
670 1702 697 1725 et
716 1700 873 1726 necessario
895 1701 1006 1734 negotio

215 1740 305 1774 liberi,
324 1741 442 1770 fraterne
451 1744 695 1778 reprehendantur.

251 1831 363 1859 Concilii
379 1831 593 1867 Carthaginemis
615 1841 728 1860 canones
747 1833 791 1865 18,
803 1833 848 1866 73,
860 1833 904 1866 76,

252 1877 296 1905 18.
315 1877 345 1904 Si
356 1879 413 1912 qui:
427 1878 540 1905 clericus
557 1879 710 1910 ordinatus.
722 1883 789 1910 etc.,
801 1883 829 1905 ut
844 1887 905 1914 pag.
916 1879 970 1908 482

251 1923 328 1951 Diem
343 1923 453 1950 Ριεδτίιω
467 1924 509 1951 die
523 1924 629 1950 concilii
648 1924 834 1952 nuntiandum.

253 2011 296 2039 75.
311 2011 375 2038 Item
394 2011 494 2046 placuit
507 2017 536 2040 ut
548 2013 607 2041 dies
622 2014 786 2042 venerabilis
800 2014 921 2050 Pasclue,
938 2020 1005 2050 etc.,

215 2063 245 2086 ut
258 2067 319 2094 pag.
339 2059 403 2086 (542.

250 2105 290 2133 De
307 2107 435 2141 episcopis
472 2107 518 2142 qui
537 2107 572 2134 ad
587 2107 703 2135 concilia
723 2116 776 2135 non
799 2114 952 2136 occurrunt.

1792 141 1844 173 676

1208 194 1342 223 Συνόδου
1363 194 1541 228 Ἀντιοχείας
1552 192 1652 220 κανὼν
1667 195 1703 220 κ’.

1091 244 1128 268 κ’.
1140 241 1190 268 Διὰ
1201 241 1251 272 τὰς
1265 240 1493 274 ἐκκλησιαστικὰς
1504 240 1609 275 χρείας,
1619 238 1724 271 καὶτὰς
1737 239 1791 266 τῶν
1798 239 1847 276 ἀμ-

1056 287 1279 323 φισϐητουμένων
1289 286 1435 317 διαλύσεις.
1446 285 1535 316 καλῶς
1546 284 1618 319 ἐχειν
1636 285 1710 317 εδοξε
1726 286 1847 318 συνόδους

1055 333 1116 360 καθ’
1130 333 1248 368 ἑκάστην
1258 332 1394 368 ἐπαρχίαν
1408 331 1462 357 τῶν
1477 330 1636 357 ἐπισκόπων
1649 330 1773 365 γίνεσθαι
1790 331 1847 357 δεύ-

1055 386 1134 413 τερον
1147 377 1193 403 τοῦ
1206 375 1369 407 ἔτους,ἆπαξ
1385 375 1433 410 μὲν
1450 375 1519 409 μετὰ
1537 373 1586 410 τὴν
1601 374 1696 409 τρίτην
1710 374 1846 410 ἑϐδομάδα

1055 423 1104 458 τῆς
1119 423 1217 458 ἑορτῆς
1231 420 1278 448 τοῦ
1306 421 1414 455 Πάσχα,
1431 420 1502 447 ὥστε
1525 421 1559 455 τῇ
1576 420 1696 456 τετάρτῃ
1719 420 1844 456 ἐὸδομὰδι

1054 468 1105 504 τῆς
1118 468 1308 503 Πεντηκοστῆς
1332 466 1514 494 ἐπιτελεῖσθαι
1537 466 1586 501 τὴν
1598 465 1706 492 σύνοδον
1718 485 1725 497 ,
1746 467 1845 502 ὑπομι-

1057 515 1224 550 μνήσκοντος
1236 515 1298 546 τοὺς
1319 513 1493 549 ἐπαρχιώτας
1507 513 1555 540 τοῦ
1570 514 1598 539 ἐν
1617 513 1649 548 τῇ
1666 513 1841 548 μητροπόλει*

1055 560 1106 596 τὴν
1121 561 1148 586 δὲ
1163 561 1293 596 δευτέραν
1313 559 1421 586 σύνοδον
1443 559 1566 593 γίνεσθαι
1579 559 1659 590 εἰδοῖς
1684 559 1846 594 ὀκτωδρίσις

1055 605 1116 640 ἥτις
1130 606 1188 632 ἐστὶ
1195 606 1295 640 δεκάτη
1316 605 1554 640 Ὑπερϐερεταίου·
1563 605 1632 631 ὥστε
1643 605 1672 630 ἐν
1681 603 1775 635 αὑταῖς
1782 604 1846 630 ταῦθ

1056 659 1115 682 ταις
1123 652 1181 682 ταῖς
1191 651 1310 682 συνόδοις
1328 650 1454 685 προιέναι
1471 650 1675 685 πρεσῦυτέρους
1699 649 1746 676 καὶ
1757 649 1846 676 διακό-

1056 705 1129 729 νους,
1140 696 1187 723 καὶ
1199 696 1303 728 πάντας
1310 697 1373 727 τοὺς
1381 695 1526 730 ἠδικῆσθαι
1535 695 1702 730 νομίζοντας.
1715 695 1761 721 καὶ
1773 693 1847 729 παρὰ

1055 744 1107 779 τῆς
1122 743 1231 770 συνόδου
1244 743 1407 778 ἐπικρίσεως
1418 743 1571 777 τυγχάνειν·
1584 743 1621 777 μὴ
1632 742 1728 774 ἐξεῖναι
1737 742 1764 768 δέ
1773 750 1846 773 τινας

1056 787 1119 815 καθ’
1133 787 1231 815 ἐαυτσῦ
1249 787 1375 819 συνόδους
1388 786 1536 820 ποιεῖσθαι,
1546 787 1611 813 ἄνευ
1627 786 1683 812 τῶν
1699 793 1847 812 πεπιστευι

1058 833 1148 869 μένων
1161 833 1212 865 τὰς
1227 833 1410 869 μητροπόλεις

1200 879 1337 914 Συνόδου
1352 877 1528 911 Λαοδικείας
1542 878 1643 905 κανὼν
1658 881 1694 914 μ’.

1093 928 1131 961 μ’,
1144 925 1207 952 Ὀτι
1220 925 1251 951 οὐ
1264 924 1305 952 δεῖ
1321 923 1490 954 ἐπισκόπους
1509 923 1692 958 καλουμένους
1715 923 1755 955 εἰς
1783 923 1846 949 σύν-

1057 971 1118 998 οδον
1135 971 1328 1005 καταφρονεῖν,
1338 969 1395 997 ἀλλ’
1410 969 1520 996 ἀπιέναι
1532 970 1580 996 καὶ
1594 969 1730 996 διδάσκειν
1743 968 1759 1004 ἢ
1775 968 1848 995 διδά-

1057 1015 1189 1047 σκεσθαι,
1217 1016 1257 1046 είς
1281 1015 1451 1050 κατόρθωσιν
1479 1015 1529 1050 τῆς
1552 1014 1715 1050 Ἐκκλησίας
1727 1014 1775 1041 καὶ
1793 1014 1847 1040 τῶν

1056 1060 1167 1087 λοιπῶν
1189 1061 1214 1087 εἰ
1231 1060 1259 1086 δέ
1275 1060 1510 1095 καταφρονήσειεν
1524 1059 1538 1085 ὀ
1551 1059 1682 1090 τοιοῦτος,
1699 1058 1794 1086 ἐαυτὸν
1804 1059 1846 1085 σί-

1056 1105 1193 1132 τιάσεσαι·
1211 1105 1360 1140 παρεκτὸς,
1371 1105 1398 1131 ει
1414 1105 1452 1140 μὴ
1466 1104 1500 1131 δι’
1516 1104 1675 1140 ἀνωμαλίαν
1689 1104 1848 1140 ἀπολιμπά-

1056 1159 1139 1178 νοιτο.

1196 1197 1332 1225 Συνόδου
1348 1196 1544 1231 Χαλκηδόνος
1555 1196 1656 1223 κανὼν
1673 1196 1717 1223 ιϐ’.

1094 1241 1240 1272 ιθ’.Ἦλθεν
1250 1243 1290 1275 είς
1300 1243 1350 1275 τὰς
1358 1245 1374 1278 ἡ
1380 1243 1497 1278 μετέρας
1505 1243 1600 1274 ἀκοὰς,
1611 1242 1649 1274 ὠς
1659 1243 1688 1269 ἐν
1696 1242 1756 1273 ταῖς
1763 1242 1848 1277 ἐπαρα

1057 1289 1131 1325 χίαις
1147 1289 1175 1315 αἱ
1200 1288 1426 1322 κεκανονισμέναι
1447 1287 1549 1314 σύνοδοι
1571 1288 1626 1314 τῶν
1643 1287 1800 1314 ἐπισκόπων
1815 1287 1847 1315 οὗ

1057 1334 1188 1368 γίνονται,
1213 1332 1261 1360 καὶ
1275 1333 1308 1358 ἐκ
1330 1332 1424 1358 τούτου
1449 1331 1535 1359 πολλὰ
1567 1331 1767 1367 παραμελεῖται
1793 1331 1848 1358 τῶν

1058 1378 1229 1413 διορθώσιως
1254 1377 1390 1411 δεομένων
1414 1377 1649 1413 ἐκκλησιαστικῶν
1663 1378 1846 1413 πραγμάτων·

1056 1424 1141 1461 ὥρισε
1169 1425 1259 1452 τοίνυν
1274 1424 1291 1460 ἡ
1306 1423 1372 1458 ἁγία
1388 1423 1507 1456 σύνοδος,
1526 1424 1597 1451 κατὰ
1609 1424 1672 1456 τοὺς
1687 1423 1742 1450 τῶν
1763 1424 1848 1458 ἁγίων

1058 1472 1188 1507 Πατέρων
1202 1471 1330 1503 κανόνας,
1349 1470 1391 1502 δὶς
1404 1470 1451 1496 τοῦ
1466 1470 1589 1496 ἐνιαυτοῦ
1603 1471 1648 1496 ἐπὶ
1657 1470 1689 1496 τὸ
1703 1470 1768 1496 αὐτὸ
1784 1477 1848 1495 συν-

1058 1517 1168 1554 τρέχειν
1197 1516 1258 1544 καθ’
1274 1516 1393 1552 ἐκάστην
1422 1516 1556 1552 ἐπαρχίαν
1582 1517 1646 1547 τοὺς
1671 1516 1847 1550 ἐπισκόπους,

1057 1564 1122 1591 ἔνθα
1139 1564 1173 1591 ἂν
1189 1565 1204 1591 ό
1228 1563 1279 1598 τῆς
1297 1562 1490 1599 μητροπόλεως
1519 1562 1668 1594 ἐπίσκοπος
1700 1562 1846 1599 δοκιμάσῃ,

1055 1609 1103 1637 καὶ
1133 1608 1257 1645 διορθοῦν
1281 1609 1386 1635 ἐκαστα
1399 1608 1434 1635 τὰ
1455 1607 1656 1635 ἀνακύπτονταο
1686 1609 1750 1640 τοὺς
1764 1608 1793 1635 δέ
1809 1609 1849 1644 μὴ

1056 1656 1197 1687 συνιόντας
1212 1655 1389 1687 ἐπισκόπους,
1403 1654 1585 1690 ἐνδημοῦντας
1599 1654 1659 1685 ταῖς
1673 1654 1777 1680 ἑαυτῶν
1794 1655 1846 1680 πό-

1054 1702 1122 1734 λεσι,
1134 1701 1273 1728 καὶταῦτα
1287 1701 1316 1727 ἐν
1327 1701 1406 1736 ύγείᾳ
1419 1701 1572 1734 διάγοντας,
1588 1701 1636 1726 καὶ
1657 1700 1747 1735 πάσης
1760 1700 1849 1735 amp.

1058 1749 1172 1783 αιτήτου
1188 1748 1235 1774 καὶ
1262 1747 1415 1780 ἀναγκαίας
1428 1746 1557 1782 ἀσχολίας
1572 1746 1651 1777 δντας
1676 1746 1847 1782 ἐλευθέρους,

1056 1794 1206 1828 ἁδελφικῶς
1220 1792 1444 1829 ἐπιπλήττισθαι.

1091 1839 1227 1867 Συνόδου
1241 1838 1453 1874 Καρθατέννης
1467 1837 1567 1864 κανὼν
1577 1837 1622 1873 ιη’,
1635 1841 1684 1872 στ’,
1699 1839 1812 1872 ος’,ιιε’.

1094 1889 1138 1920 ιη’.
1156 1886 1225 1912 Ἐάν
1239 1894 1284 1918 τις
1298 1883 1440 1918 κληρικὸς
1451 1883 1665 1918 χειροτονῆται,
1682 1892 1735 1912 κ.τ.
1750 1884 1775 1911 λ.

1093 1931 1164 1966 Περὶ
1183 1931 1237 1958 τοῦ
1255 1931 1313 1964 τὴν
1325 1929 1442 1964 ἡμέραν
1461 1929 1516 1956 τοῦ
1527 1929 1637 1965 Πάσχα
1658 1930 1692 1957 ἐν
1702 1930 1738 1964 τῇ
1753 1930 1850 1966 ἡμέρᾳ

1056 1978 1112 2013 τῆς
1129 1977 1264 2006 συνόδου
1276 1976 1497 2012 ἀγγέλλεσθαιη

1091 2028 1142 2058 ογ’.
1162 2023 1278 2058 Ὁμοίως
1292 2023 1400 2058 ῆρεσεν,
1429 2021 1501 2048 ὥστε
1512 2022 1562 2058 τὴν
1576 2022 1688 2058 ,ἡμέραν
1701 2022 1750 2049 τοῦ
1765 2031 1850 2059 προσ.

1057 2069 1175 2105 κυνητοῦ
1191 2069 1296 2103 Πάσχα.
1307 2076 1335 2096 κ.
1355 2076 1381 2094 τ.
1394 2067 1420 2093 λ.

1092 2115 1161 2150 Περὶ
1189 2114 1248 2141 τῶν
1264 2113 1307 2149 μὴ
1328 2112 1530 2141 ἀπαντώντων
1551 2114 1588 2141 ἐν
1615 2115 1682 2147 ταῖς
1703 2115 1850 2150 συνόδοις

1068 2162 1251 2189 ἐπισκόπων.

251 2198 296 2226 76.
316 2199 382 2226 ltem
407 2200 508 2235 placuit
522 2200 545 2216 ε’
555 2221 562 2233 ,
576 2207 606 2228 ιιι
618 2202 836 2237 quotiescunque
857 2203 1004 2231 concilium

1092 2206 1147 2240 ος’.
1164 2207 1281 2242 Ὁμοίως
1296 2207 1406 2244 ἤρεσεν,
1417 2207 1462 2234 ἵνα
1471 2207 1671 2243 δσακισδήποτε
1684 2207 1792 2235 σύνοδον
1808 2208 1851 2235 δεῖ

215 2246 436 2280 eongregandum
461 2251 514 2278 est,
532 2247 653 2282 episcopi
679 2248 725 2282 qui
743 2255 831 2282 neque
856 2253 1004 2277 aetateme-

215 2299 269 2326 que
283 2292 456 2326 aegritudine,
472 2300 560 2327 neque
582 2293 673 2328 aliqua
700 2294 818 2328 graviori
846 2294 1004 2321 necessitate

215 2338 415 2373 impediuntur.
433 2343 617 2373 competenter
629 2344 789 2372 occurrant,
802 2345 830 2367 et
841 2340 1005 2374 primatibus

216 2389 331 2411 suarum
359 2391 532 2418 quarumque
558 2384 762 2419 provinciarum
791 2385 955 2418 inlimetur,
975 2389 1006 2412 ut

215 2429 249 2457 de
263 2430 397 2458 universis
409 2431 544 2465 episcopis
554 2431 594 2458 vel
610 2431 680 2463 duae,
696 2431 736 2458 vel
751 2435 806 2458 tres
824 2436 919 2458 turmae
930 2431 1006 2464 ﬁant,

216 2483 249 2504 ac
257 2476 289 2503 de
297 2476 411 2511 singulis
419 2477 515 2503 turmis
523 2476 646 2504 vicissim
653 2482 788 2511 quotquot
798 2477 879 2504 electi
890 2476 1002 2508 fuerint.

216 2522 250 2549 ad
260 2522 331 2549 diem
342 2522 451 2549 concilii
460 2523 745 2557 210instantissime
754 2527 912 2551 occurrant.
923 2523 1001 2556 Quod

215 2567 239 2594 si
260 2575 314 2594 non
334 2569 472 2602 potuerint
490 2576 647 2601 occurrere,
661 2569 853 2597 excusationes
867 2569 924 2605 (65)
937 2577 1003 2597 suas

216 2613 244 2640 in
275 2616 403 2640 tractoria
428 2614 602 2645 conscribai-z
623 2615 689 2646 ;vel
716 2615 738 2642 si
770 2619 831 2649 post
855 2615 1001 2641 adventum

215 2659 353 2687 tractoria:
367 2660 465 2693 aliqua:
480 2661 656 2688 necessitates
672 2666 781 2696 repente
794 2661 910 2688 forsitan
934 2666 1002 2689 ortae

215 2705 328 2739 fuerint,
342 2706 394 2733 nisi
411 2706 544 2734 rationem
562 2707 747 2741 impedimenti
766 2708 809 2735 sui
831 2708 903 2742 apud
919 2714 1001 2735 suum

250 2782 370 2812 "Cone.
390 2783 519 2819 Carthag.
538 2791 565 2817 ν,
579 2791 642 2812 can.
660 2785 704 2812 to.
724 2784 809 2812 Alrie.
828 2793 854 2813 c.
871 2785 915 2813 £3.

1056 2251 1233 2287 συναχθῆναι,
1250 2253 1275 2279 ot
1297 2253 1445 2280 ἐπίσκοποι
1471 2251 1572 2283 οἵτινες
1593 2251 1656 2278 οὔτε
1681 2253 1762 2288 κείρᾳ
1782 2252 1848 2279 οὔτε

1053 2297 1182 2333 ἀσθενείᾳ
1197 2297 1258 2325 οὔτε
1282 2298 1337 2325 τινὶ
1358 2298 1496 2334 βαρυτέρᾳ
1515 2299 1624 2334 ἀνάγκῃ
1642 2298 1848 2332 ἐμποδίζονται,

1054 2343 1191 2377 ἁρμοδίως
1207 2344 1365 2377 ἀπαντῶσι,
1381 2344 1430 2371 καὶ
1444 2345 1500 2376 τοῖς
1511 2345 1698 2379 πρωτεύουσιν
1726 2344 1847 2379 ἑκάστης

1055 2388 1123 2420 ιδίας
1137 2388 1227 2416 αὐτῶν
1239 2389 1374 2425 ἐπαρχίας
1394 2389 1576 2424 ἐμφανισθείη
1591 2390 1656 2425 περὶ
1664 2389 1773 2416 πάντων
1789 2390 1847 2416 τῶν

1055 2434 1224 2468 ἐπισκόπων,
1242 2435 1298 2461 εῐτε
1311 2434 1368 2466 δύο,
1379 2435 1434 2461 είτε
1448 2435 1524 2470 τρεῖς
1540 2435 1727 2471 συναθροίσεις
1742 2435 1849 2469 γόνων-

1055 2489 1102 2507 ται
1118 2488 1126 2496 ’
1152 2481 1199 2506 καὶ
1219 2480 1273 2508 άπὸ
1297 2481 1413 2507 ἑκάστου
1432 2480 1460 2507 δὲ
1480 2481 1630 2516 ἀοροισμοῦ
1661 2481 1702 2513 είς
1726 2481 1849 2517 ἀμοιϐὴν

1054 2520 1212 2559 δσοιδήπὲοτε
1225 2524 1381 2559 ἐπιλεγῶσι,
1407 2525 1476 2560 πρὸς
1493 2526 1544 2560 τὴν
1556 2526 1663 2561 ἡμέραν
1672 2526 1722 2561 τῆς
1734 2527 1848 2554 συνόδου

1053 2569 1220 2600 ἐνστατικῶς
1231 2570 1435 2604 ἀπαντήσωσιν·
1445 2570 1492 2597 ἐὰν
1505 2570 1533 2596 δέ
1549 2571 1586 2605 μὴ
1595 2570 1744 2606 δυνηθῶσιν
1755 2573 1847 2598 ἀπαν-

1053 2615 1145 2649 τῆσαι,
1161 2615 1260 2649 ἀθρόον
1274 2616 1356 2642 τινῶν
1384 2616 1525 2650 ἀναγκῶν.
1536 2616 1573 2648 ὡς
1587 2616 1670 2648 εἰκὸς,
1687 2618 1847 2652 ἀναφυομέ-

1053 2668 1116 2693 νων,
1130 2661 1156 2686 εί
1177 2661 1214 2696 μὴ
1229 2661 1273 2688 τὸν
1295 2661 1373 2696 λόγον
1392 2662 1439 2688 τοῦ
1464 2662 1564 2689 οἰκείου
1577 2663 1745 2698 ἐμποδισμοῦ
1767 2665 1847 2699 παρὰ

1053 2706 1093 2742 τῷ
1108 2707 1201 2742 οἰκείῳ
1219 2708 1386 2742 πρωτεύοντι
1414 2709 1591 2736 ἁποδώσωσιν
1609 2729 1617 2743 ,
1635 2709 1754 2745 ὀφείλειν
1779 2711 1846 2744 mir;

253 2839 309 2876 (63)
329 2839 404 2869 llane
425 2841 588 2869 sententiam
609 2841 726 2876 Grzecus,
743 2841 879 2877 interpres
898 2841 1000 2875 omisit,
1020 2843 1151 2879 quoniam
1169 2844 1298 2872 tractoria
1329 2845 1394 2879 quid
1415 2851 1486 2873 esset
1504 2853 1554 2873 non
1575 2847 1714 2875 intellexit.
