1954 3080
222 144 278 179 δῗθ

800 142 931 174 ΡΗΟΤῙΙ
947 143 1198 175 PATRIARCIL’E
1215 146 1270 177 ΟΡ.

1794 149 1849 182 680

223 201 259 228 lis
277 207 339 236 qua!
353 207 446 228 secum
461 198 539 227 all‘crt
553 199 708 234 episcopus,
720 199 762 227 vel
783 199 953 235 jnmcntum,
969 201 1011 228 vel

1069 198 1103 228 ὧν
1127 202 1286 238 ἐπιφέρεται
1300 203 1315 229 ό
1332 203 1481 235 ἐπίσκοπος
1506 203 1670 239 μετάὺτοῠ,
1693 203 1709 240 ἢ
1738 204 1848 240 κτῆνος,

220 246 340 281 aliquam
356 253 413 273 rem
427 246 509 272 aliam
523 250 624 280 petcrc.
638 246 666 273 Si
681 246 753 273 enim
777 246 829 274 hoc
843 245 941 274 fecisse
955 246 1011 274 de-

221 292 376 327 prehensus
396 291 488 324 fuerit,
505 291 600 319 reddet
615 291 808 327 quadruplum.

258 346 366 374 Τεπιιιι.
379 346 473 375 Const.
489 347 507 373 2
525 351 552 374 et
567 347 611 380 l7,
629 348 670 374 tit.
687 347 700 374 Ι
717 347 892 376 Novellarum
906 349 1009 382 volunt,

222 395 253 419 ut
271 392 352 420 semel
377 396 423 420 aut
439 393 481 420 bis
503 393 651 428 quotannis
676 393 715 428 [in
738 393 844 430 mense]
868 393 949 422 Junio
963 399 1011 423 aut

225 438 390 474 Septembri,
419 439 690 474 metropolitanorum
727 441 797 474 apud
828 441 1009 475 patriarchas,

224 489 252 512 et
277 485 467 520 episcoporum
495 485 565 520 apud
591 486 817 521 metropolitanos
839 487 1011 515 celebrentur

223 530 330 565 synodi,
346 530 427 565 212
437 531 464 557 in
477 531 577 565 quibus
592 539 693 564 causae,
702 539 771 566 quas
780 533 910 568 episcopi,
919 533 1009 561 clerici

221 580 250 603 et
269 576 396 602 monachi
424 575 555 603 adversus
576 583 605 604 se
625 576 743 604 invicem
772 577 882 611 habent,
910 579 1010 606 exami-

223 624 344 648 nentur:
373 625 400 648 ct
427 621 460 648 de
484 621 546 654 ﬁde,
578 623 743 654 canonibus,
769 630 802 651 ac
816 623 1010 652 ecclesiasticis

224 667 339 701 aliisque
352 667 433 695 rebus
450 666 604 703 [tractetur]
624 677 631 695 :
653 669 772 705 denique
791 677 852 704 quae
866 670 1009 697 adversum

223 719 344 740 canones
371 714 520 741 commissa
546 719 621 746 sunt,
653 716 836 750 corrigantur.
865 715 941 752 [Item
967 715 1008 752 ut]

223 756 354 791 praesules
373 764 524 791 eorumque
544 757 680 791 cohortes,
705 758 760 785 nisi
785 759 1010 794 metropolitanos

222 806 250 829 et
263 803 406 837 episcopos
424 804 543 838 synodos
556 803 694 831 celebrare
715 805 948 838 procrastinantes
964 813 1010 832 ur-

223 852 314 882 geant,
338 852 385 875 aut
410 848 567 883 imperatori
591 849 661 885 [eam
683 850 753 887 rem]
777 850 940 887 signiﬁcent,
967 859 1010 879 su-

223 900 317 928 premo
330 893 484 922 aﬂiciantur
495 895 640 929 supplicio.

259 939 334 966 CAP.
358 939 404 967 IX.
427 954 463 960 —
483 941 524 968 Ne
550 947 647 969 temere
670 943 807 978 episcopus
832 948 879 971 aut
901 944 1011 972 clericus

224 983 296 1018 filio:
315 992 377 1011 suos
393 986 569 1020 emancipent.

362 1030 475 1057 Concilii
490 1031 706 1067 Carthaginensis
724 1041 808 1061 canon
823 1034 868 1062 55.

268 1075 303 1104 Ut
332 1077 459 1112 episcopi,
491 1077 532 1105 vel
555 1078 646 1106 clerici
677 1087 727 1106 non
757 1080 836 1114 facile
856 1080 926 1115 ﬁlios
950 1088 1012 1108 suos

223 1123 398 1155 emancipent.

258 1166 304 1193 35.
324 1164 359 1193 Ut
382 1166 502 1202 episcopi
516 1167 539 1184 ⁸¹
557 1167 615 1203 (65)
635 1168 677 1196 vel
703 1169 793 1197 clerici
807 1169 878 1198 ﬁlios
902 1178 968 1198 suos
996 1178 1012 1198 a

224 1218 274 1238 sua
297 1215 433 1246 potestate
456 1219 505 1246 per
525 1213 769 1247 emancipationem
796 1215 873 1242 exire
897 1222 951 1242 non
974 1216 1013 1244 si—

225 1260 303 1287 nant,
319 1255 373 1282 nisi
398 1255 431 1282 de
451 1255 575 1283 moribus
594 1264 689 1284 eorum
711 1257 814 1285 iuerint
831 1263 859 1286 et
880 1260 913 1287 de
936 1264 1015 1288 aetate

224 1301 332 1333 securi,
353 1305 383 1328 ut
404 1301 509 1336 possint
532 1301 566 1329 ad
589 1309 639 1330 eos
660 1302 717 1338 jam
744 1305 854 1340 propria
879 1305 1015 1340 pertinere

224 1351 346 1381 peccata.

259 1391 338 1419 CAP.
360 1391 394 1419 Χ.
409 1406 446 1412 -
458 1392 595 1426 Quomodo
616 1394 731 1430 episcopi
753 1399 872 1430 repetant
887 1395 938 1424 sibi
956 1397 1016 1424 loca

224 1435 258 1463 ab
271 1435 400 1463 haereticis
414 1441 552 1471 occupata.

357 1524 471 1552 Concilii
487 1525 701 1560 Carlhaginemia
718 1534 804 1553 canon
819 1526 881 1553 52L

260 1571 300 1599 De
313 1572 353 1599 hic
367 1572 412 1607 qui
424 1572 509 1606 plebes
523 1573 557 1599 ad
574 1581 600 1599 se
616 1573 773 1608 pertinentes
787 1574 932 1608 negligant.

261 1673 324 1701 121.
335 1673 401 1702 Item
419 1673 522 1709 placuit
531 1673 572 1707 '°,
587 1678 618 1701 ut
631 1674 786 1709 quicunque
805 1674 944 1710 negligunt
956 1674 1014 1702 loca

225 1721 260 1749 ad
286 1728 364 1748 suam
392 1720 550 1748 cathedram
581 1720 754 1755 pertinentia,
797 1720 824 1748 in
851 1720 1013 1748 catholicam

226 1767 358 1795 unitatem
379 1766 490 1798 lucrari,
511 1766 711 1794 convenianlur
726 1773 742 1793 a
755 1765 932 1801 diligentibus
946 1766 1015 1792 vicl-

229 1812 273 1839 nis
293 1811 439 1846 episcopis,
464 1815 493 1838 ut
513 1810 540 1838 id
562 1818 641 1845 agere
658 1819 712 1838 non
733 1816 883 1839 morentur.
899 1811 976 1844 Quod
991 1810 1015 1838 si

227 1857 298 1885 intra
325 1864 371 1885 sex
399 1864 507 1884 menses
529 1857 611 1892 213
638 1865 653 1884 a
679 1857 723 1884 die
746 1857 935 1885 conventionis
959 1864 1014 1884 non

225 1903 377 1935 oﬁecerint,
400 1903 446 1938 qui
464 1904 583 1938 potuerit
596 1911 628 1931 ea
645 1903 758 1936 lucrari,
776 1903 808 1931 ad
824 1905 913 1938 ipsum
928 1902 1015 1938 perti-

228 1954 321 1977 neant.
349 1949 389 1976 lta
416 1956 492 1982 sane,
517 1953 547 1976 ut
574 1949 597 1976 si
622 1949 668 1976 ille
690 1949 723 1976 ad
746 1956 828 1984 quem
852 1947 1015 1983 pertinuisse

227 1996 406 2029 videbantur,
424 1995 539 2030 probare
559 1995 679 2030 potuerit
699 1994 785 2029 magis
805 1994 879 2021 illius
900 1993 1013 2021 electam

226 2041 418 2076 negligentiam
437 2041 471 2068 ab
487 2040 633 2074 haereticis,
658 2044 686 2067 ut
707 2040 817 2074 impune
840 2038 877 2065 ibi
902 2039 966 2070 sint,
989 2041 1017 2065 et

228 2096 306 2117 suam
332 2087 501 2123 diligentiam
527 2086 613 2114 fuisse
636 2089 812 2120 praeventam,
834 2089 864 2111 ut
878 2091 912 2111 eo
935 2083 1017 2111 modo

227 2135 287 2169 ejus
304 2141 370 2162 cura
395 2134 538 2162 sollicitior
564 2134 697 2160 vitaretur
717 2140 724 2158 :
748 2138 810 2158 cum
834 2130 888 2158 hoc
910 2130 1017 2166 iudices

227 2181 347 2217 episcopi
360 2181 549 2216 cognoverint,
564 2186 621 2207 suae
634 2177 769 2206 cathedra:
781 2177 841 2205 loca
859 2177 1016 2205 restituant.

1061 247 1181 284 ἢὲτερον
1198 247 1267 281 εἶδος
1276 250 1412 277 ἀπαιτεῖν·
1431 250 1456 276 ει
1472 250 1500 276 δὲ
1510 250 1588 277 τοῦτο
1604 250 1762 285 πεποιηκὼς
1776 251 1849 285 ιλεγ-

1060 294 1123 330 χθῇ,
1135 295 1259 322 ἀποτίσει
1270 295 1479 331 τετραπλάσιον.

1101 340 1133 366 'H
1156 340 1179 372 ζ’
1202 341 1248 367 καὶ
1261 342 1278 376 ὴ
1293 340 1324 372 ιζ’
1347 341 1467 373 διάταξις
1478 340 1525 368 τοῦ
1551 344 1575 367 α’
1589 341 1641 368 sit.
1664 341 1717 367 τῶν
1729 342 1843 377 Νεαρῶν

1062 385 1201 421 βούλονται
1223 385 1297 418 ἅπαξ
1322 386 1395 421 ἢδὶς
1411 386 1457 414 τοῦ
1481 386 1568 418 ἔτους,
1588 386 1627 422 τῷ
1654 387 1755 423 Ἰουνιῳ
1778 387 1795 422 ἧ
1810 388 1849 423 τῷ

1061 431 1254 467 Σεπτεμϐριῳ,
1283 431 1405 466 γίνεσθαι
1425 433 1549 464 συνόδους
1565 432 1619 459 τῶν
1644 433 1848 468 μητροπολιτιῖιν

1061 477 1137 513 παρὰ
1147 478 1202 509 τοῖς
1218 477 1412 513 πατριάρχαις,
1436 478 1483 505 καὶ
1509 478 1564 504 τῶν
1595 478 1752 505 ἐπισκόπων
1770 478 1847 514 παρά

1059 523 1116 553 τοῖς
1131 522 1343 558 μητροπολίταις
1359 529 1367 537 ⁸
1385 523 1432 549 καὶ
1452 522 1627 555 ἐξετάζεσθαι
1644 523 1693 554 τὰς
1709 523 1798 554 αἰτίας
1814 524 1848 555 ἃς

1060 567 1085 594 οι
1099 568 1244 594 ἐπίσκοποι
1267 568 1315 595 καὶ
1326 568 1352 594 οἱ
1365 567 1492 604 κληρικοὶ
1514 569 1562 596 καὶ
1576 569 1601 595 οἱ
1629 569 1752 604 μοναχοὶ,
1779 570 1848 604 πρός

1060 613 1192 648 ἀλλήλους
1205 613 1295 648 ἔχουσι
1311 622 1318 629 ·
1337 613 1401 649 περι
1420 623 1450 641 τε
1469 615 1588 646 πίστεως
1602 616 1650 642 καὶ
1660 615 1780 642 κανόνων
1800 616 1848 642 καὶ

1060 659 1231 694 πραγμάτων
1248 660 1485 694 ὲκκλησιαστικῶν
1499 661 1547 687 καὶ
1559 661 1646 688 ἄλλων
1663 661 1710 689 καὶ
1724 662 1758 688 τὰ
1771 661 1847 696 παρὰ

1059 705 1122 736 τοὺς
1141 704 1257 736 κανόνας
1277 705 1491 741 ἁμαρτανόμενα
1508 705 1680 741 διορθοῦσθαι
1697 714 1704 721 ·
1719 707 1744 733 οἱ
1756 706 1785 733 δὲ
1797 707 1846 741 ἀρ-

1059 759 1152 786 χοντες
1177 751 1224 778 καὶ
1243 752 1271 778 αι
1293 752 1387 784 τάξεις
1413 752 1501 779 αὐτῶν
1522 753 1559 788 μὴ
1582 753 1763 788 ἐπιτιθέμενοι
1791 754 1848 783 τοῖς

1061 796 1271 831 μητροπολίταις
1284 797 1331 824 καὶ
1342 798 1503 829 ἐπισκόποις
1525 797 1746 833 ὑπερτιθεμένοις
1758 799 1847 826 ποιεῐι

1059 841 1110 873 τὰς
1125 842 1260 874 συνόδους,
1275 842 1292 878 ἢ
1310 843 1347 878 μὴ
1362 842 1510 878 μηνύοντες
1524 844 1557 880 τῇ
1575 842 1710 879 βασιλείᾳ,
1724 844 1848 879 ἐσχάτως

1023 883 1047 912 Β
1060 887 1255 922 τιμωροῦνται.

1096 935 1222 961 ΚΕΦΑΛ.
1237 935 1275 963 8‘.
1292 951 1326 956 —-
1338 936 1406 971 Περὶ
1420 937 1473 964 τοῦ
1485 937 1528 971 μὴ
1542 937 1583 971 ὡς
1596 937 1705 973 ἔτυχεν·
1725 938 1849 966 ἐπισκο-

1062 988 1121 1008 πον
1134 980 1153 1015 ἢ
1166 981 1312 1015 κληρικὸν
1324 982 1555 1017 ἐμμαγκιπεύειν
1568 983 1604 1010 τὰ
1622 984 1680 1011 τδιιι
1693 984 1793 1012 τέκνα.

1180 1027 1313 1054 Συνόδου
1331 1029 1540 1064 Καρθαγέννης
1560 1030 1661 1056 κανὼν
1681 1030 1727 1057 λε’.

1097 1073 1168 1107 Περὶ
1182 1073 1234 1101 τοῦ
1246 1073 1317 1106 τοὺς
1335 1075 1522 1108 ἐπισκόπους
1532 1076 1581 1102 καὶ
1596 1075 1669 1109 τοὺς
1686 1077 1850 1110 κληρικοὺς

1059 1119 1102 1154 μὴ
1113 1119 1242 1154 εὐχερῶς
1256 1119 1293 1147 τὰ
1302 1120 1393 1147 τέκνα
1407 1120 1506 1148 αὐτῶν
1520 1121 1618 1148 ποιεῖν
1630 1122 1849 1158 sgmx-nixam.

1097 1164 1144 1192 λε’.
1155 1165 1236 1191 Ὥστε
1251 1166 1314 1198 τοὺς
1331 1166 1495 1199 ἐπισκόπους
1503 1168 1622 1199 καὶτοὺς
1635 1169 1792 1204 κληρικοὺς,
1803 1171 1851 1196 aut

1062 1210 1096 1238 τὰ
1108 1211 1196 1244 ¹τέκνα
1224 1211 1325 1244 αὐτῶν,
1346 1212 1383 1248 μὴ
1410 1212 1458 1247 ὲᾷν
1486 1213 1667 1245 αὐτεξουσίως
1685 1214 1795 1240 ἀπιέναι
1807 1215 1851 1241 διὰ

1063 1256 1313 1292 ἔμμαγκιπατιονος
1328 1265 1335 1274 ο
1352 1259 1377 1284 ει
1394 1258 1431 1293 μή
1448 1257 1474 1292 γ’
1486 1259 1519 1285 ἂν
1539 1258 1579 1290 εις
1590 1259 1653 1291 τοὺς
1667 1259 1784 1294 τρόπους
1804 1262 1851 1286 καὶ

1063 1303 1102 1334 εῑς
1119 1302 1168 1338 τὴν
1185 1303 1293 1338 ἠλικίαν
1316 1304 1406 1331 αὐτῶν
1423 1304 1678 1340 πληροφορηθῶσιν,
1692 1307 1730 1338 ὡς
1759 1307 1851 1333 λοιπὸν

1062 1348 1097 1376 τὰ
1113 1349 1302 1384 ἁμαρτήματα
1318 1349 1407 1377 αὐτῶν
1424 1350 1464 1381 εὶς
1473 1350 1571 1382 αὐτοὺς
1586 1351 1743 1378 συντείνειν.

1100 1395 1227 1422 ΚΕΦΑΛ.
1253 1395 1282 1422 I’.
1310 1411 1345 1416 —
1363 1395 1428 1429 Πῶς
1449 1395 1625 1423 ἐκδικοῦσιγ
1639 1398 1666 1423 ol
1687 1397 1850 1425 ἐπίσκοποι

1064 1439 1134 1474 τοὺς
1150 1440 1331 1475 ἁρμόζοντας
1351 1441 1452 1474 αὐτοῖς
1466 1441 1578 1474 τόπους
1599 1442 1679 1475 παρὰ
1697 1442 1853 1476 αἰρετικῶν

1065 1487 1296 1522 κατεχομένους.

1181 1533 1316 1560 Συνόδου
1333 1533 1541 1568 Καρθατέννης
1550 1533 1651 1561 κανὼν
1661 1537 1731 1569 ρκα’.

1026 1567 1049 1597 c
1099 1578 1171 1613 "cpi
1184 1578 1244 1605 τῶν
1255 1567 1447 1614 dictum)?th
1464 1578 1523 1606 τῶν
1547 1580 1651 1613 αὐτοῖς
1662 1567 1855 1613 ’ἀνηκόντων

1064 1623 1158 1652 λαῶν.

1100 1670 1171 1706 ρκα¹.
1186 1670 1302 1706 Ὁμοίως
1320 1672 1418 1707 ἤρεσεν
1433 1671 1475 1699 ἵνα
1494 1672 1692 1707 οῐτινεσδήποτε
1719 1671 1854 1706 ἀμελοῦσι

1064 1717 1119 1744 τῶν
1129 1717 1219 1744 τόπων
1231 1717 1284 1744 τῶν
1297 1718 1452 1753 ἀνηκόντων
1483 1719 1516 1754 τῇ
1537 1718 1625 1744 αὐτῶν
1651 1719 1770 1754 καθέδρᾳ.
1784 1719 1854 1754 πρὸς

1064 1763 1095 1790 τὸ
1108 1764 1219 1795 τούτους
1234 1764 1361 1799 κερδᾶναι
1375 1765 1414 1796 εἰς
1426 1764 1474 1799 τὴν
1489 1764 1635 1800 καθολικὴν
1655 1765 1783 1800 ἑνότητα,
1807 1767 1855 1799 ὲγ-

1065 1809 1201 1845 κληθῶσιν
1229 1810 1283 1837 ἀπὸ
1315 1810 1369 1837 τῶν
1393 1811 1572 1844 γειτνιώντων
1598 1811 1691 1842 αὐτοῖς
1714 1811 1858 1846 immani

1065 1854 1234 1887 ἐπισκόπων,
1243 1855 1307 1890 περὶ
1318 1855 1364 1882 τοῦ
1377 1855 1414 1891 μὴ
1429 1855 1711 1883 ἀναϐάλλεσθαιτοῦτο
1724 1855 1830 1891 πράξαν.
1847 1865 1856 1873 ο

1065 1900 1105 1926 διὸ
1118 1901 1165 1927 ἑὰν
1180 1901 1256 1932 ὲντὺς
1272 1902 1441 1937 προθεσμίας
1455 1902 1548 1937 μηνῶν
1562 1902 1602 1935 ἒξ,
1614 1903 1668 1929 ἀπὸ
1678 1903 1728 1938 τῆς
1745 1903 1858 1938 ἡμέρας

1066 1947 1116 1982 τῆς
1137 1948 1201 1983 περὶ
1227 1947 1322 1974 τοῦτον
1350 1947 1543 1980 συνελεύσεως,
1565 1949 1648 1984 μηδὲν
1659 1949 1860 1986 ἀνύσωσι,;τῷ

1065 1993 1206 2028 δυναμένῳ
1214 1993 1306 2020 λοιπὸν
1323 1993 1434 2025 τούτους
1451 1993 1579 2028 κερδᾶναι
1598 1993 1836 2030 προσκυρωθῶσιν
1850 2004 1858 2011 ·

1067 2037 1152 2069 οὕτως
1171 2038 1273 2073 μέντοι,
1285 2038 1329 2065 ἵνα
1355 2038 1402 2065 ἐὰν
1419 2039 1524 2071 ἐκεῖνος
1538 2039 1606 2074 πρὸς
1622 2039 1651 2066 ὃν
1670 2039 1860 2067 ἐνδείκνυνται

1066 2084 1177 2119 ἀνήκειν
1192 2084 1216 2111 oi
1239 2085 1365 2117 τοιοῦτοι,
1378 2085 1535 2119 ἐξεπίτηδες
1559 2085 1603 2112 διά
1615 2093 1676 2111 τινα
1696 2086 1861 2120 οἰκονομίαν

1067 2131 1155 2163 ἔδοξεν
1174 2131 1295 2166 ἀμελεῖν,
1307 2130 1385 2158 τοῦτο
1397 2131 1452 2158 τῶν
1465 2132 1610 2167 αἱρετικῶν
1632 2131 1841 2165 ἐπιλεξαμὲνων
1853 2140 1860 2147 '

1068 2176 1138 2204 ὥστε
1149 2177 1289 2213 ἀθορύϐως
1305 2177 1404 2209 αὐτοὺς
1416 2177 1629 2213 παραδέξασθαι,
1640 2177 1687 2216 καὶ
1698 2178 1727 2204 ὲν
1735 2177 1862 2213 τοσούτῳ

229 2227 301 2255 Sane
320 2227 343 2254 si
360 2226 499 2261 episcopi,
524 2226 596 2253 inter
613 2231 682 2258 quos
706 2230 789 2250 causa
813 2227 948 2256 versatur,
973 2223 1013 2250 di-

1069 2224 1086 2259 ὴ
1098 2223 1180 2250 αὑτοῦ
1192 2223 1335 2259 ἐπιμέλεια
1351 2224 1402 2250 ὑπὸ
1415 2224 1509 2259 ἑτέρου
1521 2223 1689 2259 προελήφθη,
1700 2220 1774 2259 ᾗτινι
1790 2233 1862 2251 κατ-

227 2279 368 2299 versarum
393 2269 596 2306 provinciarum
620 2273 694 2300 sunt,
719 2268 762 2295 ille
785 2268 888 2303 primas
907 2268 951 2296 det
969 2268 1017 2302 ju-

227 2318 314 2350 dices,
335 2317 362 2345 in
379 2317 460 2352 cujus
474 2316 613 2351 provincia
628 2320 671 2342 est
697 2315 773 2343 locus
787 2315 820 2342 de
835 2322 890 2349 quo
905 2319 1019 2342 conten-

230 2366 316 2392 ditur.
330 2363 359 2391 Si
376 2367 468 2390 autem
487 2370 520 2389 ex
534 2362 670 2389 communi
685 2360 784 2396 placito
795 2361 899 2388 vicinos
911 2360 1018 2394 iudices

229 2411 372 2445 elegerint,
395 2414 444 2436 aut
467 2416 537 2436 unus
559 2408 686 2442 eligatur,
713 2411 761 2434 aut
783 2411 860 2434 tres:
875 2410 905 2433 ut
923 2406 945 2434 si
964 2410 1018 2433 tres

229 2456 374 2491 elegerint,
410 2455 534 2482 omnium
571 2453 732 2481 sententiam
769 2458 935 2487 sequantur,
971 2456 1020 2479 aut

230 2502 359 2529 duorum.

1069 2269 1219 2304 εχρήσατο,
1249 2269 1313 2301 τοὺς
1334 2269 1431 2301 αὐτοὺς
1452 2270 1608 2302 αἱρετικοὺς
1641 2269 1720 2296 πλέον
1742 2270 1862 2302 ἐκάκιζε

1065 2314 1161 2342 τούτου
1174 2314 1275 2350 μεταξὺ
1295 2315 1450 2342 ἐπισκόπων
1467 2315 1614 2350 κρινόντων
1641 2315 1864 2351 διαγινωσκομέ-

1069 2369 1125 2391 νου.
1142 2361 1166 2387 οι
1185 2360 1262 2387 τόποι
1284 2362 1317 2396 τῇ
1340 2361 1422 2387 αὐτοῦ
1443 2360 1563 2396 καθέδρᾳ
1587 2360 1864 2387 ἀποκαταπαθῶσι.’

1066 2405 1121 2432 τῶν
1144 2406 1172 2432 δὲ
1199 2406 1345 2442 κρινόντων
1367 2406 1535 2439 ἐπισκόπων,
1563 2407 1596 2433 ὲκ
1618 2406 1754 2440 διαφόρων
1772 2406 1866 2433 ὄντων

1067 2450 1217 2485 ἐπαρχιῶν,
1231 2451 1333 2482 ἐκεῖνος
1344 2451 1359 2477 ό
1372 2446 1520 2486 πρωτεύων
1535 2451 1598 2481 τοὺς
1611 2450 1742 2482 δικαστὰς
1764 2451 1865 2479 δώσει.

1068 2493 1171 2528 οὗτινος
1192 2497 1220 2522 ὲν
1235 2497 1267 2531 τῇ
1289 2496 1367 2532 χώρᾳ
1379 2497 1393 2523 ὁ
1417 2496 1499 2527 αὐτὸς
1514 2496 1630 2532 ὑπάρχει
1647 2496 1739 2527 τόπος,
1751 2497 1819 2532 περὶ
1832 2494 1866 2524 οὗ

231 2547 423 2583 φιλονεικεῖται
441 2553 448 2561 ·
465 2545 514 2573 ἐὰν
527 2544 557 2572 δὲ
585 2545 658 2573 κατὰ
688 2543 782 2579 κοινὴν
804 2544 968 2577 συναίνεσιν,
1002 2544 1125 2579 γείτονας
1152 2543 1331 2575 ἐπιλέξωνται
1351 2543 1459 2580 κριτὰς,
1489 2543 1506 2579 ἣ
1524 2542 1564 2576 εἷς
1579 2544 1691 2579 ἐπιλεγῇ
1711 2544 1729 2580 ἢ
1750 2545 1830 2580 τρεῖς
1854 2553 1862 2560 ·

233 2594 280 2621 καὶ
290 2594 337 2621 ἐὰν
347 2594 421 2628 τρεῖς
435 2591 625 2624 ὲπιλέξωνται,
640 2592 657 2627 ἢ
670 2593 703 2627 τῇ
717 2591 771 2618 τῶν
782 2590 852 2617 ὅλων
865 2590 948 2626 ψήφῳ
958 2590 1232 2626 ὲπακολουθήσουσιν,
1245 2591 1261 2626 ἢ
1277 2592 1310 2626 τῇ
1323 2591 1376 2617 τῶν
1388 2591 1444 2618 δύο.

270 2641 380 2669 Novella
393 2641 426 2669 57
439 2641 494 2673 ait,
511 2639 644 2667 Ecclesiae
659 2639 756 2665 Africae
774 2638 887 2666 ﬁrmiter
898 2638 1022 2665 obtinere

231 2689 419 2725 possessiones
431 2695 496 2725 suas
505 2691 551 2726 :et
564 2686 586 2712 si
602 2686 756 2720 pagani'aut
766 2684 885 2712 haeretici
895 2685 1013 2719 ipsarum

270 2778 293 2795 "
309 2777 393 2805 Canc.
410 2776 541 2810 Carthag.
556 2782 595 2806 ιιι,
612 2781 674 2801 can.
688 2773 739 2806 H;
756 2772 842 2800 Afric.
858 2780 882 2800 c.
897 2773 925 2801 5.

1115 2639 1148 2665 Ἦ
1165 2638 1215 2674 ριβ¹
1233 2638 1329 2673 Νεαρὰ
1354 2639 1430 2674 φησι,
1446 2639 1503 2670 Τὰς
1522 2639 1685 2674 Ἐκκλησίας
1714 2639 1865 2674 Ἀφρικῆς,

1070 2684 1197 2718 ἀσφαλῶς
1213 2684 1283 2719 ἔχειν
1291 2683 1339 2715 τὰς
1347 2685 1459 2720 κτήσεις
1471 2683 1572 2711 αὐτῶν
1588 2685 1635 2712 καὶ
1645 2685 1693 2711 ἐὰν
1701 2685 1837 2720 ’Έλληνες
1847 2686 1865 2721 ἦ

976 2773 999 2789 ⁹⁰
1015 2772 1097 2800 Conc.
1117 2772 1229 2801 Milevit.
1247 2781 1278 2806 ιι,
1294 2780 1318 2800 c.
1335 2773 1388 2806 ΞΗ
1405 2773 1488 2801 Al‘ric.
1504 2782 1528 2801 c.
1543 2774 1587 2802 88.

276 2836 332 2872 (63)
353 2837 465 2865 Cra-cus
484 2835 625 2872 interpres
647 2833 814 2872 existimavit
840 2837 1010 2868 conrogatam
1030 2833 1063 2861 de
1086 2838 1156 2861 coetu
1182 2833 1233 2862 dici
1259 2841 1307 2869 pro
1346 2841 1537 2862 conum-anim:
1570 2842 1632 2862 cum
1650 2834 1684 2862 sit
1702 2840 1865 2868 conrogarc,

232 2868 377 2907 corrigere,
390 2877 418 2899 ct
430 2872 464 2899 ad
479 2870 637 2898 breviarium
655 2869 698 2897 hic
714 2868 856 2896 referatur.
