1959 3061
141 155 194 187 681

501 157 701 188 SYNTAGMA
717 158 912 189 CANONUM.
939 171 972 176 —
992 158 1067 189 TIT.
1088 159 1169 196 Vill,
1187 159 1266 191 CAP.
1287 158 1433 191 IX-XIII.

1719 165 1773 196 682

141 210 274 247 αἱρετικοὶ
302 209 385 246 ἔχωσί
411 218 488 242 τινας
514 211 615 244 αὐτῶν,
640 213 657 247 ἢ
680 212 817 247 οἷκους,ἢ
845 212 924 239 σκεὺτ

990 212 1088 247 tliquas
1098 218 1143 240 aut
1154 214 1252 242 domos
1264 219 1311 242 aut
1327 223 1392 243 vasa
1415 216 1543 250 habeam,
1573 217 1626 244 illis
1647 226 1700 246 non
1720 222 1763 247 ob-

138 255 314 291 ἀφαιρείσθαι
337 255 416 287 αὐτὰ,
432 255 470 290 μὴ
496 256 689 292 ἀντικειμένης
709 257 805 288 αὐταῖς
817 257 928 293 χρονίας

138 309 334 336 παραγραφηςα

169 358 294 385 ΚΕΦΑΛ.
310 358 482 393 ῐΑ¹.-·Περὶ
497 359 551 387 τοῦ
565 361 608 393 μὴ
623 360 757 395 ὀφείλειν
771 360 842 393 τοὺς
856 360 931 387 ἀνα-

141 403 275 438 γνώστας
292 403 348 430 τὸν
354 403 454 439 δῆμον
464 405 661 439 προσκυνεῖν.

257 449 394 477 Συνόδου
414 451 627 486 Καρθαγέννης
646 451 748 479 κανὼν
759 456 809 484 ις’.

171 494 264 522 Ὠστε
273 495 392 530 μηδένα
403 496 585 530 ἐπίσκοπον,
599 506 628 525 κ.
642 506 669 524 τ.
683 497 709 525 λ.

170 540 223 573 ις’.
243 541 361 575 Ὁμοίως
375 542 475 576 ἤρεσεν
489 543 533 569 ῐνα
549 543 706 574 ἐπίσκοποι,
721 552 749 570 κ.
763 552 789 569 τ.
802 543 828 570 λ.

168 587 333 614 ΚΕΦΔΔ.-
346 587 394 615 lB'.
408 588 478 622 Περὶ
496 589 671 616 ἐπισκόπων
678 591 722 623 μὴ
732 588 929 623 ἐπιστρεφόν-

133 641 193 659 των
207 632 279 665 τοὺς
298 633 465 667 αἰρετωιούς
478 641 485 648 ·
501 634 552 661 καὶ
579 634 646 668 περὶ
673 635 848 662 ἐπισκόπων
877 634 928 662 καὶ

133 678 286 712 κληριπῶν
302 678 345 714 μὴ
370 679 577 708 διδασκόντων
589 681 644 707 τὸν
655 681 734 708 λαόν
749 689 757 697 υ
770 681 820 707 καί
843 680 890 708 ὅτι
911 682 929 709 ό

133 723 302 756 ἐπίσκοπος
323 723 400 758 ὑπὲρ
412 725 466 752 τοῦ
478 725 555 752 λαοῦ
581 726 773 761 ἀπολογεῖται
789 725 830 759 τῷ
845 725 906 760 Θεῷ
916 734 926 743 ·

133 768 183 795 καὶ
197 769 270 796 πότε
282 768 336 796 τοῦ
350 769 428 797 ,λαοῦ
442 770 684 805 ἁμαρτήσαντος.
704 773 720 799 ό
738 772 852 806 κλῆρος
872 773 929 808 ἁφ-

135 813 274 848 ορίζεται.

281 861 475 890 Ἀποστόλων
488 862 590 890 κανὼν
603 864 657 896 λς’.
673 864 721 892 λθ’.
739 869 790 899 νη’.

169 906 225 939 λς’.
245 907 279 934 El
291 916 333 939 τις
347 909 549 944 χειροτονηθεὶς
561 909 721 943 ἐπίσκοπος,
736 920 764 938 κ.
783 920 808 940 τ.
826 912 851 938 λ.

169 991 220 1018 λθ¹.
238 993 270 1019 Oi
293 994 477 1030 πρεσϐύτεροι
507 997 554 1022 καὶ
580 995 711 1029 διάκονοι,
729 998 793 1025 ἄνευ
811 998 925 1034 γνώμης

133 1038 181 1065 τοῦ
208 1039 370 1071 ἐπισκόπου,
396 1041 480 1076 μηδὲν
499 1041 711 1070 ὲπιτελείτωσαν
730 1052 736 1059 ·
762 1044 844 1077 αὐτὸς
870 1046 925 1082 γάρ

134 1085 208 1111 ἐστιν
220 1086 235 1111 ὁ
248 1086 464 1121 πεπιστευμένος
475 1087 521 1113 τὸν
529 1087 594 1114 λαὸν
605 1089 719 1123 Κυρίου,
736 1090 784 1116 καὶ
795 1090 841 1117 τὸν
855 1090 924 1125 ὑπὲρ

133 1130 188 1157 τῶν
204 1130 298 1165 ψυχῶν
312 1131 404 1158 αὐτῶν
419 1131 498 1166 λόγον
513 1133 780 1169 ἁπαιτηθησόμενος.

169 1179 221 1211 νη’.
236 1175 422 1212 Ἐπίσκοποςῆ
432 1177 617 1214 πρεσϐύτερος
629 1179 740 1214 ἀμελῶν
750 1180 797 1207 τοῦ
811 1179 925 1217 κλήρου.

134 1221 152 1257 ἦ
166 1221 214 1248 τοῦ
231 1221 308 1256 λαοῦ,
323 1223 371 1249 καὶ
386 1223 423 1258 μὴ
439 1223 576 1250 παιδεύων
591 1225 692 1257 αὐτοὺς
705 1226 755 1261 τὴν
770 1227 924 1261 εὐσέϐειαν,

134 1267 471 1305 ἁφοριξέσθω.,ὲπιμένων
483 1270 512 1297 δὲ
527 1272 560 1306 τῇ
574 1271 707 1308 ῥᾳθυμίᾳ,
729 1272 924 1310 καθαιρείσθω.

220 1356 356 1388 Σῦνόδου
368 1361 579 1396 Καρθαγέννης
588 1363 688 1390 κανὼν
704 1365 773 1400 ρκγ’,
788 1366 854 1401 ρκδ’.

172 1404 264 1433 Ὥστε
287 1406 342 1432 τὸν
361 1408 610 1441 καταφρονοῦντα
634 1409 689 1444 τῆς
709 1410 786 1444 ἰδίας
811 1412 925 1447 διοική-

134 1457 213 1483 σεως
226 1451 398 1478 ἐπίσκοπον
413 1453 584 1487 στερεῖσθαι
602 1454 657 1489 τῆς
666 1458 835 1490 κοινωνίας.

171 1500 243 1531 ρκγ’.
271 1497 333 1524 Ἐὰν
348 1498 376 1523 ἐν
389 1499 445 1530 τοῖς
458 1499 624 1535 ματρικίοις,
638 1501 721 1535 ἤγουν
743 1502 772 1528 ὲν
786 1505 846 1534 ταῖς
860 1503 926 1530 καο-

135 1543 389 1579 έδραις,ὲπίσκοπος
398 1545 501 1580 ἀμελὴς
508 1546 621 1581 γένηται
629 1547 701 1574 κατὰ
708 1548 762 1575 τῶν
768 1549 925 1584 αίρετικῶν,

135 1590 324 1626 ὑπομνησοείη
342 1591 396 1618 ἀπὸ
411 1591 465 1618 τῶν
477 1593 658 1625 γειτνιώντων
669 1595 807 1630 ἑπιμελῶν
818 1597 927 1624 ἐπισχό-

135 1645 205 1667 πων,
222 1636 269 1662 καὶ
294 1636 466 1671 ὑποδειχθείη
495 1638 603 1674 αὐτῷή
636 1639 690 1666 ίδία
717 1641 926 1676 περιφρόνησις,

136 1683 204 1717 πρὸς
220 1682 249 1708 τὸ
263 1682 300 1717 μὴ
315 1682 387 1717 ἔχειν
399 1683 548 1717 ἀπολογίαν
568 1692 574 1699 ·
592 1685 639 1712 ἐὰν
655 1685 684 1713 δὲ
707 1687 754 1721 ἀφ’
769 1685 803 1723 ἧς
820 1688 927 1723 ἡμέρας

135 1727 310 1762 ὐπομνησθῇ,
333 1726 408 1758 ἐντὸς
435 1728 530 1762 μηνῶν
554 1728 584 1761 ἒξ
598 1730 627 1756 ὲν
655 1731 688 1765 τῇ
715 1732 784 1767 αὐτῇ
807 1732 927 1768 ἐπαρχίᾳ.

133 1771 245 1804 διάγων,
273 1771 310 1806 μὴ
336 1771 392 1797 τῶν
417 1772 579 1806 ὀφειλόντων
605 1775 673 1810 πρὸς
705 1775 755 1810 τὴν
776 1776 926 1812 καθολικὴν

134 1816 249 1851 ἑνότητα
268 1816 472 1851 ἐπιστραφῆναι
502 1818 551 1852 τὴν
573 1819 701 1854 φροντίδα
716 1821 876 1856 ⁴ποιήσηται,
888 1822 927 1857 τῷ

134 1861 248 1895 τοιούτῳ
264 1859 302 1896 μὴ
329 1861 546 1898 συγκοινωνηθῇ,
562 1863 614 1894 ἕως
635 1861 666 1891 οὗ
678 1864 758 1892 τοῦτο
773 1865 905 1902 πληρώσῃ
917 1875 924 1881 ”

134 1907 159 1933 ει
176 1906 205 1932 δὲ
220 1907 234 1932 ὁ
247 1906 452 1942 ἐπεξεργαστὴς
466 1908 506 1939 είς
519 1908 583 1940 τοὺς
599 1909 698 1942 αὐτοὺς
710 1911 810 1944 τόπους
823 1913 861 1948 μὴ
875 1922 927 1940 πα-

135 1949 294 1989 ραγένηέαι,
305 1953 345 1989 τῷ
354 1954 397 1979 ἐπι
403 1954 497 1989 σκόπῳ
511 1955 549 1990 μὴ
562 1955 714 1992 ἐπιγραφῇ.

170 1999 242 2033 Περὶ
254 1999 312 2026 τῶν
327 1999 399 2033 τοὺς
409 2001 794 2037 Δονατιστὰςικοινωνῆσαι
814 2005 926 2039 ψευδο-

132 2045 234 2080 μένων
250 2046 439 2074 ἐπισκόπων.

169 2091 237 2126 ρκδν.
257 2091 319 2118 Ἐὰν
333 2091 361 2118 δὲ
374 2091 522 2128 ἀποδειχθῇ
539 2093 588 2120 τὺν
609 2095 729 2122 τοιοῦτον
753 2095 925 2132 ψευσάμενον

133 2137 198 2172 περὶ
216 2135 266 2168 τῆς
294 2136 407 2163 ἐκείνων
433 2137 585 2170 κοινωνίας,
603 2139 632 2164 ὲν
659 2139 697 2175 τῷ
719 2140 808 2174 λέγειν
827 2141 925 2173 αὐτοὺς

134 2182 372 2217 κεκοινωνηκέναι,
389 2181 435 2213 οὓς
449 2182 586 2209 δείκνυται
613 2185 763 2221 συνειδήσει
786 2187 869 2214 αὐτοῦ
886 2189 924 2222 μὴ

133 2227 309 2262 κοινωνῆσαι,
335 2228 382 2254 καὶ
397 2227 446 2263 τὴν
465 2228 619 2264 ἐπισκοπὴν
637 2229 678 2257 ἔτι
690 2230 743 2265 μὴν
754 2231 894 2260 ἀπολέσει.

170 2318 306 2346 Συνόδου
321 2319 533 2355 οίκουμενικῆς
542 2320 633 2356 ἕκτης
649 2324 750 2350 κανὼν
767 2323 809 2351 ιο’.

185 2366 228 2392 ιϐ’,
256 2366 317 2392 Ὀτι
351 2365 390 2392 δεῖ
423 2367 487 2399 τοὺς
519 2369 573 2395 τῶν
599 2369 753 2405 ἐκκλησιῶν
782 2371 920 2407 προεστῶ-

133 2420 191 2443 τας,
203 2419 230 2437 κ.
246 2418 273 2438 τ.
287 2410 312 2437 λ.

169 2468 296 2495 ΚΕΦΑΛ.
315 2465 363 2495 1Γ’.
381 2483 416 2489 ——
428 2469 497 2503 Hepl
511 2470 687 2498 ἐπισκόπων
705 2471 754 2499 καὶ
769 2472 923 2508 κληρικῶν

133 2516 281 2550 κοσμικόν
294 2523 321 2541 τι
342 2517 533 2548 πραττόντων
562 2516 722 2552 δημόσιον,
736 2514 756 2550 ἢ
769 2518 927 2552 ἰδιωτικὸν,

135 2559 152 2594 ἣ
164 2561 334 2595 μίσθωσιν,
349 2563 368 2597 ἣ
385 2561 564 2597 ἐπιτροπήν.

315 2654 510 2681 Ἀποστόλων
523 2654 625 2682 κανὼν
639 2658 676 2687 ς’,
695 2655 750 2682 πα’.

167 2702 202 2731 ς’,
213 2699 387 2733 Ἐπίσκοπος,
403 2701 420 2736 ῆ
447 2701 642 2737 πρεσϐύτερος.
660 2702 676 2738 ἢ
704 2703 838 2737 διάκονος,
855 2713 921 2731 κοσ-

134 2744 216 2778 μικὰς
227 2745 370 2780 φροντίδας
384 2745 422 2781 μὴ
441 2746 656 2782 ἀναλαμὸανέτω
671 2755 678 2764 ο
693 2748 756 2774 είδὲ
771 2748 809 2784 μὴ
825 2749 921 2776 καθαι-

133 2798 161 2825 ps
166 2789 241 2818 ίσθω.

981 262 1071 285 stante
1084 259 1156 293 longi
1174 260 1304 294 temporis
1318 262 1533 297 praescriptione,
1545 264 1664 291 auferre.

1015 358 1091 387 CAP.
1109 359 1156 386 XI.
1170 374 1206 379 —-
1218 359 1341 387 Lectores
1355 361 1479 396 populum
1498 370 1550 389 non
1562 363 1690 391 salutent.

1121 449 1235 478 Concilii
1248 450 1468 485 Carllmqinensis
1480 460 1566 480 canon
1585 453 1630 481 l6.

1016 495 1052 522 Ut
1073 495 1164 523 nullus
1185 497 1333 531 episcopus,
1348 501 1413 530 etc.,
1430 502 1460 525 ut
1474 506 1536 534 pag.
1554 499 1618 529 550.

1015 539 1061 567 16.
1079 539 1144 567 item
1158 541 1261 575 placuit
1276 545 1306 569 ιιι
1318 542 1449 577 episcopi,
1464 548 1529 576 etc.,
1541 549 1571 571 ut
1586 553 1646 581 pag.
1662 541 1724 574 550.

1015 585 1097 622 214
1114 585 1193 614 CAP.
1208 585 1270 614 ΧΠ.
1286 602 1321 608 -
1336 587 1375 615 De
1386 589 1514 624 episcopis
1526 591 1571 625 qui
1584 591 1721 619 ltmreticos
1736 593 1771 619 ad

979 631 1166 658 ortltodoziam
1193 640 1246 660 non
1274 638 1440 661 convertunt.
1466 635 1535 662 Item
1555 636 1587 662 de
1600 638 1729 672 episcopis
1746 644 1772 666 et

979 678 1082 705 clericis
1096 678 1224 714 populum
1237 687 1289 706 non
1308 680 1499 707 erudientibus.
1511 681 1546 707 Et
1559 683 1628 716 quod
1636 684 1772 718 episcopus

979 722 1138 749 intercessor
1156 722 1192 749 sit
1211 730 1260 757 pro
1275 723 1371 757 populo
1386 723 1456 757 apud
1477 723 1570 752 Deum.
1599 724 1633 752 Et
1649 729 1771 760 quamle-

979 776 1041 794 nam
1057 768 1155 802 populo
1170 774 1313 803 peccante,
1342 769 1428 796 clerus
1460 774 1537 797 extra
1563 773 1772 800 communionem

979 815 1037 849 ﬁat.

1120 862 1307 897 Apostolorum
1323 870 1436 890 canones
1455 862 1506 895 56,
1523 863 1568 896 59,
1587 864 1632 892 58.

943 898 965 925 Β
1015 907 1049 935 56
1071 907 1138 944 ['55].
1173 907 1203 935 Si
1228 908 1292 943 quis
1317 909 1462 936 ordinatus
1477 909 1633 944 episcopus,
1660 914 1725 943 etc.,
1743 916 1772 938 nt

988 962 1038 981 ina.
1055 953 1118 981 506.

988 962 1012 980 ιη
1032 973 1038 980 .
1055 962 1118 981 W0.

979 962 989 987 1
1013 962 1058 1026 g9.
1080 999 1237 1035 Presbyteri
1249 1000 1398 1027 etdiaconi
1415 1001 1476 1028 sine
1491 1002 1626 1029 sententia
1649 1001 1770 1037 episcopi

980 1045 1048 1072 nihil
1069 1046 1212 1081 perﬁciant
1231 1047 1305 1082 :ipee
1318 1047 1389 1073 enim
1403 1051 1456 1079 est,
1472 1047 1552 1082 cujus
1572 1047 1634 1075 lidei
1654 1049 1772 1082 populus

980 1096 1021 1118 est
1035 1092 1167 1125 creditus,
1187 1097 1214 1119 et
1226 1100 1241 1119 a
1257 1099 1313 1127 quo
1326 1099 1375 1127 pro
1387 1092 1532 1120 animabus
1546 1093 1618 1121 ratio
1635 1095 1770 1129 exigetur.

1017 1182 1051 1209 58
1067 1181 1136 1219 [57].
1158 1182 1310 1218 Episcopus
1332 1183 1374 1210 vel
1391 1183 1544 1218 presbyter,
1568 1184 1615 1218 qui
1635 1184 1701 1212 cleri
1728 1185 1770 1212 vel

980 1229 1071 1264 populi
1089 1236 1182 1256 curam
1195 1237 1248 1256 non
1267 1229 1348 1264 gerit,
1365 1234 1392 1257 et
1403 1237 1450 1257 eos
1464 1232 1591 1265 pietatem
1610 1239 1662 1259 non
1679 1231 1771 1262 docet.

980 1280 1137 1310 segregetur
1155 1284 1161 1302 :
1176 1280 1204 1303 et
1228 1276 1252 1304 si
1277 1276 1305 1303 in
1333 1277 1460 1304 socordia
1486 1282 1660 1312 perseveret,
1687 1279 1769 1313 depo-

981 1326 1072 1348 mitur.

1069 1365 1181 1394 Concilii
1194 1367 1413 1403 Carthagincmis
1424 1376 1535 1396 canones
1549 1369 1610 1401 123,
1623 1369 1684 1397 124.

1019 1412 1052 1440 Ut
1071 1414 1094 1440 ti
1110 1413 1246 1448 episcopus
1263 1413 1376 1450 negligat
1392 1422 1470 1442 utam
1489 1415 1631 1447 dioecesim,
1653 1424 1772 1443 comnm-

981 1459 1058 1485 nione
1070 1459 1196 1493 privetur.

1018 1504 1079 1532 125.
1098 1505 1128 1533 Si
1145 1505 1174 1533 in
1191 1506 1351 1534 matricibus
1367 1507 1388 1524 ⁹¹
1406 1507 1546 1535 cathedris
1562 1507 1642 1542 215
1664 1508 1772 1542 cpisco-

981 1559 1032 1587 pus
1050 1552 1191 1587 negligens
1204 1552 1288 1581 fuerit
1301 1554 1435 1582 adversus
1451 1554 1606 1588 haereticos,
1624 1556 1771 1583 conveniu-

982 1603 1026 1625 tur
1043 1606 1060 1625 a
1083 1599 1180 1628 vicinis
1204 1600 1341 1635 episcopis
1360 1601 1544 1636 diligentibus,
1571 1606 1598 1629 et
1612 1602 1636 1630 ei
1654 1610 1703 1630 sua
1722 1610 1771 1630 ne-

979 1644 1108 1679 gligentia
1133 1645 1346 1679 demonstretur,
1364 1651 1393 1674 ut
1407 1655 1437 1675 se
1453 1655 1587 1675 etcusare
1603 1655 1656 1675 non
1674 1650 1769 1683 possit.

978 1689 1056 1723 Quod
1076 1691 1098 1718 si
1118 1698 1150 1719 ex
1166 1691 1210 1719 die
1222 1700 1278 1727 quo
1295 1693 1465 1726 convenitur,
1488 1693 1556 1720 intra
1580 1701 1627 1721 sex
1651 1702 1770 1727 menses.

979 1736 1001 1763 si
1018 1736 1044 1764 in
1063 1736 1123 1772 ejus
1147 1738 1286 1773 provincia
1302 1740 1442 1767 exsecutio
1458 1739 1548 1771 fuerit,
1565 1744 1592 1767 et
1609 1748 1661 1767 non
1675 1748 1722 1768 eos
1738 1741 1772 1768 ad

980 1782 1113 1810 unitatem
1139 1784 1302 1812 catholicam
1327 1786 1527 1814 convertendos
1543 1787 1697 1820 curaverit;
1716 1794 1772 1814 non

978 1829 1002 1856 ci
1038 1830 1272 1864 communicetur,
1309 1831 1398 1859 donec
1431 1832 1588 1867 adimpleat.
1617 1832 1646 1859 Si
1680 1837 1771 1860 autem

977 1879 1123 1902 exsecutor
1152 1876 1187 1903 ad
1217 1876 1277 1905 loca
1308 1885 1362 1904 non
1390 1879 1512 1911 venerit,
1537 1885 1592 1905 non
1619 1877 1774 1906 ascribatur

977 1927 1119 1955 episcopo.

1014 2007 1051 2033 De
1064 2008 1192 2043 episcopis
1207 2010 1251 2044 qui
1269 2010 1421 2039 Donatistae
1446 2013 1655 2040 communicasse
1669 2014 1771 2039 mentiti

977 2053 1085 2087 fuerint.

1013 2100 1072 2128 12L
1098 2101 1127 2129 Si
1150 2107 1240 2130 autem
1254 2103 1276 2119 “
1292 2104 1436 2138 probatum
1455 2105 1546 2137 fuerit,
1564 2113 1626 2133 eum
1645 2107 1677 2134 de
1692 2114 1770 2133 com-

977 2146 1106 2174 munione
1135 2147 1247 2176 illorum
1278 2148 1363 2177 fuisse
1393 2151 1553 2185 mentitum,
1580 2152 1696 2180 dicendo
1723 2161 1771 2180 cos

975 2194 1204 2228 communicasse,
1220 2203 1291 2230 quos
1311 2204 1344 2224 eo
1364 2198 1467 2226 sciente
1481 2207 1534 2227 non
1550 2201 1771 2229 communicasse

943 2247 964 2273 ι)
979 2240 1142 2272 constiterit.
1159 2242 1241 2270 etiam
1253 2242 1441 2278 episcopatum
1457 2246 1576 2273 amittat.

1139 2328 1254 2357 Concilii
1267 2331 1420 2358 mcumenici
1435 2340 1461 2359 vt
1477 2340 1562 2359 canon
1581 2334 1624 2360 l9.

1014 2374 1059 2402 l9.
1071 2374 1147 2408 Quod
1165 2381 1272 2411 oportet
1280 2384 1328 2405 eos
1336 2378 1382 2412 qui
1391 2382 1510 2412 prtesuut
1520 2379 1656 2412 ecclesiis,
1667 2384 1731 2413 ctc.,
1742 2386 1771 2407 ut

976 2429 1057 2455 supra
1070 2429 1132 2457 pag.
1149 2422 1210 2449 646.

1013 2477 1095 2513 216
1114 2477 1190 2504 CAP.
1214 2478 1286 2506 Xlll.
1311 2493 1346 2499 —-
1367 2479 1404 2506 De
1423 2480 1553 2515 episcopis
1568 2487 1592 2508 et
1608 2483 1710 2509 clericis
1725 2483 1770 2518 qui

978 2524 1110 2558 negotium
1125 2524 1234 2559 aliquod
1251 2525 1386 2560 publicum
1411 2532 1458 2554 aut
1483 2529 1616 2560 privatum
1639 2536 1770 2563 ea'ercrm,

978 2574 1024 2596 aut
1042 2578 1147 2604 operam
1162 2571 1202 2598 rel
1225 2571 1373 2599 locationes
1400 2574 1562 2607 conducunt,
1589 2580 1635 2602 aut
1659 2576 1770 2602 tutelam

976 2622 1067 2641 rurant
1072 2623 1100 2642 ve
1117 2620 1221 2650 gerunt.

1177 2662 1366 2696 Apostolorum
1381 2672 1465 2692 canon
1483 2665 1510 2698 6,
1528 2665 1572 2694 81.

1034 2706 1062 2733 6.
1112 2706 1284 2743 Episcopus,
1315 2711 1357 2737 vel
1389 2712 1540 2747 presbyter,
1575 2714 1615 2739 vel
1639 2713 1770 2740 diaromts

976 2752 1120 2780 saeculares
1149 2761 1231 2782 curas
1261 2763 1316 2783 non
1349 2758 1481 2792 suscipiat
1516 2767 1522 2785 :
1555 2758 1656 2793 alioqui
1684 2758 1770 2793 depo-

976 2803 1068 2826 natur.

169 2879 188 2894 "
205 2879 290 2909 Cone.
309 2880 418 2909 Milcvil.
436 2890 464 2914 ιι.
483 2890 544 2917 cap.
561 2883 614 2917 9.5;
628 2884 712 2913 Alric.
729 2893 753 2914 c.
772 2886 817 2914 90.
856 2887 878 2903 θ’
893 2886 977 2915 Con-3.
993 2887 1103 2916 Milvvn.
1121 2897 1148 2921 ιι,
1164 2897 1222 2926 cap.
1239 2891 1289 2925 25';
1308 2892 1391 2920 Arrio.
1408 2901 1430 2920 ιι.
1447 2894 1491 2922 9|.

293 2930 429 2960 ΡΔττιοι.
450 2932 507 2962 Gtt.
519 2932 598 2963 CIV.
