1959 3061
185 163 238 195 683

764 161 896 192 ΡΗΟΤΠ
904 160 1164 191 TATRIARCHIE
1179 161 1233 191 (ΖΡ.

1768 161 1820 194 684

220 223 251 250 81
275 222 344 259 [80].
371 221 496 250 Diximus
523 229 581 249 non
602 224 728 256 oportere
751 221 911 256 episcopum
937 221 975 248 vel

1067 223 1125 247 πα’.
1155 220 1277 256 Εἴπομεν
1292 221 1334 247 δτι
1347 220 1384 256 μὴ
1408 222 1461 255 χρὴ
1475 220 1624 248 ἐπίσκοπον
1634 219 1652 255 ἢ
1670 220 1822 257 πρεσϐύτε-

186 269 374 304 presbyterum
389 267 510 303 seipsum
526 266 560 294 ad
579 266 703 302 publicas
717 266 972 294 administrationes

186 315 347 346 demittere,
378 314 425 341 sed
453 314 479 340 in
504 313 699 341 ecclesiasticis
722 312 838 347 negotiis
860 312 975 340 versari.

188 357 235 385 Vel
251 366 317 392 ergo
345 358 381 384 ita
411 365 464 384 non
489 356 579 384 facere
602 356 811 390 persuadeatur,
829 356 872 383 vel
893 356 977 390 depo-

187 410 285 437 natur;
300 411 379 430 nemo
403 404 474 430 enim
494 408 583 437 potest
599 403 707 430 duobus
736 403 856 431 dominis
871 401 978 430 servire

186 451 336 478 secundum
352 449 459 476 Domini
476 449 709 476 adhortationem.

345 496 456 526 Cancilii
472 496 692 523 Chalredanensis
706 503 801 522 canon.

221 545 249 571 5.
274 543 402 571 Pervenit
423 542 457 568 ad
481 545 604 568 sanctam
623 540 767 575 synodum,
792 540 865 574 quod
881 546 976 566 eorum

185 589 244 623 qui.
269 589 341 616 clero
362 587 481 622 cooptati
505 590 579 619 sunt,
614 586 724 621 quidam
749 590 870 621 .propter
899 590 977 620 turpe

188 636 294 662 lucrum
318 634 423 661 alienas
445 632 635 669 possessiones
653 631 820 662 conducunt,
846 636 873 658 et
889 638 977 658 saecu-

186 681 253 708 laria
271 679 377 715 negotia
393 683 532 710 exercent,
549 678 672 705 divinum
693 677 876 704 ministerium
891 676 976 712 negli-

186 731 292 761 gentes,
309 725 482 753 saecularium
502 731 566 750 vero
588 723 684 750 domos
709 722 868 755 subeuntes,
883 727 911 749 et
926 730 975 749 eo-

187 779 248 798 rum
272 771 434 798 facultatum
460 769 650 796 tractationem
669 775 700 796 ae
722 767 894 795 curationem
911 775 977 802 pro-

186 822 247 852 pter
271 817 414 844 avaritiam
437 815 630 850 suscipientes.
659 813 768 841 Deliniit
792 821 859 848 ergo
882 817 976 840 sancta

185 863 319 898 synodus,
342 862 478 889 neminem
502 861 642 895 deinceps,
667 867 716 887 nec
738 860 908 894 episcopum,
927 866 977 887 nec

185 909 328 938 clericum,
354 915 404 934 nec
422 907 598 938 monachum,
617 906 657 933 vel
672 906 864 940 possessiones
875 905 977 933 eondu-
993 900 1013 927 Β

185 961 257 985 cere,
274 953 315 980 rei
331 952 510 980 saacularibus
527 951 736 985 possessionum
757 950 978 978 administratio-

185 998 266 1025 nibus
281 998 401 1032 seipsum
420 997 561 1032 ingerere,
591 996 644 1023 nisi
673 996 766 1030 utique
792 1002 824 1022 ex
857 995 917 1030 lege
942 993 977 1021 ad

186 1043 400 1072 inexensabilem
425 1043 596 1078 impuberum
614 1042 725 1070 tutelam
742 1047 866 1075 vocetur,
881 1042 923 1069 vel
937 1041 979 1068 ci-

186 1089 279 1116 vitatis
303 1089 449 1122 episcopus
462 1095 526 1115 eum
551 1095 641 1114 rerum
659 1087 914 1115 ecclesiasticarum
929 1093 979 1114 cu-

186 1143 244 1161 ram
260 1142 356 1169 gerere
378 1134 530 1169 permittat.
554 1133 635 1168 217
655 1133 697 1160 vel
716 1133 915 1168 orphanorum,
935 1132 976 1159 vel

186 1180 343 1212 \iduarum,
368 1179 471 1214 quibus
493 1180 628 1214 provideri
647 1187 701 1206 non
718 1183 820 1214 potest.
839 1182 867 1206 et
881 1185 977 1213 perso-

187 1234 286 1254 narum
309 1234 370 1262 quae
383 1226 571 1254 ecclesiastico
585 1225 689 1253 auxilio
711 1226 830 1252 maxime
844 1225 976 1260 indigent,

185 1277 295 1308 propter
306 1272 431 1300 timorem
445 1272 558 1300 domini.
575 1271 604 1299 Si
618 1273 680 1307 quis
694 1277 785 1301 autem
800 1279 861 1307 quas
876 1275 977 1299 statuta

186 1324 260 1351 sunt,
276 1319 405 1353 deinceps
430 1318 584 1353 transgredi
608 1326 753 1353 aggressus
766 1318 859 1350 fuerit,
877 1318 900 1346 is
919 1325 978 1352 ιιιιιο

186 1364 232 1392 nis
241 1363 434 1391 ecclesiasticis
448 1363 621 1397 subjiciatur.

328 1409 443 1436 Concilii
454 1408 672 1444 Carthaginensis
687 1417 773 1435 canon
790 1409 834 1435 16.

253 1455 295 1483 lii.
316 1454 350 1483 Ut
369 1455 457 1482 nullus
472 1455 620 1490 episcopus,
636 1461 700 1488 ete.,
720 1459 749 1481 ut
768 1463 829 1490 pag.
843 1454 905 1482 550.

363 1545 478 1574 Consilii
497 1545 602 1573 Νίσιεηὶ
617 1553 634 1573 n
651 1554 735 1573 canon
754 1545 797 1572 10.

222 1593 298 1627 Quod
314 1601 365 1620 non
379 1597 497 1627 oparleat
509 1593 631 1624 clericos,
644 1600 692 1618 sua
708 1591 800 1618 relicta
810 1591 936 1625 parteeia,
948 1591 976 1618 in

186 1641 270 1668 aliam
284 1640 429 1671 incurrere,
447 1639 529 1665 inscio
546 1639 676 1672 episcopo.

222 1729 265 1757 10.
281 1729 414 1763 Quoniam
434 1728 558 1755 nonnulli
571 1728 675 1761 clerici,
691 1733 756 1760 ete.,
773 1732 803 1754 ut
817 1735 878 1762 pag.
895 1726 958 1754 (562.

187 1820 289 1856 Synodi
302 1828 360 1855 qua:
378 1820 465 1854 prima
480 1824 505 1846 et
525 1818 640 1846 secundo
658 1823 828 1852 nuncupatur
842 1817 976 1845 Constan-‘

221 1865 394 1900 stantinapali
422 1865 449 1891 in
475 1865 571 1899 templo
602 1863 760 1892 Sanctorum
791 1864 978 1898 Apostolorum

222 1916 386 1946 congregata:
398 1918 482 1937 canon
501 1909 546 1937 Η.

222 1969 267 1996 il.
276 1967 452 2003 Presbyteros
469 1967 510 1994 vel
524 1967 664 1998 diaconos,
677 1966 822 1993 saeculares
834 1965 978 2001 magistra-

186 2020 230 2042 tus
247 2014 289 2042 vel
305 2021 386 2041 curas
402 2012 590 2046 suscipientes.
607 2011 649 2039 vel
661 2019 707 2039 eas
718 2011 815 2046 quain
830 2011 976 2045 magistra-

186 2066 261 2088 tuum
271 2059 375 2087 aedibus
389 2058 701 2091 dieuntur,eurationes.
716 2057 799 2084 divini
813 2061 839 2084 et
848 2057 918 2084 sacri
929 2065 976 2085 ea-

187 2115 273 2134 nones
283 2105 446 2141 depositioni
456 2105 616 2140 subjiciunt.
633 2103 691 2131 lloe
709 2111 775 2139 ergo
794 2111 846 2130 nos
865 2110 976 2138 quoque

186 2152 391 2184 ronlirmantes,
404 2151 438 2178 de
456 2150 567 2185 reliquis
583 2157 692 2184 quoque
706 2149 753 2183 qui
771 2154 835 2176 sunt
849 2149 875 2176 in
894 2148 977 2176 cleri-

186 2206 281 2225 corum
296 2197 421 2231 catalogo
442 2195 616 2223 decernimus
636 2203 644 2222 :
660 2194 733 2230 quod
755 2196 779 2222 si
795 2195 858 2229 quis
879 2202 975 2222 eorum

1030 275 1076 301 ρον
1099 265 1224 293 καθιέναι
1240 266 1337 293 ὲαυτδν
1351 266 1392 297 εις
1414 266 1548 302 δημοσίας
1567 265 1726 301 διοικήσεις,
1749 267 1818 293 ἀλλὰ

1028 314 1237 348 προσευκαιρεῖν
1248 312 1309 344 ταῖς
1323 311 1564 347 ἐκκλησιαστικαῖς
1576 312 1683 348 χρείαις
1696 321 1704 328 ·
1721 312 1737 348 ἢ
1759 321 1820 339 πει-

1028 358 1116 385 θέσθω
1131 358 1177 385 οὖν
1190 357 1270 385 τοῦτο
1290 357 1327 394 μὴ
1349 359 1450 391 ποιεῖν,
1465 357 1482 393 ἢ
1508 357 1694 393 καθαιρείσθω
1708 367 1716 374 ·
1736 359 1823 390 οὐδεὶς

1028 413 1082 440 γαρ
1098 405 1210 431 δὺναται
1223 404 1282 431 δυσ)¹
1305 405 1412 440 κυρίοις
1438 403 1585 437 δουλεύειν,
1605 405 1677 432 κατὰ
1700 405 1750 441 τὴν
1765 405 1823 431 Κυ-

1032 450 1182 486 ριακὴνὲπα
1186 450 1357 486 ρακέλευσιν.

1110 489 1114 494 ’
1169 495 1306 523 Συνόδον
1326 496 1522 531 Χαλκηδόνος
1533 496 1634 524 κανὼν
1645 500 1682 531 γ’.

1063 539 1209 576 γ’ἐἮλΘεν
1223 543 1264 573 εἰς
1279 541 1329 577 τὴν
1344 542 1424 576 ἁγίαν
1437 542 1557 575 σύνοδον,
1568 542 1610 569 ὅτι
1619 543 1673 569 τῶν
1688 543 1717 569 ἐν
1731 543 1823 580 κλήρῳ

1028 587 1248 623 κατειλεγμένων
1272 587 1345 618 τινὲς
1367 587 1401 614 δι’
1422 587 1658 622 αἰσχροκέρδειαν,
1671 588 1820 624 ἀλλοτρίων

1029 633 1179 668 κτημάτων
1203 632 1323 665 γίνονται
1348 632 1493 668 μισθωταὶ,
1509 633 1557 660 καὶ
1581 634 1732 669 πράγματα
1757 643 1821 662 xeo»

1031 678 1100 715 μιιὰ
1115 678 1295 715 ὲργολαϐοὗσι
1311 699 1320 712 ,
1336 679 1384 713 τῆς
1413 678 1465 713 μὲν
1488 677 1535 705 τοῦ
1550 678 1618 705 Θεοῦ
1646 679 1818 716 λειτουργίας

1029 724 1300 760 καταρᾳθυμοῦντες,
1314 724 1378 756 τοὺς
1390 724 1419 751 δὲ
1429 724 1483 752 τῶν
1497 724 1638 760 κοσμικῶν
1658 726 1822 761 ὑποτρέχον-

1027 779 1073 803 τες
1088 769 1191 804 οῐκους,
1202 770 1250 797 καὶ
1270 770 1370 797 οὐσιῶν
1390 771 1550 806 χειρισμοὺς
1571 770 1766 807 ἁναδεχόμενοι
1777 772 1822 799 διὰ

1028 816 1222 853 φιλαργυρίαν.
1242 817 1339 852 Ὣρισε
1354 817 1444 844 τοίνυν
1455 818 1472 853 ἡ
1489 817 1555 851 ἁγία
1570 818 1617 844 και
1632 818 1735 854 μεγάλη
1757 818 1821 845 σύν-

1027 862 1215 898 οδος,ξμηδένα
1228 861 1276 889 τοῦ
1291 861 1396 894 λοιποῦ,
1409 862 1446 898 μὴ
1461 862 1620 895 ἐπίσκοπον,
1631 863 1668 898 μὴ
1679 863 1821 899 κληρικὺν,

1029 907 1068 943 μὴ
1092 908 1253 944 μονάζοντα,
1271 908 1288 943 ἢ
1313 907 1475 943 μισθοῦσθαι
1498 909 1637 944 κτήματα,
1657 908 1675 945 ἢ
1692 910 1824 944 πραγμά-

1027 963 1083 981 των
1097 953 1366 988 ὲπεισάγεινζέαυτὸν
1381 955 1526 989 κοσμικαῖς
1536 955 1696 991 διοικήσεσι,
1714 955 1783 990 πλὴν
1797 957 1822 983 εἰ

1031 1000 1072 1035 μή
1087 1008 1138 1027 που
1151 1000 1183 1026 ἐκ
1197 999 1288 1035 νόμων
1303 1000 1411 1026 καλοῖτο
1425 1001 1465 1032 είς
1477 1001 1619 1036 ἀφηλίκων
1633 1002 1825 1037 ἀπαραίτητον

1029 1044 1190 1080 ἐπιτροπὴν,
1207 1045 1224 1080 ἢ
1242 1046 1257 1072 ό
1268 1045 1319 1080 τῆς
1336 1045 1442 1078 πόλεως
1454 1046 1615 1079 ἐπίσκοπος,
1629 1047 1823 1082 ἐκκλησιαστι-

1029 1090 1086 1117 κῶν
1102 1089 1244 1126 ἐπιτρέψοι
1267 1090 1424 1126 φροντίζειν
1444 1092 1628 1127 πραγμάτων,
1643 1092 1660 1127 ἦ
1679 1092 1818 1128 ὀρφανῶν,

1028 1136 1075 1162 καὶ
1088 1136 1183 1172 χηρῶν
1195 1137 1384 1172 ἀπρονοήτων,
1400 1137 1447 1164 καὶ
1462 1137 1517 1164 τῶν
1531 1137 1687 1174 προσώπων
1702 1139 1758 1165 τῶν
1769 1140 1824 1174 μά-

1027 1182 1109 1210 λιστα
1131 1183 1183 1218 τῆς
1212 1183 1444 1220 ὲκκλησιαστικῆς
1460 1184 1597 1220 δεομένων
1621 1185 1760 1221 βοηθείας,
1774 1185 1819 1213 διὰ

1027 1228 1073 1254 τὸν
1097 1227 1180 1262 φόδον
1207 1228 1255 1255 τοῦ
1281 1229 1378 1264 κυρίου
1394 1237 1403 1246 ⁸
1419 1229 1443 1255 εί
1466 1229 1495 1256 δέ
1519 1239 1563 1262 τις
1593 1230 1825 1266 παρασαίνειντέι

1028 1273 1169 1309 ὡρισμένα
1181 1274 1228 1301 τοῦ
1243 1274 1337 1302 λοιποῦ
1356 1275 1539 1311 ἐπιχειρήσω,
1550 1275 1697 1312 δτοιοῦτος
1713 1275 1819 1311 ἐκκλη-

1028 1321 1178 1351 σιαστικαῖς
1195 1320 1352 1348 ὑποκείσθω
1369 1321 1531 1357 ὶπιτιμίοις.

1152 1411 1289 1440 Συνόδου
1302 1411 1514 1446 Καρθιηέννης
1532 1412 1634 1440 κανὼν
1646 1416 1696 1445 ις’.

1066 1461 1117 1490 ις’.
1136 1458 1227 1486 Ὥστε
1253 1457 1372 1493 μηδένα
1395 1457 1567 1486 ἐπίσκοπον
1602 1459 1622 1494 ἣ
1659 1459 1823 1494 πρεσϐύτσ-

1025 1513 1094 1539 ρον,
1105 1513 1134 1532 κ.
1153 1512 1179 1532 τ.
1193 1504 1220 1531 λ.

1100 1549 1237 1577 Συνόδου
1249 1549 1375 1583 Νικαίας
1388 1549 1422 1577 τό
1442 1549 1594 1584 δεύτερον,
1608 1549 1711 1577 κανὼν
1723 1553 1749 1576 ι’.

1067 1597 1136 1624 ὀτι
1149 1598 1186 1624 οὐ
1198 1597 1244 1624 δεῖ
1255 1597 1419 1631 κληρικοὺς
1439 1596 1603 1624 ἀπολιπεῖν
1627 1595 1685 1631 τὴν
1707 1596 1824 1624 ἑαυτῶν

1029 1643 1204 1677 παροικίαν,
1216 1643 1265 1670 καί
1278 1643 1313 1670 ὲν
1332 1643 1419 1678 ἐτέρᾳ
1440 1643 1610 1678 ἀφικέσθαι,
1631 1643 1722 1678 χωρὶς
1743 1643 1824 1677 emb-

1028 1698 1106 1722 σεως
1120 1690 1173 1717 τοῦ
1190 1690 1370 1717 ἐπισκόπου.

1064 1735 1089 1763 ι’.
1112 1736 1221 1771 Ἐπειδή
1240 1744 1313 1768 τινες
1342 1736 1397 1763 τῶν
1413 1735 1553 1772 κληρικῶν
1564 1736 1822 1772 παραλογιζόμενοι,

1028 1791 1055 1809 κ.
1069 1791 1094 1809 τ.
1105 1783 1131 1809 λ.

1028 1827 1163 1854 Evr-d601,-
1177 1830 1203 1854 a'
1217 1827 1266 1854 καὶ
1285 1827 1319 1859 ,β’
1331 1826 1591 1862 συτκροτηθεισης
1606 1827 1642 1854 ἐν
1660 1828 1823 1855 Koma-mr-

1063 1875 1237 1902 τινουπόλει
1246 1874 1282 1901 ἐν
1291 1873 1406 1907 τῷ⁶ναῷ
1418 1873 1478 1901 τῶν
1491 1874 1597 1909 Ἁγίων
1615 1873 1822 1909 Ἆποστόλων,

1064 1923 1169 1946 κανὼν
1189 1923 1234 1946 ια’.

1063 1976 1180 2008 ια’.Τοὺς
1196 1976 1398 2011 πρεσϐυτέρους
1412 1976 1429 2012 ἢ
1454 1976 1606 2008 διακόνους,
1618 1976 1754 2012 κοσμικὰς
1769 1977 1822 2011 ἀρ-

1027 2020 1078 2055 χὰς
1097 2020 1115 2056 ῆ
1130 2021 1274 2057 φροντίδας
1287 2021 1514 2056 ἀναδεχομένους,
1533 2020 1549 2057 ἢ
1566 2022 1615 2053 τὰς
1626 2022 1655 2047 ἑν
1665 2022 1722 2053 τοῖς
1735 2022 1823 2052 οἴκοις

1026 2067 1081 2093 τῶν
1095 2067 1236 2102 ἀρχόντων
1260 2067 1410 2102 λεγομένας
1429 2067 1643 2103 κουρατωρείας,
1659 2069 1683 2094 οἱ
1691 2067 1758 2095 θεῖοι
1773 2067 1824 2095 καὶ

1027 2113 1096 2147 ἱεροὶ
1109 2113 1221 2145 κανόνες
1233 2112 1393 2148 καθαιρέσει
1404 2113 1642 2140 καθυποδάλλουσι
1651 2121 1659 2128 ·
1679 2114 1759 2141 τοῦτο
1773 2112 1821 2141 οὖν

1027 2158 1074 2184 καὶ
1085 2159 1165 2193 ἡμεῖς
1178 2158 1402 2194 ἐπικουροῦντες,
1413 2158 1460 2185 καὶ
1473 2158 1537 2195 περὶ
1549 2158 1604 2186 τῶν
1615 2158 1715 2186 λοιπιῖιν
1729 2159 1784 2185 τῶν
1793 2159 1822 2185 ἐν

1027 2204 1122 2239 κλήρῳ
1137 2204 1356 2240 κατειλεγμένων
1369 2204 1554 2240 διοριζόμεθα,
1568 2204 1606 2237 ὡς
1628 2205 1655 2232 εί
1668 2213 1710 2237 τις
1729 2205 1822 2232 αὐτῶν

186 2244 327 2272 szeeularia
340 2243 427 2270 otiicia
439 2247 580 2273 assumat,
598 2241 639 2269 vel
655 2249 703 2269 eas
714 2249 775 2277 quae
789 2241 815 2268 in
832 2241 975 2277 magistra-

1033 2249 1164 2283 κοσμικὰς
1184 2249 1273 2284 ἀρχὰς
1299 2250 1557 2286 μεταχειρίζοιτο,ἢ
1577 2250 1628 2282 τὰς
1650 2251 1680 2277 ὲν
1694 2251 1751 2282 τοϊς
1766 2250 1822 2277 τῶν

186 2294 261 2316 tuum
284 2289 390 2315 aedibus
405 2287 446 2314 vel
464 2287 491 2315 in
516 2286 683 2314 suburbanis
699 2287 839 2318 dicuntur,
854 2286 975 2314 curatio-

185 2342 235 2361 nes
258 2334 400 2369 suscipiat,
423 2334 447 2360 is
465 2340 498 2360 ex
521 2333 595 2360 clero
617 2332 777 2367 expellatur.
799 2332 886 2359 Nemo
902 2332 974 2359 enim

186 2384 284 2415 potest,
299 2384 328 2406 ut
345 2386 386 2407 est
400 2379 502 2407 Christi
518 2379 581 2414 [veri
606 2379 652 2406 Dei
677 2379 760 2407 nostri
778 2387 827 2406 vox
854 2380 890 2407 ab
915 2379 978 2414 ipso

186 2426 290 2460 prolata
304 2425 337 2458 ³⁸,
351 2432 439 2460 eaque
460 2425 540 2460 longe
563 2424 717 2457 verissima.
729 2425 839 2453 duobus
854 2425 976 2453 dominis

185 2472 298 2499 servire.

221 2516 331 2543 Τεισιιιε.
360 2516 458 2544 Const.
481 2516 526 2549 17,
546 2516 589 2543 tit.
603 2517 638 2552 β,
661 2516 709 2544 lib.
723 2524 743 2549 ι,
761 2516 823 2543 cod.
846 2520 920 2544 vetat
941 2524 976 2544 ne

185 2562 277 2590 clerici
292 2570 433 2590 accessum
447 2563 564 2590 habeant
577 2563 609 2590 ad
625 2563 750 2598 publicas
764 2563 807 2590 vel
820 2563 973 2595 adcuriam

185 2609 352 2643 pertinentes
372 2609 505 2636 acli0nes.
522 2609 554 2636 Et
574 2609 610 2636 40
621 2609 742 2644 ejusdem
759 2610 801 2638 tit.
823 2615 914 2638 const.
932 2610 974 2638 ἰιι-

185 2654 293 2682 tet-dicit
317 2654 510 2682 defensoribus
544 2655 741 2686 ecclesiarum.
766 2663 801 2683 ne
837 2661 974 2685 extremas

183 2700 268 2735 218
289 2702 447 2728 voluntates
469 2701 624 2734 insinuent,
643 2707 724 2737 atque
749 2703 775 2729 in
796 2707 973 2731 temeratores

184 2753 292 2780 pinnam
317 2746 518 2782 quinquaginta
543 2747 675 2775 librarum
703 2747 917 2784 [.auri].,statuit.
941 2749 973 2777 Et

181 2791 304 2825 ejusdem
323 2791 367 2819 tit.
389 2792 445 2820 ait:
463 2792 540 2826 Quod
559 2794 700 2828 episcopi,
725 2794 894 2830 presbyteri,
913 2794 973 2823 dias

217 2877 240 2893 "
255 2877 350 2906 Matth.
364 2887 402 2914 rt,
418 2879 464 2908 24.

1026 2295 1165 2330 ἀρχόντων
1179 2295 1265 2327 οἴκοις
1281 2295 1299 2332 ἢ
1325 2296 1499 2331 προαστείοις
1513 2296 1663 2331 λεγομένας
1681 2305 1823 2332 κουρατω-

1028 2341 1104 2375 ρείας
1120 2341 1287 2376 ἀναδέχοιτο,
1315 2341 1410 2369 τοῦτον
1427 2342 1474 2369 τοῦ
1487 2342 1590 2369 οἰκείου
1603 2343 1706 2378 κλήρου
1723 2343 1822 2369 ἐκδιώ-

1026 2386 1132 2414 κεσθαι’
1145 2386 1232 2419 οὐδεὶς
1242 2387 1295 2424 γὰρ
1309 2387 1435 2420 δύναται,
1444 2388 1516 2415 κατὰ
1527 2389 1577 2424 τὴν
1586 2389 1633 2415 τοῦ
1641 2389 1760 2425 Χριστοῦ
1773 2389 1822 2416 τοῦ

1026 2431 1155 2468 ἀληθινοῦ
1168 2432 1237 2459 Θεοῦ
1252 2433 1332 2468 ἡμῶν
1356 2433 1517 2461 αὑτόλεκτον
1541 2435 1588 2461 καὶ
1610 2434 1822 2471 ἀψευδεστάτην

1028 2478 1131 2514 φωνὴν,
1144 2478 1205 2505 δυσὶ
1218 2479 1324 2515 κυρίοις
1334 2479 1485 2508 δουλεύειν.

1070 2522 1102 2550 Ἦ
1119 2524 1152 2556 ιζ’
1167 2524 1290 2557 διάταξις
1312 2525 1360 2552 τοῦ
1371 2525 1479 2561 α’βιϐλ.
1495 2525 1543 2553 τοῦ
1559 2526 1625 2554 κώδ.
1641 2526 1742 2554 κωλύει
1757 2527 1823 2560 τοὺς

1027 2568 1176 2604 κληρικοὺς
1192 2569 1309 2605 πάροδον
1328 2570 1400 2606 ἔχειν
1419 2571 1460 2603 εις
1478 2571 1527 2604 τὰς
1547 2571 1680 2607 δημοσίας
1695 2572 1820 2607 πράξεις,

1027 2613 1044 2649 ἢ
1059 2614 1108 2646 τὰς
1130 2614 1304 2650 ἁρμοζούσας
1320 2617 1380 2648 ταῖς
1402 2617 1511 2652 βουλαῖς
1525 2625 1532 2632 ·
1546 2617 1595 2644 καὶ
1610 2619 1626 2652 ἡ
1647 2617 1674 2653 μ’
1691 2618 1739 2645 τοῦ
1769 2619 1822 2644 αὺ-

1024 2659 1072 2686 τοῦ
1086 2659 1140 2687 τίτ.
1154 2660 1401 2698 διάτ.ἀπαγορεύει
1412 2664 1468 2695 τοῖς
1476 2662 1718 2698 ὲκκλησιεκδίκοις,
1731 2665 1823 2700 ἐμφα-

1027 2706 1111 2738 νίζειν
1132 2707 1290 2741 τελευταίας
1314 2705 1467 2745 βουλήσεις,
1478 2710 1574 2746 ποινὴν
1589 2711 1621 2737 ὲκ
1644 2710 1822 2746 παρασασίας

1023 2750 1151 2787 ὁρίζουσα
1157 2752 1178 2779 ν’
1187 2753 1295 2788 λιτρῶν·
1306 2754 1354 2781 καὶ
1364 2755 1380 2789 ἡ
1392 2754 1484 2781 να’τοῦ
1492 2754 1575 2782 αὐτοῦ
1584 2755 1731 2790 τίτ.φησὶν,
1744 2756 1786 2782 ὅτι
1795 2756 1820 2782 οἱ

1023 2796 1169 2826 ἐπίσκοποι
1176 2799 1223 2827 καὶ
1238 2799 1476 2836 πρεσϐύτεροικαὶ,
1486 2801 1603 2829 διάκονοι
1611 2801 1658 2830 καὶ
1673 2802 1821 2829 ὑποδιάκο-
