1959 3061
138 161 193 192 685

541 162 742 192 SYNTAGMA
759 132 953 192 (EANONUM.
969 172 1002 179 -
1014 160 1086 191 Tl’l'.
1098 159 1181 197 VIII,
1193 161 1272 191 CAP.
1287 161 1364 192 XIV.

1719 164 1773 196 686

139 225 182 244 νοι
195 215 242 242 καὶ
251 214 374 251 μοναχοὶ,
381 214 434 242 κᾶν
440 200 568 251 μὴδχωσι
574 217 749 251 χειροτονίαν,
757 215 928 250 ἀλειτουργη-

983 213 1229 246 coni.subdiaconi
1240 219 1269 242 et
1281 214 1420 247 monachi,
1437 214 1502 243 licet
1514 223 1569 244 non
1586 211 1651 246 sunt
1665 218 1771 252 clerici.

136 262 201 289 σίαν
207 261 299 297 ἔχουσι
310 262 399 297 πάσης
405 262 556 297 ἐπιτροπῆς
563 263 611 289 καὶ
619 270 668 289 κου
671 262 932 298 ρατωρείας,οχολά-

140 307 232 340 (me;
248 307 340 343 μέντοι
353 309 413 339 ταῖς
423 308 580 343 ἐκκλησίαις
605 309 654 335 καὶ
669 310 725 340 τοῖς
739 309 932 343 μοναστηρίοις

141 353 242 385 αὐτῶν,
270 354 318 379 καὶ
335 354 373 389 μὴ
389 353 556 389 ἀμελοῦντες
578 354 630 388 τῆς
648 354 724 386 θείας
748 354 930 389 λειτουργίας.

182 399 214 425 Ἦ
227 399 256 426 δέ
269 398 375 434 pater.
404 399 452 426 τοῦ
481 398 505 426 α’
532 399 585 427 τίτ.
612 399 669 426 τῶν
698 400 814 437 Νεαρῶν
836 407 929 435 φησιν,

137 446 179 472 ἰτι
191 445 340 477 ἐπίσκοπος
365 445 383 480 ἢ
415 446 541 481 μοναχὺς,
567 446 598 473 οὐ
617 445 722 479 γίνεται
741 445 888 482 κηδεμών
905 446 930 472 οι

137 493 165 519 δὲ
171 492 247 519 ἄλλοι
253 492 381 528 κληρικοὶ
390 492 445 519 τῶν
458 492 531 519 ιδίων
545 492 685 527 συγγενῶν
691 492 929 528 κηδεμονεύουσιν,

137 539 186 565 ἐὰν
201 539 267 565 εῐσω
280 539 302 565 δ’
317 538 411 574 μηνῶν
421 539 498 574 παρὰ
511 539 551 573 τῷ
565 539 686 575 ἀρμοδίῳ
705 539 820 575 δικαστῇ
840 539 931 574 οἰκεία

137 584 298 619 προαιρέσει
315 584 517 618 καταδέξωνται
536 591 543 599 ’
555 585 603 612 καὶ
615 585 647 611 οὐ
667 584 930 620 προκριματίζονται

139 630 204 665 περὶ
218 630 302 664 ἀλλην
317 630 481 666 κηδεμονίαν
493 630 570 657 ὀὔτε
583 631 612 657 δι
627 630 765 666 δημοσίων
771 631 929 667 ἑκλήπτωρ,

137 674 154 711 ἢ
170 675 266 706 τελῶν,
284 675 301 710 ἢ
321 675 445 711 κτήσεων
460 675 619 710 ἀλλοτρίων,
637 676 655 711 ἢ
667 676 822 712 κουράτωρ,
840 676 928 708 οῐκου,

137 720 154 755 ἢ
171 720 296 753 ἐντολεὺς
314 721 402 756 δίκης,
416 721 444 757 ῆι
460 721 598 757 ἐγγυητής
613 730 621 738 ο
636 722 707 757 ὑπὲρ
727 721 782 748 τῶν
799 721 929 749 τοιούτων

137 766 234 794 αἰτιῶν
263 767 424 799 δπίσκοπος,
442 766 459 802 ἢ
485 768 637 803 οἰκονόμος,
653 767 670 802 ἢ
687 767 767 800 ἄλλος
797 767 928 803 κληρικδς

137 813 242 847 γίνεται
261 812 375 847 ὀνόματι
389 813 461 848 ἰδίῳ,
484 812 566 848 ἢτῆς
586 813 761 849 Ἐκκλησίας,
779 812 795 848 ἢ
816 813 864 840 τοῦ
881 821 929 849 μο-

136 858 283 893 ναστηρίου
299 858 381 885 αὐτοῦ
394 866 401 873 ·
417 858 467 890 τὰς
482 859 512 885 δὲ
524 859 732 894 παρακειμένας
743 860 856 894 κτήσεις
871 859 928 891 τοῖς

983 260 1098 288 omnino
1112 260 1313 288 immunitatem
1334 261 1426 288 tutelae
1444 265 1527 297 atque
1543 270 1617 291 curse
1634 264 1773 294 habeant:

983 306 1006 334 si
1026 310 1116 333 tamen
1132 306 1256 334 ecclesiis
1270 311 1298 334 et
1317 308 1490 335 monasteriis
1510 308 1568 336 suis
1590 317 1702 344 operam
1727 319 1777 339 na-

982 356 1054 383 vent,
1073 359 1162 387 neque
1176 352 1299 380 divinum
1312 353 1493 381 ministerium
1506 355 1655 390 negligant.

1020 397 1130 429 Tactus.
1152 397 1248 426 Const.
1268 397 1301 430 2,
1330 399 1375 427 tit.
1398 398 1592 428 tNovellarum
1625 402 1679 434 ait,
1701 403 1773 438 quod

981 443 1126 479 episcopus
1145 448 1193 471 aut
1226 444 1377 473 monachus
1393 449 1468 472 tutor
1486 453 1541 474 non
1575 446 1622 474 ﬁat
1636 456 1644 475 :
1658 448 1703 475 alii
1723 456 1773 476 au-

981 493 1036 516 tem
1074 489 1166 517 clerici
1196 495 1378 525 cegnatorum
1416 497 1530 519 suorum
1566 497 1672 521 tutores
1700 494 1775 527 sint,

981 534 1005 563 si
1026 534 1098 562 intra
1114 539 1234 570 quatuor
1251 543 1364 574 menses
1383 537 1456 572 apud
1474 542 1673 573 competean
1700 539 1774 575 judi-

981 587 1040 608 cem
1056 579 1193 618 [tutela]
1214 581 1323 618 propria
1343 582 1483 611 voluntate
1504 585 1700 620 susceperint:
1717 593 1774 621 quo

981 624 1072 659 facto,
1104 626 1211 654 nullum
1240 627 1429 663 praeiudicium
1454 628 1527 657 circa
1547 630 1630 657 aliam
1658 631 1771 659 tutelam

983 671 1152 699 sustineant.
1170 671 1261 708 [Quod
1274 672 1351 710 item]
1365 681 1453 709 neque
1468 675 1640 710 publicarum
1655 675 1774 711 [contri-

979 715 1136 753 butionum]
1154 724 1342 753 susceptores,
1359 727 1449 755 neque
1473 721 1647 756 vectigalium
1668 723 1773 750 aliena-

978 769 1076 790 rumve
1091 763 1304 797 'possessionum
1325 763 1530 801 [conductores]
1550 773 1639 801 neque
1661 766 1772 795 familiae

980 812 1133 842 curatores,
1154 815 1244 843 neque
1266 814 1460 844 procuratores
1485 811 1552 844 litis,
1571 819 1661 846 neque
1687 820 1772 848 super

979 850 1136 879 istiusmodi
1160 853 1254 882 causis
1283 853 1461 889 lidejussores
1485 863 1552 888 suo,
1574 861 1622 884 aut
1647 857 1772 885 ecclesia:

135 904 228 932 αὐτῶν
241 904 369 939 εὐαγὲσιν
383 905 479 937 οἴκοις,
490 904 621 932 δύνανται
648 905 808 940 μισθοῦσθαι
821 905 869 932 καὶ
878 905 928 940 ὲμ⁴

983 898 1174 926 monasteriive
1186 899 1229 926 sui
1246 900 1370 931 nomine,
1381 900 1424 928 vel
1433 901 1558 936 episcopi
1566 902 1608 929 vel
1620 903 1771 936 (economi,

136 950 312 986 φυτεύεσθαι,
330 950 441 978 πάντων
453 951 508 978 τῶν
522 950 648 986 μοναχῶν
669 950 717 978 καὶ
743 950 883 986 κληρικῶν
899 951 928 977 ὲν

137 995 304 1030 συμϐολαίῳ,
320 995 337 1030 ἢ
353 995 401 1021 hri.
418 995 555 1029 πράξεως.
569 995 767 1022 συναινούντων
780 995 830 1022 καὶ
841 1003 926 1029 φανε-

137 1041 257 1072 ρούντων
281 1041 434 1076 συμφέρειν
453 1041 485 1067 τὸ
499 1041 642 1076 γινόμενον
659 1048 667 1057 ο
689 1041 736 1068 καὶ
762 1041 840 1068 αὐτοὶ
855 1041 883 1067 δὲ
902 1041 927 1068 ot

137 1085 232 1112 σεπτοὶ
247 1082 317 1112 οἴκοι
334 1086 390 1117 τοὶς
408 1085 550 1121 κληρικοίς
563 1085 656 1112 αὐτῶν
671 1084 800 1121 μισθοῦσι
812 1085 861 1112 καὶ
877 1085 928 1120 ἑμ-

135 1131 293 1166 φυτιύουσι,
309 1133 393 1167 χωρὶς
402 1132 457 1158 τῶν
470 1132 504 1159 δι’
528 1131 623 1166 ἐτέρου
646 1132 730 1167 νόμου
748 1131 928 1158 κωλυθέντων

136 1177 292 1213 προσώπων
302 1186 310 1194 ο
324 1179 339 1205 δ
353 1178 381 1205 δὲ
401 1178 478 1214 παρὰ
490 1177 577 1206 ταῦτα
591 1178 686 1208 ποῶιν.
699 1179 724 1205 εί
741 1178 791 1213 μὲν
813 1177 926 1205 ἐπίσκο-

136 1224 187 1254 πός
205 1225 274 1257 ιστι,
297 1223 333 1251 τὰ
348 1223 499 1259 πράγματα
524 1224 606 1250 αὑτοῦ
630 1224 720 1251 πάντα
734 1225 767 1260 τῇ
792 1223 927 1258 ἐκκλησία

135 1269 219 1297 αὐτοῦ
237 1269 456 1306 προσκυροῦνται
472 1277 480 1285 ·
497 1270 522 1296 si
535 1269 565 1296 δὲ
576 1269 717 1305 οἰκονόμος
732 1269 749 1305 ἢ
763 1269 843 1301 ἄλλος
858 1269 926 1304 κλη-

136 1316 224 1352 ρικδς,
240 1315 336 1351 ποινὴν
359 1315 451 1342 δίδωσι
476 1315 654 1351 χρηματικήν
679 1315 728 1350 τὴν
744 1314 927 1350 νομιζομένην

135 1361 176 1397 τῷ
189 1361 334 1396 ὲπισκὸπῳ
361 1359 456 1394 αὑτοῦ,
482 1361 508 1387 οἱ
529 1361 557 1387 δὲ
583 1359 819 1396 ὲμπιστεύσαντις
833 1359 926 1391 αὐτοῖς

135 1405 186 1438 τὰς
208 1405 366 1441 διοικήσεις,
385 1404 403 1440 ἢ
427 1404 556 1436 λαϐόντες
581 1404 678 1435 αὐτοὺς
706 1403 852 1438 ἐγγυητὰς.
875 1402 927 1429 οὐκ

135 1451 244 1486 ιχουσιν
258 1451 369 1486 ἀγωγὴν
381 1450 441 1478 κατ’
452 1451 553 1483 αὐτῶν,
568 1450 584 1485 ἢ
600 1449 781 1485 πραγμάτων,
794 1448 810 1484 ἢ
823 1449 924 1483 ἐγγυη-

135 1495 201 1528 τῶν,
221 1496 239 1531 ἢ
253 1495 418 1530 ικκλησιῶν,
430 1495 447 1530 ἢ
461 1495 651 1530 μοναστηρίων
668 1493 759 1521 αὐτῶν
776 1501 785 1509 ·
800 1493 868 1521 ἀλλὰ
879 1494 926 1520 καὶ

135 1542 186 1576 τὴν
215 1541 418 1576 συμϐαίνουσαν
440 1541 496 1568 τῶν
529 1540 667 1576 δημοσίων
693 1539 796 1576 βλάβην
820 1539 928 1567 οἴκοθεν

135 1586 400 1621 ἀποθεραπεύουσιν.

979 944 1021 972 vel
1040 944 1086 972 alii
1106 945 1200 973 clerici
1214 945 1290 974 liant.
1302 946 1414 975 Possint
1428 951 1519 975 autem
1535 947 1693 983 adjacentes
1705 950 1773 985 ipsis

979 990 1183 1019 venerabilibus
1193 991 1321 1020 domibus
1339 993 1542 1028 possessionem
1560 994 1587 1021 in
1606 994 1772 1023 conductio-

979 1044 1041 1064 nem
1062 1042 1089 1065 et
1118 1038 1310 1074 emphyteusin
1332 1039 1531 1076 accipere:[ut
1549 1040 1654 1077 tamen]
1674 1048 1772 1070 omnes

978 1082 1071 1110 clerici
1086 1087 1112 1111 et
1126 1084 1253 1111 monachi
1272 1084 1299 1111 in
1314 1084 1498 1113 instrumento
1508 1091 1556 1113 aut
1570 1085 1640 1114 actis
1656 1093 1772 1114 consen-

978 1129 1060 1161 tiant,
1082 1134 1110 1156 et
1139 1129 1280 1158 declarent
1304 1138 1365 1158 eam
1389 1135 1447 1158 tum
1473 1130 1531 1159 fore
1559 1132 1772 1160 conducibilem.

979 1173 1057 1209 Ipsas
1081 1179 1173 1203 autem
1198 1175 1371 1204 venerabiles
1397 1177 1497 1205 domus
1516 1176 1623 1205 clericis
1646 1178 1704 1205 suis
1716 1178 1772 1206 elo-

978 1227 1060 1252 care,
1087 1224 1116 1247 et
1139 1221 1166 1248 in
1191 1222 1382 1257 empliyteusin
1399 1223 1475 1256 dare,
1497 1223 1618 1258 exceptis
1645 1224 1772 1258 personis

977 1273 1026 1301 per
1045 1267 1126 1295 aliam
1149 1268 1235 1304 legem
1256 1269 1418 1304 prohibitis,
1443 1277 1476 1298 ac
1499 1271 1610 1298 easdem
1630 1278 1646 1298 a
1662 1271 1772 1298 clericis

977 1313 1115 1347 accipere.
1133 1313 1224 1349 [Quod
1243 1314 1339 1350 etiam]
1363 1315 1410 1350 qui
1434 1320 1530 1343 contra
1553 1315 1611 1343 haec
1624 1315 1731 1348 fecerit,
1747 1315 1769 1342 si

976 1358 1087 1392 quidem
1104 1359 1252 1394 episcopus
1269 1360 1316 1391 sit,
1330 1367 1428 1388 omnes
1445 1360 1532 1395 ipsius
1546 1361 1700 1395 lfacultates
1729 1361 1770 1394 ip-

977 1403 1037 1431 sius
1063 1404 1186 1432 ecclesise
1212 1405 1374 1433 addicuntur
1390 1414 1397 1432 :
1413 1406 1435 1433 si
1448 1413 1513 1433 vero
1535 1412 1706 1438 mcunomus,
1722 1412 1771 1433 aut

976 1449 1047 1477 alius
1066 1449 1200 1482 clericus,
1217 1458 1326 1485 poenam
1346 1451 1535 1486 pecuniariam
1560 1452 1673 1484 subeat,
1686 1459 1769 1486 quam

976 1495 1121 1531 episcopus
1141 1496 1227 1531 ipsius
1247 1497 1412 1532 probaverit.
1430 1497 1518 1534 [Quod
1540 1497 1691 1534 postremo]
1719 1498 1768 1533 qui

977 1542 1045 1576 ipsis
1058 1543 1311 1573 administrationes
1322 1546 1507 1579 crediderint,
1525 1550 1572 1573 aut
1590 1547 1769 1582 [idejussores

939 1580 1053 1622 cipsos
1075 1589 1244 1623 acceperint,
1270 1589 1402 1618 adversus
1433 1591 1518 1626 ipsos,
1554 1596 1602 1619 aut
1636 1580 1691 1623 res,
1722 1595 1770 1618 aut

137 1632 323 1666 Iidcjussores,
335 1632 530 1665 autecciesias,
541 1635 589 1659 aut
602 1632 768 1660 monasteria
787 1631 924 1660 actionem
945 1640 999 1660 nou
1016 1633 1156 1662 habeant:
1174 1635 1222 1663 sed
1238 1636 1320 1664 etiam
1344 1637 1366 1664 si
1389 1637 1460 1672 quod
1476 1638 1606 1666 damnum
1627 1638 1768 1673 publicum

135 1679 289 1711 obvenerit,
305 1678 355 1715 [id]
369 1679 404 1707 de
413 1687 465 1706 suo
475 1678 636 1706 resarciant.

174 1726 299 1752 ΚΕΦΔᾹ.
317 1724 367 1752 η’.
381 1740 418 1746 -
431 1726 500 1759 Περὶ
517 1724 693 1752 ἐπισκόπων
709 1723 760 1752 καὶ
778 1724 930 1759 κληρικῶν

135 1773 296 1800 συνόντων
309 1771 448 1806 γυναιξὶν
459 1771 666 1804 ἐπεισάκτοις.,

308 1818 446 1846 Συνόδου
459 1819 585 1851 Νικαίας
597 1816 700 1846 κανὼν
716 1821 752 1852 γ’.

171 1867 209 1898 γ’.
229 1863 417 1898 Ἀπηγόρευσε
430 1863 546 1890 καθόλου
562 1864 579 1899 ἡ
596 1863 703 1898 μεγάλη
721 1863 840 1897 σύνοδος,
857 1864 926 1898 μήτε

136 1912 290 1947 ὲπισκόπῳ,
308 1912 378 1947 μήτε
401 1911 590 1947 πρεσϐυτέρῳ,
609 1912 679 1947 μήτε
702 1911 832 1946 διακόνῳ.
857 1911 925 1947 μήτε

136 1957 205 1990 ὅλως
221 1958 276 1984 τινὶ
302 1957 357 1985 τῶν
379 1957 409 1984 ἐν
433 1958 473 1994 τῷ
489 1958 601 1994 κλήρῳ,
626 1957 727 1991 ἐξεῖναι
754 1958 930 1985 συνείσακτον

135 2004 210 2039 ἔχειν
221 2011 229 2020 ·
244 2003 315 2039 πλὴν
338 2003 365 2030 ει
383 2003 421 2039 μὴ
438 2003 493 2039 ἄρα
514 2004 622 2040 μητέρα
641 2004 659 2040 ἢ
676 2004 825 2039 ἀδελφὴνῆ
841 2003 928 2036 Θείαν,

137 2050 155 2086 ἢ
166 2050 185 2077 ἃ
202 2050 272 2086 μόνα.
285 2050 421 2086 πρόσωπα
431 2051 522 2078 πᾶσαν
535 2051 654 2085 ὑποψίαν
665 2050 857 2085 διαπέφευγεν.

221 2138 356 2166 Συνόδου
371 2138 581 2173 οικουμενικῆς
594 2138 686 2172 ἕκτης
699 2138 800 2167 κανὼν
810 2141 841 2166 ε’.

140 2210 143 2213 ,
172 2183 204 2212 ε’.
214 2184 317 2220 Μηδεὶς
323 2183 378 2211 τῶν
390 2184 420 2211 ἐν
429 2184 451 2211 is
456 2185 559 2220 ρατικῷ
569 2184 787 2219 καταλεγόμενος
795 2184 925 2219 τάγματι,

136 2230 191 2257 τῶν
206 2230 236 2256 ὲν
261 2229 302 2264 τῷ
314 2229 419 2263 [κανόνι
441 2229 638 2265 ἐμφερομένων
657 2229 820 2256 ἀνυπόπτων
840 2238 928 2264 προσ-

136 2275 220 2303 ὡπων
229 2275 308 2307 ἐκτὸς
318 2275 430 2310 διάγων,
439 2275 540 2310 γύναια
547 2275 692 2310 κεκτήσθω
700 2275 716 2310 ἢ
725 2275 928 2311 θεραπαινίδας,

136 2322 167 2349 τὸ
182 2321 370 2357 ἀνεπίληπτον
384 2321 473 2357 ἑαυτῷ
486 2321 611 2348 ἐντεῦθεν
626 2322 734 2358 τηρῶν·
751 2323 776 2348 εί
789 2323 820 2349 δὲ
838 2331 929 2358 παρα-

137 2367 225 2394 ῦαινοι
237 2376 279 2400 τις
301 2367 335 2395 τὰ
351 2367 416 2403 παρ’
438 2367 518 2403 ἡμῶν
540 2368 695 2403 ὁρισθέντα,
724 2368 928 2403 καθαιρείσθω·

136 2413 167 2440 τὸ
178 2413 245 2440 αὐτὸ
259 2413 289 2440 δὲ
307 2412 388 2440 τοῦτο
403 2413 450 2440 καὶ
469 2414 494 2440 οἱ
519 2414 641 2451 εὐνοῦχοι
658 2414 930 2450 παραφυλαττισθω-

137 2467 198 2492 σαν,
218 2459 249 2485 τὸ
262 2459 408 2494 ἄμεμπτον
431 2460 537 2491 ἑαυτοῖς
553 2459 749 2495 προνοούμενοι
760 2467 769 2475 ’
788 2459 928 2495 παρασαί-

137 2513 229 2537 νοντες
243 2505 282 2536 δὲ,
299 2506 323 2531 εί
337 2505 386 2540 μὲν
397 2505 525 2540 κληρικοὶ
540 2504 607 2537 εϊεν,
629 2505 869 2541 καθαιρείσθωσαν
881 2514 888 2522 ⁸
903 2506 929 2532 ει

137 2551 165 2578 δὲ
177 2551 278 2583 λαῖκοὶ,
296 2551 531 2586 ἁφοριζέσθωσαν.

200 2639 336 2667 Συνόδου
348 2640 472 2673 Νικαίας
483 2648 516 2667 το
532 2639 683 2674 δεύτερον,
700 2640 801 2667 κανὼν
815 2640 860 2674 ιη’.

174 2685 238 2712 ὀτι
263 2686 300 2712 οὺ
315 2685 363 2712 δεῖ
376 2686 503 2720 γυναῖκα
528 2686 733 2713 ἐνδιαιτᾶσθαι
756 2686 792 2712 ἐν
805 2686 930 2713 satanas

140 2731 245 2764 λείοις,
262 2730 281 2765 ἦ
299 2731 335 2758 ἐν
348 2730 495 2765 ἀνδρείοις
507 2732 735 2766 μοναστηρίοις.

175 2780 220 2811 ιη’.
229 2776 409 2812 Ἀπρᾶσκοποι
419 2777 536 2811 γίνεσθε,
549 2777 654 2812 φησινό
665 2777 736 2808 θεῖος
754 2777 927 2809 ’Δπόστολος,

175 2865 197 2879 ’³
215 2864 329 2892 Siricius
341 2871 405 2898 ut;
421 2869 447 2892 ct
461 2864 601 2900 Catthag.,
618 2873 660 2893 ιιι.
677 2866 718 2892 l7.
759 2866 780 2881 "
797 2865 899 2894 Niczcn.
917 2867 942 2894 5.

1015 1725 1098 1760 219
1111 1725 1188 1753 CAP.
1213 1725 1284 1754 XIV.
1302 1741 1331 1746 —
1355 1727 1394 1754 De
1410 1729 1538 1762 episcopis
1563 1733 1588 1755 et
1607 1729 1709 1758 clericis
1723 1733 1770 1767 qui

978 1779 1038 1798 tum
1051 1771 1217 1799 subindurlis
1230 1772 1386 1800 mulieribus
1403 1773 1538 1801 habitant.

1177 1816 1292 1845 Consilii
1314 1818 1421 1846 Νἱεωιιί
1438 1827 1523 1846 canon
1538 1820 1565 1848 ὅ.

1011 1864 1038 1891 5.
1059 1863 1150 1891 Vetuit
1173 1864 1285 1892 omnino
1308 1872 1404 1900 magna
1429 1866 1613 1901 synodus,ne
1627 1866 1772 1903 iiceatepio

977 1917 1071 1944 scopo,
1084 1917 1133 1937 nec
1147 1910 1321 1945 presbytero.
1337 1917 1388 1938 nec
1398 1911 1523 1944 diacono,
1540 1919 1590 1940 nec
1602 1913 1648 1940 ulli
1659 1914 1770 1948 penitus

977 1963 1072 1983 eorum
1083 1956 1130 1990 qui
1145 1956 1243 1983 suntin
1257 1956 1530 1988 clero,introductam
1549 1958 1649 1986 habere
1672 1959 1770 1986 mulie-

977 2008 1036 2028 rem
1048 2001 1082 2034 ",
1090 2005 1270 2037 praeterquam
1282 2002 1376 2037 utique
1387 2007 1504 2030 matrem
1517 2004 1559 2031 vel
1575 2011 1711 2038 sororem,
1727 2006 1768 2032 vel

978 2047 1100 2080 amitam,
1111 2048 1152 2074 vel
1159 2054 1207 2075 eas
1216 2055 1359 2083 personas,
1375 2056 1437 2083 qua:
1456 2056 1567 2077 omnem
1583 2050 1768 2085 suspicionem

979 2092 1125 2129 cﬂ'ugiunt.

1137 2136 1250 2166 Caucilii
1270 2139 1424 2166 tecumenici
1438 2147 1464 2167 vt
1478 2147 1564 2167 canon
1580 2140 1607 2167 5.

1015 2183 1042 2210 5.
1055 2182 1153 2211 Nullus
1172 2191 1277 2216 eorum.
1293 2185 1340 2219 qui
1355 2187 1381 2211 In
1405 2186 1566 2213 sacerdotali
1584 2185 1708 2220 catalogo
1721 2185 1769 2214 de-

980 2229 1093 2263 gunt",
1118 2233 1196 2256 extra
1218 2237 1277 2262 eas,
1293 2236 1353 2264 quae
1377 2230 1404 2257 in
1417 2237 1523 2258 canone
1547 2236 1736 2264 recensentur,
1752 2240 1767 2259 a

979 2274 1136 2309 suspicione
1160 2275 1264 2302 alienas
1289 2283 1431 2310 personas,
1458 2277 1600 2304 mulierem
1628 2278 1769 2312 possident

980 2320 1022 2347 vel
1035 2320 1174 2353 ancillam,
1189 2328 1219 2348 se
1232 2321 1299 2348 nulli
1323 2321 1528 2356 reprehensioni
1543 2323 1650 2351 aiiinem
1667 2331 1702 2351 ex
1717 2323 1769 2351 hoc

979 2373 1103 2393 servans.
1123 2365 1153 2392 Si
1175 2366 1238 2401 quis
1259 2371 1350 2394 autem
1367 2375 1428 2403 quae
1447 2375 1463 2395 a
1487 2368 1566 2396 nobis
1581 2369 1691 2396 deﬁnita
1705 2375 1769 2396 sunt

980 2411 1150 2444 transilierit,
1165 2411 1328 2447 deponatur.
1347 2413 1405 2440 Hoc
1415 2412 1505 2448 ipsum
1519 2420 1610 2442 autem
1623 2415 1705 2442 etiam
1720 2423 1769 2442 eu-

979 2457 1061 2484 nuchi
1077 2461 1210 2485 servant:
1233 2463 1262 2486 ut
1276 2466 1291 2486 a
1308 2459 1511 2494 vituperatione
1525 2460 1608 2488 alieni
1623 2461 1688 2492 sint.
1705 2468 1769 2495 pro-

979 2501 1112 2530 videntes.
1135 2501 1188 2536 Qui
1208 2507 1300 2530 autem
1319 2504 1566 2540 transgrediuntur,
1585 2506 1607 2534 si
1632 2506 1687 2534 sint
1709 2507 1769 2541 qui-

978 2547 1039 2575 dem
1075 2548 1181 2582 clerici,
1209 2550 1407 2584 deponantur:
1434 2551 1457 2578 si
1480 2559 1545 2579 vero
1571 2552 1644 2585 laici.
1676 2560 1768 2587 segre-

978 2596 1058 2627 gentu
1063 2600 1085 2621 r.

1157 2639 1268 2669 Caecilii
1287 2641 1402 2671 Nt'ca'm'i
1421 2651 1443 2671 ιι
1454 2652 1539 2670 canon
1555 2643 1597 2672 18.

1015 2684 1093 2717 Quod
1107 2686 1229 2714 mulieres
1243 2696 1295 2715 non
1313 2689 1423 2717 debeant
1439 2691 1468 2716 in
1487 2690 1625 2724 episrouiis
1648 2689 1687 2716 rel
1700 2690 1769 2716 vira—

979 2739 1038 2758 rum
1053 2737 1221 2761 monasteriis
1234 2742 1343 2763 ινεηονι.
1494 2726 1505 2730 γ

1016 2778 1060 2805 18.
1079 2778 1144 2807 Sine
1158 2780 1306 2808 oli‘ensione
1323 2788 1382 2809 esse
1397 2781 1480 2809 etiam
1502 2781 1536 2808 iis
1550 2781 1596 2816 qui
1611 2785 1686 2808 extra
1703 2785 1768 2809 sunt
