1954 3080
186 181 238 214 687

787 169 918 209 PHOTIl
935 150 1193 208 ramuscula:
1205 177 1261 208 cr.

1768 176 1823 208 688

188 235 277 271 inquit
293 233 405 262 divinus
418 230 566 268 Apostolus
581 231 615 261 ⁸⁸.
635 231 763 259 Mulieres
776 236 867 259 autem
881 231 909 258 in
921 230 979 266 epi-

1040 230 1078 256 ιαὶ
1088 231 1144 262 τοῖς
1155 230 1255 262 ἔξωθεν
1264 237 1272 245 ο
1286 229 1316 256 τὸ
1329 229 1358 256 δὲ
1372 230 1505 265 γυναῖκας
1522 229 1708 257 ἐνδιαιτᾶσθαι
1721 230 1751 257 ἐν
1766 232 1827 258 ἐπι-

187 282 290 316 scopiis
302 280 344 308 vel
359 277 535 306 monasteriis
551 278 664 311 versari,
679 281 722 305 est
741 276 833 305 omnis
849 276 980 304 offensio-

188 328 232 355 nis
251 333 344 354 causa.
370 325 400 352 Si
426 324 490 360 quis
511 332 576 358 ergo
599 322 724 351 ancillam
742 322 785 349 vel
809 322 924 350 liberam
951 322 979 349 in

188 373 328 409 episcopio
344 372 487 408 possidere
499 371 684 406 deprehensus
703 369 798 402 fuerit,
812 368 855 396 vel
876 368 902 395 in
921 374 982 395 mo.

190 419 311 447 nastcrio
324 419 358 446 ad
374 417 556 446 ministerium
569 415 680 451 aliquod
695 414 865 447 obeundum,
882 413 981 449 punia-

189 469 233 493 tur
249 474 256 492 :
270 465 312 493 sin
324 470 413 492 autem
425 465 591 499 perseveret,
601 462 763 497 deponatur.
779 461 808 488 Si
822 467 888 488 vero
899 460 982 487 etiam

191 513 219 540 in
234 511 400 540 suburbanis
416 510 545 537 mulieres
565 517 627 537 esse
642 508 796 543 contigerit,
817 511 845 535 et
864 506 983 534 voluerit

190 557 335 592 episcopus
349 556 391 584 vel
406 554 567 583 monasterii
581 554 724 590 praefectus
737 553 802 581 illuc
817 553 868 580 iter
882 552 982 585 facere,

191 607 326 639 praesente
336 602 464 637 episeopo
472 601 514 630 vel
529 600 687 629 monasterii
697 599 826 635 pratfecto
833 597 915 633 220
924 605 984 625 mu-

191 649 243 676 lier
254 656 286 676 eo
303 654 424 683 tempore
438 648 513 676 nullo
529 646 611 674 modo
623 645 807 674 ministerium
825 645 916 676 obeat,
935 642 983 671 sed

192 696 246 723 alio
262 695 289 723 in
303 695 365 723 loco
382 701 507 723 seorsum
522 698 657 725 versetur,
673 693 760 720 donec
770 690 915 719 recesserit
927 689 986 725 epi-

193 734 303 776 scopus,
318 743 366 768 aut
390 740 571 775 hegumenus,
596 743 627 766 ut
647 737 739 766 omnis
762 735 985 772 reprehensionis

193 788 303 815 occasio
319 786 428 814 vitetur.

194 841 292 869 Basilii
305 849 339 868 ιιι
353 839 468 876 epistola
491 839 526 867 ad
548 839 705 875 Gregorium
718 837 773 875 [εά.
788 837 980 874 Paregorium]

391 881 420 903 ut
435 885 451 903 a
466 875 625 902 muliercula
641 879 789 910 separetur.

229 922 294 958 Legi
311 928 372 950 tuas
391 923 498 950 litteras
517 929 578 949 cum
603 921 679 948 omni
703 920 849 956 patientia,
867 927 984 954 sumque

195 967 347 996 admiratus
363 976 424 1001 cur,
440 975 503 995 cum
517 967 607 1002 possis
621 966 692 1002 apud
708 974 759 994 nos
774 966 894 994 breviter
909 971 936 994 et
949 966 986 993 fa-

194 1012 247 1040 cile
261 1012 339 1040 factis
357 1013 414 1040 tuis
430 1019 542 1040 causam
562 1019 654 1047 agere,
669 1011 697 1039 in
715 1011 798 1039 rebus
812 1011 985 1046 reprehensis

195 1060 343 1094 persistere
357 1059 434 1091 velis,
451 1066 483 1086 ac
498 1058 586 1093 longis
598 1058 772 1086 sermonibus
787 1065 885 1085 curare
896 1062 985 1085 tentes

195 1104 368 1132 insanabilia.
384 1104 438 1132 Nec
454 1104 548 1139 primi,
562 1111 612 1132 nec
628 1104 691 1135 soli,
707 1103 848 1138 Paregori,
865 1103 985 1131 sancivi-

196 1158 269 1183 mus,
298 1154 328 1177 ut
354 1157 388 1177 ne
408 1156 463 1177 una
493 1156 556 1177 cum
577 1149 644 1176 viris
665 1149 818 1176 habitarent
845 1149 984 1176 mulieres.

197 1194 249 1222 Sed
271 1194 329 1230 lege
348 1201 482 1222 canonem
506 1201 520 1221 a
539 1194 644 1221 sanctis
660 1193 763 1221 nostris
784 1192 912 1221 Patrlbus
927 1192 985 1220 edi-

196 1246 254 1268 tum
269 1240 297 1267 in
318 1240 422 1275 synodo
443 1239 563 1272 Nicaana,
579 1240 626 1274 qui
641 1239 786 1268 manifeste
806 1239 925 1267 sancivit
938 1247 987 1267 ex-

197 1292 307 1314 traneas
329 1285 459 1314 mulieres
477 1293 530 1313 non
549 1292 621 1313 esse.
639 1284 699 1312 Vita
722 1289 813 1313 autem
835 1285 934 1313 caelebs
957 1285 985 1312 in

197 1340 230 1360 eo
244 1333 416 1360 honestatem
441 1332 533 1364 habet,
549 1337 579 1360 ut
593 1339 608 1359 a
623 1331 750 1359 convictu
767 1331 891 1360 mulieris
906 1339 986 1367 sepa-

197 1384 283 1407 retur.
306 1379 397 1413 Quare
421 1379 444 1406 si
467 1378 530 1413 quis
553 1378 636 1406 verbo
650 1378 801 1413 professus,
821 1378 908 1412 reipsa
925 1385 987 1412 quae

197 1425 405 1459 coniugatorum
422 1428 485 1451 sunt
502 1423 576 1456 facit,
600 1423 688 1458 palam
702 1427 744 1450 est
765 1430 827 1450 eum
843 1422 986 1458 virginita-

197 1471 234 1498 tis
260 1470 370 1505 quidem
396 1470 568 1497 honestatcm
592 1469 620 1496 in
637 1468 747 1497 nomine
767 1469 905 1504 persequi,
938 1469 986 1496 sed

201 1523 371 1551 nequaquam
386 1515 420 1542 ab
437 1515 565 1542 indecora
580 1515 719 1549 voluptate
734 1514 882 1542 abstinere.
898 1513 987 1541 Tanto

198 1570 264 1597 ergo
284 1562 372 1596 magis
387 1561 530 1596 oportebat
549 1565 575 1588 te
590 1560 766 1596 postulationi
787 1565 886 1588 nostrae
907 1560 987 1588 facile
1001 1570 1024 1600 ε

197 1607 305 1641 cedere,
320 1613 423 1643 quanto
439 1611 465 1634 te
481 1607 522 1634 ais
539 1614 599 1634 esse
611 1607 766 1634 liberiorem
781 1606 815 1633 ab
831 1605 905 1633 omni
925 1613 988 1633 cor-

197 1662 280 1690 porea
296 1654 417 1681 libidine.
432 1652 526 1688 Neque
549 1653 623 1680 enim
645 1653 735 1680 virum
756 1651 926 1687 septuaginta
940 1659 987 1679 an-

199 1707 251 1727 nos
258 1703 351 1726 natttm
364 1698 491 1727 existimo
500 1698 645 1725 libidinose
655 1697 781 1725 habitare
789 1705 851 1725 cum
864 1697 985 1725 muliere:

200 1753 251 1773 nec
267 1745 340 1779 quod
361 1749 440 1779 turpe
458 1744 568 1779 aliquod
584 1743 690 1771 facinus
705 1743 803 1771 fuisset
823 1743 986 1776 admissum,

201 1791 305 1818 idcirco
325 1790 457 1817 constitui
476 1796 537 1823 quae
557 1789 685 1816 constitui
700 1797 708 1821 ;
722 1789 769 1816 sed
787 1788 858 1824 quod
869 1789 903 1816 ab
920 1788 989 1824 Apo-

201 1836 275 1864 stolo
297 1835 444 1863 didicimus
460 1834 651 1862 oﬂ‘endiculum
671 1834 747 1862 fratri
768 1841 822 1861 non
839 1841 938 1869 ponere
953 1834 987 1861 ad

203 1881 402 1910 scandalum".
418 1880 526 1908 Scimus
537 1885 628 1908 autent
645 1881 717 1915 quod
729 1887 744 1908 a
758 1880 898 1908 nonnullis
914 1883 988 1907 recte

200 1926 314 1962 geritur,
329 1925 390 1952 aliis
402 1925 574 1952 occasionem
589 1932 651 1952 esse
661 1925 802 1960 peccandi.
817 1924 908 1957 Quare
917 1931 988 1959 prm-

199 1971 317 2007 cipitnus
332 1975 488 1998 sanctorum
500 1969 613 1997 Patrum
629 1970 770 1997 decretum
787 1974 943 2005 sequentes,
958 1973 989 1996 ut

200 2026 217 2046 a
231 2017 390 2045 muliercula
407 2016 551 2052 separeris.
577 2015 647 2049 Quid
660 2017 742 2051 igitur
759 2016 987 2051 chorepiscopum

201 2063 321 2096 incusas,
348 2067 375 2090 et
404 2062 505 2090 veteris
530 2062 681 2089 inimicitia:
705 2061 774 2090 facis
800 2061 990 2089 mentionem?

200 2109 271 2142 Quid
288 2109 322 2136 de
343 2108 422 2136 nobis
449 2108 573 2143 quereris
587 2109 666 2143 221
684 2108 755 2143 quod
771 2107 866 2135 faciles
882 2108 988 2135 calum-

201 2155 256 2182 niis
268 2161 349 2181 aures
370 2153 552 2188 praebeamus.
567 2160 600 2180 ac
619 2161 672 2179 non
695 2151 787 2186 potius
808 2151 842 2179 de
868 2156 894 2179 te
920 2151 990 2186 ipse,

201 2197 248 2233 qui
261 2197 359 2225 adduci
372 2205 426 2224 non
442 2201 529 2232 potes.
555 2201 585 2224 ut
607 2204 621 2224 a
647 2196 772 2224 mulieris
787 2196 989 2224 consuetudine

1000 903 1022 932 Β

1032 274 1181 309 σκοπείοις,
1200 275 1216 312 ἢ
1237 276 1285 302 καὶ
1306 275 1510 310 μοναστηρίοις,
1526 273 1627 306 παντὸς
1643 275 1828 311 προσκόμμα-

1031 329 1078 353 τος
1090 321 1190 349 αίτιον*
1219 322 1246 348 ετ
1262 330 1306 353 τις
1330 319 1377 349 οὖν
1402 321 1532 358 δούληνῆ
1562 321 1711 357 ἐλευθέραν
1737 323 1767 349 ἐν
1786 323 1827 357 τῷ

1032 367 1200 404 ὲπισκοπείῳ
1222 367 1363 404 κτώμενος
1384 370 1568 406 φωραθείη,ἢ
1589 371 1619 398 ἐν
1638 370 1825 406 μοναστηρίῳ,

1033 414 1101 448 πρὸς
1118 414 1276 450 ἐγχείρησιν
1290 414 1429 448 διακονίας
1449 415 1534 448 τινὸς,
1551 417 1725 452 ἐπιτιμᾶσθω
1736 424 1744 432 ·
1764 417 1828 444 ἐπι-

1035 459 1123 494 μένων
1133 459 1172 493 δὲ,
1184 459 1371 496 καθαιρείσθω
1379 469 1387 477 ·
1398 461 1460 488 εἰδὲ
1471 462 1520 488 καὶ
1527 462 1602 497 τύχοι
1614 464 1643 489 ἐν
1654 463 1829 499 προαστείοις

1033 507 1166 540 γυναῖκας
1187 503 1268 539 εἷναι,
1281 506 1330 533 καὶ
1355 505 1464 541 θελήσοι
1479 507 1628 539 ἐπίσκοπος
1642 507 1658 542 ἢ
1674 507 1828 543 ἡγούμενος

1034 552 1147 587 πορείαν
1170 552 1200 579 ὲν
1214 553 1270 584 τοῖς
1295 553 1385 579 ἐκεῖσε
1407 553 1583 588 ποιήσασθαι,
1609 554 1744 589 παρόντος
1765 555 1828 581 ἐπι-

1035 598 1139 624 σκόπου
1154 597 1171 633 ἦ
1186 598 1351 634 ἡγουμένου,
1375 599 1498 634 μηδόλως
1519 600 1674 636 ἐγχείρησιν
1689 600 1829 632 διακονίας

1035 643 1171 670 ποιεῖσθαι
1187 644 1247 671 κατ’
1260 645 1364 677 ὲκεζνον
1375 645 1422 672 τὸν
1435 645 1532 681 καιρὸν
1547 647 1673 680 γυναικί·
1686 646 1745 673 ἀλλ’
1759 647 1828 673 ἰδια-

1035 688 1105 721 ζέτω
1126 689 1156 717 ἐν
1184 689 1270 725 ἑτέρῳ
1293 691 1380 726 τόπῳ,
1402 691 1455 722 ἕως
1481 692 1516 720 ἂν
1538 691 1589 728 τὴν
1615 692 1828 728 ἐπαναχώρησιν

1035 734 1185 770 ποιήσηται
1197 734 1212 761 ὁ
1222 735 1384 769 ἐπίσκοπος,
1395 736 1441 763 διὰ
1449 736 1481 763 τὸ
1492 737 1690 772 ἀνεπίληπτον.

1035 835 1198 877 Βασίλειον
1205 836 1239 877 ἐκ
1247 836 1303 871 τῆς
1310 835 1384 877 πρᾷς
1392 837 1559 877 Γρῃτόριονς
1564 837 1740 877 ἐπιστολῆς,
1749 837 1829 866 ὥστε

1085 872 1271 906 χωρισθῆναι
1290 872 1383 899 αὑτὸν
1397 872 1451 900 τοῦ
1468 873 1615 900 συνοίκου
1636 874 1774 908 γυναίου.

1078 917 1220 953 Ἐνὲτυχόν
1233 926 1281 945 σου
1294 919 1350 950 τοῖς
1367 918 1513 954 γράμμασι
1531 919 1601 954 μετὰ
1619 920 1710 955 πάσης
1723 928 1831 954 μακροσ

1036 963 1147 999 θυμίας,
1162 964 1209 991 καὶ
1232 963 1387 1000 ἐθαύμασα,
1413 965 1472 997 πῶς
1484 965 1634 1000 δυνάμενος
1654 967 1720 1001 ἡμῖν
1735 967 1832 994 συντό-

1037 1018 1097 1045 μως
1111 1009 1161 1036 καὶ
1183 1010 1305 1042 εὐκόλως
1322 1005 1545 1047 ἀπολογήσασθαι
1568 1011 1613 1038 διὰ
1627 1012 1682 1039 τῶν
1694 1013 1830 1049 πραγμά-

1035 1063 1100 1087 των,
1120 1056 1178 1086 τοῖς
1194 1055 1244 1091 μὲν
1258 1057 1508 1092 κατηγορουμένοις
1522 1057 1665 1094 ἐπιμένειν
1680 1059 1830 1094 καταδέχῃ,

1035 1101 1127 1136 λόγοις
1141 1101 1170 1128 δὲ
1184 1103 1300 1138 μακροῖς
1313 1102 1476 1138 Θεραπεύειν
1492 1105 1642 1140 ἐπιχειρεῖς
1661 1105 1695 1132 τὰ
1713 1105 1829 1132 ἀνῐατα”

1036 1146 1099 1174 οὔτε
1116 1147 1220 1182 πρῶτοι
1236 1147 1299 1175 οὕτε
1314 1149 1400 1183 μόνοι,
1417 1148 1440 1176 ὧ
1462 1149 1608 1186 Γρηγόριε,
1631 1151 1832 1187 ἐνομοθετήσα-

1039 1200 1089 1228 μεν
1102 1194 1234 1226 γυνατκας
1249 1193 1364 1228 ἀνδράσι
1384 1194 1422 1230 μὴ
1437 1196 1584 1222 συνοικεῖν.
1606 1195 1677 1222 Ἀλλ’
1692 1196 1831 1230 ἀνάγνωθι

1036 1237 1082 1263 τὸν
1095 1237 1195 1264 κανόνα
1208 1237 1255 1264 τὸν
1268 1238 1444 1274 ἐξενεχθέντα
1467 1240 1543 1275 παρὰ
1558 1240 1613 1267 ¹τῶν
1637 1241 1723 1275 ἁγίων
1739 1239 1832 1268 Πατέ-

1040 1291 1095 1319 ρων
1112 1284 1192 1319 ἡμῶν
1217 1285 1247 1311 ἐν
1261 1286 1294 1321 τῇ
1313 1285 1415 1322 συνόδῳ
1428 1286 1558 1320 Νικαίας,
1578 1287 1608 1319 ὃς
1626 1287 1753 1324 φανερῶς
1773 1289 1832 1315 ἀπ-

1038 1329 1174 1364 ηγόρευσε
1187 1331 1381 1363 συνεισάκτους
1397 1332 1435 1367 μὴ
1444 1330 1523 1359 εῐναι·
1537 1333 1644 1369 ἀγαμία
1655 1333 1685 1360 δὲ
1700 1335 1729 1360 ἐν
1741 1333 1832 1369 τούτῳ

1038 1375 1096 1410 ἔχει
1110 1375 1140 1402 τὸ
1164 1376 1274 1411 σεμνὸν,
1293 1377 1323 1404 ἐν
1339 1377 1378 1413 τῷ
1393 1379 1559 1414 κεχωρίσθαι
1578 1381 1628 1415 τῆς
1648 1380 1718 1415 μετά
1731 1389 1832 1414 γυναι-

1038 1421 1096 1449 κῶν
1117 1422 1256 1458 διαγωγῆς
1267 1430 1274 1438 ·
1287 1423 1325 1455 ὡς
1348 1424 1382 1451 ἂν
1396 1425 1634 1460 ἐπαγγελλόμενός
1649 1435 1692 1458 τις
1707 1426 1746 1462 τῷ
1768 1426 1832 1453 όνόι

1039 1475 1118 1502 ματι,
1132 1467 1206 1504 ἔργῳ
1220 1468 1254 1495 τὰ
1267 1469 1322 1496 τῶν
1337 1471 1396 1502 ταῐς
1412 1471 1521 1505 γυναιξὶ
1539 1471 1734 1499 συνοικούντων
1748 1472 1832 1507 ποιῆ-

1038 1521 1094 1545 ται,
1111 1512 1191 1547 δῆλός
1207 1514 1265 1541 ἐστι
1283 1514 1314 1541 τὸ
1334 1515 1384 1550 μὲν
1398 1516 1449 1551 τῆς
1469 1516 1620 1551 παρθενίας
1639 1517 1736 1552 σεμνὸν
1750 1517 1780 1543 ἐν
1796 1519 1831 1553 τῇ

1039 1559 1212 1595 προσηγορίᾳ
1225 1560 1342 1594 διώκων,
1356 1561 1404 1588 τοῦ
1431 1561 1459 1588 δὲ
1481 1562 1542 1589 καθ’
1564 1563 1661 1599 ἡδονὴν
1687 1563 1834 1600 ἀπρεποῦς

1040 1606 1078 1640 μὴ
1092 1605 1276 1640 ἀφιστάμενος
1287 1613 1295 1621 ·
1312 1606 1432 1643 τοσούτῳ
1452 1605 1499 1635 οὖν
1516 1617 1546 1634 σε
1563 1609 1664 1643 μᾶλλον
1681 1610 1765 1645 ἐχρῆν
1786 1610 1834 1636 s6-

1039 1650 1126 1682 κόλως
1140 1650 1220 1686 ἡμῶν
1233 1649 1302 1678 εἶναι
1315 1653 1349 1688 τῇ
1367 1651 1489 1684 ἀξιώσει,
1517 1653 1627 1689 ὅσῳπερ
1647 1654 1737 1688 λέγεις
1752 1655 1833 1681 ἐλεύ-

1039 1696 1118 1731 θερος
1129 1693 1199 1722 εἶναι
1211 1697 1313 1729 παντὸς
1326 1698 1483 1732 σωματικοῦ
1497 1699 1601 1731 πάθους
1614 1707 1622 1715 ·
1641 1699 1705 1726 οὔτε
1720 1699 1775 1736 γὰρ
1785 1701 1834 1728 τὸν

1039 1741 1273 1778 ὲὸδομηκονταετῆ
1287 1743 1419 1777 γεγονότα
1434 1744 1562 1780 πείθομαι
1576 1745 1709 1780 ἐμπαθῶς
1721 1747 1834 1780 γυναικὶ

1040 1789 1185 1819 συνοικεῖν,
1202 1787 1263 1814 οὔτε
1274 1788 1312 1821 ὡς
1330 1789 1376 1816 ἐπὶ
1393 1791 1527 1826 γενομένῃ
1541 1791 1596 1818 τινὶ
1612 1792 1706 1827 ἀτόπῳ
1720 1792 1820 1827 πράξει

1039 1831 1181 1868 ὡρίσαμεν
1194 1832 1212 1860 ἃ.
1226 1833 1274 1860 καὶ
1293 1833 1433 1870 ὤρίσαμεν
1443 1843 1451 1850 ·
1464 1835 1524 1862 ἀλλ’
1538 1836 1632 1872 ἐπειδὴ
1652 1837 1834 1874 ἐδιδάχθημεν

1040 1878 1116 1914 παρὰ
1138 1879 1186 1905 τοῦ
1206 1879 1383 1915 Ἀποστόλου,
1411 1881 1449 1916 μὴ
1472 1882 1576 1909 τιθέναι
1600 1883 1769 1919 πρόσκομμα
1792 1884 1833 1919 τῷ

1039 1923 1147 1960 ἀδελφῷ
1174 1925 1323 1953 σκάνδαλον
1334 1934 1342 1941 ·
1367 1926 1478 1962 οἴδαμεν
1504 1928 1533 1954 δὲ
1548 1928 1589 1955 δτι
1608 1929 1638 1955 τὸ
1653 1930 1730 1965 παρά
1748 1938 1833 1958 τινων

1039 1969 1125 2004 ὑγιῶς
1150 1971 1310 2006 γινόμενον,
1338 1972 1429 2005 ἄλλοις
1457 1974 1569 2010 ἀφορμὴ
1596 1975 1665 2010 πρδς
1693 1975 1834 2011 ἁμαρτίαν

1040 2015 1156 2051 ὑπάρξει
1169 2025 1176 2032 ·
1197 2017 1293 2044 τούτου
1312 2018 1404 2046 ἕνεκεν
1423 2020 1641 2056 προσετάξαμεν,
1657 2021 1787 2058 ἑπόμενοι
1798 2025 1832 2059 τῇ

1040 2060 1155 2098 διαταγῇ
1167 2062 1222 2089 τῶν
1234 2063 1320 2097 ἁγίων
1332 2064 1474 2100 Πατέρων,
1490 2067 1659 2102 χωρισθῆναι
1672 2076 1702 2094 σε
1715 2068 1764 2095 τοῦ
1782 2077 1835 2104 γυ-

1040 2107 1129 2134 ναίου.
1150 2108 1183 2134 Τί
1203 2107 1249 2135 οὖν
1266 2109 1393 2143 ἐγκαλεῖς
1416 2110 1454 2145 τῷ
1476 2113 1690 2149 χωρετιισκόπῳ,
1706 2114 1753 2141 καὶ
1778 2123 1834 2142 πα-

1041 2153 1119 2186 λαιᾶς
1139 2153 1239 2189 ἔχθρας
1259 2155 1396 2190 μέμνησαι
1409 2164 1416 2190 ;
1432 2157 1459 2183 τι
1473 2157 1502 2184 δὲ
1520 2158 1596 2193 ἡμᾶς
1611 2160 1782 2196 καταμέμφῃ
1794 2161 1835 2194 ὼς

1041 2200 1169 2232 εὐκόλους
1188 2200 1273 2233 ἀκοὰς
1295 2201 1408 2237 ἔχοντας
1440 2203 1480 2235 είς
1492 2203 1522 2230 τὺ
1533 2204 1581 2236 τὰς
1598 2204 1725 2238 διαϐολὰς
1745 2215 1836 2242 προσι

201 2230 338 2272 recedas?
362 2230 544 2278 Ejice‘igitur
561 2242 634 2270 illam
650 2250 684 2270 ex
711 2243 764 2271 luis
778 2243 894 2275 aedibus,
919 2247 946 2270 et
960 2243 986 2271 in

1044 2245 1142 2278 ίεσθαι,
1159 2230 1229 2273 ἀλλ’
1253 2230 1421 2284 οὐχὶηέαυτῶ
1438 2230 1478 2284 μῆ
1496 2230 1836 2288 ἀνεχομένωνάποστῆναι

203 2291 370 2318 monasterio
392 2290 540 2317 constitue.
569 2288 612 2316 Sit
626 2289 671 2316 illa
690 2296 752 2316 eum
775 2288 940 2324 virginibus,
964 2293 992 2316 et

202 2336 274 2371 apud
291 2339 318 2363 te
334 2336 456 2364 serviant
472 2335 535 2368 viri,
552 2339 627 2362 utne
642 2334 689 2362 Dei
700 2342 799 2362 nomen
821 2339 932 2370 propter
943 2342 992 2363 vos

203 2382 416 2417 blasphematur.
445 2381 509 2410 Haec
531 2381 619 2409 donec
644 2380 753 2413 feceris.
780 2381 991 2409 innumerabilia

202 2436 264 2464 qua:
290 2435 337 2462 per
361 2427 492 2463 epistolas
516 2426 616 2455 scribis
636 2426 704 2453 nihil
723 2431 748 2454 te
766 2426 919 2462 juvabunt,
944 2426 993 2454 sed

203 2475 329 2504 morieris
353 2475 470 2509 otiosus,
485 2481 518 2502 ac
537 2472 635 2501 reddes
655 2472 769 2501 Domino
791 2473 926 2501 rationem
941 2474 990 2502 otii

204 2523 255 2550 tui.
273 2521 350 2556 Quod
376 2522 399 2550 si
421 2528 505 2549 ausus
521 2519 608 2548 fueris
621 2520 690 2548 citra
705 2519 923 2548 emendationem
946 2528 993 2548 sa-

203 2569 356 2597 cerdotium
378 2567 427 2595 tibi
445 2566 593 2599 vindicare,
606 2566 750 2594 anathema
771 2565 827 2594 eris
842 2565 917 2593 omni
943 2572 994 2600 po-

204 2614 268 2650 pulo
281 2622 289 2646 ;
308 2618 336 2640 et
349 2612 395 2648 qui
409 2617 436 2639 te
447 2611 611 2646 receperint,
625 2610 858 2638 excommunicati
872 2617 921 2646 per
931 2618 993 2638 om-

207 2668 269 2689 nem
285 2658 436 2688 Ecclesiam
449 2662 540 2686 erunt.

240 2801 399 2835 Consum,
417 2801 458 2828 tit.
485 2800 513 2833 3,
540 2798 588 2827 lib.
614 2805 642 2831 t,
670 2797 732 2825 eod.
748 2796 810 2825 ait:
830 2796 993 2825 Sacerdotes

240 2892 264 2907 "
278 2891 287 2917 l
303 2891 368 2919 Cor.
383 2898 412 2924 ι,
425 2891 470 2918 52.
507 2890 530 2907 ’⁷
541 2889 620 2916 Rom.
636 2896 691 2921 xw,
704 2888 747 2916 15.

1040 2291 1090 2326 τῆς
1105 2291 1175 2327 πρὸς
1191 2292 1241 2328 τὴν
1256 2294 1373 2326 γυναῖκα
1390 2294 1554 2330 συνηθείαςς
1569 2296 1669 2324 ἔκϐαλε
1680 2298 1772 2326 τοίνυν
1788 2299 1838 2326 αὐ-

1041 2337 1091 2372 τὴν
1109 2338 1164 2364 ἀπὸ
1185 2338 1233 2365 τοῦ
1252 2338 1329 2366 οῐκου
1353 2348 1412 2374 σου,
1436 2342 1484 2368 καὶ
1506 2343 1679 2378 κατάστησον
1706 2345 1793 2380 αὐτὴν
1807 2346 1836 2372 ἐν

1043 2386 1236 2422 μονασιηρίῳ⁵
1251 2386 1321 2414 ἔστω
1337 2388 1428 2425 ἐκείνη
1456 2389 1527 2424 μετὰ
1549 2390 1705 2425 παρθένων,
1726 2392 1776 2418 καὶ
1801 2392 1837 2418 σὺ

1043 2431 1182 2467 ὑπηρετοῦ
1198 2432 1251 2459 ὑπὸ
1264 2432 1380 2468 ἀνδρῶν,
1398 2433 1442 2460 ἵνα
1461 2434 1499 2470 μὴ
1512 2434 1544 2461 τὺ
1556 2435 1641 2470 ὄνομα
1651 2436 1699 2463 τοῦ
1713 2436 1782 2464 Θεοῦ
1801 2438 1838 2465 δι’

1044 2477 1118 2513 ἡμᾶς
1133 2477 1344 2514 βλασφημῆται·
1358 2478 1410 2511 ἕως
1427 2479 1460 2507 ἂν
1476 2479 1562 2508 ταῦτα
1585 2483 1675 2518 ποιῇς,
1692 2483 1720 2510 αι
1739 2484 1840 2518 μυριά-

1042 2522 1087 2555 δες
1101 2523 1191 2560 ἇσπερ
1204 2524 1372 2559 συγγράφεις
1382 2525 1427 2553 διὰ
1438 2525 1491 2552 τῶν
1501 2527 1662 2559 ἐπιστολῶν,
1677 2528 1754 2555 οὐδὲν
1765 2528 1840 2564 ὡφε-

1043 2568 1155 2603 λήσουσί
1173 2577 1213 2602 σε,
1233 2569 1301 2596 ἀλλά
1316 2570 1490 2607 τελευτήσεις
1507 2572 1612 2607 ἀργῶν,
1628 2572 1676 2600 καὶ
1685 2573 1784 2606 δώσεις
1798 2575 1840 2610 τῷ

1042 2613 1138 2649 Κυρίῳ
1152 2613 1231 2648 λόγον
1249 2616 1299 2650 τῆς
1317 2616 1430 2643 σεαυτοῦ
1445 2617 1554 2653 ἀργίας.
1578 2618 1640 2645 Ἐὰν
1656 2619 1684 2645 δὲ
1697 2619 1841 2657 τολμήσῃς

1045 2658 1083 2694 μὴ
1101 2658 1318 2695 διορθωσάμενος
1334 2662 1458 2694 σεαυτὸν,
1475 2662 1635 2697 ἀντέχεσθαι
1657 2663 1707 2699 τῆς
1719 2665 1841 2700 ἱερωσύ-

1046 2712 1105 2739 νης,
1122 2705 1245 2741 ἀνάθεμα
1263 2706 1314 2742 ἔσῃ
1331 2707 1413 2734 παντὶ
1430 2708 1469 2743 τῷ
1486 2708 1544 2744 λαῷ
1555 2716 1563 2724 ·
1579 2709 1627 2736 καὶ
1649 2711 1673 2737 οί
1696 2711 1843 2746 δεχόμενοί

1048 2758 1089 2783 σε,
1105 2750 1271 2786 ἐκκήρυκτοι
1286 2753 1357 2780 κατὰ
1371 2754 1463 2781 πᾶσαν
1482 2755 1647 2791 Ἐκκλησίαν
1662 2757 1843 2792 γενήσονται.

1087 2796 1120 2823 'H
1136 2796 1167 2824 ιϐ’
1183 2797 1305 2832 διάταξις
1330 2799 1377 2826 τοῦ
1391 2798 1415 2835 γ’
1429 2800 1482 2828 τίτ.
1509 2801 1556 2828 τοῦ
1570 2805 1594 2828 α’
1607 2801 1679 2838 βισλ.
1707 2802 1756 2830 τοῦ
1773 2803 1843 2833 auiti.
