1954 3080
177 138 228 171 691

756 136 889 166 PHOTII
899 136 1153 166 PATRIARCH/E
1173 137 1227 167 ΟΡ.
1252 162 1255 165 .

1756 137 1811 169 992

176 201 239 224 sum
271 192 402 228 punitur,
433 191 482 220 sed
512 179 791 225 etiam'cogitationis
814 195 906 218 motus
935 190 968 217 ad

1033 199 1037 226 ι
1052 191 1161 226 μοιχεία
1178 192 1259 228 μόνον
1281 191 1347 226 παρ’
1362 190 1445 218 αὑτοῦ
1469 190 1625 225 κολάζεται,
1638 191 1707 218 ἀλλὰ
1729 192 1777 219 καὶ
1793 192 1811 227 ἡ

179 239 395 277 aggrediendum
419 237 584 266 adulterium
611 236 818 279 condemnatur,
844 236 903 271 ipso
925 236 969 264 di-

177 291 256 316 cente
271 295 278 314 :
295 285 348 318 Qui
371 284 502 320 aspexerit
519 283 654 310 mulierem
679 282 714 310 ad
736 281 971 316 concupiscendam

178 334 274 366 ipsam,
288 339 347 359 eam
365 330 425 366 jam
448 327 476 357 in
490 329 568 357 corde
589 337 638 356 tuo
658 328 821 355 adulteravit
841 328 862 354 ⁸.
895 326 972 355 Unde

179 385 231 406 nos
248 384 358 413 quoque
379 376 478 408 edocti,
496 375 627 403 debemus
649 374 830 410 cogitationes
843 380 970 409 purgare.

180 424 241 452 Etsi
265 425 335 452 enim
358 423 448 450 omnia
471 421 567 454 licent,
591 429 645 449 non
672 426 760 448 tamen
781 420 870 448 omnia
894 427 972 455 expe-

181 471 259 497 diunt
279 471 301 502 ²,
316 473 346 497 ut
360 475 376 496 a
392 475 458 496 voce
480 466 627 503 apostolica
642 466 781 494 docemur.
799 465 893 493 Cuivis
906 472 972 500 ergo

182 515 287 543 homini
310 522 422 542 necesse
444 518 487 542 est
501 513 655 546 comedere,
670 516 701 540 ut
714 511 789 539 vivat
803 518 811 538 :
825 515 852 539 et.
871 511 972 546 quibus

181 566 225 590 cst
239 561 294 589 vita
312 560 421 596 quidem
437 559 616 592 matrimonii,
631 563 657 586 et
674 558 833 590 liberorum,
850 562 877 586 et
898 557 973 598 laicte

182 606 398 640 constitutionis,
411 605 563 641 permistim
579 604 722 633 comedere
742 605 814 633 viros
830 609 858 632 et
873 603 972 632 mulie-

182 661 237 686 res,
252 657 294 681 est
308 653 342 680 ab
356 652 431 681 omni
443 651 657 687 reprehensione
670 651 803 683 alienum,
819 650 843 679 si
856 649 937 678 modo
947 649 973 677 ei

182 700 229 735 qui
245 699 291 727 dat
307 699 506 726 nutrimentum
530 698 631 734 gratias
653 701 745 733 agant,
761 704 816 725 non
831 703 894 724 cum
912 703 973 724 sce-

183 744 254 772 nicis
267 743 432 779 quibusdam
454 742 564 776 studiis,
588 742 645 770 sive
669 742 800 770 satanicis
814 741 930 770 canticis
947 747 975 770 et

183 789 371 818 citharmdicis
387 796 419 817 ac
433 789 595 816 meretriciis
607 788 818 822 inﬂexionibus;
829 795 899 823 quos
912 796 974 823 pro-

183 836 290 872 phetica
305 835 458 863 exsecratio
475 834 658 869 persequitur,
674 834 715 862 sic
728 834 822 862 dicens
841 842 848 861 :
867 833 913 861 Vae
929 833 975 868 qui

184 867 245 908 eum
258 880 361 907 cithara
373 884 397 906 et
412 867 538 914 psalteria
550 867 639 906 vinum
651 878 752 910 bibunt,
765 877 874 905 Domini
885 867 974 905 autem
991 867 1014 896 Β

184 934 265 961 opera
289 933 341 954 non
358 924 520 960 respiciunt,
536 927 562 951 et
586 932 666 958 opera
689 931 817 950 manuum
842 923 899 959 ejus
923 931 976 951 non

187 971 354 999 considerant
372 971 393 998 ⁸.
412 971 446 998 Et
468 970 556 998 sicubi
571 971 639 997 tales
652 969 754 997 fuerint
768 969 838 997 inter
847 969 977 1000 Christia—

185 1025 247 1051 nos,
270 1018 464 1053 corrigantur:
481 1017 524 1045 sin
551 1017 652 1049 minus,
675 1017 807 1044 adversus
827 1023 875 1043 eos
892 1015 977 1044 robur

184 1070 265 1091 suum
281 1062 422 1090 obtineant
438 1069 499 1097 qua:
517 1061 552 1089 ab
574 1061 618 1094 iis,
634 1061 680 1097 qui
698 1068 750 1089 nos
765 1064 975 1096 praecesserunt,

184 1108 316 1136 canonice
330 1107 430 1136 tradita
442 1112 516 1135 sunt.
531 1107 581 1135 Cui
601 1111 693 1134 autem
712 1107 804 1142 quieta
823 1111 867 1135 est
879 1107 934 1134 vita
951 1111 978 1135 et

186 1153 319 1187 solitaria,
347 1158 378 1181 ut
397 1153 444 1189 qui
462 1152 577 1181 Domino
594 1153 650 1181 Deo
671 1153 766 1188 jugum
792 1153 976 1181 monasticum

187 1200 283 1227 tollere
305 1200 442 1233 statuerit,
460 1199 487 1227 in
510 1199 657 1227 solitudine
673 1203 701 1227 et
727 1199 836 1227 silentio
860 1199 976 1228 sedebit.

185 1245 269 1280 Atqui
286 1244 369 1281 225.
385 1253 436 1272 nec
457 1244 491 1272 iis
506 1243 598 1277 etiam,
614 1243 660 1280 qui
678 1242 762 1271 vitam
781 1243 977 1272 sacerdotalem

187 1291 328 1328 elegerint,
354 1291 417 1319 licet
442 1291 555 1318 omnino
576 1298 700 1318 seorsum
725 1298 788 1319 cum
815 1290 979 1319 mulieribus

189 1337 343 1370 comedere,
359 1337 411 1365 nisi
426 1337 524 1371 utique
532 1344 594 1364 cum
608 1336 708 1364 divinis
723 1342 750 1364 et
764 1337 899 1373 religiosis
913 1337 980 1365 viris

188 1391 221 1411 ac
235 1382 396 1411 mulieribus
409 1392 416 1411 :
430 1386 460 1410 ut
476 1383 565 1418 ipsum
579 1382 661 1410 etiam
678 1383 836 1411 convivium
851 1382 885 1410 ad
897 1383 980 1418 spiri—

189 1428 271 1456 talem
285 1429 482 1457 correctionem
494 1429 621 1457 adducat.
633 1428 717 1457 Porro
728 1428 845 1464 idipsum
854 1429 937 1457 etiam
951 1430 980 1457 in

188 1474 311 1510 cognatis
323 1475 435 1503 faciant.
449 1474 478 1503 Si
489 1481 579 1503 autem
604 1483 701 1504 rursus
720 1476 909 1512 contingat,ut
919 1484 981 1511 quae

1021 238 1129 274 κίνησις
1142 237 1191 265 τοῦ
1212 238 1344 274 λογισμοῦ
1360 238 1429 274 πρὸς
1444 239 1495 274 τὴν
1507 238 1559 274 τῆς
1577 238 1701 274 μοιχείας
1722 239 1814 274 ἐγχεί-

1023 292 1111 320 ρησιν,
1127 284 1342 320 κατακέκριταν
1359 284 1485 319 λέγοντος
1499 283 1594 316 αὐτοῦ,
1613 284 1645 311 '0
1656 283 1814 318 ἐμϐλέψας

1021 329 1141 365 γυναικὶ
1157 331 1235 365 πρὸς
1248 330 1283 358 τὸ
1292 330 1477 366 ἐπιθυμῆσαι
1487 330 1595 364 αὐτῆς,
1606 330 1665 365 ἤδη
1676 331 1742 365 ἐμοί
1743 338 1814 365 χευ-

1021 384 1077 404 σεν
1090 376 1188 411 αὐτὴν
1198 376 1234 404 ἐν
1255 376 1294 410 τῇ
1306 377 1414 411 καρδίᾳ
1428 376 1533 404 αὐτοῦ.
1549 376 1647 402 Ἔνθεν
1660 375 1708 405 οὖν
1724 375 1813 410 μαθη-

1021 421 1173 454 τευοέντες,
1188 421 1336 457 λογισμοὺς
1353 421 1500 456 ὀφείλομεν
1517 420 1675 456 καθαίρειν·
1700 421 1737 448 Et
1757 420 1814 455 γὰρ

1022 469 1071 497 καὶ
1083 469 1184 496 πάντα
1200 469 1332 501 ἔξεστιν,
1348 468 1418 496 ἀλλ’
1431 469 1467 496 οὐ
1484 468 1584 495 πάντα
1603 467 1760 502 συμφέρει,
1776 468 1815 499 ὡς

1022 515 1053 549 ὲε
1068 515 1249 551 άποστολικῆς
1270 515 1363 551 φωνῆς
1374 514 1567 550 διδασκόμεθα.
1579 513 1755 548 Ἐπάνσιγκες
1767 513 1816 541 οὖν

1023 562 1082 590 ἐστι
1094 561 1176 590 παντὶ
1199 561 1278 597 ἀνδρὶ
1299 561 1343 589 διὰ
1356 561 1388 588 τὸ
1403 562 1454 597 ζῇν
1476 561 1591 589 ἐσθίειν*
1610 561 1657 588 καὶ
1679 557 1721 592 οἷς
1737 560 1787 595 μὲν
1801 561 1816 587 ὸ

1025 609 1081 645 βίος
1092 609 1161 642 ἐστὶ,
1176 609 1267 644 γάμου
1286 609 1333 636 καὶ
1346 609 1450 636 τέκνων
1473 608 1521 634 καὶ
1536 607 1634 643 λαῖκῆς
1656 607 1816 640 διαθέσεως,

1024 655 1126 691 ἀναμὶξ
1142 655 1243 682 ἐσθίειν
1261 654 1363 690 ἄνδρας
1385 654 1434 682 καὶ
1451 655 1595 689 γυναῖκας,
1611 654 1668 681 τῶν
1688 652 1818 689 ἀδιασλή-

1025 709 1080 727 των
1096 699 1154 727 ἐστί
1164 709 1172 716 ·
1188 700 1270 735 μόνον
1281 699 1320 735 τῷ
1332 699 1429 726 διδόντι
1442 699 1492 734 τὴν
1508 699 1625 736 τροφὴν,
1633 699 1683 734 τὴν
1706 699 1818 733 εὐχαρι-

1025 746 1104 774 στίαν
1127 745 1326 781 προσάγοντας,
1355 745 1403 772 καὶ
1428 745 1467 781 μὴ
1493 745 1539 773 διά
1559 753 1640 772 τινων
1661 743 1819 780 θυμελικῶν

1026 792 1260 829 ἐπιτηδευμάτων,
1280 791 1371 819 show
1398 791 1556 819 Σατανικῶν
1577 791 1720 827 ᾀσμάτων,
1736 791 1818 817 κιθα-

1028 839 1083 875 ρῶν
1095 847 1126 866 τε
1151 840 1200 866 καὶ
1225 838 1363 875 πορνικῶν
1384 838 1577 873 λυγισμάτων·
1601 835 1642 870 οἷς
1671 837 1820 873 ἐπέρχεται

1028 883 1185 920 προφητικὴ
1202 884 1257 920 ἀρὰ
1272 884 1372 911 οὑτωσὶ
1393 883 1528 918 λέγουσα’
1550 883 1622 910 οὐαὶ
1639 884 1667 910 οι
1687 881 1759 916 μετὰ
1775 891 1821 908 κι-

1028 929 1121 964 θάρας
1134 929 1185 956 καὶ
1198 929 1370 963 ψαλτηρίου
1388 929 1443 956 τὸν
1458 927 1542 956 οἶνον
1563 929 1715 961 πίνοντες,
1732 928 1769 957 τὰ
1785 927 1821 954 δὲ

1027 975 1099 1011 ἔργα
1118 975 1231 1009 Κυρίου
1253 976 1310 1002 οὑκ
1327 974 1522 1009 ἐμϐλέπουσι,
1544 974 1593 1001 καὶ
1615 973 1653 1001 τὰ
1675 974 1746 1008 ἔργα
1760 972 1822 999 τῶν·

1027 1020 1136 1058 χειρῶν
1151 1021 1245 1049 αὐτοῦ
1261 1022 1298 1048 οὐ
1319 1020 1518 1049 κατανοοῦσι·
1534 1020 1582 1047 καὶ
1596 1021 1620 1046 ει
1635 1019 1747 1047 πώποτε
1764 1017 1822 1045 εἷεν

1027 1066 1145 1095 τοιοῦτοι
1159 1068 1187 1094 ὲν
1209 1068 1266 1099 τοῖς
1282 1066 1467 1101 Χριστιανοϊς,
1487 1065 1707 1101 διορθούσθωσαν
1719 1072 1726 1079 ·
1751 1065 1777 1091 ει
1791 1064 1822 1091 δὲ

1030 1115 1068 1150 μή
1085 1122 1129 1149 γε,
1154 1113 1342 1150 κρατείτωσαν
1357 1112 1401 1140 ἔπ’
1426 1113 1519 1144 αὐτοῖς
1541 1112 1578 1139 τὰ
1599 1111 1675 1148 παρὰ
1695 1110 1750 1138 τῶν
1766 1109 1824 1146 πρὸ

1029 1160 1108 1197 ἡμῶν
1123 1159 1274 1187 κανονικῶν
1289 1156 1547 1192 ὲκδοθὲνταῶῐςξδὲ
1564 1158 1579 1184 ὁ
1594 1157 1651 1193 βίος
1662 1156 1738 1184 ἐστὶν
1752 1155 1823 1192 ἡσύ-

1029 1217 1087 1244 χιος
1109 1208 1157 1235 καὶ
1173 1206 1351 1242 μονότροπος,
1374 1205 1413 1238 ὡς
1437 1204 1650 1240 συνταξαμένοις
1672 1204 1768 1239 Κυρίῳ
1782 1202 1823 1238 τῷ

1029 1254 1089 1290 Θεῷ
1103 1253 1182 1290 ἡμῶν
1196 1252 1277 1287 ζυγδν
1292 1253 1396 1288 μονήρη
1421 1249 1499 1287 ἆραι,
1515 1251 1626 1278 καθίσαι
1643 1258 1674 1276 τε
1688 1249 1760 1276 κατὰ
1774 1247 1824 1283 μό-

1030 1309 1079 1334 νας
1104 1301 1153 1328 καὶ
1180 1298 1331 1334 σιωπῆσαι,
1354 1297 1425 1325 ἀλλὰ
1452 1297 1506 1332 μὴν
1531 1296 1654 1328 καὶτοῖς
1684 1293 1824 1330 ἱερατικὸν

1029 1346 1221 1381 ἐκλεξαμένοις
1242 1345 1311 1381 βίον,
1327 1343 1444 1375 οὐδόλως
1459 1342 1549 1376 ἔξεστι
1571 1341 1695 1369 κατιδίαν
1714 1339 1825 1374 γυναιξὶ

1031 1392 1192 1425 συνεσθίειν,
1207 1392 1232 1419 εἰ
1245 1391 1329 1427 μήπω
1346 1389 1418 1425 μετά
1435 1396 1517 1415 τινων
1532 1386 1671 1422 θεοφόὸων
1683 1385 1732 1412 καὶ
1742 1384 1825 1411 εὐλα-

1031 1440 1086 1467 ϐῶν
1099 1438 1204 1474 ἀνδρῶν
1229 1438 1247 1473 ἢ
1270 1437 1318 1464 καὶ
1333 1434 1472 1472 γυναικῶν
1483 1443 1492 1450 ·
1512 1434 1557 1462 ῐνα
1573 1432 1620 1460 καὶ
1640 1431 1709 1467 αὐτὴ
1723 1432 1742 1467 ἡ
1757 1438 1826 1458 σνν-

1031 1485 1164 1517 εστίασις,
1185 1484 1255 1520 πρὸς
1292 1482 1464 1518 κατόρθωσιν
1487 1479 1678 1516 πνευματικὴν
1705 1477 1823 1513 ἀπάγῃ·

190 1526 255 1548 sunt
270 1521 304 1548 ad
317 1529 396 1549 usum
413 1522 569 1549 necessaria
589 1528 643 1549 non
664 1520 759 1549 aderat
771 1522 924 1550 monachus
939 1522 977 1550 vel

1033 1531 1082 1559 xui.
1097 1531 1144 1558 ἐπὶ
1161 1529 1302 1565 συγγενῶν
1315 1528 1344 1555 δὲ
1359 1528 1390 1555 τὸ
1404 1527 1471 1555 αὐτὸ
1495 1526 1673 1553 ποιείτωσαν.
1689 1525 1721 1552 Εἰ
1733 1524 1762 1551 δὲ
1775 1523 1825 1550 καὶ

189 1564 328 1597 sacerdos.
346 1571 373 1594 et
388 1570 499 1602 propter
514 1567 704 1595 necessitatem
722 1567 786 1595 velit
804 1567 862 1596 sive
883 1568 912 1595 in
931 1576 981 1603 pu-

190 1610 263 1639 blico
279 1612 442 1646 diversorio,
467 1612 526 1640 sive
548 1612 576 1640 in
602 1612 720 1648 alicujus
733 1613 815 1641 domo
837 1614 982 1648 divertere,

190 1657 215 1685 ei
230 1657 310 1686 liceat
324 1658 376 1686 hoc
392 1657 492 1692 facere,
509 1663 602 1694 utpote
617 1664 730 1694 urgente
744 1659 920 1688 necessitate.

226 1812 304 1839 CAP.
319 1811 391 1840 XVI.
408 1829 441 1835 --
459 1812 562 1840 Clerico
589 1821 640 1840 non
663 1813 724 1840 licet
747 1813 872 1841 interesse
892 1815 983 1841 convi-

193 1859 235 1886 vio
245 1866 338 1885 eorum
356 1859 401 1894 qui
412 1858 450 1886 vel
465 1860 572 1892 iterum,
592 1859 631 1887 vel
642 1858 714 1886 haud
729 1864 799 1887 recte
816 1859 930 1887 nubunt.

334 1959 447 1989 Concilii
470 1960 696 1989 Neocmariensis
718 1969 803 1989 canon
815 1961 844 1990 ’1.

229 2018 255 2047 7.
272 2019 417 2055 Presbyter
437 2019 464 2047 in
478 2019 581 2055 nuptiis
596 2019 657 2054 eius
677 2019 727 2055 qui
738 2020 808 2048 duas
822 2026 922 2047 uxores
934 2019 984 2047 du-

193 2066 242 2100 cit,
254 2074 303 2094 seu
317 2066 443 2102 digamus
457 2065 584 2098 edicitur,
598 2073 633 2094 ne
645 2065 815 2094 convivetur.
827 2064 897 2093 Cum
911 2064 985 2092 enim

196 2115 318 2148 requirat
334 2113 524 2150 paenitentiam
540 2114 677 2149 digamus,
692 2114 754 2148 quis
765 2113 818 2141 erit
832 2112 983 2148 presbyter,

196 2160 243 2195 qui
269 2166 302 2187 eo
318 2160 392 2195 quod
417 2159 452 2187 sit
465 2159 591 2186 convivio
615 2161 745 2193 acceptus
771 2156 984 2194 [accipiendus],

195 2206 299 2242 nuptiis
312 2200 499 2234 assentimur?

442 2259 572 2288 Timothei
593 2267 679 2287 canon
693 2259 737 2287 ii.

230 2327 412 2363 Interrogatio
430 2327 461 2355 11
486 2327 516 2356 Si
545 2325 608 2362 quis
633 2326 764 2354 clericum
788 2327 937 2360 vocaverit,
955 2332 986 2356 ut

196 2373 371 2402 matrimonio
386 2373 547 2409 coniungat,
570 2372 664 2400 audiat
677 2375 767 2400 autem
785 2380 846 2401 esse
865 2373 989 2402 illicitum

198 2419 422 2453 matrimonium,
449 2423 543 2454 utpote
567 2418 609 2445 vel
634 2418 725 2446 amitte
749 2418 920 2453 conjugium,
946 2419 989 2446 vel

197 2464 335 2493 defunctae
346 2466 443 2493 uxoris
456 2472 517 2493 esse
530 2471 653 2493 sororem
669 2472 740 2497 eam,
754 2472 815 2500 qum
830 2468 874 2492 est
889 2465 986 2492 matri-

198 2511 292 2539 monio
311 2510 519 2547 conjungenda,
544 2510 659 2538 debetne
682 2511 761 2546 sequi
788 2510 922 2543 clericus,
945 2511 986 2539 vel

198 2557 288 2585 facere
302 2557 469 2584 oblationem
480 2555 493 2582 ‘i

235 2614 389 2649 Responsio.
412 2613 473 2642 Uno
497 2614 581 2642 verbo
608 2615 665 2642 dixi
687 2623 695 2642 :
717 2615 747 2642 Si
777 2614 911 2643 audiverit
933 2615 988 2643 cle-

199 2661 273 2690 ricus
305 2660 431 2688 illicitum
461 2661 682 2694 matrimonium,
710 2669 766 2689 non
788 2661 870 2690 debet
889 2661 989 2691 alienis

199 2709 318 2743 peccatis
329 2708 544 2741 communicare,
556 2713 587 2736 ut
598 2708 664 2736 dicit
682 2708 840 2743 Apostolus.

239 2850 247 2865 ‘
264 2849 358 2877 Matth.
374 2858 400 2884 v,
416 2851 462 2879 948.

501 2851 510 2865 '
526 2850 534 2877 l
549 2850 612 2877 Cor.
629 2857 665 2882 vr,
682 2850 705 2883 1,
721 2850 749 2877 2.
788 2850 797 2866 ³
813 2851 908 2878 Amos.
927 2859 962 2881 vi.

1032 1577 1111 1610 αὖθις
1123 1578 1153 1603 ὲν
1171 1575 1311 1610 ὁδοιπορίᾳ
1325 1574 1416 1610 συμϐῇ
1429 1574 1463 1600 τὰ
1480 1573 1531 1608 τῆς
1550 1572 1703 1606 ἀναγκαίας
1727 1570 1826 1605 χρείας

1034 1623 1073 1658 μὴ
1086 1621 1266 1657 ἐπιφέρεσθαι
1285 1620 1403 1655 μοναχὸν
1419 1618 1436 1654 ἢ
1450 1619 1501 1645 καὶ
1510 1617 1647 1654 ἱερατικὸν
1660 1616 1755 1651 ἄνδρα,
1777 1616 1828 1643 καὶ

1032 1668 1077 1696 διὰ
1090 1667 1121 1694 τὸ
1133 1667 1280 1701 ἀναγκαῖον
1294 1664 1454 1697 καταλῦσαι,
1470 1664 1594 1699 βούλεται
1608 1663 1663 1690 εἴτε
1681 1662 1710 1688 ὲν
1727 1661 1828 1688 πανδοα-

1033 1713 1100 1748 χείῳ
1113 1712 1130 1747 ἢ
1147 1711 1195 1738 καὶ
1208 1713 1238 1738 ὲν
1251 1711 1318 1746 οῐκῳ
1341 1709 1415 1740 me;
1433 1708 1525 1736 ἄδειαν
1552 1707 1625 1743 ἔχειν
1648 1707 1730 1734 αὐτὸν
1747 1706 1828 1733 τοῦτο

1034 1760 1133 1790 ποιεῖν,
1145 1758 1184 1790 ὡς
1195 1757 1245 1792 τῆς
1257 1756 1352 1792 χρείας
1367 1753 1595 1789 κατεπειγούσης.

1069 1827 1196 1856 ΚΕΦΔΛ.
1214 1826 1271 1860 lq'.
1281 1841 1315 1847 —
1324 1824 1393 1860 Περὶ
1405 1824 1459 1852 τοῦ
1475 1823 1518 1859 μὴ
1536 1823 1669 1858 ὀφείλειν
1680 1821 1828 1857 κληρικὸν

1035 1872 1254 1902 συνεστιᾶσθαι
1272 1869 1311 1904 τῷ
1325 1868 1592 1905 δευτερογταμοῦντι
1608 1867 1627 1903 ἢ
1647 1868 1827 1902 παρανόμως

1035 1919 1189 1955 γαμοῦντι.

1157 1972 1292 2001 Συνόὸου
1306 1971 1539 2006 Νεοκαισαρείας
1557 1969 1659 1997 κανὼν
1671 1969 1704 2001 ζ’.

1071 2034 1105 2065 ζ’.
1122 2031 1313 2068 Πρεσὸὑτερον
1328 2030 1369 2062 εις
1379 2029 1470 2064 γάμον
1488 2027 1667 2063 διγαμοῦντος
1685 2026 1722 2062 μὴ
1737 2025 1830 2053 ἑστιᾶ-

1037 2081 1116 2107 etiarn
1137 2078 1201 2105 ἐπεὶ
1225 2077 1372 2113 μετάνοιαν
1396 2074 1537 2107 αἰτοῦντος
1561 2073 1609 2101 τοῦ
1639 2073 1767 2108 διγάμου,
1786 2072 1830 2103 τίς

1036 2126 1113 2154 ἐσται
1128 2125 1144 2152 ό
1166 2123 1351 2160 πρεσϐύτερος
1364 2124 1379 2150 ὁ
1398 2121 1445 2149 διὰ
1458 2121 1510 2158 τῆς
1533 2120 1682 2151 ἑστιάσεως
1706 2120 1762 2151 τοῖς
1775 2118 1828 2154 γά·

1040 2179 1101 2207 μοις
1118 2168 1384 2204 συγκατατιθέμενος
1393 2174 1401 2199 ς

1275 2263 1415 2300 Τιμοθέου
1427 2263 1529 2290 κανὼν
1545 2261 1592 2289 ια’.

1081 2335 1254 2370 Ἐρώτησις.
1270 2336 1317 2360 ια’.
1338 2331 1402 2358 Ἐάν
1423 2339 1467 2364 τις
1481 2329 1584 2367 καλέσῃ
1600 2329 1730 2365 κληρικὺν
1745 2329 1787 2361 εἰς
1801 2328 1834 2356 τὸ

1038 2382 1132 2416 ζεῦξαι
1151 2381 1252 2416 γάμον,
1267 2378 1371 2415 ἀκούσῃ
1394 2377 1422 2405 δὲ
1446 2378 1492 2405 τὸν
1512 2377 1601 2412 γάμον
1628 2376 1800 2411 παράνομον,
1815 2375 1833 2410 ἢ

1039 2428 1211 2464 Θειογαμίαν,
1228 2426 1245 2462 ἢ
1261 2425 1327 2460 γοῦν
1343 2423 1461 2459 ἀδελφὴν
1482 2422 1684 2458 τελευτησάσης
1702 2421 1834 2456 γυναικὸς

1036 2475 1086 2511 τὴν
1104 2474 1253 2509 μέλλουσαν
1268 2471 1444 2505 ζεύγνυσθαι,
1470 2470 1496 2496 ει
1523 2469 1627 2504 ὀφείλει
1651 2468 1834 2504 ἀκολουθῆσαι

1034 2520 1049 2546 ὁ
1064 2519 1192 2556 κληρικδς
1207 2518 1225 2554 ἢ
1251 2516 1410 2554 προσφορὰν
1424 2515 1548 2551 ποιῆσαι;

1085 2617 1262 2651 Ἀπόκρισις.
1278 2614 1369 2647 ’Δπαξ
1382 2611 1472 2641 εἷπονι
1487 2613 1550 2640 Ἐὰν
1560 2612 1664 2649 ἀκούσῃ
1678 2612 1692 2638 ὁ
1703 2611 1836 2648 κληρικδς

1042 2664 1088 2691 τὸν
1107 2663 1195 2698 γάμον
1217 2662 1384 2697 παράνομον,
1409 2661 1459 2688 οὐκ
1475 2660 1579 2695 ὀφείλει
1601 2659 1741 2686 κοινωνεῖν
1754 2658 1838 2686 ἀλλο-

1043 2710 1132 2745 τρίαις
1147 2708 1306 2744 ἁμαρτίαις,
1326 2705 1417 2739 καθώς
1428 2714 1510 2741 φησιν
1527 2706 1541 2732 ὁ
1561 2704 1734 2736 Ἀπόστολος.
