1954 3080
176 128 231 160 695

783 133 914 164 PHOTII
933 135 1186 171 PATRIARCH/E
1205 142 1250 172 (ΣΡ

1757 143 1810 176 696

177 191 251 219 sunt,
271 190 299 213 et
320 187 572 223 subscriptionibus
594 188 710 217 fratrum
731 190 839 218 ﬁrmata
856 191 963 220 clarue-

1021 197 1111 225 Βονίων
1128 198 1291 233 Ἐκκλησίαν
1305 199 1473 235 πραχθέντα,
1483 199 1531 227 καὶ
1543 200 1604 232 ταῖς
1618 199 1674 227 τῶν
1688 199 1809 235 ἀδελφῶν

175 238 250 265 runt,
265 233 347 260 etiam
364 241 415 261 nos
437 234 490 263 boc
510 240 668 264 servaturos
685 244 746 265 esse
760 238 898 272 prollteor.
913 237 966 266 Sed

176 277 243 305 illud
256 278 369 311 scimus,
381 279 538 308 inviolatam
556 288 664 316 semper
681 282 817 310 mansisse
835 283 966 311 ecclesia-

176 326 272 353 sticam
287 327 472 362 disciplinam,
495 327 531 355 ita
548 334 578 356 ut
591 329 685 357 nullus
696 328 814 358 fratrum
825 331 967 365 prioribus

176 371 236 399 suis
256 379 286 399 se
304 372 451 407 aliquando
472 373 586 400 auderet
610 378 787 408 anteponere,
808 375 855 403 sed
871 375 967 403 ciliciis

175 417 319 446 cbaritatis
335 418 363 445 id
374 426 483 454 semper
498 419 651 446 exhibitum
665 425 707 448 est
727 420 876 456 prioribus,
893 421 967 456 quod

175 465 210 491 ab
239 464 448 500 insequentibus
473 471 614 500 gratanter
643 474 753 501 semper
784 468 964 502 acciperetur.

175 509 254 538 llunc
268 511 392 539 ordinem
403 511 498 546 jubeat
511 512 643 540 sanctitas
653 516 743 540 vestra
758 513 857 540 melius
869 515 966 541 vestris

175 556 433 585 interlocutionibus
447 557 584 584 roborari.

211 702 255 730 89.
265 703 394 731 Aurelius
401 702 545 738 episcopus
552 703 621 730 dixit
630 712 637 729 :
645 702 705 730 Non
715 703 845 730 decuerat
853 701 963 737 quidem

176 754 206 776 ut
223 749 279 777 btec
294 753 494 784 repeteremus,
515 748 569 780 uisi
585 748 656 776 forte
677 749 844 776 exsisterent
866 748 964 776 incon-

174 795 303 823 sideratae
320 799 426 823 mentes
437 795 632 830 quorumdam,
650 802 710 830 quae
726 794 760 822 ad
776 794 834 821 ba:c
846 798 966 822 statuen-

174 841 209 869 da
235 846 345 869 nostros
366 846 497 870 acuerent
516 849 638 869 sensus:
655 840 703 868 sed
725 840 882 868 communis
908 840 966 868 bazc

1018 244 1191 279 ὑπογραφαῖς
1206 245 1334 280 φανερῶς
1352 245 1522 281 κυρωθέντι,
1541 247 1589 274 καὶ
1607 247 1681 282 ἡμᾶς
1697 246 1739 273 ἔτι
1756 247 1810 282 μὴν

1018 289 1187 324 φυλάξοντας
1201 290 1373 326 ὁμολογήσω.
1396 291 1500 318 Ἐκεῖνο
1515 292 1605 318 τοίνυν
1627 292 1808 328 ἐπιστάμεθα,

1017 336 1148 371 ἀμίαντον
1162 337 1207 364 ἀεὶ
1228 336 1279 372 τὴν
1303 337 1532 373 ἐκκλησιαστικὴν
1557 337 1743 372 φυλάττεσθαι
1760 347 1810 365 και

1017 382 1148 409 τάστασιν
1175 382 1272 415 οὕτως,
1298 382 1337 415 ὡς
1362 383 1465 418 μηδένα
1486 383 1541 410 τῶν
1563 383 1686 418 ἀδελφῶν
1706 383 1809 419 τολμᾷν

1018 427 1112 454 ἐαυτὸν
1126 428 1264 463 προτιμᾷν
1277 428 1422 464 προπετῶς
1435 428 1490 455 τῶν
1502 428 1557 463 πρὸ
1570 429 1666 462 αὑτοῦ,
1679 429 1748 456 ἀλλὰ
1761 430 1810 457 καὶ

1016 472 1035 499 ἃ
1049 473 1110 504 ταῖς
1122 474 1172 508 τῆς
1187 474 1300 509 ἀγάπης
1315 474 1425 508 τάξεσιν
1439 474 1483 501 ἀεὶ
1503 475 1659 511 παρεσχέοη
1671 476 1728 507 τοῖς
1743 484 1809 511 προ-

1016 518 1117 553 τέροις,
1130 519 1203 555 ἅπερ
1217 521 1241 546 oi
1260 520 1505 553 ἐπακολουθοῦντες
1528 522 1677 556 χαριέντως
1699 521 1808 548 κατεδέ-

1018 562 1115 595 ξαντο·
1141 564 1244 600 ταύτην
1264 564 1311 592 οὖν
1333 566 1383 600 τὴν
1405 566 1483 598 τάξιν
1505 566 1663 602 κελεύσειή
1687 566 1808 601 ὑμετέρα

1018 609 1157 645 ἀγιωσύνη
1178 610 1341 646 κρειττόνως
1358 613 1419 643 ταῖς
1436 612 1583 648 ὑμετέραις
1599 611 1751 644 διαλαλιαῖς
1764 612 1808 648 βε-

1017 654 1143 683 σαιῶσαι.

1053 701 1108 732 πθ¹,
1134 702 1268 738 Αὐρήλιος
1293 702 1443 735 ἐπίσκοπος
1469 700 1546 731 εἶπεν
1560 711 1568 720 '
1581 703 1638 731 Οὐκ
1653 704 1737 739 ἐχρῆν
1759 703 1809 738 μὲν

1017 747 1091 782 ἡμᾶς
1103 747 1190 774 ταῦτα
1203 748 1451 784 ἐπαναλαμϐάνειν,
1468 749 1492 775 εί
1515 749 1552 784 μὴ
1577 749 1624 775 ἐὰν
1640 749 1719 784 τυχὸν
1737 750 1808 776 ἀκα-

1017 793 1142 829 τανόητοι
1164 793 1279 821 διάνοιαί
1304 803 1385 821 τινων
1407 794 1576 830 ἀνεφύησαν,
1602 795 1630 821 αι
1651 794 1718 829 πρὸς
1744 794 1809 825 τοὺς

1017 839 1097 874 ὄρους
1112 838 1226 870 τούτους
1250 839 1300 871 τὰς
1323 839 1463 874 ἡμετέρας
1486 839 1627 874 αἰσθήσεις
1649 839 1807 871 ὀξύνουσαυ

173 896 257 916 causa
281 893 332 921 est,
351 896 433 923 quam
450 887 600 916 insinuavit
622 886 707 914 frater
727 891 756 915 et
783 887 964 914 consacerdos

1021 883 1076 911 ἀλλ’
1089 883 1184 919 ἐπειδὴ
1198 883 1267 920 αὕτη
1283 885 1361 919 κοινή
1376 885 1449 911 ἐστιν
1467 885 1552 917 αἰτία,
1568 885 1602 920 ἦν
1621 884 1667 911 νῦν
1682 883 1808 918 ἐνεφάνιο

174 939 278 968 noster,
298 939 328 962 ut
347 935 540 969 unusquisque
561 938 687 962 nostrum
706 933 830 961 ordinem
851 932 903 960 sibi
918 932 965 960 de-

173 984 278 1008 cretum
293 988 308 1008 a
323 978 378 1007 Deo
391 983 548 1015 cognoscat,
561 984 588 1007 et
601 979 767 1014 posteriores
780 976 964 1005 anterioribus

174 1026 310 1058 deferant,
329 1033 379 1052 nec
397 1026 437 1054 eis
455 1025 622 1052 inconsultis
639 1024 740 1059 aliquid
757 1031 839 1059 agere
859 1030 963 1058 praesu-

173 1076 260 1099 mant.
275 1072 334 1105 Qua
352 1071 385 1098 de
399 1079 428 1098 re
442 1071 515 1102 dico,
535 1075 615 1105 prout
631 1075 726 1104 captus
743 1068 828 1096 animi
850 1068 903 1096 mei
919 1075 963 1095 re-

173 1118 253 1150 tinet,
267 1125 315 1145 eos
330 1118 376 1152 qui
390 1116 546 1152 putaverint
562 1116 663 1151 spretis
690 1115 840 1150 majoribus
859 1114 963 1149 aliquid

172 1164 402 1198 praesumendum,
418 1168 604 1198 competenter
619 1163 654 1190 ab
669 1163 743 1190 omni
757 1161 875 1190 concilio
886 1168 964 1189 coer-

171 1210 281 1237 cendos.
948 1217 951 1219 ί

206 1295 360 1335 Xantippus
374 1298 520 1332 episcopus
530 1296 626 1332 primae
636 1297 710 1325 sedis
722 1295 856 1324 Numidiae
875 1296 961 1324 dixit-

170 1343 418 1370 Audivitomuium
433 1342 549 1371 fratrum
571 1343 722 1378 praesentia
742 1342 963 1377 prosecutionem

170 1389 265 1416 fratris
288 1394 316 1417 et
342 1390 494 1418 sacerdotis
515 1391 603 1418 nostri
629 1390 750 1422 Aurelii,
765 1389 831 1425 quid
856 1390 889 1417 ad
906 1391 965 1418 haec

171 1434 329 1470 respondit?

206 1526 291 1562 228
302 1526 426 1555 Datimus
453 1528 597 1563 episcopus
620 1527 712 1555 dixit:
736 1527 803 1561 Quae
826 1528 962 1563 majorum

172 1573 293 1600 decrevit
310 1573 455 1606 sententia,
471 1565 558 1602 nostri
573 1574 708 1602 asseusui
721 1573 962 1609 mancipabuntur,

174 1624 206 1647 ut
221 1627 281 1654 qua:
303 1620 506 1654 praeteritorum
522 1615 703 1649 conciliorum
728 1621 813 1656 gestis
828 1625 961 1648 tenentur

172 1664 400 1700 Cartbaginensis
423 1665 562 1699 Ecclesiae,
585 1671 681 1694 nostra
705 1666 867 1694 assensione
885 1666 965 1701 plene

174 1711 246 1746 apud
259 1719 355 1740 omnes
369 1712 476 1739 ilrmata
493 1716 645 1739 teneantur.

214 1801 344 1830 Uuiversi
360 1802 480 1837 episcopi
494 1802 624 1830 dixerunt
637 1812 643 1830 :
656 1803 707 1832 Hic
720 1802 788 1831 ordo
801 1809 829 1831 et
847 1811 862 1831 a
878 1804 966 1831 Patri-

177 1848 238 1879 bus,
251 1852 278 1874 et
293 1855 309 1875 a
326 1847 476 1882 majoribus
501 1853 626 1876 servatus
639 1854 693 1882 est,
717 1854 744 1877 et
759 1857 773 1876 a
795 1849 886 1882 nobis,
911 1850 966 1878 Deo

179 1893 307 1928 propitio,
324 1893 488 1926 servabitur,
501 1893 577 1922 salvo
590 1895 672 1922 etiam
685 1895 748 1930 jure
763 1896 898 1931 primatus
912 1895 967 1924 Nu-

177 1939 268 1967 midia:
282 1944 309 1967 et
328 1939 511 1972 Mauritaniae,
527 1940 561 1968 de
577 1941 690 1969 archivo
705 1947 731 1969 et
755 1943 897 1970 matricula
911 1942 968 1970 Nu-

177 1983 279 2012 midiae.
307 1984 410 2012 Deinde
435 1978 538 2020 placuit
562 1986 691 2015 omnibus
711 1987 846 2023 episcopis
869 1989 915 2023 qui
939 1989 967 2016 iu

177 2031 230 2058 hoc
244 2031 361 2058 concilio
374 2031 609 2067 subscripserunt,
625 2038 656 2060 ut
673 2034 816 2061 matricula
831 2039 858 2062 ct
876 2035 966 2062 archi-

176 2085 228 2105 vus
241 2076 375 2106 Numidiae
385 2099 393 2112 ,
411 2083 438 2106 et
450 2079 520 2114 apud
535 2079 652 2114 primam
664 2080 756 2108 sedem
771 2081 817 2114 sit,
829 2086 856 2108 et
872 2081 899 2108 iu
915 2089 968 2108 me-

178 2124 289 2159 tropoli,
303 2125 330 2152 id
343 2129 396 2159 est,
412 2125 605 2154 Constantina.

213 2261 248 2288 Ut
264 2263 380 2297 episcopi
392 2264 438 2298 qui
449 2265 620 2296 ordinantur,
637 2264 670 2291 ab
691 2264 889 2291 ordinatoribus
911 2265 967 2292 suis

175 2308 301 2342 epistolas
314 2310 459 2344 accipiant,
476 2317 534 2345 qum
546 2310 614 2337 diem
630 2315 655 2337 et
664 2310 797 2337 consulem
810 2310 967 2344 praeferant.

211 2441 314 2469 Deinde
334 2442 437 2477 placuit
460 2444 472 2460 ⁵
500 2443 568 2478 (69),
607 2448 638 2472 ut
658 2445 817 2480 quicunque
838 2445 968 2481 deinceps

175 2488 209 2516 ab
232 2488 370 2524 episcopis
387 2490 550 2518 ordinantur
567 2499 615 2526 per
638 2491 793 2526 provincias
806 2490 963 2525 Africanas,

174 2536 281 2563 litteras
290 2535 427 2570 accipiant
440 2537 475 2564 ab
484 2537 688 2566 ordinatoribus
699 2538 756 2566 suis
771 2545 853 2565 manu
867 2545 964 2566 eorum

174 2583 356 2618 conscriptas,
370 2585 542 2612 continentes
554 2585 694 2613 consulem
708 2589 736 2613 et
745 2585 816 2613 diem
830 2593 837 2612 :
852 2590 882 2613 ut
892 2586 965 2614 nulla

174 2630 315 2660 altercatio
334 2631 367 2659 de
377 2632 575 2668 posterioribus
596 2632 637 2660 vel
654 2631 837 2660 anterioribus
850 2632 964 2660 oriatur.

212 2753 223 2768 '
234 2753 319 2782 (Jonc.
335 2754 421 2782 Afric.
437 2761 498 2788 cap.
512 2753 556 2781 56.

209 2833 266 2866 (69)
282 2832 350 2860 Vide
376 2834 492 2867 August.
513 2833 593 2867 epist.
609 2832 672 2862 958,
688 2832 720 2857 ad
737 2832 902 2859 Castorium.

212 2868 268 2902 170)
285 2868 363 2902 Apud
374 2868 547 2904 Bcvercgium
565 2867 750 2900 Ξάγκτιππος.

1018 939 1063 957 σεν
1080 930 1094 956 ὁ
1113 930 1230 965 ἀδελφὸς
1252 931 1300 958 καὶ
1323 931 1531 967 συλλειτουργὸς
1546 930 1634 966 ἡμῶν,
1652 930 1723 957 ὥστε
1738 930 1808 957 ἐκα-

1016 985 1078 1004 στον
1090 977 1169 1012 ἡμῶν
1192 976 1385 1011 ἐπιγινώσκειν
1398 977 1447 1012 τὴν
1474 977 1550 1013 παρὰ
1570 976 1618 1003 τοῦ
1634 975 1702 1003 Θεοῦ
1721 976 1809 1011 ψηφι-

1016 1023 1126 1050 σθείσαν
1139 1023 1213 1058 αὑτῷ
1226 1022 1303 1055 τάξιν
1316 1031 1323 1038 ·
1340 1023 1386 1050 καὶ
1399 1024 1442 1050 ῐνα
1455 1024 1480 1050 οἱ
1506 1023 1729 1058 μεταγενέστεροι
1750 1023 1808 1054 τοῖς

1015 1068 1159 1104 προτέροις
1173 1069 1341 1104 ἀναφέρωσι,
1357 1069 1405 1096 καὶ
1422 1069 1460 1105 μὴ
1478 1069 1635 1104 τολμήσωσι
1649 1067 1725 1104 παρὰ
1739 1067 1808 1101 γνώ-

1016 1123 1071 1150 μην
1082 1115 1185 1142 τούτων
1198 1115 1226 1142 τί
1238 1124 1303 1142 ποτε
1320 1115 1461 1151 πράττειν,
1480 1115 1524 1142 διὰ
1535 1115 1615 1141 τοῦτο
1627 1114 1698 1149 λέγω
1714 1113 1807 1146 καθὼς

1014 1160 1060 1187 τὸν
1080 1161 1146 1196 ἐμὸν
1160 1161 1306 1197 ὑποτρέχει
1329 1161 1469 1197 λογισμὸν,
1485 1161 1549 1193 τοὺς
1570 1159 1806 1196 καταφρονοῦντας

1014 1206 1069 1234 τῶν
1085 1208 1138 1243 πρὸ
1153 1208 1254 1240 αὐτῶν,
1271 1208 1318 1235 καί
1334 1217 1394 1235 τινα
1409 1207 1635 1243 ἀποτολμῶντας,
1653 1206 1806 1237 κωλυτέους

1014 1253 1151 1288 ἁρμοδίως
1166 1251 1235 1280 εἶναι
1248 1253 1302 1280 ἀπὸ
1316 1253 1407 1289 πάσης
1422 1254 1473 1288 τῆς
1488 1252 1610 1280 συνόδου.

1049 1299 1224 1333 Σάγκτιππος
1234 1298 1292 1335 (70)
1314 1299 1464 1331 ἐπίσκοπος
1481 1300 1530 1334 τῆς
1542 1298 1654 1334 πρώτης
1670 1297 1807 1332 καθέδρας

1013 1344 1064 1378 τῆς
1077 1344 1238 1380 Νουμηδίας
1250 1342 1339 1371 εἶπεν·
1358 1345 1495 1371 Ἤκουσεν
1508 1345 1525 1379 ἡ
1541 1344 1650 1370 πάντων
1662 1343 1716 1370 τῶν
1729 1343 1807 1370 ἀδελ-

1015 1389 1074 1424 φῶν
1089 1389 1226 1424 παρουσία
1249 1389 1299 1424 τὴν
1322 1388 1533 1424 ἐξακολοὺθησιν
1553 1387 1599 1414 τοῦ
1617 1387 1732 1422 ἀδελφοῦ
1759 1387 1808 1414 καὶ

1015 1435 1161 1470 συνιερέως
1177 1434 1256 1470 ἡμῶν
1274 1434 1422 1470 Αὑρηλίου,
1439 1434 1465 1461 τί
1489 1433 1559 1470 πρὸς
1583 1432 1670 1460 ταῦτα
1690 1431 1807 1467 ἀποκρί-

1015 1489 1092 1508 νεται
1100 1490 1108 1513 ;

1050 1527 1168 1560 Δατϊμος
1177 1526 1233 1560 (Ἠ)
1246 1525 1395 1557 ἐπίσκοπος
1407 1525 1495 1552 εἶπεν·
1510 1525 1550 1552 Τὰ
1561 1525 1636 1560 παρὰ
1651 1525 1701 1558 τῆς
1715 1523 1809 1559 ψήφου

1015 1573 1070 1600 τῶν
1083 1572 1204 1608 ἀρχαίων
1218 1572 1371 1609 ὁρισθέντα,
1389 1573 1422 1607 τῇ
1444 1571 1569 1607 ἡμετέρᾳ
1584 1569 1737 1598 συναινέσει
1754 1571 1811 1597 ἐκ·-

1015 1619 1194 1654 δοθήσονται·
1208 1619 1251 1645 ἵνα
1265 1617 1303 1644 τὰ
1325 1617 1508 1653 περιεχόμενα
1529 1618 1585 1648 τοῖς
1601 1615 1811 1652 πεπραγμένοις

1015 1664 1071 1691 τῶν
1085 1663 1228 1699 προτέρων
1244 1663 1361 1690 συνόδων
1382 1663 1410 1689 ἐν
1422 1663 1455 1698 τῇ
1478 1664 1507 1689 ὲν
1522 1661 1676 1697 Καρχηδόνι
1694 1661 1811 1696 Ἐκκλη-

1018 1711 1073 1746 σίᾳ,
1089 1709 1162 1737 κατὰ
1180 1709 1230 1745 τὴν
1248 1709 1386 1744 ἡμετέραν
1407 1708 1562 1735 συναίνεσιν
1585 1707 1812 1743 πεπληρωμέναις

1018 1756 1114 1792 βέϐαια
1131 1756 1207 1792 παρὰ
1226 1757 1293 1782 πᾶσι
1309 1755 1492 1790 φυλαχθῶσιν.

1053 1802 1215 1837 Σύμπαντες
1232 1801 1257 1828 οἱ
1271 1801 1414 1827 ἐπίσκοποι
1430 1798 1517 1827 εῐπον·
1540 1800 1573 1827 Ἦ
1584 1799 1662 1833 τάξις
1675 1798 1745 1834 αὕτη
1762 1799 1812 1826 καὶ

1018 1848 1071 1875 ἀπὸ
1085 1847 1140 1874 τῶν
1156 1847 1297 1882 Πατέρων,
1314 1847 1360 1873 καὶ
1375 1846 1430 1873 ἀπὸ
1447 1845 1502 1873 τῶν
1521 1846 1643 1881 ἀρχαίων
1659 1845 1811 1880 ἐφυλάχθη,

1018 1895 1066 1921 καὶ
1079 1895 1127 1929 ἀφ’
1140 1894 1219 1929 ἡμῶν
1233 1893 1305 1921 κατὰ
1321 1892 1495 1928 συγχώρησιν
1509 1891 1578 1918 Θεοῦ
1592 1891 1812 1926 ιρυλιιχοήσεται⁹

1021 1939 1177 1975 σωζομένου
1197 1939 1238 1966 ἔτι
1264 1937 1317 1973 μὴν
1340 1937 1388 1964 τοῦ
1410 1937 1517 1964 δικαίου
1541 1936 1597 1964 τῶν
1613 1936 1812 1972 πρωτευόντων

1018 1986 1069 2020 τῆς
1086 1985 1246 2021 Νουμηδίας
1265 1984 1313 2010 καὶ
1337 1983 1538 2019 Μαυριτανίας,
1563 1983 1596 2009 ἐκ
1614 1982 1661 2009 τοῦ
1678 1981 1813 2018 χαρτοθε-

1020 2032 1078 2058 σίου
1095 2031 1142 2058 καὶ⁹
1159 2030 1304 2066 ματρικίου
1320 2030 1369 2065 τῆς
1383 2028 1555 2064 Νουμηδίαςσ
1573 2028 1656 2064 ἤρεσε
1674 2028 1742 2054 πᾶσι
1755 2027 1813 2058 τοῖς

1019 2077 1180 2108 ἐπισκόποις
1201 2077 1258 2107 τοῖς
1277 2075 1307 2102 ὲν
1330 2075 1417 2110 ταύτῃ
1437 2075 1471 2110 τῇ
1487 2073 1588 2108 συνόδῳ
1607 2072 1812 2108 ὑπογράψασιν,

1019 2123 1063 2150 ἵνα
1078 2122 1109 2150 τδ
1125 2121 1268 2157 ματρίκιον
1285 2120 1332 2147 καὶ
1348 2119 1504 2155 ἀρχέτυπον
1516 2119 1566 2152 τῆς
1578 2117 1746 2154 Νουμηδίας,
1763 2118 1814 2144 καὶ

1019 2169 1059 2200 είς
1073 2169 1122 2204 τὴν
1136 2167 1248 2203 πρώτην
1273 2166 1408 2202 καθέδραν
1435 2163 1463 2202 ᾖ,
1482 2165 1530 2192 καὶ
1550 2165 1590 2196 εἰς
1605 2164 1655 2199 τὴν
1671 2164 1814 2200 μητρόπο-

1019 2215 1061 2242 λιν
1077 2213 1296 2241 Κωνσταντιναν.

1054 2260 1126 2295 Περὶ
1139 2259 1332 2287 ὰπολυτικῶν
1344 2258 1422 2286 ὥστε
1435 2257 1507 2291 τοὺς
1525 2255 1814 2292 χειροτονουμένους

1017 2306 1217 2339 ἐπισκόπους,
1247 2305 1307 2332 ἀπὸ
1334 2304 1395 2331 τῶν
1425 2303 1680 2338 χειροτονούντων
1698 2301 1814 2333 αὐτοὺς

1019 2352 1184 2384 ἐπιστολὰς
1205 2351 1381 2386 λαμϐάνειν,
1404 2349 1440 2377 ἐν
1454 2347 1504 2383 αἷς
1523 2349 1542 2383 ἤ
1558 2357 1590 2376 τε
1611 2347 1707 2383 ἡμέρα
1730 2346 1781 2374 καὶ
1796 2347 1814 2374 ό

1019 2398 1133 2431 ὕπατος
1151 2396 1341 2432 προφέρεται.

1054 2444 1171 2470 Ἔπειτα
1185 2443 1301 2478 ἤρεσεν,
1331 2442 1375 2468 ἴνα
1391 2441 1491 2472 οἵτινες
1514 2440 1614 2476 δήποτε
1631 2438 1702 2474 μετὰ
1721 2437 1815 2465 ταῦτα

1019 2487 1242 2524 χειροτονῶνται,
1266 2487 1319 2514 ἀνὰ
1348 2486 1399 2518 τὰς
1422 2486 1474 2520 τῆς
1505 2485 1639 2520 Ἀφρικῆς
1663 2482 1813 2518 ἐπαρχίας,

1019 2536 1171 2571 γράμματα
1183 2534 1288 2561 λάϐωσι
1301 2532 1378 2569 παρὰ
1389 2533 1444 2560 τῶν
1460 2531 1686 2567 χειροτονούντων
1697 2530 1812 2561 αὐτοὺς,

1018 2583 1050 2617 τῇ
1076 2582 1147 2617 χειρὶ
1173 2580 1263 2608 αὐτῶν
1296 2579 1544 2614 ὑπογεγραμμένα,
1573 2577 1738 2613 περιέχοντα
1763 2575 1814 2602 τὸν

1019 2628 1122 2654 ὕπατον
1139 2627 1186 2654 καὶ
1200 2626 1249 2662 τὴν
1260 2626 1366 2661 ἡμέραν
1379 2634 1385 2640 ’
1399 2625 1469 2652 ὥστε
1483 2624 1619 2660 μηδεμίαν
1634 2622 1817 2659 ἀμφισϐήτη-

1020 2682 1063 2701 σιν
1078 2673 1142 2709 περὶ
1156 2673 1277 2708 ὑστέρων
1289 2672 1306 2707 ἢ
1321 2672 1461 2708 προτέρων
1477 2670 1644 2706 ἀναφυῆναι.

1049 2830 1103 2866 (7|)
1120 2831 1197 2866 Apud
1214 2831 1388 2866 Bovercgium
1401 2829 1551 2865 Διατίμιος.
