1954 3080
107 141 156 174 697

180 200 318 229 Συνόδου
336 202 549 237 οικουμενικῆς
562 203 652 238 ἕκτης
665 204 767 232 κανὼν
780 206 813 238 ζ’.

139 247 171 281 ζ’.
193 247 302 283 Ἐπειδὴ
333 248 534 284 μεμαθήκαμεν
563 249 591 277 ἐν
617 259 672 278 τισι
694 252 750 278 τῶν
778 252 893 288 Ἐκκλη-

107 294 181 325 σιῶν,
205 293 345 324 διακόνους
368 294 513 329 τυγχάνειν
535 295 651 330 ὸφφίκια
677 296 893 332 ἑκκλησιαστιχὰ

105 339 224 375 ἔχοντας,
238 338 362 366 ἐντεῦθέν
373 338 404 366 τὲ
414 347 490 372 τινας
502 340 592 367 αὐτῶν
607 342 738 377 αὐθαδείᾳ.
751 343 798 369 καὶ
810 343 892 369 αὺτο-

104 383 183 420 νομίᾳ
201 385 400 420 κεχρημένους,
414 385 468 420 πρὸ
489 385 544 412 τῶν
560 386 755 421 πρεσϐυτέρων
778 387 893 419 καθέζε-

105 430 175 463 σθαι,
191 429 320 466 ὁρίζομεν
334 430 405 458 ὥστε
419 431 465 458 τὸν
480 431 614 465 διάκονον,
636 432 688 459 κᾶν
704 433 733 458 ὲν
744 432 891 468 ἀξιώματι,

103 476 240 503 τουτέστιν
259 477 288 503 ὲν
300 477 420 512 ὀφφικίῳ
433 476 474 512 τῷ
497 477 647 513 οίῳδήποτε
670 478 893 514 ἐκκλησιαστικῷ

102 520 240 554 τυγχάνοι,
253 520 299 546 τὸν
312 520 432 547 τοιοῦτον
446 520 483 556 μὴ
500 521 553 557 πρὸ
564 521 611 548 τοῦ
627 522 813 558 πρεσϐυτέρου
825 523 893 550 καθα

103 565 224 598 έζεσθαι,
242 566 321 598 ἐκτὸς
346 566 371 592 εί
388 567 425 602 μὴ
449 567 480 593 τὺ
495 567 640 602 πρόσωπον
662 568 769 604 ἐπέχων
791 569 838 596 τοῦ
857 570 894 596 ol-

103 612 178 639 κείου
202 612 402 648 πατριάρχουῆ
429 612 639 648 μητροπολίτου,
657 614 687 641 έν
713 614 796 650 ἑτέρᾳ
817 615 893 642 πόλει

102 659 301 693 παραγένηται,
317 659 364 685 ἐπί
388 667 442 685 τινι
456 659 600 694 κεφαλαίῳ
610 667 617 674 ·
635 659 697 687 τότε
715 661 770 696 γὰρ
784 661 823 693 ὡς
847 661 893 688 τὸν

102 704 207 730 ἐκείνου
227 703 309 730 τόπον
329 703 507 740 ἀναπληρῶν,
534 704 732 740 τιμηθήσεται·
755 706 780 732 ει
805 706 835 733 δέ
850 715 893 739 τις

101 748 208 775 τοιοῦτο
229 749 360 785 τολμήσει
385 749 540 785 τυραννικῷ
563 750 706 786 χρώμενος
728 751 823 786 θράσει
839 751 894 778 δια-

102 795 269 832 πράξασθαι,
285 797 299 822 ό
314 796 433 828 τοιοῦτος
451 797 484 824 ὲκ
497 797 545 823 τοῦ
566 797 666 824 οἰκείου
681 797 894 830 καταϐιϐασθεὶς

102 842 219 877 βαθμοῦ,
240 842 354 878 ἔσχατος
375 842 486 870 πάντων
500 842 622 877 γενέσθω
644 843 691 870 τοῦ
711 844 740 870 ὲν
755 841 832 879 ᾧπερ
847 853 894 871 κα-

531 146 732 178 SYNTAGMA
748 147 943 180 CANONUM.
969 161 1005 167 -
1025 149 1101 181 TlT.
1121 149 1176 186 IX,
1192 150 1271 179 CAP.
1287 149 1312 180 Ι.

1682 151 1736 183 698

1106 205 1218 234 Concilii
1234 205 1388 233 aecumenici
1404 212 1431 233 v1
1445 213 1530 232 canon
1546 205 1573 233 7.

981 250 1009 277 7.
1027 249 1161 283 Quoniam
1170 250 1180 265 °
1196 250 1222 277 in
1232 249 1372 277 nonnullis
1381 250 1504 278 ecclesiis
1512 250 1641 279 diaconos
1649 250 1738 280 oﬂicia

946 295 1131 323 ecclesiastica
1154 295 1254 322 habere
1276 294 1435 327 didicimus,
1451 299 1478 322 et
1494 302 1527 322 ex
1550 295 1602 323 hoc
1619 296 1738 323 nonnul-

946 340 989 368 los
1003 348 1098 368 eorum
1123 340 1290 374 arrogantia.
1307 344 1334 367 et
1350 340 1462 368 licentia
1477 340 1561 368 fretos
1574 344 1637 368 antc
1654 340 1737 375 229

946 387 1120 422 presbyteros
1136 386 1241 424 sedere.
1266 386 1413 414 statuimus
1424 391 1454 414 ut
1468 386 1612 419 diaconus,
1628 387 1736 414 etiamsi

946 431 1131 466 indignitate,
1152 431 1178 458 id
1199 436 1251 464 est,
1277 431 1304 458 in
1331 431 1431 466 quovis
1443 431 1479 459 sit
1494 431 1584 459 olﬁcio
1606 432 1737 459 ecclesia-

947 476 1026 510 stico,
1052 482 1115 505 ante
1132 477 1322 512 presbyterum
1341 484 1374 504 ne
1389 477 1492 509 sedeat,
1511 482 1692 512 praeterquam
1712 477 1737 504 si

946 523 1049 559 proprii
1070 522 1234 558 patriarchas
1257 522 1299 550 vel
1317 522 1519 558 metropolitani
1532 523 1620 550 viceni
1639 531 1737 558 gerens

947 569 1018 597 adsit
1031 569 1058 596 in
1072 569 1124 596 alia
1139 568 1250 596 civitate
1260 576 1343 603 super
1353 569 1446 604 aliquo
1457 569 1565 604 capite:
1582 574 1647 597 tunc
1662 569 1736 596 enim

947 620 978 643 ut
991 615 1081 643 locum
1096 615 1169 642 illius
1183 615 1298 649 implens
1315 615 1507 644 honorabitur.
1523 615 1552 643 Si
1567 616 1629 651 quis
1645 620 1735 642 autem

948 660 1089 696 tyrannica
1122 660 1257 688 adductus
1287 660 1412 694 audacia,
1449 661 1503 689 tale
1535 661 1601 696 quid
1632 661 1737 689 ellicere

947 713 1032 734 ausus
1049 705 1141 738 fuerit,
1159 706 1182 733 is
1197 714 1230 733 ex
1246 707 1359 741 proprio
1374 707 1459 742 gradu
1476 707 1599 742 deiectus
1620 707 1657 734 sit
1674 714 1736 734 om-

947 751 1022 778 nium
1039 752 1154 779 ultimus
1169 751 1230 786 ejus
1242 751 1358 784 ordinis,
1375 752 1403 779 in
1417 752 1498 787 cujus
1513 757 1557 779 est
1569 752 1693 787 catalogo
1708 752 1736 779 iu

947 805 997 826 sua
1023 797 1157 830 Ecclesia,
1183 798 1301 825 Domino
1325 803 1422 826 nostro
1452 798 1626 831 admonente.
1651 806 1686 825 ne
1707 798 1737 825 in

947 844 1042 878 primis
1058 843 1169 872 sedibus
1184 843 1365 876 delectemur,
1380 844 1533 871 secundum
1545 851 1617 876 eam,
1633 851 1695 879 quae
1709 845 1737 871 in

101 888 246 921 ταλέγεται
261 888 404 923 τάγματος
417 888 446 914 ὲν
460 889 493 923 τῇ
512 889 573 915 κατ’
584 888 666 915 αὑτὸν
679 889 812 925 ἐκκλησίᾳ
824 897 831 906 ·
846 888 894 916 τοῦ

949 894 1041 918 sancto
1065 889 1231 924 evangelista
1265 889 1350 922 Luca.
1367 894 1398 916 ut
1413 897 1446 916 ex
1462 890 1575 916 domino
1599 895 1696 917 nostro
1710 895 1738 917 et

101 933 207 969 Κυρίου
220 935 286 969 ἡμῖν
302 934 509 969 παραινοῦντος,
526 933 564 970 μὴ
581 934 687 970 χαίρειν
708 936 769 967 ταῖς
789 943 897 971 πρωτο-

101 981 231 1013 κλισίαις,
247 980 321 1008 κατὰ
340 981 389 1015 τὴν
402 981 432 1008 ὲν
455 980 495 1016 τῷ
514 981 585 1017 ἁγίῳ
606 981 786 1018 εὐαγγελιστῇ
805 983 896 1018 Λουκᾷ

99 1027 140 1059 ὡς
150 1027 180 1059 ἐξ
186 1026 267 1054 αὑτοῦ
280 1027 383 1063 Κυρίου
395 1027 474 1062 ἡμῶν
485 1027 533 1054 καὶ
542 1027 610 1054 Θεοῦ
625 1027 755 1064 κειμένην
766 1028 896 1055 διδασκα-

98 1073 172 1100 λίαν.
192 1073 289 1107 Ἔλεγε
303 1073 356 1109 γὰρ
372 1073 442 1108 πρὸς
456 1074 520 1105 τοὺς
530 1073 716 1109 κεκλημένους
739 1074 895 1110 παρασολην

98 1121 209 1155 ἐπέχων
226 1120 286 1151 πῶς
304 1121 354 1152 τὰς
379 1120 581 1155 πρωτοκλισίας
603 1119 780 1154 ὲξελέγοντο-
807 1121 895 1154 λέγων

99 1167 169 1202 πρὸς
185 1166 284 1197 αὐτούς
294 1174 302 1182 ο
315 1166 409 1193 Ὅταν
417 1165 534 1200 κληθῇς
545 1166 606 1193 ὑπό
619 1175 701 1199 τινος
713 1167 757 1200 είς
768 1166 894 1202 γάμους,

95 1212 141 1246 μὴ
159 1210 344 1245 κατακλιθῇς
365 1212 410 1244 εις
427 1211 486 1245 τὴν
507 1212 742 1245 πρωτοκλισίαν,
756 1212 799 1246 μή
824 1220 896 1239 ποτε

96 1257 290 1290 ἐντιμότερός
299 1265 358 1283 σου
365 1253 386 1292 ᾖ
400 1255 647 1291 κεκλημένος-,ξύστ’
660 1257 765 1288 αὑτοῦ,
782 1257 830 1284 καὶ
842 1257 894 1284 ἐλ-

96 1300 161 1329 θὼν
177 1302 194 1328 ὁ
207 1301 245 1327 σὲ
256 1301 306 1328 καὶ
319 1300 420 1334 αὐτόνῆ
428 1301 572 1334 καλέσας,
585 1300 649 1335 ἐρεῖ
660 1308 720 1334 σοι,
735 1302 791 1334 Δὸς
802 1302 896 1335 τούτῳ

95 1347 204 1379 τόπον,
217 1346 268 1373 καὶ
278 1346 346 1374 τότε
358 1346 434 1380 ἄρξῃ
451 1347 514 1381 μετ’
528 1348 679 1381 αἰσχύνης
695 1347 750 1373 τὸν
763 1347 896 1381 ἐοίκατον

95 1393 195 1419 τόπον
206 1391 356 1426 κατέχειν.
373 1392 449 1419 Ἀλλ’
466 1393 540 1420 ὅταν
558 1393 686 1428 κληθῇς,
700 1392 837 1421 ἀνάπεσε
851 1395 895 1426 είς

96 1435 154 1463 τὸν
175 1436 308 1471 ἔσχατον
330 1437 426 1464 τόπον
438 1445 446 1453 ·
461 1438 511 1464 ἵνα
528 1438 602 1464 ὅταν
618 1437 693 1472 ἔλθῃ
709 1440 726 1466 ὁ
739 1438 895 1472 κεκληκὼς

95 1483 172 1516 εἴπῃ
191 1490 251 1513 σοι.
268 1482 341 1510 Φίλε
356 1483 563 1518 προσανάϐηθι
581 1483 748 1519 ἀνώτερονο
763 1484 813 1511 καὶ
829 1484 895 1511 τότε

95 1529 187 1555 ἔσται
211 1536 261 1555 σοι
279 1529 355 1561 δόξα
383 1529 512 1556 ἐνώπιον
544 1529 606 1557 τῶν
629 1529 896 1565 συνανακειμένων

947 935 1002 962 Deo
1024 934 1156 971 profecta,
1177 934 1265 968 posita
1285 939 1328 962 est
1350 934 1515 961 doctrinam.
1539 934 1574 962 Iis
1588 935 1661 961 enim
1689 934 1736 968 qui

950 981 1038 1008 vocati
1052 985 1139 1013 erant,
1156 980 1263 1008 dicebat
1282 980 1352 1007 hanc
1370 981 1528 1014 parabolam
1547 989 1555 1007 :
1572 981 1686 1013 Quando
1703 981 1736 1007 ab

949 1025 1039 1061 aliqua
1055 1026 1090 1052 ad
1105 1026 1212 1060 nuptias
1233 1026 1361 1052 invitatus
1384 1026 1477 1060 fueris,
1490 1034 1520 1052 ne
1535 1027 1562 1052 in
1576 1026 1663 1060 primo
1678 1025 1736 1052 loco

951 1073 1119 1104 accubueris,
1144 1080 1176 1099 ne
1197 1072 1265 1107 forte
1278 1073 1411 1106 quispiam
1427 1077 1452 1099 te
1474 1072 1630 1099 honoratior
1652 1073 1684 1098 ab
1707 1080 1737 1099 eo

946 1116 1074 1144 invitatus
1088 1116 1180 1150 fuerit.
1193 1117 1266 1151 isque
1284 1116 1329 1150 qui
1349 1123 1373 1142 te
1397 1121 1422 1142 et
1444 1116 1531 1149 ipsum
1547 1116 1679 1148 invitavit,
1693 1123 1737 1143 oe-

945 1162 1002 1189 niat
1018 1167 1041 1189 et
1061 1162 1134 1188 dicat
1154 1169 1164 1188 :
1181 1161 1221 1188 Da
1242 1162 1267 1188 ei
1290 1161 1376 1188 locum
1395 1169 1404 1188 :
1421 1167 1445 1188 et
1466 1166 1528 1188 tunc
1549 1162 1657 1196 incipies
1677 1170 1737 1189 cum

944 1208 1043 1243 pudore
1059 1208 1183 1234 ultimum
1207 1207 1294 1234 locant
1309 1212 1405 1236 tenere.
1425 1206 1476 1234 Sed
1491 1207 1596 1243 quando
1609 1208 1737 1235 invitatus

945 1254 1038 1289 fueris,
1058 1255 1086 1281 in
1110 1254 1205 1280 ultimo
1224 1253 1280 1280 loco
1306 1254 1430 1280 accumbe
1451 1258 1491 1286 ut,
1512 1254 1618 1288 quando
1638 1255 1737 1281 venerit

945 1300 991 1335 qui
1007 1305 1031 1327 te
1050 1300 1180 1331 invitavit,
1201 1300 1273 1326 dicat
1296 1300 1343 1326 tibi
1362 1308 1370 1326 :
1387 1300 1487 1332 Amice,
1503 1300 1614 1327 ascende
1630 1300 1710 1327 altius
1726 1306 1737 1325 :

946 1351 1008 1373 tunc
1024 1347 1073 1374 erit
1087 1345 1135 1373 tibi
1149 1346 1236 1381 gloria
1250 1354 1340 1373 coram
1354 1347 1388 1372 iis
1404 1346 1449 1381 qui
1466 1350 1551 1372 tecum
1566 1346 1735 1373 accumbunt.

945 1391 1019 1418 Nam
1044 1392 1163 1427 quisquis
1188 1399 1214 1418 sc
1239 1391 1343 1418 extollit
1365 1390 1552 1418 ltumiliabitur
1569 1410 1576 1423 ,
1602 1395 1626 1417 et
1644 1390 1734 1425 quise

945 1437 1083 1472 Itumiliatf.
1109 1437 1271 1464 exaltabitur
1289 1436 1311 1463 '.
1341 1435 1398 1463 Hoc
1425 1436 1515 1470 ipsum
1545 1440 1637 1463 autem
1652 1435 1735 1463 etiam

944 1483 1096 1511 servabitur
1125 1484 1153 1510 in
1181 1482 1295 1516 reliquis
1321 1482 1408 1509 sacris
1432 1481 1591 1514 ordinibus,
1613 1481 1738 1516 quando-

945 1528 1418 1564 quidemszecularibusdignilatibus
1445 1527 1584 1563 spiritales
1605 1531 1737 1563 praestan-

96 1583 152 1601 σοι
161 1582 168 1589 -
180 1574 225 1602 ὅτι
241 1574 302 1608 πᾶς
311 1576 328 1602 ὁ
340 1574 429 1609 ὑψῶν
440 1575 551 1603 ἑαυτὸν
565 1576 830 1611 ταπεινωθήσεται,
846 1575 896 1603 καὶ

949 1575 1032 1602 liOres
1049 1581 1109 1602 esse
1124 1574 1238 1601 scimus.

97 1623 116 1650 ὁ
130 1620 282 1648 ταπεινῶν
293 1622 403 1649 ἑαυτὸν
417 1622 620 1656 ὑψωθήσεται.
635 1624 673 1650 To
687 1623 716 1650 δὲ
728 1623 795 1650 αὒτδ
810 1622 1015 1658 φυλαχθήσεται
1045 1622 1092 1649 καὶ
1115 1622 1162 1648 ἐπὶ
1192 1621 1247 1649 τῶν
1274 1621 1377 1649 λοιπῶν
1397 1621 1546 1658 ιερατικῶν
1567 1621 1736 1657 ταγμάτων·

96 1671 198 1707 ἐπειδὴ
216 1671 271 1698 τῶν
293 1670 364 1699 κατὰ
384 1670 488 1706 κόσμον
504 1670 669 1707 ἀξιωμάτων
689 1671 834 1708 κρείττονα
863 1672 898 1699 τὰ
919 1670 1094 1706 πνευματικὰ
1108 1669 1292 1704 ἐπιστάμεθα.

770 1854 974 1898 ΤΙΤΛΟΣ
1011 1852 1074 1898 Θ’.

99 1945 184 1974 ΠΕΡΙ
204 1945 473 1974 ΑΜΑΡΤΗΜΑΤΩΝ
493 1944 552 1972 ΚΑΙ
572 1944 677 1971 ΔΙΚΩΝ
699 1944 911 1977 ΕΠΙΣΚΟΠΩΝ,
933 1943 993 1971 KAl
1012 1943 1206 1976 ΚΛΗΡΙΚΩΝ,
1227 1943 1287 1970 ΚΑΙ
1308 1941 1518 1976 ΑΦΟΡΙΣΜΟΥ,
1537 1941 1598 1969 ΚΑΙ
1618 1941 1740 1968 ΚΔΘΔΙ-

437 1980 575 2013 ΡΕΣΕΩΣ,
597 1980 658 2007 ΚΑΙ
684 1980 767 2007 ΠΟΙΑ
785 1980 906 2007 AMAPT

949 1979 1030 2007 [ATA
1049 1980 1072 2006 Η
1091 1978 1297 2006 ΧΕΙΡΟΘΕΣΙΑ
1315 1977 1409 2006 ΛΥΕΙ.

752 2142 987 2183 TITULUS
1030 2141 1098 2180 ΙΧ.

98 2233 248 2270 230m:
262 2231 657 2270 PsecuisJugUms-us
672 2231 928 2270 εριξρρρριξωι
941 2231 985 2270 ET
1004 2225 1741 2270 ηιξ,βξςριίνρῌιςιῖιρὲε.Αςλρῖεὲρξιέιοκει

193 2268 237 2296 ET
260 2268 305 2295 DE
323 2268 567 2302 PtENlTENTlA,
587 2268 632 2296 ET
651 2267 808 2302 QUAENAM
827 2267 903 2294 pm

949 2266 986 2295 ΓΔ
1016 2265 1228 2294 SOLV’AN'I‘UR
1245 2264 1397 2293 MANUUM
1424 2262 1655 2293 IMPOSITIONE.

141 2371 268 2398 ΚΕΦΛΔ.
281 2371 317 2397 Α¹.
328 2384 364 2390 --
383 2371 467 2403 Τίνες
483 2370 531 2396 καὶ
544 2368 624 2402 παρὰ
636 2367 697 2395 τίσι
716 2367 900 2403 κατηγοροῦα

985 2366 1102 2395 CAPUT
1124 2365 1271 2395 PRIMUM.
1287 2381 1322 2387 —
1337 2366 1451 2398 Quinam
1475 2370 1500 2392 et
1522 2364 1592 2400 apud
1614 2372 1743 2400 quosnam

97 2426 159 2447 (nr
173 2418 349 2445 ἐπισκόπων
378 2415 398 2451 ἣ
425 2413 596 2449 Muptnér,‘

316 2472 345 2500 Ἀ
349 2471 510 2499 ποστόλων
527 2471 626 2499 κανὼν
643 2470 690 2498 οδ¹.

138 2530 188 2557 06'.
197 2529 361 2557 Ἐπίσκοπον
376 2527 601 2564 κατηγορηθέντα
614 2526 661 2553 ἐπί
672 2535 725 2553 τινι
736 2525 813 2562 παρὰ
826 2525 900 2559 ἀξιο-

95 2578 211 2605 πίστων
230 2575 393 2611 ἀνθρώπων,
415 2575 559 2602 καλεῖσθαι
581 2573 664 2600 αὐτὸν
684 2573 832 2608 ἀναγκαῖον
848 2571 900 2599 ὑπὸ

95 2625 160 2652 τῶν
173 2623 342 2650 ἐπισκόπων
360 2621 411 2648 κᾶν
428 2621 478 2656 μὲν
493 2621 646 2655 ὰπαντήσοι
660 2619 708 2646 καὶ
722 2618 897 2654 ὁμολογήσοι,

95 2669 281 2705 ἐλεγχθέντος
298 2667 392 2700 αὑτοῦ,
414 2666 549 2702 ὁριζέσθω
567 2666 598 2693 τὸ
621 2666 769 2700 ἐπιτίμιον.
791 2665 854 2692 Ἐὰν
870 2665 899 2691 δὲ

96 2716 275 2751 καλούμενος
293 2715 330 2750 μὴ
353 2713 514 2746 ὑπακούσοι,
535 2711 671 2738 καλείσθω
693 2711 736 2738 καὶ
761 2711 898 2747 δεύτερον,

97 2762 349 2796 ἀποστελλομένων
377 2760 422 2787 ἐπ’
445 2759 527 2787 αὐτὸν
550 2758 598 2785 δύο
611 2758 784 2785 ἐπισκόπων·
805 2757 854 2785 ἑὰν
870 2757 899 2784 δὲ

141 2856 153 2872 ⁴
167 2855 268 2882 Nim-n.
291 2855 328 2882 ιε.
368 2853 379 2869 ⁷
395 2852 451 2879 Luc
474 2860 526 2881 inv.
542 2850 617 2877 8-H.

952 2423 1077 2442 accusare
1091 2419 1188 2450 queunt
1199 2414 1333 2449 episcopos
1348 2418 1394 2440 aut
1407 2412 1514 2440 clerico:
1527 2413 1540 2438 Τ

1172 2469 1359 2505 Apostolorum
1373 2478 1458 2498 canon
1472 2469 1518 2497 τι.

989 2527 1023 2555 74
1040 2527 1109 2564 [75].
1131 2526 1296 2563 Episcopum
1319 2535 1335 2555 a
1354 2528 1420 2555 viris
1448 2527 1500 2555 llde
1522 2525 1614 2562 dignis
1637 2526 1674 2554 ob
1690 2525 1744 2554 oli-

954 2574 1020 2610 quid
1047 2578 1219 2608 accusatum,
1243 2573 1333 2609 ipsum
1357 2574 1391 2602 ab
1415 2574 1554 2609 episcopis
1580 2573 1673 2601 vocari
1693 2580 1744 2600 ne-

952 2627 1031 2648 cesse
1047 2624 1090 2648 est
1106 2629 1113 2647 :
1129 2624 1157 2647 et
1180 2620 1204 2647 si
1224 2627 1254 2647 se
1276 2620 1386 2654 quidem
1410 2619 1521 2652 stiterit,
1546 2623 1574 2646 et
1598 2618 1743 2646 confessus

955 2666 995 2694 vel
1009 2667 1153 2694 convictus
1173 2666 1219 2698 sit,
1234 2670 1371 2693 statuatur
1386 2673 1479 2701 pmna.
1504 2665 1532 2692 Si
1551 2670 1642 2692 autem
1660 2671 1744 2691 voca-

953 2718 998 2741 tus
1019 2721 1071 2740 nou
1098 2713 1230 2748 paruerit,
1255 2713 1377 2740 secundo
1397 2712 1480 2740 etiam
1497 2716 1624 2743 vocetur,
1648 2709 1744 2738 missi!

952 2761 985 2788 ad
1006 2761 1096 2796 ipsum
1113 2761 1250 2796 episcopis
1269 2761 1387 2788 duobus.
1407 2759 1439 2787 Si
1450 2759 1534 2787 etiam
1546 2758 1587 2786 sic
1605 2765 1661 2785 nou
1677 2755 1741 2784 obe-
