1954 3080
212 147 269 180 699

214 201 307 233 dierit,
335 204 448 227 vocetur
467 203 494 226 et
519 199 613 231 tertio,
630 198 738 226 duobus
763 199 797 227 ad
819 208 882 227 cum
909 203 1040 230 rursusA

214 247 308 275 missis
332 246 479 281 episuopis.
505 244 534 272 Si
551 250 642 272 autem
667 246 710 272 vcl
735 245 777 274 sic
800 253 953 280 aspernans
976 251 1004 275 et

212 296 363 318 contumax
379 297 408 317 se
432 297 486 317 non
505 290 618 322 stiterit,
639 289 761 324 synodus
780 297 812 317 ea
827 298 888 326 qua:
910 290 1004 318 viden-

215 343 271 368 tur,
294 335 424 362 adversus
443 342 506 361 eum
530 334 700 369 pronuntiet,
721 342 755 362 ne
777 334 939 363 lucrifacere
961 335 1004 363 vi-

214 383 321 414 deatur,
339 381 401 408 dum
417 380 550 416 judicium
576 380 754 415 subter-fugit.

318 427 432 455 Cancilit‘
451 426 744 460 Constantinopolitani
766 435 851 454 canon
871 426 899 454 6.

250 473 276 500 6.
296 473 430 506 Quoniam
448 472 524 499 multi
533 472 748 500 ecclesiasticum
756 472 879 500 ordinem
889 472 1007 500 confuno

213 519 278 546 dore
292 524 319 546 et
330 518 487 545 subvertere
498 517 631 550 volentes,
647 517 760 545 inimice
775 522 802 545 et
813 518 1007 553 sycophantice

214 565 294 600 231
310 564 441 591 adversus
456 563 621 591 orthodoxos
636 563 791 598 episcopos,
808 564 855 598 qui
869 563 1007 592 Ecelesias

216 609 425 642 administrant,
456 608 645 635 accusationes
675 608 809 642 quasdam
836 609 1006 644 conﬁngunt,

217 656 284 683 nihil
294 656 367 683 aliud
381 663 464 690 quam
481 654 653 682 sacerdotum
666 653 766 681 bonam
775 654 1006 682 existimationem

215 702 401 729 contaminare
415 722 421 733 .
439 705 466 728 et
483 701 509 728 in
527 708 593 735 pace
608 699 764 734 degentium
782 701 946 735 populorum
963 705 1007 729 tu-

216 747 319 779 multus
331 747 468 773 concitare
479 749 610 773 conantes
621 765 628 778 ,
645 753 677 772 ea
691 745 725 772 de
737 753 819 773 causa
831 746 932 781 placuit
944 754 1009 774 san-

213 797 267 820 cla:
283 792 388 828 synodo
410 791 600 826 episcoporum
618 791 665 826 qui
685 789 924 827 Constantinopoli
938 799 1006 819 cou-

218 842 363 870 veuerunt,
384 845 435 864 nec
447 837 506 864 sine
520 837 691 864 discussione
703 836 847 864 admittere
866 841 1009 864 accusato-

214 892 282 916 res,
303 891 353 910 nec
380 883 521 915 omnibus,
548 890 643 910 eorum
677 883 724 917 qui
753 883 890 911 Ecclesias
919 883 1008 910 adtni-
1025 878 1045 906 Β

215 930 344 960 nistrant,
360 930 552 956 accusationes
563 929 730 963 permittere,
748 935 797 956 nec
810 935 903 956 omnes
914 929 1008 956 exclu-

216 975 303 1002 dcrc:
325 974 372 1002 sed
397 975 420 1002 si
439 974 501 1009 quis
521 975 659 1009 propriam
682 974 793 1009 quidem
812 975 963 1008 querelam,
979 974 1006 1001 id

212 1025 258 1047 est
272 1020 418 1055 privatam,
441 1019 564 1046 intendat
579 1019 717 1054 episcopo,
730 1023 760 1046 ut
775 1019 939 1046 detrimento
955 1019 1006 1046 ali-

215 1074 279 1101 quo,
294 1067 334 1093 Vel
351 1066 452 1099 injuria
466 1066 556 1101 aliqua
571 1065 605 1092 ab
622 1065 681 1100 ipso
694 1064 822 1098 allectus;
834 1065 862 1092 in
872 1065 1007 1100 ejusmodi

213 1113 438 1141 accusationibus
458 1120 508 1140 nec
519 1112 690 1140 accusatoris
703 1119 860 1147 personam,
878 1120 928 1140 nec
942 1113 1008 1140 reli-

217 1161 325 1195 gionem
340 1159 501 1187 examinari.
517 1158 630 1193 Oportet
643 1157 716 1185 enim
730 1158 849 1193 episcopi
867 1159 1009 1186 conscien-

214 1207 284 1233 tiam
298 1214 359 1234 esse
380 1206 508 1234 omnibus
527 1206 616 1233 modis
632 1206 757 1238 liberam,
773 1210 803 1233 et
817 1213 879 1232 eum
896 1206 942 1240 qui
955 1205 1008 1233 sibi

216 1253 348 1288 injttriam
367 1252 467 1279 factam
480 1259 541 1279 esse
557 1251 635 1284 dicit,
647 1251 836 1286 cujuscunque
851 1253 886 1279 sit
901 1251 1010 1286 religio-

217 1300 271 1330 nis,
286 1299 332 1334 jus
348 1306 428 1326 suum
446 1298 588 1333 consequi.
603 1297 632 1325 Si
651 1302 742 1325 autem
755 1298 791 1326 sit
804 1298 906 1325 crimen
922 1297 1009 1325 eccle-

214 1345 358 1372 siasticum
369 1364 376 1376 .
393 1343 466 1378 quod
483 1343 612 1378 episcopo
635 1343 804 1375 iutettditur,
825 1346 890 1370 tunc
905 1343 1008 1370 exami-

218 1391 278 1418 nari
301 1397 435 1425 personas
456 1393 648 1417 accusatorum
674 1396 681 1414 :
707 1391 736 1415 ut
759 1387 876 1423 primum
899 1387 1009 1423 quidem

217 1437 357 1464 haereticis
377 1443 431 1463 non
453 1435 534 1463 liceat
553 1434 721 1462 orthodoxos
742 1433 888 1469 episcopos
902 1441 952 1468 pro
966 1441 1011 1460 re-

217 1484 270 1512 bus
288 1482 482 1511 ecclesiasticis
503 1489 643 1509 accusare.
665 1480 811 1508 Hmreticos
831 1485 923 1508 autem
944 1479 1013 1507 dici-

219 1539 283 1559 mus
301 1535 329 1558 et
343 1530 390 1565 qui
407 1530 472 1556 olim
491 1530 526 1556 ab
541 1528 660 1556 Ecclesia
680 1527 796 1555 abdicati
821 1532 906 1560 sunt,
924 1531 952 1554 et
964 1526 1010 1562 qui

220 1580 284 1604 sunt
306 1579 400 1610 postea
416 1582 431 1601 a
449 1574 529 1601 nobis
544 1571 767 1600 anathetuatizati
783 1580 791 1598 :
811 1571 906 1599 adhatc
921 1575 1012 1598 autem

221 1626 249 1648 et
263 1629 321 1653 eos,
342 1620 388 1655 qui
405 1627 435 1647 se
450 1627 546 1647 sanam
558 1618 670 1654 quidem
686 1617 766 1644 ﬁdem
779 1617 904 1644 conﬁteri
919 1624 974 1651 pra‘.
985 1623 1015 1645 se

220 1668 324 1699 ferunt,
340 1666 426 1694 avulsi
446 1670 536 1693 autem
561 1669 626 1693 sunt
646 1670 673 1692 et
692 1665 818 1698 abscissi,
839 1669 866 1692 et
884 1664 1014 1692 adversus

218 1714 372 1742 canonicos
382 1717 491 1739 nostros
500 1712 645 1746 episcopos
654 1711 891 1746 congregationem
901 1710 1014 1738 faciunt.

218 1758 358 1786 Praeterea
377 1761 469 1784 autem
486 1760 513 1784 et
534 1756 557 1783 si
573 1756 658 1790 aliqui
674 1762 770 1782 eorum
791 1754 825 1782 ab
848 1755 967 1782 Ecclesia
981 1755 1016 1781 ob

225 1804 332 1838 aliquas
347 1809 444 1830 causas
459 1801 536 1836 prius
554 1801 745 1832 condemnati,
765 1805 793 1828 et
809 1800 887 1835 ejecti
911 1801 951 1827 vel
967 1808 1017 1828 ex-

225 1848 420 1877 comtnunicati
441 1848 559 1880 fuerint,
579 1847 636 1874 sive
652 1855 685 1874 ex
701 1846 793 1880 clero,
815 1846 873 1874 sive
886 1854 919 1873 cx
934 1846 1018 1874 laico-

225 1903 287 1923 rum
305 1894 420 1925 ordine,
443 1901 494 1920 nec
516 1893 556 1920 eis
579 1892 662 1920 licere
689 1892 848 1927 episcopum
867 1900 1017 1925 accusare,

226 1941 386 1976 priusquam
401 1938 543 1974 propriunt
559 1938 663 1966 crimen
677 1937 866 1965 absterserint.
888 1937 1019 1965 Similiter

226 1991 316 2013 autem
338 1990 366 2012 et
381 1983 500 2019 eos,qni
523 1983 728 2018 priusz32rei
755 1982 819 2010 facti
842 1983 1019 2018 accusatique

226 2035 301 2062 sunt,
323 2036 377 2057 non
396 2029 471 2064 prius
491 2029 524 2056 ad
539 2028 661 2063 episcopi
674 2028 840 2056 velaliorum
857 2029 1017 2057 clericorum

226 2076 429 2104 accusationem
450 2074 574 2106 admitti,
583 2081 665 2108 quant
675 2081 705 2101 se
714 2073 882 2108 obiectorum
894 2074 945 2101 sibi
963 2074 1019 2101 cri-

226 2123 330 2150 tninutn
355 2122 479 2149 insontes
502 2119 683 2148 ostenderint.
708 2118 762 2146 Sed
784 2119 807 2146 si
829 2119 953 2147 nonnulli
969 2127 1020 2147 nec

227 2166 365 2200 haeretici,
390 2173 442 2193 nec
461 2164 694 2192 excommunicati
723 2163 842 2196 fuerint,
873 2171 924 2192 nec
945 2164 1021 2199 prius

227 2213 360 2246 damnati,
377 2212 419 2239 vel
435 2212 588 2246 aliquorutn
604 2210 752 2238 criminum
768 2210 906 2243 accusati,
926 2211 1018 2239 dicant
1034 2215 1055 2243 ι)

228 2265 319 2287 autem
337 2266 367 2287 se
386 2259 487 2286 habere
505 2257 614 2291 aliquas
631 2256 763 2283 adversus
787 2256 945 2290 episcopum
962 2256 1018 2284 cri—

228 2307 402 2335 minationes.
431 2311 479 2331 eos
490 2303 568 2337 jubet
580 2306 675 2329 sancta
687 2302 809 2337 synodus
820 2302 940 2336 primum
956 2302 1018 2337 qui-

229 2352 291 2379 dem
308 2350 378 2385 apnd
389 2348 538 2384 provinciae
552 2348 696 2382 episcopos
708 2348 912 2375 accusationem
925 2356 1019 2383 parse-

228 2396 290 2432 qui,
311 2400 338 2424 et
349 2396 418 2430 apud
434 2403 482 2422 eos
498 2394 613 2428 probare
626 2392 741 2420 critttina
761 2393 890 2427 episcopi,
905 2394 951 2428 qui
970 2394 1020 2421 ali-

231 2450 348 2477 quarum
366 2448 457 2468 rerum
473 2445 632 2467 accusatur.
645 2438 723 2471 Quod
737 2438 759 2466 si
771 2439 901 2471 evenerit,
918 2443 946 2466 ut
957 2447 1021 2474 pro-

230 2487 360 2516 vinciales
373 2486 498 2522 episcopi
511 2485 628 2513 crimina
641 2504 649 2516 ,
669 2491 730 2518 qua
746 2483 875 2519 episcopo
889 2484 1033 2522 intentata,

229 2538 306 2566 sunt,
320 2533 388 2560 cortr
395 2539 459 2567 gere
475 2538 530 2558 non
545 2529 663 2565 possint,
679 2534 744 2557 tttuc
757 2529 833 2565 ipsos
845 2530 976 2558 accedere
986 2532 1020 2557 ad

229 2579 364 2613 majorem
375 2576 510 2613 synodum
525 2575 655 2604 diatcesis
669 2575 742 2603 illius
757 2576 960 2611 episcoporum,
971 2584 1021 2612 pro

229 2632 314 2653 causa
337 2627 569 2655 convocatorunt;
594 2625 623 2649 et
644 2622 846 2649 accusationem
871 2629 925 2650 non
944 2624 1022 2657 prius

227 2671 389 2703 intendere,
410 2677 492 2705 quam
511 2669 538 2696 in
555 2668 665 2703 scriptis
682 2668 788 2703 aequale
801 2668 951 2703 periculum
968 2669 1020 2697 sibi

228 2721 373 2749 statuant,
390 2716 413 2744 si
427 2715 541 2750 quidem
564 2715 590 2742 in
607 2714 689 2741 rebus
702 2714 890 2742 examinandis
906 2722 1020 2742 accusa-

228 2768 289 2790 tum
301 2763 462 2798 episcopum
478 2759 640 2790 calumniari
654 2759 770 2787 convicti
788 2759 899 2788 fuerint.
917 2759 946 2788 Si
959 2760 1021 2795 quis

232 2814 323 2837 autem
342 2810 376 2837 iis
392 2816 453 2843 qua:
466 2828 474 2841 ,
493 2812 523 2834 ut
544 2806 620 2842 prius
645 2805 813 2834 declaratum
833 2810 892 2840 est,
913 2806 1020 2834 decreta

231 2854 360 2889 factum,
379 2852 561 2890 contemptis,
579 2860 662 2880 ausus
683 2851 766 2880 fuerit
787 2852 828 2879 vel
850 2852 1020 2887 imperatoris

811 149 943 179 PHOTII
970 149 1220 182 PATRIARCHM
1240 152 1294 182 (ΣΡ.

1057 203 1103 230 καὶ
1116 203 1202 236 οὕτως
1225 205 1264 239 μὴ
1278 204 1438 236 ὲπακούσοι.
1458 203 1593 231 καλείσθω
1613 205 1664 232 καὶ
1684 206 1786 241 τρίτον,
1797 207 1841 234 δύο

1055 249 1138 277 πάλιν
1156 249 1315 277 ἐπισκόπων
1334 250 1576 286 ἀποστελλομένων
1593 250 1664 286 πρὸς
1680 251 1764 279 αὐτόν
1774 259 1781 266 ·
1796 252 1841 280 ἐὰν

1054 295 1083 321 δὲ
1096 295 1145 322 καὶ
1159 295 1247 327 οὕτως
1263 296 1474 331 καταφρονήσας
1495 296 1533 331 μὴ
1555 296 1718 332 ἁπαντήσοι,
1736 297 1754 333 ή
1780 297 1842 324 σύν-

1055 341 1114 374 οδος
1128 341 1321 376 ἀποφαινέσθω
1338 342 1397 369 κατ’
1414 342 1498 370 αὐτοῦ
1515 342 1550 369 τὰ
1563 342 1705 376 δοκοῦντα,
1720 344 1793 377 ὅπως
1805 345 1840 380 μὴ

1055 387 1119 424 δόξῃ
1135 387 1287 422 κερδαίνειν
1309 387 1475 422 φυγοδικῶν.

1118 433 1254 460 Συνόὸου
1265 433 1611 467 Κωνσταντινουκόιλῑεως
1629 433 1731 461 κανὼν
1747 434 1786 468 ς’.

1092 482 1131 512 ς’.
1155 479 1266 514 Ἐπειδὴ
1283 479 1376 506 πολλοὶ
1393 480 1444 515 τὴν
1464 480 1698 516 ἐκκλησιαστικὴν
1718 481 1842 515 εὐταξίαν

1057 525 1168 559 συγχεῖν
1189 525 1236 552 καὶ
1257 525 1421 560 ἀνατρέπειν
1441 524 1612 560 βουλόμενοι,
1631 525 1784 561 φιλέχθρως
1798 527 1842 552 καὶ

1057 571 1265 605 συκοφαντικῶς
1279 571 1369 602 αἰτίας
1380 570 1456 602 τινὰς
1469 571 1541 598 κατὰ
1560 570 1615 597 τῶν
1631 571 1842 606 οίκονομούντων

1056 613 1107 645 τὰς
1128 613 1293 649 Ἐκκλησίας
1309 614 1458 649 ὀρθοδόξων
1473 614 1632 642 ἐπισκόπων
1654 614 1843 650 συμπλάσσου·

1058 667 1111 690 σιν,
1126 659 1203 686 οὐδὲν
1216 659 1309 695 ἕτερον
1323 659 1340 695 ἢ
1353 659 1475 694 χραίνειν
1488 659 1537 692 τὰς
1558 659 1613 688 τῶν
1627 660 1722 696 ἱερέων
1744 661 1843 697 ὑπολή-

1057 703 1129 739 ψεις,
1144 705 1192 732 καὶ
1200 704 1323 741 ταραχὰς
1332 705 1387 732 τῶν
1395 706 1588 740 είρηνευόντων
1597 706 1669 733 λαῶν
1676 708 1846 735 κατασκευάι

1058 750 1116 782 ζειν
1141 750 1356 786 ἐπιχειροῦντες,
1381 751 1477 778 τούτου
1499 751 1593 779 ἐνεκεν
1617 753 1699 788 ἧρεσε
1720 754 1755 789 τῇ
1781 753 1846 788 άγίᾳ

1060 795 1162 832 συνόδῳ
1189 796 1244 823 τῶν
1268 797 1298 823 ἐν
1318 797 1604 824 Κωνσταντινουπόλει
1640 797 1846 833 συνδραμόντων

1059 841 1228 875 ἐπισκόπων,
1253 842 1291 877 μὴ
1306 842 1492 876 ἀνεξετάστως
1513 843 1674 878 προσίεσθαι
1694 844 1757 875 τοὺς
1783 852 1847 870 κατ-

1059 888 1187 924 ηγόρους,
1205 888 1272 923 μηδὲ
1292 889 1376 916 πᾶσιν
1405 888 1602 925 ἐπιτρέπεσθαι
1617 889 1667 921 τὰς
1682 889 1846 925 κατηγορίας

1059 932 1196 960 ποιεῖσθαι
1211 932 1283 960 κατὰ
1302 933 1357 960 τῶν
1373 933 1590 969 οἱκονομούντων
1602 934 1652 965 τὰς
1673 934 1847 969 Ἐκκλησίες,

1061 980 1130 1015 μήτε
1145 980 1199 1016 μὴν
1214 979 1318 1012 πάντας
1332 979 1498 1007 ἀποκλείειν·
1514 980 1572 1007 ἀλλ’
1587 981 1611 1007 εί
1625 980 1675 1016 μέν
1689 989 1731 1012 τις
1744 980 1848 1007 οἰκείαν

1059 1025 1121 1052 τινὰ
1134 1025 1249 1061 μέμψιν,
1263 1025 1404 1052 τουτέστιν
1421 1026 1569 1061 ἰδιωτικὴν,
1587 1026 1722 1060 ἐπαγάγοι
1735 1025 1775 1060 τῷ
1790 1026 1850 1052 ἐπι-

1061 1071 1165 1106 σκόπῳ,
1181 1070 1219 1102 ὡς
1233 1070 1451 1106 πλεονεκτηθεὶς,
1465 1071 1482 1106 ἢ
1493 1071 1556 1100 ἄλλο
1573 1081 1599 1098 τι
1612 1071 1688 1108 παρὰ
1700 1071 1731 1098 τὸ
1744 1072 1849 1099 δίκαιον

1060 1117 1126 1152 παρ’
1137 1117 1220 1144 αὐτοῦ
1234 1116 1387 1149 πεπονθὼς,
1395 1117 1442 1144 ἐπὶ
1455 1117 1510 1144 τῶν
1523 1117 1654 1145 τοιούτων
1665 1118 1848 1153 κατηγοριῶν,

1062 1162 1100 1199 μὴ
1124 1162 1311 1196 ἐξετάζεσθαι,
1338 1163 1407 1198 μήτε
1432 1162 1579 1199 πρόσωπον
1605 1163 1666 1190 τοῦ·
1680 1163 1848 1199 κατηγόρου,

1062 1209 1131 1244 μήτε
1144 1208 1194 1243 τὴν
1207 1208 1365 1244 θρησκείαν·
1374 1208 1426 1243 χρὴ
1437 1208 1491 1244 γὰρ
1503 1208 1585 1235 παντὶ
1593 1208 1697 1244 τρόπῳ,
1711 1209 1773 1236 τότε
1786 1218 1849 1236 συν-

1060 1253 1130 1286 ειδὸς
1152 1253 1199 1280 τοῦ
1222 1254 1372 1281 ἐπισκόπου
1397 1254 1541 1290 ἐλεύθερον
1561 1253 1641 1287 εῖναι,
1658 1255 1707 1282 καὶ
1725 1255 1771 1281 τὸν
1791 1255 1852 1282 ἀδι-

1061 1300 1169 1327 κεῖσθαι
1190 1299 1304 1334 λέγοντα
1328 1300 1387 1332 οἵας
1405 1298 1468 1336 ἃνῇ
1489 1300 1649 1335 θρησκείας,
1663 1300 1719 1327 τῶν
1739 1300 1852 1328 δικαίων

1060 1345 1217 1380 τυγχάνειν.
1232 1345 1266 1372 Et
1277 1345 1306 1372 δέ
1318 1345 1546 1381 ἐκκλησιαστικὸν
1560 1346 1604 1380 εἴη
1615 1346 1646 1373 τὸ
1655 1346 1853 1382 ἐπιφερόμενον

1062 1391 1189 1427 ἔγκλημα
1204 1391 1244 1428 τῷ
1259 1392 1414 1428 ὲπισκόπῳ,
1435 1393 1498 1420 τότε
1514 1393 1710 1428 δοκιμάζεσθαι
1729 1392 1783 1429 χρὴ
1798 1393 1854 1420 τῶν

1058 1437 1290 1473 ’κατηγορούντων
1303 1437 1338 1464 τὰ
1348 1438 1490 1472 πρόσωπα,
1508 1438 1552 1465 ἵνα
1566 1439 1674 1474 πρῶτον
1683 1440 1734 1474 μὲν
1746 1440 1853 1475 αἱρετι-

1063 1483 1122 1513 κοτς
1135 1481 1174 1517 μὴ
1187 1482 1234 1517 ἐξῇ
1249 1482 1418 1517 κατηγορίας
1429 1482 1499 1509 κατὰ
1510 1482 1565 1509 τῶν
1578 1482 1727 1518 ὀρθοδόξων
1740 1483 1857 1510 ἐπισκό-

1065 1535 1124 1554 πων
1151 1527 1222 1562 ύπέρ
1238 1527 1473 1563 ἐκκλησιαστικῶν
1496 1529 1670 1564 πραγμάτων
1698 1528 1855 1556 ποιεῖσθαι⁸

1064 1573 1219 1608 αἱρετικοὺς
1233 1573 1264 1600 δέ
1279 1573 1396 1608 λέγομεν
1407 1573 1470 1606 τούς
1481 1582 1511 1601 τε
1522 1574 1607 1602 πάλαι
1620 1574 1672 1609 τῆς
1692 1574 1858 1610 Ἐκκλησίας

1063 1614 1318 1653 ἀποκηρυχθέντας,
1346 1619 1394 1646 καὶ
1415 1619 1480 1651 τοὺς
1504 1620 1575 1654 μετὰ
1596 1620 1683 1648 ταῦτα
1706 1620 1752 1655 ὑφ’
1776 1620 1858 1656 ἡμῶν

1064 1663 1342 1699 άναθεματισθὲντας·
1371 1664 1439 1699 πρὸς
1463 1664 1492 1691 δὲ
1514 1664 1629 1697 τούτοις,
1655 1665 1702 1693 καὶ
1721 1666 1785 1697 τοὺς
1807 1666 1859 1702 τὴν

1065 1709 1158 1736 πίστιν
1183 1710 1233 1744 μὲν
1254 1709 1304 1744 τὴν
1333 1710 1396 1745 ὑγιῆ
1422 1711 1674 1745 προσποιουμένους
1703 1711 1859 1746 ὁμολογεῖν,

1066 1753 1269 1788 ἀποσχίσαντας
1281 1753 1310 1779 δὲ
1323 1754 1370 1780 καὶ
1390 1754 1619 1789 ἁντισυνάγοντας
1632 1756 1689 1787 τοῖς
1704 1757 1862 1787 κανονικοῖς

1067 1799 1145 1834 ἡμῶν
1155 1798 1327 1830 ἐπισκόποις⁸
1341 1799 1437 1826 ἔπειτα
1449 1800 1477 1826 δὲ
1491 1800 1538 1827 καὶ
1551 1801 1579 1826 εί
1588 1809 1660 1832 τινες
1672 1800 1727 1827 τῶν
1743 1800 1800 1827 ἀπὸ
1810 1801 1861 1835 τῆς

1074 1844 1237 1880 Ἐκκλησίας
1254 1845 1302 1872 ἐπὶ
1321 1845 1422 1877 αἰτίαις
1436 1845 1493 1872 τισὶ
1511 1846 1787 1882 προκατεγνωσμένοι
1804 1844 1863 1873 εἶεν

1067 1891 1116 1918 καὶ
1137 1890 1365 1926 ἀποϐεϐλημένοι,
1387 1891 1404 1927 ἢ
1426 1892 1613 1928 ἀκοινώνητοι,
1640 1893 1695 1919 εἴτε
1717 1892 1773 1919 ἀπὸ
1790 1892 1863 1928 κλή-

1069 1945 1128 1973 ρου,
1143 1937 1198 1964 εἴτε
1209 1937 1265 1965 ἀπὸ
1277 1937 1371 1964 λαῖκοῦ
1382 1938 1524 1972 τάγματος
1537 1958 1544 1970 ,
1558 1938 1626 1974 μηδὲ
1639 1938 1745 1970 τούτοις
1758 1938 1865 1970 ἐξεῖναι

1069 1985 1232 2020 κατηγορεῖν
1251 1984 1414 2016 ἐπισκόπου,
1437 1984 1502 2019 πρὶν
1524 1984 1557 2011 ἂν
1575 1984 1605 2010 τὸ
1617 1985 1716 2010 οἰκεῖον
1733 1983 1866 2019 ἔγκλημα

1069 2030 1200 2065 πρότερον
1216 2028 1414 2056 ἀποδύσωνται·
1424 2029 1523 2064 ὁμοίως
1540 2029 1569 2055 δὲ
1585 2029 1631 2055 καὶ
1646 2028 1710 2060 τοὺς
1727 2028 1780 2054 ὑπὸ
1796 2037 1866 2055 κατ-

1051 2081 1055 2084 ’
1069 2075 1184 2112 ηγορίαν
1213 2074 1402 2110 προλαϐοῦσαν
1427 2074 1517 2107 ὄντας,
1535 2075 1572 2110 μὴ
1587 2074 1719 2110 πρότερον
1733 2074 1804 2100 εἶναι
1818 2074 1865 2100 δε-

1069 2121 1151 2152 κτοὺς
1164 2120 1203 2152 είς
1222 2120 1371 2147 ἐπισκόπου
1385 2119 1554 2156 κατηγορίαν
1565 2120 1580 2155 ἢ
1595 2119 1697 2154 ἑτέρων
1708 2118 1865 2154 κληρικῶ-ι,

1071 2165 1135 2200 πρὶν
1162 2165 1196 2192 ἂν
1215 2164 1321 2198 ἀθώους
1349 2166 1464 2198 ἑαυτοὺς
1486 2165 1540 2192 τῶν
1563 2165 1738 2200 ἐπαχθέντων
1770 2165 1868 2196 αὐτοῖς

1069 2211 1247 2244 ἀποδείξωσιν
1270 2210 1462 2246 ἐγκλημάτων.
1495 2211 1526 2237 El
1554 2210 1647 2246 μέντοι
1671 2209 1757 2243 τινὲς,
1791 2211 1869 2246 μήτε

1069 2257 1213 2294 αίρετικοὶ,
1229 2257 1297 2292 μήτε
1310 2256 1488 2292 ἀκοινώτητοι
1498 2254 1564 2289 εἷεν,
1582 2256 1653 2292 μήτε
1667 2256 1870 2291 κατεγνωσμέ-

1069 2313 1121 2337 νοι,
1139 2304 1157 2339 ἢ
1183 2303 1460 2339 προκατηγορημένοι
1485 2302 1532 2329 ἐπί
1551 2310 1608 2329 τισι
1630 2301 1869 2337 πλημμελήμασι,

1069 2349 1175 2384 λέγοιεν
1188 2348 1217 2376 δὲ
1240 2349 1312 2383 ἐχειν
1328 2348 1390 2375 τινὰ
1406 2348 1636 2384 ἐκκλησιαστικὴν
1658 2348 1729 2374 κατὰ
1741 2347 1789 2374 τοῦ
1805 2349 1873 2375 ἐπι-

1071 2396 1173 2422 σκόπου
1193 2395 1371 2430 κατηγορίαν,
1386 2394 1492 2426 τούτοις
1510 2393 1616 2421 κελεύει
1629 2395 1646 2429 ἡ
1664 2393 1731 2428 ἁγία
1753 2394 1872 2426 σύνοδος

1071 2441 1178 2476 πρῶτον
1195 2440 1245 2475 μὲν
1261 2440 1307 2466 ἐπὶ
1329 2440 1384 2467 τῶν
1402 2440 1452 2475 τῆς
1473 2440 1608 2476 ἐπαρχίας
1621 2440 1729 2466 πάντων
1749 2440 1872 2467 ἐπισκό-

1071 2495 1130 2512 πων
1158 2485 1314 2513 ἐνίστασθαι
1342 2485 1391 2517 τὰς
1420 2486 1595 2522 κατηγορίας,
1623 2486 1671 2513 καὶ¹
1696 2486 1740 2512 ἐπ’
1772 2486 1873 2512 αὐτῶν

1070 2530 1191 2565 ἐλέγχειν
1205 2529 1241 2557 τὰ
1256 2529 1417 2566 ἐγκλήματα
1430 2530 1478 2557 τοῦ
1493 2531 1523 2558 ὲν
1538 2530 1640 2562 αἰτίαις
1650 2530 1732 2557 ’τισὶν
1746 2530 1872 2557 ἐπισκό-

1071 2583 1135 2602 που.
1156 2575 1187 2601 El
1208 2574 1237 2602 δὲ
1262 2575 1385 2612 συμϐαίη
1410 2575 1575 2611 ἀδυνατῆσαι
1597 2576 1660 2608 τοὺς
1684 2575 1875 2611 έπαρχεώτας

1070 2621 1140 2657 πρὸς
1161 2620 1305 2657 διόρθωσιν
1320 2622 1375 2648 τῶν
1395 2621 1600 2656 ἐπιφερομένων
1621 2621 1807 2657 ἐγκλημάτων
1831 2622 1875 2656 τῷ

1070 2667 1223 2703 ἐπισκόπῳ,
1235 2668 1297 2695 τότε
1313 2668 1412 2700 αὐτοὺς
1423 2669 1565 2703 προσιέναι
1578 2667 1683 2703 μείζονι
1694 2669 1801 2704 συνόδῳ
1815 2669 1876 2695 τῶν

1070 2713 1120 2749 τῆς
1133 2713 1294 2749 διοικήσεως
1315 2714 1422 2749 ἐκείνης
1446 2714 1604 2741 ἐπισκόπων
1618 2714 1690 2750 ὑπὲρ
1708 2715 1760 2748 τῆς
1773 2715 1877 2746 αἰτίας

1070 2760 1172 2796 ταύτης
1191 2760 1419 2796 συγκαλουμένων
1431 2769 1438 2776 ·
1459 2761 1507 2788 καὶ
1528 2761 1566 2796 μὴ
1581 2760 1689 2796 πρῶτον
1704 2759 1878 2787 ἐνίστασθαι

1070 2804 1121 2840 τὴν
1140 2805 1318 2841 κατηγορίαν,
1335 2805 1431 2841 πρὶνῆ
1457 2805 1605 2841 ἐγγράφως
1626 2804 1725 2836 αὐτοὺς
1741 2804 1789 2831 τὸν
1811 2804 1879 2830 ἶσον

1073 2851 1163 2883 αὐτοῖς
1187 2850 1415 2878 ύποτιννύσασθαι
1442 2850 1580 2885 κίνδυνον,
1602 2850 1682 2885 είπερ
1697 2850 1726 2876 ἐν
1750 2851 1784 2885 τῇ
1815 2849 1879 2876 τῶν
