1954 3080
100 163 150 196 701

528 164 727 196 SYNTAGMA
742 162 937 194 CANONUM.
956 176 990 181 -
1004 162 1077 193 ΤΙΤ.
1094 163 1146 200 ῙΧ,
1171 163 1251 196 CAP.
1268 164 1295 195 Ῐ.

1666 163 1722 196 702

100 220 273 255 πραγμάτων
288 219 409 253 ἐξετάσει
423 220 651 255 συκοφαντοῦντες
664 219 710 246 τὸν
722 218 888 254 κατηγορού-
901 250 903 254 ι

952 225 1020 246 mres
1039 218 1162 246 molestia
1179 219 1299 252 allicere.
1321 218 1364 246 vel
1382 219 1553 246 saecularium
1568 219 1721 256 principum

102 275 183 302 μενον
197 266 346 294 ιπίσκοπον
354 266 504 301 ἑλεγχθείεν
513 275 520 282 ·
532 267 556 293 ει
571 266 599 293 δέ
614 274 657 298 τις
677 265 889 300 καταφρονήσας

100 313 155 339 τῶν
170 313 239 340 κατὰ
251 313 287 340 τὰ
303 313 510 347 προδηλωθέντα
526 313 694 347 δεδογμένων
704 332 711 344 ,
727 311 888 346 τολμήσειεν

101 359 118 394 ἢ
136 359 278 393 βασιλικὰς
299 358 419 394 ἐνοχλεῖν
440 358 568 394 ἀκοὰς,ἢ
589 357 728 393 κοσμικῶν
750 356 888 392 ἀρχόντων

102 403 274 439 δικαστήρια,
291 405 307 440 ἢ
323 405 514 439 οίκουμενικὴν
528 403 636 430 σύνοδον
650 403 808 438 ταράσσειν,
821 401 889 428 πάν-

938 264 1039 299 judicia
1057 264 1098 291 vel
1123 264 1304 292 universalcm
1324 265 1458 300 synodum
1482 265 1657 299 perturbare,
1675 274 1710 294 ne

941 309 1036 345 glectis
1047 310 1173 338 dicecesis
1190 310 1326 346 episcopis
1335 330 1343 342 ,
1360 318 1422 338 eum
1438 311 1512 338 nullo
1525 311 1607 338 modo
1619 319 1679 339 esse
1691 312 1723 338 ad

941 354 1142 382 accusationem
1161 354 1369 388 admittendum,
1385 360 1414 382 ut
1424 355 1470 390 qui
1483 356 1636 383 canonibus
1652 356 1724 390 inju-

941 400 1009 428 riam
1025 400 1129 433 iecerit,
1143 405 1172 427 et
1184 400 1398 428 ecclesiasticum
1410 401 1533 428 ordinem
1547 402 1689 428 everterit.

101 458 150 480 τας
161 450 298 484 ἀτιμάσας
312 450 375 480 τοὺς
395 449 444 484 τῆς
460 449 619 484 διοικήσεως
642 447 818 478 ἐπισκόπους,
838 446 884 473 τὸν
901 445 1022 472 τοιοῦτον
1034 446 1073 477 είς
1086 446 1252 480 κατηγορίαν
1282 446 1312 472 τὸ
1339 447 1470 482 παράπαν
1483 447 1521 482 μὴ
1535 443 1607 474 εἶναι
1618 447 1724 480 δεκτὸν,

103 496 141 527 ὡς
152 495 355 532 καθυϐρίσαντα
369 495 433 527 τοὺς
445 495 571 527 κανόνας,
583 494 631 522 καὶ
641 494 690 529 τὴν
702 492 931 530 ὲκκλησιᾳστικὴν
947 491 1137 527 λυμηνάμενον
1151 492 1287 524 εὐταξίαν.

210 540 344 567 Συνόὸου
358 540 552 574 Χαλκηδόνος
570 540 670 567 κανὼν
680 538 712 566 0'.
730 542 783 567 κα’.

141 586 162 613 θ’
174 586 206 612 Εἰ
220 595 260 617 τις
276 585 406 622 κληρικὸς
420 585 490 622 πρὸς
500 586 632 622 κληρικδν
647 586 763 621 πρᾶγμα
774 584 841 619 ἔχει,
853 583 891 619 μὴ

104 630 370 666 ὲγκαταλιμπανέτω
398 630 444 657 τὸν
470 631 571 658 οἰκεῖον
595 630 755 661 ἐπίσκοπον,
779 629 827 656 καὶ
845 628 892 655 ἐπὶ

104 678 225 712 κοσμικὰ
247 677 412 712 δικαστήρια
438 676 641 711 κατατρεχέτω,
667 675 734 704 ἀλλὰ
760 674 892 710 πρότερον

103 723 154 759 τὴν
168 722 296 750 ὑπόθεσιν
309 721 472 757 γυμναζέτω
484 722 559 758 παρὰ
575 721 614 757 τῷ
630 721 687 756 ίδίῳ
702 720 841 755 animm.
851 727 858 735 '
872 720 889 755 ἡ

104 769 171 803 γοῦν
186 768 283 803 γνώμη
296 766 380 794 αὐτοῦ
394 766 441 794 τοῦ
461 768 622 799 ἐπισκόπου,
641 766 706 802 παρ’
721 764 761 798 οἷς
776 766 810 792 ἂν
827 765 890 796 τοὺς

103 814 248 849 ἀμφότερα
264 813 333 848 μέρη
350 812 514 848 βούλωνται,
529 813 563 839 τὰ
577 813 626 847 τῆς
639 812 717 846 δίκης
733 810 891 845 συγκροτεῖ-

105 860 179 887 σθαι.
192 859 223 885 El
235 859 264 886 δέ
278 868 320 891 τις
334 859 411 894 παρὰ
428 858 515 886 ταῦτα
529 858 647 892 ποιήσει,
667 856 817 887 κανονικοϊς
829 856 890 881 ἔπι-

104 905 205 941 τιμίοις
225 904 390 931 ὑποκείσθω·
408 905 433 931 εί
447 904 475 931 δὲ
492 904 538 931 καὶ
558 902 686 938 κληρικδς
700 903 816 938 πρᾶγμα
834 900 890 936 ἔχει

104 950 174 985 πρὸς
188 950 233 976 τὸν
255 950 320 977 ἴδιον
339 950 356 985 ἢ
380 950 427 976 καὶ
446 949 513 985 πρὸς
527 949 620 983 ἕτερον
637 947 794 978 ἐπίσκοπον,
816 947 891 982 παρὰ

104 999 138 1032 τῇ
156 997 259 1031 συνόδῳ
271 997 322 1031 τῆς
346 996 480 1031 ἐπαρχίας
499 995 661 1027 δικαζέσθω.
674 994 706 1022 ιιι
720 993 750 1021 δὲ
765 993 833 1028 πρὸς
846 993 892 1019 τδν

104 1043 154 1077 τῆς
170 1042 254 1076 αὐτῆς
265 1041 398 1078 ἐπαρχίας
415 1040 615 1076 μητροπολίτην
628 1040 777 1070 ἐπίσκοπος
791 1039 808 1074 ἢ
824 1038 893 1073 κλη-

107 1088 184 1123 ρικδς
205 1088 407 1123 ἁμφισδητοίη,
433 1086 668 1122 καταλαμὸανέτω
683 1086 700 1121 ἢ
720 1085 765 1112 τδν
779 1084 894 1120 ἔξαρχον

104 1133 155 1169 τῆς
170 1133 340 1169 διοικήσεως,
356 1133 373 1168 ἢ
386 1133 432 1159 τὸν
447 1133 496 1167 τῆς
513 1131 710 1166 βασιλευούσης
720 1131 892 1158 Κωνσταντι-

105 1178 258 1209 νουπθεως
273 1178 377 1212 θρόνον,
392 1178 440 1205 καὶ
454 1177 497 1204 ἐπ’
514 1177 590 1212 αὐτῷ
605 1175 767 1208 δικαζέσθω.

141 1223 196 1250 καί.
212 1223 368 1258 Κληρικοὺς
380 1223 396 1258 ἢ
411 1223 532 1255 λαῖκοὺς,
544 1221 761 1258 κατηγοροῦντας
782 1221 894 1248 ὶπισκόο

106 1278 166 1297 πων
182 1268 198 1304 ἢ
213 1268 361 1304 κληρικῶν,
374 1268 468 1300 ἁπλῶς
483 1268 530 1295 καὶ
549 1267 739 1302 ἀδοκιμάστως
757 1266 795 1302 μὴ
808 1274 893 1301 προσ-

105 1314 232 1350 δέχεσθαι
245 1315 284 1346 εις
298 1314 476 1350 κατηγορίαν,
489 1314 515 1340 si
535 1313 573 1349 μὴ
586 1313 718 1350 πρότερον
735 1310 892 1346 ἐξετασθείη

106 1359 199 1387 αὐτῶν
212 1361 229 1395 ή
242 1359 386 1394 ὑπόληψις.

106 1406 243 1435 Evr-4600
256 1406 468 1441 ιᾶιρθαγέννης
481 1405 583 1432 κανὼν
600 1407 636 1438 η’,
659 1407 704 1436 ια’,
727 1403 771 1439 ιβ’,
787 1403 828 1436 ιδ’,
846 1402 892 1436 ιε’,

311 1441 353 1474 ιθ’,
371 1441 406 1474 κ’,
422 1441 456 1473 λ’,
475 1443 534 1475 ρκη⁹
556 1439 626 1475 φιϐ’,
642 1439 692 1474 ρλ’.

346 1461 353 1474 9
372 1457 456 1474 "in!
475 1457 692 1474 1ι¹¹⁵¹11¹⁶ν›1¹“⁸

142 1485 211 1520 Περὶ
237 1484 297 1512 τῶν
306 1485 378 1518 τοὺς
393 1483 525 1518 Πατέρας
537 1483 727 1518 αἰτιωμένων,
749 1483 801 1511 και
815 1482 894 1510 ὥστε

103 1532 212 1567 μηδενί
235 1531 454 1565 διαϐεϐλημένῳ
479 1529 607 1563 ἐξεῖναι,
626 1529 793 1556 ἐπισκόπου
823 1537 893 1555 κατ-

105 1577 235 1613 ﬁrmir-

142 1625 179 1658 η’.
188 1621 343 1657 Νουμὴδιος
354 1621 504 1652 ἐπίσκοπος
517 1619 721 1653 Μαεουλιτᾶνος
733 1616 819 1647 εἶπεν*
831 1619 893 1646 Εἰσὶ

109 1667 202 1696 πολλοὶ
224 1669 275 1695 οὐκ
295 1667 401 1703 ἀγαθῆς
419 1666 612 1701 ἀναστροφῆς,
633 1666 730 1698 οἵτινες
762 1664 893 1701 ἡγοῦνται

105 1715 170 1745 τοὺς
198 1713 322 1749 Πατέρας
343 1714 390 1740 καὶ.
402 1713 579 1746 ἐπισκόπους,
602 1712 640 1744 ὡς
661 1712 766 1747 ἔτυχεν,
777 1711 894 1748 ὀφείλειν

107 1759 253 1794 ἑνάγεσθαι
263 1767 272 1776 ο
290 1759 354 1792 τοὺς
374 1759 511 1792 τοιούτους
524 1758 565 1785 δεῖ
579 1758 790 1794 προσδέχεσθαι,
805 1757 822 1794 ἢ
839 1758 893 1794 μή;

143 1889 278 1925 Αὐρήλιος
303 1888 451 1921 ἐπίσκοπος
476 1886 566 1915 εἶπεν·
595 1887 721 1924 Ἀρέσκει
746 1888 838 1916 τοίνυν
860 1889 893 1924 τῇ

107 1935 204 1970 ἀγάπῃ
227 1935 315 1970 ὑμῶν,
330 1935 394 1966 τοὺς
410 1934 452 1966 εἷς
466 1941 527 1960 τινα
544 1934 615 1969 μύση
640 1933 893 1969 ὲμπεπλεγμὲνους,

107 1980 182 2007 κατὰ
196 1980 326 2016 Πατέρων
341 1980 434 2014 φωνὴν
456 1980 624 2015 κατηγορίας
638 1979 828 2012 ἀποσίθεσθαις
847 1979 894 2006 Ἐκ

107 2027 219 2054 πάντων
239 2027 293 2053 τῶν
314 2026 472 2053 ἐπισκόπων
487 2025 596 2061 ἐλέχθη,
613 2025 677 2053 Ἔὰν
692 2025 867 2060 διασίόληται
880 2026 895 2052 ό

106 2072 240 2104 τοιοῦτος,
255 2072 292 2107 μὴ
307 2071 471 2107 προσδεχθῇ.

151 2126 223 2155 Ἐάν
238 2135 284 2160 τις
298 2127 500 2161 πρεσϐύτερος
520 2125 594 2153 κατὰ
606 2125 660 2153 τοῦ
678 2125 756 2153 ιδίου
774 2125 896 2153 ἐπισκό-

106 2179 170 2201 που
183 2173 343 2208 φυσιωθεις
350 2173 465 2208 σχίσμα
480 2171 560 2206 ποιῇ,
569 2171 700 2207 ἀνάθεμα
713 2172 800 2200 ἔστω.

140 2266 187 2290 ια’.
218 2262 286 2289 Ἀπὸ
316 2263 424 2289 πάντων
448 2261 503 2288 τῶν
529 2261 685 2288 ἐπισκόπων
707 2260 814 2297 ἐλέχθη.
834 2261 898 2288 Ἐάν

109 2315 153 2340 τις
175 2306 376 2342 πρεσϐύτερος,
397 2306 426 2333 ὲν
453 2307 487 2341 τῇ
507 2306 627 2341 διαγωγῇ
649 2305 732 2333 αὑτοῦ
760 2314 901 2340 καταγνω-

111 2353 174 2388 σθῇ.
190 2352 291 2387 ὀφείλει
305 2353 319 2379 ὸ
346 2349 465 2384 τοιοῦτος
493 2353 550 2383 τοῖς
575 2351 728 2385 γειτνιῶσιν
743 2352 900 2383 ἐπισκόποις

109 2397 318 2434 προσαγγεῖλαι,
344 2394 387 2424 ἵνα
406 2396 483 2424 αὐτοὶ
510 2396 557 2424 τοῦ
574 2397 735 2432 πράγματος
747 2397 902 2432 ἀκροάσων-

110 2454 169 2476 ται,
196 2444 246 2471 καὶ
269 2445 303 2471 δι’
327 2444 417 2471 αὐτῶν
439 2443 478 2479 τῷ
494 2444 550 2479 ἰδίῳ
575 2444 714 2479 ἔπισκόπῳ
734 2443 901 2479 καταλλαγῇ.

112 2490 198 2517 τοῦτο
220 2489 248 2516 δὲ
266 2490 313 2516 ἐὰν
343 2489 381 2526 μὴ
406 2490 520 2526 ποιήσῃ,
535 2489 593 2517 ἀλλ’
613 2490 681 2525 ὅπερ
709 2489 791 2525 ἀπείη
814 2491 899 2526 ὑπερ-

110 2536 178 2572 νψίᾳ
209 2535 405 2571 φυσιούμενος,
432 2536 464 2562 ἐκ
497 2536 548 2570 τῆς
577 2536 624 2563 τοῦ
653 2535 719 2562 ίδίου
747 2537 897 2562 ἐπισκόπου

111 2576 256 2614 κοινωνίας
269 2582 365 2609 ἑαυτὸν
381 2581 498 2618 χωρίσῃ,
510 2583 557 2608 καὶ
571 2582 647 2624 παρὰ
660 2583 725 2617 μίαν
739 2582 808 2617 μετά
817 2591 898 2610 τινων

111 2627 217 2663 σχίσμα
228 2626 323 2660 ποιῶν,
333 2627 457 2662 ἁγίασμα
468 2627 507 2662 τῷ
520 2626 578 2661 Θεῷ
591 2627 772 2663 προσενέγκῃ,
787 2627 801 2653 ὸ
812 2627 898 2654 τοιοῦ-

148 2717 159 2733 ⁸
173 2718 303 2752 Carthag.
316 2725 346 2750 ιι,
359 2725 419 2752 cap.
431 2715 457 2744 6.
508 2717 519 2733 ’
534 2716 661 2753 Carthag.
679 2725 710 2750 ιι,
725 2724 785 2752 cap.
801 2718 828 2745 8.

150 2787 208 2822 (72)
227 2787 330 2819 Graece,
347 2795 357 2812 ι
379 2790 480 2820 patres,
497 2789 524 2813 et
539 2785 691 2821 episcopos.
709 2796 720 2813 ι

149 2823 207 2856 (75)
223 2821 438 2856 Ms._cAuxilius
463 2822 606 2856 episcopus
632 2822 720 2853 dixit,
746 2822 902 2851 universum

116 2853 264 2885 concilium
281 2853 454 2892 interrogans
475 2853 487 2883 ε’
501 2853 592 2884 Placet
606 2856 696 2892 igitur.
719 2867 728 2882 ι

1045 537 1156 564 Concilii
1171 537 1387 564 Chalcedonensis
1400 546 1512 565 canones
1529 538 1558 572 9,
1573 538 1618 567 21.

975 582 1003 610 9.
1028 581 1057 609 Si
1079 582 1141 617 quis
1155 582 1270 609 clericus
1287 581 1368 608 habet
1382 589 1444 609 cum
1466 582 1565 610 clerico
1581 583 1655 611 litem
1679 588 1727 610 aut

941 628 1089 662 negotium,
1106 627 1247 662 proprium
1267 627 1424 662 cpiscopum
1439 634 1474 655 ne
1489 628 1634 662 relinquat,
1652 633 1680 655 et
1691 629 1739 655 ad.

940 673 1082 701 saecularia
1097 673 1200 709 judicia
1224 682 1258 702 ne
1280 678 1424 709 excurrat,
1447 675 1496 704 sed
1518 683 1629 703 causam
1651 676 1728 710 prius

942 720 1013 754 apud
1036 719 1176 755 proprium
1200 720 1356 755 episcopum
1378 725 1442 756 agat
1459 730 1467 748 :
1483 721 1526 748 vel
1550 721 1584 748 de
1607 721 1726 756 episcopi

943 765 1090 798 sententia,
1104 765 1175 800 apud
1190 773 1238 792 eos
1257 773 1326 800 quos
1338 771 1453 801 utraque
1471 773 1532 799 pars
1545 766 1666 801 elegerit,
1681 766 1727 801 ju-

943 810 1044 848 dicium
1067 811 1192 844 agitetur.
1211 810 1238 837 Si
1253 811 1315 846 quis
1330 815 1420 838 autem
1437 816 1535 847 praeter
1552 812 1609 839 haec
1623 812 1727 845 l'i-cerit,

942 854 1022 890 233
1039 855 1178 882 canonicis
1193 855 1283 890 poenis
1300 856 1471 890 subjiciatur.
1497 856 1525 883 Si
1546 857 1664 885 clericus
1679 865 1739 896 au-.

905 892 927 920 Β
941 905 994 927 tem
1008 907 1070 927 cum
1086 899 1195 934 proprio
1210 900 1252 927 vel
1274 900 1355 926 etiam
1371 900 1426 927 alio
1445 901 1572 936 episcopo
1590 902 1727 936 negotium

942 950 990 973 aut
1012 945 1084 973 litem
1102 946 1210 978 habeat,
1225 953 1241 972 a
1257 945 1403 980 provinciae
1418 946 1522 982 synodo
1536 946 1682 980 iudicetur.
1698 947 1727 973 Si

941 995 1033 1018 autem
1050 998 1112 1018 cum
1127 991 1214 1025 ipsius
1235 991 1381 1025 provinciae
1402 991 1609 1026 metropolitano
1622 992 1729 1027 episco-

942 1043 993 1070 pus
1016 1036 1059 1063 vel
1084 1036 1200 1064 clericus
1222 1036 1438 1063 controversiam
1462 1036 1574 1070 habeat,
1601 1037 1728 1064 dimccsis

942 1081 1090 1108 esarchum
1106 1081 1197 1113 adeat,
1218 1081 1261 1108 vel
1278 1081 1424 1116 imperialis
1441 1081 1516 1109 urbis
1530 1081 1728 1109 Constantino-

942 1127 1012 1162 polis
1028 1127 1168 1160 thronum,
1184 1131 1212 1155 et
1226 1127 1300 1162 apud
1313 1134 1376 1154 eum
1394 1126 1489 1162 litiget.

977 1211 1024 1238 21.
1045 1211 1165 1239 Clericos
1177 1211 1220 1239 vel
1236 1211 1333 1243 laicos,
1367 1210 1510 1245 episcopos
1537 1213 1585 1237 aut
1612 1209 1730 1237 clericos

943 1262 1116 1290 accusantes,
1135 1265 1188 1285 non
1204 1256 1457 1289 indiscriminatim,
1482 1263 1533 1284 nec
1546 1256 1614 1283 citra
1641 1256 1731 1290 inqui-

942 1304 1081 1337 sitionem,
1096 1304 1242 1333 admittere
1253 1304 1455 1332 accusationem
1475 1303 1528 1331 nisi
1555 1311 1651 1331 eorum
1671 1304 1734 1331 esi—

943 1350 1066 1378 stimatio
1080 1350 1158 1384 prius
1165 1350 1320 1377 exatninata
1335 1350 1429 1378 fuerit.

949 1394 1064 1427 Caecilii
1086 1393 1303 1429 Carthagiacusis
1322 1403 1433 1421 canones
1446 1394 1588 1428 8,11,12,
1619 1394 1659 1427 14,
1684 1393 1728 1425 15,

1131 1439 1175 1472 19,
1193 1439 1238 1472 20,
1259 1438 1303 1472 50,
1320 1439 1381 1473 128,
1400 1440 1463 1473 129,
1484 1438 1547 1468 150.

980 1484 1019 1512 De
1032 1484 1071 1512 his
1082 1485 1127 1520 qui
1142 1486 1169 1511 in
1184 1485 1376 1512 accusatione»:
1394 1485 1503 1520 majoris
1527 1491 1594 1516 natu.
1605 1486 1730 1517 veniunt;

945 1535 969 1559 ct
985 1535 1014 1557 ut
1028 1531 1174 1565 cpiscooum
1190 1530 1257 1558 nulli
1275 1531 1416 1559 criminosa
1437 1531 1513 1559 liceat
1528 1540 1663 1559 accusare.

985 1617 1014 1645 8.
1032 1615 1176 1644 Numidius
1188 1616 1200 1632 ⁸
1213 1616 1356 1651 episcopus
1384 1616 1566 1644 Maxulitanus
1585 1615 1646 1652 [πη.
1659 1616 1730 1644 Mas-

955 1661 1103 1698 salitanus]
1118 1662 1187 1689 dixit
1208 1671 1216 1690 :
1232 1663 1366 1690 Praeterea
1382 1667 1446 1690 sunt
1461 1663 1655 1698 quamplurimi
1675 1671 1729 1690 non

949 1708 1028 1736 bona;
1044 1707 1273 1740 conversationis,
1293 1707 1339 1742 qui
1366 1708 1523 1735 existimant
1544 1709 1660 1743 majores
1681 1716 1730 1735 na-

948 1757 977 1781 tu
988 1752 1056 1788 ('12),
1075 1752 1118 1780 vel
1147 1752 1290 1787 episcopos
1309 1752 1410 1786 passim
1433 1760 1555 1787 vageque
1570 1752 1597 1778 in
1615 1760 1730 1780 accusa-

947 1800 1020 1826 tione
1033 1798 1198 1833 pulsandos;
1216 1798 1351 1826 debenlne
1378 1802 1433 1826 tam
1449 1798 1526 1826 facile
1545 1798 1650 1826 admitti
1667 1806 1731 1826 ncc-

947 1852 980 1872 ne
988 1844 1051 1880 [ηιι.
1061 1848 1107 1871 aut
1120 1843 1217 1880 necne]
1226 1843 1238 1870 2

981 1890 1109 1917 Aurelius
1119 1889 1265 1924 episcopus
1282 1889 1349 1916 dixit
1363 1897 1370 1916 :
1389 1888 1481 1917 Placet
1496 1889 1578 1925 igitur
1593 1890 1650 1926 (7‘5)
1668 1891 1731 1918 cita.

947 1936 1023 1964 ritati
1039 1940 1146 1968 vestrae,
1166 1940 1195 1963 ut
1218 1936 1241 1963 is
1256 1936 1303 1970 qui
1320 1935 1459 1971 aliquibus
1477 1936 1625 1964 sceleribus
1641 1937 1732 1964 irreti—

947 1987 992 2010 tus
1005 1987 1058 2014 σει,
1074 1989 1168 2009 vocem
1195 1981 1327 2009 adversus
1353 1982 1484 2017 majorem
1507 1988 1571 2010 natu
1594 1990 1648 2009 non
1674 1983 1736 2018 (74)-

948 2027 1046 2055 babeat
1062 2027 1229 2054 accusandi?
1258 2027 1299 2053 Ab
1316 2027 1451 2055 universis
1474 2029 1610 2063 episcopis
1628 2028 1735 2055 dictum.

947 2077 1005 2101 est:
1022 2073 1050 2100 Si
1067 2073 1235 2101 criminosus
1245 2078 1287 2100 est
1299 2073 1432 2108 (75),non
1446 2073 1617 2106 admittatur,
1634 2074 1731 2108 placet.

983 2127 1012 2155 Si
1026 2127 1085 2164 quis
1099 2127 1234 2163 presbyter
1250 2134 1342 2155 contra
1357 2129 1505 2163 episcopum
1517 2136 1595 2155 suum
1609 2129 1730 2163 inﬂatus,

948 2173 1063 2202 schisma
1078 2173 1179 2209 fecerit,
1194 2174 1336 2202 anathema
1348 2175 1397 2204 sit.

983 2260 1028 2289 11.
1048 2261 1090 2289 Δὶ)
1114 2261 1250 2289 universis
1262 2262 1397 2297 episcopis
1410 2263 1421 2278 ’
1432 2262 1533 2290 dictum
1548 2268 1591 2291 cst
1608 2273 1615 2291 :
1631 2263 1737 2298 Siquis

949 2308 1091 2343 presbyter
1110 2315 1126 2334 a
1149 2308 1296 2343 praeposito
1312 2316 1363 2336 suo
1380 2314 1523 2344 correptus
1543 2309 1636 2343 fuerit,
1652 2310 1733 2338 debet

949 2354 1043 2389 utique
1059 2353 1130 2389 apud
1145 2353 1250 2381 vicinos
1261 2355 1407 2391 episcopos
1418 2355 1559 2390 conqueri,
1573 2360 1601 2383 ut
1614 2356 1649 2383 ab
1665 2356 1733 2391 ipsis

949 2400 1009 2435 ejus
1024 2408 1106 2428 causa
1121 2400 1209 2435 possit
1223 2408 1256 2427 au
1264 2400 1328 2434 diri,
1343 2408 1375 2428 ac
1389 2409 1436 2437 per
1452 2402 1525 2436 ipsos
1538 2410 1589 2430 suo
1604 2402 1736 2438 episcopo

951 2444 1131 2472 reconciliari.
1147 2443 1226 2477 Quod
1241 2445 1293 2472 nisi
1308 2444 1415 2477 iecerit,
1432 2444 1514 2481 234
1527 2445 1574 2473 sed
1606 2445 1735 2480 superbia

950 2491 1034 2526 (quod
1049 2491 1152 2526 absit!)
1167 2490 1276 2518 inﬂatus
1291 2492 1488 2519 secernendum
1509 2499 1538 2520 se
1558 2492 1593 2519 ab
1613 2491 1735 2526 episcopi

950 2537 991 2564 sui
1006 2536 1201 2564 communione
1225 2537 1346 2570 duxerit,
1377 2544 1410 2564 ac
1423 2538 1571 2572 separatim
1597 2545 1659 2565 cum
1680 2537 1732 2564 ali-

951 2581 1050 2617 quibus
1066 2581 1188 2609 schisma
1202 2581 1314 2615 faciens,
1334 2583 1499 2611 sacriﬁcium
1517 2583 1572 2610 Deo
1592 2582 1734 2615 obtulerit,

951 2628 1096 2654 anathema
1122 2626 1265 2660 habeatur,
1281 2632 1310 2655 et
1330 2627 1418 2655 locum
1435 2624 1541 2656 amittat
1557 2638 1563 2656 :
1579 2635 1610 2656 ac
1625 2628 1648 2656 si
1663 2635 1735 2663 que-

988 2788 1044 2822 (71)
1063 2786 1113 2815 iis.
1139 2793 1167 2815 et
1193 2788 1279 2816 Graec.
1295 2793 1390 2816 carent
1410 2797 1442 2816 ea
1461 2789 1557 2816 vocula
1573 2797 1624 2817 non
1639 2797 1647 2817 :
1660 2795 1738 2818 recte

959 2831 1020 2850 nam
1037 2823 1153 2857 expungi
1169 2823 1258 2851 debet.

995 2857 1052 2892 (75)
1070 2857 1119 2885 Ms.
1140 2866 1149 2883 ι
1168 2858 1196 2886 Si
1209 2859 1355 2888 criminosa
1374 2863 1416 2888 est
1429 2866 1572 2894 ρει-δοίη.»
