1954 3080
192 158 245 190 703

768 148 901 180 ΡΗΟΤΙΙ
921 145 1174 178 PATRIARCHA!
1193 146 1247 176 (ΣΡ.

1768 139 1825 171 ’704

194 211 339 240 rimoniam
369 210 473 245 justam
497 208 628 236 adversus
656 206 815 242 episcopum
846 212 900 232 non
934 204 983 231 ha-

1052 211 1079 234 ος
1090 202 1215 237 ἀνάθεμα
1234 199 1386 235 λογισθήτω
1397 217 1406 232 ,
1423 197 1472 226 καὶ
1487 197 1533 224 τὸν
1548 197 1614 223 ῐόιον
1631 195 1714 223 τόπον
1728 197 1828 224 ἀπολε-

193 257 292 291 huerit,
306 255 498 291 inquirendum
513 254 565 282 erit
577 252 644 288 (76).

233 359 263 386 Si
279 359 337 393 quis
362 358 498 392 episcopus
525 355 621 389 absque
641 357 755 387 tempore
777 351 872 387 ευποάὶ
887 351 914 378 in
931 351 986 378 cri-

199 405 267 432 mine
280 404 401 430 detentus
412 402 505 437 fuerit,
519 409 536 427 a
546 399 685 427 duodecim
699 398 829 433 episcopis
844 397 983 424 audiatur.

235 502 279 529 12.
299 501 375 529 Felix
389 500 533 536 episcopus
548 499 618 526 dixit
632 498 655 515 “
673 507 680 526 :
700 497 824 533 Suggero
835 497 986 525 secundum

199 552 301 575 stu:uta
321 552 442 573 veterum
462 544 653 576 conciliorum,
673 544 740 572 utsi
759 544 822 578 quis
843 543 987 578 episcopus

201 593 283 627 (quod
291 595 486 626 nonloptamus)
495 591 520 617 in
530 596 633 617 reatum
642 590 760 624 aliquem
770 589 986 624 incurrerit('l7),

199 644 228 666 et
244 638 327 665 fuerit
348 638 373 665 ei
397 638 482 665 nimia
497 637 647 664 necessitas
667 644 719 664 non
749 643 829 670 posse
855 635 988 670 plurimos

201 691 378 719 congregare.
416 691 451 710 nc
470 683 496 709 in
510 682 625 710 crimine
643 686 794 714 remaneat,
812 689 827 708 ο
842 681 987 709 duodecim

201 729 347 764 episcopis,
363 733 390 756 et
405 728 545 763 presbyter
559 735 574 754 a
590 735 638 755 sex
653 727 791 762 episcopis
802 734 862 754 cum
877 726 989 761 proprio

204 783 256 802 suo
269 776 398 810 episcopo
411 775 548 806 audiatur,
575 778 604 801 et
617 774 751 802 diaconus
770 780 786 800 a
806 773 905 800 tribus.

241 831 275 858 Ut
293 831 325 859 de
338 831 438 867 Tripoli
449 839 516 858 unus
527 832 662 866 episcopus
673 831 701 857 in
711 830 870 866 legationem
885 829 971 856 ueniat
980 836 990 856 .'

1037 248 1120 275 σάτω·
1148 245 1333 282 σκοπουμένου
1358 245 1396 280 μή
1421 252 1486 271 ποτε
1509 243 1580 270 κατὰ
1602 242 1650 269 τοῦ
1674 242 1829 270 ἐπισκόπου

1039 293 1143 330 μέμψιν
1159 293 1216 328 ἐχοι
1230 291 1350 320 δικαίαν.

1077 350 1146 376 Ἐάν
1175 358 1221 382 τις
1246 348 1415 380 ἐπίσκοπος
1443 346 1534 381 χωρὶς
1555 344 1663 379 καιροῦ
1692 344 1830 372 συνόδου

1037 395 1201 430 ἐγκλήματι
1209 392 1387 428 περιεληθῇ,
1400 393 1418 419 ό
1427 391 1562 424 τοιοῦτος
1572 389 1710 424 ἀκουσθῇ
1718 390 1779 417 ἀπὸ
1788 390 1830 422 ιβ’

1039 442 1224 469 ἐπισκόπων.

1076 499 1120 535 ιβ’.
1136 497 1217 533 Φῆλιξ
1230 497 1380 528 ἐπίσκοπος
1393 494 1631 530 εἶπενοἈναφέρω
1643 493 1699 529 (82)
1711 493 1781 521 κατὰ
1795 492 1832 520 τὰ

1040 545 1182 578 ὁρισθέντα
1192 543 1225 570 ἐκ
1239 543 1295 570 τῶν
1308 542 1434 569 παλαιῶν
1449 541 1574 574 συνόδων,
1588 540 1632 568 ἵνα
1648 540 1695 567 ἐάν
1709 548 1752 571 τις
1770 538 1832 566 ἐπί-

1041 590 1219 624 σκοπος,ὄπερ
1235 588 1330 624 ἀπείη,
1341 587 1370 615 ἐν
1386 596 1441 614 τινι
1455 587 1608 622 ἐγκλήματι
1619 586 1768 622 περιπέσῃ.
1783 585 1832 612 καὶ

1040 636 1153 670 γένηται
1163 634 1249 669 πολλὴ
1261 634 1368 669 ἀνάγκη
1384 632 1432 660 τοῦ
1445 632 1483 668 μὴ
1493 631 1624 659 δύνασθαι
1636 631 1751 661 πολλοὺς
1766 638 1832 657 συν-

1042 681 1141 713 ελθεῖνι
1168 681 1252 707 διὰτὸ
1270 681 1307 715 μὴ
1321 680 1467 714 ἀπομεῖναι
1480 678 1560 705 αὐτὸν
1572 679 1601 704 ἐν
1613 677 1652 713 τῷ
1667 677 1831 712 ἐγκλήματι,

1043 729 1096 756 ὑπὸ
1110 727 1142 764 ιβ’
1156 727 1315 755 ἐπισκόπων
1329 725 1462 761 ἀκουσθῇ,
1481 725 1529 752 καὶ
1549 725 1564 751 ὁ
1579 724 1765 759 πρεσϐύτερος
1780 723 1834 749 ὑπὸ

1043 775 1074 808 ἐξ
1083 774 1240 801 ἐπισκόπων
1249 773 1297 800 καὶ
1309 771 1357 800 τοῦ
1367 772 1444 803 ἰδίου,
1454 771 1501 798 καὶ
1510 771 1524 796 ό
1536 770 1659 801 διάκονος
1672 769 1725 796 ὑπὸ
1734 768 1831 804 τριῶν.

1080 830 1171 858 Ὥστε
1180 829 1240 858 ἀπὸ
1257 829 1421 864 Τριπόλεως
1437 828 1491 855 ἕνα
1508 827 1678 854 ἐπίσκοπον
1687 826 1730 861 εις
1744 832 1833 853 τοίως

204 883 229 904 et
242 882 269 903 ut
285 878 420 911 presbyter
434 877 530 903 ibidem
547 885 562 902 ιι
578 876 690 911 quinque
709 875 837 910 episcopis
850 874 990 903 audiatur.

1052 876 1308 911 τηρησιανέλθεῒν,
1317 877 1365 903 καὶ
1372 874 1449 901 ὥστε
1459 874 1513 901 τὸν
1523 873 1725 907 πρεσϐύτερον
1733 871 1834 899 ἐκεῖσε

240 977 284 1004 M.
303 977 367 1004 Item
384 977 484 1012 placuit
510 977 544 1004 de
571 976 674 1012 Tripoli
688 977 722 1010 “,
746 981 857 1012 propter
869 976 993 1011 inopiam

209 1023 366 1057 provinciae.
383 1028 501 1061 utvunus
513 1024 659 1059 episcopus
674 1024 880 1059 inplegationem
891 1024 992 1058 veniat,

208 1073 236 1095 ct
254 1074 284 1096 ut
303 1069 338 1096 ibi
357 1069 499 1104 presbyter
519 1077 534 1096 a
551 1069 675 1104 quinque
696 1069 824 1096 audiatur
845 1069 993 1104 episcopis,

207 1118 235 1140 ct
250 1114 382 1141 diaconus
399 1122 414 1140 ο
434 1115 531 1146 tribus,
550 1118 581 1141 ut
605 1114 731 1149 superius
745 1119 926 1142 memoratum
941 1118 994 1148 est,

207 1159 318 1193 proprio
334 1159 463 1194 episcopo
477 1159 613 1187 residente
623 1159 686 1195 [ηις.
707 1158 864 1195 praesente].

247 1257 283 1284 De
304 1257 414 1284 diversis
428 1258 565 1285 ordinibus
587 1258 703 1286 ecclesiis
718 1258 890 1286 servientibus
904 1267 915 1286 :
928 1263 957 1286 ut
973 1259 997 1286 si

209 1302 267 1336 quis
292 1303 318 1328 in
351 1311 461 1329 causam
492 1303 610 1330 criminis
644 1304 787 1331 incurrerit
817 1309 843 1331 et
876 1304 997 1332 abnuerit

205 1347 339 1382 judicium
356 1348 578 1381 ecclesiasticum,
604 1349 694 1376 debeat
710 1350 871 1384 iperictilari
887 1358 898 1378 :
922 1356 947 1378 et
969 1355 998 1378 ut

208 1393 260 1427 lilii
275 1393 441 1421 sacerdotum
464 1394 614 1429 spectacula
634 1395 776 1422 saecularia
789 1403 842 1423 non
849 1397 959 1423 adeant.

244 1554 289 1582 15.
305 1553 372 1581 Item
387 1554 489 1589 placuit
499 1554 521 1570 ι’
532 1554 588 1591 (78)
606 1554 685 1592 [Mm
699 1554 806 1584 Placuit
815 1555 954 1592 quisque],
970 1561 1001 1583 ut

1042 922 1102 951 ἀπὸ
1112 922 1203 950 πέντε
1221 923 1385 950 ἀκούεσθαι
1400 920 1585 948 ἐπισκόπων.

1078 978 1122 1006 ιδ’.
1144 977 1261 1013 Ὁμοίως
1276 978 1385 1013 ἤρεσεν,
1408 976 1463 1003 ἀπὸ
1477 975 1637 1011 Τριπόλεως
1653 974 1697 1001 διὰ
1719 973 1768 1010 τὴν
1783 974 1837 1008 τῆς

1042 1024 1134 1060 χώρας
1144 1024 1247 1052 ἔνδειαν
1255 1024 1303 1052 ἕνα
1312 1023 1460 1050 ἐπίσκοπον
1469 1023 1509 1054 εις
1522 1030 1622 1056 τοποτη
1627 1021 1723 1056 ρησιαν
1735 1020 1835 1048 ἐλθεῖν·

1044 1072 1091 1098 καὶ
1110 1071 1154 1098 ἴνα
1167 1072 1182 1098 ὸ
1201 1070 1388 1106 πρεσϐύτερος
1403 1070 1503 1102 ἐκεῖσε,
1526 1068 1581 1096 ἀπὸ
1599 1067 1681 1094 πέντε
1701 1066 1836 1102 ἀκούηται

1044 1116 1214 1143 ἐπισκόπων·
1227 1116 1275 1143 καὶ
1291 1116 1306 1143 ό
1321 1115 1454 1147 διάκονος,
1471 1114 1526 1141 ἀπὸ
1538 1113 1621 1149 τριῶν
1631 1132 1639 1145 ,
1654 1113 1692 1144 ὡς
1707 1113 1837 1148 ἀνωτέρω

1047 1161 1166 1197 εἴρηται,
1182 1160 1230 1188 τοῦ
1247 1161 1314 1188 ιδίου
1329 1160 1411 1188 αὑτοῦ
1426 1159 1549 1196 δηλονότι
1562 1157 1713 1185 ἐπισκόπου
1732 1165 1838 1193 προκα-

1047 1208 1079 1243 ῠη
1084 1207 1164 1242 μένου
1168 1227 1175 1234 .

1082 1263 1152 1296 Περὶ
1165 1262 1316 1297 διαφόρων
1330 1262 1445 1294 τάξεων
1456 1260 1659 1297 minuma;
1674 1260 1837 1288 δουλευου-

1047 1308 1119 1337 σῶν·
1132 1307 1210 1336 ὥστε
1218 1308 1272 1336 ἐάν
1282 1317 1327 1342 τις
1336 1308 1611 1343 ειςζὲγπληματικὸν
1625 1307 1745 1343 πρᾶγμα
1755 1315 1838 1341 περι-

1047 1356 1138 1390 πέσῃ,
1149 1355 1198 1382 καὶ
1208 1355 1427 1390 παραιτήσηται
1437 1355 1471 1382 τὸ
1486 1354 1746 1388 ἐκκλησιαστικὸν
1754 1353 1840 1380 δικα-

1047 1399 1185 1435 στήριον,
1200 1401 1334 1435 ὀφείλειν
1346 1401 1400 1427 τὸν
1417 1400 1554 1428 τοιοῦτον
1567 1399 1774 1428 κινδυνεύειν’
1788 1399 1841 1427 και

1047 1446 1126 1474 ὥστε
1139 1447 1176 1474 τὰ
1185 1448 1278 1474 τέκνα
1287 1446 1347 1474 τῶν
1357 1447 1458 1482 Ιερέων
1476 1446 1633 1482 κοσμικαῖς
1652 1446 1784 1480 θεωρίας
1795 1445 1841 1481 μὴ

1049 1492 1217 1526 προσιέναι.

1085 1547 1126 1575 ιε’.
1136 1548 1251 1584 Ὁμοίως
1258 1548 1365 1584 ἤρεσεν,
1374 1548 1417 1576 ἵνα
1427 1548 1602 1584 όστισδήποτε
1610 1550 1664 1576 τῶν
1670 1550 1841 1583 ἐπισκόπων,

209 1599 336 1635 quisquis
359 1600 571 1635 episcoporum,
599 1600 679 1636 235
699 1601 937 1636 presbyterorum,
968 1605 994 1629 et

1052 1595 1063 1630 ἢ
1078 1595 1281 1631 πρεσϐυτέρων,
1299 1595 1316 1630 ἦ
1335 1595 1468 1623 διακόνων
1479 1615 1487 1628 ,
1503 1595 1520 1631 ἢ
1536 1596 1686 1631 κληρικῶν,
1707 1596 1841 1631 πράγμα-

210 1646 400 1679 diaconorum,
427 1654 475 1674 seu
499 1646 680 1679 clericorum.
698 1654 761 1674 cum
781 1647 809 1674 in
831 1646 953 1676 Ecclesia
973 1649 998 1676 ei

211 1691 294 1719 fuerit
310 1692 412 1719 crimen
439 1692 609 1723 institutum,
626 1691 667 1719 vel
689 1692 786 1719 similis
814 1699 896 1720 causa
916 1692 1000 1721 fuerit

212 1742 359 1770 commota,
376 1737 398 1765 si
414 1737 509 1764 relicto
520 1737 706 1765 ecclesiastico
713 1737 818 1772 judicio
829 1738 946 1773 publicis
954 1738 998 1774 ju-

212 1782 291 1810 diciis
301 1783 411 1818 purgari
425 1783 551 1815 voluerit,
569 1782 650 1810 etiam
666 1783 688 1810 si
701 1791 749 1817 pro
765 1783 825 1818 ipso
839 1775 1000 1818 fueril'pto-

213 1827 266 1854 lata
282 1827 425 1858 sententia.
451 1827 540 1854 locum
557 1835 637 1855 suum
655 1828 779 1861 amittat;
794 1833 821 1856 et
834 1829 925 1856 hocin
946 1829 1000 1856 cri-

213 1872 308 1900 minali
324 1873 432 1900 actione
450 1881 458 1899 ι
472 1873 499 1900 in
520 1873 594 1900 civili
620 1881 685 1901 vero
709 1874 806 1909 perdat
820 1875 892 1909 quod
907 1875 999 1908 evicit,

213 1917 238 1945 si
256 1917 346 1944 locmn
371 1925 452 1945 suum
476 1918 599 1945 obtinere
611 1918 748 1945 maluerit.
763 1917 820 1946 Hoc
842 1918 924 1945 etiam
943 1919 1001 1954 pla-

214 1963 301 1991 cuit"
315 1963 381 1999 (79),
393 1967 422 1990 ut
434 1972 449 1991 a
464 1964 671 1999 quihuscnnquc
684 1964 823 2000 judicibus
835 1965 1002 1992 ecclesiasti-

214 2010 255 2038 cis
268 2009 301 2037 ad
319 2010 387 2037 alios
403 2011 511 2044 judices
531 2011 748 2043 ecalesiasticos,
779 2010 825 2038 ubi
847 2016 891 2038 est
914 2011 1001 2045 major

213 2056 374 2087 auctoritas.
385 2055 468 2083 fuerit
490 2060 678 2091 provocatum,
706 2063 760 2083 non
777 2056 818 2083 eis
833 2055 915 2088 obsit,
932 2063 1001 2090 quo-

215 2110 276 2130 rum
291 2102 372 2129 fuerit
383 2102 470 2128 soluta
487 2102 634 2135 sententia,
653 2102 676 2128 si
697 2101 821 2129 convinci
838 2109 892 2128 non
905 2106 1001 2136 potue-

215 2147 280 2180 rint,
298 2147 340 2174 vel
362 2146 475 2174 inimico
494 2146 743 2181 animojudicasse,
760 2145 803 2173 vel
818 2146 910 2181 aliqua
925 2146 1001 2181 cupi—

214 2193 298 2220 (litate
306 2192 444 2227 autgratia
458 2192 595 2226 depravati
612 2190 678 2226 (80).
694 2190 766 2218 Saue
779 2191 802 2218 si
816 2199 849 2218 ex
863 2199 1001 2219 consensu

216 2239 334 2273 partium
350 2238 428 2266 electi
455 2237 776 2273 fuerintjudices“(81),
794 2237 875 2265 etiam
894 2245 909 2265 ιι
934 2245 1001 2272 pau-

1049 1651 1094 1674 τος
1105 1642 1179 1676 αὒτῷ
1193 1641 1398 1677 ἐγκληματικοῦ
1408 1642 1424 1677 ἢ
1436 1641 1576 1669 πολιτικοῦ
1589 1643 1630 1674 ἐνὶ
1639 1644 1672 1678 τῇ
1692 1642 1844 1678 Ἐκκλησία

1050 1687 1221 1723 κινουμένου,
1248 1687 1296 1714 ἐὰν
1321 1687 1540 1724 παραιτούμενος
1559 1688 1590 1716 τὸ
1613 1689 1844 1725 ἐκκλησιαστικὸν

1049 1733 1234 1768 δικαστήριον,
1253 1733 1394 1768 δημοσίοις
1409 1732 1509 1770 θελήσῃ
1527 1733 1696 1769 καθαρθῆναι
1711 1734 1844 1762 δικαστη-

1052 1779 1129 1812 ρῖοις,
1142 1778 1194 1805 κᾶν
1208 1778 1278 1814 ὑπὲρ
1290 1777 1374 1805 αὑτοῦ
1392 1778 1409 1814 ή
1423 1778 1513 1814 ψῆφος
1538 1779 1695 1814 ἐκφωνηθῇ,
1706 1780 1782 1814 ὅμως
1795 1780 1844 1807 τὸν

1051 1823 1115 1850 ἴδιον
1127 1824 1209 1850 τόπον
1223 1824 1363 1850 ἀπολέσει·
1377 1824 1424 1850 καὶ
1432 1823 1511 1850 τοῦτο
1521 1823 1569 1858 μὲν
1580 1824 1626 1851 ἐπὶ
1637 1824 1684 1850 τοῦ
1699 1824 1842 1860 ἐγκλημα-

1050 1869 1137 1896 τικοῦ·
1151 1870 1198 1896 ἐπὶ
1212 1870 1242 1897 δὲ
1261 1869 1482 1903 τοῦῐπολιτικοῦ,
1500 1870 1628 1897 ἀπολέσει
1650 1870 1681 1897 τὸ
1699 1871 1740 1903 εις
1757 1871 1772 1898 ὃ
1787 1872 1845 1898 ἐνίς

1050 1923 1144 1951 κησεν⁷
1168 1915 1215 1943 ἐὰν
1238 1915 1284 1942 τὸν
1311 1915 1376 1943 ἴδιον
1400 1916 1484 1943 τόπον
1505 1916 1605 1952 θελήσῃ
1630 1916 1770 1951 κατέχειν·
1794 1919 1845 1944 καὶ

1049 1960 1128 1987 τοῦτό
1142 1969 1173 1995 γε
1190 1960 1243 1996 μὴν
1261 1961 1371 1996 ἤρεσεν,
1392 1960 1462 1988 ὥστε
1483 1961 1531 1988 ἐὰν
1549 1962 1603 1989 ἀπὸ
1623 1962 1787 1997 οιωνδήποτε
1803 1963 1841 1990 δι·

1050 2007 1157 2034 διασπῶν
1172 2006 1409 2042 ἐκκλησιαστικῶν
1425 2007 1472 2033 ἐπὶ
1486 2007 1583 2039 ἄλλους
1599 2007 1728 2040 δικαστὰς
1742 2008 1845 2044 ἐκκλη-

1052 2053 1206 2084 σιαστικοὺς
1222 2052 1332 2087 ἔχοντας
1348 2051 1461 2086 μείζονα
1476 2053 1526 2088 τὴν
1541 2053 1695 2086 αὑθεντίαν,
1710 2053 1846 2089 ἔκκλητος

1051 2097 1173 2132 γένηται,
1191 2097 1390 2132 μηδέντούτους
1401 2098 1530 2132 βλάπτειν
1545 2095 1583 2125 ὧν
1599 2099 1616 2134 ὴ
1635 2098 1725 2133 ψῆφος
1736 2098 1843 2126 λύεται·

1051 2143 1098 2169 ἐὰν
1114 2143 1142 2169 δὲ
1157 2142 1318 2178 ἐλεγχθῆναι
1334 2143 1371 2179 μὴ
1384 2143 1549 2179 δυνηθῶσιν,
1571 2145 1587 2179 ἢ
1610 2144 1682 2171 κατὰ
1697 2144 1810 2180 ἔχθραν,
1826 2146 1844 2181 ἢ

1052 2188 1122 2215 κατὰ
1134 2188 1322 2223 προσπάθειαν
1333 2189 1512 2221 δεδικακέναι,
1524 2190 1541 2224 ἡ
1551 2199 1601 2216 τινι
1615 2190 1705 2225 χάριτι
1721 2191 1845 2225 ὑποφθα-

1054 2232 1144 2268 ρῆναι·
1157 2232 1240 2260 ἐὰνδὲ
1251 2233 1321 2260 κατὰ
1332 2234 1484 2261 συναενεσιν
1494 2234 1548 2261 τῶν
1563 2235 1655 2270 μερῶν
1668 2234 1846 2268 ἐπιλεγέντες

217 2285 292 2312 ciore
308 2292 422 2311 numero
445 2291 525 2318 quam
550 2283 728 2310 constitutum
757 2288 809 2315 cst,
839 2291 894 2311 non
923 2277 994 2311 liceat

1055 2275 1105 2304 ὦσι
1127 2278 1263 2312 δικασταὶ,
1286 2279 1311 2305 ει
1339 2279 1386 2305 καὶ
1407 2279 1565 2315 ὀλιγώτεροι
1586 2280 1693 2306 ἔσονται
1711 2279 1765 2306 τῶν
1792 2280 1850 2316 ὀρι-

217 2329 358 2364 provocari
376 2329 452 2365 [mss.
468 2327 627 2364 provocare]
654 2337 661 2355 :
675 2332 703 2356 et
723 2333 752 2355 ut
766 2328 813 2355 lilii
829 2328 994 2356 sacerdotun

1057 2325 1184 2357 σθέντων,
1201 2324 1239 2360 μὴ
1254 2325 1353 2358 ἐξεῖναι
1368 2325 1554 2353 ἐκκαλεῖσθαι·
1572 2326 1618 2353 καὶ
1629 2325 1699 2352 ὥστε
1713 2325 1748 2352 τὰ
1759 2326 1849 2352 τέκνα

219 2377 372 2412 spectacula
393 2376 534 2404 saecularia
560 2383 614 2403 non
629 2375 791 2407 exhibeant,
817 2375 863 2403 sed
878 2382 929 2402 nec
943 2383 994 2410 spe

1054 2371 1108 2398 τῶν
1117 2371 1221 2407 ἱερέων,
1236 2371 1337 2407 θεώρια
1352 2371 1473 2406 κοσμικὰ
1486 2371 1524 2407 μὴ
1540 2371 1670 2404 ἐκτελεῖν,
1699 2371 1765 2405 μηδὲ
1779 2371 1850 2400 θεω-

218 2427 302 2455 cteut,
336 2423 398 2450 licet
414 2423 466 2450 hoc
481 2430 587 2457 semper
602 2421 765 2449 Christianis
779 2421 905 2448 omnibus
920 2420 994 2448 inter

1057 2418 1112 2452 ρεῐν
1125 2423 1132 2430 ·
1147 2417 1227 2443 τοῦτο
1246 2417 1275 2443 δέ
1288 2417 1336 2443 καὶ
1357 2417 1425 2444 πᾶσι
1440 2418 1496 2449 τοῖς
1510 2417 1683 2452 Χριστιανοτς
1703 2417 1746 2443 ἀεὶ
1762 2418 1850 2453 κεκήο

217 2469 320 2497 dictum
330 2468 375 2502 sit,
388 2472 415 2496 et
436 2468 481 2495 ubi
493 2467 670 2503 blasphemiae
688 2471 770 2501 sunt,
789 2474 845 2494 non
864 2467 994 2495 accedant

1057 2471 1165 2499 ρυκται,
1182 2462 1253 2490 ὥστε
1272 2461 1376 2489 τούτων
1399 2462 1562 2498 ἀπέχεσθαι,
1578 2463 1626 2489 καὶ
1643 2462 1710 2488 ὃπου
1723 2460 1848 2498 βλασφη-

1058 2509 1117 2545 μίαι
1132 2509 1196 2543 εἰσὶ,
1217 2509 1257 2545 μὴ
1272 2509 1425 2545 προσιέναι.

255 2601 277 2617 ¹⁶
291 2600 419 2636 Carthag.
440 2606 470 2633 ιι,
488 2607 548 2635 cap.
569 2600 614 2628 20.

666 2599 824 2634 “Carthag.
846 2608 886 2632 ιιι,
902 2607 962 2634 cap.
975 2599 1002 2631 2,
1023 2599 1049 2627 8.
1093 2598 1114 2614 "
1128 2597 1257 2633 Carthag.
1275 2597 1322 2630 Ill,
1338 2605 1398 2633 cap.
1418 2598 1445 2626 9.
1484 2598 1506 2614 "
1521 2597 1587 2626 ibid.
1626 2597 1648 2613 "
1664 2597 1730 2626 ibid.

258 2684 315 2718 ('16)
329 2684 484 2718 Gratianus,
505 2693 514 2710 ι
534 2683 667 2711 adversus
687 2683 846 2717 episcopum
859 2682 1006 2718 habuerit;
1088 2682 1150 2718 7(80)
1166 2682 1322 2710 Ferrandus
1337 2689 1396 2717 cap.
1415 2681 1460 2714 θι,
1475 2688 1507 2708 ex
1522 2679 1621 2708 concil.
1636 2679 1781 2715 θοι-11ης..
1805 2681 1849 2709 tit.

223 2719 398 2748 Burchuralus
410 2725 437 2748 et
450 2721 508 2752 lvo,
527 2728 537 2745 ι
555 2726 609 2746 non
635 2718 770 2750 habuerit.
790 2726 799 2744 ι
816 2725 900 2752 parvo
916 2717 1010 2744 dism'i-
1059 2717 1102 2744 15.

225 2754 307 2781 mine.
500 2750 505 2752 ’
816 2750 823 2752 ’
1093 2752 1149 2787 (8|)
1175 2752 1331 2780 Fcrrandus
1354 2759 1414 2787 cap.
1442 2750 1492 2783 40,
1528 2758 1561 2777 ex
1588 2750 1688 2777 concil.
1713 2750 1850 2785 Cartliag.

263 2789 320 2824 (77)
337 2789 387 2817 Ms.
407 2800 417 2815 ‹
435 2790 462 2816 In
476 2793 581 2817 reatum
598 2787 808 2824 atlincurrcritg
846 2821 852 2824 _
899 2821 904 2824 _
952 2821 980 2824 __
1061 2788 1103 2814 tit.
1115 2787 1167 2824 ιο.

263 2821 320 2858 (78)
338 2824 371 2851 Ει
386 2824 541 2852 Ferrandus
555 2833 580 2850 c.
598 2822 632 2858 65
644 2830 676 2849 ex
691 2829 769 2849 conc.
781 2821 874 2858 Carth.
886 2821 929 2849 tit.
950 2821 998 2858 18.
1095 2822 1152 2858 (82)
1167 2823 1244 2858 Apud
1258 2822 1434 2858 Beveregium
1448 2821 1613 2858 ἀναφερέτω.

264 2856 321 2893 (79)
336 2860 368 2886 Et
378 2860 532 2888 Fcrraudus
544 2867 602 2893 cap.
618 2857 662 2890 58,
677 2865 709 2885 cx
724 2857 901 2885 cour.Carth.
914 2857 956 2884 tit.
968 2856 1010 2883 l5.
