1959 3061
90 169 144 201 705

527 164 728 197 SYNTAGMA
742 162 938 196 CANONUM.
953 173 988 180 -·
1003 162 1079 192 TlT.
1097 162 1149 199 IX,
1169 162 1249 192 CAP.
1269 161 1296 191 Ῑ.

1668 156 1723 189 τοσ

123 227 215 254 Ὥστε
235 226 405 253 ἐπισκόπου
429 223 701 259 κατηγορουμένου,
727 222 803 257 πρὸς
827 221 898 252 uir.

969 219 1002 247 Ut
1014 219 1036 246 si
1048 219 1107 254 quis
1121 219 1256 253 episcopus
1270 220 1422 247 accusatur,
1436 215 1472 242 ad
1485 214 1623 249 primatem
1637 214 1721 249 ipsius

87 273 277 307 πρωτεύοντα
288 271 344 306 τῆς
357 271 451 298 αὐτοῦ
465 270 612 305 ἐπαρχίας
636 271 670 297 τὸ
689 269 809 304 πρᾶγμα
823 268 878 296 ἀν-

87 318 258 353 ινεχθῆναι.

125 365 168 391 ιϐ’.
180 363 315 399 Αὐρήλιος
332 362 481 394 ὲπίσκοπος
498 359 586 388 εἶπεν·
610 362 674 389 Ἐάν
695 370 736 393 τις
753 361 808 388 τῶν
820 361 880 388 ἑπι-

90 409 200 436 σκόπων
219 407 418 442 κατηγορῆται,
442 406 518 441 παρὰ
536 407 593 438 τοῖς
613 407 663 441 τῆς
680 406 765 441 αὐτῆς
788 405 880 441 χώρας

91 452 278 488 πρωτεύουσιν
289 453 305 478 ὸ
323 451 477 486 κατήγορος
497 451 624 486 ἀναγάγῃ
640 452 670 477 τὸ
681 452 813 486 πρᾶγμα·
832 450 880 477 καὶ

90 499 160 534 μηδὲ
174 498 228 525 ἀπὸ
242 498 292 532 τῆς
318 496 462 528 κοινωνίας
478 496 586 532 κωλυθῇ
601 497 615 522 ό
633 497 879 532 κατηγορούμενος,

90 546 115 571 ει
143 545 178 579 μὴ
192 549 216 581 γ’
230 543 263 570 ἃν
282 542 350 578 πρὸς
368 542 516 576 ἀπολογίαν
532 543 562 569 ὲν
582 542 621 578 τῷ
637 542 813 578 ,δικαστηρίῳ
826 542 881 568 τῶν

90 590 271 624 δπιλεγέντων
303 589 424 621 δικάζειν
447 589 594 624 γράμμασι
621 588 824 624 προσκληθεὶς,
847 589 880 624 τῇ

90 636 231 672 ὡρισμένῃ
261 635 355 670 ἡμέρᾳ
383 634 510 670 οὐδαμῶς
538 635 713 669 ἀπαντήσοι,
742 635 882 662 τουτέστιν

91 682 168 712 ἔντος
190 680 359 716 προθεσμίας
375 679 469 715 μηνὸς,
491 680 538 714 ἀφ’
551 677 585 714 ἦς
610 680 716 715 ἡμέρας
738 679 836 714 φανείη
849 679 883 707 τὰ

91 728 244 763 γράμματα
254 724 410 760 δεξάμενος·
425 725 472 751 ὲὰν
487 725 515 752 δὲ
527 725 636 760 ἀληθεῖς
648 733 723 756 τινας
736 725 782 751 καὶ
796 725 882 758 ἀναγ-

92 773 225 803 καστικὰς
255 771 344 802 αἰτίας
369 771 510 806 ἀποδείξῃ.
537 771 584 797 τὸν
613 770 694 797 αὐτὸν
722 770 884 802 κωλυσάσας

92 817 248 852 ἀπαντῆσαι
259 817 328 851 πρξς
341 815 490 849 ἀπολογίαν
501 814 555 841 τῶν
568 815 628 841 κατ’
644 814 726 841 αὑτοῦ
743 814 885 850 προτεθέν-

92 871 157 895 των,
175 862 250 893 ἐντὸς
263 861 357 896 ἑτέρου
374 860 457 895 μηνὸς
475 860 608 895 ἀκεραίαν
620 859 707 895 ἐχέτω
721 859 863 894 εὐχέρειαν
874 866 882 874 ·

95 908 165 944 μετὰ
183 907 213 934 δὲ
225 907 271 933 τὸν
293 907 420 941 δεύτερον
442 907 526 941 μῆνα,
547 905 585 941 μὴ
606 906 760 942 κοινωνήσῃ
776 905 828 937 ἕως
853 902 884 932 οὗ
898 899 921 929 Β

93 955 213 990 καθαρὸς
225 953 408 988 ἀποδειχθείη.
428 953 459 979 Εἰ
475 952 503 978 δὲ
515 953 583 987 πρὸς
599 952 746 987 σύμπασαν
760 952 810 987 τὴν
825 952 887 987 ἔτη-

95 1000 157 1027 σίαν
171 998 280 1025 σύνοδον
297 997 454 1032 ἀπαντῆσαι
469 997 506 1032 μὴ
527 996 682 1031 βουληθείη,
700 996 743 1022 ἵνα
761 996 815 1022 κᾶν
830 996 888 1022 ἐκεῖ

93 1045 125 1072 τδ
140 1045 257 1080 πρᾶγμα
277 1043 360 1070 αὑτοῦ
376 1043 531 1078 περαιωθῇ,
549 1043 631 1074 αὐτὸς
643 1042 705 1069 καθ’
724 1042 824 1069 ἑαυτοῦ
838 1043 888 1078 τῆς

95 1091 247 1126 καταδίκης
263 1089 312 1125 τὴν
321 1089 412 1124 ψῆφον
431 1089 656 1124 ὲκπεφωνηκέναι
671 1089 848 1125 κριθήσεται·
860 1089 890 1116 ἐν

95 1133 124 1160 δὲ
140 1133 180 1168 τῷ
205 1132 294 1168 καιρῷ
309 1130 331 1167 ᾦ
344 1133 374 1159 οὺ
392 1134 525 1165 κοινωνεῖ,
543 1133 610 1168 μηδὲ
627 1134 656 1160 ὲν
670 1135 704 1170 τῇ
721 1134 774 1169 ἰδίᾳ
789 1133 890 1169 ἐκκλη-

98 1179 155 1215 σίᾳ,
176 1179 244 1214 μηδὲ
260 1179 289 1206 δν
301 1178 434 1215 παροικίᾳ
446 1179 609 1215 κοινωνήσῃ.
628 1179 658 1206 '0
670 1180 698 1206 δὲ
708 1179 804 1207 τούτου
821 1188 889 1207 κατ-

94 1224 207 1260 ήγορος,
233 1224 281 1250 ἐὰν
307 1222 433 1258 μηδαμοῦ
455 1223 644 1258 ἀπολειφθείη,
665 1225 694 1251 ὲν
707 1221 753 1257 αῖς
772 1225 891 1260 ἡμέραις

95 1268 266 1303 γυμνάζεται
288 1268 322 1295 τὰ
343 1268 391 1295 τοῦ
417 1269 592 1304 πράγματος,
621 1269 754 1305 μηδαμῶς
780 1269 889 1306 κωλυθῇ

94 1315 152 1342 ἀπὸ
167 1314 218 1350 τῆς
229 1314 384 1346 κοινωνίας
401 1315 448 1342 ἰὰν
462 1314 490 1341 δέ
506 1323 572 1341 ποτε
587 1315 697 1352 ἐλλείψῃ
715 1315 811 1343 ἑαυτὸν
824 1316 890 1342 ὺποο

96 1361 195 1396 σύρας,
204 1360 461 1395 ἀποκαθιπαμένου
474 1361 508 1396 τῇ
523 1361 650 1397 κοινωνίᾳ
663 1361 710 1388 τοῦ
727 1362 889 1395 ἐπισκόπου,

94 1407 179 1438 αὐτὸς
193 1405 249 1432 ἀπὸ
266 1406 316 1441 τῆς
333 1405 476 1438 κοινωνίας
497 1405 617 1442 ἐκβληθῇ
633 1407 647 1433 ὁ
661 1407 813 1443 κατήγορος
823 1415 830 1423 ·
844 1407 891 1434 οὖ-

95 1461 154 1484 τηις
168 1452 261 1487 μέντοι
286 1451 325 1483 ὡς
339 1451 377 1487 μὴ
393 1451 440 1478 καὶ
458 1451 508 1487 τὴν
522 1453 664 1488 εὐχέρειαν
677 1453 752 1489 αὺτῷ
766 1455 892 1489 ἀφαιρεῖ-

97 1498 161 1524 σθαι
178 1497 229 1532 τῆς
253 1498 420 1532 κατηγορίας
443 1497 490 1524 τοῦ
512 1498 686 1534 πράγματος.
700 1499 748 1526 ὲὰν
763 1499 891 1536 δυνηθείη

931 264 1071 295 provincia
1085 271 1167 290 causa
1179 262 1326 297 deferatur.

969 359 1012 388 19.
1032 359 1160 387 Aurelius
1176 360 1321 394 episc0pus
1332 358 1354 374 "
1368 357 1458 385 dixit:
1476 356 1606 392 Quisquis
1619 356 1725 392 episco-

933 412 1030 440 porum
1054 409 1200 432 accusatur
1223 404 1257 432 ad
1288 403 1431 439 primatem
1459 403 1607 438 provinciae
1637 403 1725 437 ipsius

934 459 1044 479 causam
1084 451 1190 478 deferat
1214 455 1372 482 accusator,
1405 456 1455 476 nec
1488 456 1504 476 a
1533 449 1727 476 communione

934 497 1126 535 suspendatur.
1143 497 1188 524 cui
1200 496 1304 524 crimen
1319 495 1481 526 intenditur.
1496 495 1547 522 nisi
1565 495 1598 522 ad
1613 502 1726 522 causam

934 551 1012 571 suam
1031 543 1174 571 dicendam
1198 542 1345 570 electorum
1363 541 1531 576 iudiciorum
1559 541 1603 568 die
1625 546 1726 569 statuta

934 588 1033 616 litteris
1055 593 1185 616 evocatus
1212 587 1326 615 minime
1353 588 1514 620 occurrerit,
1546 587 1599 615 hoc
1618 591 1660 615 est
1670 587 1728 622 (85)

935 633 1006 662 infra
1024 634 1142 668 spatium
1162 633 1277 665 mensis.
1300 640 1335 660 ex
1354 640 1385 660 ea
1399 633 1453 665 die,
1468 641 1523 667 qua
1547 640 1610 660 cum
1624 633 1729 660 litteras

936 679 1076 713 accepisse
1089 678 1252 707 constiterit.
1268 677 1346 711 Quod
1369 678 1392 705 si
1414 678 1521 713 aliquas
1535 685 1612 705 veras
1632 685 1728 705 neces-

936 725 1027 753 sitatis
1056 732 1156 753 causas
1173 725 1344 760 probaverit,
1368 725 1451 760 236
1473 725 1572 760 quibus
1592 725 1648 760 (84)
1666 731 1729 751 cum

936 778 1082 798 occurrere
1095 778 1149 798 non
1170 771 1293 805 potuisse
1318 770 1494 798 manifestum
1510 771 1556 802 sit,
1571 777 1661 797 causa
1673 768 1731 805 (85)

937 814 1059 844 dicenda!
1081 816 1152 844 intra
1186 816 1300 844 alterum
1331 824 1453 844 mensem
1476 816 1610 852 integram
1631 816 1732 843 habeat

940 862 1094 889 facultatem
1106 869 1115 894 ;
1129 869 1223 889 verum
1234 866 1289 888 tam
1305 861 1351 888 diu
1364 865 1425 896 post
1444 869 1564 888 mensem
1579 861 1731 889 secundum

936 914 990 934 non
1007 906 1199 938 communicet.
1211 906 1300 934 donec
1310 912 1452 941 purgetur.
1466 906 1494 933 Si
1510 911 1600 933 autem
1613 906 1647 934 ad
1662 913 1732 933 con-

938 953 1029 980 cilium
1045 952 1200 980 universale
1213 952 1432 980 anniversar‘ium
1443 951 1592 980 occurrere
1604 952 1732 986 noluerit,

938 998 1064 1033 quamvis
1083 997 1125 1025 vel
1147 997 1184 1025 ibi
1201 1005 1286 1025 causa
1313 997 1373 1033 ejus
1395 998 1566 1030 terminetur,
1584 997 1642 1033 ipse
1656 997 1682 1024 in
1703 1005 1735 1025 se

940 1043 1128 1071 damnationis
1147 1043 1312 1071 sententiam
1335 1042 1596 1077 di'aissejudicetur,
1611 1047 1734 1078 tempore

940 1096 1018 1121 sane,
1032 1097 1088 1124 quo
1100 1096 1155 1116 non
1164 1089 1350 1116 communicat
1359 1107 1367 1120 ,
1384 1095 1436 1116 nec
1452 1089 1480 1115 in
1496 1096 1545 1116 sua
1561 1089 1677 1116 ecclesia
1691 1089 1734 1116 vel

940 1135 1060 1169 partecia
1086 1135 1281 1163 communicet.
1313 1134 1466 1161 Accusator
1489 1138 1581 1161 autem
1609 1134 1682 1169 ejus.
1711 1134 1736 1162 si

941 1188 1082 1215 nunquam
1105 1180 1204 1208 diebus
1226 1187 1318 1208 causae
1344 1179 1467 1208 dicendae
1481 1180 1611 1214 defuerit,
1627 1188 1642 1207 a
1658 1187 1735 1208 com-

941 1228 1072 1254 munione
1093 1233 1148 1254 non
1177 1230 1351 1254 removeatur
1366 1235 1374 1253 :
1401 1226 1425 1254 si
1442 1234 1506 1254 vero
1521 1227 1669 1262 aliquando
1687 1227 1737 1254 de-

943 1273 1024 1300 fuerit
1043 1272 1208 1300 subtrahens
1230 1279 1261 1300 se
1276 1273 1403 1300 restituto
1423 1273 1451 1300 in
1469 1273 1665 1300 communione
1677 1273 1737 1308 epi-

943 1325 1038 1352 scopo,
1064 1317 1122 1352 ipse
1136 1323 1311 1346 remmeatur
1331 1326 1347 1345 a
1363 1318 1559 1345 communione
1573 1323 1733 1346 accusator:

943 1363 980 1390 ita
998 1367 1089 1390 tamen
1099 1363 1168 1398 (86).
1182 1369 1211 1391 ut
1227 1371 1277 1391 nec
1299 1364 1350 1399 ipsi
1361 1363 1500 1390 adimatur
1515 1363 1632 1391 facultas
1645 1370 1736 1391 causae

944 1408 1114 1442 peragenda,
1137 1408 1159 1435 si
1177 1415 1207 1435 se
1227 1408 1262 1435 ad
1278 1409 1351 1436 diem
1365 1416 1512 1436 occurrere
1533 1416 1587 1436 non
1603 1408 1736 1442 noluisse,

942 1452 989 1481 sed
1000 1460 1055 1480 non
1071 1452 1192 1487 potuisse
1211 1453 1376 1488 probaverit.
1402 1453 1508 1482 Placuit
1525 1454 1591 1481 illud
1615 1462 1691 1486 vero,
1708 1460 1738 1482 ut

943 1506 1005 1526 cum
1017 1506 1098 1534 agere
1111 1500 1225 1534 coeperit
1240 1499 1267 1527 in
1287 1500 1478 1536 episcoporum
1498 1501 1614 1534 judicio.
1635 1501 1658 1529 si
1676 1500 1737 1528 fue-

96 1543 240 1576 ἀποδιῐξαι
260 1543 332 1570 κατὰ
355 1543 405 1579 τὴν
421 1543 607 1579 προθεσμίαν,
623 1544 682 1579 οὐχὶ
697 1544 736 1580 μὴ
749 1545 892 1580 τεθεληκέ-

945 1546 981 1573 rit
1003 1546 1174 1574 accusatoris
1200 1554 1319 1582 persona
1342 1548 1497 1583 culpabilis,
1518 1549 1552 1575 ad
1566 1549 1736 1584 arguentium

96 1598 154 1620 ναι,
167 1588 235 1615 ἀλλὰ
251 1588 289 1624 μὴ
306 1588 467 1623 δεδυνῆσθαι
489 1589 655 1624 ἀπαντῆσαι.
672 1589 794 1616 Ἐκείνου
810 1589 892 1626 δήλου

948 1599 1004 1618 non
1036 1591 1179 1625 admittat,
1205 1593 1258 1620 nisi
1288 1593 1412 1627 proprias
1436 1601 1546 1626 causas,
1574 1601 1630 1621 non
1645 1598 1737 1622 tamen

96 1633 186 1666 δντος,
201 1635 239 1664 ῶς
257 1634 285 1659 ὲν
306 1633 346 1668 τῷ
362 1634 494 1660 κινεῖσθαι
515 1634 549 1662 τὰ
571 1633 618 1661 τοῦ
636 1635 797 1671 πράγματος
810 1637 838 1664 ἐν
853 1636 892 1672 τῷ

946 1638 1155 1671 ecclesiasticas,
1171 1646 1295 1666 asserere
1308 1640 1424 1667 voluerit
1439 1640 1508 1674 (87).

96 1680 154 1706 τῶν
169 1679 330 1706 ἑπισκόπων
341 1679 578 1715 δικαστηρίῳ,ὲὰν
592 1681 767 1717 διαϐέϐληται
792 1682 823 1709 τὸ
856 1683 1003 1718 πρόσωπον
1024 1684 1073 1712 τοῦ
1111 1685 1276 1720 κατηγόρου,
1300 1685 1338 1721 μὴ
1367 1686 1519 1721 προσδεχθῇ
1559 1686 1600 1718 εἰς
1618 1695 1737 1722 κατηγο-

99 1727 175 1763 ρίαν,
192 1725 217 1752 si
242 1727 277 1762 μή
291 1726 316 1761 γ’
331 1725 364 1752 ἃν
380 1726 452 1761 ὑπὲρ
472 1726 537 1754 ἰδίου
553 1727 725 1762 πράγματος,
740 1729 778 1765 μὴ
802 1729 894 1765 μέντοι
914 1730 981 1766 περὶ
994 1730 1223 1766 ὲκκλησιαστικοῦ
1243 1731 1346 1768 θελήσῃ
1358 1732 1545 1760 ὲπιὸαλέσθαι.

99 1771 171 1807 Περὶ
202 1771 412 1806 πρεσϐυτέρων
436 1772 485 1798 καὶ
507 1774 659 1807 κληρικῶν
676 1775 895 1811 κατηγορουμέ-

454 1815 525 1836 νων.

135 1859 173 1883 κ’.
192 1856 295 1884 1:ch:
311 1855 492 1892 πρεσϐύτεροι
507 1856 523 1892 ἢ
537 1855 654 1882 διάκονοι
672 1856 893 1892 κατηγορηθῶσι,

99 1901 359 1938 προσζευγνυμένου
381 1901 429 1928 τοῦ
453 1902 570 1936 νομίμου
593 1901 711 1937 ἀριθμοῦ
726 1901 780 1928 τῶν
795 1903 826 1928 ὲκ
845 1902 895 1936 τῆς

98 1947 308 1984 πλησιαζούσης
320 1947 482 1979 τοποθεσίας
496 1947 613 1983 αἱρετῶν
634 1948 801 1980 ἐπισκόπων,
813 1947 860 1980 οὓς
870 1948 895 1974 οἱ

98 1992 335 2028 κατηγορούμενοι
361 1993 535 2028 αἰτήσονται,
552 1994 692 2020 τουτέστιν
716 1993 759 2020 ἐπ’
781 1993 892 2028 ὀνόματι

97 2038 150 2066 τοῦ
165 2038 352 2075 πρεσϐυτέρου
363 2038 403 2071 ἓξ.
413 2039 460 2065 καὶ
474 2038 521 2065 τοῦ
535 2038 658 2065 διακόνου
668 2038 764 2074 τριῶν,
775 2039 823 2066 σὺν
833 2038 893 2065 τού-

98 2094 156 2111 των
173 2084 257 2115 αὐτὸς
272 2085 287 2111 ό
303 2084 367 2115 ῐδιος
389 2084 443 2110 τῶν
467 2085 713 2119 κατηγορουμένων
732 2084 892 2116 ἐπίσκοπος,

98 2131 152 2162 τὰς
175 2129 268 2161 αἰτίας
285 2129 376 2157 αὐτῶν
399 2128 536 2162 ἐξετάσει·
550 2129 598 2156 τοῦ
618 2129 700 2156 αὑτοῦ
714 2130 769 2156 τῶν
780 2129 893 2165 ἡμερῶν

100 2178 149 2204 καὶ
169 2176 344 2212 ὑπερθέσεων
361 2175 408 2202 καὶ
424 2175 574 2207 ἐξετάσεων
596 2176 642 2202 καὶ
662 2175 826 2212 προσώπων,
846 2183 894 2210 με.

99 2222 170 2255 ταξϋ
183 2222 237 2248 τῶν
247 2221 484 2257 κατηγορούντων,
493 2222 541 2248 καὶ
554 2222 800 2256 κατηγορουμένων
807 2221 894 2248 τύπου

101 2267 320 2303 φυλαττομένου·
335 2266 389 2294 τῶν
405 2267 436 2293 δὲ
455 2267 556 2293 λοιπῶν
573 2266 712 2302 κληρικῶν
730 2267 779 2298 τὰς
794 2267 896 2301 αίτίας,

101 2316 151 2341 καὶ
175 2313 257 2347 μόνος
274 2313 289 2339 ό
303 2312 427 2344 ιντόπιος
445 2313 594 2345 ἐπίσκοπος
613 2312 716 2348 διαγνῷ
737 2313 785 2340 καὶ
807 2321 894 2349 περα-

101 2361 197 2387 τώσει.

165 2406 235 2440 Περὶ
251 2405 487 2441 κατηγοροῦντος
502 2405 551 2432 καὶ
567 2405 840 2441 κατηγορουμένου.

138 2452 171 2478 λ’.
183 2451 420 2487 ’(Ψοίωςῆρεσεν,
435 2451 479 2478 ἵνα
494 2451 508 2477 ό
522 2451 786 2486 κατηγορούμενοςῆ
802 2452 817 2478 ὁ
831 2459 896 2478 κατ‹

105 2498 227 2534 ηγηρῶν,
243 2499 273 2525 ὲν
297 2497 335 2533 τῷ
356 2497 432 2532 τόπῳ
448 2497 510 2524 ὅθεν
524 2497 598 2524 ἐστὶν
615 2497 629 2523 ὁ
645 2497 895 2533 κατηγορούμενος,

141 2587 164 2603 ¹³
176 2586 306 2621 Cartliag.
320 2594 361 2620 Ill,
381 2593 443 2620 cap.
457 2586 484 2612 ’1.
524 2585 547 2601 ι’
561 2584 691 2620 Carthag.
712 2593 753 2617 ιιι,
770 2593 830 2620 cap.
848 2585 874 2613 8.

143 2665 199 2699 (85)
217 2664 268 2691 Ms.
279 2664 350 2690 intra
364 2671 373 2690 :
388 2667 414 2690 et
425 2663 461 2691 ita
476 2662 563 2690 Gneo.

142 2699 199 2735 (84)
216 2699 267 2735 bis.
285 2708 295 2724 ι
316 2699 415 2734 quibus
430 2704 485 2725 tum
499 2706 556 2735 non
569 2699 701 2733 potuisse.

144 2733 200 2767 (85)
218 2734 268 2761 Ms.
283 2743 292 2759 ι
309 2741 398 2761 causae
410 2741 465 2760 suae
480 2733 624 2761 discendae.
645 2743 655 2760 ι

145 2770 200 2804 (86)
217 2769 264 2796 liae
279 2769 338 2796 dine
351 2776 430 2795 voces
441 2776 494 2795 non
510 2773 574 2796 sunt
585 2769 613 2796 in
633 2776 685 2796 ms.

143 2805 201 2839 (87)
215 2805 265 2832 Ms.
280 2804 424 2839 agendum.

126 2840 203 2901 1(8I8.)
233 2838 388 2867 Fcrrandus
421 2846 483 2874 cap.
517 2839 572 2871 51,
598 2846 630 2866 ex

126 2882 153 2900 Ι.
188 2888 212 2901 ι.

670 2838 772 2866 concil.
805 2838 899 2867 Cartli.

1085 1777 1125 1805 De
1135 1778 1293 1814 presbyteris
1309 1783 1334 1805 et
1346 1778 1448 1806 clericis
1463 1779 1604 1807 accusatis.

979 1862 1024 1890 20.
1041 1863 1069 1890 Si
1079 1867 1168 1891 autem
1182 1863 1203 1880 ¹⁶
1218 1863 1275 1900 (88)
1291 1865 1442 1901 presbyteri
1456 1866 1498 1893 vel
1513 1866 1621 1894 diaconi
1637 1867 1738 1895 fuerint

944 1908 1077 1941 accusati,
1093 1908 1223 1943 adjuncto
1239 1909 1292 1937 sibi
1307 1918 1339 1937 ex
1352 1910 1451 1938 vicinis
1463 1911 1531 1939 locis
1546 1919 1607 1938 cum
1626 1913 1737 1947 proprio

944 1953 1073 1988 episcopo
1088 1953 1159 1989 (89),
1173 1954 1294 1989 legitimo
1307 1962 1423 1983 numero
1437 1956 1613 1990 collegarum,
1624 1965 1693 1992 quos
1702 1957 1737 1985 ab

945 1999 1041 2027 eodem
1056 2001 1176 2028 accusati
1189 2001 1325 2036 petierint,
1340 2001 1365 2028 id
1378 2006 1419 2029 est
1438 2010 1492 2029 una
1506 2009 1598 2030 secum
1616 2003 1643 2030 in
1658 2011 1736 2038 pres-

946 2043 1032 2079 byteri
1048 2046 1159 2073 nomine
1169 2053 1228 2078 sex,
1245 2047 1273 2073 in
1284 2047 1392 2074 diaconi
1407 2053 1472 2079 tres.
1486 2049 1607 2083 ipsorum
1623 2056 1735 2076 causam

946 2091 1106 2124 discutiant.
1126 2092 1220 2120 eadem
1243 2094 1349 2122 dierum
1362 2095 1572 2129 etdilationum,
1588 2100 1616 2123 et
1629 2103 1643 2123 a
1660 2104 1737 2124 com-

946 2137 1076 2164 munione
1101 2139 1296 2172 remotionum,
1321 2145 1348 2168 et
1363 2140 1532 2169 discussione
1556 2150 1736 2177 personarum

945 2181 1027 2217 237
1058 2182 1130 2210 inter
1155 2190 1331 2213 accusatores
1355 2193 1383 2214 et
1410 2195 1458 2214 eos
1478 2187 1524 2222 qui
1557 2193 1735 2219 accusantur.

944 2226 1031 2256 forma
1051 2234 1168 2257 servata.
1194 2230 1371 2266 Reliquorum
1391 2238 1481 2260 autem
1493 2233 1656 2261 clericorum
1670 2242 1736 2261 cnu-

942 2282 988 2303 sas
1000 2275 1082 2303 etiam
1113 2276 1191 2305 solus
1205 2278 1351 2314 episcopus
1370 2279 1423 2307 loci
1445 2284 1589 2314 agnoscat,
1603 2284 1632 2307 et
1645 2280 1736 2309 ﬁniat.

1149 2407 1188 2436 De
1202 2413 1328 2437 accusata
1342 2413 1367 2436 et
1382 2414 1544 2438 accusatore.
1568 2433 1574 2437 .

984 2453 1029 2481 30.
1051 2453 1117 2482 item
1131 2455 1234 2490 placuit
1249 2455 1318 2491 (90),
1330 2459 1361 2482 ut
1380 2459 1526 2484 accusatus
1539 2454 1582 2482 vel
1595 2457 1741 2482 accusator

951 2498 979 2526 in
993 2506 1025 2527 eo
1040 2500 1112 2535 loco,
1135 2501 1207 2529 unde
1220 2506 1262 2530 est
1277 2501 1321 2530 ille
1334 2502 1383 2537 qui
1408 2505 1571 2534 accusatur,
1597 2500 1620 2528 si
1644 2499 1742 2527 metuit

987 2665 1044 2701 (89)
1058 2665 1108 2694 Ms.
1127 2667 1235 2700 melius,
1255 2675 1264 2693 ι
1281 2673 1314 2694 ex
1329 2665 1428 2694 vicinis
1451 2666 1518 2693 locis
1533 2665 1659 2701 proprius
1682 2666 1740 2701 cpi.

951 2708 1136 2773 “(amillan
1150 2745 1259 2773 quoque
1281 2737 1419 2765 Canonem
1439 2736 1606 2773 llipponensi
1619 2735 1743 2773 (ξοηοῇἰο

952 2770 1046 2800 eadem
1061 2781 1113 2800 ms.
1129 2770 1253 2801 collectio
1268 2774 1408 2800 Canonnm
1426 2770 1529 2804 tritimt,
1545 2775 1573 2797 et
1588 2770 1676 2797 Codex
1693 2770 1743 2798 Pe-

954 2808 989 2835 tri
1015 2808 1125 2838 Pitliaei.
1141 2813 1169 2836 et
1185 2808 1340 2836 Ferrandus
1353 2814 1415 2842 cap.
1429 2807 1490 2841 198,
1507 2814 1540 2833 ιιι
1553 2805 1658 2832 Concii.
1675 2805 1743 2841 Hip-

953 2843 1067 2878 ponensi
1083 2844 1126 2871 tit.
1143 2844 1170 2871 5.
