1954 3080
207 202 262 234 707

209 261 330 295 aliquam
356 257 411 285 vim
436 255 590 284 temeraria
608 252 806 284 multitudinis,
831 251 922 279 locum
945 251 997 278 sibi
1014 254 1035 282 Α

209 308 292 341 eligat
308 305 462 340 proximum
477 301 550 338 (9t),
573 307 630 336 quo
657 307 712 327 non
735 299 770 327 sit
785 298 893 326 diﬂlcile
916 301 999 324 testes

211 352 372 387 producere,
392 353 419 375 et
431 347 477 375 ubi
494 353 579 373 causa
592 345 714 372 ﬁniatur.

247 438 324 472 Quod
356 435 580 464 excamntuuicati
606 433 641 462 ad
673 432 872 461 accusationem
895 429 1001 458 admitti

212 493 263 512 non
276 484 396 512 debeant.

248 531 309 558 19.8.
332 528 492 563 Placuitque
506 528 527 543 "
550 526 692 558 omnibus,
713 524 843 560 quoniam
859 521 1003 558 superiori~

212 578 264 605 bus
289 576 473 604 conciliorum
497 573 617 601 decretis
642 572 676 599 de
692 569 816 606 personis
829 576 891 604 quia
905 567 1003 594 admit-

214 623 300 650 tenda:
326 629 380 649 non
396 625 457 648 sunt
477 620 511 647 ad
536 618 741 646 accusationem
757 616 931 646 clericorum.
945 613 1002 648 jam

212 669 394 697 caustitutum
419 671 472 700 est,
492 670 520 694 et
533 674 596 701 qua:
619 671 745 700 personat
758 670 811 690 non
831 662 1005 689 admitteren-

214 721 269 748 tur,
299 723 353 742 non
383 720 545 748 expressum
571 715 636 739 est:
663 710 768 738 idcirco
783 708 929 737 deﬁnimus
941 714 1019 734 eum‘

214 762 266 789 rite
283 761 316 788 ad
328 759 532 788 accusationem
548 765 604 785 non
621 756 739 789 admitti,
761 755 807 790 qui
827 760 1003 790 posteaquam

213 806 469 835 excommunicatus
492 803 588 835 fuerit,
605 804 633 830 in
658 803 716 837 ipsa
731 802 822 828 adhuc
840 807 1006 842 excommu-

216 853 353 880 nicatione
371 852 549 883 constitutus,
566 850 623 877 sive
637 849 674 875 sit
700 838 904 880 clericus,'sive
919 838 1006 873 laicus

215 904 347 924 accusare
360 895 487 923 voluerit.

252 943 328 975 ριιοά
354 942 422 968 servi
439 945 463 967 et
485 940 586 972 liberti,
601 947 741 974 omnesque
757 937 870 973 infantes
888 943 1007 971 personat
1022 926 1043 954 Β

215 994 267 1013 non
282 986 392 1012 debeant
408 992 545 1011 accusare.

252 1030 314 1058 129.
344 1029 410 1057 ltcm
434 1029 539 1064 placuit
554 1027 576 1046 ¹⁸
591 1031 620 1055 ut
635 1035 730 1055 omnes
751 1026 834 1058 servi,
850 1026 893 1053 vel
905 1024 1008 1060 proprii

216 1076 306 1104 liberti
316 1075 349 1104 ad
361 1075 563 1103 accusationem
578 1081 633 1101 non
644 1073 835 1106 admittantur;
847 1072 888 1100 vel
901 1079 1008 1105 omnes,

216 1130 289 1158 quos
316 1122 351 1149 atl
372 1121 529 1148 accusanda
551 1120 659 1155 publica
674 1119 792 1147 crimina
807 1119 881 1153 leges
895 1118 1011 1153 publicat

217 1176 273 1196 non
309 1167 483 1195 admittunt:
508 1173 604 1194 otnnes
635 1165 718 1193 etiam
742 1164 863 1192 infamiae
890 1163 1008 1193 maculis

219 1213 335 1249 aspersi.
363 1212 391 1240 id
415 1216 458 1240 est
477 1211 638 1244 histriones,
658 1218 691 1238 ac
707 1209 926 1244 turpitudinibus
944 1208 1010 1236 sub-

217 1259 297 1294 jectae
323 1264 456 1292 personae,
483 1256 603 1284 haeretici
631 1256 726 1288 etiam,
752 1255 811 1282 sive
837 1253 947 1289 pagani,
963 1260 1012 1280 seu

219 1303 318 1334 Judaei,
343 1301 392 1329 sed
409 1307 500 1328 tamen
519 1300 661 1332 omnibus,
676 1299 777 1334 quibus
800 1298 943 1326 accusatio
964 1297 1013 1325 de-

221 1353 348 1383 negatur,
366 1348 394 1375 in
415 1347 506 1375 causis
523 1347 644 1382 propriis
669 1345 818 1373 accusandi
835 1344 945 1372 licentia
958 1351 1012 1371 non

220 1395 356 1430 neganda.

258 1484 343 1520 238
359 1483 393 1511 Ut
407 1483 453 1518 qui
467 1491 549 1510 unum
571 1483 669 1510 crimen
689 1490 742 1509 non
761 1481 909 1516 probaverit
925 1481 959 1508 ad
973 1480 1015 1507 al-

223 1537 309 1559 terum
326 1531 434 1570 admitti
448 1538 500 1557 non
519 1529 623 1557 debeat.

259 1577 321 1604 450.
348 1577 414 1604 Item
442 1576 554 1611 placuit,
578 1580 609 1602 ut
624 1575 843 1610 quotiescunque
868 1573 977 1602 clericis
992 1572 1014 1589 "

222 1623 259 1652 ab
285 1622 495 1650 accusatoribus
523 1623 609 1650 multa
634 1622 752 1649 crimina
783 1620 961 1656 objiciuntur,
987 1623 1014 1646 et

225 1676 310 1695 unum
324 1676 355 1695 ex
372 1668 451 1703 ipsis,
470 1668 504 1694 de
525 1674 581 1702 quo
599 1667 676 1702 prius
691 1666 809 1701 egerint,
830 1666 947 1701 probare
960 1671 1015 1691 non

225 1714 373 1747 valuerint,
390 1714 424 1740 ad
443 1717 541 1740 caetera
552 1713 608 1747 jam
627 1720 681 1739 non
695 1711 886 1739 adiuittantur.

331 1797 427 1833 Cyriili
442 1805 474 1824 ea;
487 1797 599 1831 epistola
611 1798 644 1824 ad
660 1796 795 1824 Domuum
806 1805 865 1831 cap.
884 1797 910 1824 1.

263 1887 439 1923 Unaquaeque
450 1893 495 1914 res
512 1891 616 1919 nostra,
632 1890 698 1920 etc.,
713 1891 744 1913 ut
760 1895 822 1922 pag.
838 1886 904 1915 491.
961 1895 964 1898 ·

261 1934 431 1962 Generaliter
445 1934 479 1961 de
492 1933 526 1962 iis
548 1933 594 1969 Qui
609 1933 643 1961 de
658 1934 767 1968 publico
790 1934 907 1962 crimine
920 1942 1018 1970 quam-

226 1988 336 2016 cunque
364 1987 509 2015 personam
540 1987 673 2007 accusare
699 1979 891 2014 prohibentur,
920 1984 1023 2007 tractat

227 2027 275 2053 ιιι).
305 2034 344 2060 ut,
365 2026 427 2053 cod.
456 2025 499 2052 Iit.
528 2025 556 2057 1,
584 2029 612 2052 et
626 2025 674 2053 lib.
691 2025 857 2060 xtvttt,dig.
886 2024 929 2052 tit.
941 2032 973 2057 ιι,
986 2024 1020 2051 de

227 2073 418 2101 criminalibus
447 2080 532 2105 vero,
563 2077 591 2099 et
619 2072 798 2107 pecuniariis,
825 2075 854 2099 et
878 2071 1020 2099 canonicis

227 2119 426 2156 quaestionibus
453 2119 554 2147 dicitur
585 2118 612 2147 in
645 2119 739 2146 codice
769 2123 797 2146 et
822 2117 951 2146 Novellis.
976 2118 1021 2146 Ait

227 2172 319 2194 autem
335 2167 383 2194 lib.
402 2174 422 2200 ι,
439 2165 480 2193 tit.
494 2166 522 2200 2,
539 2170 627 2194 const.
643 2165 670 2198 6,
686 2165 760 2201 quod
783 2165 807 2193 si
833 2166 898 2201 quid
913 2166 940 2192 in
956 2166 1021 2193 uni-

228 2221 308 2241 verso
318 2212 423 2248 Illyrico
440 2212 579 2240 canonica
594 2212 740 2240 dubietatis
755 2212 910 2243 emerserit,
926 2211 952 2238 id
965 2219 1020 2239 non

228 2259 332 2292 absque
343 2257 456 2285 scientia
469 2256 601 2284 antistitis
613 2256 689 2283 urbis
699 2256 1020 2292 Constantinopolitanae,
1038 2277 1059 2304 ο

229 2312 291 2339 qua:
305 2302 400 2331 Retine
423 2304 524 2330 veteris
550 2302 728 2338 praerogativa
759 2302 877 2336 laetatur,
908 2304 1022 2338 ejusque

228 2350 431 2386 [sacerdotalis]
449 2354 598 2377 conventus
619 2353 741 2383 oporteat
756 2349 854 2377 decidi.
871 2348 904 2376 Et
927 2351 970 2377 tit.
992 2351 1019 2382 ὅ,

229 2400 320 2424 const.
336 2396 382 2426 22,
399 2396 470 2431 quod
491 2395 514 2422 si
538 2395 600 2430 quis
613 2402 661 2429 per
676 2395 844 2422 calumniam
860 2396 1018 2431 episcopum

229 2442 397 2474 accusando,
410 2442 513 2478 [ipsum
529 2441 570 2478 se]
585 2441 718 2468 exhibere
730 2442 802 2476 apud
817 2447 1018 2477 eompetentem

227 2489 349 2525 judicem
380 2488 496 2526 [cogat],
539 2488 652 2523 triginta
681 2489 773 2524 pondo
797 2488 881 2525 [auri]
905 2490 959 2517 det.
989 2490 1023 2518 Et

230 2528 322 2563 const.
333 2535 379 2568 25,
396 2535 520 2570 ejusdem
534 2535 576 2562 tit.
592 2535 665 2570 quod
683 2535 775 2562 clerici
788 2535 1022 2572 Constantinopo'

231 2582 321 2615 litani,
348 2583 371 2610 si
402 2587 511 2609 actores
531 2580 619 2608 nolint
640 2581 715 2616 ipsos
742 2580 813 2616 apud
837 2582 1021 2616 patriarcham

230 2629 389 2661 convenire,
415 2628 486 2664 apud
508 2628 580 2656 solos
601 2627 745 2663 praefectos
772 2628 900 2663 litigent:
928 2628 1023 2664 [idque

231 2675 301 2711 sive]
316 2675 491 2708 conveniant,
520 2675 577 2702 sive
608 2674 828 2702 conveniantur:
853 2674 922 2711 [tum
939 2677 1021 2703 etiam

231 2720 301 2757 sive]
319 2721 492 2756 pecuniaria,
519 2721 577 2748 sive
599 2720 750 2747 criminalls
777 2719 854 2756 [item
881 2721 962 2757 sive,]
990 2723 1024 2749 de

271 2809 292 2825 "
306 2809 392 2836 Conc.
418 2809 514 2837 Cartli.
539 2816 588 2841 vn,
606 2809 696 2844 capJ
716 2816 723 2841 ;
739 2807 824 2836 Afric.
843 2816 869 2836 c.
887 2809 932 2842 95;
947 2808 1074 2844 Cartlmt,

233 2851 283 2878 vn,
302 2852 364 2878 cap.
377 2844 405 2876 2;
442 2844 527 2870 Afric.
543 2851 568 2871 c.
583 2844 635 2872 96.
659 2843 858 2880 Vide‘Angust.
876 2846 958 2880 epist.
973 2845 1037 2872 21‘2.

274 2913 331 2950 t9!)
352 2912 402 2941 Iis.
421 2923 431 2939 ι
449 2911 606 2941 Proximum
625 2913 696 2947 foro,
713 2918 806 2941 utnon
821 2914 867 2942 sit.
886 2923 896 2940 ι

784 194 917 226 PHOTII
930 191 1184 224 PATRIARCH/E
1196 191 1252 223 ΟΡ.

1786 186 1841 217 708

1048 249 1097 276 ἐὰν
1121 248 1240 284 φοϐῆται
1264 255 1325 274 τινα
1351 245 1415 281 βίαν
1441 244 1596 281 προπετοῦς
1620 241 1845 279 πολὺπληϐείας,

1050 296 1132 322 τόπον
1146 293 1237 329 ἐαυτῷ
1257 292 1417 328 ἐπιλέξηται
1441 291 1578 326 ἕγγιστον,
1596 291 1624 317 ὲν
1647 286 1670 323 ᾧ
1692 290 1742 316 οὐκ
1770 290 1846 316 ἔστιν

1049 340 1124 376 αὐτῷ
1154 339 1302 374 δυσχέρεια
1339 339 1480 374 μάρτυρας
1506 335 1695 372 προκομίσαι,
1724 335 1787 362 ἔνθα
1816 336 1848 362 τὸ

1051 387 1168 423 πρᾶγμα
1181 385 1266 413 αὐτοῦ
1280 384 1458 421 περατοῦται.

1087 433 1153 460 ὀτι
1171 434 1198 460 al
1215 432 1276 459 ἀπὸ
1297 431 1457 463 κοινωνίας
1482 430 1567 462 ὄντες
1579 450 1587 462 ,
1608 430 1652 462 εις
1667 429 1850 464 κατηγορίαν

1052 480 1109 506 οὐκ
1124 478 1283 514 ὀφείλουσι
1298 476 1535 511 προσδεχθῆναι.

1082 527 1159 561 “ρκη’.
1182 525 1285 559 Ἧρεσε
1300 523 1390 550 τοίνυν
1405 523 1499 555 πᾶσιν,
1520 519 1617 555 ἐπειδὴ
1632 521 1688 551 τοῖς
1702 520 1849 555 άνωτὲροις

1052 570 1107 597 τῶν
1127 570 1244 597 συνόδων
1258 568 1418 604 ψηφίσμασι
1442 567 1507 602 περὶ
1530 565 1686 602 προσώπων
1709 565 1850 601 κληρικῶν

1053 617 1108 644 τῶν
1134 616 1171 651 μὴ
1188 615 1352 650 ὀφειλόντων
1381 615 1422 645 εἰς
1451 612 1627 649 κατηγορίαν
1651 611 1851 647 προσδεχθῆναι

1053 662 1176 698 ὡρίσθη,
1191 661 1239 689 καὶ
1257 661 1308 687 οὐκ
1328 659 1547 695 ὲπεξειργάσθηι,
1569 651 1633 686 ποία
1657 658 1791 694 πρόσωπα
1813 657 1852 693 μὴ

1055 705 1261 742 προώεχθῶσι,
1291 704 1336 731 διὰ
1366 704 1446 730 τοῦτο
1467 703 1608 739 ὁρίζομεν,
1637 702 1734 738 τοιῖιτον
1761 702 1852 738 ὀρθῶς

1056 752 1124 787 πρὸς
1136 750 1307 786 κατηγορίαν
1320 750 1358 786 μὴ
1370 749 1552 784 είσδέχεσθαι,
1569 749 1646 779 ὅστις
1664 748 1733 784 μετὰ
1754 748 1786 775 τὸ
1798 748 1855 775 ἀπὸ

1056 798 1200 829 κοινωνίας
1219 796 1349 831 γενέσθαι
1363 796 1392 822 ὲν
1406 795 1480 831 αὐτῷ
1494 794 1535 822 ἐτι
1548 794 1587 830 τῷ
1601 793 1747 830 ἀφορισμῷ
1763 795 1855 829 ὑπάρ-

1056 852 1109 878 χει,
1134 843 1190 869 εἴτε
1211 841 1343 877 κληρικδς
1365 841 1420 876 εἴη,
1443 842 1498 868 εἴτε
1517 840 1611 872 λαῖκδς
1627 841 1641 866 ὁ
1663 842 1856 876 κατηγορῆσαι

1058 888 1230 925 βουλόμενος,

1093 934 1159 961 Ὅτι
1174 934 1278 961 δοῦλοι
1293 934 1341 961 καὶ
1358 933 1553 967 ἀπελεύθεροι
1565 934 1614 960 καὶ
1629 933 1729 961 πάντα
1740 932 1777 960 τὰ
1790 933 1856 967 ἠτι-

1055 980 1178 1015 μωμένα
1189 980 1346 1015 πρόσωπα,
1360 979 1538 1014 κατηγορεῖν
1552 981 1812 1015 οῠκιόφείλουσιικ

1095 1025 1165 1061 ρκο’.
1195 1025 1310 1061 ὀμοίως
1334 1026 1444 1061 ἤρεσεν,
1471 1026 1516 1052 ἵνα
1538 1026 1639 1058 πάντες
1658 1026 1684 1053 el.
1701 1025 1791 1052 δοῦλοι
1808 1024 1859 1052 καὶ

1059 1072 1084 1098 οἱ
1101 1071 1162 1098 ῐδιοι
1182 1071 1380 1106 ἀπελεύθεροι,
1408 1072 1449 1103 είς
1475 1072 1642 1107 κατηγορίαν
1672 1071 1709 1107 μὴ
1739 1073 1858 1107 1:90:65-

1060 1117 1157 1152 χθῶσι·
1180 1118 1228 1144 καὶ
1244 1118 1346 1149 πάντες
1361 1114 1401 1149 οἷς
1415 1117 1659 1153 προκατηγορητέα.
1675 1117 1839 1152 ἐκγλήματα
1849 1138 1857 1150 ,

1061 1163 1080 1190 ἃ
1099 1163 1147 1190 καὶ
1158 1163 1183 1190 οἱ
1198 1163 1323 1198 δημόσιοι
1337 1163 1415 1198 νόμοι
1430 1163 1461 1190 οὐ
1477 1163 1684 1199 προσδέχονται*
1695 1164 1743 1190 καὶ
1755 1164 1859 1195 πάντες

1061 1207 1103 1234 ἔτι
1124 1208 1179 1244 μὴν
1190 1209 1215 1235 oi
1233 1209 1284 1243 τῆς
1305 1208 1419 1244 ἀτιμίας
1438 1209 1495 1240 τοῖς
1511 1208 1616 1239 σπίλοις
1633 1209 1857 1244 ὲρραντισμένοι,

1061 1255 1188 1281 τουτέστι
1210 1255 1288 1289 μῖμοι
1299 1255 1347 1281 καὶ
1363 1254 1413 1281 ὅσα
1424 1255 1484 1286 ταῖς
1497 1254 1673 1290 αίσχρότησιν
1688 1254 1862 1290 ὑποδέὃλην-

1062 1309 1108 1329 ται
1131 1302 1286 1336 πρόσωπα,
1313 1302 1446 1337 αἱρετικοὶ
1469 1301 1510 1327 ἔτι
1533 1301 1596 1337 μὴν,
1622 1302 1676 1328 εἴτε
1704 1300 1859 1337 Ἕλληνες,

1062 1348 1118 1375 εἴτε
1141 1347 1278 1380 Ἰουδαῖοι,
1295 1348 1370 1383 ὅμως
1383 1349 1467 1375 πᾶσιν
1487 1345 1528 1380 οἷς
1545 1349 1561 1384 ὴ
1576 1348 1689 1383 τοιαύτη
1704 1348 1862 1384 κατηγορία

1064 1394 1186 1429 ἀρνεῖται
1206 1394 1234 1421 ὲν
1253 1396 1315 1426 ταῖς
1329 1394 1407 1425 ἰδίαις
1423 1395 1524 1426 αἰτίαις
1536 1415 1545 1428 ,
1563 1394 1614 1430 τὴν
1629 1394 1676 1420 τοῦ
1690 1395 1862 1430 κατηγορεῖν

1064 1439 1158 1465 ἄδειαν
1172 1438 1211 1474 μὴ
1222 1438 1342 1473 ὀφείλειν
1362 1438 1514 1474 ἀρνεῖσθαι.

1067 1491 1073 1495 ·
1100 1484 1168 1512 Ἵνα
1185 1486 1202 1511 ὁ
1215 1484 1282 1519 περὶ
1297 1483 1367 1517 ἐνὸς
1383 1484 1570 1519 ἐγκλήματος
1582 1483 1738 1517 ἀποδεῖξαι
1750 1483 1795 1519 μὴ
1807 1483 1864 1511 δυ-

1065 1531 1207 1566 νάμενος,
1222 1530 1298 1564 πρὸς
1309 1530 1414 1565 ἕτερον
1421 1530 1464 1565 μὴ
1477 1529 1631 1566 είσόεχθῇ.

1103 1576 1152 1612 ρλ¹.
1176 1576 1294 1612 Ὁμοίως
1311 1576 1419 1612 Ιἤρεσεν,
1438 1577 1481 1603 i'va.
1496 1576 1696 1611 ὁσακισδήποτε
1717 1576 1865 1611 κληρικοῖς

1066 1622 1121 1650 ἀπὸ
1149 1622 1312 1657 κατηγόρων
1341 1622 1427 1649 πολλὰ
1458 1622 1619 1658 ἐγκλήματα
1646 1621 1867 1656 ὑποὸἀλλονται,

1066 1669 1113 1696 καὶ
1131 1668 1160 1695 ἓν
1175 1669 1204 1702 ἐξ
1219 1668 1309 1695 αὐτῶν
1328 1669 1395 1704 περὶ
1413 1666 1443 1696 οὗ
1459 1669 1568 1705 πρῶτον
1590 1668 1730 1705 ἐπράχθη,
1750 1669 1867 1695 ἀποδει-

1066 1713 1164 1749 χθῆναι
1183 1714 1234 1740 οὐκ
1246 1713 1379 1750 ἠδυνήθη,
1393 1714 1462 1750 πρὸς
1473 1713 1507 1740 τὰ
1519 1713 1600 1740 λοιπὰ
1622 1714 1692 1749 μετὰ
1711 1712 1803 1739 ταῦτα
1827 1713 1868 1750 μὴ

1069 1759 1282 1795 προσδεχθῶσιν.

1067 1806 1219 1840 Κυρίλλου
1254 1805 1289 1833 ἐκ
1328 1805 1383 1840 τῆς
1421 1805 1497 1839 πρὸς
1536 1805 1652 1839 Δόμνον
1695 1804 1870 1839 ἐπιστολῆς

1410 1859 1477 1885 nep.
1492 1850 1527 1877 α’.

1105 1897 1228 1924 Ἐκαστα
1248 1896 1303 1923 τῶν
1322 1896 1383 1923 καθ’
1398 1897 1472 1932 ἡμᾶς
1489 1895 1675 1931 πραγμάτιον,
1688 1903 1716 1922 κ.
1736 1903 1763 1922 τ.
1785 1895 1812 1922 λ.

1104 1943 1225 1976 Γενιγῶς
1238 1945 1302 1978 περὶ
1314 1943 1368 1969 τῶν
1385 1943 1568 1977 κωλυομένων
1583 1942 1746 1976 κατηγορεῖν
1756 1942 1871 1977 οἰουδή-

1069 1999 1134 2016 ποτε
1149 1989 1297 2025 προσώπου
1311 1989 1358 2016 ὲπὶ
1373 1988 1495 2024 δημοσίῳ
1507 1988 1672 2023 ἐγκλήματι,
1685 1987 1873 2022 διαλαμϐάνει

1070 2036 1172 2072 βιϐλίον
1187 2035 1264 2062 θ’τοῦ
1276 2034 1340 2062 κώδ.
1352 2035 1405 2062 τίτ.
1415 2034 1452 2067 α’,
1470 2034 1518 2061 καὶ
1532 2034 1603 2069 βιϐλ.
1618 2036 1662 2069 μη¹
1673 2033 1728 2060 τῶν
1739 2033 1801 2068 Δίγ.
1812 2035 1872 2061 τίτ.

1071 2082 1104 2118 β’·
1115 2082 1179 2116 περὶ
1189 2081 1217 2108 δὲ
1229 2081 1440 2116 ὲγκληματικῶν
1454 2080 1501 2108 καὶ
1511 2079 1663 2106 κανονικῶν
1674 2080 1722 2106 καὶ
1730 2088 1873 2114 χρηματι-

1071 2128 1127 2156 κῶν
1140 2127 1280 2164 ζητήσεων
1297 2127 1407 2163 εἴρηται
1429 2127 1459 2154 ὲν
1470 2127 1509 2162 τῷ
1522 2126 1588 2153 κώδ.
1603 2126 1649 2153 καὶ
1663 2127 1723 2157 ταῖς
1733 2125 1870 2160 Νεαραῑς-

1072 2174 1199 2209 φησὶζγὰρ
1209 2173 1281 2208 βιελ.
1300 2173 1389 2208 α’λτίτ,
1401 2172 1515 2209 β’,διάτ.
1530 2172 1557 2204 ς’
1571 2172 1612 2198 ὃτι
1622 2171 1669 2202 τὰς
1677 2172 1873 2206 ἀναφυομένας

1072 2218 1216 2250 κανονικὰς
1236 2217 1458 2253 ἀμφισῦητήσεις
1477 2218 1506 2244 ὲν
1524 2217 1578 2252 ὅλῳ
1597 2216 1635 2252 τῷ
1661 2215 1819 2250 Ἰλλυρικῷ,
1840 2217 1874 2242 οὐ

1071 2264 1111 2291 δεῖ
1141 2263 1290 2299 τέμνεσθαι
1323 2263 1399 2298 παρὰ
1429 2261 1543 2298 γνώμην
1573 2260 1621 2287 τοῦ
1648 2261 1874 2296 ἀρχιεπισκὸπου

1075 2308 1389 2340 Κωνσταντινουπὸλεως
1411 2307 1459 2334 καὶ
1488 2308 1537 2342 τῆς
1559 2305 1643 2334 αὑτοῦ
1663 2305 1791 2338 συνόδου,
1808 2306 1877 2340 ἣτις

1074 2355 1131 2390 ἔχει
1149 2355 1184 2381 τὰ
1199 2354 1335 2391 προνόμια
1347 2356 1395 2389 τῆς
1407 2354 1525 2389 ἀρχαίας
1550 2352 1670 2388 Ῥώμης·
1692 2351 1740 2378 καὶ
1762 2351 1819 2378 τίτ.
1849 2355 1876 2386 γ

1073 2402 1143 2429 διάτ.
1165 2401 1218 2438 κβ’,
1235 2401 1276 2428 ὅτι
1299 2402 1313 2428 6
1331 2401 1403 2428 κατὰ
1426 2400 1595 2435 συκοφάντου
1620 2399 1668 2425 ἐπὶ
1695 2398 1878 2433 παραστάσει

1075 2448 1152 2483 παρὰ
1172 2447 1286 2482 δικαστῇ
1313 2447 1462 2482 προσφόρῳ
1483 2445 1647 2479 αἰτιώμενος
1663 2444 1832 2475 ἐπίσκοπον,
1854 2443 1877 2469 λ’

1075 2494 1168 2521 δίδωσι
1180 2493 1284 2529 λίτρας·
1300 2493 1369 2521 διάτ.
1393 2495 1433 2519 κε’
1452 2491 1500 2518 τοῦ
1520 2490 1601 2518 αὑτοῦ
1617 2491 1686 2524 τίτ.,
1703 2490 1745 2516 ὅτι
1759 2491 1784 2516 οἱ
1804 2490 1878 2521 κλη-

1075 2541 1147 2577 ρικοὶ
1166 2539 1481 2571 Κωνσταντινουπόλεως
1497 2539 1552 2564 τῶν
1576 2537 1728 2571 ἐναγόντων
1745 2537 1785 2572 μὴ
1812 2536 1880 2571 βου-

1074 2587 1196 2622 λομένων
1221 2586 1313 2618 αὐτοῖς
1329 2585 1439 2620 ἐνάγειν
1462 2585 1538 2620 παρὰ
1552 2584 1592 2619 τῷ
1608 2584 1777 2620 πατριάρχῃ,
1794 2583 1878 2618 παρὰ

1076 2632 1168 2668 μόνοις
1183 2634 1239 2664 τοῖς
1253 2632 1384 2668 ἐπάρχοις
1398 2631 1566 2662 δικάζονται,
1586 2630 1728 2664 ἐνάγοντες
1744 2630 1794 2655 καὶ
1808 2630 1877 2655 ὲνα-

1075 2678 1186 2713 γόμενοι
1200 2678 1379 2713 χρηματικὼς
1395 2677 1443 2704 καὶ
1457 2676 1667 2712 ὲγκληματικῶς
1683 2675 1755 2710 ὑπὲρ
1779 2674 1876 2701 ίδικῶν

1077 2723 1125 2749 καὶ
1138 2723 1386 2758 ὲκκλησιαστικῶν·
1402 2723 1450 2749 καὶ
1464 2723 1489 2749 οἱ
1507 2722 1556 2758 μὲν
1571 2721 1698 2758 κληρικοὶ
1709 2739 1717 2753 ,
1734 2720 1781 2747 τὸν
1798 2721 1877 2747 οἰκο-

1091 2818 1151 2845 cap.
1168 2810 1195 2843 6;
1208 2809 1302 2838 Carth.
1338 2817 1382 2844 ιιι,
1395 2817 1454 2845 cap.
1473 2809 1489 2835 7
1506 2814 1533 2837 et
1544 2809 1571 2837 8.
1636 2808 1754 2845 “Cone.
1775 2808 1877 2836 Carth.

1077 2846 1098 2862 ”'
1116 2844 1200 2874 Conc.
1214 2846 1309 2874 Barth.
1327 2853 1375 2879 vn,
1396 2854 1456 2881 cap.
1470 2845 1497 2879 5;
1527 2845 1611 2873 Al‘ric.
1628 2851 1653 2877 c,
1672 2844 1699 2871 7,
