1954 3080
98 174 150 207 109

542 172 743 203 SYNTAGMA
757 171 952 205 CANONUM.
964 185 999 190 —
1012 172 1088 204 TlT.
1100 172 1152 210 IX,
1167 172 1246 203 CAP.
1267 171 1293 203 Ι.

1679 174 1735 206 ’110

103 236 178 269 νόμον
191 232 209 268 ἢ
224 232 273 259 τὸν
290 230 517 267 ἐκκλησιέκδικον
537 231 657 258 διδόασιν
673 231 820 268 ἐγγυητὴν,
843 232 890 259 καὶ

942 233 1036 268 [rebus
1049 233 1182 270 ipsorum]
1200 232 1322 268 propriis
1346 231 1405 260 sive
1417 231 1613 260 ecclesiasticis
1629 233 1675 269 [Iis
1689 235 1734 262 in-

103 282 147 317 οὐχ
171 281 266 316 ἕτερον
285 279 339 311 ἓως
363 278 384 305 ν’
408 277 520 313 λιτρῶν
544 277 593 305 καὶ
615 278 664 304 ἐὰν
687 277 842 314 ὑπερϐαίνει
861 278 893 305 τδ

103 329 213 363 πρᾶγμα
235 325 383 361 ὁμολογίαν
404 324 548 360 ἀνώμοτον
569 324 617 351 ἐπα
637 324 677 360 τῷ
700 323 892 360 ὑπερϐαίνοντι

102 372 173 408 ποσῴ
193 371 314 399 ποιοῦσι.

142 509 196 537 Καὶ
216 508 255 544 oi]
267 508 346 542 νόμοι
360 506 416 542 γὰρ
434 506 483 533 καὶ
502 506 527 533 οἰ
543 505 656 537 κανόνες
670 503 807 532 κωλύουσι
822 504 890 540 κλη-

107 557 180 593 ρικδν
205 555 340 590 όμνύναι-
369 555 383 580 6
398 553 430 580 δέ·
453 553 594 588 οἰκονόμος
615 552 780 588 ἐναγόμινος
802 551 834 578 οὐ
852 551 892 578 δί-

100 603 178 628 δωσιν
204 600 362 635 ἐγγυητὴν.
381 599 430 626 καὶ
458 598 539 630 αὐτὸς
558 598 588 624 δὲ
617 597 666 625 καὶ
693 599 719 625 οἰ
745 598 889 634 κληρικοὶ,

97 649 143 676 δύο
161 647 317 682 νομίσματα
337 646 410 682 ὺπέρ
428 644 609 680 ὑπομνήσεως
626 644 675 671 καὶ
694 643 831 679 προϐολῆς
847 643 890 670 tv-

97 693 194 724 τολέως
207 692 309 719 διδόασι
322 711 330 724 ,
344 691 393 718 καὶ
407 691 442 718 τὰ
458 690 540 717 λοιπὰ
553 690 739 725 δαπανήματα
761 688 891 725 φειδωλό-

95 747 172 775 τερον
185 737 308 765 ποιοῦσι·
327 737 375 764 καὶ
389 737 405 772 ἡ
418 736 459 772 λβ¹
473 736 543 764 διάτ.
559 735 607 762 τοῦ
623 735 705 763 αὐτοῦ
723 735 777 762 τίτ.
795 736 888 770 φησὶν,

96 786 135 812 ὅτι
147 785 173 812 οἱ
188 784 350 816 ἐπίσκοποι,
376 783 423 810 καὶ
437 784 461 809 οἰ
476 782 603 818 κληρικοὶ
626 783 673 809 καὶ
686 782 710 808 ol
729 781 843 817 μοναχοὶ
857 781 889 808 οὑ

94 833 213 866 γίνονται
242 830 375 865 διάειμοι,
405 829 474 856 ἀλλὰ
502 829 580 864 παρὰ
603 829 660 860 τοῖς
692 829 807 864 ἄρχουσι
833 828 889 855 τῶν

95 876 235 913 ἐπαρχιῶν
252 876 342 904 αὐτῶν
369 875 523 910 ἐνάγονται·
546 875 577 901 ἐν
599 874 885 902 Κωνσταντινουπόλει

91 923 119 951 δὶ
134 923 337 958 εὑρισκόμενοι,
353 922 430 958 παρὰ
445 921 538 957 μόνοις
552 922 612 953 τοῖς
625 920 758 957 ἐπάρχοις
772 920 885 955 ἐνιεὶγον⁴

91 976 145 1001 ται,
161 967 228 994 ἔνθα
240 968 288 994 καὶ
305 968 321 1003 ἡ
345 966 413 1002 τιμὴ
427 966 522 998 αὐτοῖς
544 965 726 1001 φυλάττεται,
750 964 799 992 καὶ
822 973 886 992 συν-

91 1015 211 1051 ηγόρους
223 1013 416 1050 λαμϐάνουσιν·
427 1014 457 1040 ἐν
471 1013 500 1040 δὲ
508 1014 567 1045 ταῖς
578 1012 724 1049 ἐπαρχίαις
735 1013 887 1049 ὖπέρίδίων

93 1061 268 1097 πραγμάτων
292 1061 471 1096 ἐνατόμενοι,
497 1060 596 1095 μόνους
612 1059 675 1091 τοὺς
696 1059 854 1095 οἰκονόμους
868 1059 886 1095 ἢ

87 1109 150 1141 τοὺς
164 1108 410 1144 ἐκκλησιεκδίκους
436 1108 555 1136 διδόασιν
578 1107 733 1143 ἐγγυητάςδ
760 1106 838 1142 παρὰ
858 1106 886 1134 δὲ

89 1157 145 1187 τοῖς
162 1155 300 1190 ὑπάρχοις
323 1155 505 1190 χρηματικῶς
522 1154 697 1188 ἐναγόμενοι,
718 1153 736 1189 ἢ
754 1153 887 1188 ἀλλήλους

87 1202 259 1237 ἐγγυῶνται,
275 1201 292 1238 ἢ
309 1201 494 1237 ἐνυποθήκους
508 1200 631 1228 ποιοῦσιν
646 1199 801 1235 ὁμολογίας·
815 1199 886 1236 ὑπὲρ

85 1248 115 1275 δὲ
127 1250 185 1274 τῶν
199 1247 449 1283 ἐκκλησιαπικῶν,
469 1246 550 1282 μόνος
565 1247 579 1273 6
591 1246 732 1281 οἰκονόμος
746 1246 886 1280 ἐνάγεται,

83 1293 114 1320 ὃν
130 1293 188 1328 χρὴ
203 1292 280 1328 παρὰ
292 1292 340 1319 τοῦ
355 1292 507 1319 ἐπισκόπου
521 1291 662 1326 γίνεσθαι,
674 1291 722 1318 καὶ
734 1291 826 1318 δίδωσι
839 1291 887 1318 τὸν

83 1338 314 1375 ἐκκλησιίκδικον
327 1338 475 1374 ἐγγυητήν·
496 1338 544 1365 καὶ
561 1338 591 1365 ἐν
605 1337 655 1373 μὲν
668 1338 725 1369 τοῖς
736 1337 830 1373 ἥττοσι
845 1337 886 1364 δι-

82 1385 268 1420 καστηρίοις,
287 1384 358 1421 ὑπὲρ
374 1384 557 1420 ὑπομνήσεως
573 1383 690 1410 διδόασιν
704 1383 730 1409 οἰ
741 1383 887 1410 ἐπίσκοποι

82 1431 131 1459 καὶ
147 1431 174 1459 οί
191 1430 322 1467 κληρικοὶ
342 1432 399 1462 τοῖς
413 1430 591 1461 ἐκϐιϐασταϊς
604 1429 635 1457 οὐ
653 1428 735 1456 πλέον
748 1428 796 1456 τοῦ
811 1429 887 1464 νομί-

81 1485 203 1512 σματος·
223 1477 250 1503 εί
265 1476 294 1503 δέ
316 1476 351 1503 δι’
366 1475 531 1504 ἐκϐιὸαστοῦ
546 1475 600 1502 τῶν
621 1475 754 1511 ὑπάρχων
769 1475 823 1502 ἀπὸ
835 1475 887 1511 ψήο

79 1531 134 1558 φου
150 1523 249 1550 αὐτῶν
267 1521 479 1559 ὑπομνησθῶσιν
500 1522 529 1548 ἐν
550 1521 695 1557 ἐπαρχίαις
710 1521 740 1547 οὐ
756 1520 838 1547 πλέον
863 1518 886 1556 β’

943 279 1083 307 stituatur.
1097 279 1230 307 Similiter
1243 278 1328 315 quod]
1344 279 1436 306 clerici
1450 286 1536 314 usque
1551 279 1584 306 ad
1598 280 1734 315 quinqua-

942 325 1016 360 ginta
1047 325 1131 353 libras
1155 324 1241 361 [auri]
1262 333 1435 353 meonomum
1449 330 1494 352 aut
1509 325 1631 353 ecclesiae
1643 325 1735 353 defen-

942 379 1044 404 sorem,
1070 378 1125 399 non
1153 375 1244 399 autem
1273 371 1368 403 alium,
1396 371 1584 406 iidejussorem
1607 372 1691 399 dent:
1707 377 1734 398 et

941 417 964 444 si
983 425 1026 445 res
1048 416 1118 453 [eam
1133 416 1327 453 quantitatem]
1343 418 1466 450 escedat,
1479 425 1529 453 pro
1543 418 1653 445 residuo
1664 417 1734 446 citra

939 463 1132 500 jusjurandum
1145 469 1271 493 caveant.

978 509 1087 536 Tezlua.
1106 509 1211 536 Etenim
1237 510 1309 545 leges
1336 514 1419 544 atque
1446 512 1578 537 canones‘
1596 510 1728 537 clericum

937 556 1033 591 jurare
1050 555 1209 591 prohibent.
1223 555 1378 592 [Postremo
1390 564 1464 590 vero,
1481 555 1567 592 quod]
1579 555 1605 582 in
1621 556 1666 590 jus
1684 563 1734 582 vo-

940 607 1019 630 catus
1037 609 1199 630 mconomus
1211 601 1400 637 lldejussorem
1414 610 1469 629 non
1489 601 1545 632 det,
1562 606 1588 629 et
1603 607 1660 628 tum
1676 601 1736 635 ipse

941 652 997 675 tum
1011 647 1103 676 clerici
1115 648 1199 684 239
1212 655 1262 683 pro
1280 648 1432 676 monitione
1447 656 1480 675 ac
1493 647 1679 682 procuratoris
1689 647 1733 674 iu-

938 694 1081 721 stitutione
1091 695 1161 721 duos
1172 694 1287 726 solidos,
1298 695 1454 721 exsecutori
1468 693 1543 725 dent,
1555 693 1732 727 reliquosque

939 745 1066 776 sumplus
1086 740 1195 775 parcius
1215 739 1328 767 faciam.
1360 739 1394 767 Et
1424 743 1514 767 const.
1542 739 1587 771 52,
1605 739 1734 773 ejusdem

938 786 982 813 tit.
1000 786 1060 813 ait:
1078 785 1155 819 Quod
1181 785 1322 820 episcopi,
1340 785 1452 817 clerici,
1478 789 1506 812 et
1533 785 1660 812 monachi
1686 783 1733 820 [ad

938 835 1067 859 extranea
1080 830 1195 868 judicia]
1217 839 1273 858 non
1293 831 1483 862 traducantur,
1509 831 1556 858 sed
1582 831 1653 866 apud
1689 838 1733 858 re-

938 882 1027 905 ctores
1041 877 1245 913 provinciarqu
1257 877 1456 904 conreniaulur
1469 886 1476 904 :
1497 882 1524 904 et
1539 876 1735 904 Constantino-

938 924 992 959 poli
1007 924 1127 958 reperti,
1143 923 1214 958 apud
1233 922 1378 959 pmfeclos
1394 923 1528 950 duntaxat
1551 923 1655 957 judicio
1671 923 1732 957 pul-

937 972 1052 1001 sentur,’
1067 968 1112 996 ubi
1134 972 1161 996 et
1185 968 1275 995 honor
1300 968 1367 1003 ipsis
1384 973 1520 1001 servetur,
1535 973 1563 995 et
1584 968 1734 996 advocatos

937 1013 1084 1048 accipiant.
1106 1013 1134 1040 Si
1154 1020 1221 1041 vero
1235 1013 1263 1040 in
1284 1013 1434 1048 provinciis
1450 1013 1485 1040 ob
1503 1014 1630 1048 proprias
1645 1020 1688 1040 res
1702 1014 1730 1040 iu

934 1060 981 1096 jus
995 1063 1139 1091 vocentur.
1155 1066 1316 1088 mconomos
1333 1059 1467 1086 duntaxat
1478 1064 1524 1086 aut
1544 1059 1669 1087 ecclesiae
1680 1059 1730 1087 de—

937 1105 1061 1133 fensores
1075 1105 1254 1140 ﬁdeiussores
1278 1105 1365 1134 dent:
1386 1105 1458 1140 apud
1479 1105 1622 1140 praefectos
1637 1110 1731 1132 autem

936 1152 970 1179 de
986 1152 1069 1179 rebus
1094 1151 1264 1186 pecuniariis
1290 1152 1430 1184 col‘nveuti,
1448 1156 1495 1178 aut
1522 1151 1640 1178 vicariae
1666 1151 1733 1178 lide—

934 1198 1074 1234 jussioues
1101 1202 1243 1234 praestent,
1271 1202 1318 1225 aut
1349 1197 1402 1225 sub
1429 1197 1588 1226 facultatum
1617 1204 1732 1225 suarum

938 1244 1105 1279 obligatione
1116 1245 1258 1272 cautiones
1280 1242 1392 1272 faciant.
1409 1243 1511 1280 [Quod]
1538 1245 1571 1272 de
1598 1244 1733 1272 ecclesia-

939 1290 1016 1318 sticis
1034 1289 1140 1326 [rebus]
1157 1290 1234 1318 solus
1251 1297 1412 1318 oeconomus
1429 1291 1620 1321 conveniatur,
1647 1297 1730 1325 quem

937 1337 971 1364 ab
985 1337 1115 1372 episcopo
1137 1336 1259 1364 ordinari
1286 1341 1404 1371 oportet,
1423 1342 1505 1372 alque
1519 1336 1588 1372 [ille]
1603 1336 1732 1364 Ecclesia:

936 1381 1108 1410 defensorem
1124 1382 1314 1417 lidejuss0rem
1330 1382 1460 1416 praebeat.
1473 1381 1575 1418 [Quod]
1595 1383 1621 1409 in
1639 1382 1731 1409 mino-

938 1428 1016 1455 ribus
1029 1428 1144 1462 judiciis
1170 1428 1291 1463 episcopi
1323 1433 1350 1455 et
1378 1428 1470 1455 clerici
1499 1435 1549 1462 pro
1581 1427 1731 1455 monitione

937 1473 1147 1501 exsecutoribus
1179 1481 1233 1501 non
1266 1474 1385 1509 amplius
1423 1474 1513 1501 solido
1542 1474 1730 1509 sportularum

938 1520 1049 1547 nomine
1064 1520 1139 1547 dent.
1156 1519 1185 1548 Si
1200 1528 1264 1548 vero
1279 1520 1314 1548 ab
1330 1519 1519 1556 praefectorum
1539 1528 1572 1547 ex
1595 1521 1729 1548 sententia

80 1569 248 1605 νομίσματα
257 1568 374 1596 διδόασιν
386 1567 456 1602 ὺπέρ
464 1566 648 1603 σπορτούλων.
658 1566 701 1592 Ἑν
712 1566 852 1601 Βυζαντίῳ
858 1565 887 1592 δέ

940 1567 1061 1601 ipsorum
1089 1566 1291 1594 admoneamur
1312 1567 1339 1593 in
1366 1566 1518 1600 provincia,
1537 1573 1590 1593 non
1612 1566 1732 1601 amplius

78 1613 250 1648 νομίσματα
257 1612 366 1639 δίδωσιν
380 1613 394 1638 ὁ
401 1611 529 1644 ἐξωτικὸς
536 1611 665 1647 κληρικὺς
673 1611 742 1646 ὑπὲρ
750 1610 884 1645 σπθρτούι-

79 1658 147 1686 λων·
156 1658 365 1694 ἐφ’όσῃδήποτε
381 1659 510 1694 ποσότητι
522 1659 687 1693 ἐναγόμενος
695 1658 709 1684 6
721 1657 886 1693 ἐκῦισασ-τὴς

75 1705 249 1741 οἱονδήποτε
262 1704 391 1739 κληρικδν
404 1703 546 1739 ὑϐρίζωνῆ
556 1703 687 1737 σκύλλων,
697 1703 885 1736 ἀποζώννυται

75 1750 124 1777 καὶ
138 1750 273 1786 ἐσχάτως
288 1750 460 1785 τιμωρεῖται.
476 1749 508 1775 El.
520 1748 549 1776 δέ
564 1757 635 1780 τινες
651 1749 772 1784 φανῶσιν
784 1748 885 1780 ἀδίκως

72 1795 175 1827 αὐτοῖς
191 1794 361 1829 ἐνάγοντες,
375 1793 493 1821 διδόασιν
516 1793 608 1825 αὐτοῖς
629 1793 720 1825 πάσας
742 1793 793 1826 τὰς
813 1794 884 1821 κατὰ

72 1841 226 1877 πρόφασιν
247 1840 338 1867 αὐτῶν
352 1840 386 1867 ἐκ
400 1839 545 1876 προοιμίου
563 1839 613 1874 τῆς
633 1838 711 1875 δίκης
733 1848 883 1875 προσγενο-

71 1887 165 1923 μινας
181 1886 284 1919 αὐτοῖς
298 1885 430 1918 δαπάνας.

111 2021 150 2048 Ἦ
168 2021 202 2048 δὲ
229 2022 256 2047 ν’
278 2018 349 2046 διάτ.
371 2018 419 2046 τοῦ
446 2018 529 2047 αὑτοῦ
551 2019 605 2046 τίτ.
628 2018 722 2055 φησῖν.
740 2019 782 2046 ὅτι
795 2020 842 2047 καὶ
859 2020 885 2047 ot

64 2067 210 2104 πληρικο¹ἰ¹
236 2065 330 2098 καλῶς
348 2066 380 2092 ἐν
403 2065 578 2101 συμβολαίοις
599 2065 765 2100 ἀπολέγουσι
780 2067 812 2102 τῇ
834 2066 882 2093 τοῦ

64 2115 160 2151 φόρου
182 2113 358 2149 ἀπογραφῇι
381 2112 498 2147 γενικῶς
516 2112 578 2148 γὰρ
589 2111 694 2145 ἔξεστιν
707 2113 815 2148 ἑκάστῳ
829 2113 883 2139 τῶν

62 2162 141 2197 ὑπὲρ
156 2158 272 2188 ἐαυτοῦ
285 2159 478 2194 καταφρονεῖν·
493 2158 541 2186 καί⁸
552 2158 622 2186 διάτ.
635 2158 659 2195 β’
681 2159 729 2186 τοῦ
739 2159 763 2186 δ’
773 2159 826 2186 τίτ.
835 2158 882 2186 τοῦ

61 2208 155 2235 αὐτοῦ
188 2206 271 2243 prox.
297 2205 339 2232 ὃτι
361 2205 410 2232 ἐὰν
434 2205 487 2240 πρὸ
510 2204 616 2237 τελείας
637 2205 729 2240 ψήφου
753 2205 883 2242 κληρικὸς

938 1613 1046 1641 duobus
1061 1613 1156 1641 solidis
1173 1614 1322 1649 praebcant.
1348 1612 1473 1649 Byzantii
1493 1618 1584 1641 autem
1609 1614 1731 1649 peregri-

938 1668 992 1689 nus
1016 1660 1132 1688 clericus
1160 1660 1347 1695 sportularum
1373 1659 1461 1694 gratia
1478 1664 1533 1687 tres
1553 1666 1651 1686 aureos
1672 1659 1728 1689 det.

939 1707 974 1734 ob
982 1711 1225 1741 quantamcunque
1236 1704 1376 1742 [summae]
1387 1705 1567 1740 quantitatem
1579 1709 1731 1732 conventura

938 1752 1031 1780 fuerit.
1049 1751 1152 1788 [Quod]
1165 1756 1322 1782 exsecutor,
1333 1751 1379 1785 qui
1397 1751 1663 1786 cujusmodicuuque
1675 1750 1730 1777 cle-

937 1799 1026 1826 ricum
1041 1798 1215 1826 contumeliis
1233 1797 1363 1829 adeeerit,
1386 1803 1434 1825 aut
1449 1797 1599 1829 vexaverit.
1620 1797 1730 1831 cingulo

936 1846 1071 1880 privetur,
1088 1849 1116 1871 et
1132 1851 1261 1878 supremo
1286 1844 1421 1878 supplicio
1437 1843 1562 1872 feriatur.
1576 1841 1665 1878 [Quod
1680 1842 1728 1869 de-

936 1890 1030 1926 nique]
1047 1891 1069 1917 si
1087 1891 1133 1925 qui
1160 1890 1220 1917 sine
1250 1889 1325 1924 jusla
1357 1897 1442 1917 causa
1473 1889 1547 1924 ipsos
1574 1888 1732 1916 lucessiisse

935 1937 1089 1970 vidcantur,
1103 1935 1165 1973 [illi]
1185 1935 1252 1971 ipsis
1267 1943 1364 1963 omnes
1388 1943 1533 1969 expensas,
1557 1942 1630 1969 quas
1647 1942 1730 1962 occa»

935 1981 1013 2008 sione
1028 1981 1137 2008 illorum
1152 1981 1187 2007 ab
1206 1980 1319 2008 exordio
1333 1980 1388 2007 litis
1404 1979 1549 2012 subierint,
1566 1980 1691 2007 reddant.

971 2027 1079 2055 Testata.
1098 2027 1196 2055 Const.
1211 2027 1256 2060 50,
1270 2026 1391 2061 ejusdem
1417 2027 1460 2053 tit.
1483 2026 1558 2058 dicit,
1575 2026 1647 2060 quod
1667 2026 1725 2054 cle-

936 2074 985 2102 rici
999 2079 1072 2102 recte
1087 2075 1114 2102 in
1131 2073 1323 2102 instrumentis
1337 2072 1388 2100 fori
1406 2072 1605 2108 prtescripliorni
1623 2080 1730 2100 renun-

935 2120 1014 2148 tient.
1028 2120 1199 2148 Generaliter
1222 2119 1295 2146 enim
1322 2119 1421 2152 cuique
1446 2118 1510 2145 licet
1539 2121 1730 2150 contemnere,

935 2174 996 2201 qua:
1011 2173 1060 2200 pro
1073 2173 1102 2193 se
1117 2165 1233 2202 [indulta
1249 2163 1337 2200 sunt].
1359 2164 1391 2191 Et
1405 2169 1494 2192 const.
1512 2164 1541 2194 2.
1557 2163 1601 2190 tit.
1613 2164 1640 2196 6,
1654 2163 1728 2197 ejus-

934 2212 996 2239 dem
1005 2211 1050 2238 lib.
1063 2212 1136 2246 quod
1151 2211 1173 2238 si
1182 2216 1245 2238 ante
1255 2210 1334 2237 linem
1345 2209 1487 2237 sentcntiae
1497 2209 1614 2236 clericus
1628 2216 1728 2244 provo-

60 2253 292 2289 ἐκκαλέσηται,
315 2252 366 2286 τὴν
386 2250 542 2286 ὡρισμένην
565 2252 597 2278 ἐκ
616 2250 663 2278 τοῦ
683 2251 767 2286 νόμου
788 2251 883 2286 ποινὴν

939 2257 1049 2290 caverit,
1059 2259 1172 2284 multam
1188 2255 1269 2292 240
1275 2256 1472 2292 quinquagima
1481 2255 1612 2283 librarum
1622 2255 1733 2290 argenti

61 2299 142 2326 κατὰ
164 2298 231 2325 τῶν
253 2295 344 2323 ἄλλων
365 2296 419 2322 τῶν
433 2299 454 2322 ν’
477 2296 610 2331 ἀργυρίου
629 2295 739 2332 λιτρῶν,
754 2297 769 2323 6
787 2296 883 2331 φίσκος

58 2346 92 2374 οὗ
117 2344 277 2381 λαμϐάνει
296 2341 364 2378 παρ’
377 2341 472 2375 αὑτοῦ,
488 2342 555 2369 ἀλλὰ
571 2342 627 2374 τοῖς
645 2342 742 2378 πένησι
759 2342 884 2378 διανέμε-

58 2399 122 2418 1:“-
139 2392 160 2427 ή
176 2390 212 2417 δὲ
225 2389 252 2421 ζ’
265 2387 337 2414 διάτ.
351 2386 400 2414 τοῦ
411 2387 494 2414 αὒτοῦ
505 2387 559 2417 τίτ.
573 2388 667 2422 φησὶν,
682 2388 722 2415 ὅτι
735 2388 781 2415 ἐπὶ
795 2388 884 2425 μόνων

57 2446 118 2474 χρη
123 2434 276 2473 μα-ςικῶν
292 2433 395 2469 μεταξὺ
407 2434 615 2465 συναινούντων,
632 2434 663 2460 οὐ
675 2434 733 2469 μὴν
740 2434 788 2460 καὶ
804 2434 885 2461 ἀκόν-

55 2492 129 2515 των,
154 2479 296 2518 ίσχυρῶς
310 2479 327 2505 6
339 2479 487 2511 ἐπίσκοπος
508 2478 630 2511 δικάζειν
651 2479 697 2506 καὶ
717 2479 789 2507 διάτ.
804 2482 830 2515 η’
843 2480 885 2507 ὅτσι

54 2532 75 2568 ἰι
92 2530 156 2558 τῶν
178 2526 357 2556 ἐπισκόπων
371 2526 459 2562 ψῆφος
477 2526 597 2562 ἔρρωται
610 2526 711 2562 μεταξὺ
726 2526 782 2554 τῶν
795 2525 886 2552 ἐπιλέ-

55 2576 202 2612 ξαμινων
226 2572 354 2606 αὐτοὺς,
369 2573 417 2599 καὶ
437 2572 508 2599 ἔοικε
529 2573 589 2604 ταῖς
604 2571 704 2608 ψήφοις
725 2571 779 2598 τῶν
797 2572 890 2608 ὑπάρο

54 2631 130 2660 κων⁹
156 2620 217 2656 ἀφ’
242 2615 287 2645 ὧν
309 2617 487 2644 ἐκκαλεῖσθαι
499 2617 550 2645 οὐκ
565 2617 663 2650 ἔξεστι·
679 2618 726 2645 καὶ
740 2618 811 2646 διάτ.
839 2621 885 2654 ιγ’,

53 2671 100 2697 ὅτι
125 2666 318 2704 βουλόμενος
337 2663 352 2690 6
373 2663 490 2697 ἐνάγων,
503 2664 535 2691 οὐ
549 2664 604 2700 μὴν
623 2664 670 2691 καὶ
692 2665 778 2697 ἄκων,
794 2665 886 2699 ἐνάγει

54 2713 144 2751 παρὰ
167 2711 216 2748 τῷ
242 2709 460 2745 ἁρχιεπισκόπῳ
476 2709 786 2742 Κωνσταντινουπόλεως
799 2710 838 2746 τῷ
848 2712 888 2738 οία

54 2760 198 2796 κονόμῳ,
217 2756 278 2784 καὶ
299 2755 357 2787 τοῖς
368 2754 460 2786 ἄλλοις
473 2754 555 2781 αὑτοῦ
575 2754 715 2791 κληρικοῑς
725 2775 733 2787 ,
748 2756 803 2782 είτε
820 2757 887 2791 πρὸς

53 2808 172 2840 αὐτοὺς
191 2804 262 2832 εἴτε
277 2801 347 2837 πρὸς
356 2801 405 2837 τὴν
422 2801 571 2836 ἐκκλησίαν
583 2801 651 2837 ἔχει’
663 2801 712 2829 καὶ
722 2802 739 2838 ἡ
751 2802 791 2830 κθ’
803 2802 887 2836 διάτ.,

53 2857 99 2883 ὅτι
118 2851 237 2890 μηδεὶς
265 2849 303 2875 ὲκ
325 2847 437 2884 πρώτης
457 2847 590 2876 αἰτιάσθω
600 2847 742 2884 ξκληρικὺν
754 2849 831 2885 παρὰ
849 2849 888 2884 τῷ

54 2899 271 2938 πιτριάρχη,
289 2894 357 2923 ἀλλὰ
377 2894 453 2931 παρὰ
471 2894 516 2930 τῷ
531 2894 675 2930 ἐπισκόπῳ
695 2894 795 2922 αὑτοῦ·
819 2895 844 2921 εί
859 2895 888 2922 δὲ

939 2304 965 2331 in
992 2303 1044 2330 hoc
1065 2303 1197 2330 adversus
1219 2302 1288 2329 alios
1310 2303 1497 2332 constitutam,
1512 2301 1547 2327 ab
1563 2301 1623 2335 ipso
1642 2299 1734 2328 ﬁscus

938 2357 993 2376 non
1010 2349 1138 2384 accipiat,
1153 2348 1200 2376 sed
1216 2347 1381 2383 pauperibus
1400 2351 1503 2382 eroget.
1522 2346 1617 2374 Const.
1634 2350 1732 2374 autem

939 2395 964 2426 7,
974 2395 1095 2430 ejusdem
1104 2395 1151 2422 tit.
1160 2393 1234 2430 quod
1246 2394 1272 2421 in
1289 2393 1453 2429 pecuniariis
1467 2392 1733 2429 duntax:1t[causls}

939 2441 1009 2468 inter
1024 2440 1237 2473 consentientes,
1253 2446 1306 2466 non
1327 2444 1418 2466 autem
1445 2439 1527 2467 etiam
1552 2439 1651 2466 invitos
1669 2439 1729 2466 elli-

939 2487 1040 2515 oaciter
1053 2487 1199 2522 cpiscopus
1211 2486 1326 2522 judicct.
1338 2485 1371 2513 Et
1382 2490 1471 2513 consl.
1487 2485 1514 2518 8,
1529 2485 1600 2520 quod
1620 2485 1731 2520 cpiscoo

939 2541 1036 2569 porum
1051 2533 1187 2567 judicium
1210 2537 1300 2560 ratum
1324 2533 1360 2560 sit
1376 2532 1447 2560 inter
1463 2539 1510 2559 eos
1526 2532 1575 2567 qui-
1587 2532 1660 2565 ipsos
1675 2531 1732 2558 elc-

939 2578 1042 2614 gerint,
1055 2585 1088 2605 ac
1102 2577 1194 2605 simile
1206 2577 1243 2605 sit
1261 2576 1449 2612 praefectorum
1468 2577 1654 2607 sententiisra'
1667 2575 1737 2610 qui-

941 2624 991 2651 bus
1009 2630 1159 2658 provocare
1173 2629 1229 2650 non
1249 2622 1325 2650 licet.
1338 2621 1370 2649 Et
1392 2627 1481 2650 const.
1501 2621 1632 2656 15,.quod
1654 2625 1732 2648 actor

940 2668 1046 2702 volens,
1058 2672 1086 2695 at
1102 2675 1157 2696 non
1173 2669 1255 2696 etiam
1269 2668 1383 2700 invitus.
1400 2668 1470 2703 apud
1485 2669 1644 2703 episcopum
1656 2667 1737 2694 Cou-

940 2714 1134 2749 stantinopolis
1148 2714 1196 2742 lite
1215 2715 1304 2749 pulset
1318 2721 1504 2746 mconomutu,
1524 2718 1571 2740 aut
1590 2714 1658 2740 alios
1670 2713 1737 2748 ejus

941 2759 1066 2789 clericos.
1084 2758 1142 2786 sive
1156 2757 1289 2786 adversus
1304 2758 1389 2793 ipsos,
1406 2753 1464 2786 sive
1488 2758 1620 2784 adversus
1636 2756 1732 2784 Eccle-

941 2805 1010 2832 siam
1026 2803 1188 2840 [actionem]
1203 2804 1310 2832 habeat.
1324 2802 1533 2837 Et29,.constit.
1545 2802 1629 2829 Nemo
1643 2803 1736 2837 prima

943 2850 1002 2878 vice
1017 2850 1089 2885 apud
1105 2849 1298 2885 patriarcham,
1323 2850 1369 2877 sed
1387 2850 1555 2884 episcopum,
1566 2849 1733 2877 summ-cle-

943 2897 1031 2924 ricum
1047 2900 1175 2924 accusato
1186 2895 1233 2930 ;.si
1259 2900 1505 2930 vero_suepoctum
1525 2895 1602 2922 illum
1620 2894 1734 2929 habent,
