1954 3080
257 182 310 215 7H

818 184 947 215 PHOTII
965 185 1216 218 PATRIARCHE
1235 188 1290 220 CP.

1820 197 1864 229 712

261 240 332 276 apud
346 239 596 275 metropolitanum.
609 239 660 273 Qui
677 239 699 267 si
715 247 823 275 quoque
839 245 982 275 suspectus
996 241 1029 268 sil

1095 242 1164 277 πρὸς
1171 242 1253 270 αὑτὸν
1265 243 1392 277 ὑπόπτως
1401 244 1551 281 ἔχει,παρά
1559 247 1599 282 τῷ
1609 249 1798 287 μητροπολίτῃ.
1807 252 1832 279 Et
1840 254 1865 281 δὲ

259 289 365 322 oportet
375 292 439 312 cum
460 285 507 312 illo
523 285 646 319 judicare
669 285 730 313 loco
755 286 839 313 totius
866 286 962 321 synodi
987 292 1042 314 tres

258 333 410 361 secundum
435 331 617 360 ordinationis
637 331 759 359 ordinem
783 332 936 366 primores:
963 336 990 360 et
1019 333 1042 360 si

255 379 386 414 judicatis
406 386 460 405 non
473 378 674 412 acquiescatur,
692 376 789 414 [illius]
807 382 910 405 tractus
926 379 1042 413 patriar-

255 426 335 453 cham
352 425 492 457 advocari,
508 430 589 458 atque
608 429 736 458 tanquam
761 424 820 459 ipse
835 424 870 451 ab
887 423 965 452 initio
977 432 1042 452 cau-

256 479 315 498 sam
336 471 520 506 cognovisset,
541 470 601 504 ejus
617 469 746 504 judicatis
773 470 964 504 obtemperari.
980 469 1040 498 Non

254 517 326 545 enim
339 516 554 551 patriarcharum
572 515 712 543 sententiae
735 516 956 550 provocationem
972 516 1041 542 reci-

255 562 343 596 piunt.
365 561 437 588 Idem
457 561 539 588 etiam
555 561 588 588 de
603 560 636 587 iis
654 561 701 595 qui
717 561 861 596 episcopos
885 560 913 587 in
927 560 974 596 jus
992 568 1040 587 vo-

254 612 318 635 cant
334 606 489 642 [dicendum
507 605 571 642 est].

289 652 365 679 Licet
380 656 471 678 autem
486 659 501 678 a
515 650 669 686 patriarcha
692 655 796 686 petere,
811 655 842 679 ut
860 658 909 686 per
931 651 1039 678 litteras

252 704 318 725 suas
331 697 545 724 controversiam
564 697 700 731 episeOpis
722 697 898 729 transmittat,
918 701 945 723 et
967 695 1037 732 [ille]

252 751 301 778 pro
316 743 448 778 sportulis
464 751 517 770 non
534 744 595 778 plus
608 751 690 778 quam
705 748 824 778 quatuor
838 743 953 778 siliquas
964 752 971 770 :
981 743 1038 770 cle-

251 789 327 816 ricus
342 787 432 824 [vero]
443 788 490 823 qui
501 796 516 815 a
526 789 680 823 patriarcha
687 790 771 816 autad
784 789 1035 822 metropolitanum,

250 839 299 861 aut
313 834 359 861 ubi
378 835 524 869 episcopus
545 834 684 869 delegatus
710 833 803 866 fuerit,
830 834 957 866 mittitur,
980 841 1036 860 non

250 881 312 916 plus
325 888 407 916 quam
420 887 466 907 sex
483 880 585 907 solidos
597 880 713 914 accipit:
732 879 836 915 [idque]
853 879 880 906 in
895 879 1035 914 cujusmo—

1093 288 1218 320 κάκεῖνος
1247 288 1368 321 ὕποπτός
1393 291 1470 322 ἐστι,
1498 291 1539 318 δεῖ
1563 293 1732 326 συνδικάζειν
1755 296 1818 332 αὺτῷ
1837 298 1865 325 ὲκ

1092 333 1238 368 προσώπου
1258 334 1307 370 τῆς
1327 334 1391 370 ὅλης
1416 337 1526 364 συνόδου
1550 340 1626 374 τρεῖς
1653 341 1716 372 τοὺς
1740 341 1803 368 κατὰ
1822 343 1865 376 τὴν

1091 378 1166 410 τάξιν
1181 379 1231 414 τῆς
1242 381 1410 416 χειροτονίας
1421 384 1625 417 πρωτεύοντας·
1649 385 1698 411 καὶ
1711 386 1736 412 εί
1753 386 1785 422 μὴ
1798 395 1866 423 στερ-

1090 425 1141 459 χϐῇ
1162 424 1197 450 τὰ
1211 426 1377 461 κεκριμένα,
1394 428 1440 454 τὸν
1460 429 1507 463 τῆς
1528 430 1689 465 διοικήσεως
1709 433 1864 468 πατριάρχην

1090 469 1288 504 ἐπικαλεῖσθαι,
1303 472 1351 498 καὶ
1365 474 1421 504 τοῖς
1432 474 1497 509 παρ’
1509 475 1592 501 αὑτοῦ
1608 476 1778 512 κεκριμένοις
1790 479 1865 514 ἐμμέ-

1089 523 1155 548 νειν,
1171 515 1209 548 ὤς
1232 516 1265 543 ἂν
1288 517 1313 544 εί
1326 517 1356 551 ἐξ
1376 518 1465 554 ἀρχῆς
1485 520 1565 552 αὐτὸς
1586 521 1723 549 ἐδίκασεν·
1741 523 1794 550 οὐδὲ
1815 525 1864 560 γὰρ

1088 560 1266 588 ἐκκαλοῦνται
1280 563 1308 590 αἱ
1324 562 1380 590 τῶν
1394 565 1571 599 πατριαρχῶν
1587 565 1685 601 ψῆφον
1699 567 1730 594 τὸ
1749 569 1808 595 αὐτὸ
1821 570 1864 597 καὶ

1088 606 1152 641 περὶ
1168 607 1222 633 τῶν
1238 609 1293 639 τοίς
1306 609 1468 641 ἐπισκόποις
1484 610 1648 645 ἐναγόντων.

1126 651 1234 683 Ἔξεστι
1250 653 1278 679 δὲ
1294 655 1370 689 παρὰ
1385 654 1425 689 τῷ
1443 656 1599 692 πατριάρχῃ
1621 658 1777 692 αἰτιᾶσθαι,
1792 660 1829 695 ἐφ’
1844 657 1864 695 ᾧ

1087 696 1130 723 διὰ
1151 698 1323 732 γραμμάτων
1347 699 1429 726 αὑτοῦ
1449 699 1498 735 τὴν
1523 701 1651 730 ὑπόθεσιν
1670 704 1805 740 ἐπισκόπῳ
1815 715 1865 732 πα-

1089 743 1294 778 ραπεμφοῆνιιι·
1310 746 1356 771 καὶ
1368 747 1399 772 οὐ
1414 745 1495 772 πλέον
1504 747 1647 782 τεσσάρων
1657 750 1789 784 κερατίων
1801 751 1866 786 ὑπὲρ

1087 789 1259 822 σπορτοὺλων
1278 790 1412 825 λαμϐάνει
1426 792 1441 817 6
1463 791 1540 827 παρὰ
1559 794 1729 829 πατριάρχου
1744 795 1759 830 ἢ
1775 804 1867 832 μητροο

1086 832 1195 860 πολίτου
1210 834 1387 870 πεμπόμενος
1410 836 1551 872 κληρικός·
1572 838 1588 873 ἢ
1607 838 1672 866 ἔνθα
1695 840 1709 866 6
1726 840 1867 874 ἐπίσκοπος

1085 879 1099 905 6
1118 879 1253 914 πεμφθεὶς
1268 881 1311 916 εἴη
1323 901 1331 914 ,
1346 882 1377 908 οὐ
1392 882 1473 909 πλέον
1488 883 1542 910 τῶν
1561 884 1592 916 ἓξ
1606 884 1659 913 λιτ.
1673 886 1717 920 ἐφ’
1730 886 1867 922 οίᾳδὴποτε

249 926 386 960 dicuntque
400 933 482 953 causa
494 930 521 952 et
536 924 673 961 [summae]
688 926 849 960 quantitate.
859 925 940 952 Audit
954 926 1029 952 ctianﬁ

1087 924 1162 959 αἰτίᾳ
1177 924 1194 959 ἢ
1221 926 1361 961 ποσότητι.
1383 927 1413 954 '0
1435 927 1463 954 δὲ
1479 929 1652 964 πατριάρχης
1674 919 1803 966 ἀκροᾶται
1817 931 1866 966 τῆς

249 971 403 1007 patriarcha
418 971 626 1006 provocationes
645 970 702 1006 [ab]
719 971 853 1006 episcopis
870 976 916 998 aut
933 976 1036 998 metro-

249 1017 388 1052 politanis,
397 1018 444 1052 qui
455 1024 487 1044 ex
501 1016 586 1052 ipsius
600 1017 728 1044 mandato
735 1017 904 1051 judicarunt,
915 1016 1036 1053 [factas].

248 1064 301 1097 Qui
314 1071 378 1091 vero
388 1068 484 1091 contra
499 1063 556 1090 haec
577 1063 682 1095 fecerit,
695 1063 767 1098 quod
783 1063 898 1095 amplius
910 1068 1035 1090 exactum

247 1115 300 1142 est,
314 1109 397 1145 [ejus]
409 1110 522 1144 duplum
536 1109 592 1141 dat.
602 1109 681 1145 24],
695 1109 806 1144 haecque
816 1109 879 1145 [illi]
892 1117 907 1136 a
920 1110 1037 1144 patriar-

248 1157 300 1183 cha
316 1162 363 1182 aut
373 1155 583 1190 metropolitano
594 1155 780 1182 ecciesiastica
793 1161 873 1190 poena
892 1154 1033 1188 inﬂigitur,

247 1206 279 1228 ut
297 1206 374 1228 extra
389 1199 590 1228 ecclesiasticos
608 1198 745 1234 catalogos
773 1199 909 1234 ejiciatur.
922 1198 1033 1235 [Atque]

248 1247 307 1274 haec
333 1246 455 1282 quidem,
481 1245 592 1281 quando
609 1246 796 1273 controversia
818 1245 1033 1273 ecclesiasticum

247 1297 348 1321 statum
366 1293 519 1320 eoncernit.
532 1291 566 1319 At
580 1291 604 1319 si
615 1291 704 1319 civilis
719 1291 766 1324 sit,
789 1299 842 1318 non
861 1292 966 1327 cogitur
989 1299 1034 1319 ac-

247 1345 291 1368 tor
306 1344 353 1367 aut
363 1343 508 1367 accusator
523 1339 580 1366 hac
589 1337 746 1365 custodire:
757 1338 804 1365 sed
815 1338 888 1372 apud
903 1337 1032 1372 praesides

247 1385 388 1413 movenda:
399 1382 536 1420 [actionis]
551 1382 708 1411 facultatem
724 1383 817 1410 habet.
832 1382 928 1410 Const.
941 1387 1032 1410 autem

245 1431 274 1462 4,
288 1430 410 1465 ejusdem
434 1429 476 1456 tit.
503 1428 675 1456 Novellarum
699 1428 755 1455 ait:
774 1427 802 1455 Si
818 1428 879 1463 quis
901 1428 1032 1456 adversus

245 1475 376 1503 clericum
393 1473 529 1501 actionem
543 1473 731 1508 pecuniariam
748 1473 855 1505 habeat,
873 1473 1031 1507 episcopum

244 1521 296 1549 sub
313 1527 367 1556 quo
379 1519 424 1546 ille
442 1523 582 1552 censetur,
598 1519 778 1553 interpellata.
799 1518 823 1545 is
842 1526 896 1545 non
912 1518 1031 1546 interve-

243 1568 336 1594 niente
355 1567 491 1601 scriptura
507 1566 574 1593 citra
591 1563 686 1601 [ullos]
706 1569 832 1599 sumptus
845 1564 978 1599 judicato.
998 1565 1031 1592 Et

1086 970 1235 1005 ἐκκλησίας
1265 973 1366 1000 τούτων
1382 972 1411 1006 ἐξ
1431 974 1584 1010 ἐπιτροπῆς
1607 975 1690 1002 αὐτοῦ
1705 976 1867 1004 δικασάντων

1085 1014 1274 1052 ἐπισκόπωνῆ
1294 1017 1511 1053 μητροπολιτῶν’
1538 1020 1552 1046 6
1576 1021 1651 1056 παρὰ
1674 1021 1762 1048 ταῦτα
1777 1023 1866 1054 ποιῶν,

1084 1057 1195 1085 διπλοῦν
1216 1060 1309 1087 δίδωσι
1325 1061 1356 1087 τὸ
1379 1062 1583 1098 ὑπερπραχθέν,
1602 1065 1649 1092 καὶ
1669 1065 1773 1100 γίνεται
1795 1067 1867 1102 παρὰ

1084 1103 1134 1130 τοῦ
1149 1105 1318 1141 πατριάρχου
1335 1107 1351 1142 ἦ
1375 1107 1422 1134 τοῦ
1440 1109 1637 1144 μητροπολίτςω
1655 1110 1708 1137 ὑπὸ
1726 1111 1867 1146 ἐκκλησια-

1085 1150 1177 1176 στικὸν
1189 1151 1336 1186 ἐπιτίμιον,
1353 1153 1551 1189 ἐκϐαλλόμενος
1565 1156 1621 1182 τῶν
1636 1157 1867 1193 ἐκκλησιαστικῶν

1084 1195 1250 1230 καταλόγων·
1269 1197 1356 1225 ταῦτα
1383 1198 1433 1234 μέν
1457 1199 1521 1226 ἔνθα
1549 1201 1617 1236 πρὺς
1640 1202 1868 1240 ἐκκλησιαστικὴν

1083 1240 1134 1276 ὁρᾷ.
1148 1240 1178 1267 τὺ
1202 1242 1319 1276 πρᾶγμα
1336 1243 1520 1271 κατάστασιν·
1547 1246 1571 1272 εί
1587 1246 1615 1272 δὲ
1644 1247 1768 1283 πολιτικὴ
1791 1250 1834 1284 εἴη
1851 1250 1867 1283 ἡ

1084 1285 1290 1323 ἀμφισϐήτησις
1301 1308 1309 1320 ,
1333 1289 1384 1315 οὐκ
1399 1289 1582 1324 ἀναγκάζεται
1595 1293 1609 1318 6
1627 1293 1731 1327 ἐνάγων
1744 1293 1762 1329 ἢ
1775 1295 1789 1320 6
1805 1304 1870 1322 κατ-

1083 1331 1194 1367 ηγορῶν
1215 1332 1303 1360 ταῦτα
1331 1334 1484 1368 φυλάττειν,
1512 1335 1570 1363 ἀλλ’
1596 1337 1687 1365 ἄδειαν
1714 1339 1770 1374 ἔχει
1795 1341 1869 1377 παρὰ

1082 1378 1141 1409 τοῖς
1157 1377 1272 1413 ἄρχουσι
1287 1381 1383 1406 κινεῖν·
1399 1381 1415 1415 ἡ
1432 1380 1459 1407 δέ
1473 1381 1544 1409 διάτ.
1560 1380 1580 1409 δ’
1591 1383 1638 1410 τοῦ
1655 1385 1737 1412 αὐτοῦ
1751 1385 1799 1412 τίτ.
1815 1387 1869 1414 τῶν

1082 1423 1196 1459 Νεαρῶν
1218 1432 1314 1459 φησιν,
1337 1425 1379 1452 ὅτι
1399 1425 1447 1453 ἐάν
1470 1435 1512 1458 τις
1527 1427 1576 1464 ἔχῃ
1600 1428 1678 1465 δίκην
1696 1432 1870 1468 χρηματικήν

1081 1468 1149 1504 πρὸς
1171 1468 1311 1505 κληρικὸν,
1336 1471 1524 1506 ἐντυγχανέτω
1546 1472 1586 1509 τῷ
1609 1475 1750 1511 ἐπισκόπῳ
1773 1477 1818 1512 ὑφ’
1841 1479 1871 1505 ὂν

1081 1514 1153 1541 τελεῖ
1166 1516 1179 1542 6
1198 1516 1372 1551 ἐναγόμενος,
1391 1518 1439 1544 καὶ
1455 1519 1586 1554 ἀγράφως
1600 1520 1718 1556 κρινέτω
1732 1522 1870 1557 ἀζημίως·

1081 1560 1128 1586 καὶ
1143 1560 1167 1586 ει
1186 1559 1325 1595 βούλονται
1340 1561 1375 1588 τὰ
1394 1562 1475 1598 μέρη,
1494 1563 1600 1597 γίνεται
1616 1565 1705 1600 ψῆφος
1719 1567 1870 1603 ἔγγραφος.

244 1613 268 1640 si
285 1617 376 1648 partes
391 1597 484 1644 velint,
501 1611 636 1639 sententia
654 1611 682 1638 in
697 1611 802 1638 litteras
831 1610 957 1638 refertur.
976 1610 1029 1638 Ve-

1083 1604 1111 1630 El
1125 1604 1153 1630 δὲ
1168 1605 1239 1631 κατά
1249 1614 1310 1632 τινα
1323 1597 1462 1642 πρόφασιν
1470 1608 1500 1634 οὐ
1514 1597 1728 1645 δύναταιτεμεῖν

244 1668 304 1687 rttm
328 1660 351 1687 si
368 1664 478 1694 propter
494 1659 614 1694 aliquam
629 1666 742 1686 causam
759 1659 905 1694 episcopus
920 1665 1030 1687 c0titro~

241 1705 359 1733 versiam
375 1705 501 1732 decidere
516 1712 568 1731 non
588 1706 696 1740 possit,
713 1708 778 1732 tunc
794 1706 909 1733 servatis
922 1706 1029 1734 clericis

243 1750 325 1788 [suis]
345 1751 494 1785 privilegiis
517 1750 589 1785 apud
614 1750 733 1787 [civiles]
751 1751 926 1786 magistratus
944 1752 977 1779 lis
992 1753 1030 1779 in-

242 1798 377 1826 stituitur.
396 1796 431 1825 At
455 1797 478 1824 si
507 1797 540 1824 de
568 1797 730 1825 erimiuibus
754 1802 903 1832 queratur,
923 1803 950 1826 et
975 1799 1028 1827 illis

241 1843 352 1878 quidem
368 1842 503 1875 civilibus,
517 1841 632 1878 [civiles]
653 1843 829 1877 magistratus
854 1848 881 1871 et
905 1844 1028 1880 Byzantii

240 1892 268 1915 et
286 1888 312 1914 in
328 1887 476 1922 provinciis
491 1887 614 1922 judicaut
626 1897 633 1915 :
647 1887 690 1924 [ut
709 1887 810 1924 tamen]
827 1889 860 1917 lis
886 1894 947 1924 post
959 1897 1027 1917 cou-

242 1933 412 1961 tcstationem
435 1933 505 1961 duos
527 1941 636 1961 menses
660 1941 714 1961 nou
735 1935 918 1962 transcendat.
942 1936 976 1963 Et
1002 1936 1026 1963 si

240 1979 355 2007 clericus
370 1986 450 2014 ptnna
482 1979 580 2014 dignus
611 1978 693 2015 [esse]
720 1980 853 2013 videatur,
878 1980 955 2015 prius
977 1988 1026 2016 per

239 2025 397 2060 episcopum
417 2031 496 2052 sacra
511 2025 642 2060 dignitate
659 2026 787 2059 nudatur,
801 2033 833 2053 ac
848 2026 946 2054 deinde
958 2027 1026 2062 legis

239 2070 368 2098 manibus
388 2070 544 2105 subjicitur.
561 2069 633 2098 Sane
657 2071 680 2098 si
702 2072 832 2100 delictum
858 2072 1024 2100 ecclesiasti-

238 2124 301 2144 cum
320 2117 368 2150 sit,
384 2116 535 2144 secundum
550 2124 680 2152 canones,
695 2125 765 2153 qu0s
788 2118 860 2153 leges
877 2119 960 2146 etiam
979 2127 1025 2147 se-

238 2168 372 2198 quuntur,
386 2164 668 2199 episcopusjudicato,
681 2173 730 2192 nec
742 2167 890 2201 cognitioni
904 2166 1022 2204 [civiles]

238 2209 413 2243 magistratus
428 2207 482 2245 [se]
495 2209 677 2238 itnmiscento.
689 2210 723 2237 Et
735 2215 824 2238 const.
840 2211 884 2243 15,
899 2211 1021 2246 ejusdem

238 2255 280 2282 tit.
295 2255 346 2287 Qui
365 2254 474 2291 (inquit)
488 2255 618 2282 adversus
643 2257 807 2285 monachum
830 2258 959 2294 aliquem,
975 2264 1022 2286 aut
1037 2271 1059 2298 υ

237 2305 425 2328 consecratam
449 2301 593 2336 virginem,
622 2307 668 2329 aut
695 2304 838 2331 mulierem
855 2307 1023 2335 monasterio

237 2347 431 2380 mancipatam,
451 2345 610 2384 [actionem]
641 2347 740 2376 habet:
767 2350 889 2384 ipsorum
916 2351 1019 2386 episco-

237 2399 301 2428 pum
317 2392 449 2420 accedito.
460 2393 484 2421 ls
498 2401 561 2420 vero
579 2394 654 2421 illum
670 2401 717 2422 aut
727 2396 799 2423 illam
817 2405 865 2431 per
879 2399 1021 2433 prmsules.

236 2438 439 2473 apocrisiarius,
468 2439 571 2468 aliosve
598 2440 746 2477 [homines]
776 2443 877 2478 probos
909 2444 1022 2473 honeste

236 2484 389 2519 perducito,
406 2484 541 2522 [causam]
563 2494 617 2521 qtte
633 2488 817 2516 considerato.
837 2488 889 2522 Qui
908 2489 1019 2527 [civilis]

236 2529 412 2564 magistratus
425 2529 500 2566 [huic
515 2530 567 2566 rei]
579 2539 608 2559 se
627 2532 781 2560 immiscere
798 2535 952 2568 teutaverit,
967 2543 1020 2563 non

234 2576 396 2608 admittitur,
412 2582 439 2604 et
454 2585 506 2604 una
521 2585 582 2605 cum
612 2580 724 2608 cohorte
752 2588 802 2608 sua
824 2582 916 2610 decem
942 2583 1019 2612 libris

234 2621 318 2658 [auri]
337 2623 402 2649 ﬁsco
417 2621 589 2661 [inferendis]
605 2626 747 2654 multatur.
758 2626 940 2657 Exsecutores
954 2638 1019 2658 vero

233 2668 259 2695 in
275 2669 411 2696 cancellos
429 2670 614 2704 includuntur,
629 2677 656 2699 et
670 2680 718 2707 pro
732 2674 830 2701 merito
843 2675 923 2711 242
936 2677 1019 2704 casti-

231 2719 340 2749 gantur,
361 2719 443 2749 atque
460 2723 507 2750 per
527 2718 669 2752 episcopos
682 2719 724 2753 _de
744 2720 851 2755 reliquo
872 2729 1017 2751 exsecuto-

231 2767 291 2786 rum
305 2759 394 2787 oiiicio
408 2760 482 2796 fungi
497 2762 684 2796 prohibentur.

266 2803 345 2832 Scias
368 2813 442 2838 vero,
464 2807 537 2841 quod
551 2812 640 2835 const.
664 2809 692 2842 2,
709 2809 830 2844 ejusdem
850 2814 892 2841 tit.
912 2814 937 2849 1,
953 2824 1016 2851 qua:

231 2849 328 2896 barum
346 2852 469 2889 omnium
488 2853 655 2881 validissima
671 2860 722 2889 est,
737 2861 830 2892 utpote
845 2868 906 2895 quae
921 2849 1016 2896 poste-

231 2893 290 2920 rius
303 2899 364 2922 nata
379 2896 426 2929 sit,
440 2897 513 2926 dicat
527 2906 536 2926 .'
552 2897 580 2926 Si
596 2899 657 2934 quis
675 2902 832 2938 episcopum
854 2893 901 2934 aut
916 2893 1014 2936 cieri--

1080 1648 1153 1694 lisctv
1165 1649 1179 1675 6
1196 1649 1355 1682 ἐπίσκοπος,
1378 1651 1438 1678 τότε
1457 1653 1532 1688 παρὰ
1555 1656 1612 1686 τοῖς
1628 1656 1758 1690 ἄρχουσιν
1774 1659 1790 1691 ἡ
1808 1658 1872 1694 δίκη

1078 1692 1198 1728 λέγεται,
1229 1695 1440 1731 φυλαττομένων
1462 1700 1517 1730 τοῖς
1544 1699 1685 1735 κληρικοῖς
1697 1702 1751 1728 τῶν
1774 1692 1874 1739 προνοξ

1080 1742 1159 1775 μίων.
1174 1741 1205 1768 El
1221 1741 1250 1768 δὲ
1264 1743 1328 1777 περὶ
1341 1743 1523 1779 ἐγκλημάτων
1544 1746 1675 1781 ζητεῖται,
1690 1749 1713 1774 εί
1727 1749 1778 1783 μὲν
1793 1750 1872 1777 πολι-

1077 1784 1171 1817 τικῶν,
1188 1786 1213 1811 oi
1228 1786 1357 1822 ἄρχοντες
1377 1787 1533 1821 δικάζουσιν
1549 1790 1578 1816 ἐν
1599 1790 1638 1826 τῷ
1664 1792 1807 1829 Βυζαντίῳ
1823 1796 1874 1821 καὶ

1076 1832 1136 1862 ταῖς
1157 1831 1321 1866 ἐπαρχίαις,
1343 1833 1392 1868 τῆς
1416 1834 1492 1869 δίκης
1518 1835 1587 1870 μετὰ
1614 1837 1803 1873 προκάτειρξιν
1831 1840 1873 1875 μὴ

1077 1876 1294 1912 ὑπερϐαινούσης
1315 1878 1362 1904 δύο
1387 1879 1490 1914 μῆνας·
1518 1882 1566 1907 καὶ
1591 1881 1639 1907 ἐὰν
1665 1885 1736 1919 φανῇ
1768 1886 1873 1920 ποινῆς

1076 1922 1150 1953 ἄξιος
1164 1922 1179 1948 6
1200 1922 1330 1958 κληρικὸς
1343 1944 1351 1956 ,
1368 1925 1502 1960 πρότερον
1518 1926 1680 1961 γυμνούσθω
1690 1928 1734 1955 διὰ
1746 1929 1795 1956 τοῦ
1811 1930 1876 1957 ἐπι-

1077 1968 1179 1994 σκόπου
1204 1967 1254 2003 τῆς
1285 1968 1425 2005 ἱερατικῆς
1448 1970 1536 2004 ἀξίας,
1557 1972 1604 1998 καὶ
1624 1972 1711 2004 οὕτως
1738 1974 1795 2001 ὑπὸ
1821 1976 1877 2008 τὰς

1075 2013 1169 2047 χεῖρας
1188 2012 1306 2046 γινέσθω
1320 2014 1366 2040 τοῦ
1389 2015 1483 2049 νόμου·
1499 2016 1524 2042 εί
1546 2016 1574 2043 δὲ
1591 2017 1621 2044 τὸ
1637 2017 1794 2054 ἁμάρτημα
1823 2022 1876 2048 ἐκ-

1074 2057 1266 2091 κλησιαστικόν
1283 2058 1367 2090 ἐστιν,
1382 2060 1396 2086 ὁ
1413 2059 1560 2093 ἐπίσκοπος
1582 2063 1698 2097 κρινέτω
1713 2065 1783 2091 κατὰ
1806 2067 1877 2098 τοὺς

1074 2102 1188 2134 κανόνας
1201 2124 1209 2136 ,
1224 2100 1322 2130 οἷστισι
1336 2105 1383 2131 καὶ
1404 2105 1429 2132 oi
1451 2106 1527 2140 νόμοι
1542 2107 1665 2138 ἕπονται.
1681 2110 1735 2136 Καὶ
1753 2111 1793 2146 μὴ
1811 2114 1879 2139 ἐπι-

1074 2148 1287 2192 κοινωνείτωσαν
1300 2149 1324 2176 oi
1335 2150 1463 2186 ἄρχοντες
1477 2154 1510 2189 τῇ
1523 2153 1647 2189 ζητήσειο
1662 2157 1710 2183 καὶ
1722 2158 1738 2192 ἡ
1753 2161 1785 2184 ιε’
1797 2159 1879 2188 διάτ.

1073 2191 1120 2217 τοῦ
1144 2193 1227 2219 αὑτοῦ
1243 2193 1304 2227 τίτ.
1319 2196 1412 2230 φησὶν,
1432 2196 1474 2223 ὅτι
1498 2199 1512 2224 ὁ
1538 2198 1608 2234 ἔχων
1635 2201 1703 2236 πρός
1729 2210 1793 2229 τινα
1817 2205 1880 2232 τῶν

1073 2237 1238 2274 ἀσκητῶν,ἢ
1256 2239 1397 2274 παρθένων
1408 2241 1574 2278 ἱερωμένων.
1590 2244 1606 2275 ἢ
1622 2248 1761 2279 γυναικῶν
1773 2249 1879 2277 οὐσῶν

1075 2283 1103 2308 ἐν
1120 2283 1321 2320 μοναστηρίοις,
1336 2285 1374 2321 τῷ
1383 2287 1523 2324 ἐπισκόπῳ
1539 2289 1629 2316 αὐτῶν
1644 2292 1777 2327 προσίτω.
1795 2294 1831 2322 '0
1848 2296 1882 2323 δὲ

1075 2327 1144 2362 μετὰ
1161 2329 1325 2366 σεμνότητος
1347 2332 1428 2358 αὐτὸν
1454 2334 1470 2368 ἢ
1496 2334 1580 2370 αὐτὴν
1598 2337 1727 2372 ἀγαγέτω
1749 2340 1798 2367 διὰ
1818 2342 1882 2369 τῶν

1073 2374 1242 2410 ἡγουμένων,
1267 2376 1283 2412 ἢ
1299 2377 1352 2404 τῶν
1374 2378 1604 2416 ἀποκρισιαρίων,
1621 2383 1638 2418 ἢ
1656 2384 1760 2418 ἐτέρων
1779 2387 1884 2415 ἐπιει-

1072 2419 1138 2467 κῶς,
1154 2421 1201 2446 καὶ
1214 2421 1360 2449 σκοπείτω·
1379 2422 1472 2459 ἄρχων
1486 2425 1514 2452 δέ
1529 2426 1699 2462 πειρώμενος
1715 2434 1883 2467 παρεμϐα-

1071 2465 1126 2514 λεῖν
1141 2467 1248 2501 ἐαυτὸν,
1269 2468 1420 2504 διαδέχεται
1441 2471 1488 2497 καὶ¹
1510 2471 1657 2508 ζημιοῦται
1677 2475 1716 2510 τῷ
1739 2465 1844 2514 (pica-up
1866 2483 1883 2506 ι’

1070 2512 1175 2548 λίτρας,
1186 2514 1244 2548 ἅμα
1252 2515 1284 2549 τῇ
1293 2515 1375 2541 αὑτοῦ
1386 2516 1470 2548 τάξει-
1480 2517 1505 2544 οί
1515 2517 1544 2544 δέ
1557 2519 1718 2547 ὲκϐιϐασταὶ
1726 2512 1885 2557 ἐγκλείον-

1070 2567 1115 2584 ται
1141 2559 1181 2590 εἰς
1199 2558 1229 2585 τὸ
1256 2559 1416 2594 κάγκελλον,
1442 2564 1488 2589 καὶ
1510 2566 1702 2600 προσηκόντως
1726 2571 1883 2604 σωφρονί-

1070 2605 1172 2638 ζονται,
1189 2607 1236 2634 καὶ
1247 2607 1290 2634 διὰ
1302 2607 1356 2635 τῶν
1370 2609 1527 2638 ἐπισκόπων
1539 2612 1690 2654 κωλύονται
1703 2616 1751 2643 τοῦ
1766 2617 1883 2645 λοιποῦ

1070 2651 1237 2684 ἐκϐιϐάζειν.

1101 2822 1221 2851 Γίνωσκε
1237 2825 1284 2859 δέ,
1299 2827 1340 2854 ὅτι
1361 2828 1378 2863 ή
1395 2828 1419 2864 β’
1431 2829 1501 2857 διάτ.
1525 2830 1573 2858 τοῦ
1589 2833 1670 2860 αὐτοῦ
1686 2837 1710 2861 α’
1724 2838 1784 2864 τίτ,
1805 2838 1885 2864 τού-

1065 2877 1126 2919 των.
1135 2870 1228 2898 πασῶν
1244 2872 1404 2908 ἰσχυροτέρα
1419 2875 1496 2908 οὖσα,
1509 2877 1548 2908 ὼς
1563 2878 1607 2904 καὶ
1623 2883 1882 2919 μεταγενεστέρα,

1065 2914 1196 2949 (motuin
1209 2917 1272 2944 Ἐάν
1284 2926 1326 2951 τις
1340 2920 1387 2947 τοῦ
1405 2921 1547 2956 μέλλοντος
1563 2914 1780 2960 χειροτονεῖσθαι
1800 2914 1883 2956 ἔτειἑ
