1954 3080
91 129 146 161 713
504 125 704 156 SYNTAGMA
726 123 910 155 CANONUM
915 147 921 153 .

953 137 988 141 -
1011 124 1084 155 TIT.
1111 125 1165 162 IX,
1190 125 1269 156 CAP.
1287 126 1313 156 I.
1666 127 1718 160 7M

94 185 193 213 σκόπου
213 183 230 219 ἢ
246 181 378 220 κληρικοῦ
394 182 570 218 κατηγορήσῃ
592 181 637 208 ἐπὶ
651 181 727 216 αἰτίᾳ
740 179 879 216 δυναμένῃ

947 188 992 208 um
1008 181 1054 216 qui
1068 181 1237 209 ordinandus
1254 185 1307 214 est,
1328 181 1362 210 de
1375 189 1459 211 causa
1476 182 1641 220 [quapiam],
1655 191 1715 220 qum

93 230 163 258 κατὰ
176 230 240 261 τοὺς
259 229 358 264 νόμους
374 228 390 264 ἢ
405 228 468 259 τοὺς
483 227 598 259 κανόνας
614 226 759 262 ἐμποδίσαι
776 227 808 262 τῇ
826 234 881 261 χει-

95 276 216 312 ροτονίᾳ,
235 274 375 310 ἐπεχέσθω
392 273 476 308 αὕτη,
494 274 541 300 καὶ¹
565 274 579 300 6
598 272 703 307 μέλλων
717 273 882 307 χειροτονεῖν

92 319 242 354 ἐξεταζέτω
258 320 307 355 τὴν
324 319 424 350 αἰτίαν,
449 319 583 355 παρόντος
597 318 644 345 καὶ
660 317 813 350 ἐπεξιόντος
834 316 882 343 τοῦ

93 368 257 402 κατηγόρου,
275 366 291 401 ἢ
307 365 526 400 ἀναϐαλλομένου
551 364 599 391 ἐπὶ
614 364 689 399 τρεῖς
710 364 798 399 μῆνας
812 363 883 398 πλη-

83 413 181 445 ιρῶσαι
196 412 244 448 τὴν
264 411 443 446 κατηγορίαν·
468 411 516 437 καὶ
533 411 557 436 εί
574 410 623 445 μὲν
640 409 786 442 ἀνεύθυνος
800 409 882 444 φανῇ,

95 458 310 495 χειροτονείσθω·
330 458 355 484 εἰ
373 457 401 483 δὲ
420 456 588 489 ὑπεύθυνος,
604 455 801 491 ἐμποδιζέσθω·
826 455 840 481 6
856 454 884 481 δὲ

93 505 247 540 κατήγορος
269 503 306 539 μὴ
330 502 474 535 ἀποδείξας
500 502 517 537 ἦ
537 500 696 535 ἀποφυγὼν,
722 500 884 527 ἐκϐάλλεται

93 551 141 587 τῆς
156 551 289 586 ἐπαρχίας
303 549 331 575 ἐν
379 549 457 575 οίκεῖ·
471 548 521 582 τῆς
534 547 562 574 δὲ
576 546 742 582 χειροτονίας
755 546 807 581 πρὸ
837 545 884 577 ἐξ-

94 597 215 627 ετάσεως
231 594 376 630 γινομένης
388 615 396 625 ,
413 594 427 620 6
446 593 495 628 μὲν
506 592 705 628 χειροτονηθεὶς
726 591 882 624 ἐξωθεῖται·

93 644 109 669 6
122 642 151 668 δέ
164 640 368 676 χειροτονήσας,
384 639 431 665 ἐπὶ
449 637 570 665 ἐνιαυτὸν
582 637 632 671 τῆς
644 636 816 671 λειτουργίας
831 643 886 670 χω-

95 687 220 724 ρίζεται,
243 685 290 712 καὶ
311 685 385 711 πᾶσα
409 685 426 719 ἡ
450 683 528 710 οὐσία
552 682 633 709 αὐτοῦ
660 683 693 718 τῇ
719 682 779 708 κατ’
804 681 885 708 αὑτὸν

101 732 252 767 Ἐκκλησία
272 730 485 766 προσκυροῦται·
506 729 540 755 τὰ
561 727 631 755 αὑτά
655 734 721 764 φησι
745 727 791 754 καλ¹
809 727 826 762 ἡ
852 725 884 759 ιζ’

94 779 166 806 διάτ.
178 778 226 805 τοῦ
242 776 325 804 αὐτοῦ
345 776 397 803 τίτ.
420 776 450 802 οὐ
473 775 552 810 μόνον
575 775 621 801 ἐπὶ
639 773 808 809 χειροτονίας
823 773 884 799 ἐπι-

96 826 207 853 σκόπων
217 824 264 852 καὶ
279 822 428 858 κληρικῶν,
441 821 510 848 ἀλλὰ
521 821 567 847 καὶ
579 820 749 856 ἡγουμένων·
762 820 886 846 διαλλάτ‹

94 879 136 898 τει
153 870 181 897 δέ
200 852 388 903 λέγουσαξίὸτι,
407 852 436 893 ’ὁ
447 852 657 901 κατὴγορος-μὴ-
667 864 811 896 ἀποδείξας
827 863 885 891 ἀλλ’
903 852 925 882 Β

95 916 228 948 ἀποστὰς,
240 915 264 942 εί
276 914 324 950 μὲν
333 912 462 948 κληρικός
474 912 559 943 ἐστιν,
570 910 711 943 ἐξωθεῖται
722 909 769 936 τοῦ
781 909 886 945 βαθμοῦ

96 961 191 989 αὐτοῦ·
202 961 226 987 εἰ
239 960 268 986 δέ
281 958 385 991 λαῖκδς,
403 957 611 993 σωφρονίζεται·
629 956 676 983 καὶ
690 956 731 983 ὅτι
741 955 887 990 γινομένης

95 1007 146 1042 τῆς
158 1007 330 1041 χειροτονίας
348 1003 402 1038 πρὸ
412 1002 563 1038 ζητήσεως,
572 1002 586 1028 6
599 1001 792 1037 χειροτονήσας
806 1000 854 1026 καὶ
873 1001 888 1027 6

96 1050 296 1089 χειροτονηθεὶς
307 1050 356 1085 τῆς
373 1048 522 1084 ἱερωσύνης
537 1046 712 1079 ἐξωθοῦνται.
723 1045 756 1073 Ἡ
768 1045 797 1072 δὲ
818 1045 887 1080 αὑτὴ

95 1097 168 1126 διάτ.
179 1095 226 1123 τοῦ
243 1095 266 1123 α’
280 1095 333 1122 τίτ.
344 1093 398 1120 τῶν
407 1093 521 1127 Νεαρῶν
529 1100 621 1127 φησιν,
632 1091 684 1123 ὅτι,
692 1091 720 1118 '0
731 1090 800 1126 ἔχων
810 1090 888 1125 δίκην

97 1143 169 1180 πρὸς
186 1140 358 1177 κληρικδν,ἢ
382 1139 566 1170 διακόνισσαν,
589 1137 606 1173 ἢ
624 1137 751 1172 μοναχὸν,
767 1136 784 1172 ἢ
807 1136 888 1171 μονά-

97 1196 205 1224 στριαν,
225 1186 242 1222 ἦ
259 1186 421 1221 ἀσκήτριαν,
437 1183 477 1219 τῷ
494 1182 636 1218 ἐπισκόπῳ
653 1181 735 1216 αὑτοῦ
755 1181 887 1216 προσίτω,

96 1234 225 1263 κάκεῖνος
239 1231 366 1268 κρινέτω·
383 1231 431 1257 καλ¹
449 1229 497 1256 ἐὰν
509 1227 670 1264 ἐφησυχάσῃ
688 1227 772 1263 μέρος
791 1227 888 1253 ἑκάτε-

98 1289 158 1316 ρον,
174 1280 189 1306 6
205 1277 370 1313 ἐκϐιϐασμδς
386 1276 430 1304 διὰ
454 1275 501 1303 τοῦ
518 1275 648 1311 ἄρχοντος
665 1274 792 1309 γινέσθω.
814 1274 845 1300 El
860 1273 889 1300 δέ

95 1335 141 1358 τις
155 1324 210 1352 τῶν
223 1323 408 1358 δικαζομένων
426 1321 492 1349 εῐσω
503 1320 569 1348 δέκα
586 1319 700 1356 ἡμερῶν
717 1319 839 1346 ἀντείποι
851 1338 859 1351 ,
874 1319 889 1345 6

96 1371 154 1399 τῶν
167 1370 258 1397 τόπων
272 1369 364 1405 ἄρχων
377 1366 527 1400 ἐξεταζέτω
541 1366 573 1393 τὸ
597 1366 729 1402 πρᾶγμα,
745 1364 793 1392 καὶ
812 1364 829 1400 ἢ
845 1364 891 1399 βε-

98 1416 219 1444 ϐαιούτω
231 1415 281 1451 τὴν
296 1414 385 1450 ψῆφον
403 1413 452 1440 καὶ
473 1410 640 1443 ἐκὸιὸαζέτω
651 1431 659 1445 ,
681 1411 719 1447 μὴ
739 1410 890 1446 δυναμένου

97 1463 148 1490 τοῦ
170 1461 296 1495 δεύτερον
317 1459 364 1486 ἐπὶ
383 1458 471 1494 τούτῳ
493 1456 670 1493 ἡττηθέντος,
696 1455 889 1483 ἐκκαλεῖσθαι·

98 1508 231 1538 ἐναντίως
244 1507 274 1533 δὲ
285 1505 324 1541 τῷ
336 1505 479 1557 ἐπισκόττῳ
491 1503 539 1557 τοῦ
551 1501 891 1557 ἄρχοντας’ψηφιζομένουέ
905 1527 927 1557 c

98 1557 117 1590 ἡ
133 1554 182 1582 τοῦ
197 1553 326 1590 ἄρχοντος
340 1551 431 1586 ψῆφος
446 1549 588 1576 ὑπόκειται
611 1547 746 1582 ἐκκλήτῳ,
762 1547 808 1574 καὶ
822 1546 892 1573 κατὰ

99 1598 149 1626 τὸν
163 1597 244 1632 νόμον
268 1595 432 1630 ἀναφέρεται
455 1593 503 1620 καὶ⁸
525 1591 692 1626 ἐξετάζεται·
717 1591 765 1618 ἐὰν
786 1590 816 1617 δὲ
838 1590 893 1618 ἀπὸ

99 1642 256 1674 κελεύσεως
288 1640 306 1676 ἦ
331 1638 506 1675 προστάξεως
531 1637 629 1673 δικάσῃ
652 1638 666 1665 ὀ
691 1637 858 1670 ἐπίσκοπος,
874 1638 892 1673 ἡ

100 1689 236 1723 Eum-ro;
251 1686 301 1723 τὴν
316 1685 406 1721 ψῆφον
424 1682 507 1712 αὑτοῦ
533 1683 579 1710 ἐπὶ
595 1683 641 1710 τὸν
665 1682 893 1720 παραπέμψαντα

99 1736 154 1771 τὴν
169 1734 297 1761 ὑπόθεσιν
311 1732 451 1767 ἀναφέρει.

935 227 1087 255 secundum
1106 227 1180 263 leges
1196 233 1243 255 aut
1262 236 1382 256 canones
1406 229 1607 257 ordinationem
1632 230 1718 266 impe-

933 273 993 301 dire
1009 273 1107 308 possit,
1124 278 1244 306 accuset,
1270 274 1328 308 ipsa
1353 274 1529 310 suspenditor
1543 285 1550 302 :
1567 280 1595 302 et
1608 276 1654 310 qui
1672 284 1719 304 or-

933 318 1076 347 dinaturus
1104 322 1164 346 erat
1187 323 1322 354 praesente
1344 325 1503 348 accusatore
1528 327 1560 348 ac
1584 320 1718 355 judicium

933 368 1057 400 urgente,
1084 369 1133 392 aut
1152 365 1184 392 ad
1203 369 1257 393 tres
1282 373 1391 394 menses
1411 367 1612 394 accusationem
1632 368 1721 394 adim-

936 411 1013 445 plere
1028 410 1178 442 diﬁ‘erente,
1191 417 1302 438 causam
1314 412 1470 439 examinato
1486 421 1493 439 :
1510 412 1559 448 [et]
1575 412 1597 439 si
1610 412 1720 448 quidem

936 455 1004 492 [ille]
1023 456 1118 484 insons
1136 457 1304 491 apparuerit,
1329 457 1491 485 ordinator:
1509 458 1532 486 si
1555 466 1621 485 vero
1644 467 1720 491 sons.

934 500 1087 534 impeditor.
1113 502 1263 528 Accusator
1291 505 1380 528 autem
1405 502 1451 536 qui
1479 501 1721 538 [criminationem]

934 553 988 573 non
1003 546 1158 580 probaverit
1180 550 1229 574 aut
1252 546 1414 581 deseruerit,
1444 547 1553 582 ejicitur
1580 549 1721 583 provincia

935 590 962 618 in
978 598 1032 625 qua
1043 591 1160 618 habitat.
1177 591 1256 624 Quod
1274 592 1297 619 si
1309 592 1448 620 ordinatio
1462 598 1524 620 ante
1541 594 1722 621 examinatio-

935 644 997 664 nem
1011 637 1066 668 iiat.
1081 637 1222 665 ordinatus
1235 636 1415 674 [sacerdotio]
1425 639 1568 674 expellitur
1578 648 1585 667 :
1597 640 1644 675 qui
1660 648 1723 667 vero

936 681 1083 714 ordinavit,
1101 682 1134 708 ad
1152 690 1255 709 annum
1273 689 1287 709 a
1308 682 1462 710 ministerio
1483 688 1601 716 arcetur,
1619 685 1724 711 omnis-

937 734 991 761 que
1025 727 1085 761 ejus
1112 727 1266 755 substantia
1297 727 1386 763 ipsius
1414 729 1535 757 ecclesiae
1562 730 1724 765 applicatur.

937 771 1038 800 Eadem
1065 780 1177 808 quoque
1203 773 1269 801 dicit
1298 778 1389 803 eonst.
1414 774 1448 801 17
1475 775 1599 810 ejusdem
1620 776 1660 802 tit.
1688 775 1726 811 [et

939 817 1061 853 quidem]
1080 826 1133 846 non
1149 819 1238 846 solum
1258 819 1292 847 de
1306 820 1608 856 ordinationeepiscopi
1626 825 1653 849 et
1672 822 1727 850 clo-

938 864 999 897 rici,
1014 871 1109 891 verum
1133 865 1214 892 etiam
1235 865 1360 899 praesulis
1375 867 1544 894 monasterii.
1564 867 1658 895 Variat
1680 875 1726 894 au-

941 914 993 936 tem
1008 909 1113 944 dicens,
1128 910 1201 945 quod
1215 914 1359 939 accusator
1380 911 1427 946 qui
1442 911 1570 947 [crimen]
1587 919 1641 939 non
1656 920 1723 948 pro-

939 954 1053 988 baverit,
1071 955 1119 983 sed
1139 955 1284 988 destiterit,
1310 956 1333 984 si
1359 956 1474 984 clericus
1492 958 1537 989 sit,
1565 965 1615 984 suo
1640 957 1726 993 gradu

939 999 1088 1034 depellatur
1108 1001 1152 1028 :si
1168 1001 1267 1034 laicus,
1282 1001 1440 1037 castigetur.
1456 1001 1488 1029 Et
1506 1003 1590 1038 quod,
1608 1003 1630 1030 si
1653 1003 1728 1031 ordi-

940 1046 1014 1073 natio
1041 1050 1105 1073 ante
1124 1046 1329 1081 inquisitionem
1347 1046 1404 1082 fiat,
1428 1052 1484 1075 tam
1512 1049 1559 1084 qui
1579 1049 1726 1082 ordinavit,

940 1099 1023 1126 quam
1051 1093 1098 1126 qui
1125 1093 1268 1122 ordinatus
1297 1099 1361 1129 est,
1387 1095 1539 1123 sacerdotio
1565 1096 1728 1131 depellatur.

940 1135 1042 1163 Eadem
1059 1141 1148 1164 const.
1173 1137 1211 1170 2,
1237 1138 1280 1165 tit.
1310 1139 1322 1166 1
1347 1138 1522 1167 Novellarum
1550 1140 1616 1167 dicit
1639 1149 1645 1166 :
1677 1139 1730 1173 Qui

940 1185 1034 1208 contra
1055 1181 1197 1215 clericum,
1217 1183 1259 1210 vel
1280 1183 1475 1218 diaconissam,
1491 1185 1534 1213 vel
1552 1185 1729 1218 monachum,

939 1227 984 1255 vel
1007 1228 1197 1262 monastriam,
1221 1229 1263 1257 vel
1292 1231 1447 1262 ascetriam,
1482 1230 1617 1259 actionem
1638 1231 1729 1264 habet,

942 1272 1224 1309 illorum‘episcopum
1243 1275 1317 1302 adito
1335 1285 1341 1302 :
1359 1281 1441 1311 atque
1463 1276 1486 1303 is
1500 1276 1622 1311 judicato
1637 1285 1646 1304 :
1661 1281 1689 1305 et
1707 1278 1730 1304 si

941 1323 1056 1354 utraque
1074 1327 1138 1354 pars
1162 1320 1340 1355 acquieverit,
1356 1321 1495 1348 exsecutio
1514 1329 1562 1356 per
1586 1322 1732 1356 magistra-

941 1368 999 1391 tum
1020 1364 1167 1398 peragitor.
1191 1364 1270 1398 Quod
1287 1365 1311 1393 si
1327 1366 1389 1401 quis
1412 1366 1579 1401 litigatorum
1597 1367 1666 1394 intra
1683 1366 1730 1394 de

942 1415 1001 1435 cem
1014 1409 1072 1436 dies
1086 1408 1240 1445 [judicatis]
1253 1411 1432 1444 contradicat,
1453 1411 1575 1439 locorum
1590 1412 1733 1447 magistra-

943 1460 987 1482 tus
1008 1456 1148 1490 negotium
1171 1457 1328 1485 examiuato
1353 1466 1360 1484 :
1389 1461 1416 1485 et
1440 1457 1476 1494 [si
1496 1462 1569 1485 recte
1581 1458 1732 1493 judicatum

943 1508 1006 1529 esse
1018 1501 1117 1538 videat]
1131 1522 1139 1535 ,
1155 1503 1317 1530 sententiam
1330 1503 1492 1531 conﬁrmato
1505 1508 1533 1531 et
1547 1504 1706 1539 exsequitor
1723 1512 1732 1531 :

944 1547 1024 1583 243
1040 1555 1127 1583 neque
1142 1548 1188 1583 qui
1204 1548 1302 1576 iterum
1321 1550 1350 1578 in
1374 1549 1428 1577 hoc
1442 1550 1531 1577 victus
1554 1549 1647 1582 fuerit,
1664 1549 1735 1586 [amo

943 1593 1027 1630 ptius]
1043 1595 1208 1629 provocandi
1232 1600 1394 1630 potestatem
1411 1596 1521 1623 habeto.
1548 1595 1577 1624 Si
1591 1603 1658 1624 vero
1675 1603 1736 1623 ma-

944 1640 1074 1675 gistratus
1090 1641 1231 1668 eontrario
1245 1642 1337 1675 modo,
1355 1646 1437 1677 atque
1453 1642 1610 1678 episcopus,
1620 1642 1734 1678 judicet,

944 1686 1122 1721 magistratus
1144 1687 1278 1715 sententia
1302 1688 1490 1724 provocationi
1513 1689 1631 1716 obnoxia
1647 1692 1729 1715 esto.

944 1735 1026 1766 atque
1053 1734 1205 1761 secundum
1229 1734 1316 1770 legem
1339 1734 1472 1767 refertor,
1502 1739 1529 1762 et
1554 1736 1735 1766 examinator,

101 1781 190 1809 Plane
203 1780 226 1808 si
240 1787 272 1807 ex
285 1778 409 1815 iussione
422 1780 469 1804 aut
481 1774 610 1804 mandato
620 1775 766 1811 episcopus
794 1775 908 1811 iudicet,
928 1780 1086 1812 provocatio
1121 1781 1284 1808 sententiam
1300 1781 1360 1817 ejus
1377 1781 1411 1809 ad
1433 1789 1496 1808 eum
1510 1781 1557 1816 qui
1580 1786 1739 1809 controver-

102 1829 177 1858 siam
193 1826 337 1861 delegavit,
356 1823 466 1852 referto.

147 1873 211 1900 Ἐὰν
224 1872 349 1907 ἔγκλημα
362 1870 470 1906 κινῆται
486 1869 557 1897 κατά
573 1878 644 1901 τινος
659 1869 714 1896 τῶν
729 1869 894 1905 εἰρημένων,

103 1921 131 1946 ει
147 1919 198 1954 μὲν
220 1917 294 1952 παρὰ
314 1915 455 1950 ἐπισκόπῳ
468 1915 516 1942 καὶ
537 1914 612 1950 εὖροι
627 1914 676 1950 τὴν
692 1914 832 1949 ἀλήθειαν,
850 1915 897 1941 ἐκ-

102 1967 231 1995 ϐαλλέτω
243 1965 324 1993 αὑτὸν
335 1964 382 1991 τοῦ
394 1963 511 2000 βαθμοῦ·
527 1963 574 1990 καὶ
584 1962 737 1998 τηνικαῦτα
748 1963 763 1990 6
777 1964 898 1998 1:960ch-

103 2022 155 2049 ρος
172 2011 299 2046 δικαστὴς
310 2009 391 2037 αὑτὸν
405 2009 552 2044 συνεχέτω,
565 2009 611 2035 καὶ
624 2007 673 2044 τὴν
682 2008 760 2043 δίκην
776 2009 899 2044 νομίμως

102 2057 254 2091 ἐξετάζων,
269 2055 414 2083 ἐπιτιθέτω
424 2055 492 2090 αὐτῇ
507 2054 605 2090 πέρας·
620 2054 685 2081 εἰδὲ
700 2053 807 2088 πρῶτον
822 2054 898 2089 παρὰ

101 2104 147 2139 τῷ
162 2103 273 2138 ἄρχοντι
295 2101 392 2136 κινηθῇ
415 2100 462 2127 καὶ
482 2099 644 2134 ἀποδειχθῇ,
669 2098 844 2134 φανερούσθω
863 2099 898 2125 τὰ

103 2149 295 2184 ὑπομνήματα
308 2146 347 2182 τῷ
361 2146 514 2181 ἐπισκόπῳ·
530 2146 578 2171 καὶ
592 2146 615 2171 εἰ
631 2144 660 2177 ἐξ
673 2144 764 2171 αὐτῶν
780 2143 857 2179 εὖροι
871 2143 902 2170 τὺ

984 1869 1043 1907 [At]
1068 1870 1090 1898 si
1108 1871 1212 1898 crimen
1235 1876 1331 1899 contra
1352 1871 1487 1900 dictorum
1504 1873 1658 1908 quempiam
1681 1881 1741 1902 mo-

948 1921 1052 1949 veatur,
1069 1917 1091 1944 si
1112 1916 1222 1952 quidem
1242 1917 1313 1953 apud
1340 1918 1499 1953 episcopum
1512 1938 1521 1950 ,
1542 1918 1646 1955 [is]que
1670 1921 1740 1948 veri.

949 1966 1032 1990 tatem
1052 1962 1249 1998 deprehendat,
1265 1964 1350 1999 gradu
1367 1964 1460 1999 ipsum
1473 1964 1584 1999 dejicito
1601 1974 1610 1993 ς
1626 1973 1657 1993 ac
1675 1970 1740 1994 tunc

950 2011 1109 2042 competens
1123 2008 1208 2043 judex
1225 2015 1287 2036 eum
1312 2009 1546 2044 comprehendito,
1570 2014 1598 2036 et
1620 2009 1740 2045 legitime

951 2061 1063 2081 causam
1090 2054 1250 2083 examinans
1276 2055 1316 2082 illi
1342 2056 1424 2083 ﬁnem
1452 2055 1595 2090 imponito.
1623 2055 1651 2082 Si
1675 2063 1739 2083 vero

953 2101 1072 2134 primum
1090 2101 1161 2135 apud
1180 2100 1313 2137 [civilem]
1327 2102 1515 2135 magistratum
1532 2100 1659 2137 [crimen]
1679 2110 1740 2129 mo-

957 2149 1012 2172 tum
1031 2150 1111 2180 atque
1130 2146 1336 2181 comprobatum
1353 2146 1445 2178 fuerit,
1471 2147 1597 2181 episcopo
1615 2152 1739 2174 actorum

102 2193 317 2229 πλημμέλημα,
337 2192 477 2227 χωριζέτω
494 2190 575 2217 αὑτὸν
591 2190 638 2217 τοῦ
664 2189 769 2225 βαθμοῦ
782 2211 789 2224 ,
815 2190 863 2217 καὶ
887 2192 892 2216 ί

954 2195 1126 2218 monumenta
1144 2191 1326 2219 cxbibentor:
1354 2192 1400 2227 qui
1423 2192 1446 2219 si
1469 2199 1502 2219 ex
1528 2192 1582 2219 illis
1609 2192 1739 2221 delictum

105 2240 244 2275 δικαστὴς
266 2237 420 2274 ἐπιφερέτω
437 2236 512 2272 αὐτῷ
528 2237 643 2272 νόμιμον
665 2236 821 2271 ἐκδίκησιν·
835 2236 859 2263 εί
873 2236 903 2263 δέ

105 2295 143 2322 γε
160 2285 198 2322 μὴ
213 2284 320 2320 νομίσοι
335 2285 350 2310 6
364 2283 524 2314 ἐπίσκοπος,
541 2282 579 2317 μὴ
594 2281 706 2313 δικαίως
722 2281 853 2316 συστῆναι
868 2281 903 2309 τὰ

104 2331 296 2368 πεπραγμένα
307 2350 315 2363 ,
330 2329 447 2365 γινέσθω
466 2329 480 2354 ὁ
504 2327 705 2363 κατηγορηθεὶς
720 2326 773 2353 ὑπὸ
786 2327 902 2363 νόμιμον

105 2378 274 2414 ἀσφάλειαν,
286 2377 325 2413 μὴ
337 2374 524 2410 ἐξωθούμενος
534 2374 580 2401 τοῦ
594 2373 658 2400 ίδίου
673 2373 788 2409 βαθμοῦ,
803 2373 856 2405 ἕως
870 2373 903 2400 ἂν

106 2427 128 2460 ἡ
144 2424 269 2460 βασιλεία
283 2423 333 2459 τῆς
345 2423 501 2453 ὑποθέσεως
517 2421 546 2447 ἐν
559 2420 661 2456 εἱδήσει
676 2419 721 2446 διὰ
734 2419 782 2446 τοῦ
793 2419 904 2446 ἐπισκό-

105 2479 164 2498 που
180 2470 229 2497 καὶ
249 2469 296 2496 τοῦ
313 2469 444 2504 ἄρχοντος
461 2466 607 2502 γινομένη,
626 2465 743 2502 κελεύσῃ
761 2465 792 2492 τὺ
808 2465 903 2500 φαινό-·

107 2525 194 2553 μενον
211 2516 292 2551 αὐτῇ·
311 2515 359 2542 ἐὰν
373 2515 387 2541 6
406 2514 556 2545 ἐπίσκοπος
581 2511 762 2547 ὕπερτίθηται
784 2511 831 2538 ἐπὶ
847 2512 904 2543 τοῖς

105 2562 294 2598 χρηματικοῖς
303 2560 424 2594 δικάσαι,
437 2560 529 2587 ἄδειαν
542 2559 599 2595 ἔχει
615 2559 629 2585 6
640 2559 746 2594 ἐνάγων
761 2559 904 2594 προσιέναι

103 2607 150 2643 τῷ
163 2606 285 2642 ἄρχοντι·
301 2607 315 2633 ό
327 2606 356 2632 δέ
369 2605 502 2637 αἰτιαθεὶς
516 2606 547 2632 οὗ
562 2604 671 2632 δίδωσιν
683 2605 833 2639 ἐγγυητὴν,
846 2604 904 2631 ἀλλ’

103 2651 259 2687 ὁμολογίαν
273 2652 345 2677 ποιεῖ
355 2649 524 2686 ἐνυπόθηκον
534 2650 598 2677 ἄνευ
611 2650 704 2685 ὅρκου·
720 2650 768 2676 ἐπὶ
785 2649 834 2684 μὲν
849 2650 905 2681 τοῖς

105 2698 338 2733 ἐγκληματικοῖς,
356 2696 408 2723 ὑπὸ
424 2697 474 2730 τὴν
490 2697 606 2732 νόμιμον
627 2696 776 2731 ἀσφάλειαν
795 2696 826 2722 τὸ
839 2704 906 2723 κατ-

103 2742 298 2778 ηγορούμενον
313 2741 460 2777 πρόσωπον
481 2741 597 2776 γίνεται·
622 2742 669 2768 ἐπὶ
687 2742 715 2768 δέ
738 2743 795 2773 τοῖς
807 2741 906 2777 ἐκκλη-

105 2787 276 2819 σιαστικοῖς,
296 2787 310 2814 6
333 2787 483 2818 ἐπίσκοπος
496 2786 567 2814 κατὰ
583 2787 646 2819 τοὺς
667 2787 782 2819 κανόνας
800 2788 905 2820 σκοπεῖ,

105 2834 159 2861 τοῦ
174 2834 304 2870 ἄρχοντος
318 2833 453 2869 μηδεμίαν
465 2833 572 2868 ἔχοντος
588 2832 743 2869 μετουσίαν.

257 2880 397 2910 Ρλτιιοι.
424 2879 485 2910 Gn.
508 2877 588 2910 CIV.

954 2235 1150 2270 deprehendat,
1170 2244 1246 2263 reum
1263 2245 1279 2264 a
1294 2237 1379 2272 gradu
1396 2241 1534 2272 separato,
1555 2245 1587 2265 ac
1601 2238 1640 2264 illi
1659 2238 1741 2272 iudex

954 2280 1101 2315 legitimam
1128 2280 1276 2308 vindictam
1294 2281 1403 2309 iuferto.
1425 2281 1524 2310 Verum
1546 2282 1570 2309 si
1594 2282 1740 2318 episcopus

954 2327 1091 2361 putaverit
1116 2331 1177 2354 acta
1206 2334 1261 2354 non
1286 2327 1362 2362 juste
1390 2327 1555 2360 constitisse,
1584 2334 1740 2360 acellsatus,

954 2371 1041 2399 donec
1052 2371 1228 2406 imperatoria
1252 2372 1382 2407 majestas
1397 2372 1431 2399 ab
1454 2373 1584 2408 episcopo
1599 2378 1627 2400 et
1647 2373 1741 2408 judice

954 2418 988 2446 de
1003 2426 1084 2446 causa
1100 2418 1200 2446 certior
1217 2418 1298 2450 facta,
1314 2418 1386 2453 quod
1409 2418 1513 2453 justum
1530 2419 1582 2453 ipsi
1596 2419 1741 2452 videbitur,

953 2465 1048 2500 jubeat
1066 2475 1072 2492 :
1103 2473 1117 2492 a
1135 2472 1186 2493 suo
1202 2466 1289 2501 gradu
1307 2472 1361 2492 non
1381 2465 1523 2500 depulsus,
1547 2465 1602 2493 ’sub
1623 2466 1744 2502 legitima

955 2510 1132 2545 iidejussione
1144 2511 1328 2540 eonstituitor.
1341 2510 1481 2547 [Proinde]
1496 2511 1518 2538 si
1536 2511 1562 2538 in
1577 2512 1743 2546 pecuniariis

954 2556 1066 2591 judiciis
1079 2556 1226 2593 [judicare]
1236 2557 1379 2592 episcopus
1392 2556 1509 2588 differat,
1524 2561 1600 2584 actor
1612 2555 1744 2592 [civilem]

957 2603 1146 2636 magistratum
1165 2602 1282 2630 adeundi
1306 2602 1462 2629 [facultatem
1478 2602 1597 2635 habeto;
1615 2610 1678 2630 reus
1696 2610 1746 2629 au-

956 2653 1010 2676 tem
1027 2648 1215 2683 ﬁdejussorem
1227 2656 1282 2676 non
1297 2648 1429 2682 dato,fsed
1445 2648 1550 2682 absque
1567 2647 1747 2683 jurejurando

957 2695 1159 2730 pignoratitiam
1187 2694 1342 2731 cautionem
1371 2693 1465 2721 facito.
1496 2693 1527 2720 1n
1559 2692 1747 2720 criminalibus

957 2747 1024 2768 vero
1041 2739 1092 2767 sub
1104 2739 1226 2775 legitima
1242 2739 1372 2767 cautione
1388 2745 1506 2774 persona
1517 2745 1578 2773 quae
1589 2742 1746 2768 accusatur.

957 2783 1140 2813 constituitor.
1165 2783 1193 2810 in
1213 2783 1406 2819 ecclesiasticis
1417 2786 1507 2810 autem
1533 2781 1677 2816 episcopus
1697 2781 1748 2816 [ci-

957 2830 1017 2867 vili]
1029 2831 1188 2866 magistratu
1203 2830 1306 2859 nullam
1323 2830 1542 2859 communionem
1555 2827 1684 2860 habente,
1700 2835 1745 2855 se-
