1954 3080
243 152 295 184 715

242 208 361 236 cundum
372 214 492 235 canones
506 205 665 241 dijudicato.
681 204 806 240 Episcopi
818 205 940 240 ejusdem
965 212 1032 240 syn-
1049 208 1068 234 Α

241 255 286 283 odi
302 255 372 282 inter
386 261 416 281 se
431 252 590 289 [actionem]
615 253 747 279 habentes
759 271 766 283 ,
785 252 856 286 apud
874 250 1031 285 metmpoli-

242 307 336 329 tanum
358 308 438 328 suum
461 303 489 326 et
515 299 583 326 alios
611 298 734 334 ejusdem
761 297 858 333 synodi
885 296 1030 331 episcopos

243 347 366 381 litigauto
382 350 430 373 :et
441 345 494 373 nisi
510 350 624 379 utraque
637 352 700 379 pars
717 342 869 379 [iudicatis]
892 341 974 378 244
989 341 1031 368 in-

242 391 331 424 sistat,
357 390 478 425 ipsorum
503 389 659 424 patriarcha
686 387 821 425 [causam]
848 387 1029 422 cognoscito:

242 443 274 463 ac
293 435 361 462 nulli
379 434 581 462 contradicendi
598 434 651 460 illis
669 441 730 468 qua:
751 433 845 459 abillo
861 435 1029 462 statuuntur,

241 484 362 516 potestas
373 484 441 507 esto.
453 479 481 506 Si
497 479 614 506 clericus
630 478 761 506 adversus
779 478 937 512 episcopum
948 484 1029 504 suum

241 526 376 553 actionem
388 532 498 552 movere
510 524 586 557 velit,
604 524 675 551 idem
691 528 760 551 esto.
773 522 842 550 Cum
855 527 945 549 autem
963 529 1030 549 eon-

241 577 282 599 tra
310 570 548 605 metropolitanum
578 569 762 604 interpellatio
789 567 955 600 instituitur.
982 575 1030 602 pa-

241 617 359 644 triarcha
378 616 463 651 ipsius
483 615 609 643 similiter
631 614 801 650 cognoscito.
821 613 974 648 Episcopus
996 613 1029 640 li-

239 663 328 698 tignns
345 670 434 697 neque
450 661 641 696 tidejussiones
666 661 741 693 dato,
766 667 856 694 neque
875 659 1028 687 confessio-

239 716 300 735 nctn
321 708 413 735 facito.
428 707 591 738 OEconomi,
613 705 818 741 ptochotrophi,
831 705 983 733 nosocomi.
1002 709 1029 732 et

239 754 342 781 similes
355 761 404 781 suo
426 754 556 788 episcopo
577 752 713 780 subsunto
727 759 734 780 :
758 756 786 779 et
802 751 876 786 quod
892 751 967 786 ipsos
985 751 1029 779 de-

238 799 303 827 bere
319 798 447 834 patuerit,
464 798 633 832 exiguntor:
656 804 744 831 neque
769 801 832 824 ante
855 797 1028 824 exactionem

239 844 274 873 ad
300 844 373 872 aliud
397 844 531 879 judicium
548 843 693 871 recedendi
710 846 873 878 potestatem
897 842 1026 870 habento.

237 891 272 918 At
287 891 309 917 si
324 895 384 925 post
402 889 572 916 exactionem
588 888 689 923 injuria
712 895 741 915 se
765 886 878 915 affectos
892 895 953 915 esse
967 886 1024 914 exi-

237 933 416 964 stim’averiut,
434 932 457 960 si
472 931 581 967 quidem
598 931 745 966 episcopus
758 931 903 966 judicavit,
919 936 1024 959 metro-

236 978 373 1014 politanus
391 976 471 1014 [rem]
493 977 675 1009 examinato}:
702 976 725 1004 si
750 984 816 1004 vero
840 976 1026 1011 metropolita-

236 1032 303 1056 nus,
325 1024 481 1059 patriarcha
505 1023 674 1058 rognosrito.
696 1022 773 1056 Quod
800 1023 822 1050 si
848 1023 910 1058 quis
929 1022 1026 1058 praedi—

236 1075 344 1098 ctorum
367 1074 430 1097 ante
444 1069 582 1096 rationum
599 1068 798 1097 coniectionem
811 1072 838 1096 et
851 1069 1023 1096 exactionem

235 1120 360 1142 mortuus
375 1114 467 1147 fuerit,
482 1113 603 1141 haeredes
623 1113 683 1148 eius
697 1113 807 1140 obnoxii
825 1116 915 1140 sunto.

271 1161 379 1189 Toxlus.
395 1160 525 1187 Similiter
538 1159 584 1186 lib.
600 1167 618 1192 r,
635 1163 723 1186 coust.
736 1159 852 1193 M,quat
867 1159 905 1185 ait
924 1167 931 1185 :
948 1157 1025 1191 Quod

235 1213 399 1241 unoquoque
419 1212 491 1232 anno
511 1210 670 1232 meonomus
696 1203 828 1231 rationem
851 1203 1025 1230 administra-

235 1252 319 1280 tionis
334 1260 390 1280 sua:
406 1251 499 1279 reddat
519 1251 658 1285 episcopo.
675 1249 791 1278 Constit.
806 1257 870 1276 vero
882 1250 927 1282 24,
943 1250 984 1276 tit.
998 1249 1025 1282 2,

234 1298 356 1334 ejusdem
371 1298 433 1325 libri
444 1297 519 1329 dicit,
533 1297 604 1332 quod
616 1303 773 1324 oeconomos
786 1296 862 1323 urbis
872 1296 1027 1323 Constanti-

235 1344 397 1379 nopolitanae
410 1343 534 1378 singulis,
550 1347 597 1369 aut
611 1349 748 1369 summum
763 1342 874 1369 alternis
888 1341 1027 1368 mensibus

234 1390 306 1425 apud
320 1389 440 1416 arcarios
452 1389 572 1416 rationes
586 1387 721 1415 conﬁcere
734 1391 875 1423 oporteat,
892 1387 1027 1422 alioquive

234 1436 430 1471 periclitentur.
453 1458 455 1465 ,

269 1480 320 1514 Qui
348 1481 494 1516 episcopus
521 1483 569 1506 aut
591 1478 706 1507 clericus
734 1486 766 1505 ex
796 1478 933 1513 provincia
955 1478 1024 1506 Con-

234 1525 409 1561 stantinopoli
429 1525 464 1552 ab
489 1525 654 1552 adversariis
681 1524 828 1557 invenitur,
861 1523 932 1559 apud
958 1531 1027 1559 prae—

235 1571 365 1599 toriorum
386 1571 527 1606 prmfectos
551 1568 742 1602 solummodo,
766 1573 814 1596 aut
837 1575 898 1596 eum
917 1569 964 1604 qui
991 1569 1025 1596 ab

233 1618 406 1653 imperatoria
423 1617 565 1652 majestate
584 1615 637 1652 [ad
658 1614 726 1651 hoc]
757 1615 924 1649 designatur,
956 1613 1023 1651 [se]

237 1665 384 1694 tuebitur;
413 1667 491 1690 extra
515 1669 598 1697 quam
627 1661 649 1689 si
680 1661 706 1688 in
725 1661 910 1695 provincialis
934 1665 1022 1696 empta

233 1708 325 1741 fuerit,
344 1712 409 1735 tunc
425 1707 503 1734 enim
534 1706 591 1733 illic
616 1705 754 1740 impletur.
778 1705 909 1740 Religiosi
933 1706 1022 1733 ecelc-

233 1754 334 1782 ciarum
357 1752 527 1787 apocrisiarii
545 1759 594 1786 pro
605 1751 740 1786 episcopis
763 1755 810 1778 aut
832 1751 940 1778 clericis
955 1759 1021 1786 pro-

231 1805 292 1834 pter
305 1799 442 1834 publicum
458 1798 629 1832 privatumvc
642 1796 763 1824 debitum
780 1804 834 1824 non
849 1796 1020 1823 conveniun-

232 1850 275 1872 tur
296 1849 352 1884 aut_
367 1844 514 1879 exiguntur
529 1852 536 1870 :
554 1843 606 1870 nisi
624 1843 647 1870 si
664 1850 697 1870 ex
719 1841 854 1869 mandatis
876 1842 1015 1877 episcopo-

231 1898 292 1917 rum
313 1894 360 1917 aut
381 1896 588 1917 teconomorum
611 1887 717 1923 aliquos
741 1887 816 1923 [ipsi]
844 1888 1016 1916 conveniant.

231 1936 308 1963 Tunc
321 1935 394 1962 enim
417 1934 452 1962 ab
466 1934 562 1962 iisdem
585 1933 624 1970 [et
647 1933 692 1968 iis]
712 1934 779 1961 solis
797 1934 917 1961 οιτιίοηοε
931 1934 1018 1961 susci-

230 1981 318 2016 piunt.
337 1979 413 2016 [Sed]
434 1979 484 2007 etsi
503 1979 568 2006 dum
591 1978 629 2015 [in
646 1978 761 2014 judicio]
792 1979 971 2013 respondent,
988 1987 1018 2007 se

229 2027 363 2054 obnoxios
377 2025 554 2056 reddiderint.
579 2024 685 2061 [etiam]
710 2023 791 2060 245
807 2024 870 2051 inde
889 2024 1019 2052 exsistan-

229 2079 270 2100 tcs
280 2073 404 2100 actiones
418 2072 567 2107 excipiunt.
593 2071 719 2106 Episcopi
742 2075 769 2098 et
782 2070 874 2097 clerici
891 2078 940 2105 per
956 2078 1018 2098 cau-

229 2125 287 2146 sam
315 2118 457 2153 legationis
479 2121 532 2153 |aut
550 2117 730 2144 ordinationis
756 2123 870 2151 peregre
896 2121 1017 2150 agentes,

231 2172 285 2192 non
301 2165 504 2192 conveniuntur
523 2164 612 2190 donec
635 2161 735 2189 reversi
761 2160 883 2188 fuerint:
906 2160 948 2197 [ut
974 2165 1015 2189 ta-

839 150 968 181 I‘IIOTll
990 149 1242 180 ΡΑΤΙΠΑΠΟΗΕ
1254 149 1308 180 CP.

1813 151 1860 184 ’ίίῦ

1120 203 1281 230 Ἐπίσκοποι
1289 205 1339 239 τῆς
1351 202 1436 237 αὐτῆς
1448 203 1557 231 συνόδου
1569 203 1638 239 πρὸς
1656 203 1785 239 ἀλλήλους
1797 206 1862 240 ἕχον⁴

1082 257 1138 281 τες,
1157 249 1233 285 παρὰ
1245 249 1284 284 τῷ
1301 249 1488 286 μητροπολίτῃ
1508 250 1607 282 αὐτῶν,
1628 250 1674 276 καὶ
1692 251 1794 286 ἑτέροις
1807 253 1862 279 ἐπιδ

1083 294 1196 326 σκόποις
1221 295 1271 329 τῆς
1292 296 1378 330 αὐτῆς
1402 296 1512 322 συνόδου
1535 295 1703 327 δικάζονται·
1719 297 1766 323 καὶ
1786 298 1808 324 εί
1828 299 1862 334 μὴ

1084 340 1166 376 μέρος
1181 340 1312 376 ἑκάτερον
1337 341 1463 377 ἐμμένοι,
1478 343 1492 368 ὁ
1508 342 1681 377 πατριάρχης
1702 343 1789 370 αὐτῶν
1805 352 1862 370 σκο-

1082 387 1138 417 πεῖ,
1155 386 1260 418 οὐδενὸς
1275 389 1331 418 τοῖς
1348 388 1412 422 παρ’
1428 387 1510 413 αὐτοῦ
1526 388 1707 423 τυπουμένοις
1723 389 1861 423 δυναμένου

1081 431 1243 466 ἀντιλέγειν·
1258 431 1288 458 τδ
1301 432 1366 458 αὑτό
1379 433 1438 458 ἐστι
1455 432 1509 458 κᾶν
1524 432 1653 467 κληρικδς
1671 433 1741 459 κατὰ
1754 434 1796 460 τοῦ
1810 436 1863 461 ἑπι-

1082 477 1183 503 σκόπου
1198 477 1281 504 αὐτοῦ
1299 477 1452 513 προσέλθοι·
1469 478 1672 513 προσελεύσεως
1690 479 1717 505 δὲ
1730 480 1796 505 κατὰ
1814 488 1863 515 μη-

1080 523 1240 559 τροπολίτου
1258 524 1420 559 γινομένης,
1440 525 1455 550 ό
1478 524 1650 560 πατριάρχης
1675 525 1756 551 αὑτοῦ
1772 526 1863 560 ὁμοίως

1081 570 1187 596 σκοπεῖ”
1206 569 1353 601 ἐπίσκοπος
1370 569 1556 605 δικαζόμενος,
1571 570 1634 596 οὗτε
1646 567 1747 604 ἐγγύας
1763 570 1862 598 δίδωσιν

1080 615 1143 642 οὔτε
1161 615 1307 651 ὁμολογίαν
1324 617 1405 642 ποιεῖ·
1421 616 1446 642 οί
1464 615 1601 650 οἰκονόμοι
1618 617 1666 642 καὶ
1684 617 1862 652 πτωχοτρόφοι

1080 662 1126 688 καὶ
1138 662 1279 696 νοσοκόμοι
1297 661 1343 688 καὶ
1354 662 1378 688 οί
1392 660 1508 697 τοιοῦτοι
1523 661 1562 697 τῷ
1575 662 1633 697 ἰδίῳ
1645 663 1786 697 ὲπισκόπῳ
1802 663 1862 690 ὑπό-

1079 711 1194 734 κεινταιν
1208 707 1256 733 καὶ
1272 707 1302 732 τὸ
1313 706 1477 742 φαινόμενον
1494 707 1648 742 ὲποφείλειν
1664 707 1772 739 αὐτοὺς,
1788 709 1863 734 ἀπαι-

1078 752 1202 786 τοῦνται,
1228 753 1265 788 μὴ
1296 752 1441 786 δυνάμενοι
1465 752 1519 789 πρὸ
1546 753 1596 788 τῆς
1616 753 1805 788 ἀπαιτήσεως,
1827 755 1864 786 εἰς

1078 798 1143 825 ἄλλο
1162 798 1339 834 δικαστήριον
1357 799 1521 833 ἀναχωρεῖν,
1547 798 1615 825 ἀλλὰ
1639 800 1708 834 μετὰ
1723 800 1772 834 τὴν
1786 800 1864 826 ἀπαί-

1078 852 1156 880 τησιν
1176 844 1223 871 ἐὰν
1251 844 1384 879 νομίσωσι
1410 844 1571 879 βεδλάφϐαι’
1595 846 1620 871 εί
1647 846 1696 880 μὲν
1721 846 1865 878 ἑπίσκοπός

1041 873 1064 901 Β
1078 873 1151 915 ἐστιν
1169 889 1182 915 ὸ
1199 873 1304 924 κρίνας,
1320 890 1334 916 ό
1352 873 1553 925 μητροπολίτης
1568 873 1701 923 ὲξετάξει·
1725 892 1750 917 εἰ
1765 891 1792 918 δὲ
1814 873 1865 927 pq:

1077 934 1239 970 τροπολίτης
1254 933 1369 970 ἔκρινεν,
1385 934 1400 960 ὁ
1416 936 1588 971 πατριάρχης
1603 938 1717 963 σκοπεῖ·
1734 937 1758 963 εἰ
1771 937 1797 964 δὲ
1813 938 1865 973 πρὸ

1077 979 1128 1015 τῆς
1142 980 1196 1006 τῶν
1221 980 1359 1016 λογισμῶν
1386 981 1524 1017 ποιήσεως
1550 982 1599 1008 καὶ
1629 981 1678 1017 τῆς
1694 983 1864 1018 ἀπαιτήσεως

1078 1027 1236 1062 τελευτήσει
1254 1035 1295 1058 τις
1309 1027 1362 1053 τῶν
1381 1028 1545 1063 εἰρημένων,
1561 1028 1585 1054 οί
1601 1027 1766 1064 κληρονόμοι
1783 1029 1864 1056 αὑτοῦ

1079 1072 1250 1100 ὑπόκεινται.

1121 1162 1237 1198 Ὁμοίως
1255 1163 1326 1198 βι6λ.
1352 1166 1375 1190 α’
1391 1163 1444 1190 τίτ.
1466 1162 1490 1189 α’
1505 1162 1575 1190 διὰτ.
1596 1162 1652 1198 μα’,
1675 1164 1736 1199 ἥτις
1768 1165 1859 1199 φησὶν,

1079 1208 1133 1240 ὅτι,
1147 1208 1221 1235 Κατ’
1239 1208 1364 1236 ὲνιαυτὺν
1379 1209 1393 1234 ό
1408 1208 1548 1243 οἰκονόμος
1567 1208 1613 1234 τὸν
1628 1208 1706 1243 λόγον
1720 1207 1769 1243 τῆς
1783 1209 1864 1236 αὐτοῦ

1078 1252 1237 1288 διοικήσεως
1251 1252 1429 1287 παρατίθεται
1445 1252 1483 1287 τῷ
1495 1252 1647 1288 ὲπισκόπῳ·
1660 1254 1677 1288 ἡ
1694 1253 1722 1279 δὲ
1739 1253 1780 1288 κβ¹
1794 1253 1864 1280 διάτ.

1078 1297 1126 1324 τοῦ
1146 1298 1166 1333 β’
1183 1297 1236 1325 τίτ.
1250 1298 1297 1324 τοῦ
1312 1298 1394 1325 αὺτοῦ
1412 1298 1482 1333 βιϐλ.
1500 1297 1584 1333 λέγει,
1599 1299 1640 1326 ὅτι
1657 1300 1704 1326 Δεῖ
1715 1299 1779 1331 τοὺς
1792 1300 1864 1326 οἱκο-

1080 1342 1178 1377 νόμους
1196 1343 1510 1374 Κωνσταντινουπόλεως
1524 1363 1531 1376 ,
1547 1344 1618 1370 κατὰ
1639 1343 1712 1379 μῆνα
1731 1344 1749 1380 ἢ
1766 1344 1797 1371 τὸ
1812 1345 1865 1379 μή-

1080 1396 1171 1415 κιστον
1186 1388 1255 1424 ὑπὲρ
1272 1388 1320 1415 δύο
1331 1408 1338 1422 ,
1362 1388 1514 1422 λογοποιεῖν
1539 1389 1607 1424 πρὸς
1619 1390 1682 1421 τοὺς
1696 1389 1845 1426 ἁρκαρίους
1857 1411 1867 1424 ,

1080 1434 1142 1461 ἐπεὶ
1157 1434 1357 1461 κινδυνεύουσιν
1374 1434 1403 1467 ἐξ
1420 1434 1565 1470 ἐπαρχίας.

1121 1480 1166 1507 Ἐν
1180 1480 1466 1507 Κωνσταντινουπόλει
1481 1481 1675 1516 εὑρισκόμενος
1688 1480 1837 1513 ἐπίσκοπος
1850 1481 1867 1517 ἢ

1080 1525 1209 1562 κληρικδς
1225 1527 1280 1557 τοῖς
1295 1525 1422 1560 ὲνάγουσι
1434 1546 1441 1559 ,
1456 1526 1532 1561 παρὰ
1547 1527 1620 1562 μόνῳ
1634 1525 1673 1562 τῷ
1688 1526 1801 1562 ἐπάρχῳ
1815 1526 1869 1553 τῶν

1079 1572 1264 1608 πραιτωρίων,
1280 1572 1296 1608 ἢ
1309 1572 1347 1608 τῷ
1360 1571 1435 1607 παρὰ
1446 1572 1495 1607 τῆς
1510 1572 1648 1607 βασιλείας
1664 1573 1868 1608 ἀφοριζομὲνῳ,

1078 1617 1267 1652 ἀπολογεῖται’
1292 1618 1318 1644 εί
1335 1618 1372 1654 μὴ
1389 1617 1435 1644 ἐπὶ
1459 1617 1550 1653 χώρας
1567 1618 1654 1654 ἦρχθη
1679 1619 1696 1654 ή
1718 1618 1869 1652 ὑπόθεσις,

1076 1663 1136 1690 τότε
1144 1663 1198 1698 γὰρ
1210 1663 1267 1689 ἐκεῖ
1278 1662 1438 1698 πληροῦταν
1451 1664 1476 1690 ot
1490 1663 1545 1690 τῶν
1561 1663 1729 1698 Ἐκκληοιῶν
1741 1663 1871 1694 εὐλαὸεῐς

1075 1709 1295 1745 ἀποκρισιάριοι,
1319 1709 1369 1736 οὐκ
1388 1709 1531 1744 ὲνάγονται
1555 1709 1572 1745 ἢ
1591 1709 1772 1736 ἀπαιτοῦνται
1798 1710 1870 1745 ὑπὲρ

1074 1754 1129 1781 τῶν
1146 1755 1304 1781 ἐπισκόπων
1319 1754 1334 1790 ῆ
1350 1755 1404 1781 τῶν
1429 1755 1608 1790 Ἐκκλησιῶν,
1629 1756 1712 1791 χάριν
1735 1755 1869 1790 δημοσίου

1074 1800 1091 1836 ἢ
1110 1800 1243 1827 ἰδιωτικοῦ
1260 1801 1357 1836 χρέους
1369 1821 1377 1834 ,
1398 1801 1423 1828 εί
1445 1801 1484 1836 μὴ
1501 1801 1530 1835 ὲξ
1546 1801 1662 1828 ἐντολῶν
1681 1800 1734 1827 τῶν
1751 1800 1870 1828 ἐπισκόο

1075 1855 1133 1872 πων
1148 1846 1164 1882 ἢ
1180 1846 1235 1872 τῶν
1248 1847 1398 1882 οἰκονόμων
1420 1847 1547 1881 ὲνάγουσί
1569 1856 1606 1874 τι·
1622 1847 1684 1873 τότε
1700 1846 1756 1883 γὰρ
1775 1847 1870 1881 μόνων

1073 1891 1162 1918 αὐτῶν
1174 1893 1224 1923 τὰς
1243 1892 1386 1926 ἐναγωγὰς
1401 1892 1588 1928 ὑποδέχονται”
1612 1894 1636 1920 εἰ
1650 1893 1679 1920 δὲ
1693 1893 1740 1919 καὶ
1756 1892 1872 1928 ἐνόχους

1071 1938 1184 1970 ἑαυτοὺς
1200 1939 1418 1974 καταστήσουσιν
1433 1939 1462 1966 ὲν
1475 1938 1513 1975 τῷ
1536 1939 1623 1966 ποιεῖν
1640 1938 1689 1970 τὰς
1703 1938 1871 1973 ἀποκρίσεις

1071 1983 1192 2019 δέχονται
1210 1984 1259 2016 τὰς
1283 1984 1347 2020 περὶ
1368 1984 1471 2011 τούτων
1491 1985 1645 2019 ὲναγωγάς·
1671 1984 1696 2011 οί
1719 1984 1871 2010 ἐπίσκοποι

1069 2030 1117 2057 καὶ
1140 2031 1164 2057 oi
1181 2031 1306 2066 κληρικοὶ
1322 2030 1367 2058 διὰ
1394 2031 1542 2066 πρεσϐείαν
1565 2031 1582 2067 ἢ
1608 2031 1777 2066 χειροτονίαν
1796 2031 1870 2057 ἀπο-

1068 2075 1228 2110 δημοῦντες,
1247 2076 1297 2103 οὐκ
1323 2077 1466 2110 ἐνάγονται
1490 2076 1587 2112 μέχρις
1607 2076 1640 2103 ἂν
1660 2075 1871 2111 ὑποστρέψωσι,

1070 2120 1107 2156 μὴ
1126 2120 1322 2156 βλαπτομένων
1339 2121 1393 2148 τῶν
1415 2122 1532 2157 ἐχόντων
1554 2122 1652 2153 αὐτοὺς
1675 2121 1870 2154 ὑπευθύνους,

1068 2165 1100 2192 ἐκ
1113 2165 1162 2200 τῆς
1177 2166 1266 2193 αὐτῶν
1277 2167 1446 2202 ἀπολείψεως
1457 2167 1523 2202 περὶ
1534 2167 1646 2202 χρονίαν
1660 2167 1869 2203 παραγραφὴν.

227 2211 302 2247 men]
319 2211 365 2246 qui
390 2211 462 2246 ipsos
478 2210 612 2238 obnoxios
628 2210 744 2241 habent,
766 2217 799 2237 ex
830 2209 952 2237 absentia
985 2211 1104 2246 ipsorum
1127 2215 1200 2242 circa
1226 2215 1299 2250 longi
1320 2215 1451 2250 temporis
1475 2215 1708 2250 praescriptionem
1735 2221 1794 2242 non
1824 2213 1872 2242 lae-

227 2259 336 2286 dantur.

262 2303 414 2330 Citationcs
440 2306 523 2336 atque
549 2302 742 2330 exsecutioncs
769 2301 888 2333 clericis,
923 2309 1014 2329 mona-

1102 2303 1136 2330 Δί
1149 2303 1318 2339 ὑπομνήσεις
1333 2303 1379 2330 καὶ
1391 2303 1415 2329 οἱ
1425 2302 1586 2339 ὲκ6ι6ασμοὶ
1599 2303 1668 2338 μετὰ
1676 2303 1760 2338 τιμῆς
1773 2313 1870 2340 προσ-

228 2348 296 2380 chis,
321 2348 446 2375 ascetriis
476 2353 502 2375 et
526 2348 638 2379 ascetis,
664 2347 691 2374 in
717 2347 883 2382 pecuniariis
914 2347 1017 2383 [causis

228 2394 298 2430 sive]
314 2394 429 2429 publicis
450 2392 530 2430 [sive]
550 2393 662 2428 privatis
678 2397 835 2421 reverenter
851 2392 1015 2420 infcruulor.

227 2439 306 2468 Nulla
322 2440 470 2467 monastria
488 2439 527 2466 vel
548 2439 666 2467 ascctria
686 2447 701 2466 e
720 2439 888 2467 monasterio
909 2440 1016 2467 abstra-

227 2486 299 2512 hitor
314 2495 320 2513 :
335 2486 381 2512 sed
397 2493 445 2520 per
460 2491 665 2520 procuratorem
680 2492 791 2512 causam
808 2485 901 2512 dicito.
922 2485 1015 2513 Mona-

226 2533 294 2559 chus
317 2531 440 2567 proprias
455 2536 502 2558 aut
521 2531 680 2559 monasterii
698 2530 821 2568 [causas]
839 2531 896 2559 sive
912 2539 959 2567 per
972 2539 1012 2564 se,

226 2579 284 2605 sire
304 2585 352 2613 per
375 2581 580 2613 procuratorem
609 2577 674 2612 agit.
706 2576 734 2603 Si
764 2585 828 2604 vero
842 2570 936 2604 contra
957 2577 1014 2605 haec

225 2624 282 2657 ﬁat,
305 2622 387 2657 judex
404 2622 513 2657 cingulo
536 2622 701 2653 denudatur,
730 2627 757 2650 ct
784 2621 905 2658 quinque
927 2623 1013 2651 libras

224 2669 295 2708 [auri
305 2670 386 2697 rebus
397 2667 539 2704 principis]
557 2667 671 2703 privatis
684 2669 730 2695 dat
744 2678 751 2696 :
766 2673 910 2696 exsecutor
923 2674 1012 2696 autem

223 2716 366 2744 tormentis
379 2715 514 2747 subditur,
528 2718 555 2741 et
569 2714 595 2740 in
616 2713 743 2740 exsilium
763 2715 895 2742 mittitur:
909 2714 1012 2750 [idque]

224 2770 289 2790 cura
307 2761 437 2797 episcopi,
455 2762 500 2796 qui
516 2759 597 2787 etiam
608 2760 767 2793 magistratu
781 2761 911 2788 ultionem
929 2760 1012 2796 [irro-

224 2807 299 2842 garc]
314 2807 464 2838 diﬂ‘ercnte,
480 2805 519 2842 [id
535 2805 568 2832 ad
585 2804 747 2840 principem]
765 2806 859 2833 refert.
874 2806 927 2833 Pro
942 2806 1012 2833 cita-

225 2853 298 2880 tione
312 2853 470 2887 pecuniaria
485 2851 526 2879 vel
545 2850 680 2879 criminali
706 2850 863 2886 hujusmodi
888 2860 1012 2888 persona

1070 2349 1230 2384 αγέσθωσαν
1258 2350 1314 2381 τοῖς
1333 2349 1474 2384 κληρικοῖς
1491 2348 1539 2375 καὶ
1556 2350 1684 2384 μοναχοῖς
1709 2349 1754 2375 καὶ
1772 2349 1875 2386 ἀσκη-

1069 2394 1158 2430 τρίαις
1175 2395 1221 2421 καὶ
1234 2395 1423 2430 ἀσκητηρίοις,
1450 2395 1496 2421 ἐπὶ
1514 2395 1569 2426 τοῖς
1584 2396 1767 2430 χρηματικοῖς
1790 2396 1875 2423 ἰδιω-

1068 2441 1153 2472 τικοῖς
1173 2441 1220 2467 καὶ
1235 2440 1375 2476 δημοσίοις
1387 2447 1393 2454 '
1429 2440 1475 2467 καὶ
1493 2441 1641 2475 μονάστρια
1659 2440 1709 2474 μὲν
1735 2440 1752 2475 ἢ
1772 2442 1874 2477 ἀσκή-

1067 2494 1131 2520 τρια
1144 2485 1190 2511 τοῦ
1213 2485 1396 2520 μοναστηρίου
1414 2484 1451 2520 μὴ
1468 2484 1639 2519 ἀφελκέσθω,
1651 2484 1718 2511 ἀλλὰ
1733 2485 1766 2511 δι’
1782 2487 1871 2513 ἐντο-

1068 2532 1134 2563 λέως
1147 2531 1281 2566 κρινέσθω
1296 2539 1302 2545 ·
1319 2532 1333 2558 ὁ
1345 2530 1373 2557 δὲ
1388 2530 1504 2566 μοναχὶις
1522 2530 1570 2562 τὰς
1598 2530 1665 2561 ἰδίας
1690 2530 1705 2565 ἢ
1732 2530 1786 2563 τὰς
1819 2532 1873 2558 τοῦ

1067 2578 1258 2612 μοναστηρίου,
1279 2576 1334 2603 εἴτε
1348 2575 1380 2602 δι’
1391 2576 1488 2603 ἑαυτοῦ
1501 2576 1555 2602 εἴτε
1573 2575 1606 2602 δι’
1618 2575 1745 2607 ὲντολέως
1765 2576 1852 2603 οέλει
1863 2585 1872 2592 ·

1065 2624 1089 2649 εί
1104 2623 1133 2649 δὲ
1149 2624 1224 2658 παρὰ
1237 2623 1323 2649 ταῦτα
1340 2623 1463 2657 γένηται,
1487 2623 1501 2649 ὁ
1514 2622 1641 2656 δικαστὴς
1656 2622 1872 2654 ἀποζώννυται,

1067 2669 1113 2696 καὶ
1128 2672 1149 2695 ε’
1159 2669 1253 2704 λίτρας
1270 2670 1327 2700 τοῖς
1341 2668 1485 2704 πριόάτοις
1506 2667 1597 2694 δίδωσι
1615 2675 1622 2684 ’
1650 2668 1697 2694 καὶ
1712 2669 1726 2694 ό
1742 2668 1872 2695 ἐκδιδα-

1067 2714 1132 2750 στὴς
1153 2713 1330 2749 βασανίζεται
1359 2713 1407 2740 καὶ
1437 2712 1590 2748 ὲξορίζεται
1608 2712 1721 2748 προνοίᾳ
1739 2713 1790 2740 τοῦ
1802 2715 1873 2740 ἑπι-

1067 2761 1178 2792 σκόπου,
1193 2761 1266 2792 ὅστις
1294 2761 1340 2786 καὶ
1358 2760 1500 2795 ἀναφέρει,
1523 2760 1569 2786 τοῦ
1597 2759 1727 2794 ἄρχοντος
1744 2760 1874 2796 ὑπερτι-

1066 2807 1180 2842 θεμένου
1195 2808 1244 2842 “rqu
1270 2806 1410 2842 ἐκδίκησιν
1426 2814 1433 2820 ·
1453 2806 1522 2840 ὑπὲρ
1552 2805 1579 2832 δὲ
1599 2805 1801 2841 ὑπομνήσεως,
1835 2805 1876 2832 ’τὰ

1065 2851 1178 2879 τοιαῦτα
1210 2852 1345 2887 πρόσωπα
1375 2851 1551 2888 χρηματικῆς
1577 2851 1593 2886 ἢ
1622 2851 1872 2886 ἐκκλησιαστικῆς
