1954 3080
97 193 140 226 ’ΖΠ
508 190 707 222 ΞΥΝΤΛΟΜΑ
728 189 876 219 CANONU

938 202 974 208 --
993 190 1066 220 TIT.
1081 190 1132 227 IX,
1153 191 1231 220 CAP.
1253 190 1294 220 Π.

1658 189 1711 223 7ἔὸ

99 249 187 281 αίτίας,
203 247 231 274 ἓν
248 255 277 274 τε
303 246 586 273 Κωυσταντινουπόλει
615 246 663 272 καὶ
692 245 871 280 ὁπουδήποτε,

932 244 1167 280 Ionstantinopoli,
1183 250 1265 282 atque
1280 246 1465 282 alibicunquc,
1485 255 1539 274 non
1555 247 1624 275 ultra
1642 255 1710 282 qua-

98 297 124 323 οὑ
135 295 211 322 πλέον
226 294 247 320 δ’
258 292 392 328 κερατίων
413 292 530 319 διδόασιν
542 299 549 306 ”
563 293 588 318 εί
601 292 630 319 δὲ
645 291 716 318 κατὰ
732 291 874 327 βασιλικὴν

98 341 224 370 κέλευτιν,
238 339 254 374 ἢ
273 337 347 373 παρὰ
365 338 493 372 ἄρχοντος
508 337 525 372 ἥ
537 337 721 376 πατριάρχου,
738 337 821 372 σταλῇ
833 337 874 368 τίς

98 386 131 416 είς
140 385 291 418 ὑπόμνησιν
311 383 412 415 αὐτῶν,
439 383 471 409 οὑ
484 382 564 409 πλέον
580 383 694 417 λήψεται
725 382 782 414 ἐνὸς
796 382 875 417 νομί-

98 438 191 466 σματος
207 437 213 443 ·
229 430 253 456 εί
264 429 292 455 δὲ
312 429 396 455 πολλὰ
414 428 526 454 τοιαῦτα
549 428 684 462 πρόσωπα
701 428 748 454 ἐπὶ
766 428 816 463 μιᾷ
829 428 876 454 καὶ

96 475 124 509 τῇ
139 475 205 509 αὐτῇ
220 474 295 509 αἰτίᾳ
308 473 529 508 ὑπομνησθῶσιν,
547 474 606 505 ἐνὸς
627 473 707 508 μόνου
723 473 872 510 προσώπου

95 519 203 546 διδόασιν
221 527 228 535 ·
257 520 404 550 ἐπίσκοπος
419 519 489 553 ὑπὲρ
514 518 569 545 τῶν
601 519 673 545 ίδίων
701 519 873 554 πραγμάτων

96 564 252 599 ὲναγόμενος
267 564 358 590 δίδωσι
389 563 551 599 σπόρτουλα,
570 563 638 598 ὑπὲρ
649 564 677 590 δὲ
697 564 746 599 τῆς
760 563 875 598 Ἐκκλη-

97 609 152 641 σίας
181 609 263 637 αὐτοῦ
280 610 317 644 μὴ
345 609 486 644 όχλείσθω,
505 609 561 636 ἀλλ’
574 610 588 636 ὁ
613 610 753 644 οἰκονόμος
767 610 784 645 ἢ
802 611 815 636 ὁ
830 610 875 637 ἐπὶ

94 656 175 690 τούτῳ
191 655 408 690 προὸαλλόμενος
425 663 431 670 ·
446 656 460 681 ὁ
479 655 507 681 δὲ
519 654 595 690 παρὰ
613 654 698 681 ταῦτα
722 655 875 690 σπόρτουλα

94 700 188 733 λαϐὼν,
201 700 232 727 τὸ
246 700 357 727 διπλοῦν
371 700 525 733 ἀναδίδωσι,
542 700 590 726 καὶ
601 699 653 726 ὑπὸ
669 701 812 735 στρατείαν
827 700 875 736 μὲν

95 746 130 773 ὣν
138 745 336 778 ἀποζώννυται,
359 746 489 782 κληρικδς
504 745 533 772 δὲ
549 746 720 782 καθαιρεῖται
730 754 738 761 ·
763 747 876 773 ἐπίσκο-

94 800 141 823 πος
167 791 228 818 οὔτε
256 791 302 818 ἐπὶ
318 793 476 826 χρηματικῇ
503 791 564 818 οὕτε
590 791 778 827 ὲγκληματικῇ
801 792 874 828 δίκῃ,

93 837 173 872 χωρὶς
187 837 337 868 κελεύσεως
353 836 505 872 βασιλικῆς,
522 837 643 871 διάγεται
656 837 672 872 ἢ
689 838 852 873 παρίσταται
867 846 873 853 '

93 883 108 909 ό
123 883 150 909 δὲ
165 882 241 918 παρὰ
253 882 339 909 ταῦτα
367 882 522 918 προστάξας
537 883 683 917 ἐγγράφως
697 883 713 918 ἢ
735 883 874 917 ἀγράφως,

93 927 288 960 άποζώννυται,
302 928 349 954 καί¹
365 926 390 954 κ’
407 927 500 962 λίτρας
519 927 664 962 ζημιοῦται
683 929 716 963 τῇ
729 927 876 963 Ἐκκλησία

91 973 136 1000 τοῦ
152 973 312 1006 ἐπισκόπου,
328 972 374 1000 καὶ
386 974 400 999 ό
413 972 578 1008 ὲκὸιϐαστὴς
597 972 796 1005 ἅποζώννυται,
828 973 877 999 καὶ

93 1019 304 1054 βασανιζόμενος
334 1018 484 1053 ὲξορίζεται
501 1026 509 1034 ·
540 1019 586 1045 καὶ
613 1019 629 1053 ἡ
648 1018 679 1050 ιζ’
697 1018 767 1045 διάτ.
791 1017 839 1045 τοῦ
852 1027 877 1045 αι

90 1065 142 1092 τίτ.
166 1065 221 1092 τῶν
233 1063 350 1100 Νεαρῶν
377 1072 461 1098 φησιν
474 1083 482 1095 ,
503 1064 556 1096 ὅτι,
571 1064 738 1090 Ἐπισκόπου
758 1071 875 1098 κατηγο-

93 1110 235 1146 ρουμένου,
250 1110 264 1136 ό
279 1109 480 1145 μητροπολίτης
493 1109 582 1145 κρίνει
598 1117 606 1124 ·
628 1110 654 1136 εί
665 1109 694 1136 δὲ
710 1109 876 1145 μητροπολί-

90 1164 139 1191 της
154 1156 357 1190 κατηγορεῖται,
372 1156 386 1181 ό
397 1155 570 1190 πατριάρχης
583 1155 665 1182 αὐτοῦ
680 1156 777 1181 σκοπεῖ
789 1163 797 1170 ·
810 1155 835 1181 εί
848 1154 878 1181 δὲ

90 1201 219 1236 κληρικὺς
230 1200 248 1236 ἢ
264 1201 391 1236 μοναχὺς,
405 1201 420 1227 ὁ
431 1201 582 1231 ἐπίσκοπος
599 1200 682 1227 αὑτοῦ
696 1208 704 1216 ο
718 1200 765 1227 καὶ
777 1201 792 1227 ὁ
801 1200 878 1226 πταί-

91 1254 150 1279 σας,
174 1246 324 1278 κανονικῶς
340 1246 535 1281 σωφρονίζεται
551 1246 590 1282 τῷ
617 1246 734 1282 κρίματι
764 1246 811 1272 τοῦ
835 1245 878 1278 ἑξ-

91 1291 234 1324 ιτάζοντος
247 1299 254 1306 ·
270 1292 287 1327 ἡ
304 1291 333 1318 δὲ
347 1292 410 1327 περὶ
431 1291 625 1328 τοποτηρητῶν
641 1291 678 1328 ρλ¹
689 1292 774 1328 νεαρὰ
791 1292 875 1326 λέγει,

89 1338 131 1365 ὃτι
160 1337 321 1373 μονάστρια,
345 1337 390 1364 διὰ
415 1337 544 1372 οὐδεμίαν
565 1336 689 1372 ἀγωγὴν,
706 1337 739 1364 ὲκ
748 1336 794 1364 τοῦ
811 1337 876 1363 [δίου

91 1383 275 1420 μοναστηρίου
286 1383 404 1410 ἕλκεται.

126 1524 238 1551 ΚΕΦΔΛ
244 1543 251 1551 .
266 1522 339 1551 Β¹.-
348 1523 441 1551 Πόσοι
450 1522 500 1550 καί
512 1523 592 1556 τινες
601 1523 879 1558 καταμαρτυροῦσιν

88 1570 265 1597 ἐπισκόπων
276 1570 295 1603 ἣ
313 1569 463 1603 κληρικῶν
474 1577 483 1601 ;

311 1616 494 1642 Αποστόλων
507 1614 605 1642 κανὼν
623 1617 670 1642 σε’.

132 1663 180 1691 σε’,
193 1662 239 1694 Εἰς
248 1661 454 1697 μαρτυρίαντὴν
466 1658 536 1686 κατὰ
548 1660 711 1692 ἐπισκόπου,
743 1660 880 1696 αἱρετικὸν

90 1704 131 1740 μὴ
143 1704 349 1740 προσδέχεσθαι,
361 1704 430 1731 ἀλλὰ
445 1704 482 1740 μὴ
496 1704 525 1731 δὲ
546 1705 641 1732 πιστὸν
653 1705 702 1732 ἕνα
719 1714 727 1721 ·
741 1705 791 1733 ἐπὶ
807 1707 879 1734 στό-

84 1758 184 1785 ματος
206 1750 259 1785 γὰρ
285 1749 340 1777 δύο
365 1750 384 1784 ἢ
410 1749 498 1784 τριῶν
511 1751 674 1785 μαρτύρων
697 1751 880 1786 σταθήσεται

87 1795 156 1824 πᾶν
165 1794 259 1830 ῥῆμα.

163 1841 300 1870 Συνόδου
316 1841 526 1878 Καρθατέννης
539 1842 638 1869 κανὼν
653 1845 676 1869 κ’
688 1842 725 1869 νϐ’
742 1842 809 1878 ρλα’.

127 1887 200 1921 Περὶ
214 1887 423 1922 πρεσϐυτέρων
434 1887 485 1914 καὶ
504 1887 656 1922 κληρικῶν
665 1887 881 1922 κατηγορουμέ-

84 1942 164 1961 νων.

127 1977 165 2007 κ’.
184 1978 247 2005 Ἐὰν
260 1979 289 2006 δὲ
302 1978 482 2014 πρεσϐύτεροι
501 1979 517 2015 ἢ
530 1979 647 2006 διάκονοι
662 1979 879 2015 Μτηγορηοῶσι,

83 2036 119 2055 κ.
141 2035 168 2053 τ.
186 2026 211 2053 λ.

127 2073 200 2107 Περὶ
224 2072 277 2100 τοῦ
304 2072 477 2107 κληρικοὺς,
507 2072 594 2107 χάριν
618 2071 803 2107 διαγνώσεως
825 2071 881 2106 τῆς

925 295 987 317 tuor
1001 290 1114 325 siliquas
1128 291 1204 318 dant.
1227 290 1303 324 Quod
1320 291 1342 318 si
1363 292 1424 326 quis
1442 292 1572 326 imperiali
1586 291 1709 327 jussione

924 339 972 362 aut
983 343 998 363 a
1013 336 1185 371 magistratu.
1200 341 1246 363 aut
1261 344 1276 363 a
1290 337 1445 370 patriarcha
1463 337 1495 364 ad
1511 337 1634 364 citandos
1650 337 1710 365 illos

925 381 1025 409 missus
1051 381 1141 414 fuerit,
1170 390 1223 409 non
1252 383 1322 409 ultra
1349 390 1433 410 unum
1465 384 1582 411 solidum
1610 384 1708 419 capiet.

925 427 995 460 Quin
1008 428 1031 455 si
1049 428 1142 455 multae
1162 428 1314 455 istiusmodi
1332 435 1454 463 personae
1478 430 1505 456 in
1522 436 1577 456 una
1600 430 1711 457 eadem-

925 479 978 506 que
996 480 1077 500 causa
1095 473 1222 506 citentur,
1247 473 1329 499 unius
1357 477 1461 500 tantum
1480 481 1601 507 personae
1620 474 1711 510 [spor-

925 517 1008 553 tulas]
1032 518 1107 545 dant.
1126 517 1275 552 Episcopus
1300 526 1392 545 rerum
1417 526 1528 546 suarum
1551 519 1661 546 nomine
1682 520 1709 546 in

923 562 969 597 jus
987 567 1112 595 vocatus,
1137 563 1184 590 dat
1201 563 1338 597 sportulas
1354 572 1360 590 :
1379 564 1425 590 sed
1441 571 1490 598 pro
1514 564 1596 591 rebus
1615 564 1710 592 Eccle-

925 609 973 635 siie
985 616 1042 636 suae
1067 616 1101 635 ne
1127 608 1293 643 inquietatur
1308 607 1452 645 [quidem],
1471 609 1518 636 sed
1537 616 1708 643 (economus,

925 655 1007 689 quive
1027 654 1060 682 ad
1081 655 1108 682 id
1134 655 1292 689 designatus
1310 658 1361 682 est.
1377 653 1429 687 Qui
1449 661 1515 681 vero
1539 658 1633 682 contra
1652 655 1710 682 hate

925 698 1063 733 sportulas
1079 699 1191 733 ceperit,
1208 699 1320 733 duplum
1346 699 1454 725 reddit:
1473 704 1499 725 et
1517 699 1539 726 si
1565 699 1591 726 in
1612 700 1710 727 militia

925 743 1077 780 [quapiam]
1091 744 1138 777 sit,
1153 743 1262 778 cingulo
1276 744 1397 777 privatur
1415 751 1422 770 :
1442 742 1465 770 si
1487 743 1613 777 clericus,
1628 743 1712 779 depo-

926 791 1009 817 nitur.
1027 790 1178 825 Episcopus
1193 797 1281 824 neque
1298 793 1409 824 propter
1419 790 1605 824 pecuniariam
1623 798 1711 827 neque

925 841 1037 870 propter
1064 835 1231 863 criminalem
1257 842 1386 868 causam,
1415 835 1484 862 citra
1507 836 1710 871 imperatoriam

925 880 1096 915 jussionem.
1111 881 1221 908 ducitur
1238 884 1285 907 aut
1309 879 1427 907 sistitur.
1451 880 1502 913 Qui
1527 888 1592 908 vero
1616 885 1712 908 contra

928 926 979 953 hoc
993 930 1040 953 aut
1053 934 1102 960 per
1119 926 1280 961 scripturam
1296 929 1344 951 aut
1361 925 1431 952 citra
1443 927 1607 961 scripturam
1621 927 1712 961 jusse-

927 972 973 1004 rit,
986 972 1066 1008 246
1081 977 1108 1000 et
1122 973 1231 1008 cingulo
1243 973 1385 1007 spoliatur,
1407 977 1434 1000 et
1451 973 1546 1008 viginti
1563 972 1640 999 libris
1654 972 1708 999 Ec-

927 1016 1018 1044 clesia:
1035 1017 1155 1051 episcopi
1174 1016 1368 1053 [applicandis]
1389 1017 1542 1045 multatur:
1566 1022 1712 1045 exsecutor

927 1067 1018 1090 autem
1046 1063 1156 1098 cingulo
1179 1063 1343 1096 denudatur,
1369 1068 1397 1092 et
1414 1064 1558 1092 tormentis
1585 1064 1712 1091 subditus

927 1108 1181 1142 exsularejubetur.
1199 1108 1234 1136 Et
1249 1113 1335 1137 const.
1355 1109 1399 1142 17,
1418 1109 1460 1137 tit.
1489 1109 1502 1135 1
1517 1108 1710 1136 Novellarum:

928 1152 995 1180 Cum
1010 1153 1154 1188 episcopus
1174 1153 1284 1190 [inquit]
1304 1158 1462 1187 accusatur,
1486 1154 1714 1190 metropolitanus

926 1199 1042 1234 iudicat.
1059 1198 1088 1227 Si
1106 1208 1171 1228 vero
1193 1201 1421 1236 metropolitanus
1444 1205 1601 1234 accusetur,
1626 1200 1713 1235 ipsius

928 1244 1084 1279 patriarcha
1099 1246 1251 1280 cognoscit.
1285 1245 1338 1273 Sed
1361 1245 1385 1273 si
1403 1245 1522 1273 clericus
1545 1249 1593 1272 aut
1616 1252 1714 1272 mona-

928 1291 1008 1324 chus,
1024 1291 1085 1326 ejus
1100 1292 1255 1327 episcopus.
1278 1291 1330 1325 Qui
1344 1296 1434 1319 autem
1455 1291 1587 1326 deliquit,
1608 1291 1713 1326 judicio

929 1337 987 1371 ejus
1010 1337 1057 1372 qui
1087 1337 1223 1374 [causam]
1242 1338 1393 1370 examinat,
1419 1338 1569 1365 secundum
1593 1345 1713 1365 canones

929 1383 1087 1418 castigatur.
1109 1383 1196 1411 Porro
1219 1383 1325 1411 novella
1353 1383 1414 1416 154,
1440 1383 1475 1411 de
1504 1383 1614 1411 vicariis
1636 1383 1713 1414 dicit,

929 1429 1000 1464 quod
1016 1430 1166 1457 monastria
1186 1437 1234 1465 per
1247 1430 1349 1457 nullam
1363 1430 1499 1457 actionem
1514 1436 1529 1456 e
1548 1436 1599 1457 suo
1613 1436 1713 1456 mona-

930 1475 1015 1502 sterio
1036 1475 1170 1502 trahatur.

965 1533 1041 1562 CAP.
1063 1534 1094 1561 ll.
1111 1550 1145 1555 —-
1156 1534 1226 1568 Quot
1253 1534 1292 1561 uel
1311 1534 1420 1569 quinam
1435 1534 1519 1561 dicere
1535 1534 1714 1561 testimonium

891 1579 914 1609 C
930 1584 1025 1616 queant
1038 1579 1163 1607 adversus
1178 1580 1312 1615 episcopos
1329 1584 1376 1606 aut
1391 1580 1509 1606 clericos.

1140 1627 1326 1660 Apostolorum
1340 1633 1423 1653 canon
1440 1625 1484 1652 75.

965 1672 1000 1700 75
1011 1671 1078 1708 [74].
1095 1673 1124 1699 ln
1141 1673 1326 1700 testimonium
1337 1671 1468 1700 adversus
1479 1670 1637 1705 episcopum
1657 1670 1714 1698 bie-

931 1719 1032 1746 reticus
1053 1726 1086 1746 ne
1105 1718 1265 1746 admittatur
1279 1726 1286 1751 ;
1305 1718 1352 1746 sed
1370 1725 1421 1745 nec
1433 1725 1504 1745 unus
1518 1718 1593 1744 solus
1610 1715 1714 1743 ﬁdelis;

931 1764 965 1791 In
980 1773 1025 1792 ore
1041 1765 1113 1791 enim
1125 1764 1239 1791 duorum
1258 1763 1298 1791 vel
1323 1763 1404 1791 trium
1419 1763 1524 1790 tertium
1547 1761 1626 1789 stabit
1640 1769 1716 1788 omne

930 1810 1046 1836 uerbum.

966 1856 1077 1883 Consilii
1094 1856 1313 1891 Carthaginensis
1330 1863 1441 1882 canones
1454 1854 1500 1889 ΞΟ,
1516 1853 1560 1886 59.
1579 1854 1642 1881 151.

967 1900 1006 1927 De
1016 1901 1173 1936 presbyteris
1187 1905 1211 1928 et
1227 1900 1328 1927 clericis
1343 1899 1484 1926 accusatis.

966 1990 1011 2017 20.
1029 1989 1057 2016 Si
1070 1988 1224 2024 presbyteri
1238 1993 1266 2015 et
1281 1987 1399 2019 diaconi,
1417 1991 1472 2019 etc,
1492 1992 1520 2014 ut
1539 1995 1599 2022 pag.
1621 1986 1685 2015 706.

966 2077 998 2105 Ut
1013 2076 1102 2104 clerici
1112 2076 1144 2104 de
1156 2076 1250 2108 iudicii
1265 2076 1307 2102 sui
1319 2075 1468 2110 cognitione
1478 2083 1531 2102 non
1550 2080 1678 2109 cogantur
1690 2075 1716 2100 in

78 2119 204 2151 οἰκείας
218 2116 317 2144 αὐτῶν
331 2118 466 2152 κρίσεως,
482 2119 525 2153 μὴ
544 2117 761 2153 ἀναγκάζεσθαι
791 2116 876 2152 δημο-

932 2124 1034 2158 publica
1047 2123 1132 2150 dicere
1148 2122 1325 2149 testimonium
1344 2121 1412 2156 (91),

76 2166 165 2198 σιως
172 2164 343 2199 μαρτυρεῖν.

122 2208 176 2236 νθ’.
191 2210 237 2236 Δεῖ
259 2210 367 2245 αἰτῆσαι
380 2209 421 2236 ἔτι
435 2208 488 2244 μὴν
508 2208 551 2236 ἴνα
562 2208 651 2244 ὁρίσαι
666 2207 880 2240 καταξιώσωσιν,

968 2214 1011 2242 59.
1038 2214 1183 2242 Pctendum
1195 2214 1219 2231 '°
1235 2214 1317 2241 etiam
1332 2233 1339 2246 ,
1365 2217 1396 2240 ut
1414 2217 1534 2241 statuere
1560 2212 1715 2248 dignentur,

74 2258 162 2285 ὥστε
186 2257 234 2284 ἐάν
260 2265 332 2288 τινες
356 2257 385 2283 ὲν
417 2256 564 2291 Ἐκκλησία
598 2256 760 2290 οἱανδήποτε
787 2254 876 2281 αἰτίαν

932 2266 962 2288 ut
977 2260 998 2287 si
1018 2260 1065 2295 qui
1080 2259 1150 2287 forte
1167 2259 1194 2287 in
1217 2259 1333 2287 ecclesia
1356 2257 1505 2294 quamlibet
1525 2247 1634 2285 causam
1655 2257 1717 2292 jure.

72 2301 264 2337 ἀποστολικῷ
276 2301 373 2336 δικαίῳ
388 2300 427 2336 τῷ
441 2302 501 2332 ταῖς
516 2300 690 2335 Ἐκχλησίαις
712 2298 878 2333 ἐπικειμένῳ

71 2348 230 2384 γυμνάσαι
245 2347 390 2382 θελήσωσι,
406 2347 451 2373 καὶ
469 2347 534 2378 ἴσως
548 2347 564 2381 ὴ
576 2346 647 2381 τομὴ
660 2345 714 2373 τῶν
739 2345 877 2380 κληρικῶν

70 2394 128 2430 τῷ
143 2394 186 2421 ἑνὶ
199 2394 277 2429 μέρει
292 2393 436 2429 ἁπαρέσοι,
454 2392 491 2428 μὴ
503 2392 601 2424 ὲξείναι
619 2392 688 2427 πρὸς
703 2391 878 2427 δικαστήριον

70 2441 130 2472 εἰς
150 2439 304 2474 μαρτυρίαν
319 2438 513 2473 προκαλεῖσθαι
536 2437 581 2464 τὸν
602 2437 733 2474 κληρικὺν
762 2438 876 2470 ἐκεῖνον,

67 2485 138 2513 τὸν
171 2484 303 2520 πρότερον
319 2484 348 2510 τὸ
373 2484 438 2510 αὑτδ
460 2485 578 2519 πρᾶγμα
603 2483 811 2519 σκοπήσανταῆ
832 2484 880 2509 καὶ

72 2529 274 2564 σκοπουμένῳ
289 2529 481 2564 παρατυχόντα
497 2539 503 2546 -
519 2530 564 2556 καὶ
589 2529 632 2556 ἵνα
660 2529 727 2564 μηδὲ
742 2528 880 2565 προσώπῳ

67 2576 132 2607 τίς
157 2575 306 2610 προσήκων
336 2575 566 2611 ὲκκλησιαστικῷ,
587 2575 715 2610 ὲναχοείη
745 2574 810 2610 περὶ
832 2574 880 2602 τοῦ

67 2621 213 2656 ὀφείλειν
229 2622 388 2656 μαρτυρεῖν.

179 2665 268 2699 Τίνας
279 2666 326 2693 δεῖ
336 2667 554 2701 προσδέχεσθαι
568 2667 611 2698 εἰς
623 2666 799 2700 μαρτυρίαν.

128 2712 201 2747 pla’.
210 2712 358 2748 Μάρτυρας
366 2713 395 2738 δὲ
405 2711 470 2747 πρὸς
482 2713 631 2748 μαρτυρίαν
643 2713 681 2747 μὴ
687 2712 880 2748 προσδέχεσθαι

128 2800 154 2815 ³⁸
164 2800 250 2828 Cone.
267 2800 393 2836 Cartliag.
407 2809 432 2834 v,
447 2808 506 2835 cap.
524 2801 566 2828 l5.
584 2799 666 2827 Afric.
681 2807 707 2827 (ι.
723 2799 748 2826 6.

932 2307 1080 2341 apostolico
1112 2306 1234 2333 ecclesiis
1262 2305 1392 2340 imposito
1418 2311 1497 2339 agere
1512 2303 1664 2335 voluerint,
1691 2307 1718 2330 ct

930 2352 1047 2380 fortasse
1059 2352 1180 2380 decisum
1198 2351 1259 2388 [ηις.
1275 2350 1388 2386 decisio]
1400 2349 1560 2377 clericorum
1575 2350 1621 2377 uni
1648 2350 1718 2384 parti

939 2396 1126 2432 displicuerit;
1149 2404 1201 2423 non
1231 2396 1311 2424 liceat
1336 2395 1464 2423 clericum
1489 2394 1516 2421 in
1536 2394 1665 2427 iudicium
1683 2396 1718 2422 ad

932 2443 1118 2470 testimonium
1136 2442 1262 2470 devocari
1284 2441 1364 2477 247
1382 2449 1443 2468 eum
1454 2462 1462 2474 ,
1474 2442 1520 2475 qui
1538 2441 1662 2476 cognitor
1676 2441 1717 2468 rel

933 2496 1054 2524 prmaens
1080 2488 1161 2516 fuerit
1175 2497 1181 2515 :
1197 2492 1224 2515 et
1246 2487 1306 2524 [ms.
1327 2489 1368 2522 ut]
1380 2487 1454 2514 nulla
1480 2487 1513 2514 ad
1529 2487 1716 2514 testimonium

930 2535 1076 2562 dicendum
1105 2534 1281 2562 ecclesiastici
1303 2534 1450 2569 cujuslibet
1474 2540 1591 2568 persona
1623 2533 1717 2568 pulse-

932 2585 985 2607 tur.

965 2665 1017 2698 Qui
1030 2670 1064 2691 ad
1080 2652 1257 2692 testimonium
1270 2664 1437 2691 admittendi.

974 2711 1034 2739 151.
1059 2710 1154 2739 Testes
1172 2716 1264 2738 autem
1293 2711 1326 2738 ad
1347 2710 1532 2738 testimonium
1551 2715 1604 2736 non
1621 2707 1720 2735 admit-

133 2880 250 2915 (91)Al.
280 2880 315 2907 De
347 2880 447 2907 clericis
482 2879 516 2905 ad
544 2878 719 2906 testimonium
754 2886 803 2905 non
818 2878 963 2914 pulsandis.
