1954 3080
135 171 185 203 721

549 171 748 202 SYNTAGMA
767 170 959 201 CANONUM.
975 183 1009 189 ’-
1021 171 1096 201 ΤΙΤ.
1114 171 1167 208 ΙΧ,
1186 171 1266 201 CAP.
1285 170 1381 200 III-V.

1703 167 1756 198 722

135 226 274 263 ρᾳθυμίαν
309 226 390 253 αὐτοῦ
423 227 477 253 ἀπὸ
504 228 646 259 κοινωνίας
680 227 835 263 γενόμενος,
863 228 917 254 εἴτε

986 228 1222 254 xcommnuicatus
1251 226 1332 253 fuerit
1359 233 1407 260 pro
1437 231 1487 252 suo
1519 224 1664 259 neglectu,
1696 224 1755 251 sive

135 272 294 306 ἐπίσκοπος,
324 271 379 298 εἴτε
405 272 561 308 οίοσδήποτε
582 273 723 308 κληρικὸς,
751 272 798 300 ἐὰν
827 274 856 299 ὲν
881 273 921 309 τῷ

984 273 1125 307 ερῑεοοριιε,
1138 272 1194 300 sive
1208 271 1321 306 quilibet
1332 271 1458 302 clericus,
1470 275 1495 297 ct
1508 274 1629 305 tempore
1643 276 1755 296 excomm

135 317 223 353 καιρῷ
239 317 289 353 τῆς
308 317 504 352 ἀκοινωνησίας
526 317 620 351 αὑτοῦ,
646 318 699 354 πρὸ
713 318 760 345 τοῦ
787 318 921 354 ἀκουσθῆ-

136 372 191 396 ναι,
203 364 244 395 είς
260 364 404 391 κοινωνίαν
419 364 559 399 τολμήσοι,
583 364 664 395 αὐτὸς
678 365 738 391 καθ’
753 364 852 391 ἑαυτοῦ
871 364 921 400 τὴν

135 409 224 444 ψῆφον
236 409 285 444 τῆς
302 409 449 444 καταδίκης
462 409 648 445 ἐξενηνοχέναι
660 411 753 446 κριθῇ.

223 454 294 488 Περὶ
305 454 365 480 τῶν
379 454 653 490 καταδικαζομένων
670 455 832 490 κληρικῶν.

173 498 222 534 ξβ’,
235 499 355 529 κακεῖνο
369 499 409 526 δεῖ
422 501 532 535 αἰτῆσαι
549 501 592 528 ἵνα
602 501 691 535 ὁρίσαι
706 501 922 535 καταξιώσωσιν,

136 543 207 571 ὥστε
234 545 365 581 κληρικὸν
387 547 550 582 οἱασδήποτε
572 547 655 582 τιμῆς
669 548 848 582 τυγχάνοντα,
875 547 923 574 ἐπὶ

135 590 283 626 οιῳδήποτε
297 590 452 626 ἐγκλήματι
468 593 502 627 τῇ
517 592 571 619 τῶν
593 593 751 619 ἐπισκόπων
764 593 854 628 κρίσει
869 602 921 621 κα-

135 635 341 667 ταδικασθέντα,
359 637 396 671 μὴ
417 635 516 668 ἐξεῖναι
528 636 573 662 τὸν
591 637 682 670 αὑτὸν,
703 637 758 663 εἴτε
773 638 848 672 παρὰ
872 638 923 673 τῆς

142 680 306 716 Ἐκκλησίας
336 678 371 717 ἧς
397 681 539 718 ὑπῆρχεν,
569 682 623 709 εἴτε
653 682 729 718 παρὰ
763 682 923 718 οίουδήποτε

136 726 292 763 ἀνθρώπου,
323 727 514 754 διεκδικετσθαι
527 736 534 743 ·
547 728 642 763 ποινῆς
660 728 706 754 ἐπὶ
729 728 816 763 τούτῳ
831 737 920 763 παρα-

135 772 272 807 τεθείσης,
288 767 389 808 ζημίας
418 774 566 809 χρημάτων
583 782 613 800 τε
639 774 687 801 καὶ
716 774 800 810 τιμῆς
820 781 827 788 ·
847 775 922 806 ὅπως

137 819 206 855 μηδὲ
234 819 329 854 κείραν
354 819 422 855 μηδὲ
446 819 527 854 φύσιν
556 818 744 855 ἀπολογητέαν
772 817 843 847 εἶναι
877 828 924 846 κε⁸

135 864 262 891 λεύωσιν.

169 908 219 936 οθ’.
233 908 304 944 Hspl
316 909 376 936 τῶν
385 910 429 945 μὴ
444 911 659 945 φροντιζόντων
672 911 822 946 κληρικῶν
835 911 922 945 ἐντὸς
938 903 959 931 Β

135 954 274 982 ἐνιαυτοῦ
289 955 399 990 πρᾶξαι
420 956 453 983 τὸ
469 956 548 985 ἴδιον
562 957 693 993 πρᾶγμα.

172 1001 258 1028 Πάλιν
271 1001 375 1038 ὡρίσθη
388 1002 433 1029 ἵνα
443 1003 537 1036 ὁσάκις
560 1004 699 1040 κληρικῶν
727 1003 922 1038 ἐλεγχθέντων,

135 1047 184 1075 καὶ
205 1047 399 1083 διατιθεμένων
416 1051 478 1076 τινὰ
506 1049 679 1084 ἐγκλήματα,
699 1048 756 1075 εἴτε
770 1048 815 1074 διὰ
830 1049 859 1075 τὸ
873 1049 923 1083 τῆς

143 1093 305 1129 Ἐκκλησίας
336 1094 446 1128 ὄνειδος,
472 1094 527 1121 εἴτε
539 1095 583 1122 διὰ
597 1096 647 1131 τὴν
664 1094 869 1129 αἰδεσιμότητα,
886 1091 923 1120 ὧν

134 1139 215 1175 χάριν
223 1139 326 1171 τούτοις
334 1140 417 1174 φειδὼ
427 1141 542 1175 γίνεται,
553 1141 608 1168 εἴτε
624 1141 668 1168 διὰ
676 1142 725 1177 τὴν
734 1141 852 1173 ἀλαζόνα
868 1141 922 1167 τῶν

134 1185 282 1220 αἱμτικῶν
289 1185 335 1212 καὶ
349 1186 462 1213 ἐθνικῶν
471 1186 673 1222 ὲπιγαυρίασιν,
679 1187 726 1215 ἐὰν
732 1188 771 1219 ὡς
779 1188 849 1219 είκδς
856 1188 924 1214 ἐπα-

135 1231 303 1266 γωνίσασθαι
311 1231 350 1267 τῷ
360 1231 416 1267 ίδίῳ
422 1232 575 1268 πράγματι,
586 1233 634 1259 καὶ
644 1233 692 1268 τῆς
700 1233 769 1265 ιδίας
778 1232 924 1264 ἀδλαῦείας

135 1276 278 1313 φροντίσαι
302 1276 462 1312 θελήσωσιν,
485 1277 560 1308 ἐντὸς
573 1277 771 1313 ἀχοινωνησίας
799 1278 923 1304 ἐνιαυτοῦ

134 1323 215 1350 τοῦτο
229 1324 379 1359 ποιήσωσιν
392 1331 399 1339 ·
420 1323 467 1350 ἐὰν
478 1324 506 1350 δὲ
522 1324 597 1355 ἐντὸς
623 1323 746 1351 ἐνιαυτοῦ
763 1323 792 1350 τὺ
807 1324 924 1358 πρᾶγμα

136 1370 227 1396 αὐτῶν
256 1370 377 1404 καθᾶραι
402 1370 642 1404 καταφρονήσωσι,
672 1369 796 1405 μηδεμία
822 1368 926 1395 τούτων

135 1415 184 1443 τοῦ
199 1415 292 1443 λοιποῦ
308 1415 384 1451 φωνὴ
402 1415 544 1447 παντελῶς
561 1414 749 1451 προσδεχθείη.

175 1461 300 1489 Ὀτιούκ
324 1462 437 1496 ὀφείλει
454 1461 512 1488 τῶν
530 1461 751 1496 ἐπιλεγομένων
776 1458 927 1487 δικαστῶν

147 1507 168 1541 ἠ
179 1507 279 1542 γνώμη
292 1506 522 1540 ἑξουθενεῖσθαι.

175 1553 242 1588 ρκβ·.
256 1553 333 1580 Κατὰ
340 1553 367 1579 δὲ
380 1552 435 1580 τῶν
445 1552 577 1580 δικαστῶν
585 1552 639 1580 τῶν
649 1553 719 1580 κατὰ
726 1553 818 1589 κοινὴν
834 1555 926 1582 συναί-

138 1605 213 1625 νεσιν
226 1598 417 1632 ὲπιλεγέντων,
436 1598 473 1634 μὴ
488 1598 586 1630 ἐξεῖναι
602 1599 788 1633 ἰκκαλεῖσθαι,
805 1601 878 1632 ὅστις
897 1601 926 1630 δὲ

138 1638 238 1679 δήποτε
255 1643 427 1679 ἀποδειχθείη
440 1643 486 1671 διὰ
511 1644 673 1679 μονοτονίαν
699 1645 737 1681 μὴ
761 1646 849 1673 θέλειν
873 1647 928 1678 τοῖς

138 1690 279 1721 δικασταῖς
296 1689 479 1725 πειθαρχῆσαι
497 1699 504 1706 ⁸
519 1691 598 1718 τοῦτο
609 1692 752 1726 γινώσκων
765 1693 779 1719 ὁ
793 1692 843 1727 τῆς
854 1692 930 1728 πρώ-

139 1744 191 1772 της
215 1735 349 1770 καθέδρας
376 1736 537 1770 ἐπίσκοπος,
565 1736 646 1764 δώσει
671 1738 834 1774 γράμματα,
857 1737 929 1765 ὥστε

142 1781 247 1817 μηδένα
271 1781 326 1808 τῶν
348 1781 510 1809 ἐπισκόπων
532 1782 606 1817 αὺτῷ
630 1783 804 1819 κοινωνῆσαι,
817 1782 870 1816 ἕως
898 1779 929 1810 οὗ

141 1828 287 1863 πειθαρχῇ.

177 1875 302 1902 ΚΕΦΔΔ.
316 1874 354 1902 Ε¹.
372 1890 407 1895 -
421 1874 492 1909 Περὶ
509 1874 601 1902 δικῶν
611 1874 785 1905 ἐπισκόπων
798 1876 847 1904 καί
859 1877 930 1911 κλη-

137 1920 242 1957 ρικῶν.

358 1967 387 1995 Ἀ
392 1967 553 1995 ποθ-τύλων
564 1967 664 1995 κανὼν
676 1967 723 1996 οδί.

179 2010 210 2038 οδ
219 2031 226 2038 .
240 2012 404 2041 Ἐπίσκοπον
415 2013 649 2049 κατηγορηθέντα,
666 2021 694 2041 κ.
710 2021 737 2039 τ.
750 2012 775 2039 λ.

259 2099 395 2127 Συνόδου
412 2100 592 2134 Ἀντιοχείας
604 2101 706 2128 κανὼν
720 2099 749 2127 ιδ’
766 2101 808 2127 ιε’.

181 2142 223 2170 ιδ’.
235 2144 268 2171 Εἴ
296 2153 339 2176 τις
355 2145 504 2177 ἐπίσκοπος
518 2146 564 2172 ἐπί
576 2154 646 2173 τισιν
661 2146 814 2181 ἐγκλήμασι
829 2146 927 2182 κρίνοι,

140 2189 237 2222 ἔπειτα
257 2190 376 2226 συμὸαίη
396 2192 460 2227 περὶ
486 2191 569 2218 αὑτοῦ
594 2192 739 2227 διαφωνεῖν
752 2193 815 2225 τοὺς
839 2193 869 2219 ὲν
895 2194 928 2229 τῇ

972 319 1163 347 municationis
1184 318 1266 353 25.9
1281 325 1338 345 sum
1362 321 1424 344 ante
1439 316 1606 343 audientiam
1633 323 1755 343 commu-

972 366 1082 394 nionem
1107 364 1310 400 prmsumpserit
1327 384 1334 397 ,
1370 363 1429 398 ipse
1459 362 1485 389 in
1513 370 1542 389 se
1573 360 1756 389 damnationis

969 412 1107 448 iudicetur
1122 411 1269 446 protulisse
1285 409 1457 438 sententiam.

1186 457 1222 483 De
1238 456 1342 483 clericis
1358 455 1503 482 damnatis.

1004 503 1049 531 6‘2.
1065 503 1098 530 Et
1110 503 1175 530 illud
1184 503 1206 518 "
1221 501 1378 537 petendum,
1405 504 1434 527 ut
1457 504 1576 527 statuere
1600 499 1755 534 dignentur,

974 554 1003 577 ut
1026 549 1049 576 si
1067 549 1129 584 quis
1144 547 1294 582 cujuslibet
1315 545 1427 573 honoris
1447 545 1562 572 clericus
1576 543 1679 578 judicio
1700 542 1758 577 epi-

973 602 1120 629 scoporum
1137 599 1302 628 quocunque
1314 591 1430 619 crimine
1445 590 1528 617 fuerit
1537 589 1692 620 damnatus,
1702 595 1758 614 non

973 640 1054 667 liceat
1068 647 1130 666 eum
1147 639 1205 666 sive
1219 638 1253 665 ab
1268 637 1396 664 Ecclesiis
1413 636 1512 671 quibus
1525 633 1640 670 praefuit,
1664 634 1722 662 sive
1739 641 1754 660 a

974 684 1095 719 quolibet
1110 683 1219 711 homine
1235 681 1380 713 defensari,
1396 681 1552 716 interposita
1561 687 1641 716 poena
1651 678 1755 709 damni,

974 730 1106 765 pecuniae,
1135 733 1217 763 atque
1239 727 1371 759 honoris,
1398 734 1452 760 quo
1474 734 1524 753 nec
1545 730 1652 756 aetatem
1667 745 1675 758 ,
1707 732 1759 752 nec

974 783 1068 804 sexum
1082 775 1267 804 excusandum
1278 780 1338 802 esse
1353 772 1520 808 praecipiant.

1011 924 1050 952 De
1064 923 1165 951 clericis
1183 922 1229 958 qui
1257 923 1329 950 intra
1350 929 1449 949 armum
1464 928 1571 948 causam
1586 928 1663 947 suam
1682 928 1758 955 agere

975 977 1027 996 non
1049 967 1229 1003 procurarint‘.

1011 1014 1055 1042 79.
1073 1013 1179 1042 Rursus
1203 1013 1382 1041 constitutum
1407 1012 1480 1047 est,“
1497 1012 1566 1047 (95),
1594 1015 1624 1039 ut
1651 1010 1759 1046 quoties

974 1061 1080 1088 clericis
1095 1060 1228 1087 convictis
1256 1066 1283 1087 et
1310 1059 1446 1087 confessis
1469 1059 1498 1086 in
1519 1058 1612 1093 aliquo
1631 1057 1757 1088 crimine,

975 1106 1016 1133 vel
1031 1110 1140 1140 propter
1160 1112 1267 1138 eorum,
1283 1111 1400 1140 quorum
1430 1103 1601 1131 verecundia:
1629 1102 1759 1137 parcitur,

974 1151 1015 1178 vel
1038 1155 1147 1185 propter
1166 1149 1295 1178 Ecclesiae
1313 1149 1502 1184 opprobrium,
1525 1153 1573 1176 aut
1595 1148 1759 1176 insolentem

976 1195 1181 1222 insultationem
1207 1194 1400 1222 haereticorum
1433 1198 1516 1228 atque
1545 1193 1710 1228 gentilium,
1737 1193 1761 1220 si

975 1241 1046 1269 forte
1059 1249 1149 1268 causa:
1172 1248 1230 1268 suae
1246 1240 1344 1268 adesse
1357 1239 1504 1273 voluerint,
1522 1244 1549 1267 et
1575 1239 1759 1266 innocentiam

975 1294 1054 1314 suam
1077 1294 1213 1319 asserere,
1238 1286 1310 1314 intra
1334 1293 1436 1313 annum
1467 1284 1762 1315 excommunicationis

977 1333 1027 1359 hoc
1049 1332 1169 1360 faciant:
1185 1332 1207 1359 si
1224 1339 1287 1360 vero
1312 1331 1385 1359 intra
1410 1338 1512 1358 annum
1548 1337 1660 1359 causam
1683 1337 1762 1358 suam

975 1386 1092 1414 purgare
1115 1379 1340 1414 contempserint,
1362 1378 1436 1405 nulla
1463 1384 1558 1405 eorum
1582 1383 1641 1404 vox.
1668 1379 1763 1412 postea

976 1425 1085 1460 penitus
1098 1425 1234 1452 audiatur.

1021 1470 1098 1503 Quod
1126 1470 1268 1498 electorum:
1289 1470 1412 1505 judicum
1438 1469 1567 1497 sententia
1593 1466 1681 1504 ψεγηί
1710 1475 1763 1495 nou

977 1516 1079 1543 debeat.

1033 1561 1094 1589 122.
1119 1561 1148 1590 A.
1165 1560 1304 1597 iudicibus
1330 1564 1420 1589 autem
1448 1561 1490 1594 ",
1513 1567 1583 1596 quos
1609 1559 1764 1588 communis

979 1615 1129 1636 consensus
1147 1607 1268 1642 elegerit,
1285 1614 1339 1634 non
1363 1606 1442 1634 liceat
1458 1613 1615 1641 provocare.
1632 1606 1666 1634 Et
1685 1605 1763 1641 quis-

978 1653 1041 1689 quis
1071 1657 1233 1688 provocatus
1259 1656 1382 1688 repertus
1405 1652 1487 1682 fuerit
1500 1660 1548 1687 per
1562 1651 1764 1680 contumaciam

980 1700 1051 1727 nolle
1066 1699 1255 1733 obtemperare
1270 1698 1420 1733 judicibus,
1436 1705 1497 1725 cum
1514 1698 1567 1724 hoc
1583 1697 1679 1732 primae
1692 1697 1765 1725 sedis

979 1746 1106 1782 episcopo
1120 1744 1203 1773 fuerit
1216 1744 1374 1779 probatum,
1391 1743 1437 1771 det
1455 1743 1570 1775 litteras,
1588 1749 1618 1770 ut
1634 1743 1726 1771 nullus
1740 1743 1765 1770 ei

979 1791 1164 1819 communicet
1180 1790 1383 1826 episcoporum,
1398 1789 1484 1817 donec
1496 1789 1677 1823 obtemperet.

1015 1877 1210 1917 250.\CAP.
1225 1876 1260 1906 Ἰ.
1284 1893 1319 1898 -
1330 1876 1369 1905 De
1381 1877 1563 1913 episcoporum
1575 1881 1600 1904 et
1612 1875 1767 1904 clericorum

977 1924 1099 1960 iudiciis.

1203 1969 1389 2003 Apostolorum
1402 1977 1487 1997 canon
1499 1969 1544 1997 74.

974 2013 1005 2041 74
1016 2013 1086 2051 [75.]
1102 2013 1266 2050 Episcopum
1278 2023 1294 2042 a
1304 2014 1371 2042 viris
1385 2015 1448 2048 fide,
1459 2019 1523 2048 etc.,
1537 2019 1566 2042 ut
1579 2021 1641 2050 pag.
1651 2013 1715 2046 698.

1109 2103 1224 2132 Concilii
1237 2103 1392 2131 Antiocheni
1411 2112 1523 2131 canones
1537 2103 1581 2137 Η,
1597 2105 1643 2132 15.

1016 2150 1059 2178 14.
1073 2150 1103 2179 Si
1115 2151 1177 2186 quis
1189 2151 1335 2186 episcopus
1343 2151 1379 2178 ob
1390 2150 1480 2185 aliqua
1489 2151 1603 2178 crimina
1616 2150 1737 2185 judicetu
1743 2159 1765 2184 r,

981 2196 1078 2224 deinde
1097 2196 1238 2231 contingat
1256 2196 1410 2231 episcopos.
1431 2196 1477 2231 qui
1492 2201 1556 2223 sunt
1573 2196 1599 2222 in
1615 2196 1765 2231 provincia,

141 2236 263 2272 ἐπαρχίᾳ
294 2237 470 2270 ἐπισκόπους,
492 2237 547 2264 τῶν
566 2237 615 2272 μὲν
642 2237 729 2264 ἀθῶον
743 2237 823 2265 αὑτὸν
836 2239 926 2274 κρινό-

984 2241 1014 2269 de
1028 2249 1061 2269 eo
1073 2241 1226 2273 dissentire,
1250 2241 1304 2268 illis
1329 2241 1440 2276 quidem
1457 2248 1530 2274 eum,
1554 2241 1588 2268 de
1610 2248 1664 2276 quo
1680 2240 1768 2268 fertur

142 2290 223 2316 μενον
239 2282 454 2316 ἀποφαινόντων,
471 2283 525 2310 τῶν
539 2283 568 2309 δὲ
594 2283 695 2318 ἔνοχον,
711 2283 779 2319 ὑπὲρ
806 2284 928 2311 ἀπαλλα-

140 2329 194 2363 γῆς
221 2327 312 2363 πάσης
341 2329 572 2364 ἀμφισϐητήσεως
587 2328 667 2363 ,ἔδοξε
685 2331 718 2365 τῇ
747 2329 813 2365 ἁγίᾳ.
829 2329 929 2365 συνόδῳ

140 2374 188 2400 τὸν
209 2374 258 2408 τῆς
277 2374 471 2409 μητροπόλεως
502 2375 662 2408 ἐπίσκοπον,
685 2375 740 2401 ἀπὸ
752 2376 802 2411 τῆς
817 2375 928 2410 πλησιο-

139 2419 231 2455 χώρου
245 2421 379 2456 ἐπαρχίας
395 2420 607 2455 μετακαλεῖσθαι
631 2420 741 2457 ἑτέρους
769 2421 846 2453 τινὰς
865 2422 927 2454 τοὺς

140 2466 350 2501 ὲπικρινοῦντας
373 2467 420 2493 καὶ
437 2467 487 2503 τὴν
510 2467 716 2503 ἀμφισὸήτησιν
738 2467 925 2501 διαλύσοντας¹

144 2511 194 2538 τοῦ
219 2511 368 2547 βεϐαιῶσαι
389 2514 438 2540 σὺν
452 2514 508 2545 τοῖς
522 2513 555 2540 ὲκ
571 2515 620 2549 τῆς
635 2513 769 2549 ἐπαρχίας
793 2513 825 2542 τὸ
853 2521 921 2549 παρ-

140 2558 295 2593 ιστάμενον.

176 2605 254 2632 ti—‘JE!
260 2606 301 2637 τῖς
311 2605 460 2638 ἐπίσκοπος
470 2606 516 2633 ὲπί
528 2615 598 2633 τισιν
607 2606 689 2642 ὲγκλή
694 2615 759 2642 μασι
774 2614 928 2642 κατηγορη-

140 2650 210 2683 θεὶς,
239 2651 345 2687 κριθείη
364 2652 417 2678 ὑπὸ
433 2652 540 2679 πάντων
553 2651 611 2679 τῶν
625 2653 655 2679 ὲν
677 2653 711 2688 τῇ
726 2652 847 2688 ἐπαρχίᾳ
861 2652 925 2679 ἐπι·

982 2285 1133 2318 scntentia,
1152 2286 1323 2314 innocentem
1346 2286 1605 2320 pronuntiantibus,
1632 2286 1674 2314 his
1703 2293 1767 2314 vero

983 2338 1059 2359 reum
1078 2339 1085 2358 :
1103 2338 1151 2365 pro
1176 2335 1233 2358 tota
1253 2331 1442 2366 componenda
1466 2332 1653 2359 controversia
1676 2332 1767 2360 visum

981 2381 1024 2404 est
1039 2381 1139 2404 sanctae
1151 2376 1265 2412 synodo,
1284 2381 1314 2405 ut
1324 2377 1552 2411 metropolitanus
1573 2377 1722 2412 episcopus
1733 2384 1768 2405 ex

982 2423 1135 2458 propinqua
1149 2422 1287 2458 provincia
1303 2423 1372 2450 alios
1396 2427 1492 2450 evocet
1517 2422 1713 2457 iudicaturos,
1741 2426 1770 2450 et

982 2469 1197 2498 controversiam
1224 2469 1386 2501 decisuros,
1413 2473 1440 2499 et
1463 2476 1526 2499 cum
1551 2469 1766 2504 Provincialibus

982 2515 1055 2551 quod
1070 2515 1214 2550 probatum
1238 2515 1332 2548 fuerit,
1347 2515 1500 2543 confirmet.

1017 2603 1062 2631 15.
1083 2603 1113 2631 Si
1130 2603 1193 2638 quis
1204 2604 1350 2638 episcopus
1363 2603 1518 2638 aliquorum
1529 2603 1676 2631 criminum
1687 2610 1770 2632 ηοω-

978 2655 1065 2683 satus,
1082 2649 1165 2678 fuerit
1178 2649 1212 2678 ab
1231 2650 1359 2678 omnibus
1374 2650 1522 2685 provinciae
1544 2650 1682 2686 episcopis
1700 2657 1768 2677 con-

177 2707 202 2724 "
214 2707 300 2745 gone.
311 2708 439 2745 Carthag.
453 2716 513 2745 cap.
526 2709 559 2743 2;
577 2708 664 2738 Afric.
676 2717 702 2738 c.
716 2709 761 2737 29.
799 2709 824 2726 "
838 2708 922 2738 Cone.
937 2708 1065 2745 Carthag.
1079 2717 1105 2743 v,
1122 2716 1148 2737 c.
1163 2709 1212 2744 l2;
1235 2708 1318 2738 Afric.
1337 2717 1362 2738 c.
1387 2709 1432 2738 46.
1469 2709 1493 2727 ’⁸
1508 2708 1592 2738 Conc.
1609 2708 1720 2739 Milevit.
1735 2717 1765 2743 ιι,

143 2749 206 2779 cap.
219 2743 274 2776 at;
289 2743 377 2772 Afric.
393 2751 418 2772 c.
436 2745 481 2772 89.

180 2801 370 2840 (95_)_Qon§ule_
384 2802 580 2840 H_incmarum__
591 2803 618 2840 in
646 2805 727 2840 epist.
743 2804 789 2838 54,
814 2811 881 2833 ιοιη.
896 2804 927 2836 ΙΙ,

144 2845 206 2900 ρας.
223 2837 286 2865 821.
307 2837 460 2873 Capitulare
482 2838 620 2879 Benedicti
647 2837 693 2868 lib.
718 2849 746 2872 ν,
758 2847 818 2875 cap.
836 2841 885 2881 _57,
902 2845 930 2868 et

156 2873 193 2901 ib.
206 2879 255 2901 vn.
271 2879 331 2901 can.
357 2873 413 2901 i5:
431 2882 441 2900 ι
459 2873 631 2901 Manifestum
653 2879 695 2901 est
720 2876 841 2901 confiteri
867 2883 929 2901 cum

185 2892 193 2901 .
206 2879 255 2907 vn,
271 2879 331 2908 cap.
357 2876 413 2902 t3:
431 2882 441 2900 ι
460 2876 631 2902 Manifestum
653 2879 695 2904 est
720 2876 841 2904 confiteri
867 2883 929 2904 cum

983 2805 1018 2833 de
1027 2804 1153 2838 crimine,
1163 2805 1210 2841 qui
1225 2806 1330 2834 indulto
1342 2811 1369 2834 et
1379 2806 1504 2841 delegato
1516 2804 1620 2841 judicio
1633 2806 1767 2840 purgandi

984 2848 1014 2867 sc
1045 2839 1190 2870 occasione
1218 2849 1272 2869 non
1305 2842 1401 2869 utitur.
1420 2839 1523 2870 n‘ltem'
1539 2839 1698 2873 Gratianus;
1723 2841 1767 2875 to,

984 2875 1026 2909 lll,
1040 2880 1135 2911 quaest.
1153 2876 1180 2909 9,
1197 2877 1383 2911 Decernimus,
1399 2881 1453 2904 etc.
