1954 3080
210 135 263 168 723

785 139 916 169 ΡΠΟΤΙΙ
936 140 1188 172 PATRIARCH/E
1199 143 1253 172 ΟΡ.

1773 144 1829 178 724

211 193 364 225 damnatus,
380 197 406 220 et
424 200 519 221 omnes
534 200 616 220 unam
633 193 848 221 consentientem
862 195 988 222 adversus

1051 197 1164 229 ι’κόπων,
1178 197 1278 229 πάντες
1299 206 1328 224 τε
1357 198 1497 234 σύμφωνοι
1515 199 1581 234 μίαν
1600 201 1660 226 κατ’
1675 201 1757 229 αὐτοῦ
1786 203 1832 235 ἐξ-

211 246 272 266 eum
298 239 460 266 sententiam
484 239 614 273 tulerint,
642 240 665 267 is
683 247 717 267 ne
741 241 856 274 amplius
873 240 907 267 ab
931 241 991 268 aliis

208 285 355 320 judicetur,
370 285 416 313 sed
430 286 577 321 provincia:
591 286 779 322 episcoporum
794 286 871 314 ﬁrma
885 291 994 314 maneat

211 331 356 358 sententia.

315 375 430 402 Concilii
445 375 663 404 Chalcedonensis
683 385 767 403 canon
796 377 823 410 9,
840 377 885 404 ‘17.

246 419 272 446 9.
289 419 318 446 Si
337 421 399 454 quis
411 421 526 448 clericus
539 421 619 448 habet
636 430 696 448 cum
711 421 811 448 clerico
826 421 911 454 litem,
927 426 991 454 etc.,

210 469 239 491 ut
258 473 319 500 pag.
337 466 397 493 702.

246 511 290 538 17.
317 511 384 545 Quae
407 517 471 539 sunt
495 513 523 540 in
545 520 708 548 unaquaque
724 513 865 548 provincia
888 513 993 541 rurales

211 557 365 592 parochias,
383 563 447 589 etc.,
458 564 486 585 ut
499 566 560 593 pag.
577 558 640 586 650.

318 602 430 634 Concilii
447 602 614 632 Sardiccnsis
633 612 745 632 canones
763 604 790 635 5,
802 603 829 636 5,
843 604 886 631 14.

244 648 270 676 3.
289 647 371 677 Osius
383 649 527 684 episcopus
536 650 605 677 dixit
619 661 625 677 :
647 649 704 678 Hoc
717 657 826 685 qu0que
839 651 994 678 necessario

209 697 252 722 est
267 695 459 729 adjiciendum,
480 700 546 729 etc.,
559 702 586 722 ut
601 704 663 731 pag.
679 696 742 723 471.

245 740 272 767 5.
284 739 366 768 Osius
380 742 524 776 episcopus
537 742 605 769 dixit
622 752 628 769 :
644 741 761 775 Placuit,
782 747 811 770 ut
828 743 852 771 si
866 743 928 778 quis
938 743 994 778 epi-

209 792 309 820 scopus
321 786 426 813 delatus
437 785 528 819 luerit,
545 792 611 821 etc.,
627 792 656 813 ut
670 795 732 822 pag.
743 787 807 814 471.

244 830 322 865 251
362 831 570 866 Responderunt
587 832 704 867 episcopi
722 841 728 858 :
755 832 822 865 Quae
841 831 912 859 dicta
929 835 993 859 sunt

209 877 378 911 placuerunt.

244 923 288 950 M.
308 922 390 950 Osius
411 924 554 959 episcopus
569 924 655 951 dixit:
672 923 748 957 Quod
773 928 862 951 autem
885 930 928 950 me
943 930 990 950 un-

207 968 351 1002 dequaque
363 972 463 1001 movet,
479 969 592 996 reticere
607 976 659 995 non
677 969 772 995 debeo.
793 967 822 995 Si
839 967 991 994 inveniatur

206 1014 269 1047 quis
285 1013 431 1048 episcopus
452 1014 485 1040 ad
511 1013 578 1041 iram
605 1021 755 1049 propensus
776 1012 858 1049 (quod
880 1013 989 1047 quidem

205 1058 241 1085 ab
264 1059 399 1094 ejusmodi
428 1059 538 1086 homine
564 1059 660 1086 abesse
687 1059 777 1094 debet)
804 1063 832 1086 et
859 1059 990 1086 adversus

205 1102 391 1138 presbyterum
417 1103 459 1130 vel
482 1103 626 1130 diaconum
656 1103 710 1130 cito
738 1106 902 1134 commotus,
926 1109 993 1138 eum_

205 1145 326 1174 Ecclesia
349 1148 450 1181 ejicere
467 1148 600 1181 voluerit;
625 1147 822 1183 providendum
844 1153 886 1175 est
911 1155 945 1175 ne
966 1147 989 1175 is

205 1199 316 1228 repente
331 1194 537 1225 condemnetur,
553 1199 581 1222 et
600 1194 793 1222 communione
807 1194 941 1228 privetur.

239 1236 341 1265 Omnes
356 1239 474 1273 episcopi
499 1239 628 1266 dixerunt
644 1249 651 1266 :
669 1239 720 1273 Qui
737 1239 854 1274 ejicitur,
869 1244 989 1274 potesta-

206 1287 259 1310 tcm
282 1283 363 1311 habet
389 1284 563 1318 confugiendi
588 1285 622 1312 ad
649 1285 806 1319 episcopum
831 1284 989 1318 metropolis

204 1329 327 1364 ejusdem
367 1330 514 1364 provincia:
543 1339 550 1357 :
578 1331 602 1357 si
640 1335 730 1359 autem
763 1329 990 1364 metropolitauus

206 1376 295 1409 abest,
318 1377 353 1404 ad
380 1377 527 1405 ﬁnitimum
549 1378 742 1410 concurrendi,
766 1382 793 1405 et
817 1377 931 1412 rogandi
958 1382 989 1404 ut

205 1431 287 1450 suum
307 1423 446 1458 negotium
468 1429 594 1451 accurate
606 1423 788 1450 cxamiuctur.
804 1422 897 1457 Neque
913 1423 985 1450 enim

206 1477 259 1495 non
279 1474 343 1497 sunt
362 1476 442 1496 aures
457 1469 606 1503 praebenda:
621 1469 656 1496 iis
673 1469 719 1503 qui
741 1473 848 1504 rogant.
863 1467 910 1495 Ille
926 1475 991 1503 quo-

206 1522 259 1549 que
281 1515 436 1549 cpiscopus,
451 1514 497 1549 qui
518 1514 580 1549 jure
603 1514 644 1541 vel
669 1513 769 1549 injuria
791 1521 853 1542 eum
874 1513 989 1548 expulit,

206 1568 284 1595 aequo
299 1560 391 1587 animo
407 1559 478 1586 ferre
497 1559 576 1586 debet
591 1563 621 1586 ut
645 1559 684 1586 rei
699 1559 746 1586 ﬁat
763 1559 942 1591 examinatio,
963 1564 991 1587 et

205 1605 248 1632 vel
274 1604 334 1640 ejus
363 1605 541 1632 conﬁrmetur
569 1605 725 1637 sententia,
755 1605 799 1632 vel
827 1605 991 1639 corrigatur.

205 1649 369 1684 Priusquam
399 1654 489 1676 autem
517 1649 660 1684 diligenter
687 1654 715 1676 et
749 1656 783 1676 ex
811 1649 863 1676 ﬁde
886 1649 991 1685 singula

206 1693 361 1721 examinata
383 1692 494 1725 fuerint,
510 1694 557 1728 qui
582 1694 805 1721 communionem
828 1701 882 1721 non
899 1694 991 1727 habet,

206 1747 260 1766 non
277 1739 355 1766 debet
370 1741 432 1765 ante
448 1739 487 1765 rei
504 1739 688 1773 cognitionem
705 1739 757 1766 sibi
770 1740 991 1769 communionem

207 1792 346 1819 arrogare.
365 1783 394 1811 Si
419 1788 509 1811 autem
528 1784 621 1811 clerici
647 1784 731 1819 aliqui
749 1786 938 1819 convenerint,
966 1791 993 1814 et

207 1831 267 1865 ejus
281 1829 437 1864 superbiam
453 1833 480 1856 et
498 1830 682 1864 arrogantiam
705 1830 840 1861 viderint:
857 1831 921 1866 quia
936 1840 991 1859 non

207 1875 334 1903 convenit
356 1874 550 1902 contumeliam
574 1875 615 1902 vel
642 1875 770 1910 injustam
792 1876 992 1911 expostulatio-

207 1929 270 1949 nem
286 1922 354 1956 pati,
372 1920 559 1948 acerbioribus
581 1924 608 1948 et
622 1920 793 1955 gravioribus
812 1921 901 1948 verbis
927 1928 990 1949 eum

207 1967 308 1995 debent
327 1967 474 2002 corrigere,
492 1971 521 1994 ut
542 1966 566 1994 ci
582 1967 629 2001 qui
651 1966 727 2001 jubet
746 1974 808 2001 qua:
822 1968 929 1998 decent,
950 1967 993 1994 in-

207 2013 329 2040 serviant
349 2016 376 2040 et
399 2012 536 2040 obediant.
558 2011 634 2040 Sicut
649 2011 723 2039 enim
745 2013 825 2039 debet
846 2013 991 2047 episcopus

207 2058 339 2086 ministris
351 2059 486 2086 sinceram
496 2058 668 2086 dilectionem
677 2062 704 2085 et
715 2058 840 2085 allectum
852 2058 989 2093 praebere;

207 2105 302 2131 codem
319 2105 399 2132 modo
415 2109 443 2131 et
454 2104 569 2140 subjecti
585 2103 683 2131 debent
692 2103 828 2138 episcopis
847 2111 902 2131 non
917 2103 991 2132 frau-

206 2149 331 2177 dulenter
345 2149 528 2178 ministerium
541 2154 568 2177 et
583 2149 744 2184 obsequium
760 2148 900 2176 exhibere.

240 2280 321 2315 252
361 2280 479 2315 Ctmcilii
502 2280 715 2314 Carllmginemis
744 2288 855 2307 canone:
869 2280 913 2312 15,
943 2280 989 2313 ‘28,

476 2314 482 2320 ‘
521 2325 582 2358 420,
598 2325 659 2352 12L

240 2371 279 2398 De
293 2371 402 2398 diversis
417 2371 554 2399 ordinibus
570 2371 694 2399 Ecclesia:
711 2372 892 2404 servientibus,
923 2378 987 2406 etc.,

203 2422 233 2444 ut
247 2425 308 2452 pag.
325 2418 384 2445 705.

240 2465 284 2492 15.
300 2465 364 2492 ltcm
377 2465 480 2500 placuit
491 2470 520 2492 ut
532 2465 657 2500 quisquis
669 2465 869 2500 episcoporum,
881 2470 948 2499 etc.,
958 2471 986 2492 ut

202 2519 264 2546 pag.
279 2511 340 2538 705.

238 2558 400 2593 Presbyteri,
417 2558 531 2589 diaconi,
547 2558 585 2584 vel
604 2558 703 2591 clerici,
720 2559 764 2592 qui
781 2559 809 2584 in
833 2566 913 2585 causa
938 2566 986 2585 sua

202 2595 236 2620 ad
247 2594 424 2619 trarmnan'na
440 2594 589 2626 putaverint
610 2594 805 2628 appellandum,
818 2594 845 2619 in
869 2601 986 2620 commu-

202 2629 305 2656 nionem
320 2629 425 2655 minime
438 2629 627 2663 suscipiantur.

236 2719 282 2746 ‘18.
303 2719 367 2746 item
388 2719 490 2753 placuit
506 2719 527 2733 ἀ
544 2718 611 2753 (96),
627 2723 656 2744 ut
678 2718 837 2753 presbyteri,
865 2718 983 2751 diaconi,

237 2764 259 2779 ¹⁶
279 2763 363 2791 Cone.
377 2763 487 2792 Milevit.
501 2772 530 2796 ll,
548 2765 598 2790 sub
614 2764 706 2790 Inuoc.
723 2773 746 2791 c.
764 2764 808 2790 ἐξ.

239 2810 295 2846 (96)
325 2810 417 2837 lnnuit
448 2811 611 2838 llincmarns
636 2811 662 2837 in
689 2818 785 2845 opusc.
808 2811 824 2838 ι

206 2847 291 2874 tuisse
310 2847 335 2872 in
351 2846 466 2874 concilio
485 2846 658 2881 liippouensi
676 2847 824 2874 sancitum.

1046 242 1183 275 ενέγκοιεν
1197 242 1299 277 ψῆφον,
1315 242 1408 269 τοῦτον
1421 243 1520 278 μηκέτι
1534 244 1598 279 παρ’
1607 245 1709 280 ἑτέροις
1723 246 1832 278 δικάζε-

1047 286 1120 319 σθαι,
1142 287 1210 313 me
1229 287 1319 322 μένειν
1343 287 1457 321 βεϐαίαν
1478 289 1527 324 τὴν
1550 289 1696 325 σύμφωνον
1711 291 1765 318 τῶν
1785 293 1832 319 ἐπὶ

1045 331 1096 366 τῆς
1112 332 1245 367 ἐπαρχίας
1265 333 1423 360 ἐπισκόπων
1436 334 1582 368 ἀπόφασιν.

1163 378 1297 405 Συνόδου
1313 379 1506 413 Χαλκηδόνος
1519 381 1619 408 κανὼν
1632 382 1653 409 θ’
1672 383 1714 414 ιζ’.

1082 423 1114 449 θ’.
1131 423 1164 449 El.’
1187 432 1228 454 τις
1246 424 1375 459 κληρικὸς
1401 425 1470 461 πρὸς
1489 426 1618 461 κληρικὸν
1634 429 1750 463 πρᾶγμα
1764 429 1832 464 ἔχει,

1046 476 1074 494 κ.
1088 477 1112 495 τ.
1128 468 1154 495 λ.

1082 511 1124 542 ιζἿ.
1138 513 1193 545 Τὰς
1204 514 1264 541 καθ’
1278 515 1396 548 ἑκάστην
1414 515 1578 551 Ἐκκλησίαν
1606 517 1767 552 ἀγροικικὰς
1780 528 1834 546 παο

1049 559 1164 593 ροικίας,
1180 568 1206 586 κ.
1223 569 1249 588 τ.
1264 561 1290 587 λ.

1168 606 1302 633 Συνόδου
1313 605 1462 641 Σαρδικῆς
1475 608 1575 634 κανὼν
1588 611 1612 642 γ’
1623 611 1644 635 ε’
1661 609 1702 636 ιδ’.

1081 654 1118 685 γ’.
1135 651 1227 682 Ὂσιος
1242 652 1392 684 ἐπίσκοπος
1403 651 1479 680 εἶπεν
1490 661 1498 669 ·
1522 653 1682 688 ’Λναγκαῖον
1698 654 1835 682 καὶτοῦτο

1047 696 1239 732 προστεθῆναι,
1255 705 1282 723 κ.
1298 705 1324 724 τ.
1338 698 1364 725 λ.

1080 745 1110 769 ε’.
1122 742 1216 774 Ὅσιος
1228 743 1375 776 ἐπισκοπος
1387 741 1462 771 εἶπεν
1473 754 1481 761 ·
1491 743 1617 781 Ἧρεσεν,
1628 745 1670 772 ἵνα
1681 746 1707 772 εί
1720 755 1762 778 τις
1773 746 1836 772 ἐπί-

1047 795 1147 819 σκοπος
1160 787 1368 823 καταγγελθείη,
1384 797 1411 815 κ.
1426 797 1452 816 τ,
1465 789 1489 816 λ.

1082 833 1280 867 Ἀπεκρίναντο
1298 834 1322 860 οι
1339 834 1485 862 ἐπίσκοποι
1499 842 1506 849 ·
1526 836 1566 863 Τὰ
1577 835 1705 872 λεχθέντα
1721 837 1831 873 ἤρεσεν.

1070 921 1111 949 ιδ’.
1127 920 1219 953 Ὀσιος
1227 922 1375 954 ἐπίσκοπος
1382 921 1450 949 εἶπε·
1465 924 1501 951 Τὸ
1515 923 1670 951 δὲῖπάντοτέ
1683 933 1716 959 με
1726 925 1831 958 κινοῦν,

1039 969 1233 1004 ἀποσιωπῆσαι
1246 968 1296 995 οὐκ
1306 969 1406 1003 ὀφείλω
1425 977 1432 985 ι
1453 969 1479 996 εῐ
1490 978 1533 1001 τις
1548 970 1694 1002 ἐπίσκοπος
1706 971 1834 1006 ὀξύχολος

1040 1015 1202 1050 εὑρίσκοιτο,
1216 1015 1284 1050 ὅπερ
1304 1015 1354 1041 οὐκ
1368 1015 1469 1049 ὀφείλει
1482 1016 1511 1042 ἐν
1527 1016 1640 1051 τοιούτῳ
1653 1017 1730 1053 ἀνδρὶ
1754 1017 1834 1044 πολι-

1042 1059 1178 1089 τεύεσθαι.
1192 1059 1240 1085 καὶ
1255 1059 1377 1094 τραχέως
1403 1060 1518 1096 ἀντικρὺ
1541 1061 1728 1097 πρεσϐυτέρου
1740 1063 1756 1098 ἢ
1769 1063 1832 1089 δια-

1045 1103 1122 1130 κόνου
1132 1103 1284 1138 ἐκϐληθεὶς,
1297 1102 1422 1129 ἐκϐαλεῖν
1434 1103 1594 1139 Ἑκκλησίας
1611 1105 1691 1132 αὑτὸν
1711 1105 1830 1141 θελήσοι,

1044 1149 1206 1184 προνοητέον
1222 1149 1289 1180 ἐστὶ,
1301 1148 1338 1184 μὴ
1355 1148 1453 1184 ἁθρόον
1467 1151 1513 1176 τὸν
1533 1150 1653 1178 τοιοῦτον
1671 1152 1832 1187 κατακρίνε-

1042 1191 1115 1223 σθαι,
1131 1191 1236 1226 καὶτῆς
1250 1191 1391 1224 κοινωνίας
1404 1193 1622 1229 ἀποστερεῖσθαι.

1074 1239 1177 1269 Πάντες
1196 1238 1338 1274 εἰρήκασιν
1354 1246 1361 1254 ·
1380 1239 1408 1266 '0
1428 1239 1623 1275 ἐκϐαλλόμενος
1648 1240 1732 1276 ἐχέτω
1753 1241 1834 1275 ἐξου-

1040 1284 1100 1311 σίαν
1119 1285 1164 1310 ἐπὶ
1179 1284 1223 1310 τὸν
1235 1285 1385 1312 ἐπίσκοπον
1399 1286 1449 1320 τῆς
1479 1287 1683 1321 μητροπόλεως,
1695 1288 1754 1323 ἦτοι
1784 1289 1832 1315 τὸν

1041 1330 1253 1366 μητροπολίτην,
1276 1333 1445 1365 καταφυγεῖν
1461 1340 1468 1347 ·
1485 1333 1510 1358 εἰ
1529 1332 1557 1358 δέ
1573 1333 1586 1359 ὁ
1607 1333 1657 1367 τῆς
1688 1335 1831 1369 μητροπό-

1041 1377 1108 1408 λεως
1123 1376 1247 1409 ἄπεστιν,
1265 1377 1311 1403 ἐπὶ
1320 1377 1365 1404 τὸν
1379 1377 1566 1412 πλησιόχωρον
1578 1379 1764 1414 κατατρέχειν,
1781 1379 1832 1406 καὶ

1041 1421 1134 1455 ἀξιοῦν
1162 1422 1205 1448 ἵνα
1228 1421 1297 1457 μετὰ
1326 1422 1480 1457 ἀκριϐείας,
1502 1422 1584 1449 αὐτοῦ
1614 1422 1774 1457 ἐξετάζηται
1800 1424 1832 1451 ἰδ

1041 1468 1157 1502 πρᾶγμα
1171 1474 1177 1481 ·
1201 1467 1231 1493 οὐ
1260 1468 1312 1502 χρὴ
1339 1467 1394 1502 γὰρ
1409 1468 1446 1503 μὴ
1467 1468 1583 1503 ὑπέχειν
1599 1468 1648 1499 τὰς
1665 1468 1749 1500 ἀκοὰς
1773 1470 1833 1500 τοῖς

1040 1513 1160 1546 ἀξιοῦσιν
1174 1521 1181 1528 ·
1201 1513 1303 1544 ἐκεῖνος
1317 1512 1346 1538 δὲ
1362 1514 1375 1539 ὁ
1399 1513 1558 1546 ἐπίσκοπος,
1576 1514 1590 1539 ὁ
1609 1513 1748 1549 δικαίωςῆ
1771 1514 1834 1541 ἀδί-

1042 1569 1098 1591 κως
1113 1558 1236 1586 ὲκὸαλὼν
1251 1558 1296 1585 τὸν
1313 1559 1445 1592 τοιοῦτον,
1463 1559 1595 1593 γενναίως
1611 1560 1704 1595 φέρειν
1717 1560 1832 1594 ὀφείλει,

1043 1606 1086 1633 ινα
1108 1606 1125 1640 ἡ
1153 1606 1275 1638 ἐξέτασις
1292 1604 1338 1631 τοῦ
1359 1605 1520 1639 πράγματος
1543 1605 1666 1640 γένηται,
1687 1606 1735 1632 καὶ
1751 1606 1834 1640 ἢκο-

1043 1651 1115 1688 ρωθῇ
1131 1650 1211 1677 αὑτοῦ
1229 1650 1435 1686 ήάπόφασις,ἥ
1454 1650 1626 1686 διορθώσεως
1645 1650 1714 1686 τύχῃ
1732 1660 1739 1665 -
1764 1651 1834 1686 πρὶν

1041 1697 1070 1724 δὲ
1083 1696 1220 1732 ἐπιμελῶς
1234 1696 1338 1722 ἕκαστα
1348 1695 1490 1731 ἐξετασοῇ,
1509 1697 1522 1722 ὁ
1537 1695 1574 1731 μὴ
1587 1695 1656 1731 ἔχων
1671 1696 1720 1731 τὴν
1736 1704 1833 1723 κοινω-

1041 1742 1109 1775 νίαν,
1137 1741 1190 1776 πρὸ
1211 1742 1260 1776 τῆς
1284 1740 1455 1775 διαγνώσεως
1481 1740 1528 1767 τοῦ
1545 1741 1717 1777 πράγματος,
1741 1740 1833 1776 ἐαυτῷ

1041 1788 1090 1815 οὐκ
1104 1788 1205 1822 ὀφείλει
1220 1787 1338 1814 ἐκδικεῖν
1348 1787 1398 1821 τὴν
1426 1787 1569 1814 κοινωνίαν
1585 1794 1592 1802 ·
1611 1787 1659 1813 ἐὰν
1674 1787 1702 1812 δέ
1719 1787 1834 1822 συνελη-

1042 1834 1151 1865 λυθότες
1163 1833 1217 1859 τῶν
1229 1832 1367 1868 κληρικῶν
1380 1841 1451 1864 τινες
1470 1833 1599 1859 κατίδωσι
1614 1832 1664 1868 τὴν
1679 1833 1833 1868 ὑπεροψίαν

1041 1881 1089 1907 καὶ
1113 1879 1163 1915 τὴν
1185 1878 1345 1911 ἀλαζονείαν
1383 1878 1483 1912 αὐτοῦ,
1511 1878 1604 1914 ἐπειδὴ
1631 1879 1661 1905 οὐ
1691 1879 1833 1914 προσῆκόν

1041 1927 1116 1953 ἐστιν
1133 1925 1212 1961 ’ὕϐριν
1229 1925 1245 1960 ῆ
1264 1925 1368 1961 μέμψιν
1381 1925 1472 1952 ἄδικον
1483 1925 1640 1960 ὑπομένειν,
1658 1925 1834 1962 πικροτέροις

1041 1973 1088 2000 καὶ
1115 1972 1274 2008 βαρυτέροις
1303 1972 1423 2007 ῥήμασιν
1445 1971 1619 2006 ἐπιστρέφειν
1644 1971 1738 1998 τοῦτον
1755 1972 1834 2006 ὀφεί-

1040 2019 1130 2046 λουσιν
1147 2027 1155 2033 ·
1175 2018 1219 2044 ἴνα
1231 2017 1269 2053 τῷ
1281 2017 1316 2044 τὰ
1326 2017 1464 2053 πρέποντα
1482 2017 1620 2044 κελεῦοντι
1638 2018 1832 2053 ὑπηρετῶνται

1041 2066 1087 2093 καὶ
1121 2065 1314 2092 ὑπακούωσιν
1341 2065 1435 2100 ὥσπερ
1462 2066 1517 2101 γὰρ
1548 2067 1561 2093 ὀ
1594 2067 1743 2098 ἐπίσκοπος
1773 2069 1833 2100 τοῖς

1041 2112 1192 2147 ὑπηρέταις
1217 2112 1350 2146 εἱλικρινῆ
1375 2111 1477 2146 ὀφείλει
1511 2111 1560 2146 τὴν
1582 2112 1691 2147 ἀγάπην
1707 2113 1753 2138 καὶ
1780 2113 1832 2148 τὴν

1039 2157 1159 2184 διάθεσιν
1174 2157 1315 2193 παρέχειν,
1334 2157 1379 2184 τδν
1394 2157 1474 2184 αὐτὸν
1485 2158 1584 2192 τρόπον
1597 2159 1620 2184 οἱ
1641 2158 1832 2192 ὑποτεταγμέ-

1004 2208 1031 2238 Ῑ)
1044 2212 1094 2234 νοι,
1112 2203 1212 2235 ἀδόλως
1226 2205 1281 2235 τοῖς
1297 2203 1455 2234 ἐπισκόποις
1468 2203 1502 2229 τὰ
1523 2203 1573 2238 τῆς
1589 2203 1739 2239 ὑπηρεσίας
1752 2204 1831 2231 sxu-

1042 2250 1096 2276 λεῖν
1111 2249 1272 2283 ὀφείλουσιν.

1077 2295 1209 2322 Συνόδου
1225 2295 1434 2330 Καρθαγέιυνης
1453 2295 1552 2322 κανὼν
1571 2296 1601 2322 ιε’
1613 2299 1655 2331 κη’
1664 2296 1706 2331 ρκ’
1719 2299 1791 2330 ρκα’.

1075 2385 1143 2419 Περὶ
1154 2385 1302 2420 διαφόρων
1310 2386 1424 2418 τάξεων
1434 2386 1470 2420 τῇ
1481 2387 1644 2421 Ἐκκλησίᾳ
1664 2386 1831 2414 δουλευου-

1039 2430 1112 2462 σῶν,
1125 2439 1153 2457 κ,
1171 2439 1196 2457 τ.
1211 2430 1236 2458 λ.

1076 2478 1119 2502 ιε’.
1137 2475 1251 2510 Ὁμοίως
1263 2476 1360 2511 ἤρεσεν
1374 2483 1380 2490 ·
1401 2476 1443 2502 ἵνα
1460 2477 1634 2512 ὀστισδήποτε
1647 2476 1700 2503 τῶν
1714 2476 1828 2503 ἐπισκό-

1037 2530 1106 2552 πων,
1125 2530 1152 2547 7..
1167 2530 1192 2547 τ.
1211 2521 1235 2548 λ.

1073 2568 1268 2601 Πρεσϐύτεροι
1278 2567 1326 2594 καὶ
1337 2567 1469 2596 διάκονοι
1477 2568 1525 2595 καὶ
1539 2570 1684 2602 κληρικοὶ,
1699 2571 1727 2596 ol
1736 2570 1770 2596 ἐν
1786 2569 1827 2602 τῷ

1038 2602 1101 2634 ἰδίῳ
1115 2602 1260 2638 πράγματι
1282 2603 1430 2636 ἔκκλητον
1453 2604 1644 2638 παρέχοντες.
1660 2605 1708 2631 ἐπὶ
1721 2605 1756 2630 τὰ
1772 2605 1826 2631 πέ-

1036 2646 1095 2671 ραν
1107 2637 1159 2670 τῆς
1172 2640 1330 2671 θαλάσσης
1338 2639 1381 2671 εἰς
1395 2637 1553 2666 κοινωνίαι·
1562 2639 1703 2673 μηδαμῶς
1715 2638 1828 2677 68x05:-

1040 2681 1093 2699 σιν.

1074 2722 1126 2753 κη’.
1152 2719 1264 2753 ὀμοίως
1290 2719 1387 2754 ἤρεσεν
1403 2719 1445 2746 ἵνα
1468 2719 1492 2745 οί
1518 2719 1698 2755 πρεσϐύτεροι
1723 2720 1771 2747 καὶ
1800 2719 1826 2747 οἱ

325 2809 611 2849 lnnuithllincmarus
636 2811 662 2849 in
689 2818 785 2849 opusc.
808 2811 844 2838 De
868 2811 980 2839 divortio
1020 2811 1097 2838 Loth.
1121 2817 1144 2838 ει
1169 2811 1258 2839 lerzb.
1283 2820 1344 2847 pag.
1375 2812 1425 2840 686
1443 2834 1449 2846 ,
1476 2814 1548 2840 hunc
1577 2821 1708 2841 canonem
1733 2813 1825 2849 primo
