1954 3080
99 160 143 191 7ἓῦ

490 155 690 186 SYNTAGMA
706 154 937 184 CANONUM.~
954 156 1027 186 TlT.
1046 157 1099 192 1X,
1120 158 1198 187 CAP.
1221 158 1268 187 VI.

1659 159 1716 190 726

99 217 213 247 διάκοιοη
232 214 278 242 καὶ
294 213 319 241 οἰ
341 212 428 239 λοιποί
445 210 592 246 κατώτεροι
619 210 754 246 κληρικοὶ,
776 211 803 236 ἐν
833 206 894 240 αἷςΔ

946 210 968 237 el
987 211 1077 238 στειριί
1091 211 1235 239 inferiores
1249 212 1353 245 clerici,
1371 213 1396 239 in
1415 214 1508 241 causis
1520 221 1588 248 quas
1609 214 1712 242 habue-

99 264 193 298 ἔχουσιν
211 260 322 292 αἰτίαις,
341 259 389 285 ἐὰν
403 258 438 284 τὰ
452 257 613 292 δικαστήρια
644 257 805 291 μέμφωνται
820 255 874 281 τῶν

101 310 163 337 ἰδίων
176 306 343 337 ἐπισκόπων,
357 305 381 331 οἱ
394 304 513 339 γείτονες
526 303 669 329 ἐπίσκοποι
684 302 874 338 ἀκροάσωνται

101 353 247 385 αὖτῶν,καὶ
269 352 337 388 μετὰ
357 350 535 381 συναινέσεως
548 348 595 376 τοῦ
620 348 684 375 ἰδίου
711 347 873 379 ἐπισκόπου,

99 401 130 427 τὰ
140 399 235 436 μεταξὺ
252 398 341 425 αὐτῶν
362 396 489 423 διαθῶσιν
506 396 531 421 al
548 394 782 430 προσκαλούμενοι
809 393 875 428 παρ’

100 446 178 474 αὐτῶν
208 444 352 471 ἐπίσκοποι
366 450 374 458 ·
392 441 459 469 εἰδὲ
488 441 535 467 καὶ
556 441 621 475 περὶ
636 439 726 466 αὐτῶν
743 438 876 473 ἔκκλητον

100 490 218 527 παρέχειν
229 490 379 525 νομίσουσι,
396 488 433 523 μὴ
444 486 646 514 ἐκκαλέσωνται
659 486 700 517 εἰς
724 484 759 511 τὰ
787 483 876 519 πέραν

99 538 143 572 τῆς
169 535 303 569 θαλάσσης
333 534 506 569 δικαστήρια,
534 532 601 559 ἀλλὰ
629 532 698 568 πρὸς
718 532 782 564 τοὺς
799 540 877 567 πρω-

99 582 215 613 τευόντας
242 580 298 606 τῶν
327 579 400 606 ἰδίων
423 577 562 614 ὲπαρχῶν,
596 577 633 609 ὡς
659 578 706 604 καὶ
737 578 801 612 περὶ
822 577 877 604 τῶν

100 627 243 654 ἐπισκόπων
261 625 390 657 πολλάκις
407 624 524 660 ὥρισται
539 631 546 639 ·
561 624 585 650 οἰ
609 623 638 650 δὲ
665 623 733 658 πρὸς
748 631 878 659 περαμα-

100 673 155 700 τικὰ
168 673 329 707 δικαστήρια
340 670 576 705 διεκκαλούμενοι,
591 671 656 705 παρ’
673 669 780 700 οὐδενὸς
795 669 824 696 ἐν
844 670 877 704 τῇ

105 719 211 754 ’Δφρικῇ
227 717 357 752 δεχοῶσιν
367 718 406 748 εἰς
419 716 574 744 κοινωνίαν.

131 765 196 798 Περὶ
220 764 279 791 τῶν
305 762 367 795 τοῖς
389 761 475 795 λαοῖς
493 761 547 794 οὓς
575 760 749 795 νομίζουσιν
774 759 877 793 αὐτοῖς

99 810 215 844 ἀνήκειν
246 809 472 836 ἐπιϐαλλόντων
491 808 571 842 παρὰ
602 806 724 842 γνώμην
737 806 796 833 τῶν
823 807 877 833 αὺ-

100 856 163 888 τοὺς
177 856 374 889 κατεχόντων.

927 257 992 288 rint.
1009 257 1033 284 si
1060 257 1093 284 de
1115 257 1228 292 judiciis
1261 259 1452 293 episcoporum
1486 267 1598 287 suorum
1623 261 1714 295 questi

927 302 1052 336 iuerint,
1084 303 1168 331 vicini
1197 305 1317 340 episcopi
1348 313 1395 332 eos
1420 313 1480 332 cum
1509 313 1644 334 consensu
1671 307 1714 334 sui

927 350 1046 385 episcopi
1061 351 1175 378 audiant
1191 355 1218 378 et
1233 352 1303 378 inter
1314 359 1362 379 eos
1374 351 1506 379 deliniant
1531 352 1610 380 asciti
1626 353 1660 379 ab
1673 353 1714 380 eis

927 395 1048 431 episcopi
1065 405 1071 424 :
1090 397 1163 432 quod
1180 397 1202 424 si
1224 402 1251 424 et
1267 397 1302 424 ab
1318 397 1358 425 eis
1375 398 1579 431 provocandum
1601 402 1714 433 putave-

927 441 991 473 rint,
1016 450 1069 469 non
1089 446 1237 476 provocent
1263 443 1297 470 ad
1317 444 1501 471 transmarina
1527 444 1641 478 judicia,
1667 445 1713 472 sed

928 485 961 513 ad
981 486 1113 520 primates
1127 494 1242 514 suarum
1260 487 1475 523 provinciarum,
1491 492 1538 515 aut
1554 488 1588 515 ad
1605 488 1716 515 univer-

928 531 984 559 sale
1003 532 1167 565 concilium,
1185 533 1257 560 sicut
1285 537 1313 560 ct
1336 533 1369 561 de
1393 533 1529 568 episcopis
1557 533 1617 569 (97)
1644 542 1716 568 sn-pe

929 578 1107 605 constitutum
1126 582 1178 605 est.
1197 577 1239 606 Ad
1255 580 1438 606 transmarina
1458 584 1548 606 autem
1566 580 1612 614 qui
1636 584 1715 615 puta-

933 623 1002 651 verit
1017 624 1218 660 appellandum,
1237 631 1252 651 a
1268 625 1342 652 nullo
1358 625 1429 652 intra
1443 625 1565 653 Africam
1585 626 1619 653 ad
1638 633 1716 653 com-

930 669 1088 695 munionem
1102 668 1278 703 suscipiatur.

972 761 1007 795 De
1024 769 1064 795 Itis
1081 770 1126 803 qui
1143 769 1169 795 in
1182 768 1279 803 plebes,
1295 777 1361 803 quas
1377 768 1411 795 ad
1426 776 1453 795 se
1465 767 1594 802 pertinere
1611 772 1716 802 putant,

930 815 1092 842 inconventt's
1108 815 1147 841 his
1161 823 1176 841 a
1194 814 1288 849 quibus
1303 819 1433 846 tenentur,
1448 814 1584 840 irruerint.

133 885 181 937 ρκ’.
205 885 320 936 Ὁμοίως
336 900 434 936 ἤρεσεν
453 899 497 926 ἵνα
512 899 662 933 οίοιδήποτε
680 898 825 925 ἐπίσκοποι
844 897 880 924 τὰ

969 902 1030 930 120.
1054 904 1120 930 Item
1143 902 1244 936 placuit
1257 901 1278 917 "'
1296 901 1371 936 (98),
1387 904 1417 926 ut
1430 899 1587 934 quicunque
1600 898 1720 933 episcopi

100 947 181 983 πλήθη
195 945 365 982 ἃνὸμίζουσι
386 946 426 982 τῷ
445 945 532 981 θρόνῳ
562 944 652 971 αὐτῶν
686 944 811 979 ἀνήκειν,
841 944 879 979 μὴ

100 993 179 1025 οὕτως
193 993 363 1028 ἁναζητῶσιν
378 991 449 1019 ὥστε
461 991 548 1018 ἄλλων
563 990 720 1017 ἐπισκόπων
732 990 879 1026 κρινόντων

99 1039 171 1070 τοῦτο
182 1039 320 1073 πράττειν,
340 1037 397 1064 ἀλλ’
408 1037 461 1063 ὑπὸ
480 1037 575 1072 ἑτέρου
591 1035 785 1071 κατεχομένοις
799 1035 880 1062 ἐπέλ-

100 1084 161 1110 οωσι
172 1084 227 1115 τοῖς
241 1083 327 1115 λαοῖς,
344 1082 397 1109 εἴτε
412 1082 582 1116 Θελήσουσιν.
601 1081 655 1107 εἴτε
675 1079 713 1116 μὴ
725 1079 879 1114 θελήσουσι,

99 1127 142 1153 τοῦ
165 1127 230 1153 ἰδίου
257 1127 419 1162 πράγματος
433 1125 482 1161 τὴν
501 1125 602 1161 ζημίαν
622 1125 791 1160 ὑπομείνωσι
810 1132 816 1139 ·
835 1124 881 1151 καὶ

99 1173 123 1200 οἰ
136 1173 307 1208 τινεσδήποτε
333 1172 411 1198 τοῦτο
426 1171 567 1207 ἐποίησαν,
582 1171 607 1197 εἰ
625 1171 662 1206 μὴ
680 1172 696 1207 ἡ
710 1171 811 1206 μεταξὺ
827 1172 881 1198 τῶν

99 1219 252 1246 ἐπισκόπων
270 1218 424 1249 συνέλευσις
444 1217 620 1253 ἐπερατώθη,
640 1217 697 1244 ἀλλ’
712 1218 803 1253 ἀκμὴν
819 1219 883 1254 περί

99 1265 144 1292 τοῦ
171 1265 252 1292 αὑτοῦ
280 1263 487 1299 φιλονεικοῦσιν,
513 1263 616 1294 ἐκεῖνος
644 1263 748 1298 ἀποστῇ
778 1263 883 1290 ἐκεῖθεν

99 1312 160 1346 περὶ
174 1308 205 1337 οὗ
215 1310 345 1346 δειχθείη,
357 1310 398 1337 ὅτι
413 1309 554 1344 παρεάσας
566 1308 629 1340 τοὺς
638 1308 883 1344 ἐκκλησιαστικοὺς

100 1357 227 1389 δικαστὰς
241 1357 334 1391 ἔφοδον
353 1357 465 1391 ἐποίησε
482 1363 489 1370 ·
506 1355 553 1382 καὶ
572 1356 609 1390 μὴ
634 1355 730 1382 ἑαυτὸν
744 1355 786 1386 τίς
803 1355 883 1382 κολα-

99 1401 192 1436 κεύσῃ,
211 1402 235 1427 sl
266 1402 297 1427 ἐκ
312 1400 358 1427 τοῦ
384 1400 571 1436 πρωτεύοντος
583 1400 734 1436 γράμματα
750 1401 815 1437 περὶ
837 1401 884 1427 τοῦ

100 1446 222 1481 κατέχειν
237 1445 343 1478 ἔλαϐεν,
363 1445 442 1478 ἀλλὰ,
456 1446 511 1472 εἴτε
526 1445 678 1481 γράμματα
689 1446 746 1481 ἔχει
759 1447 814 1472 εἴτε
835 1446 886 1473 οὐκ

99 1493 165 1528 εχει,
181 1491 303 1518 συνέλθοι
320 1491 358 1526 τῷ
376 1491 528 1526 κατέχοντι,
547 1491 594 1518 καί
610 1492 673 1527 παρ’
701 1491 784 1518 αὑτοῦ
795 1492 886 1527 γράμ-

101 1547 172 1574 ματα
199 1537 287 1569 λάϐοι,
308 1537 379 1564 ὥστε
407 1537 523 1572 φανῆναι
549 1537 643 1564 τοῦτον
663 1537 809 1573 εἰρηνικῶς
836 1534 920 1572 τὴνίέ

99 1583 173 1619 αὐτῷ
199 1584 353 1619 ἀνήκουσαν
363 1585 510 1619 κατασχεῖν
528 1583 692 1619 Ἐκκλησίαν
709 1592 714 1598 ·
736 1583 784 1610 ἐὰν
800 1583 828 1610 δὲ
839 1583 888 1610 κά-

100 1629 188 1662 κεῖνός
215 1638 275 1656 τινα
292 1630 406 1665 ζήτησιν
426 1629 616 1664 ἀντεπαγάγῃ,
644 1629 692 1656 καὶ
708 1629 776 1664 αὕτη
802 1637 889 1665 περα-

100 1676 174 1712 τωθῇ
194 1675 296 1711 μεταξὺ
310 1676 469 1702 ἐπισκόπων
484 1675 642 1711 κρινόντων,
659 1674 713 1701 εἴτε
727 1674 773 1706 οὒς
786 1676 800 1702 ὁ
813 1685 889 1710 πρω-

99 1721 186 1748 τεύων
203 1721 286 1756 αὐτῆς
299 1720 348 1756 δῷ,
359 1721 415 1747 εἴτε
427 1720 474 1751 οὒς
486 1719 660 1754 γειτνιῶντας
685 1719 758 1746 κατὰ
768 1720 890 1747 συναίνε-

101 1778 143 1796 σιν
154 1769 332 1802 ὲπιλὲξονται.

99 1815 171 1851 Περὶ
195 1815 255 1842 τῶν
282 1816 476 1877 ἀμελούντωιὶ
501 1814 561 1855 ζῶν
585 1814 687 1847 αὐτοῖς
713 1814 891 1848 ἀνηκόντων

453 1870 461 1877 .
475 1859 546 1877 αων.

453 1859 546 1877 ,ιαωνκ

138 1901 210 1933 ρκα’.
232 1897 349 1934 Ὁμοίως
367 1896 464 1932 ἤρεσεν
482 1895 735 1930 ῖναοὶτινεσδήποτε
750 1894 890 1930 ἀμελοῦσι,

100 1953 128 1973 κ.
147 1953 174 1971 τ.
187 1944 212 1971 λ.

138 1991 180 2018 Τὰ
193 1991 334 2025 ὀφείλοντα
357 1991 386 2016 ὲν
407 1989 494 2024 τούτῳ
513 1988 552 2024 τῷ
570 1997 632 2023 κεφ.
659 1987 891 2023 παραγραψῆναι,

101 2036 213 2071 συνῆψα
229 2037 289 2067 ταῖς
302 2035 498 2070 παραγραφαῖς
513 2033 560 2060 τοῦ
572 2033 753 2069 προλαϐόντος
767 2041 827 2067 κεφ.
843 2031 889 2067 ζη-

99 2083 159 2109 τῶν
176 2081 224 2109 οὗν
247 2081 310 2116 περὶ
330 2079 509 2116 χρηματικῶν
529 2079 546 2115 ἢ
569 2079 782 2114 ὲγκληματικῶν
800 2078 893 2109 δικῶν,

99 2130 198 2156 ἐκεῖνα
208 2126 354 2162 ἀνάγνωθι.

139 2174 269 2201 ΚΕΨΑΛ.
290 2174 336 2207 ς’.
353 2188 387 2194 -
405 2172 487 2207 «Περὶ
501 2171 767 2206 ἀναψηλαφήσεως
782 2170 895 2206 ψήφων

100 2221 293 2248 ἐπισκόπων.

248 2265 384 2293 Συνόδου
400 2264 580 2298 Ἀντιοχείας
596 2262 694 2290 κανὼν
708 2266 744 2294 ς’.

142 2313 226 2344 Εἴτις
237 2312 289 2339 ὑπὸ
297 2312 343 2339 τοῦ
356 2311 420 2339 ἰδίου
435 2311 584 2338 ἐπισκόπου
600 2309 780 2343 ἀκοινώνητος
790 2308 896 2342 γέγονε,

99 2367 131 2387 κ,
148 2366 176 2385 τ.
194 2358 218 2386 λ.

219 2405 352 2432 Συνόδου
367 2403 511 2437 Σηρδικῆς
535 2402 635 2428 κανὼν
649 2401 672 2435 γ’
686 2401 707 2427 δ’
722 2404 741 2426 ε’
756 2399 794 2426 ιδ’.

141 2455 167 2486 γ’
182 2450 277 2483 "Dato;
301 2451 448 2480 ἐπίσκοπος
467 2447 543 2476 εἶπεν
555 2456 560 2462 ·
572 2449 735 2481 ’Δναγκαῖον
751 2447 798 2473 καὶ
813 2446 900 2478 τοῦτο,

102 2507 133 2525 κ.
155 2506 182 2524 τ.
200 2497 224 2523 λ.

142 2543 176 2571 δ’.
195 2543 354 2573 Γαυδέντιος
367 2542 513 2572 ἐπίσκοπος
524 2538 610 2570 εἶπεν,
622 2548 648 2566 κ.
662 2548 686 2566 τ.
699 2539 723 2565 λ.

144 2594 178 2617 ε’.
196 2589 289 2619 "Octo;
302 2588 450 2618 ἐπίσκοπος
462 2585 548 2613 εἶπεν⁸
567 2586 683 2620 ’Ἢρεσεν
694 2585 737 2611 ἵνα
752 2585 778 2610 εἴ
789 2593 830 2616 τις
845 2584 903 2611 ἐπί-

105 2643 217 2666 σκοπος
235 2632 446 2667 καταγγελϐειη,
463 2641 490 2658 κ.
504 2640 530 2658 τ.
540 2631 566 2658 λ.

149 2704 171 2718 ’⁷
192 2702 276 2729 Cone.
297 2700 482 2728 Milevitanum
500 2707 531 2731 ιι,
547 2706 571 2725 c.
590 2698 644 2731 9.2;
664 2698 749 2725 Afr-ie.
764 2706 789 2726 c.
805 2698 848 2724 87.

152 2774 214 2810 (0'1)
227 2772 357 2810 Nonsunt
370 2771 527 2810 lla-.c‘verb‘a,
537 2770 604 2810 sicut
614 2773 638 2809 et
648 2768 825 2810 tie-episcopis,
836 2773 900 2810 etc_.,

110 2811 143 2837 in
155 2803 238 2836 ‘ca’n.
251 2808 313 2841 1‘25,
329 2808 376 2842 qui
401 2806 434 2834 ad
452 2803 646 2842 verbum_b_uic
665 2803 821 2842 simillimus
844 2807 902 2842 est;

111 2853 170 2872 nec
195 2843 268 2879 apud
295 2838 538 2879 Cresconiuni_tit.
563 2839 627 2872 285,
651 2839 696 2866 sed
728 2838 762 2879 ab
794 2838 904 2864 Aurelio

111 2873 253 2913 (Earthag.
279 2878 382 2912 adjecta
401 2876 485 2905 videri
501 2879 626 2911 possunt,
645 2881 706 2902 cum
728 2873 801 2901 hunc
824 2880 904 2900 cano-

933 950 1036 985 plebes,
1054 957 1124 984 quas
1143 948 1177 976 ad
1196 956 1274 976 suam
1291 947 1447 975 cathedram
1463 946 1620 973 existiment
1634 945 1720 979 perti-

932 1005 1008 1029 nere,
1027 1003 1081 1023 non
1104 995 1140 1023 ita
1164 999 1299 1029 repetunt,
1325 997 1354 1020 ut
1375 1000 1473 1020 causas
1497 999 1562 1019 suas
1583 991 1720 1026 episcopis

929 1042 1117 1077 iudicantibus
1149 1045 1248 1076 agant.
1271 1039 1318 1067 sed
1341 1039 1395 1066 alio
1419 1039 1552 1066 retinente
1576 1038 1720 1071 irrucrint,

932 1088 989 1116 sive
1011 1087 1177 1119 volentibus,
1205 1085 1285 1121 253
1310 1085 1367 1113 sive
1393 1084 1549 1111 nolentibus
1580 1083 1721 1118 plebibus,

932 1142 1022 1163 causae
1043 1142 1100 1163 sum
1121 1134 1313 1161 detrimentqu
1334 1132 1490 1167 patiantur,
1516 1136 1544 1157 et
1567 1131 1724 1165 quicunque

931 1182 986 1216 jam
1010 1181 1062 1209 hoc
1082 1180 1222 1213 iecerunt,
1245 1179 1269 1206 si
1293 1178 1415 1206 nondum
1433 1181 1477 1205 est
1493 1176 1562 1204 inter
1581 1177 1724 1211 episcopos

934 1229 1010 1255 ﬁnita
1052 1226 1210 1258 contentio,
1244 1225 1291 1253 sed
1328 1225 1417 1252 adhuc
1456 1223 1644 1255 contendunt;
1681 1222 1726 1250 ille

933 1274 995 1301 inde
1014 1273 1136 1301 discedat
1149 1293 1155 1303 ,
1180 1278 1261 1306 quem
1281 1270 1432 1298 constiterit
1449 1268 1639 1304 praetermissis
1654 1267 1726 1303 judi-

934 1320 984 1347 ciis
1014 1318 1210 1346 ecclesiasticis
1247 1316 1369 1343 irruisse.
1405 1314 1460 1342 Nec
1494 1314 1546 1341 sibi
1579 1313 1726 1348 quisquam

935 1364 1100 1395 blandiatur,
1121 1363 1145 1390 si
1167 1369 1182 1388 a
1201 1362 1331 1396 primatc,
1348 1364 1379 1387 ut
1408 1359 1532 1391 retineat,
1547 1358 1652 1385 litteras
1674 1357 1726 1384 im-

934 1408 1064 1444 petrarit;
1082 1407 1129 1434 sed
1144 1406 1201 1434 sive
1217 1406 1314 1432 habeat
1328 1404 1431 1431 litteras
1442 1423 1449 1435 ,
1466 1403 1523 1430 sive
1541 1410 1595 1430 non
1618 1402 1725 1434 habeat,

935 1453 1080 1481 conveniat
1093 1459 1154 1479 eum
1176 1450 1222 1486 qui
1245 1454 1336 1482 tenet,
1357 1455 1384 1476 et
1397 1448 1457 1482 ejus
1472 1448 1578 1475 litteras
1600 1447 1726 1482 accipiat,

937 1505 966 1526 ut
983 1506 1044 1525 enm
1060 1502 1188 1532 appareat
1210 1496 1321 1531 pacilice
1343 1494 1463 1522 tenuisse
1483 1493 1632 1521 Ecclesiam
1649 1493 1682 1520 ad
1697 1501 1727 1520 se

939 1545 1132 1580 pertinentem.
1157 1543 1186 1570 Si
1213 1547 1303 1570 autem
1333 1542 1377 1568 ille
1403 1541 1521 1576 aliquam
1549 1539 1727 1575 quaestionem

940 1591 1079 1622 retulerit,
1096 1598 1144 1625 per
1156 1589 1299 1624 episcopos
1317 1587 1424 1622 iudices
1440 1593 1522 1613 causa
1537 1585 1658 1616 ﬁniatur,
1671 1585 1729 1612 sive

939 1645 1009 1674 quos
1024 1637 1064 1664 eis
1080 1636 1208 1671 primates
1229 1634 1362 1667 dederint,
1387 1633 1444 1661 sive
1469 1639 1539 1668 quos
1553 1631 1605 1667 ipsi
1626 1631 1729 1658 vicinos

939 1691 972 1711 cx
985 1689 1120 1710 consensu
1137 1679 1294 1715 delegerint.

979 1819 1015 1846 De
1031 1819 1071 1845 Itis
1086 1818 1131 1852 qui
1147 1815 1233 1852 plebe:
1248 1814 1281 1841 ad
1298 1822 1325 1840 se
1341 1813 1498 1848 pertinentes
1515 1811 1658 1847 negligant.

979 1899 1040 1926 121.
1065 1898 1128 1924 ltcrn
1160 1894 1263 1930 placuit
1279 1899 1308 1921 ut
1324 1892 1481 1928 quicunque
1500 1891 1650 1926 negligunt,
1663 1894 1730 1922 etc..

944 1951 972 1974 ut
986 1953 1067 1979 supra
1084 1952 1144 1978 pag.
1165 1941 1228 1969 679.

979 1990 1062 2026 254,
1090 1988 1156 2022 Qua:
1169 1988 1193 2014 in
1210 1987 1262 2013 hoc
1278 1985 1366 2019 capite
1386 1983 1511 2011 annotari
1534 1982 1650 2009 debeant
1664 1989 1732 2008 con-

944 2037 1021 2073 junxi
1039 2033 1262 2063 annotationibus
1276 2029 1463 2065 pra-cedentis.
1479 2028 1536 2055 Illic
1550 2027 1630 2062 igitur
1644 2027 1676 2053 de
1687 2034 1733 2060 pe-

946 2082 1077 2111 cuniariis
1091 2084 1137 2108 ant
1165 2076 1382 2106 criminabilibus
1399 2074 1489 2102 causis
1512 2081 1648 2108 quaerens,
1663 2073 1731 2107 lege.

982 2172 1059 2200 CAP.
1087 2171 1131 2197 V'l.
1161 2184 1195 2190 —-
1211 2168 1248 2195 De
1265 2166 1384 2194 nurnine
1400 2163 1589 2191 sententiarum
1601 2162 1734 2197 episcopa-

909 2225 932 2252 ι)
946 2220 1022 2249 lium.

1134 2258 1247 2287 Concilii
1266 2255 1420 2284 Antiocheui
1436 2261 1519 2280 canon
1531 2254 1557 2282 6,
1741 2283 1744 2287 1

985 2311 1013 2338 Si
1034 2308 1096 2344 quis
1127 2314 1141 2333 ει
1176 2303 1286 2340 proprio
1310 2301 1442 2337 episcopo
1470 2298 1735 2331 cxcommunicatus,

955 2365 1020 2388 e;c..
1035 2360 1062 2382 ut
1075 2362 1135 2389 pug.
1151 2351 1214 2379 719.

1035 2398 1150 2428 Concilii
1160 2394 1326 2424 Sardicensis
1344 2399 1456 2419 canones
1471 2390 1498 2422 5,
1516 2390 1543 2422 4,
1566 2389 1592 2422 5,
1609 2389 1653 2416 14.

989 2448 1016 2474 5.
1034 2445 1116 2473 Osius
1142 2443 1286 2477 episcopus
1300 2438 1390 2466 dixit:
1410 2437 1467 2464 lloc
1484 2443 1592 2470 quoque
1611 2441 1739 2462 necessa—

952 2494 1003 2525 rio,
1021 2497 1087 2522 etc.,
1105 2495 1132 2518 ut
1144 2496 1205 2524 pag.
1218 2487 1280 2514 471.

986 2540 1012 2566 ,1.
1026 2535 1195 2565 Gaudentius
1210 2533 1354 2567 episcopus
1371 2530 1450 2563 dixit,
1468 2534 1533 2561 etc.,
1548 2534 1577 2555 ut
1592 2535 1653 2563 pag.
1674 2527 1736 2554 Hi.

987 2583 1109 2612 5.0sius
1137 2580 1282 2615 cpiscopus
1320 2577 1388 2604 dixit
1406 2586 1412 2602 ;
1429 2575 1544 2607 Placuit,
1574 2577 1605 2600 ut
1633 2575 1656 2600 si
1679 2572 1740 2607 quis

952 2631 1095 2666 episcopus
1110 2627 1216 2654 delatus
1231 2624 1323 2656 fuerit,
1342 2628 1410 2654 etc.,
1430 2626 1456 2648 ut
1477 2629 1538 2656 pag.
1554 2620 1618 2648 471.

957 2774 1018 2794 nem
1036 2774 1050 2792 a
1067 2765 1170 2800 synodo
1185 2761 1402 2800 confirmandum
1423 2760 1560 2800 recitaret.

1064 2790 1217 2827 FerrariduS
1230 2797 1347 2835 cap._‘2_:‘_i_.
1361 2803 1393 2835 ex
1406 2802 1483 2822 conc.
1497 2792 1623 2835 Cartha-5.
1638 2791 1678 2831 tit.

960 2826 1173 2864 ltiiilc’canOIIes
1190 2834 1239 2861 IIS
1254 2826 1281 2859 et
1294 2832 1352 2863 119,
1367 2831 1392 2857 in
1407 2837 1490 2856 unutn
1511 2827 1643 2855 conﬂasse
1663 2826 1745 2854 intel-

961 2872 1054 2906 ligitur
1067 2880 1072 2897 :
1088 2870 1160 2905 quod
1171 2873 1198 2896 et
1212 2867 1325 2896 inferius
1338 2866 1447 2897 patebit.
