1954 3080
215 196 268 228 727

214 305 291 327 runt.

251 347 296 374 14.
313 345 396 374 Osius
407 345 551 380 episcopus
564 344 651 372 dixit:
665 343 742 377 Quod
753 348 843 371 autem
858 350 901 370 me
917 341 1004 369 unde-

216 399 324 427 quaque
338 396 437 424 movet,
453 395 519 423 etc.,
544 395 571 417 ut
586 398 647 425 pag.
668 389 731 417 723.

217 437 330 466 Concilii
352 437 702 499 Cart/zaginens‘iéicapéiges
716 435 760 468 M,
776 435 819 468 i5,
838 433 884 469 28,
897 433 944 467 79,
958 433 1004 467 99,

254 518 288 546 Ut
301 519 333 545 de
346 518 447 554 Tripoli
462 527 530 546 unus
550 519 691 554 episcopus
703 517 732 544 in
742 517 914 553 legationem,
935 520 1003 550 etc.,

214 570 245 594 ut
260 574 322 601 pag.
337 565 399 593 705.

253 612 298 639 M.
316 612 383 639 Item
397 611 499 646 placuit
511 611 546 638 de
559 609 675 645 Tripoli,
689 614 756 641 ctc..
769 613 798 636 ut
809 617 870 644 pag.
886 607 951 636 2'54.

256 657 338 692 255
357 657 394 684 De
406 657 518 684 diversis
531 656 666 684 ordinibus
682 655 810 683 Ecclesia:
823 653 1005 688 servientibus,

216 708 283 736 etc.,
302 707 330 730 ut
349 711 410 738 pag.
425 703 487 730 705.

253 749 297 776 l5.
315 748 379 776 Item
399 749 512 784 placuit,
531 754 561 776 ut
577 749 704 784 quisquis
717 749 920 784 episcoporum,
938 750 1005 780 etc.,

216 799 246 822 ut
262 803 324 830 pag.
342 794 403 822 705.

235 840 390 875 Presbyteri
403 846 427 868 et
438 840 545 868 diaconi
555 840 594 869 vel
607 840 708 874 clerici,
721 844 787 872 etc.,
800 844 830 867 ut
844 847 906 874 pag.
923 838 989 866 252.

775 195 908 226 PHOTII
927 192 1182 224 PATRIARCHJE
1200 193 1255 225 (ΣΡ.

250 253 460 289 Responderunt
475 253 596 288 episcopi
615 263 622 280 :
638 252 704 286 Quae
717 251 790 280 dicta
813 257 876 280 sunt
887 252 998 287 placue-
1015 254 1039 282 Α

1785 187 1845 219 728

1095 250 1291 286 ’Δπεκριναντο
1315 249 1340 275 o!
1360 247 1506 274 ἐπίσκοποι
1531 255 1538 262 ·
1561 245 1602 273 Τὰ
1624 244 1753 281 λεχθέντα
1777 245 1845 281 ἠρε-

1056 305 1072 323 c
1148 341 1241 373 Ὅσιος
1263 340 1410 371 ιπισκοπος
1425 329 1507 366 sine:
1520 337 1559 366 Τὸ
1574 337 1603 365 δὲ
1618 337 1735 364 πάντοτέ
1752 345 1786 373 με
1799 345 1845 363 κι-

1055 388 1126 420 νοῦν,
1134 397 1161 415 κ.
1176 396 1203 414 τ.
1216 387 1241 415 1.

1082 434 1219 464 Συνόδου
1236 431 1445 494 Καρθατέννές
1455 430 1556 493 agtur
1570 430 1600 458 ιδ’
1611 433 1641 457 ιε’
1656 433 1701 465 κηι
1715 429 1751 456 00'
1766 431 1814 463 L_g'

1373 476 1407 494 οκ
1426 470 1432 481 ¹
1459 476 1473 494 ο
1517 485 1525 493 .

1373 476 1431 503 ρκω
1458 476 1507 502 ρκε
1517 485 1525 493 .

1092 517 1183 546 Ὠστε
1199 515 1258 544 ἀπὸ
1275 514 1440 550 Τριπόλεως
1452 512 1504 540 ἕνα
1518 511 1690 539 ἐπίσκοπον
1699 512 1743 543 είς
1755 517 1845 538 τοπο-

1056 563 1216 597 τηρησίαν,
1226 571 1254 589 κ.
1265 569 1292 588 τ.
1304 560 1329 587 1.

1093 608 1136 635 ιδ’.
1157 607 1272 642 Ὁμοίως
1282 607 1380 642 ἤρεσεν
1394 605 1449 632 ἀπὸ
1463 603 1631 640 Τριπόλεως,
1647 611 1675 630 κ.
1689 611 1716 630 τ.
1730 602 1756 629 1.

1091 654 1160 688 Περὶ
1173 653 1321 688 διαφόρων
1336 651 1450 684 τάξεων
1460 650 1497 685 τῇ
1506 650 1674 684 Ἐκκλησίᾳ
1687 649 1849 676 δουλευου-

1056 699 1138 732 σῶν,
1155 708 1182 726 κ.
1197 708 1224 727 τ.
1240 699 1265 725 1.

1095 746 1136 774 ιε’.
1151 746 1270 781 Ὁμοίως
1280 745 1390 780 ἤρεσεν,
1406 745 1451 771 ἵνα
1464 743 1656 779 ὁστισδήποτε,
1670 751 1698 768 κ.
1710 750 1735 768 τ.
1750 741 1777 770 λ.

1095 836 1294 871 Πρεσϐύτεροι
1335 834 1386 862 καί
1420 833 1554 860 διάκονοι
1590 832 1640 859 καὶ
1687 829 1825 865 ulmum)
1841 849 1850 862 ,

1060 892 1088 911 κ.
1106 891 1133 910 τ.
1151 882 1177 910 λ.

251 930 297 958 28.
316 930 382 958 Item
402 930 505 965 placuit
519 934 549 957 ut
569 930 731 966 presbyteri,
746 934 812 963 etc.,
828 935 856 956 ut
868 938 929 965 pag.
941 928 1004 955 723.

1093 933 1147 966 κη’.
1167 928 1283 964 ὀμοίως
1303 928 1412 964 ἤρεσεν,
1429 927 1473 953 ἵνα
1484 927 1509 953 οἱ
1521 925 1712 962 προσσύτεροι,
1734 933 1761 951 κ.
1779 932 1806 951 τ.
1824 923 1851 950 1.

252 975 292 1003 Dc
308 976 411 1004 clericis
432 976 476 1011 qui
491 976 564 1003 intra
578 984 679 1003 annum
696 984 805 1003 causam
822 983 901 1003 suam
930 982 1008 1009 agere

216 1028 269 1048 non
286 1025 477 1056 procurarunt.

253 1067 296 1096 79.
310 1068 418 1096 Rursus
433 1068 624 1100 constitutum,
635 1072 701 1101 ctc.,
714 1071 743 1094 ut
754 1075 815 1102 pug.
830 1067 894 1094 722.

271 1113 306 1142 Ut
325 1113 359 1141 ab
375 1113 465 1141 electis
483 1113 620 1148 judicibus
636 1121 780 1148 provocare
803 1121 855 1140 non
865 1112 954 1139 liceat.

269 1211 315 1239 96.
338 1210 368 1239 Si
382 1215 473 1239 autem
503 1209 586 1239 fuerit
608 1214 783 1245 provocatum
798 1209 833 1242 ’⁸,
853 1209 945 1244 eligat,
962 1208 1010 1244 qui

218 1257 417 1292 provocaverit,
432 1256 549 1291 iudices,
577 1261 606 1284 et
625 1263 688 1284 cum
711 1263 745 1283 eo
776 1259 803 1283 et
825 1255 882 1288 ille,
914 1259 1010 1283 contra

218 1310 299 1338 quem
309 1302 497 1337 provocaverit
512 1322 520 1336 ,
535 1305 565 1330 ιιι
579 1301 614 1329 ab
627 1301 694 1337 ipsis
706 1300 838 1336 deinceps
851 1300 919 1328 nulli
931 1301 1012 1329 liceat

218 1356 378 1384 provocare.

256 1393 334 1426 Quod
354 1394 497 1421 electorum
513 1393 636 1429 iudicum
649 1394 780 1421 sententia
796 1393 885 1428 sperni
901 1401 952 1420 non
966 1393 1012 1420 de‘

219 1439 291 1466 beat.

256 1484 306 1511 i2l
322 1483 409 1521 [122].
429 1484 595 1520 Ajudicibus
608 1489 713 1517 autem,
725 1489 793 1518 etc.,
805 1490 834 1512 ut
847 1492 910 1520 pag.
929 1484 993 1512 722.

255 1531 338 1567 256
346 1531 384 1558 De
406 1531 566 1567 presbyteris
590 1536 616 1558 et
645 1532 802 1566 clericis,ut
814 1540 867 1560 non
880 1531 1013 1567 appellent

221 1577 273 1604 nisi
288 1577 323 1604 ad
336 1576 469 1611 Africana
487 1577 613 1605 concilia.

257 1656 320 1685 £25.
335 1655 402 1684 item
417 1656 531 1692 placuit,
545 1661 576 1684 ut
591 1655 754 1692 presbyteri,
770 1656 890 1690 diaconi,
906 1662 971 1690 etc.,
982 1662 1012 1684 ut

223 1711 285 1738 pag.
308 1702 371 1730 725.

260 1748 370 1776 Textus.
386 1748 482 1776 Const.
498 1748 532 1781 8,
547 1748 590 1775 tit.
607 1748 635 1780 Α,
650 1747 698 1776 lib.
721 1756 750 1781 ι,
774 1748 813 1775 ait
824 1768 832 1781 ,
853 1749 925 1783 quod
948 1756 1012 1776 sen—

224 1794 317 1822 lentiae
331 1794 522 1829 episcoporum
542 1793 645 1821 similes
671 1794 725 1822 sint
753 1794 896 1822 sententiis
917 1794 1014 1829 praele-

223 1845 345 1872 ctorum,
355 1847 369 1867 a
378 1839 478 1874 quibus
490 1846 639 1874 provocare
648 1846 703 1867 non
718 1839 791 1868 licet.
804 1839 838 1867 Et
856 1840 967 1868 constit.
978 1839 1014 1867 29

223 1885 347 1921 ejusdem
365 1885 408 1913 tit.
425 1885 510 1913 :Sive
532 1885 608 1913 solus
618 1885 857 1920 metropolitanus,
874 1886 932 1913 sive
951 1892 1013 1912 cum

224 1932 329 1968 synodo
346 1937 397 1960 sua
413 1931 534 1967 episcopi
561 1935 609 1958 aut
625 1931 717 1959 clerici
741 1930 878 1968 [causam]
899 1931 1013 1966 judicet,

223 1983 252 2007 et
277 1978 420 2006 sententias
444 1985 498 2005 non
520 1978 719 2013 acquiescatur,
747 1977 829 2014 [ejus]
846 1977 956 2006 ditionis
968 1985 1017 2013 pa-

224 2023 346 2051 triarcha
372 2022 532 2058 cognoscit:
559 2022 702 2058 ipsiusque
733 2022 874 2058 iudicatis,
903 2022 1016 2058 perinde

224 2075 307 2104 atque
333 2068 368 2096 ab
385 2069 464 2096 initio
484 2067 657 2103 judicasset,
684 2068 833 2096 insistitur.
849 2068 872 2095 Α
896 2067 1016 2103 patriar-

224 2115 339 2143 charum
355 2121 475 2149 namque
489 2113 635 2142 sententiis
660 2122 715 2141 non
745 2118 922 2148 provocatur.
942 2113 1015 2141 Idem

223 2161 306 2190 etiam
334 2165 423 2189 const.
442 2161 482 2195 2,
511 2161 554 2188 tit.
583 2160 597 2187 i
627 2159 801 2188 Novellarum
830 2159 936 2196 [tradit]
957 2167 1017 2195 qua:

223 2208 309 2236 dicit:
324 2207 403 2241 Quod
416 2207 439 2235 si
455 2207 517 2242 quis
536 2214 632 2234 eorum
650 2207 697 2242 qui
717 2207 789 2243 apud
803 2207 946 2242 episcopos
963 2206 1018 2234 liti-

1093 974 1162 1009 Περὶ
1186 973 1247 1001 τῶν
1264 972 1306 1007 μὴ
1333 969 1549 1007 φροντιζόντων
1577 967 1749 1003 κληρικῶν,
1763 966 1854 998 ἐντὸς

1060 1019 1200 1049 ἐνιαυτοῦ
1216 1018 1328 1054 πρᾶξαι
1344 1019 1377 1045 τὸ
1395 1018 1472 1045 ῐόιον
1485 1016 1614 1051 πρᾶγμα.

1084 1066 1142 1094 καθ’.
1160 1066 1245 1093 Πάλιν
1258 1065 1373 1101 ὡρίσθη,
1391 1073 1417 1091 κ.
1434 1072 1459 1091 τ.
1480 1063 1506 1090 λ.

1095 1113 1158 1140 Ἵνα
1187 1111 1325 1146 αἱρετοὺς
1353 1109 1501 1142 δικαστὰς
1513 1108 1556 1144 μὴ
1571 1107 1643 1141 ἐξὸν
1653 1107 1701 1140 εἴη
1718 1104 1855 1134 ἐκκαλεῖ-

1060 1161 1154 1237 σθιῗέ.
1178 1202 1243 1230 Ἐὰν
1259 1201 1288 1228 δὲ
1313 1199 1426 1236 γένηται
1448 1199 1590 1234 ἓκκλητος,
1607 1198 1654 1224 καὶ
1668 1195 1826 1231 ἐπιλέξηται
1840 1195 1855 1221 ὀ

1061 1248 1280 1283 ἐπικαλεσάμενος
1293 1245 1432 1278 δικαστὰς,
1439 1244 1487 1272 καὶ
1499 1243 1558 1280 μετ’
1568 1242 1650 1270 αὑτοῦ
1660 1242 1785 1273 κάκεῖνος
1793 1239 1856 1267 καθ’

1061 1291 1092 1322 οὗ
1106 1292 1299 1327 ἐξεκαλέσατο,
1312 1291 1361 1318 τοῦ
1374 1289 1470 1317 λοιποῦ
1485 1289 1557 1316 κατὰ
1571 1287 1674 1315 τούτων
1690 1286 1784 1323 μηδενὶ
1812 1284 1857 1318 ἐξ·

1062 1339 1133 1366 ἐστω
1147 1336 1361 1365 ἐκκαλέσασθαι.

1097 1384 1162 1411 Ὀτι
1174 1385 1230 1411 οὐκ
1243 1383 1356 1418 ὀφείλει
1370 1381 1430 1409 τῶν
1441 1379 1660 1415 ἐπιλεγομένων
1673 1377 1824 1406 δικαστῶν
1835 1376 1857 1411 ἠ

1062 1430 1163 1466 γνώμη
1186 1429 1421 1463 ἐξουθενεῖσθαι.

1100 1479 1170 1512 ρκα¹.
1187 1475 1267 1502 Κατὰ
1280 1474 1309 1501 δὲ
1323 1473 1379 1501 τῶν
1393 1472 1542 1506 δικαστῶν,
1555 1480 1583 1498 κ.
1596 1479 1622 1498 τ.
1637 1471 1664 1498 λ.

1099 1521 1170 1556 Περὶ
1192 1519 1404 1555 πρεσϐυτέρων
1422 1519 1471 1546 καὶ
1491 1517 1653 1552 κληρικῶν.
1677 1517 1729 1544 ἵνα
1748 1516 1791 1550 μὴ
1806 1514 1859 1542 ἐκ-

1063 1567 1223 1600 καλῶνται,
1247 1567 1273 1594 sl
1298 1565 1341 1601 μὴ
1365 1565 1441 1601 πρὸς
1467 1565 1521 1599 τὰς
1538 1564 1594 1599 τῆς
1616 1561 1757 1599 Ἀφρικῆς
1779 1569 1860 1589 συν-

1062 1614 1163 1647 ὁδους.

1100 1661 1167 1698 ρκε’.
1176 1660 1293 1697 Ὁμοίως
1306 1660 1416 1695 ῆρεσεν,
1432 1658 1477 1685 ῐνα
1494 1656 1690 1693 πρεσϐύτεροι,
1708 1664 1736 1683 κ.
1750 1664 1777 1682 τ.
1795 1655 1822 1682 1.

1105 1750 1136 1778 Ἦ
1151 1754 1176 1786 η’
1189 1749 1310 1782 διάταξις
1326 1747 1374 1775 τοῦ
1396 1748 1418 1774 δ’
1432 1747 1485 1775 τίτ.
1511 1746 1558 1774 τοῦ
1574 1749 1598 1774 α’
1613 1745 1686 1780 βιὸλ.
1707 1745 1802 1780 φησὶν,
1815 1745 1858 1772 δτι

1064 1796 1162 1824 Δῑτῶν
1177 1795 1335 1823 ἐπισκόπων
1353 1794 1449 1829 ψῆφοι,
1472 1793 1533 1825 ταῖς
1547 1792 1602 1819 τῶν
1625 1791 1753 1827 ἐπάρχων
1765 1791 1860 1817 ἐοίκα-

1067 1852 1118 1876 σιν,
1139 1843 1186 1877 ἀφ’
1210 1838 1248 1869 ὧν
1278 1840 1455 1868 ἐκκαλεῖσθαι
1484 1839 1536 1866 οὐκ
1563 1838 1680 1871 ἔξεστι·
1708 1838 1756 1864 καὶ
1783 1837 1800 1872 ή
1817 1837 1861 1864 κδ’

1065 1889 1135 1917 διάτ.
1151 1887 1198 1915 τοῦ
1211 1887 1295 1914 αὐτοῦ
1308 1886 1361 1913 τίτ.
1375 1906 1383 1919 ,
1397 1886 1438 1912 ὅτι
1460 1885 1523 1912 Εἴτε
1547 1883 1627 1919 μόνος
1645 1883 1860 1919 μητροπολίτης,

1066 1935 1123 1962 εἴτε
1147 1934 1217 1970 μετὰ
1232 1935 1281 1970 τῆς
1303 1933 1413 1959 συνόδου
1430 1931 1524 1963 αὑτοῦ,
1547 1931 1654 1957 δικάσει
1678 1930 1821 1964 ὲπισκόπῳ
1841 1929 1860 1964 ἢ

1066 1980 1190 2016 κληρικῷ
1208 1988 1215 1996 ·
1231 1979 1312 2006 καὶεί
1325 1979 1364 2014 μὴ
1385 1977 1502 2014 στερχθῇ
1518 1977 1553 2004 τὰ
1575 1976 1766 2012 τετυπωμένα,
1780 1976 1795 2002 ὁ
1809 1975 1861 2009 τῆς

1066 2026 1227 2062 διοικήσεως
1248 2025 1422 2061 πατριάρχης
1445 2025 1552 2056 σκοπεῖ,
1577 2023 1698 2055 καὶτοῖς
1722 2022 1752 2054 ἐξ
1775 2021 1860 2049 αὑτοῦ

1067 2071 1240 2107 κρινομένοις
1267 2070 1444 2106 ἐμμένουσιν,
1460 2069 1498 2101 ὡς
1515 2069 1548 2096 ἂν
1569 2069 1593 2095 εί
1608 2069 1688 2101 αὐτὸς
1716 2068 1746 2100 ἐξ
1771 2068 1861 2102 ἀρχῆς

1067 2118 1192 2145 ἐδίκασεν
1209 2125 1216 2132 ·
1241 2117 1272 2143 οὐ
1293 2117 1348 2152 γὰρ
1363 2115 1543 2143 ἐκκαλοῦνται
1565 2115 1592 2141 al
1614 2115 1668 2141 τῶν
1683 2114 1862 2149 πατριαρχῶν

1067 2164 1152 2199 ψῆφοι
1161 2171 1169 2178 ⁸
1184 2164 1214 2190 τὺ
1225 2163 1290 2190 αὐτὸ
1304 2163 1350 2190 καὶ
1363 2163 1379 2198 ἡ
1394 2161 1415 2198 β’
1431 2162 1500 2189 διάτ.
1514 2161 1562 2188 τοῦ
1577 2164 1601 2188 α’
1617 2161 1670 2188 τίτ.
1681 2161 1735 2187 τῶν
1748 2159 1862 2195 Νεαρῶν

1068 2211 1131 2246 ἥτις
1161 2209 1255 2246 φησιν,
1273 2209 1310 2241 ὡς
1333 2209 1360 2236 εί
1377 2218 1419 2241 τις
1432 2209 1486 2235 τῶν
1504 2209 1580 2244 παρὰ
1596 2207 1738 2242 ὲπισκόπῳ
1753 2206 1864 2238 δικαζο-

223 2259 300 2291 gant,
314 2254 385 2281 intra
413 2253 509 2282 decem
526 2254 585 2281 dies
599 2252 749 2290 [iudicatis]
770 2253 951 2287 contradicat,
970 2253 1012 2281 lo-

1074 2257 1169 2292 μένων,
1196 2257 1262 2283 εἴσω
1289 2255 1355 2282 δέκα
1380 2255 1492 2291 ἡμερῶν
1512 2254 1646 2286 ἀντείποι,
1667 2255 1681 2281 ὁ
1701 2253 1756 2280 τῶν
1771 2253 1864 2279 τόπων

223 2309 320 2329 corum
351 2300 531 2340 magistratus
557 2300 698 2335 negotium
721 2300 904 2328 examinato:
928 2304 955 2328 et
982 2299 1016 2336 [si

195 2361 200 2383 ί
223 2352 298 2376 recte
310 2347 464 2383 iudicatum
477 2354 539 2376 esse
553 2345 654 2383 videat]
669 2347 833 2375 sententiam
854 2347 1017 2374 conﬁrmato

222 2398 250 2421 et
261 2393 436 2428 exsequitor:
449 2400 538 2428 neque
546 2392 593 2427 qui
608 2392 706 2420 iterum
721 2391 748 2418 in
763 2392 814 2419 hoc
823 2391 913 2419 victus
922 2390 1013 2424 luerit,

225 2438 368 2476 [amplius]
385 2437 555 2474 provocandi
570 2442 732 2472 potestatem
757 2437 867 2465 habeto.
895 2435 924 2464 Si
949 2443 1014 2464 vero

224 2485 401 2521 magistratus
432 2484 570 2512 contrario
591 2484 673 2512 modo
694 2488 776 2518 atque
802 2478 947 2518 episcopus
968 2483 1013 2518 ju-

223 2531 307 2564 dicet,
331 2530 509 2566 magistratus
526 2530 663 2558 sententia
689 2528 877 2564 provocationi
893 2529 1013 2556 obnoxia

222 2581 283 2605 esto
301 2586 308 2604 :
326 2580 408 2612 atque
423 2575 575 2604 secundum
593 2575 681 2611 legem
697 2575 813 2603 reiertor
827 2580 855 2602 et
874 2574 1014 2602 examina-

223 2628 276 2652 tor.
295 2623 430 2651 Cmterum
466 2623 488 2650 si
509 2630 541 2650 ex
564 2622 688 2656 jussione
712 2627 760 2649 aut
793 2622 923 2649 mandato
957 2622 1016 2656 cpi-

224 2677 324 2704 scopus
345 2669 460 2704 judicct,
475 2670 635 2704 provocatio
646 2669 809 2697 sententiam
823 2669 884 2704 ejus
906 2669 940 2696 ad
954 2675 1018 2696 cum

227 2716 273 2752 qui
290 2715 508 2743 controversiam
527 2715 671 2751 delegavit,
692 2714 805 2743 referto.

257 2760 506 2793 CAP.Vll.—Quid
515 2761 538 2787 si
548 2761 682 2795 episcopus
692 2768 750 2786 cum
757 2760 908 2795 coepiscopo
915 2765 1018 2787 contro-

223 2807 452 2840 versiumhabens,
460 2816 512 2834 non
518 2807 624 2842 judicio
633 2807 784 2839 contundat,
796 2808 840 2834 sed
851 2815 930 2834 iuanu
941 2808 1019 2842 agat?

261 2864 375 2891 Cundlii
394 2865 613 2900 Carl/mginensis
630 2873 714 2892 canon
731 2863 789 2892 I20.

261 2920 283 2937 "
297 2921 380 2950 Conc.
395 2922 479 2950 Alric.
492 2931 515 2950 ς.
533 2923 576 2950 65.

1068 2302 1160 2338 ἄρχων
1184 2301 1334 2334 ἐξεταζέτω
1351 2301 1381 2328 τὸ
1398 2302 1515 2336 πρᾶγμα
1525 2321 1532 2332 ,
1546 2301 1592 2327 καὶ
1607 2301 1624 2336 ἢ
1644 2299 1797 2335 βεϐαιούτω
1811 2298 1864 2334 τὴν

1064 2348 1155 2383 ψῆφον
1179 2349 1227 2375 καὶ
1246 2346 1425 2380 ὲκσιόαζέτω,
1447 2347 1484 2382 μὴ
1504 2346 1653 2381 δυναμένου
1669 2345 1717 2372 τοῦ
1734 2344 1865 2380 δεύτερον

1064 2393 1112 2420 ἐπὶ
1125 2392 1213 2428 τούτῳ
1229 2393 1391 2428 ἡττηθέντος
1410 2391 1586 2419 ἐκκαλεῖσθαι
1602 2399 1610 2407 ⁶
1629 2391 1760 2422 ἐναντίως
1773 2390 1802 2417 δὲ
1823 2389 1865 2426 τῷ

1066 2440 1209 2466 ὲπισκόπω
1219 2439 1266 2466 τοῦ
1278 2439 1408 2474 ἄρχοντος
1422 2438 1621 2473 ψηφιζομένου,
1635 2439 1652 2473 ἡ
1667 2436 1714 2464 τοῦ
1730 2437 1865 2472 ἄρχοντος

1062 2485 1151 2520 ψῆφος
1161 2485 1494 2520 ὑπόκειταιὲκκλήτῳ,καὶ
1501 2484 1572 2510 κατὰ
1582 2484 1626 2510 τὸν
1634 2483 1715 2518 νόμον
1726 2483 1864 2517 ἀναφέρε-

1064 2540 1108 2558 ται
1118 2532 1165 2558 καὶ
1173 2531 1338 2564 ἐξετάζεται·
1349 2532 1396 2557 ἐὰν
1404 2531 1432 2557 δὲ
1441 2531 1494 2557 ἀπὸ
1502 2530 1653 2562 κελεύσεως
1661 2529 1678 2565 ἢ
1687 2525 1864 2565 προστάξεως

1066 2577 1166 2614 δικάσῃ
1183 2577 1332 2609 ἐπίσκοπος
1345 2597 1352 2610 ,
1366 2579 1382 2613 ὴ
1403 2577 1534 2611 ἓκκλητος
1545 2576 1595 2612 τὴν
1609 2576 1699 2611 ψῆφον
1714 2575 1797 2601 αὑτοῦ
1815 2575 1863 2601 ἐπὶ

1067 2622 1114 2651 τὸν
1134 2623 1357 2659 παραπέμψαντα
1374 2622 1422 2659 τὴν
1440 2623 1569 2650 ὑπόθεσιν
1583 2623 1753 2657 ἀναπέμπει.

1104 2760 1230 2787 ΚΕΦΛΛ.
1260 2760 1298 2786 Ζ¹.
1327 2774 1361 2780 -
1381 2759 1450 2785 Ἐὰν
1476 2758 1644 2790 ἐπίσκοπος
1678 2756 1757 2791 ἔχων
1787 2755 1866 2790 πρὸς

1070 2807 1311 2840 συνεπίσκοπον,
1322 2805 1366 2841 μὴ
1377 2804 1547 2839 δικάσηται,
1565 2803 1646 2832 ἀλλὰ
1659 2802 1734 2838 χειρὶ
1749 2801 1866 2837 πράξω

1190 2864 1324 2892 Συνόδου
1340 2862 1551 2898 Καρθαγέννης
1569 2860 1668 2888 κανὼν
1687 2858 1737 2896 ρκ’.
