1959 3061
118 157 172 190 ⁸129

502 156 702 187 SYNTAG'MA
721 154 914 187 CANONUM.
924 167 959 173 —
973 155 1050 187 TlT.
1066 156 1121 195 IX,
1141 158 1219 190 CAP.
1235 159 1363 190 VII-IX.

1695 163 1748 196 ’130

155 213 227 248 Περὶ
244 212 303 239 τῶν
330 211 395 245 τοῖς
419 211 505 244 λαοῖς
534 211 588 243 οὓς
613 209 784 245 νομίζουσιν
809 209 903 242 αὐτοῖς

999 209 1037 237 De
1045 210 1088 238 Itis
1099 212 1145 246 qui
1154 212 1182 239 in
1197 212 1293 247 plebes,
1310 221 1376 248 quas
1399 213 1435 240 ad
1449 221 1477 240 se
1496 218 1592 245 putant
1609 215 1748 250 pertinere,
1763 216 1769 222 '

120 259 255 291 ἀνήκειν,
263 256 491 284 ἐπιϐαλλόντων
503 255 583 289 παρὰ
594 253 715 290 γνώμην
724 253 784 281 τῶν
796 253 907 287 αὐτοὺς

120 303 318 338 κατεχόντων.

162 348 277 384 Ὁμοίως
291 348 400 383 ήρεσεν,
414 346 458 372 ἵνα
469 344 618 380 οίοιδήποτε
631 344 828 391 ἐπίσκοποιηκ.
840 351 866 370 τ.
880 342 906 370 λ.

154 449 281 477 ΚΕΦΔΛ.
294 447 337 475 ﬂ'.
351 461 386 468 —
401 446 477 474 Πότε
495 445 619 472 δύναται
632 444 798 477 ἐπίσκοπος
812 441 908 470 κινεῖν

120 496 277 528 ὲπισκόπῳ
287 494 368 529 παρὰ
387 492 514 528 ἄρχοντι
525 489 678 522 πολιτικῷ.

238 584 375 613 Συνόὸου
388 581 599 617 Καρθατέννης
610 577 710 606 κανὼν
727 578 784 614 μη’.

154 633 224 666 Περὶ
249 622 520 667 ἁναϐαπτὶᾳμὰταηρ
539 626 589 654 καὶ
616 623 864 661 ἁναχειροτονιῶν
885 624 905 659 ἢ

115 678 309 715 μεταϐάσεως
320 678 505 705 ἐπισκόπων.

155 724 201 761 μη¹
218 726 321 752 Ἐκεῖνο
337 725 366 752 δὲ
384 726 556 760 ἀναφέρομεν
568 722 692 750 annos»;
704 721 781 756 ήμῖν,
796 727 824 746 κ.
834 726 861 745 τ.
879 717 905 744 λ.

152 821 282 848 ΚΕΦΛΛ.
296 821 334 848 Θ’.
355 835 390 841 -
399 820 469 854 Περὶ
479 819 539 847 τῶν
550 819 660 853 ἀδίκως
677 817 907 853 ἐκϐαλλομένων

117 866 292 894 ἐπισκόπων
306 866 355 893 καὶ
375 865 535 899 κληρικῶν.

224 921 361 950 Συνόὸου
377 920 527 955 Σαρδικῆς
542 919 643 947 κανὼν
664 919 693 945 ιδ’
710 921 743 954 ιη’
756 917 798 946 ιϐ’.

155 967 186 996 ιδ’
188 968 292 1029 ἇοσιος
303 967 453 999 ἐπίσκοπος
466 964 537 993 εἷπε·
551 966 588 992 Τὸ
598 965 626 991 δὲ
640 964 754 992 πάντοτέ
762 972 796 998 με
804 962 906 996 κινοῦν,

163 1011 192 1029 τ.
220 1022 228 1029 .

117 1011 147 1030 κ.
163 1011 192 1030 τ.
204 1011 228 1030 Α.

155 1048 200 1085 ιη’.
221 1049 314 1080 Ὅσιος
331 1048 479 1079 ἐπίσκοπος
503 1044 581 1074 εἶπεν
594 1055 602 1062 ·
627 1045 837 1076 Ύποὸἀλλοντος
859 1045 907 1072 καὶ

116 1094 165 1121 τοῦ
187 1093 302 1128 ἀδελφοῦ
326 1093 405 1129 ήμῶν
432 1092 592 1127 Ὀλυμπίου,
617 1091 665 1118 καὶ
687 1091 766 1117 τοῦτο
782 1091 880 1124 ἤρεσεν
895 1097 906 1106 ο

116 1141 162 1168 ἵνα
182 1141 209 1166 εί
220 1149 259 1172 τις
276 1139 434 1175 ἐπίσκοπος,
450 1138 509 1173 βίαν
525 1137 674 1172 ὑπομείνας
688 1136 788 1167 ἀδίκως
807 1135 906 1170 ἐκϐλη-

116 1185 190 1220 θείη,
206 1185 223 1220 ἦ
235 1184 279 1211 διὰ
293 1184 342 1219 τὴν
358 1185 522 1218 ἐπιστήμην,
540 1183 557 1217 ἢ
573 1182 615 1209 διὰ
625 1182 675 1217 τήν
694 1180 837 1216 ὁμολογίαν
856 1181 906 1215 τῆς

116 1230 265 1265 καθολικῆς
284 1229 458 1265 Ἐκκλησίας,
476 1228 495 1264 ἢ
506 1227 551 1254 διὰ
564 1228 613 1263 τὴν
628 1228 676 1262 τῆς
692 1226 822 1262 ἀληθείας
834 1225 907 1252 ὲκδι-

116 1275 192 1309 κίαν,
207 1276 255 1302 καὶ
265 1275 373 1310 φεύγων
391 1274 437 1301 τὸν
454 1274 586 1305 κίνδυνον,
601 1272 688 1304 ἀθῶος
701 1272 749 1299 καὶ
763 1271 906 1299 καθωσιω-

118 1323 200 1358 μένος
217 1321 267 1354 ὣν,
292 1323 331 1353 είς
352 1321 447 1356 ἑτέραν
475 1319 546 1346 ἔλθοι
575 1320 671 1351 πόλιν,
700 1318 738 1354 μὴ
759 1317 906 1345 κωλυέσθω

117 1369 178 1395 ἐκεῖ
195 1368 241 1394 ἐπὶ
261 1367 388 1394 τοσοῦτον
404 1366 517 1400 διάγειν,
545 1365 597 1396 ἕως
613 1365 646 1391 ἂν
659 1363 806 1398 ἐπανέλθῃ,
826 1363 843 1398 ἢ
857 1364 905 1398 τῆς

116 1414 224 1449 ὗΰρεως
235 1413 285 1448 τῆς
298 1412 484 1448 γεγενημένης
508 1410 582 1445 αὐτῷ
601 1409 762 1444 ἀπαλλαγὴν
775 1408 905 1443 εὑρέσθαι

114 1459 218 1495 δυνηθῇ
235 1467 242 1474 ⁸
253 1459 370 1494 σκληρὸν
387 1459 441 1493 γὰρ
450 1458 497 1484 καὶ
511 1456 673 1492 βαρύτατον,
690 1455 800 1482 ἐλασίαν
809 1455 904 1482 ἄδικον

116 1505 350 1540 ὑπομεμενηκότα
366 1504 405 1540 μὴ
413 1498 592 1538 ὑποδέχεσθαί
609 1501 653 1536 ὑφ’
669 1500 749 1536 ἡμῶν
765 1509 772 1516 ·
789 1500 902 1536 πλείστῃ

962 255 1122 284 ἰησοηυεηιίσ
1133 257 1173 284 his
1186 266 1202 284 α
1213 258 1308 293 quibus
1323 264 1443 286 tenentur
1453 260 1591 287 irruerint.

997 343 1062 371 ltem
1076 344 1188 379 placuit,
1207 350 1238 373 ut
1251 345 1408 381 quicunque
1421 346 1551 382 episcopi,
1563 353 1628 381 etc.,
1641 351 1669 374 ut
1685 355 1746 384 pag.

963 388 1026 416 726.

995 444 1076 479 257
1092 444 1169 472 CAP.
1185 446 1252 479 νιιι,
1272 462 1306 467 -
1322 447 1503 479 Quandonam
1527 448 1606 475 liceat
1627 449 1748 484 episeopo

962 490 1097 516 actionem
1116 491 1250 518 intendere
1267 497 1360 519 contra
1371 494 1523 528 episcopum
1547 494 1618 528 apud
1645 495 1748 522 civilem

955 534 1082 568 judieem.

1104 579 1216 607 Consilii
1229 580 1446 616 Carthaginmsis
1461 591 1545 610 canon
1557 584 1601 610 48.

994 625 1034 649 De
1041 624 1296 658 rebaptizationibus
1310 632 1334 654 el
1346 629 1599 662 reordinationibua,
1610 630 1649 657 vel
1659 635 1747 657 trans-

961 668 1105 697 lationibus
1122 671 1316 706 episcoporum.

995 714 1064 742 Illud
1094 720 1186 744 autem
1217 718 1389 753 suggerimus
1414 720 1592 750 mandatum.
1617 725 1691 754 etc.,
1716 726 1745 748 ut

959 767 1020 795 pag.
1034 759 1098 788 559.

995 815 1074 844 CAP.
1093 816 1140 844 IX.
1159 832 1193 839 —-
1207 819 1245 846 De
1267 819 1396 855 episcopis
1415 825 1440 847 et
1462 820 1564 848 clericis
1590 822 1679 858 inique
1702 831 1747 850 ex-

959 861 1053 895 pulsis.

1047 916 1160 944 Concilt't'
1182 917 1349 947 Sardicenst's
1369 929 1480 948 canones
1494 921 1537 954 14,
1556 921 1599 954 18,
1614 922 1657 950 19.

992 961 1036 989 Η.
1060 961 1141 990 Osius
1164 964 1310 999 episcopus
1333 965 1421 993 dixit:
1447 966 1526 998 Quod
1545 972 1637 994 autent
1661 968 1746 995 unde-

956 1015 1064 1043 quaque
1081 1016 1124 1035 me
1138 1014 1238 1042 movet,
1252 1015 1317 1044 etc.,
1333 1016 1363 1038 ut
1373 1019 1434 1046 pag.
1451 1012 1515 1039 725.

993 1054 1026 1081 18
1041 1053 1098 1090 [l7]
1119 1053 1201 1082 Osius
1219 1056 1365 1091 episcopus
1389 1057 1478 1084 dixit:
1501 1057 1666 1093 Suggerente
1688 1057 1745 1085 fra—

956 1103 998 1126 tre
1013 1104 1108 1127 nostro
1123 1100 1258 1136 Olympio,
1273 1102 1326 1130 ltoc
1344 1111 1454 1138 quoque
1467 1103 1585 1138 placuit;
1603 1109 1633 1131 ut
1647 1105 1668 1131 si
1683 1105 1744 1139 quis

956 1145 1101 1180 episcopus
1120 1147 1174 1174 vim
1194 1155 1303 1182 passus,
1321 1148 1421 1182 injuste
1435 1149 1539 1184 ejectus
1558 1150 1604 1182 sit,
1619 1150 1661 1178 vel
1676 1158 1743 1185 pro-

955 1197 1015 1226 pter
1027 1193 1181 1226 Scientiam,
1195 1194 1238 1221 vel
1254 1199 1366 1229 propter
1378 1195 1521 1223 catholicae
1535 1195 1663 1223 Ecclesiae
1679 1204 1746 1224 cott-

955 1235 1114 1269 fessionem,
1129 1237 1169 1264 vel
1183 1244 1296 1273 propter
1315 1239 1438 1267 veritatis
1451 1239 1648 1272 defensionem,
1663 1245 1689 1267 et
1701 1240 1745 1267 fu-

955 1282 1032 1316 giens
1054 1282 1217 1317 periculum,
1239 1284 1372 1312 innocens
1396 1286 1578 1312 exsecrationi
1604 1286 1744 1319 subjectus

955 1325 984 1353 in
996 1326 1078 1354 aliam
1095 1328 1190 1355 urbem
1211 1329 1333 1362 venerit;
1352 1337 1386 1357 ne
1398 1330 1576 1364 prohibeatur
1588 1330 1672 1365 258
1684 1331 1742 1358 illic

955 1371 1050 1398 tandiu
1069 1380 1159 1406 agere,
1189 1374 1276 1401 donec
1293 1380 1455 1409 revertatur,
1482 1377 1524 1403 vel
1551 1384 1567 1403 a
1594 1376 1667 1404 facta
1690 1377 1743 1404 sibi

956 1416 1055 1451 injuria
1078 1419 1166 1453 possit
1189 1419 1376 1448 liberationem
1394 1422 1526 1450 invenire.
1542 1423 1645 1450 Durum
1665 1424 1740 1450 enim

954 1466 1007 1496 est,
1018 1467 1101 1498 atque
1126 1465 1196 1492 adeo
1217 1467 1421 1501 gravissimum,
1450 1476 1513 1496 eum
1541 1469 1589 1504 qui
1611 1469 1742 1504 injustam

954 1507 1116 1543 eiectionem
1132 1518 1229 1545 passus
1239 1515 1292 1544 est,
1305 1519 1320 1539 a
1337 1513 1416 1540 nobis
1427 1521 1482 1540 non
1499 1515 1613 1550 suscipi.
1627 1513 1652 1542 Is
1667 1515 1741 1542 enim

115 1551 173 1586 γὰρ
184 1549 372 1585 καλοκαγαθίᾳ
395 1549 442 1577 καὶ
458 1546 770 1585 φιλοφρονήσειὸφείλει
790 1547 903 1583 παραδέ-

962 1554 1040 1582 debet
1057 1562 1072 1583 ο
1097 1557 1178 1584 nobis
1196 1557 1314 1592 plurima
1336 1559 1508 1588 humanitate
1520 1565 1554 1594 ,οι
1575 1546 1743 1596 benignitate

115 1596 213 1633 χεσθαι
225 1597 239 1623 ὁ
252 1596 380 1628 τοιοῦτος.

213 1655 354 1686 Ἀπαντες
365 1654 521 1690 εἰρήκασιν·
537 1655 638 1690 Ἦρεσε
653 1655 702 1682 καὶ
715 1655 802 1682 τοῦτο.

152 1699 196 1728 ιθ¹.
215 1701 375 1732 Γαυδέντιος
404 1700 552 1732 ἐπίσκοπος
574 1698 651 1727 εἶπεν
671 1708 679 1716 ⁸
696 1699 786 1733 Οῐδας,
807 1699 905 1734 ἀδελφὶ

121 1748 221 1780 ’Δέτιε,
248 1747 286 1780 ὡς
309 1747 340 1773 τὸ
354 1747 504 1782 τηνικαῦτά
533 1756 598 1774 ποτε
621 1747 839 1778 κατασταθέντος
857 1755 905 1773 σου

115 1796 277 1826 ἐπισκόπου,
292 1796 309 1830 ἡ
324 1795 417 1830 εἰρήνη
432 1794 524 1820 λοιπὸν
538 1791 702 1828 ἐϐράϐευσεν
713 1802 719 1809 ’
737 1794 780 1820 ἵνα
792 1793 829 1828 μή
845 1801 905 1820 τινα

114 1842 230 1877 λείψανα
249 1841 381 1876 διχονοίας
394 1841 459 1876 περὶ
483 1840 538 1867 τῶν
552 1839 788 1876 ὲκκλησιαστικῶν
804 1839 904 1865 ἐναπο-

116 1890 208 1925 μείνῃ.
224 1888 295 1920 ἔδοξε
306 1887 353 1914 καὶ
364 1889 426 1918 τοὺς
439 1887 514 1922 τιαρά
526 1881 663 1914 Μουσαίου
673 1884 904 1917 κατασταθέντας,

114 1935 240 1966 καὶτοὺς
268 1934 345 1969 παρὰ
365 1933 542 1968 Εὑτυχιανοῦ,
571 1932 666 1967 ἐπειδὴ
678 1931 769 1958 αὐτῶν
791 1930 904 1966 οὐδεμία

114 1982 190 2009 αἰτία
201 1980 363 2015 εὑρίσκοιτο,
381 1979 484 2010 πάντας
501 1978 691 2013 ὑποδεχθῆναι.

155 2038 188 2065 Ἦ
202 2038 244 2072 κγ’
261 2038 380 2071 διάταξις
408 2037 455 2064 τοῦ
474 2035 497 2071 γ’
510 2036 563 2063 τίτ.
576 2034 622 2062 τοῦ
637 2034 661 2062 α’
687 2033 756 2070 βιῦλ.
772 2032 819 2060 τοῦ
834 2032 902 2061 κώδ.

113 2085 223 2120 δέχεται
232 2083 281 2119 τὴν
299 2085 409 2118 μνήμην
428 2081 589 2113 Φλαὸιανοῦ,
610 2081 657 2107 καὶ
675 2079 800 2106 ἐκϐάλλει
815 2079 904 2106 Εὐτυ-

113 2131 167 2167 χέα
181 2138 188 2144 ·
205 2131 221 2164 ἡ
234 2129 261 2155 δὲ
273 2128 312 2163 λη’
323 2128 391 2155 διάτ.
407 2127 454 2154 τοῦ
471 2126 554 2154 αὑτοῦ
569 2126 620 2153 τίτ.
632 2125 724 2160 φησιν,
740 2125 792 2157 ὅτι,
808 2124 847 2151 Οὺ
864 2124 904 2151 δεῖ

113 2175 177 2205 τοὺς
194 2173 358 2203 ἐπισκόπους
381 2172 428 2199 καὶ
454 2171 611 2206 κληρικοὺς,
637 2169 801 2204 ἀναγκάζειν
828 2169 902 2200 τινὰς

956 1600 1054 1636 excipi.

991 1657 1094 1687 Omnes
1108 1658 1238 1687 dixerunt
1253 1668 1260 1687 :
1278 1658 1336 1688 Hoc
1352 1661 1433 1689 etiam
1449 1662 1563 1697 placuit.

992 1704 1025 1731 19
1044 1704 1114 1740 [18].
1135 1705 1306 1734 Gaudentius
1328 1708 1473 1743 episcopus
1486 1710 1577 1737 dixit:
1594 1709 1665 1743 Scis,
1685 1710 1742 1738 fra-

955 1751 998 1775 ter
1010 1749 1098 1781 Aetio,
1117 1750 1190 1784 quod
1207 1755 1272 1778 tunc
1287 1759 1349 1778 cum
1361 1753 1505 1788 episcopus
1520 1755 1685 1782 constitutus
1699 1763 1739 1789 es,

954 1801 1008 1829 pax
1032 1794 1160 1830 deinceps
1182 1797 1284 1832 viguit;
1308 1805 1342 1825 ne
1366 1799 1463 1833 aliquae
1489 1800 1593 1827 dissidii
1617 1801 1741 1836 reliquias

955 1846 1124 1873 remaneant,
1148 1842 1237 1869 visum
1257 1848 1309 1876 est,
1334 1848 1365 1870 ut
1380 1845 1426 1879 qui
1449 1853 1463 1872 a
1484 1844 1586 1873 Musaeo
1601 1851 1629 1873 et
1657 1846 1740 1882 Euty-

953 1886 1053 1914 cbiano
1078 1887 1222 1915 constituti
1249 1893 1324 1920 sunt,
1345 1891 1410 1924 quia
1443 1891 1516 1919 nulla
1546 1900 1641 1920 eorum
1660 1894 1740 1928 culpa

952 1930 1152 1966 inveniebatur,
1172 1940 1268 1962 omnes
1291 1935 1489 1970 suscipiantur.

989 2031 1096 2059 Textus.
1113 2031 1207 2059 Const.
1222 2032 1267 2064 9.3.
1291 2034 1332 2060 tit.
1356 2034 1383 2066 5,
1400 2034 1448 2062 lib.
1465 2043 1473 2062 ι
1501 2036 1566 2063 Cod.
1588 2036 1651 2064 facit
1664 2045 1740 2065 men-

954 2077 1053 2104 tionem
1069 2077 1203 2110 Flaviani,
1223 2083 1248 2105 ct
1263 2079 1339 2113 ejicit
1354 2080 1542 2115 Eutychetem.
1557 2082 1673 2110 Constit.
1691 2091 1738 2110 ve-

953 2130 984 2150 ro
997 2123 1032 2150 58
1058 2123 1181 2157 ejusdem
1199 2125 1239 2151 tit.
1253 2125 1292 2152 ait
1309 2146 1316 2158 ,
1333 2125 1410 2158 Quod
1424 2135 1479 2154 non
1496 2133 1620 2162 oporteat
1631 2130 1738 2163 episco—

952 2175 1004 2202 pos
1020 2172 1068 2195 aut
1082 2168 1197 2196 clericos
1212 2177 1309 2204 cogere
1324 2170 1443 2204 aliquos,
1458 2176 1486 2198 ut
1503 2172 1608 2200 fructus
1623 2174 1739 2201 olli-rant

113 2219 310 2254 καρποφορεῖν,
338 2217 354 2253 ἢ
367 2216 515 2252 ἀγγαρείας
539 2215 650 2247 διδόναι,
663 2215 679 2250 ἥ
694 2213 868 2250 ἐπηρεάζειν,
884 2214 901 2249 ἢ

962 2217 1000 2239 tut
1025 2213 1151 2248 angarias
1176 2218 1304 2248 praestent
1320 2224 1327 2242 :
1342 2215 1385 2242 vel
1408 2222 1551 2252 propterea
1575 2226 1682 2252 vexare,
1697 2219 1738 2246 vel

113 2264 266 2299 ἀφορίζειν,
286 2264 302 2299 ἢ
326 2262 543 2298 ἀναθεματίζειν,
566 2261 582 2297 ἢ
606 2261 643 2296 μὴ
660 2260 813 2295 βαπτίζειν,
828 2260 845 2295 ἢ
860 2259 898 2295 μὴ

113 2310 215 2336 διδόναι
229 2309 370 2336 κοινωνίαν
383 2308 427 2335 διὰ
438 2308 534 2339 ταῦτα,
550 2307 599 2333 κᾶν
612 2306 672 2338 ἔθος
684 2306 804 2333 τοιοῦτον
822 2305 901 2340 ἐκρά-

112 2363 208 2390 τησεν·
223 2354 238 2380 ὁ
247 2354 276 2381 δὲ
289 2353 476 2389 παραϐαίνων,
489 2352 597 2378 ὲπίπτει
612 2352 661 2386 τῆς
676 2351 841 2386 Ἐκκλησίας
853 2350 900 2377 καὶ

113 2401 164 2436 τῆς
177 2401 337 2436 διοικήσεως
361 2400 456 2435 αὐτῆς,
472 2399 519 2426 καὶ
528 2399 617 2425 δίδωσι
634 2397 649 2424 ι’
678 2398 773 2433 λίτρας
790 2406 798 2414 σ
813 2397 901 2424 ταῦτα

113 2445 144 2473 δὲ
170 2447 268 2481 κρατεῖ
289 2447 318 2472 ἐν
346 2446 413 2481 μόνῃ
433 2446 465 2480 τῇ
487 2444 664 2480 βασιλευούσῃ
687 2444 734 2470 καὶ
752 2445 786 2478 τῇ
809 2442 901 2478 ἑνορίᾳ

106 2492 212 2527 αὐτῆς,
230 2493 277 2518 καὶ
294 2494 351 2524 τοῖς
369 2492 499 2527 ἀνήκουσι
512 2491 605 2522 τόποις
623 2490 829 2525 μητροπολίτου,
848 2488 901 2515 ὑπὸ

113 2539 162 2566 τοῦ
175 2540 345 2574 πατριάρχου
371 2537 627 2573 χειροτονουμένοις,
643 2537 726 2572 ῆτοῖς
743 2536 774 2569 ἐξ
789 2536 900 2563 ἐκείνων

114 2585 267 2620 γινομένοις
289 2584 463 2614 ἐπισκόποιςθ
493 2583 540 2609 καὶ
561 2584 577 2618 ή
594 2581 624 2614 ιζ’
648 2583 716 2609 διάτ.
732 2582 779 2608 τοῦ
799 2581 824 2608 α’
845 2582 899 2609 τίτ.

113 2631 169 2658 τῶν
182 2631 298 2665 Νεαρῶν
320 2638 413 2665 φησιν,
431 2629 473 2655 ὅτι
497 2629 644 2659 ἐπίσκοπος
669 2628 685 2662 ἢ
703 2627 899 2662 πρεσϐύτερος,

114 2677 200 2711 χωρὶς
220 2675 365 2710 κανυνικῆς
382 2674 481 2706 αἰτίας,
502 2674 640 2708 ἀφορίζων
660 2673 722 2700 τινὰ
739 2674 789 2708 τῆς
804 2681 900 2700 κοινω-

114 2723 187 2755 νίας,
201 2722 332 2756 λυομένου
355 2720 402 2747 τοῦ
420 2719 559 2755 χωρισμοῦ
578 2719 630 2746 ὑπὸ
654 2718 701 2745 τοῦ
724 2719 845 2754 μείζονος
862 2719 901 2745 ἰε-

118 2769 197 2805 ρέως,
211 2768 292 2800 αὐτὸς
313 2767 494 2801 ἀκοινώνητος
519 2766 638 2800 γίνεται,
658 2765 700 2800 ἐφ’
721 2766 782 2792 ὅσον
806 2765 902 2800 χρόνον

116 2812 209 2848 ἱερεὺς
225 2812 271 2846 ὑφ’
282 2812 311 2840 ὃν
322 2812 396 2840 τελεῖ
407 2810 518 2838 συνίδοι.

950 2259 1198 2293 excommunicare,
1210 2261 1251 2288 vel
1269 2262 1443 2290 anathemate
1462 2263 1553 2297 ferire,
1574 2266 1615 2292 vel
1632 2265 1739 2293 Eucha-

950 2305 1035 2332 ristiaz
1058 2311 1259 2333 sacramentum
1286 2315 1341 2334 non
1362 2309 1525 2343 porrigere:
1547 2311 1654 2338 tametsi
1677 2319 1741 2339 con-

950 2349 1093 2376 suetudine
1109 2350 1135 2376 id
1158 2351 1314 2379 invaluerit.
1341 2352 1587 2388 Transgressorem
1603 2361 1693 2382 autem
1706 2357 1741 2383 ab

950 2393 1070 2421 Ecclesia
1083 2394 1197 2429 ejusque
1207 2395 1441 2425 administratione
1451 2399 1586 2432 excidere,
1601 2407 1633 2427 ac
1646 2401 1739 2428 decem

950 2439 1033 2467 libras
1046 2440 1122 2467 dare.
1141 2441 1230 2476 Atque
1244 2441 1302 2469 haec
1323 2443 1433 2477 quidem
1450 2443 1476 2471 in
1493 2444 1551 2472 sola
1572 2445 1644 2479 regia
1659 2446 1738 2478 urbe,

950 2485 1065 2520 ejusque
1088 2487 1239 2519 territorio,
1262 2493 1289 2515 et
1306 2488 1373 2516 locis
1397 2495 1445 2516 aut
1462 2490 1495 2517 ad
1519 2492 1740 2526 metropolitanos

951 2533 998 2567 qui
1017 2540 1032 2559 a
1049 2533 1202 2567 patriarcha
1218 2534 1390 2568 ordinantur,
1408 2540 1455 2563 aut
1479 2537 1512 2563 ad
1532 2537 1674 2572 episcopos
1695 2539 1740 2573 qui

952 2577 986 2604 ab
1001 2578 1077 2605 hisce
1103 2577 1344 2616 [metropolitanis]
1370 2585 1509 2614 creantur,
1529 2583 1739 2617 pertinentibus,

952 2624 1082 2653 obtinere.
1099 2624 1133 2651 Et
1155 2630 1244 2654 const.
1262 2627 1290 2659 2,
1313 2627 1355 2654 tit.
1373 2634 1381 2654 t
1397 2626 1570 2655 Novellarum
1583 2628 1620 2656 ait
1635 2637 1642 2655 :
1663 2629 1740 2661 Quod

952 2669 1096 2704 episcopus
1113 2675 1160 2697 aut
1175 2672 1325 2707 presbyter,
1342 2673 1389 2707 qui
1402 2673 1471 2700 citra
1487 2681 1598 2701 causam
1614 2674 1641 2700 in
1659 2681 1740 2700 cano-

952 2716 1033 2742 nibus
1063 2717 1289 2750 comprehensam
1315 2726 1330 2745 a
1361 2719 1554 2747 communione
1584 2719 1739 2753 quempiam

953 2766 1076 2796 sogregat
1091 2782 1100 2795 ,
1122 2763 1240 2791 resoluta
1265 2764 1438 2799 separatione
1462 2772 1509 2800 per
1540 2765 1671 2799 majorem
1694 2772 1739 2792 sa?

953 2809 1102 2841 cerdotcm,
1131 2809 1188 2843 ipse
1218 2816 1431 2845 quantocunque
1454 2816 1574 2845 tempore
1603 2810 1739 2838 sacerdOti

956 2854 999 2880 cui
1016 2856 1109 2883 subest
1121 2855 1205 2883 sisum
1219 2855 1311 2888 fuerit,
1327 2865 1342 2884 a
1359 2856 1550 2885 communione
1571 2857 1737 2888 excludatur.
