1959 3061
225 241 262 267 vel
273 243 466 269 communione.

336 296 523 331 Apostolorum
532 308 644 327 canones
656 300 700 334 1‘2,
716 301 760 334 15,
781 302 826 334 52,
846 303 891 330 51.

257 340 300 368 12.
332 342 360 369 Si
381 343 443 377 quis
471 342 511 360 '5‘
526 345 641 373 clericus
669 346 710 374 vel
730 347 817 375 laicus
836 353 1014 383 segregatus,

223 388 281 414 sive
320 397 373 416 non
399 390 580 424 recipiendus.
602 391 756 424 discedens,
796 394 822 420 in
843 394 927 421 altera
947 396 1015 423 urbe

222 439 348 468 receptus
384 434 468 462 fuerit
500 436 604 472 absque
628 437 727 466 litteris
756 440 988 468 eommcndatitiis
1006 462 1014 474 ,

221 485 400 514 segregetur,
426 486 452 508 et
483 482 530 517 qui
567 483 693 518 exeipit,
725 491 752 511 et
798 485 844 520 qui
884 491 1016 522 exceptus

221 528 272 552 est.

256 581 300 608 15.
317 581 364 609 Sin
379 588 469 610 autem
485 588 528 612 est
541 591 712 621 segregatus,
727 587 789 622 ejus
802 587 959 616 intendatur
973 597 1016 617 se-

225 627 359 662 gregatio.

256 672 301 699 32.
316 674 344 700 Si
360 674 423 708 quis
438 675 578 711 presbyter
591 678 631 703 vel
647 678 778 706 diaconus
793 679 828 706 ab
841 679 969 715 episcopo
980 681 1016 708 sit

220 722 389 752 segregatus,
405 727 458 746 non
474 720 553 748 liceat
568 722 612 748 alii
629 730 691 749 eum
706 725 857 757 suscipere,
869 733 952 759 quam
967 727 1014 760 qui

221 761 310 796 ipsum
324 765 475 799 segregavit
493 775 500 793 :
521 767 574 794 nisi
592 767 663 795 forte
680 769 716 796 sit
728 774 855 798 mortuus
868 771 1015 807 episcopus

222 809 268 843 qui
284 810 375 844 ipsum
394 812 558 846 segregavit.

256 901 300 928 5|.
315 901 343 928 Si
367 903 429 936 quis
445 903 599 938 episcopus,
624 905 776 940 presbyter,
802 907 843 933 vel
870 907 1012 941 diaconus,

222 947 263 974 vel
278 947 391 975 omnino
406 955 436 975 ex
455 949 618 977 sacerdotali
631 959 756 984 numero,
770 959 784 978 a
800 952 912 988 nuptiis,
923 954 1014 981 carui-

222 992 273 1019 bus
287 997 314 1018 et
327 992 402 1024 vino,
415 1001 468 1020 non
480 999 591 1029 propter
599 996 834 1029 exercitationem,
846 998 891 1024 sed
903 1003 1014 1033 propter

222 1037 449 1065 abominationem
468 1039 599 1071 abstinet,
614 1041 716 1068 oblitus
731 1041 804 1076 quod
826 1043 917 1070 omnia
937 1044 1014 1072 valde

223 1083 303 1115 bona,
318 1088 344 1111 et
361 1084 425 1119 quia
443 1086 624 1113 masculinum
642 1092 668 1114 et
683 1086 846 1114 ieiiiininum
864 1088 929 1116 fecit
943 1089 1014 1118 Deus

224 1130 361 1157 hominem
375 1140 382 1157 :
400 1131 447 1158 sed
458 1131 651 1166 blasphemans
662 1133 846 1161 calumniatur
858 1135 1013 1170 opiﬁcium;

223 1176 264 1201 vel
277 1176 440 1211 corrigatur.
455 1177 497 1204 vel
509 1177 672 1211 deponatur,
685 1183 713 1206 et
727 1187 761 1206 ex
779 1179 903 1208 Ecclesia
918 1181 1014 1217 ejicia-

225 1226 278 1248 Iur.
296 1221 428 1249 Similiter
448 1228 474 1250 et
491 1223 588 1252 laicus.

321 1278 436 1306 Conrilii
454 1279 557 1308 Nicreni
572 1290 684 1309 canones
695 1282 723 1315 5,
746 1283 790 1314 12.
810 1284 854 1315 13,
870 1283 914 1312 16.

260 1324 286 1350 5.
308 1323 344 1351 De
361 1324 394 1350 iis
409 1325 456 1359 qui
472 1333 487 1352 a
504 1328 698 1356 communione
711 1329 847 1364 segregati
862 1334 938 1364 sunt,
949 1335 1014 1364 etc.,

224 1376 252 1396 ιιι
268 1379 329 1406 pag.
351 1371 414 1398 674.

260 1428 305 1455 12.
325 1427 377 1461 Qui
393 1433 484 1457 autem
499 1437 515 1457 a
527 1431 612 1465 gratia
625 1431 650 1447 ”
666 1432 775 1466 quidem
790 1433 907 1467 evocati,
919 1438 947 1461 et
959 1434 1015 1469 pri-

225 1482 298 1501 nnnn
319 1483 399 1502 suum
420 1475 548 1504 ardorem
561 1478 753 1512 ostenderunt,
769 1483 796 1507 et
810 1480 920 1515 cingula
933 1481 1017 1515 depo—

224 1526 350 1554 suerunt,
373 1527 468 1556 postea
482 1527 572 1550 autem
588 1528 618 1551 ut
634 1531 716 1552 canes
731 1525 766 1552 ad
787 1533 868 1553 suum
882 1527 1015 1554 vomitum

225 1568 328 1595 reversi
344 1573 419 1601 sunt,
441 1574 470 1596 ut
489 1571 612 1597 nonnulli
635 1571 718 1598 etiam
737 1572 882 1606 pecuniam
898 1573 1014 1607 profun-
1030 1560 1052 1589 θ

224 1613 331 1645 derent,
360 1618 387 1640 ct
410 1614 551 1642 beneﬁciis
577 1616 710 1644 malitiam
740 1623 962 1652 assequercntur,
987 1619 1014 1646 hi

225 1657 318 1685 decem
337 1659 417 1685 annis
432 1664 641 1693 prosternamur
667 1660 816 1694 supplices,
845 1661 927 1688 etiam
954 1666 1016 1696 post

226 1704 335 1731 triennii
362 1705 511 1732 auditionis
529 1710 645 1740 tempus.
663 1706 691 1733 In
709 1706 752 1734 bis
775 1711 865 1734 autem
888 1708 1017 1737 omnibus

226 1751 384 1778 examinare
415 1751 543 1778 convenit
571 1752 716 1779 consilium
745 1757 772 1779 et
798 1753 917 1788 speciem
935 1754 1018 1790 260

226 1796 405 1830 poenitentiae.
421 1796 585 1832 Quicunque
599 1797 672 1824 enim
689 1802 716 1824 et
732 1803 818 1830 metu,
833 1803 861 1826 et
876 1799 1016 1835 lacrymis,

228 1847 256 1869 et
280 1843 437 1875 tolerantia,
459 1847 486 1870 et
511 1843 590 1872 bonis
614 1844 745 1879 operibus
763 1845 968 1873 conversionem
991 1851 1019 1874 et

229 1894 312 1921 opere
334 1892 362 1914 et
379 1887 474 1914 habitu
497 1887 655 1920 ostendunt,
676 1887 704 1915 hi
733 1888 845 1923 impleto
870 1888 1019 1917 auditionis

228 1937 354 1968 tempore
376 1933 450 1968 quod
473 1933 634 1968 praeﬁnitum
657 1939 710 1967 est,
740 1935 839 1961 merito
862 1934 1019 1962 orationum

228 1978 452 2006 cammunionem
466 1979 617 2010 habebunt,
634 1987 696 2006 cum
713 1987 746 2008 eo
761 1980 833 2015 quod
846 1980 928 2008 liceat
937 1981 1019 2008 etiam

228 2024 358 2059 episeopo
378 2024 527 2052 humanius
547 2025 650 2059 aliquid
665 2024 699 2052 de
719 2026 758 2052 eis
775 2030 896 2053 statuere
905 2025 939 2053 ⁸ο.
955 2025 1021 2059 Qui-

229 2077 340 2105 cunque
368 2075 459 2097 autem
487 2078 541 2097 non
568 2071 636 2098 adeo
663 2072 781 2106 graviter
809 2071 940 2104 tulerunt,
970 2078 1022 2099 nec

230 2115 345 2142 multum
374 2123 423 2143 sua
450 2116 553 2143 referre
575 2117 781 2149 existimarunt,
812 2118 936 2152 satisque
961 2125 1022 2146 esse

229 2166 361 2196 putarunt
393 2162 420 2189 in
445 2163 577 2190 ecclesias
604 2164 708 2198 ingredi
741 2164 774 2191 ad
802 2164 1021 2198 conversionem,

231 2212 339 2243 lt'lllplls
357 2209 471 2237 omnino
486 2209 628 2245 impleant.

1035 2233 1058 2264 Ο

266 2265 308 2292 15,
330 2264 367 2293 De
388 2265 421 2293 iis
437 2265 484 2300 qui
509 2267 644 2294 excedunt
656 2267 690 2300 ³⁸,
705 2267 816 2302 antiqua
839 2273 866 2295 et
889 2269 1021 2296 canonica

230 2311 273 2337 lex
290 2319 362 2337 nunc
378 2319 486 2347 quoque
510 2313 677 2346 servabitur,
697 2319 727 2342 ut
743 2315 766 2342 si
783 2314 845 2350 quis
865 2315 920 2343 vita
937 2323 1020 2343 exce-

232 2356 289 2388 dat,
305 2355 401 2383 ultimo
415 2361 443 2383 et
460 2357 578 2384 iiiasirue
600 2359 756 2386 necessario
771 2359 871 2387 viatico
886 2367 920 2387 ne
933 2360 1022 2394 prive-

233 2405 287 2428 tur.
304 2401 332 2428 Si
348 2407 438 2429 autem
455 2402 612 2438 deploratus
625 2409 653 2431 et
666 2406 889 2433 communionem
911 2413 1022 2434 assecu-

233 2451 277 2474 tus
295 2454 393 2475 rur5us
407 2448 434 2475 in
451 2449 528 2476 vivos
546 2449 650 2478 relatus
669 2451 706 2478 sit
723 2459 785 2478 eum
810 2451 842 2478 iis
857 2452 905 2486 qui
919 2452 1022 2480 oratio-

234 2499 298 2518 nutn
333 2497 396 2519 sntit
428 2497 533 2521 tantum
569 2495 770 2523 communionis
803 2497 960 2531 participes.
994 2496 1022 2524 In

234 2545 341 2564 summa
358 2543 463 2570 autem.
484 2541 518 2566 de
539 2541 662 2574 quolibet
681 2542 830 2569 excedente
849 2547 877 2569 et
891 2543 1021 2571 Euchari-

235 2584 293 2610 sliat
319 2584 556 2619 participationem
581 2591 708 2621 petente,
733 2595 796 2615 cum
824 2589 1026 2617 examinatione

235 2629 400 2657 oblationem
418 2631 567 2665 impertiat.

274 2719 313 2748 16.
334 2719 496 2756 Quicunque
519 2727 631 2756 temere,
643 2727 708 2756 etc.,
725 2728 753 2751 ut
769 2731 831 2759 pay.
844 2724 907 2752 5H.

272 2808 385 2848 ’κ’ξίέίιιι.
405 2811 507 2848 Nereo.
545 2813 568 2827 "
581 2812 662 2848 Neoc.
680 2814 713 2845 5;
740 2813 824 2842 Afric.
844 2815 892 2847 10;
919 2814 999 2841 Sirio.
1024 2814 1056 2848 5;

806 156 938 187 PHOTII
956 156 1210 190 PATRIARCH/E
1224 158 1280 189 CP.
1808 162 1830 190 Tt

260 196 343 232 259
357 197 397 224 (ΞΛ
405 197 434 225 Ρ.
450 197 486 226 Χ.
498 198 579 226 —De
595 201 726 234 separatis
740 207 786 228 aut
798 201 882 236 pulsis
898 200 1017 228 Ecclesia

1104 202 1230 229 ΚΕΦΑΛ.
1246 204 1274 229 Ι’.
1287 218 1322 223 —
1335 203 1404 237 Περὶ
1418 203 1477 230 τῶν
1490 202 1708 238 ἁφθριζομένων
1720 205 1740 239 ἢ
1753 204 1855 234 £16111-

1808 161 1856 192 732

1066 246 1202 282 λομένων
1218 248 1273 282 τῆς
1281 249 1461 283 Ἐκκλησίας
1477 249 1496 284 ἣ
1516 249 1571 283 τῆς
1585 250 1754 284 κοινωνίας.

1217 305 1407 332 Ἆποστόλων
1419 305 1521 332 κανὼν
1532 304 1565 339 ιβ’
1579 303 1613 339 ιγ’
1625 305 1664 340 λβ¹
1672 305 1719 334 να’.

1104 348 1146 383 ιβ’.
1163 350 1196 376 Εἴ
1217 359 1259 382 τις
1279 350 1411 385 κληρικδς
1425 351 1441 386 ἢ
1456 351 1559 383 λαῖκὺς,
1583 351 1777 387 ἀφωρισμένος
1801 353 1856 388 ἤτοι

1066 395 1189 428 ἀδεκτος,
1207 396 1333 423 ἀπελθὼν
1348 397 1376 423 ὲν
1391 397 1472 433 ἑτέρᾳ
1488 397 1565 424 πόλει
1579 398 1672 433 δεχθῇ,
1691 399 1755 425 ἄνευ
1771 407 1856 434 γραμ-

1067 440 1161 475 μάτων
1174 443 1528 479 συστατικῶν,ἀφοριζέσθω
1542 444 1589 471 καὶ
1599 444 1613 470 ό
1627 443 1772 479 δεξάμενος
1787 444 1831 471 καὶ
1843 445 1857 472 ό

1065 487 1181 522 δεχθείς.

1101 585 1147 621 ιγ’.
1162 588 1193 613 El
1215 587 1243 614 δὲ
1267 588 1458 624 ἀφωρισμένος
1472 590 1528 626 εἴη,
1545 590 1725 617 ἐπιτεινέσθω
1751 590 1823 626 αὐτῷ
1841 592 1854 618 ό

1068 632 1232 668 ἀφορισμός.
1554 670 1556 672 _

1102 677 1152 713 λβ¹.
1170 679 1203 705 Εἴ
1212 687 1254 710 τις
1270 679 1482 716 πρεσϐύτεροςῆ
1500 678 1623 712 διάκονος
1636 680 1689 707 ὑπὸ
1708 681 1854 708 ἐπισκόπου

1065 723 1178 758 γένηται
1192 725 1221 749 ὲν
1231 723 1387 759 ὰφορισμῷ,
1402 724 1498 751 τοῦτον
1514 726 1552 760 μὴ
1565 725 1664 758 ὶξεϊναι
1683 725 1750 760 παρ’
1764 725 1854 760 ἑτέρου

1065 769 1191 804 δεχθῆναι
1204 769 1262 796 ἀλλ’
1276 769 1292 805 ἢ
1308 770 1383 805 παρὰ
1396 770 1443 796 τοῦ
1463 770 1643 806 ἀφορίσαντος
1659 769 1739 797 αὐτόν
1752 777 1758 784 ·
1778 771 1803 796 εί
1820 770 1856 805 μὴ

1065 815 1098 842 ἂν
1113 815 1183 842 κατὰ
1197 816 1347 852 συγκυρίαν
1361 816 1511 852 τελευτήσῃ
1527 817 1542 842 ὁ
1559 817 1692 852 ἀφορίσας
1703 816 1784 843 αὑτὸν
1797 816 1856 842 ἐπί-

1030 881 1052 910 B
1068 870 1180 894 σκοπος.

1101 906 1151 934 va’.
1167 907 1200 934 Εῐ
1213 915 1255 939 τις
1273 907 1433 940 ἐπίσκοπος,
1449 907 1466 943 ἢ
1480 907 1676 943 πρεσϐύτερος,
1694 906 1710 942 ἢ
1724 906 1854 940 διάκονος,

1067 951 1166 987 nam;
1190 951 1237 977 τοῦ
1263 951 1413 986 καταλόγου
1445 951 1492 978 τοῦ
1524 951 1673 987 ἱερατικοῦ,
1698 952 1787 986 γάμου
1811 953 1856 978 καὶ

1067 997 1155 1032 κρεῶν
1175 997 1221 1024 καὶ
1236 995 1308 1024 οἱνου
1320 997 1352 1024 οὐ
1375 997 1408 1024 δι’
1427 997 1554 1032 ἄσκησιν,
1578 997 1646 1024 ἀλλὰ
1660 997 1704 1023 διὰ
1717 997 1856 1033 βδελυρίαν

1066 1043 1208 1078 ἀπέχεται,
1221 1044 1261 1070 ὅτι
1278 1044 1367 1070 πάντα
1381 1042 1452 1069 καλὰ
1461 1042 1521 1070 λίαν
1541 1043 1588 1070 καὶ
1597 1043 1638 1070 ὅτι
1650 1043 1734 1078 ἄρσεν
1748 1044 1795 1070 καὶ
1808 1043 1856 1078 Θῆ-

1067 1089 1099 1115 λυ
1113 1089 1241 1121 ἐποιήσεν
1255 1089 1269 1115 ὁ
1286 1089 1351 1120 Θεὸς
1369 1089 1414 1116 τὸν
1431 1088 1584 1124 ἄνθρωπον,
1604 1089 1671 1115 ἀλλὰ
1684 1089 1854 1124 βλασφημῶν

1067 1135 1202 1162 διαϐάλλει
1215 1134 1263 1171 τὴν
1272 1135 1463 1170 δημιουργίαν,
1480 1135 1497 1170 ἢ
1514 1134 1678 1171 διορθούσθω
1690 1134 1706 1170 ἢ
1721 1135 1858 1170 καθαιρεί-

1069 1180 1124 1208 σθω
1140 1181 1187 1207 καὶ
1201 1181 1250 1216 τῆς
1257 1181 1419 1217 Ἐκκλησίας
1436 1181 1630 1209 ἀποϐαλλέσοω
1643 1189 1652 1197 ’
1664 1181 1794 1213 ὡσαύτως
1813 1181 1858 1207 καὶ

1068 1226 1173 1259 λαῖκός.

1172 1285 1310 1313 Σιυνόδου
1324 1285 1448 1318 Νικαίας
1459 1286 1560 1313 κανὼν
1571 1284 1592 1312 ε’
1606 1284 1640 1321 ιβ’
1657 1285 1691 1320 ιγ’
1708 1284 1768 1317 ις.¹.

1104 1330 1135 1359 ε’.
1155 1332 1223 1367 Περὶ
1237 1331 1292 1358 τῶν
1307 1332 1497 1367 ἀκοινωνήτων
1511 1331 1677 1367 γενομένων,
1698 1340 1725 1359 κ.
1741 1341 1767 1359 τ.
1781 1332 1807 1360 λ.

1107 1430 1150 1467 ιβ’.
1167 1433 1198 1458 Οί
1213 1431 1240 1458 δὲ
1254 1431 1470 1467 προσκληθέντες
1482 1431 1532 1466 μὲν
1552 1431 1604 1458 ὑπὸ
1619 1431 1668 1466 τῆς
1681 1432 1801 1467 χάριτος,
1815 1433 1863 1459 καὶ

1069 1477 1118 1513 τὴν
1138 1476 1250 1513 πρώτην
1265 1477 1354 1512 ὁρμὴν
1368 1477 1560 1512 ὲνδειξάμενοι,
1574 1477 1622 1504 καὶ
1636 1477 1801 1513 ἀποθέμενοι
1812 1479 1863 1510 τὰς

1070 1520 1169 1553 ζώνας,
1186 1520 1256 1555 μετὰ
1266 1520 1295 1547 δὲ
1305 1520 1393 1547 ταῦτα
1404 1521 1450 1547 ἐπὶ
1463 1521 1508 1547 τὸν
1518 1521 1618 1548 οἰκεῖον
1634 1521 1730 1557 ἔμετον
1744 1522 1864 1558 ἀναδρα-

1071 1567 1167 1602 μόντες
1180 1567 1217 1598 ὡς
1241 1566 1332 1598 κύνες,
1349 1567 1386 1598 ὥς
1406 1576 1482 1599 τινας
1512 1568 1559 1594 καὶ
1577 1568 1696 1603 ἀργύρια
1719 1568 1863 1603 προέσθαι,

1066 1612 1114 1639 καὶ
1131 1612 1296 1648 βενεφικίοις
1325 1612 1498 1648 κατορθῶσαι
1523 1613 1553 1639 τὺ
1581 1614 1864 1649 ἀναστρατεύσασθαι,

1066 1656 1138 1686 οὗτοι
1157 1659 1222 1684 δέκα
1242 1658 1292 1693 ἔτη
1314 1659 1554 1691 ὖποπιπτέτωσαν,
1576 1660 1645 1694 μετὰ
1658 1661 1704 1687 τὸν
1733 1661 1782 1695 τῆς
1803 1669 1865 1695 τρι-

1067 1703 1144 1736 ετοῦς
1158 1704 1316 1740 ἀκροάσεως
1336 1705 1430 1740 χρόνον
1446 1713 1453 1719 ⁸
1471 1706 1513 1739 ἐφ’
1522 1704 1607 1731 ἅπασι
1619 1705 1648 1732 δὲ
1661 1705 1764 1737 τούτοις
1779 1714 1851 1740 προσ

1068 1751 1130 1786 ήκει
1157 1749 1293 1782 ἐξετάζειν
1325 1750 1374 1786 τὴν
1394 1750 1555 1786 προαίρεσιν
1582 1752 1626 1777 καὶ
1659 1751 1689 1778 τὸ
1724 1749 1794 1783 εἶδος
1815 1752 1868 1786 τῆς

1069 1795 1230 1830 μετανοίας·
1263 1795 1320 1821 ὅσοι
1351 1795 1400 1829 μὲν
1425 1795 1480 1829 γὰρ
1504 1795 1578 1831 φόϐῳ
1601 1795 1649 1822 καὶ
1675 1795 1792 1831 δάκρυσι
1817 1797 1868 1824 καὶ

1070 1842 1192 1876 ὑπομονῇ
1209 1841 1257 1868 καὶ
1271 1841 1467 1876 ἁγαθοεργίαις
1476 1841 1526 1876 τὴν
1540 1835 1718 1876 ὲπιστροῷὴν.
1729 1842 1804 1878 ἔργῳ
1819 1843 1869 1869 καὶ

1070 1888 1101 1914 οὐ
1125 1888 1246 1923 σχήματι
1271 1887 1484 1920 ἐπιδείκνυνται,
1510 1884 1584 1914 οὗτοι
1607 1887 1799 1923 πληρώσαντες
1821 1889 1870 1914 τὸν

1070 1933 1166 1969 χρόνον
1184 1933 1229 1960 τὸν
1249 1932 1403 1968 ὡρισμένον
1424 1932 1472 1967 τῆς
1489 1932 1663 1968 ἀκροάσεως,
1682 1932 1795 1964 εἰκότως
1812 1933 1870 1959 τῶν

1071 1979 1158 2014 εὐχῶν
1175 1979 1382 2014 κοινωνήσουσι,
1400 1978 1470 2013 μετὰ
1483 1978 1530 2004 τοῦ
1549 1978 1649 2010 ἐξεῖναι
1664 1978 1702 2013 τῷ
1713 1978 1870 2014 ἑπισκόπῳ,

1072 2026 1120 2051 καὶ
1135 2025 1390 2060 φιλανθρωπότερόν
1404 2033 1431 2051 τι
1450 2025 1515 2060 περὶ
1529 2024 1618 2051 αὐτῶν
1643 2024 1842 2059 βουλεύσασθαι
1859 2034 1868 2041 ·

1073 2070 1129 2097 ὅσοι
1141 2069 1168 2096 δὲ
1180 2069 1329 2105 ἁδιοφόρως
1343 2069 1474 2104 ἧνεγκαν,
1487 2069 1572 2096 καὶτὸ
1584 2069 1677 2104 σχῆμα
1693 2068 1739 2095 τοῦ
1755 2069 1871 2097 εἰσιέναι

1073 2116 1114 2146 είς
1128 2115 1178 2151 τὴν
1201 2115 1349 2150 ἐκκλησίαν
1364 2115 1460 2151 ἀρκεῖν
1482 2115 1573 2146 αὐτοῖς
1587 2115 1724 2150 ἡγήσαντο
1737 2115 1805 2150 προς
1819 2115 1872 2151 τὴν

1073 2162 1242 2198 ἔπιε-τροφὴν
1255 2183 1263 2195 ,
1276 2159 1349 2189 οὗτοι
1360 2161 1512 2195 ἐξάπαντος
1527 2161 1726 2196 πληρούτωσαν
1741 2162 1787 2188 τὸν
1802 2162 1872 2198 χρό-

1075 2217 1129 2236 νον.

1111 2263 1156 2298 ιγ’.
1177 2264 1246 2300 Περὶ
1270 2264 1299 2291 δὲ
1315 2264 1369 2291 τῶν
1383 2264 1561 2297 ὲξοδευόντων
1573 2284 1581 2296 ,
1598 2264 1613 2290 ὁ
1628 2263 1742 2296 παλαιδς
1757 2264 1804 2290 καὶ
1822 2272 1874 2290 και

1075 2311 1181 2342 νονικὺς
1205 2311 1285 2346 νόμος
1314 2311 1518 2346 φυλαχοήσεται
1545 2311 1593 2337 καὶ
1607 2310 1665 2342 νῦν,
1693 2309 1763 2336 ὥστε
1781 2310 1809 2336 ετ
1829 2319 1877 2342 τις

1075 2358 1193 2392 ὲξοδεύοι
1205 2379 1211 2390 ,
1230 2357 1277 2385 τοῦ
1300 2358 1456 2384 τελευταίου
1472 2358 1519 2384 καὶ
1535 2357 1748 2391 ἀναγκαιοτάτου
1762 2357 1876 2391 ἐφοδίου

1075 2405 1171 2432 τοῦτον
1193 2404 1230 2439 μὴ
1251 2404 1463 2439 ἀποστερεῖσθαι
1480 2411 1486 2418 ’
1508 2405 1532 2430 εί
1557 2404 1585 2431 δὲ
1610 2403 1797 2438 ἀπογνωσθεὶς
1826 2404 1879 2430 καὶ

1076 2451 1220 2482 κοινωνίας
1235 2450 1336 2485 τυχὼν.
1355 2450 1424 2486 μετὰ
1437 2450 1491 2477 τῶν
1504 2450 1706 2477 κοινωνούντων
1723 2449 1773 2484 τῆς
1786 2449 1879 2486 εὐχῆς

1078 2497 1162 2532 μόνης
1177 2496 1259 2528 ἔστω,
1282 2496 1362 2532 ἄχρις
1377 2495 1411 2523 ἂν
1428 2495 1560 2531 πληρωοῇ
1575 2496 1589 2522 ὁ
1615 2495 1735 2530 ὁρισοεὶς
1752 2495 1804 2522 ὑπὸ
1824 2496 1880 2530 τῆς

1078 2542 1199 2578 μεγάλης
1221 2542 1330 2568 συνόδου
1346 2542 1439 2577 χρόνος
1451 2550 1459 2559 ⁸
1473 2542 1589 2568 καθόλου
1601 2542 1629 2568 δὲ
1648 2542 1696 2568 καὶ
1716 2542 1782 2577 περὶ
1802 2550 1880 2568 παν-

1077 2589 1122 2620 τὸς
1135 2587 1290 2615 οὑτινοσοῦν
1309 2587 1487 2620 ἐξοδεύοντος,
1507 2587 1644 2619 αἰτοῦντος
1662 2587 1710 2614 τοῦ
1726 2589 1880 2623 μετασχεῖν

1079 2634 1266 2670 εὐχαριστίας,
1287 2634 1301 2659 ὁ
1324 2633 1473 2665 ἐπίσκοπος
1495 2633 1565 2669 μετὰ
1579 2633 1744 2669 δοκιμασίας
1762 2632 1880 2659 μεταδι-

1077 2680 1147 2708 ὂότω
1159 2681 1208 2715 τῆς
1222 2680 1392 2715 προσφορᾶς.

1116 2735 1146 2758 ις
1159 2747 1165 2753 .
1179 2727 1257 2753 Ὅσοι
1273 2726 1479 2761 ῥιψοκινδύνως.
1495 2735 1523 2755 κ.
1534 2736 1561 2756 τ.
1574 2728 1601 2755 λ.

1075 2815 1169 2844 lunoc.
1193 2817 1242 2850 i0;
1258 2817 1356 2846 Leonis
1373 2818 1418 2845 24.
1458 2819 1479 2834 ³⁸
1507 2818 1611 2846 Valent.
1625 2816 1669 2844 19.
1707 2818 1727 2834 ³ι
1742 2816 1816 2844 Arei.
1837 2815 1878 2849 ὃ,

240 2843 335 2871 Caitli.
353 2845 386 2878 '7;
408 2845 514 2874 Valent.
531 2847 560 2874 ‘21
577 2857 583 2878 ;
605 2843 764 2879 Ionem-‘22:
784 2843 897 2878 Crelesl'.
919 2849 969 2882 l5;
988 2843 1085 2877 Leonis
1100 2851 1144 2877 “li.

426 2895 432 2905 ι
