1954 3080
80 157 123 189 733

109 261 133 288 Εί
144 271 177 293 τις
189 261 238 287 ὑπὸ
257 260 304 288 τοῦ
332 261 397 288 ἰδίου
423 263 574 290 ἐπισκόπου
600 264 779 301 ἀκοινώνητος
795 274 840 300 γε-

78 309 138 342 γόνε,
145 317 165 334 κ.
178 317 200 336 τ.
216 307 240 335 λ.

191 364 325 391 Συνόδου
345 363 522 397 Λαοδικείας
537 365 638 392 κανὼν
648 366 703 399 λς’.

108 421 159 447 Ὀτι
182 421 210 447 οὐ
236 421 277 448 δεῖ
305 421 460 456 ἱερατικοὺς
481 421 498 457 ἢ
517 422 673 458 κληρικοὺς,
699 424 802 459 μάγους
822 424 840 460 ἢ

78 466 197 498 ὲπαοιδοὺς
213 464 292 498 εἶναι,
308 467 325 502 ἢ
346 467 564 502 μαθηματικοὺς,
580 469 595 503 ἢ
615 469 807 504 ἀστρολόγους,
824 469 841 505 ἢ

78 513 152 539 ποιεῖν
164 513 193 538 τὰ
208 512 339 547 λεγόμενα
352 513 537 550 φυλακτήρια,
562 514 641 542 ἄτινά
663 515 721 541 ἐστι
736 514 842 547 δεσμω-

77 558 146 592 τήρια
155 556 202 583 τῶν
217 556 310 592 ψυχῶν
325 557 414 584 αὐτῶν
424 565 431 573 ⁸
449 558 511 589 τοὺς
524 557 553 585 δὲ
570 559 731 594 φοροῦντας,
750 560 840 594 ῥίπτει

78 601 131 628 σθαι
143 602 170 629 ὲκ
179 602 224 636 τῆς
245 601 409 637 Ἐκκλησίας
423 602 616 639 ἐκελεύσαμεν.

174 702 307 730 Συνόδου
323 703 516 738 Χαλκηδόνος
530 703 630 731 κανών
642 704 663 732 δ’
682 708 732 738 ις’,

107 759 133 787 δ¹.
145 761 171 787 Ol
184 760 291 795 ἀληθῶς
301 760 348 787 καὶ
362 760 517 796 εἰλικρινῶς
529 761 574 788 τὸν
587 762 694 798 μονήρη
708 763 845 798 μετιόντες

78 805 136 840 βίον,
145 806 187 840 τῆς
209 806 401 841 προσηκούσης
412 806 599 838 ἀξιούσθωσαν
620 809 704 843 τιμῆς
721 816 729 824 ·
751 809 844 844 ἐπειδὴ

76 850 102 876 δέ
115 859 178 882 τινες
191 850 229 885 τῷ
247 850 385 886 μοναχικῷ
400 851 565 886 κεχρημένοι
591 854 776 888 προσχήματι,
796 853 846 885 τάς

76 904 102 922 τε
120 896 270 930 Ἐκκλησίας
290 896 337 923 καὶ
352 896 385 923 τὰ
405 896 531 924 πολιτικὰ
546 897 755 933 διαταράσσουσι
777 899 847 934 πρά-

76 949 167 976 γματα,
183 942 332 976 περιιόντες
344 942 476 977 διαφόρως
490 943 519 969 ὲν
535 943 595 974 ταῖς
610 943 730 975 πόλεσιν,
746 944 776 970 οὐ
794 943 846 979 μὴν

75 986 135 1013 ἀλλὰ
146 987 188 1013 καὶ
196 987 365 1021 μοναστήρια
377 987 505 1021 συνιστᾷν
514 987 620 1018 ἑαυτοῖς
629 987 846 1022 ἐπιτηδεύοντες,

75 1029 141 1063 ἔδοξε
152 1029 246 1064 μηδένα
260 1030 308 1064 μὲν
318 1030 442 1065 μηδαμοῦ
451 1031 612 1066 οἰκοδομεῖν,
631 1032 667 1067 μὴ
681 1032 708 1058 δὲ
720 1033 848 1068 συνιστᾷν

77 1077 242 1110 μοναστήριον
254 1076 271 1109 ἢ
286 1076 431 1110 εὐκτήριον
440 1074 514 1102 οἷκον
525 1097 532 1109 ,
544 1078 620 1112 παρὰ
630 1077 792 1113 γνώμηντοῦ
800 1079 849 1112 τῆς

74 1121 168 1152 πόλεως
181 1121 340 1147 ἐπισκόπου·
359 1121 423 1152 τοὺς
439 1122 502 1149 καθ’
511 1123 630 1158 ἑκάστην
643 1123 719 1150 πόλιν
732 1124 779 1150 καὶ
794 1123 848 1159 χώ-

75 1175 121 1202 ραν
135 1166 291 1201 μονάζοντας
314 1167 496 1202 ὑποτετάχθαι
511 1167 550 1202 τῷ
573 1168 725 1204 ὲπισκόπῳ,
743 1169 788 1195 καὶ
801 1169 850 1202 τὴν

73 1213 178 1248 ἡσυχίαν
187 1213 365 1246 ἀσπάζεσθαι,
387 1214 433 1240 καὶ
451 1214 598 1249 προσέχειν
614 1214 681 1250 μόνῃ
692 1216 724 1250 τῇ
738 1215 850 1251 νηστείᾳ

73 1260 116 1286 καὶ
129 1261 158 1294 τῇ
171 1260 317 1294 προσευχῇ,
333 1259 361 1286 ὲν
374 1257 414 1291 οἷς
426 1259 519 1291 τόποις
529 1259 699 1293 ἅπετάξειντο
709 1269 850 1296 προσκαρ-

76 1305 204 1341 τεροῦντες
216 1313 223 1320 ·
242 1306 308 1340 μήτε
319 1305 346 1331 δὲ
362 1304 616 1340 ὲκκλησιαστικοῖς,
632 1307 701 1342 μήτε
714 1306 851 1341 βιωτικοῖς

72 1350 241 1386 παρενοχλεῖν
258 1350 417 1386 πράγμασιν
434 1351 450 1385 ἢ
468 1351 665 1382 ἐπικοινωνεῖν,
679 1351 852 1386 καταλιμπά-

71 1405 160 1427 νοντξις
174 1396 208 1422 τὰ
226 1396 279 1422 ἴδια
294 1397 474 1431 μοναστήρια,
492 1397 516 1422 εί
532 1397 568 1431 μή
589 1405 654 1423 ποτε
667 1398 720 1432 ἄρα
741 1398 853 1432 ὲττιειτρσι⁸

71 1443 144 1469 πεῖεν
159 1441 201 1468 διὰ
214 1443 309 1476 χρείαν
319 1442 470 1476 ἀναγκαίαν
488 1442 540 1469 ὑπὸ
554 1442 601 1469 τοῦ
614 1444 663 1477 τῆς
679 1443 783 1475 πόλεως
793 1444 853 1471 ἐπι-

70 1487 170 1514 σκόπου
181 1495 189 1502 ο
213 1487 314 1522 μηδένα
328 1487 356 1514 δὲ
374 1487 571 1522 προσδέχεσθαι
587 1488 615 1514 ὲν
640 1490 697 1520 τοῖς
719 1497 854 1524 μοναστη-

456 160 657 192 SYNTAGMA
673 162 867 193 CANONUM.
879 174 914 180 -
927 164 1002 194 TI'I‘.
1022 164 1074 201 IX,
1094 164 1173 196 CAP.
1194 164 1234 194 Χ.

193 215 323 243 Συνίὸου
343 216 523 251 Ἀντιοχείας
541 218 641 246 κανὼν
656 218 692 251 ς’.
848 223 872 251 Α

1622 161 1674 194 734

1065 220 1177 248 Concilii
1193 220 1347 247 Amice/teni
1362 228 1447 247 canon
1464 220 1489 247 6.

928 266 956 292 Si
982 266 1044 301 quis
1071 273 1085 292 a
1108 265 1354 300 proprioepiscopo
1373 264 1453 292 fuerit
1483 265 1670 292 excommuni-

891 315 981 344 catus,
994 316 1061 343 etc.,
1073 315 1101 337 ut
1117 319 1177 345 pag.
1191 310 1254 338 248.

1068 366 1182 395 Concilii
1197 366 1338 394 Laudiceni
1353 375 1439 393 canon
1455 367 1501 394 56.

927 423 1004 457 Quod
1030 431 1085 451 non
1110 427 1217 457 oportet
1247 430 1295 450 eos
1327 422 1372 456 qui
1396 427 1459 449 sunt
1486 423 1606 455 sacrati,
1635 423 1678 450 vel

892 471 994 503 clerici,
1017 477 1078 497 esse
1099 477 1204 505 magos,
1226 469 1268 496 vel
1293 469 1489 502 inrantatores,
1507 469 1550 496 vel
1572 470 1678 496 mathe-

893 515 1018 548 maticos,
1030 515 1072 542 vel
1087 515 1249 548 astrologos,
1261 514 1301 540 vel
1319 514 1408 540 facere
1424 521 1456 540 ea
1472 521 1532 548 quae
1549 514 1678 540 dicuntur

893 562 1028 593 amulcta,
1060 567 1121 595 quae
1147 560 1256 594 quidem
1284 564 1349 586 sunt
1372 559 1494 593 ipsarum
1522 560 1677 586 animarum

892 607 1001 634 vincula
1025 616 1032 634 :
1060 614 1108 634 eos
1135 610 1226 633 autem
1255 606 1302 640 qui
1337 605 1440 638 ferunt,
1467 604 1529 639 ejici
1558 604 1679 632 Ecclesia

891 652 1037 688 jussimus.

998 706 1112 734 Concilii
1126 691 1347 733 Chalcedonensis
1362 713 1472 732 canones
1486 706 1512 738 «ι,
1527 705 1572 732 16.

932 766 960 793 Ι».
974 764 1026 797 Qui
1041 771 1104 790 vere
1118 767 1145 790 et
1158 762 1265 790 sincere
1284 754 1463 789 monasticam
1481 761 1566 788 vitam
1584 768 1680 796 aggre-

896 811 1018 842 diuntur,
1034 809 1113 844 261
1127 808 1201 842 digni
1216 807 1388 834 convenienti
1402 807 1506 833 honore
1521 806 1680 833 habeantur.

897 856 1031 890 Quoniam
1067 858 1157 881 autem
1195 853 1320 880 nonnulli
1358 852 1521 879 monachico
1551 857 1682 886 praetextu

898 906 1014 934 utentes,
1034 904 1061 928 et
1076 899 1220 931 Ecclesias,
1237 903 1264 925 et
1279 898 1388 933 negotia
1403 897 1493 924 civilia
1511 897 1682 931 perturbant,

896 953 923 976 et
939 951 1053 977 temere,
1068 946 1136 973 citra
1154 944 1237 971 ullam
1253 944 1419 971 discriminis
1432 943 1574 975 rationem,
1590 944 1616 969 in
1636 951 1682 970 ur-

898 994 977 1022 bihus
1001 993 1261 1023 circumcursantes,
1282 989 1433 1024 quinetiam
1449 989 1615 1016 monasteria
1630 988 1683 1016 sibi

898 1041 1065 1069 constituere
1087 1037 1239 1068 studentes,
1260 1036 1351 1063 visum
1370 1039 1412 1062 est
1445 1035 1550 1062 nullum
1567 1042 1684 1068 usquam

898 1085 1033 1113 aediﬁcare
1059 1091 1107 1110 nec
1126 1086 1287 1109 construere
1309 1088 1390 1115 posse
1410 1079 1618 1112 monasterium,
1642 1080 1684 1107 vel

899 1128 1046 1156 oratoriam
1073 1126 1196 1155 donmm.
1219 1129 1317 1160 praeter
1340 1124 1502 1151 sententiam
1520 1124 1606 1158 ipsius
1619 1123 1686 1151 civi-

902 1176 964 1203 tatis
981 1174 1101 1210 episcopi
1118 1182 1124 1200 :
1143 1173 1292 1200 monachos
1305 1176 1409 1205 autem,
1425 1171 1472 1206 qui
1489 1176 1554 1198 sunt
1573 1171 1603 1197 in
1617 1179 1687 1198 una-

901 1227 1007 1255 quaque
1021 1218 1133 1253 regione
1149 1222 1176 1244 et
1185 1217 1305 1247 civitate,
1318 1216 1446 1250 episcopo
1461 1214 1599 1249 subjectos
1613 1221 1685 1243 esse.

901 1271 927 1294 et
942 1265 1060 1300 quietem
1077 1262 1213 1298 amplecti,
1232 1266 1259 1289 et
1283 1261 1333 1288 soli
1344 1261 1450 1295 jejunio
1466 1265 1493 1287 et
1507 1260 1624 1287 orationi
1639 1267 1688 1287 va-

902 1319 974 1343 care,
998 1311 1026 1338 in
1050 1309 1150 1344 quibus
1166 1307 1283 1335 ordinati
1305 1313 1369 1334 sunt
1393 1307 1460 1333 locis
1475 1305 1581 1333 fortiter
1595 1313 1686 1340 perse-

902 1360 1039 1387 verantes,
1053 1363 1103 1382 nec
1126 1353 1330 1384 ecclesiasticis,
1347 1359 1398 1379 nec
1413 1352 1589 1379 saecularibus
1607 1358 1690 1386 nego-

902 1402 947 1429 tiis
963 1409 992 1430 se
1014 1399 1148 1435 ingerere,
1170 1398 1211 1425 vel
1227 1397 1441 1428 communicare,
1466 1397 1576 1431 propria
1602 1396 1686 1423 relin-

903 1451 1016 1482 quentes
1046 1444 1220 1476 monasteria,
1252 1443 1306 1470 nisi
1336 1443 1501 1477 quandoque
1525 1449 1539 1468 a
1570 1441 1690 1469 civitatis

904 1494 1032 1529 episeopo
1049 1492 1089 1519 eis
1114 1491 1277 1526 permissum
1300 1489 1402 1516 fuerit:
1427 1489 1530 1516 nullum
1552 1493 1642 1516 autem
1661 1489 1688 1516 in

72 1533 141 1569 ρίοις
156 1532 247 1559 δοῦλον
259 1533 305 1559 ἐπὶ
319 1532 356 1568 τῷ
369 1534 495 1568 μονάσαι,
507 1534 583 1568 παρὰ
599 1533 712 1570 γνώμην
724 1534 771 1560 τοῦ
789 1534 853 1561 ἰδίου

912 1538 1064 1567 monasterii
1079 1544 1187 1564 servum
1207 1536 1301 1568 recipi,
1318 1536 1351 1562 ad
1370 1535 1420 1562 hoc
1432 1541 1462 1562 ut
1478 1535 1514 1562 sit
1529 1534 1690 1566 monachus,

69 1579 209 1605 δεσπότου·
221 1579 267 1605 τὺν
275 1578 303 1605 δὲ
313 1579 517 1613 παραὸαίνοντα
529 1579 623 1606 τοῦτον
637 1579 715 1614 ὴμῶν
728 1580 772 1606 τὸν
780 1580 855 1615 ὅρον,

70 1624 210 1659 ὡρίσαμεν
234 1623 414 1658 ἀκοινώνητον
443 1622 524 1657 εἶναι,
546 1624 588 1651 ἵνα
613 1625 694 1659 μὴτὸ
709 1625 794 1659 όνομα
809 1625 855 1652 τοῦ

70 1671 138 1698 Θεοῦ
153 1671 345 1706 βλασφημῆται
360 1680 368 1687 ·
384 1671 428 1698 τὸν
452 1673 501 1707 μέν
520 1680 561 1699 τοι
578 1672 726 1699 ἐπίσκοπον
742 1673 792 1707 τῆς
809 1673 858 1701 “6'

69 1717 149 1749 λεως.
165 1717 217 1752 χρὴ
228 1717 276 1753 τὴν
287 1717 399 1744 δέουσαν
415 1718 541 1753 πρόνοιαν
556 1719 690 1745 ποιεῖσθαι
701 1718 754 1745 τῶν
773 1727 858 1754 μονα-

70 1763 202 1799 στηρίων.

107 1809 157 1842 ις’.
172 1810 309 1845 Παρθένον
325 1810 424 1846 ἑαυτὴν
439 1810 584 1837 ἀναθεῖσαν
602 1809 641 1846 τῷ
654 1811 776 1847 Δεσπότῃ
788 1811 857 1846 Θεῷ,

68 1856 202 1888 ὡσαύτως
218 1856 245 1883 δὲ
260 1857 306 1883 καὶ
325 1856 484 1892 μονάζοντα,
498 1856 535 1891 μὴ
550 1856 650 1889 ἐξεῖναι
665 1857 747 1892 γάμῳ
774 1866 859 1893 προσ-

67 1903 188 1938 ομιλεῖν
200 1904 224 1929 εί
241 1903 269 1930 δέ
286 1912 316 1938 γε
330 1902 466 1937 εὑρεθεῖεν
483 1902 560 1929 τοῦτο
574 1902 724 1935 ποιοῦντες,
739 1903 860 1930 ἔστωσαν

66 1949 250 1983 ἁκοινώνητοι
267 1957 274 1964 ·
298 1948 437 1983 ὼρίσαμεν
457 1947 487 1974 δὲ
502 1948 574 1984 ἔχειν
590 1948 638 1981 τὴν
653 1948 795 1975 αὑθεντίαν
813 1949 861 1984 τῆς

67 1995 115 2022 ἐπ’
137 1996 232 2027 αὐτοῖς
251 1994 455 2029 φιλανθρωπίας
478 1993 525 2021 τὸν
547 1994 616 2021 κατὰ
640 1994 721 2020 τόπον
748 1994 860 2021 ὲπίσκο-

67 2051 134 2070 πον.

214 2097 350 2125 Συνόδου
362 2097 512 2132 Σαρδικῆς
525 2096 625 2124 κανὼν
639 2096 673 2132 ιγ’
687 2096 715 2124 ιδ’
719 2118 726 2125 .

106 2155 254 2189 ιγ’.”()σιο;
273 2154 422 2185 ἐπίσκοπος
438 2151 499 2180 εἶπε
511 2162 517 2168 ·
536 2154 591 2180 Καὶ
604 2153 684 2180 τοῦτο
701 2155 783 2180 πᾶσιν
799 2154 863 2190 ἀρε-

907 1591 1005 1622 ριιπιοι-
1027 1584 1193 1611 voluntatem
1219 1583 1260 1609 sui
1290 1581 1404 1609 domini.
1433 1581 1501 1608 Eum
1527 1585 1616 1607 autem
1645 1579 1692 1614 qui

907 1633 978 1659 hanc
1002 1635 1125 1658 nostram
1148 1628 1335 1656 deﬁnitionem
1359 1626 1570 1662 transgreditur.
1595 1625 1693 1653 delini-

909 1686 968 1705 mus
987 1684 1048 1704 esse
1074 1674 1352 1705 excommunicatum,
1376 1680 1411 1700 ne
1434 1680 1532 1700 nomen
1558 1671 1603 1698 Dei
1619 1671 1694 1698 blas-

908 1725 1052 1759 phemetur
1069 1731 1076 1749 :
1092 1721 1213 1748 civitatis
1229 1724 1320 1747 autem
1340 1721 1497 1754 episcopum
1512 1720 1620 1752 oportet
1633 1724 1694 1744 eam

909 1776 990 1805 quam
1005 1776 1054 1804 par
1074 1771 1116 1794 est
1131 1765 1361 1793 monasteriorum
1375 1772 1469 1792 curam
1487 1771 1592 1799 gerere.

946 1816 989 1843 i6.
1013 1814 1159 1849 Virginem,
1189 1820 1250 1847 quae
1278 1819 1308 1839 se
1325 1811 1441 1838 Domino
1467 1810 1523 1837 Deo
1540 1809 1696 1842 dedicavit,

911 1861 1037 1889 similiter
1060 1864 1088 1887 et
1106 1859 1256 1886 monachos
1270 1865 1322 1884 non
1340 1857 1423 1883 licere
1439 1855 1616 1883 matrimonio
1628 1861 1696 1881 con-

909 1907 998 1943 jungi.
1025 1905 1074 1933 Sin
1097 1908 1188 1931 autem
1208 1903 1259 1931 hoc
1277 1902 1375 1929 iecisse
1390 1901 1493 1928 inventi
1509 1900 1624 1931 fuerint.
1642 1900 1699 1926 sint

911 1949 1150 1980 excommunicati.
1181 1947 1364 1975 Ostendendae
1390 1951 1481 1974 autem
1500 1947 1528 1973 in
1541 1953 1589 1972 eos
1600 1946 1698 1971 huma-

912 1996 1007 2024 nitatis
1020 1994 1214 2021 auctoritatth
1238 1992 1339 2019 habere
1362 1992 1507 2019 statuimus
1537 1990 1697 2025 episcopum

915 2041 974 2076 ejus
994 2039 1057 2066 loci.

1040 2094 1142 2124 Concili
1161 2093 1324 2121 Sardicensis
1341 2098 1453 2118 canones
1467 2091 1510 2122 15,
1531 2091 1574 2117 Η.

951 2154 986 2181 15
1018 2152 1100 2180 ’.Εἰς
1116 2150 1259 2185 episcopus
1274 2149 1342 2176 dixit
1356 2158 1363 2176 :
1381 2147 1437 2174 Hoc
1450 2154 1557 2182 quoque
1571 2147 1699 2174 omnibus

66 2203 159 2234 σάτω,
191 2201 235 2228 ἴνα
259 2200 314 2226 εἴτε
335 2200 467 2232 διάκονος,
485 2200 540 2225 εἴτε
563 2192 792 2235 πρε’σ6ύτερος,ἢ
817 2200 863 2226 καί

916 2199 1020 2234 placeat
1039 2207 1046 2224 :
1065 2200 1095 2223 ut
1120 2195 1143 2223 si
1163 2195 1295 2221 diaconus
1312 2193 1353 2219 vel
1379 2193 1527 2227 presbyter,
1553 2191 1594 2217 vel
1618 2191 1700 2217 etiam

63 2255 114 2278 τις
133 2246 194 2272 τῶν
214 2245 352 2280 κληρικὼν
369 2243 551 2278 ἀκοινώνητος
575 2243 699 2279 γένηται,
722 2245 769 2270 καὶ
795 2243 863 2278 πρὸς

64 2294 171 2328 ἕτερον
203 2291 351 2317 ἐπίσκοπον
381 2289 427 2317 τὸν
460 2290 550 2316 εἰδότα
582 2289 664 2316 αὑτὸν
693 2289 863 2323 καταφύγοι,

64 2339 250 2373 γινώσκοντα
261 2335 476 2370 ἀποκεκινῆσθαι
489 2335 569 2362 αὑτὸν
580 2335 630 2370 τῆς
641 2336 782 2366 κοινωνίας
791 2335 866 2369 παρὰ

61 2387 116 2413 τοῦ
136 2385 209 2412 ίδὲου
226 2384 385 2415 ἐπισκόπου,
397 2383 434 2418 μὴ
445 2382 544 2417 χρῆναι
556 2382 595 2417 τῷ
603 2382 711 2416 ἁδελφῷ
723 2381 805 2408 αὑτοῦ
820 2381 868 2407 καὶ

62 2429 311 2464 ὲπισκὸπῳῦὃριν
324 2428 462 2460 ποιοῦντα,
480 2427 608 2462 παρέχειν
625 2426 699 2462 αὐτῷ
716 2427 867 2453 κοινωνίαν*

59 2478 89 2504 εἰ
104 2476 138 2503 δὲ
154 2475 290 2510 τολμήσοι
304 2474 380 2500 τοῦτο
394 2473 505 2508 ποιῆσαι
516 2473 681 2507 γινωσκέτω,
691 2472 869 2499 συνελθόντων

59 2523 251 2553 ἐπισκόπων,
264 2521 396 2556 ἀπολογίᾳ
413 2520 509 2547 ἑαυτὸν
522 2518 672 2545 ὑπεύθυνον
695 2519 871 2547 καθεστάναι,

102 2582 258 2611 Ἀπαντες
271 2580 294 2606 οἱ
314 2579 458 2605 ἐπίσκοποι
482 2575 559 2604 εἷπον
573 2585 580 2591 '
595 2576 668 2610 Αὕτη
691 2577 707 2611 ὴ
722 2576 812 2611 κρίσις
823 2575 870 2602 καὶ

62 2630 119 2663 τὴν
141 2628 262 2663 εἰρήνην
275 2625 391 2652 πάντοτε
404 2623 572 2658 διαφυλάξει,
590 2623 638 2649 καὶ
648 2623 807 2657 διατηρήσει
820 2623 869 2656 τὴν

60 2675 192 2702 πάντων
212 2673 349 2707 ὁμόνοιαν.

104 2721 136 2747 ιδ
147 2740 156 2746 .
173 2721 272 2750 ’Ὁσιος
297 2718 444 2748 ἐπίσκοπος
456 2714 516 2743 εἷπε
529 2724 536 2731 ⁸
554 2715 591 2741 Τὸ
604 2715 632 2741 δὲ
648 2715 762 2742 πάντοτέ
781 2723 814 2749 με
831 2723 871 2741 κι-

58 2767 151 2800 νοῦν,
176 2775 210 2793 κ.
225 2774 250 2792 τ.
266 2765 292 2791 λ.

103 2814 228 2844 Πάντες
252 2810 453 2846 εἰρήκασιν-’0
470 2807 664 2841 ἐκϐαλλόμενος
690 2806 774 2841 ἐχετώ
798 2806 871 2839 ἐξου-

281 2837 286 2846 ι

916 2243 1014 2278 aliquis
1027 2250 1059 2269 ex
1078 2241 1184 2269 clericis
1200 2242 1235 2267 sit
1247 2239 1512 2269 exeommunicatus,
1526 2242 1553 2263 et
1569 2236 1601 2262 ad
1617 2236 1700 2263 alium

916 2290 1085 2325 episcopum,
1108 2286 1155 2321 qui
1185 2293 1247 2313 eum
1272 2285 1356 2316 novit,
1383 2283 1546 2317 confugerit,
1572 2283 1701 2310 scientem

917 2344 979 2363 eum
1003 2342 1018 2362 a
1042 2333 1150 2369 proprio
1175 2332 1303 2366 episcopo
1321 2337 1381 2357 esse
1406 2330 1486 2364 262
1511 2329 1704 2357 communione

918 2386 1034 2412 motum,
1048 2387 1101 2406 non
1118 2383 1244 2412 oportere
1257 2376 1384 2411 episcopo
1404 2379 1432 2402 et
1453 2375 1530 2402 fratri
1558 2383 1609 2402 suo
1632 2375 1704 2409 inju-

919 2427 987 2454 riam
1017 2425 1171 2456 facientem,
1197 2423 1221 2450 ei
1249 2421 1469 2450 commuttionem
1496 2421 1627 2456 pratbcre.
1656 2420 1705 2448 Sin

920 2477 1010 2498 autem
1028 2469 1080 2496 hoc
1095 2467 1184 2495 facere
1200 2474 1283 2493 ausus
1305 2465 1397 2498 fuerit,
1414 2465 1555 2493 sciatcum
1572 2473 1706 2492 convene-

921 2519 975 2546 rint
989 2515 1119 2552 episcopi,
1136 2514 1255 2548 seipsum
1270 2519 1379 2540 causam
1392 2519 1452 2539 esse
1468 2512 1616 2539 dicturum.

956 2574 1057 2601 Omnes
1081 2570 1198 2606 episcopi
1223 2569 1371 2596 dixerunt:
1390 2567 1445 2596 Hoc
1461 2569 1593 2603 judicium
1615 2573 1639 2595 et
1659 2575 1706 2602 pa-

922 2627 980 2647 cem
997 2626 1084 2653 usque
1106 2615 1252 2647 custodiet,
1267 2619 1293 2642 et
1313 2615 1435 2641 omnium
1453 2614 1628 2641 concordiam
1648 2618 1707 2640 tue-

923 2667 1007 2694 bitur.

960 2711 1002 2738 l4.
1025 2709 1107 2737 Osius
1135 2707 1280 2741 episcopus
1305 2705 1392 2733 dixit:
1425 2705 1501 2738 Quod
1527 2704 1636 2739 quidem
1665 2711 1708 2730 me

924 2759 1103 2790 nndeqnaque
1122 2757 1222 2784 movet,
1237 2756 1302 2783 εις..
1318 2756 1346 2778 ut
1360 2760 1422 2786 pag.
1444 2750 1505 2777 7‘25.

964 2803 1066 2830 Omnes
1102 2800 1227 2826 dixerunt
1253 2807 1260 2824 :
1286 2798 1337 2831 Qui
1372 2798 1504 2833 eiicitur,
1546 2799 1708 2831 potestatem

930 2849 1017 2877 habet,
1034 2851 1098 2875 cte.,
1121 2848 1148 2870 nt
1167 2851 1228 2877 pag,
1245 2841 1308 2869 725.
