1959 3061
252 170 306 202 735

392 225 506 255 Cancilt’i
523 223 741 257 Carthuginensts
754 226 837 245 canon
855 216 900 243 63.

294 275 333 303 De
350 273 457 308 Equitio
474 271 530 305 [99)
550 270 669 305 episcopo
688 268 827 293 damnato.

292 361 338 388 65.
354 358 482 388 Aurelius
495 357 517 372 “
532 355 676 390 episcopus
690 352 758 381 dixit
777 373 784 379 .
796 349 897 385 Equitii
909 349 948 384 (l)
962 347 1043 376 etiam

259 408 324 436 olim
343 406 440 433 merito
460 411 509 431 suo
524 400 670 438 episcopali
695 397 828 427 sententia
843 395 974 427 damnati,
989 401 1045 422 non

261 453 379 480 arbitror
401 448 617 486 prmereundam
639 452 700 473 esse
718 442 863 479 legationis
878 447 1000 472 causam,
1017 443 1047 466 ut

263 500 286 526 si
310 498 379 526 forte
399 504 460 524 eum
484 496 511 522 in
530 494 586 522 illis
610 492 734 528 partibus
759 490 870 525 reperit,
899 489 934 516 sit
959 487 1048 514 eidem

264 542 342 571 fratri
356 545 450 569 nostro
465 546 538 567 curre
554 545 603 573 pro
614 535 741 564 Ecclesia:
750 539 820 562 statu
829 533 908 569 quod
921 536 1049 567 oportue-

264 590 311 620 rit.
323 587 366 615 vel
381 586 427 614 ubi
443 585 560 616 licuerit,
575 583 707 611 adversus
722 589 784 609 eum
799 586 939 615 peragere.

299 678 341 705 Ab
353 675 489 705 universis
500 673 635 709 episcopis
650 672 751 700 dictum
765 674 807 698 est
818 679 825 697 :
836 670 948 696 Multam
962 668 1052 703 placet

265 729 293 751 et
306 724 359 750 ista
378 720 551 756 prosecutio;
583 719 703 746 maxime
730 724 792 744 cum
811 716 876 743 olim
905 715 1051 742 damnatus

267 770 303 797 sit
315 767 451 802 Equitius,
472 770 498 793 et
512 765 572 799 ejus
585 763 729 798 impudens
743 761 902 796 inquietudo
912 767 963 795 pro
979 763 1053 787 statu

267 819 295 842 et
315 813 406 841 salute
427 810 556 838 Ecclesiae
578 810 665 844 magis
680 808 820 843 magisque
841 807 943 842 ubique
965 805 1054 840 repel-

268 859 361 888 lenda.

827 157 957 188 PHOTII
977 152 1227 185 PATRIARCHE
1243 152 1297 181 CP.

1059 212 1083 240 Δ

1824 143 1874 174 736

1222 208 1358 237 Συνόδου
1367 204 1578 241 Κορθαγιέννης
1594 202 1696 230 κανὼν
1710 201 1757 234 ξε’.

1141 256 1211 290 Περὶ
1230 253 1363 282 Ἀκυτίου
1380 252 1447 288 ιιτοῦ
1467 249 1637 278 ἐπισκόπου
1655 247 1710 276 τοῦ
1722 246 1875 275 καταδικα-

1098 301 1239 334 σθέντος.

1135 346 1316 382 ξε’.Αὒρήλιος
1323 344 1473 374 ἐπίσκοπος
1481 341 1571 369 εἴπεν·
1581 340 1634 367 Τοῦ
1642 338 1767 366 ’Δκυτίου
1780 338 1819 365 ἔτι
1828 338 1878 374 μὴν

1098 393 1145 421 τοῦ
1161 392 1278 419 ἔκπαλαι
1295 390 1366 418 κατὰ
1379 389 1428 424 τὴν
1444 388 1511 415 ἰδίαν
1524 387 1602 421 ἀξίαν
1615 387 1647 422 τῇ
1661 386 1715 412 τῶν
1727 384 1878 413 ἐπισκόπων

1100 438 1196 474 γνώμῃ
1209 435 1464 466 καταδικασθέντος,
1472 433 1503 460 τὸ
1512 433 1628 468 πρᾶγμα
1637 430 1687 458 οὐκ
1696 428 1772 466 οἴμαι
1781 436 1879 464 παρεα-

1101 485 1161 511 τέον
1170 485 1201 519 τῇ
1209 482 1351 518 πρεσϐείᾳ,
1360 481 1404 508 ίνα
1411 481 1458 507 ὲὰν
1463 479 1543 514 τυχὸν
1550 478 1643 505 τοῦτον
1655 477 1730 512 εὕροι
1738 478 1766 502 ὲν
1773 475 1880 505 ἐκείνοις

1101 532 1157 562 τοῖς
1174 530 1295 565 μέρεσιν,
1311 528 1381 555 ἔστω
1397 527 1465 562 πρδς
1490 524 1631 561 φροντίδος
1655 523 1694 558 τῷ
1711 522 1785 557 αὺτῷ
1807 520 1881 556 ήμῶν

1102 575 1210 610 ἀδελφῷ
1224 575 1294 610 ὑπὲρ
1310 574 1360 608 τῆς
1376 571 1607 607 ὲκκλησιαστικῆς
1622 568 1827 600 καταστάσεως,
1845 566 1880 597 ὼς

1104 621 1157 657 χρὴ
1169 621 1218 647 καὶ
1229 621 1296 647 ὅπου
1310 620 1370 652 ὲξδν
1385 619 1428 653 εἴη
1442 618 1503 645 κατ’
1518 617 1622 644 ἐκείνου
1638 613 1846 650 διαπράξασθαι.

1146 666 1212 694 Ἀπὸ
1225 666 1333 693 πάντων
1347 665 1402 692 τῶν
1412 665 1568 691 ἐπισκόπων
1584 661 1682 697 ὲλέχθη
1694 669 1701 676 ⁸
1725 659 1795 687 Πολὺ
1821 658 1881 694 ἀρέ-

1106 722 1165 742 σκει
1179 713 1226 740 καὶ
1239 712 1309 748 αὕτη
1323 714 1341 748 ὴ
1353 710 1572 745 ὲξακολούθησις,
1589 708 1706 744 μάλιστα.
1720 707 1760 734 ὅτι
1775 706 1884 733 ἔκπαλαι

1105 759 1332 787 καταδεδίκασται
1344 759 1358 784 ὀ
1368 757 1449 788 αὐτὸς
1467 755 1602 787 ’Δκύτιος,
1612 754 1659 780 καὶ
1673 754 1690 788 ἡ
1705 752 1801 780 τούτου
1814 750 1886 778 ἀναί-

1107 814 1221 842 σχυντος
1238 805 1338 841 ήσυχία
1361 803 1432 839 ὑπὲρ
1451 803 1502 838 τῆς
1515 801 1709 830 καταστάσεως
1726 799 1776 833 τῆς
1790 797 1886 831 ἐκκλη-

1109 851 1263 887 σιαστικῆς,
1282 850 1330 877 καὶ
1343 848 1479 884 σωτηρίας
1493 846 1715 882 τῆςῈκκλησίας
1728 844 1828 880 μᾶλλον
1841 842 1887 870 καὶ

1069 887 1095 918 Β
1110 898 1211 934 μᾶλλον
1226 894 1365 930 πανταχοῦ
1381 892 1580 928 καταμαχητέα
1598 891 1667 918 ἐστί.

305 949 339 977 Et
364 945 744 983 subscripserunt:Aurelius
764 945 909 980 episcopus
928 943 1056 971 Ecclesize

269 994 503 1030 Carthaginensis,
520 993 584 1021 huic
603 992 713 1020 decreto
729 991 874 1024 consensi,
888 995 915 1018 et
928 990 1056 1025 prmlecto

269 1038 419 1073 subscripsi
433 1046 440 1065 :
453 1037 577 1065 similiter
591 1041 620 1065 et
637 1036 729 1064 caeteri
752 1036 873 1071 episcopi
887 1035 1057 1070 subscripse-

271 1088 344 1111 runt.

376 1129 457 1164 263
475 1127 589 1155 Concilii
600 1128 751 1156 wcumem'ci
765 1135 791 1154 Vl
806 1135 890 1154 canon
905 1127 951 1154 2|.

304 1175 350 1202 21.
366 1175 417 1208 Qui
431 1175 561 1202 canonice
573 1174 754 1209 quorumdam
771 1173 916 1201 criminum
929 1171 967 1200 rei
981 1171 1058 1205 facti,

271 1225 416 1255 propterea
438 1219 567 1254 perfectae
586 1226 618 1246 ac
640 1223 778 1254 perpetua:
802 1218 966 1253 dcpositioni
992 1217 1059 1244 sub-

269 1267 345 1302 jecti,
359 1266 385 1293 in
401 1265 534 1293 laicorum
552 1265 640 1292 locum
655 1264 758 1292 detrusi
771 1268 846 1294 sunt,
863 1264 886 1291 si
898 1263 1008 1298 quidem
1024 1262 1059 1290 ad

272 1312 477 1340 conversionem
487 1318 536 1339 sua
547 1314 643 1346 sponte
656 1311 836 1345 respicientes
851 1314 994 1344 peccatum
1010 1308 1059 1336 de-

272 1359 347 1391 ﬂent,
363 1363 474 1393 propter
487 1357 558 1392 quod
572 1365 587 1384 a
601 1357 686 1392 gratia
702 1355 873 1387 exciderunt,
889 1360 916 1382 et
934 1355 968 1382 ab
983 1361 1017 1381 eo
1029 1361 1060 1381 se

272 1406 381 1441 penitus
393 1405 497 1432 alienos
517 1404 646 1437 elllciunt,
662 1403 752 1431 clerici
772 1403 865 1430 habitu
883 1402 1059 1429 tondeantur.

274 1452 322 1479 Sin
345 1456 434 1479 autem
456 1458 510 1478 non
532 1458 583 1478 sua
602 1454 699 1485 sponte
728 1449 779 1476 hoc
799 1449 937 1483 elegerint,
954 1455 1059 1475 comam

274 1497 345 1524 sicut
357 1496 419 1523 laici
436 1496 570 1527 nutriant,
583 1498 677 1530 utpote
693 1495 739 1529 qui
756 1494 923 1521 mundanam
946 1500 1061 1521 conver-

274 1543 407 1570 sationem
423 1542 484 1569 vitae
500 1541 604 1569 caelesti
619 1540 831 1576 prteposuerint.

1072 1556 1097 1589 C

313 1626 421 1655 Textus.
437 1626 533 1654 Const.
553 1626 604 1658 Η,
620 1626 663 1653 tit.
682 1625 700 1653 5
711 1645 719 1658 ,
735 1625 782 1653 lib.
803 1633 823 1653 t.
840 1624 870 1653 Si
885 1625 996 1661 (inquit)
1012 1625 1062 1660 qui

274 1673 378 1708 judicio
400 1672 593 1707 episcoporum
618 1671 652 1699 ab
675 1672 835 1706 episcopatu
860 1671 989 1699 detrusus
1008 1675 1061 1704 est,

276 1723 373 1747 contra
390 1718 510 1752 quietem
523 1717 661 1752 publicam
672 1717 774 1751 aliquid
786 1716 878 1750 faciat,
895 1720 923 1744 et
935 1716 1063 1744 invadere

278 1765 404 1792 eumdem
415 1764 601 1798 episcopatum
613 1762 696 1796 velit;
709 1763 805 1797 procul
816 1763 850 1790 ab
866 1763 933 1791 urbe
947 1763 981 1790 ad
999 1771 1064 1791 cen-

279 1815 336 1838 tum
362 1808 541 1845 [passuum]
558 1808 644 1835 millia
667 1808 915 1845 propellitnrmec
945 1809 1063 1836 adeundi

279 1844 443 1890 principum,
470 1858 518 1881 aut
543 1854 695 1888 accipiendi
715 1854 877 1888 rescriptum
905 1844 1063 1882 iacultatem

281 1901 363 1928 habet
382 1910 389 1928 :
409 1900 474 1935 quin
492 1900 543 1928 etsi
568 1899 755 1935 [rescriptum]
779 1900 941 1934 impetrarit.
959 1901 1064 1928 nullum

282 1945 370 1982 [inde]
392 1945 566 1973 commodum
582 1945 654 1979 capit
674 1953 682 1971 :
703 1952 735 1972 ac
765 1944 893 1972 defensor
919 1944 1003 1981 [ejus]
1022 1946 1065 1972 in—

282 1993 466 2027 dignationem
484 1991 566 2019 subit.
584 1991 617 2018 Et
633 1991 668 2018 25
682 1994 772 2019 const.
795 1991 917 2026 ejusdem
932 1991 1067 2027 ti:.Euly-

283 2037 388 2065 chetem
413 2037 497 2071 ejicit.
529 2036 563 2062 Et
589 2041 679 2064 const.
720 2036 746 2069 5,
776 2036 818 2064 tit.
845 2045 854 2064 1
879 2036 1065 2069 Novellarum,

285 2084 405 2116 Petrum,
419 2083 590 2115 Anthitnum,
603 2082 733 2110 Severum
758 2087 785 2110 et
799 2083 916 2110 Zooram
928 2084 1040 2118 expellit
1059 2093 1066 2111 :

285 2130 319 2157 iis
334 2130 381 2164 qui
394 2130 485 2157 Severi
501 2131 600 2165 scripta
618 2131 728 2164 habent,
739 2139 789 2158 nec
803 2131 981 2164 comburunt,
999 2133 1068 2159 alias

285 2183 381 2210 poenas
418 2180 445 2202 et
480 2175 677 2203 abscissionein
711 2183 840 2204 manuum
882 2177 1067 2205 interminata.

285 2222 380 2249 Const.
394 2229 459 2249 vero
475 2221 508 2253 2,
526 2222 567 2249 tit.
592 2230 598 2248 ι
616 2221 788 2250 Novellarum
805 2223 858 2256 ait,
874 2223 954 2258 ‘quod
969 2224 993 2251 si
1007 2225 1065 2258 cpi-
1083 2226 1105 2253 D

286 2274 397 2302 scopus,
413 2268 460 2302 qui
481 2268 516 2296 ob
530 2276 639 2296 causam
657 2269 810 2296 canonibus
832 2270 953 2304 agnitam
975 2277 1068 2297 sacer-

286 2313 363 2341 dotio
385 2313 495 2345 excidit,
522 2314 690 2349 ingrediatur
717 2315 811 2342 urbem
838 2323 871 2342 ex
894 2323 948 2350 qua
965 2315 1070 2350 ejectus

287 2364 340 2391 est,
356 2364 402 2386 aut
421 2359 593 2394 derelinquat
615 2360 704 2388 locum
729 2361 758 2388 in
782 2368 837 2396 quo
850 2362 948 2396 degere
973 2361 1071 2396 jussus

287 2408 340 2436 est,
363 2405 389 2432 in
403 2406 597 2433 monasterium
610 2406 722 2433 alterius
736 2407 882 2441 provincia;
895 2407 1070 2442 conjiciatur.

323 2450 405 2486 264
415 2450 491 2477 CAP.
508 2450 590 2478 XL—
609 2451 682 2484 Quae
698 2452 729 2478 ob
754 2461 849 2480 causa:
859 2458 1006 2488 cegregetur
1015 2454 1072 2488 epi-

288 2504 393 2531 scopus,
405 2501 451 2523 aut
477 2497 598 2529 clericus,
612 2503 658 2524 aut
676 2498 772 2526 laicus.
788 2499 861 2532 Quid
887 2501 909 2526 si
936 2500 1072 2535 episcopus

289 2545 439 2575 accusatus,
446 2549 492 2576 per
508 2541 625 2569 libellum
637 2551 662 2569 se
671 2543 773 2571 abdicet
783 2545 932 2580 episcopatu
943 2545 1072 2580 ?thuod

290 2594 343 2612 non
361 2586 494 2620 expediat,
507 2588 656 2622 episcopum
677 2589 739 2622 jura
758 2594 804 2616 aut
821 2590 953 2617 immerito
979 2590 1073 2624 depul-

289 2636 359 2664 sum,
371 2630 405 2657 ad
422 2631 567 2666 presbyteri
579 2633 692 2668 gradum
701 2634 826 2669 redigere.

323 2728 347 2746 "
361 2729 448 2758 Conc.
464 2731 550 2760 Alric.
562 2739 587 2760 c.
600 2732 646 2760 52.

304 2839 309 2844 _
327 2802 386 2844 (991
401 2802 524 2844 Epitome
537 2809 672 2844 canonum
689 2803 799 2831 Adriani
807 2811 890 2844 pap:e_
896 2813 906 2844 _:
924 2813 932 2830 ι
948 2803 983 2832 Ut
993 2804 1075 2839 Equi—

291 2837 346 2866 tius
371 2838 516 2875 damnatus
543 2837 788 2875 quomodocunque
808 2837 1072 2875 ’ex‘pcllereturfuc

292 2877 393 2901 statum
406 2872 533 2902 Ecclesia:
545 2872 717 2908 inquietaret.
735 2883 744 2899 ν

1140 943 1195 970 Καὶ
1206 941 1379 977 ὑπέγραψαν·
1394 939 1529 975 Αὐρήλιος
1545 937 1693 968 ἐπίσκοπος
1708 936 1758 972 τῆς
1772 936 1801 962 ὲν
1816 935 1886 970 Καρ-

1105 986 1369 1025 χηδόνιἚκκλησίας
1381 985 1420 1020 τῷ
1438 983 1555 1020 παρόντι
1574 982 1731 1018 ψηφίσματι
1745 980 1887 1016 συνῄνεσσ,

1105 1036 1154 1062 καὶ
1167 1033 1368 1068 ἀναγνωσθέντι
1384 1030 1542 1067 ὑπέγραψα.
1561 1028 1678 1065 Ὁμοίως
1691 1028 1741 1054 καὶ
1761 1028 1787 1054 οι
1803 1026 1890 1054 λοιποὶ

1106 1082 1251 1110 ἐπίσκοποι
1264 1080 1435 1116 ὑπέγραψαν.

1177 1126 1312 1154 Συνόδου
1328 1123 1537 1160 οικουμενικῆς
1549 1122 1640 1156 ἕκτης
1654 1120 1754 1148 κανὼν
1768 1119 1822 1146 κα’.

1142 1173 1195 1200 κα’.
1215 1173 1247 1199 Οἱ
1262 1172 1306 1199 ἐπ’
1321 1170 1476 1206 ἐγκλήμασι
1492 1169 1645 1199 κανονικοῐς
1661 1166 1807 1193 ὑπεύθυνοι
1820 1164 1892 1199 γινό-

1110 1228 1195 1256 μενοι,
1213 1219 1260 1245 καὶ
1272 1218 1316 1245 διὰ
1328 1216 1407 1244 τοῦτο
1422 1215 1549 1243 παντελεῖ
1561 1223 1590 1241 τε
1605 1213 1652 1240 καὶ
1666 1212 1784 1247 διηνεκεῖ
1800 1210 1894 1237 καθαιιι

1111 1254 1184 1301 ρέσει
1194 1262 1417 1297 ὑποόαλλόμενοι,
1433 1261 1480 1287 καὶ
1494 1261 1522 1287 ὲν
1535 1258 1574 1294 τῷ
1588 1258 1640 1285 τῶν
1654 1256 1756 1285 λαῖκῶν
1770 1254 1894 1282 ἀπωθού-

1110 1300 1185 1346 μενοι
1198 1309 1283 1344 τόπῳ,
1300 1309 1323 1334 εί
1339 1307 1388 1342 μὲν
1406 1305 1535 1336 ἑκουσίως
1551 1304 1621 1346 πρὸς
1632 1302 1798 1337 ἐπιστροφὴν
1809 1300 1896 1335 ὁρῶν-

1109 1345 1165 1388 τες,
1181 1353 1307 1381 ἅθετοῦσι
1331 1352 1380 1387 τὴν
1395 1349 1534 1386 ἁμαρτίαν
1551 1348 1584 1376 δι’
1606 1345 1640 1383 ἦς
1652 1347 1702 1382 τῆς
1719 1345 1829 1381 χάριτος
1850 1345 1899 1371 ὲκ-

1109 1401 1282 1433 πεπτώκασι,
1307 1399 1356 1426 καὶ
1376 1398 1479 1433 ταύτης
1499 1396 1590 1423 τέλεον
1605 1394 1718 1426 ἑαυτοὺς
1733 1392 1899 1420 καθιστῶσιν

1110 1446 1276 1482 ἀλλοτρίους,
1297 1445 1336 1480 τῷ
1350 1443 1397 1471 τοῦ
1414 1442 1546 1478 κληρικοῦ
1562 1439 1744 1475 κειρέσθωσαν
1759 1438 1899 1474 οχήματι’

1110 1494 1135 1520 εί
1147 1493 1176 1519 δὲ
1193 1492 1230 1528 μὴ
1252 1491 1332 1518 τοῦτο
1357 1489 1526 1525 αὐθαιρέτως
1549 1487 1717 1522 αἱρήσονται,
1733 1484 1858 1519 καθάπερ
1873 1482 1900 1510 οι

1111 1539 1201 1566 λαῖκοὶ
1214 1537 1263 1572 τὴν
1277 1537 1367 1572 κόμην
1383 1534 1606 1570 ὲπιτρεφέτωσαν
1616 1553 1624 1566 ,
1648 1532 1685 1563 ὼς
1697 1530 1747 1566 τὴν
1760 1531 1789 1556 ὲν
1803 1528 1901 1564 κόσμῳ

1111 1583 1295 1620 ἀναστροφήν,
1310 1581 1360 1616 τῆς
1372 1580 1498 1616 οὐρανίου
1515 1578 1587 1614 ζωῆς
1602 1576 1835 1613 προτιμήσαντες.

1152 1630 1186 1657 Ἦ
1202 1629 1232 1656 ιδ’
1245 1627 1366 1659 διάταξις
1382 1625 1430 1652 τοῦ
1445 1624 1471 1660 γ’
1486 1624 1539 1651 τίτ.
1556 1623 1603 1650 τοῦ
1625 1621 1650 1649 α’
1672 1621 1743 1657 βιὸλ.
1757 1620 1842 1655 λέγει,
1857 1620 1902 1648 ὅτι

1116 1676 1146 1703 '0
1160 1674 1230 1703 κατὰ
1237 1672 1398 1708 δοκιμασίαν
1407 1670 1565 1698 ἐπισκόπων
1578 1667 1721 1703 ὲκὸληθεὶς
1737 1666 1905 1701 ἐπισκοπῆς,

1112 1722 1160 1750 ὲάν
1175 1730 1202 1748 τι
1224 1721 1288 1755 ποιῇ
1306 1717 1461 1754 ταραχῶδες
1485 1716 1532 1743 καὶ
1550 1715 1615 1751 θέλῃ
1641 1714 1769 1749 ἐπιϐῆναι
1784 1714 1818 1748 τῇ
1832 1712 1904 1748 αὐτῇ

1113 1766 1261 1800 ἐπισκοπῇ,
1285 1763 1380 1799 πόρρω
1396 1762 1446 1796 τῆς
1459 1760 1563 1792 πόλεως
1588 1758 1610 1795 ρ’
1633 1757 1709 1793 μίλια
1729 1756 1904 1787 ἐκϐάλλεται,

1114 1812 1162 1840 καὶ
1175 1811 1225 1837 οὐκ
1249 1809 1306 1844 ἔχει
1324 1808 1416 1835 ἄδειαν
1431 1806 1574 1842 προσιέναι
1597 1803 1701 1840 βασιλεῖ
1723 1802 1906 1839 ἢλαμὸἁνειν

1115 1858 1283 1892 ἀντίγραφον
1293 1864 1300 1870 ·
1325 1854 1382 1882 ἀλλ’
1397 1854 1422 1880 εἰ
1442 1853 1490 1879 καὶ
1502 1852 1590 1884 λάὸοι,
1608 1851 1658 1877 οὐκ
1671 1848 1813 1881 ἀπολαύει,
1829 1848 1876 1875 καὶ
1892 1849 1908 1874 ὁ

1116 1903 1222 1940 βοηθῶν
1239 1901 1313 1936 αὑτῷ
1327 1899 1520 1935 ἀγανακτεῖται
1530 1905 1537 1913 ι
1557 1897 1604 1924 καὶ
1619 1897 1636 1931 ἡ
1652 1899 1693 1930 κγ’
1708 1894 1779 1922 διάτ.
1793 1893 1843 1921 τοῦ
1858 1893 1909 1920 αὺ-

1115 1949 1163 1976 τοῦ
1190 1949 1243 1975 τίτ.
1271 1946 1398 1974 ἐκϐάλλει
1423 1944 1567 1979 Εὐτυχέα’
1590 1942 1670 1977 καὶή
1691 1945 1712 1967 ε’
1728 1940 1797 1967 διάτ.
1817 1940 1867 1966 τοῦ
1881 1942 1911 1967 α’

1116 1995 1168 2022 τίτ.
1179 1993 1233 2021 τῶν
1245 1991 1359 2028 Νεαρῶν
1368 1989 1494 2018 ὲκῦάλλει
1511 1988 1624 2024 Πέτρον,
1635 1988 1774 2022 ’Δντιμον,
1786 1985 1910 2021 Σεὸἦρον

1117 2041 1165 2068 καὶ
1188 2040 1309 2075 Ζωόραν,
1332 2036 1480 2065 ἀπειλοῦσα
1502 2036 1559 2067 τοῖς
1582 2034 1673 2070 ἔχουσι
1700 2032 1911 2068 συγγράμματα

1118 2089 1238 2124 Σεόήρου
1254 2087 1302 2114 καὶ
1325 2085 1363 2121 μὴ
1387 2084 1510 2112 καίουσιν
1532 2082 1612 2114 αὐτὰ,
1629 2080 1724 2112 ποινὰς
1737 2080 1836 2115 ἑτέρας
1860 2079 1911 2106 καὶ

1118 2135 1209 2170 χειρὸς
1226 2131 1369 2169 ἀποκοπὴν
1379 2138 1386 2145 ·
1402 2131 1419 2164 ἡ
1436 2129 1464 2156 δὲ
1479 2128 1501 2163 β’
1513 2127 1584 2154 διάτ.
1599 2126 1646 2153 τοῦ
1662 2126 1685 2152 α’
1699 2126 1752 2152 τίτ.
1769 2124 1825 2152 τῶν
1837 2124 1913 2151 Νεα-

1121 2169 1175 2216 ρῶν
1192 2186 1285 2213 φησιν,
1300 2178 1341 2203 ὅτι
1354 2176 1501 2206 ἐπίσκοπος
1518 2171 1667 2203 κανονικῶς
1686 2171 1736 2216 τῆς
1755 2169 1913 2205 ἱερωσύνης

1119 2214 1253 2257 ἐκπεσὼν,
1269 2224 1317 2250 καὶ
1329 2221 1475 2249 ὲπιδαίνων
1487 2220 1519 2254 τῇ
1534 2218 1610 2245 πόλει
1624 2217 1669 2251 ἀφ’
1685 2214 1720 2252 ἦς
1733 2215 1879 2251 ἐξεϐλήθη,
1893 2216 1914 2250 ἢ

1120 2269 1334 2306 καταλιμπάνων
1359 2268 1404 2294 τὸν
1421 2266 1502 2293 τόπον
1523 2265 1552 2291 ὲν
1576 2260 1598 2297 ᾧ
1621 2263 1725 2297 διάγειν
1747 2261 1915 2296 ἐκελεύσθη,

1122 2316 1296 2353 μοναστηρίῳ
1311 2313 1393 2349 ἄλλης
1407 2311 1539 2347 ἐπαρχίας
1553 2308 1726 2345 ἐμϐάλλεται.

1158 2449 1283 2476 ΚΕΦΔΔ.
1305 2448 1338 2474 lA
1351 2466 1359 2473 .
1381 2460 1418 2466 —
1441 2445 1488 2471 Ὲθι
1506 2443 1600 2470 ποίων
1616 2440 1719 2469 αἰτιῶν
1739 2439 1922 2474 ἀφορίζεται

1122 2494 1301 2526 ἐπίσκοπος,
1319 2492 1338 2526 ἢ
1358 2489 1512 2525 κληρικὸς,
1526 2488 1545 2522 ἣ
1560 2487 1682 2520 λαϊκός·
1706 2485 1756 2512 καί
1772 2485 1831 2511 ἐὰν
1847 2485 1922 2512 ἐπι-

1123 2547 1238 2572 σκοπος
1254 2537 1522 2572 κατηγορούμενος,
1538 2534 1586 2561 διὰ
1599 2533 1743 2560 λιϐἑλλου
1765 2529 1922 2564 παραιτῆ-

1123 2595 1170 2614 ται
1193 2585 1250 2619 τὴν
1267 2582 1453 2615 ἐπισκοπὴν·
1474 2581 1524 2608 καὶ
1543 2580 1587 2607 ὅτι
1602 2580 1638 2607 οὐ
1657 2577 1705 2605 δεῖ
1717 2577 1772 2604 τὸν
1785 2576 1923 2603 ἐπίσκο-

1125 2640 1184 2658 πον
1199 2629 1420 2663 ἐκϐαλλόμενον
1442 2627 1558 2662 ἀλόγως
1577 2625 1596 2660 ἢ
1615 2625 1758 2660 εὐλόγως,
1774 2624 1821 2656 εις
1843 2630 1924 2657 πρε-

1126 2676 1272 2710 σϐυτέρου
1284 2674 1462 2709 κατάγεσθαι
1470 2673 1590 2708 ,βαθμόν
1596 2685 1604 2690 -

1162 2801 1200 2838 (l)
1215 2801 1264 2838 Ms.
1283 2799 1400 2838 Equiti,
1410 2798 1530 2838 episcopi
1545 2797 1770 2838 Hipponensium
1780 2796 1928 2838 [finali-rhy—

1125 2831 1224 2869 tor‘ur'n,
1244 2835 1278 2863 de
1290 2831 1345 2870 quo
1361 2831 1456 2862 iteru'm
1470 2834 1497 2861 in
1505 2831 1590 2862 'concl
1600 2831 1694 2861 Carth.
1706 2831 1771 2860 anni
1786 2832 1854 2860 404.
