1959 3061
96 163 149 195 737

501 159 702 190 SYNTAGMA
719 158 912 189 CANOPTUM.
926 172 959 177 —
973 161 1046 191 rm
1066 162 1118 200 Ix,
1136 142 1216 194 CAP.
1237 163 1290 194 x1.

1671 166 1726 198 738

103 217 295 246 Ἄποστόλων
311 207 412 243 κανὼν
433 224 464 247 ε,
486 218 522 250 η’,
539 215 574 248 θ’,
597 215 623 248 ι’,
644 214 688 249 ιβ’,
713 214 758 248 ιγ’,
775 217 816 245 ιε’,
835 216 884 246 ις’,
900 228 908 244 Α

962 216 1124 250 poslolorum
1139 226 1251 245 canones
1264 219 1291 251 5,
1302 218 1330 252 8,
1344 218 1372 253 9,
1395 219 1439 252 10,
1452 219 1496 252 12,
1513 219 1612 253 15,15,
1625 221 1725 252 16.24.

130 263 182 295 κδ’,
197 263 252 296 λς’,
268 262 324 297 μτί,
341 265 393 296 με’,
411 260 467 296 μιςί,
488 261 534 293 νᾶν,
555 263 611 292 νς’,
631 259 679 292 νζν,
703 258 818 295 νη’,νθ’,
839 258 886 292 ξέ,

132 308 182 342 ξς,
196 308 228 340 ο’,
244 308 295 341 οα’,
313 307 362 342 οβ’,
380 305 430 341 ογ’,
448 304 503 340 ος⁹,
519 306 570 333 πδν.

131 358 164 383 e’.
190 354 363 386 Ἐπίσκοπος,
387 354 404 389 ἢ
431 353 624 389 πρεσϐύτερος,
648 353 813 389 ἢδιάκονος,
837 354 887 390 τὴν

97 401 195 429 ἑαυτοῦ
208 401 327 435 γυναῖκα
342 399 379 436 μὴ
394 399 548 427 ἐκϐαλλέτω
563 400 699 435 προφάσει
723 400 866 432 εὐλαϐείας
877 408 885 416 ·

97 447 145 474 ἐὰν
152 446 181 473 δὲ
187 446 301 481 ἐκϐάλῃ,
310 446 491 481 ἀφοριζέσθω“
499 445 636 480 ἐπιμένων
643 446 682 478 δὲ,
690 446 884 482 καθαιρείσθω.

131 494 168 527 η’.
190 491 224 518 Et
236 499 279 522 τις
291 491 450 523 ἐπίσκοπος,
467 491 484 526 ἢ
502 490 696 526 πρεσϐύτερος,
712 491 729 527 ἢ
752 491 886 525 διάκονος,

98 547 126 564 κ.
141 546 168 564 τ.
183 537 209 564 λ.

133 583 166 610 θ’.
187 583 294 613 Πάντας
304 582 368 613 τοὺς
385 581 517 614 εἰσιόντας
530 583 651 615 πιστοὺς,
666 591 695 609 κ.
711 591 737 609 τ.
753 582 778 609 λ.

134 631 160 655 ι’.
180 628 214 654 Et
225 636 266 660 τις
277 628 451 663 άκοινωνήτῳ
467 627 519 655 κᾶν
533 629 562 654 ἐν
578 628 645 663 οἴκῳ
658 627 825 662 συνεύξεται,
840 624 887 655 οὗ·

96 683 142 705 τος
161 673 344 708 ἀφοριξέσθω.
612 678 615 681 “

133 718 178 753 ιβ’,
188 721 234 752 ιγ’.
243 719 326 749 Etet;
337 718 466 754 κληρικὸς
477 718 493 754 ἢ
507 718 610 751 λαῖκδς,
623 719 812 754 ἀφωρισμένος
828 719 887 754 ἦτοι

97 764 222 796 ἄδεκτος,
242 772 270 790 κ.
287 772 312 790 τ.
328 762 354 790 λ.

134 812 175 836 ιε’.
196 808 229 835 Et
243 817 286 841 τις
309 808 494 844 πρεσϐύτερος
516 809 532 844 ἢ
561 809 699 842 διάκονος,
721 809 738 845 ἢ
755 809 823 841 ὅλως
839 809 887 836 τοῦ

98 855 250 888 καταλόγου
262 855 315 882 τῶν
329 854 478 890 κληρικῶν,
492 863 520 881 κ.
535 863 561 882 τ.
576 855 601 882 λ.

972 261 1018 294 '56,
1040 262 1084 295 45,
1103 263 1149 296 15,
1163 263 1209 295 18.
1221 264 1266 297 54,
1282 264 1326 298 56,
1349 264 1395 298 57,
1411 265 1457 298 58,
1469 265 1503 293 59
1515 286 1523 299 ,
1540 265 1591 300 65,
1609 266 1653 300 66,
1680 267 1726 300 70,

973 308 1019 342 71,
1039 309 1082 341 72,
1096 309 1142 343 73,
1161 310 1205 343 76,
1221 310 1268 338 8L

974 353 999 381 5.
1014 353 1165 390 Episcopus
1177 355 1227 391 (2),
1237 357 1279 385 vel
1292 358 1444 394 presbyter,
1457 358 1501 387 vel
1510 359 1643 389 diaconus
1657 368 1727 389 uxo-

937 406 994 426 rem
1007 407 1084 427 suam
1099 408 1134 428 ne
1147 401 1239 436 ejiciat
1253 403 1392 438 religionis
1408 409 1539 439 praetextu
1552 414 1559 439 ;
1578 406 1621 433 sin
1636 411 1726 434 autem

937 443 1049 478 eiecerit
1061 464 1069 477 ,
1090 451 1247 481 segregetur
1261 456 1269 481 ;
1285 448 1349 475 etsi
1374 454 1547 482 perseveret,
1564 450 1725 484 deponatur.

972 489 999 517 8.
1013 489 1040 517 Si
1129 491 1283 527 episcopus,
1293 494 1435 529 presbyter
1447 494 1489 521 vel
1497 494 1641 528 diaconus,
1658 501 1728 529 etc.,

985 543 1048 562 naa.
1121 555 1128 562 .

938 538 968 561 ut
985 543 1048 570 pag.
1067 538 1128 562 606.

973 578 999 606 9.
1010 580 1172 616 Quicunque
1180 581 1552 617 ﬁdelesingrediuntur.etc.,
1568 587 1597 609 ut
1612 591 1640 617 p.
1662 583 1726 611 606.

973 624 1017 652 10.
1037 624 1065 652 Si
1095 627 1157 661 quis
1185 635 1247 654 cum
1269 628 1520 662 excommunicato,
1539 629 1581 656 vel
1590 629 1618 656 in
1632 629 1726 662 domo,

936 676 991 696 una
1006 676 1133 704 precatus
1148 672 1239 706 fuerit,
1255 673 1279 700 is
1293 679 1461 709 segregetur.

972 715 1079 748 12,15.
1105 717 1133 744 Si
1160 719 1222 753 quis
1245 719 1362 747 clericus
1384 720 1426 747 vel
1450 720 1537 748 laicus
1569 725 1727 756 segregatus

937 759 994 787 sive
1014 768 1068 788 non
1085 763 1267 797 recipiendus,
1285 770 1349 796 etc.,
1367 769 1395 791 ut
1411 773 1474 799 pag.
1491 765 1553 793 751.

977 809 1058 845 265
1072 810 1103 838 15
1114 809 1184 845 [14].
1200 809 1229 837 Si
1239 810 1302 845 quis
1316 809 1470 847 presbiter,
1480 809 1523 837 vel
1534 809 1677 841 diaconus,
1687 808 1730 836 vel

940 856 1053 883 omnino
1065 864 1097 883 ex
1112 856 1274 884 clericorum
1287 857 1423 892 catalogo,
1440 859 1507 889 etc.,
1519 859 1548 883 ιιι
1560 864 1621 891 pag.
1637 855 1699 883 658.

136 904 184 932 ις’.
206 901 237 927 Ei
251 900 280 927 δὲ
299 901 314 926 ὸ
330 900 489 933 ἐπίσκοπος,
509 900 574 935 παρ’
595 897 618 933 ᾧ
631 901 803 934 τυγχάνουσι,
823 898 887 934 παρ’
905 892 908 921 1

975 901 1010 928 16
1020 900 1091 936 [15].
1105 901 1153 930 Sin
1164 902 1188 918 ³⁸
1198 906 1288 930 autem
1303 903 1449 937 episcopus
1461 903 1540 930 nihili
1560 902 1664 929 faciens
1682 901 1730 928 ad-

97 947 175 974 ούδὲν
189 947 368 981 λογισάμενος
378 947 428 982 τὴν
439 948 499 974 κατ’
511 947 601 974 αὐτῶν
614 947 768 983 ὁρισθεῖσαν
778 945 887 981 ἀργίαν,

97 993 202 1025 δέξεται
219 993 319 1024 αὐτοὺς
333 992 371 1025 ὡς
386 993 545 1029 κληρικοὺς,
567 992 740 1028 ἁφοριζέσθω
756 992 793 1024 ὡς
813 991 887 1018 διδά-

99 1039 199 1070 σκαλος
215 1038 338 1071 ἀταξίας.

135 1085 184 1111 κδ’.
204 1084 303 1115 Λαῖκὸς
319 1083 415 1111 ἑαυτὸν
429 1083 640 1120 ἀκρωτηριάσας
655 1083 827 1120 ἀφοριζέσθω
840 1082 889 1118 ἔτη

97 1128 161 1164 τρία
171 1136 178 1143 ·
197 1128 339 1160 ἐπίϐουλος
355 1129 410 1164 γάρ
425 1129 483 1155 ἐστι
501 1129 551 1163 τῆς
566 1128 662 1156 ἑαυτοῦ
681 1128 763 1163 ζωῆς.

135 1173 190 1206 λς’.
210 1174 245 1201 Εἴ
259 1183 301 1207 τις
314 1175 511 1212 χειροτονηθεὶς
529 1176 688 1209 ἐπίσκοπος,
705 1185 733 1203 κ.
748 1185 775 1204 τ.
791 1176 816 1205 λ.

137 1267 193 1298 μγ’.
222 1264 413 1297 Ὑποδιάκονος
441 1265 459 1300 ἢ
485 1264 663 1300 ἁναγνώστης
686 1265 703 1301 ἢ
727 1265 832 1301 ψάλτης
855 1266 890 1293 τὰ

98 1309 182 1344 ὃμοια
196 1309 291 1344 ποιῶν,
308 1309 326 1346 ἢ
343 1309 494 1338 παυσάσθω
506 1310 524 1345 ἢ
540 1311 715 1346 άφοριζέσθω
727 1319 735 1327 ·
759 1311 890 1343 ὡσαύτως

99 1355 148 1382 καὶ
160 1355 264 1387 λαῖκός.

138 1400 190 1436 με’.
215 1401 379 1433 Ἐπίσκοπος
400 1401 417 1437 ἢ
440 1401 626 1437 πρεσϐύτερος
649 1402 666 1437 ἦ
689 1402 822 1436 διάκονος,
846 1403 891 1431 αί-

100 1447 221 1482 ρετικοϊς
234 1447 430 1482 συνευξάμενος
446 1447 537 1483 μόνον,
553 1456 581 1474 κ.
594 1456 621 1476 τ.
635 1447 661 1475 λ.

140 1553 197 1586 μη’.
218 1550 252 1577 El
264 1559 307 1583 τις
321 1550 415 1583 λαῖκὺς
436 1550 486 1587 τὴν
509 1547 746 1584 ἐαυτοῦ”γυναῖκα
769 1549 892 1577 ἐκϐαλὼν
906 1560 927 1589 C

102 1595 202 1632 ἑτέραν
226 1595 315 1629 λάϐοι,
338 1596 355 1632 ἢ
383 1596 460 1632 παρὰ
482 1596 563 1624 ἄλλου
581 1595 802 1632 ἀπολελυμένην,
825 1597 893 1631 ἀφο-

105 1641 236 1677 ριζέσθω.

141 1687 188 1714 νδν.
203 1687 238 1715 Εἴ
245 1696 286 1719 τις
298 1687 429 1723 κληρικδς
440 1689 468 1715 ἐν
481 1688 620 1724 καπηλείῳ
632 1689 773 1725 φωραθείη
786 1688 895 1721 ἐσθίων,

104 1732 288 1768 ἀφοριζέσθω,
301 1733 388 1768 πάρεξ
398 1733 445 1760 τοῦ
458 1734 487 1760 ἐν
499 1734 650 1770 πανδοκείῳ
663 1735 692 1761 ὲν
703 1734 755 1770 όδῷ
769 1734 803 1761 δι’
815 1734 898 1769 ἀνάγ-

104 1786 159 1814 κην
175 1777 355 1810 καταλύοντος

144 1872 198 1901 νς’.
220 1869 254 1896 Εἰ
273 1878 315 1900 τις
330 1869 461 1904 κληρικδς
477 1869 583 1904 ὑϐρίσει
600 1869 786 1906 πρεσϐύτερον
805 1869 822 1907 ἢ
839 1870 898 1898 διά-

106 1922 197 1945 κονον,
210 1914 393 1950 ἀφοριζέσθω.

144 1958 194 1991 νζ’,
215 1959 248 1985 Et
271 1967 313 1991 τις
330 1958 460 1994 κληρικδς
479 1958 564 1994 χωλὸν
580 1958 596 1993 ἢ
613 1957 703 1992 κωφὸν
725 1957 742 1994 ἢ
766 1958 897 1994 τυφλὸνῆ

107 2004 159 2036 τὰς
191 2004 281 2039 βάσεις
308 2004 501 2039 πεπληγμένον
535 2003 678 2039 χλευάσει,
707 2002 898 2038 ἀφοριζέσθω”

105 2050 240 2082 ὡσαύτως
254 2051 301 2077 καὶ
317 2050 421 2081 λαῐκός.

144 2099 196 2132 νην.
213 2096 377 2128 Ἐπίσκοπος
392 2096 408 2133 ἢ
422 2095 608 2134 πρεσϐύτερος
618 2095 726 2131 ἀμελῶν
737 2094 783 2122 τοῦ
797 2094 898 2131 κλήρου

107 2141 126 2178 ἢ
143 2141 191 2168 τοῦ
204 2141 280 2174 λαοῦ,
292 2150 321 2168 κ.
337 2150 362 2169 τ.
380 2141 405 2169 λ.

146 2187 195 2215 νθ’.
216 2187 251 2214 Et
262 2195 304 2219 τις
318 2187 465 2219 ἐπίσκοπος
479 2187 496 2222 ἢ
510 2186 704 2221 πρεσϐύτερος,
727 2195 755 2214 κ.
771 2194 799 2214 τ.
817 2186 844 2215 λ.

939 951 1035 970 νει-ειη
1049 951 1096 970 COS
1121 942 1257 969 decretam
1283 950 1299 969 a
1336 949 1449 970 munere
1476 943 1727 973 cessationem,eos

938 988 1092 1016 utclericos
1109 988 1253 1022 receperit,
1270 992 1426 1023 segregetur
1449 992 1480 1015 ut
1498 987 1675 1015 immodestia)
1700 992 1728 1014 et

938 1033 1090 1061 insolentiae
1105 1033 1245 1068 magister.

973 1079 1008 1106 21
1025 1077 1093 1114 [25].
1109 1077 1210 1105 Laicus
1221 1078 1269 1112 qui
1283 1077 1404 1113 seipsum
1418 1077 1565 1109 mutilavit,
1579 1076 1667 1104 tribus
1680 1084 1730 1103 an-

939 1125 982 1153 nis
994 1129 1169 1161 segregetur;
1183 1129 1225 1152 est
1239 1125 1314 1153 enim
1329 1132 1387 1152 suae
1399 1123 1485 1159 ipsius
1499 1123 1561 1150 vitae
1574 1122 1729 1150 insidiator.

973 1171 1008 1199 56
1029 1170 1099 1207 [55].
1127 1170 1156 1198 Si
1187 1170 1250 1206 quis
1273 1170 1417 1198 ordinatus
1438 1169 1596 1205 episcopus,
1610 1173 1676 1202 etc.,
1701 1171 1731 1195 ut

938 1225 1001 1252 pag.
1017 1217 1078 1244 506.
1149 1222 1152 1223 '
1249 1248 1253 1252 δ

974 1263 1010 1290 15
1024 1262 1094 1299 [12].
1113 1261 1337 1298 Hypodiaconus,
1353 1261 1395 1289 vel
1412 1261 1509 1294 lector,
1524 1261 1567 1288 vel
1583 1264 1681 1289 cantor
1694 1260 1733 1289 si-

940 1308 1016 1336 milia
1036 1307 1151 1341 faciens,
1161 1308 1205 1335 vel
1229 1311 1330 1341 cesset,
1352 1307 1396 1334 vel
1410 1311 1577 1342 segregetur.
1595 1305 1690 1333 Itidem
1704 1309 1733 1333 et

940 1352 1037 1381 laicus.

975 1399 1010 1426 45
1037 1397 1106 1434 [ﬂ].
1126 1397 1278 1433 Episcopus
1293 1395 1338 1424 vel
1352 1396 1505 1432 presbyter,
1526 1396 1570 1425 vel
1583 1396 1732 1428 diaconus,

941 1445 1063 1479 quicum
1078 1443 1212 1471 haereticis
1226 1442 1269 1470 vel
1281 1442 1371 1471 solum
1385 1446 1577 1478 comprecatus
1599 1445 1652 1474 est,
1665 1445 1732 1473 etc.,

941 1494 970 1517 ut
984 1498 1047 1525 pag.
1059 1489 1121 1517 6l0.

979 1535 1094 1572 48[ι17].
1119 1535 1147 1563 Si
1174 1535 1237 1571 quis
1263 1535 1351 1564 laicus
1376 1543 1426 1564 sua
1442 1535 1532 1570 ejecta
1551 1541 1636 1563 uxore
1652 1533 1734 1562 aliam

946 1584 1090 1620 acceperit,
1107 1583 1150 1612 vel
1165 1583 1200 1611 ab
1210 1583 1265 1611 alio
1274 1584 1404 1616 solutam,
1417 1587 1586 1620 segregetur.

984 1688 1102 1724 51[55],
1123 1687 1152 1715 Si
1170 1688 1232 1723 quis
1258 1687 1376 1715 clericus
1394 1685 1421 1714 in
1442 1694 1566 1722 caupona
1590 1686 1737 1715 comedent:

947 1734 1136 1770 deprehensus
1155 1733 1249 1767 fuerit,
1265 1737 1431 1768 segregetur,
1453 1739 1636 1768 prasterquam
1660 1732 1683 1760 si
1707 1733 1737 1760 in

947 1781 1060 1817 publico
1072 1780 1225 1808 diversorio
1237 1780 1264 1807 in
1280 1780 1324 1807 via
1346 1775 1458 1815 propter
1481 1779 1670 1807 necessitatem
1694 1779 1738 1807 di-

947 1825 1070 1853 verterit.

985 1870 1019 1897 56
1036 1869 1106 1906 [55].
1128 1869 1158 1896 Si
1175 1869 1237 1903 quis
1250 1868 1366 1896 clericus
1378 1867 1569 1903 presbyterum
1587 1868 1630 1896 vel
1647 1867 1740 1896 diaco-

948 1923 1013 1944 num
1032 1915 1134 1949 injuria
1148 1914 1280 1947 aﬂ‘ecerit,
1297 1918 1468 1950 segregetur.

986 1961 1020 1988 57
1040 1960 1110 1997 [56].
1132 1959 1161 1988 Si
1178 1960 1241 1995 quis
1256 1960 1372 1988 clericus
1391 1959 1530 1993 claudum,
1546 1959 1589 1987 vel
1612 1959 1739 1991 surdum,

948 2009 991 2036 vel
1008 2015 1082 2041 eum,
1100 2008 1144 2035 cui
1162 2008 1278 2035 vitiosus
1297 2012 1340 2035 est
1355 2008 1496 2041 incessus,
1513 2006 1642 2039 irriserit,
1661 2013 1741 2042 sepa-

949 2057 1038 2082 retur.
1057 2053 1192 2080 Similiter
1204 2057 1231 2080 et
1246 2053 1342 2080 laicus.

987 2099 1021 2128 58
1036 2098 1106 2135 [57].
1132 2097 1286 2134 Episcopus
1302 2097 1346 2126 Vel
1369 2097 1523 2133 presbyter,
1543 2096 1590 2132 qui
1609 2095 1674 2125 cieri
1697 2095 1741 2123 vel

950 2145 1045 2182 populi
1058 2152 1153 2173 curam
1164 2151 1218 2172 non
1229 2144 1310 2179 gerit,
1324 2148 1390 2177 etc.,
1404 2149 1433 2172 ut
1443 2152 1504 2179 pag.
1516 2143 1580 2171 682.

986 2192 1021 2220 59
1038 2191 1107 2228 [58].
1121 2190 1150 2218 Si
1172 2191 1235 2227 quis
1249 2190 1396 2226 episcopus
1408 2189 1451 2216 vel
1460 2188 1613 2224 presbyter,
1627 2191 1693 2219 etc.,
1709 2189 1739 2212 ιιι

950 2247 1012 2275 pag.
1030 2239 1093 2266 671.

144 2291 191 2325 ξε¹.
214 2292 246 2319 Ετ
267 2301 309 2324 τις
333 2292 461 2327 κληρικὸς
486 2291 612 2327 ἣλαῖκὸς
634 2292 750 2319 εισέλθοι
771 2292 812 2325 είς
835 2300 899 2320 συν-

988 2286 1070 2321 266
1093 2285 1128 2313 65
1150 2284 1219 2321 [65].
1250 2284 1279 2311 Si
1297 2284 1361 2319 quis
1392 2283 1510 2310 clericus
1532 2281 1573 2309 vel
1597 2281 1685 2308 laicus
1712 2279 1740 2306 iu

107 2338 221 2374 αγωγὴν
235 2338 367 2365 Ἰουδαίων
382 2338 399 2373 ἢ
414 2338 560 2374 αἱρετικῶν
574 2336 784 2374 προσεύξασθαι,
803 2337 900 2365 καθαι-

109 2384 211 2420 ρείσθω
226 2384 273 2411 καὶ
287 2383 468 2420 ἀφοριζέσθω.

147 2430 196 2464 EC.
226 2430 261 2457 Εῖ
287 2439 329 2462 τις
351 2430 487 2466 παρθένον
516 2430 704 2466 ἀμνήστευτον
734 2430 901 2466 βιασάμενος

109 2476 180 2511 ἔχει,
197 2475 368 2511 ἀφοριζέσῦω
384 2484 392 2492 ·
419 2476 457 2512 μὴ
472 2475 618 2515 ἐξεῖναι,δέ
631 2476 705 2512 αύτῷ
718 2476 814 2513 ἐτέραν
828 2477 900 2512 λαμ-

110 2522 214 2554 ϐάνειν,
235 2521 292 2547 ἀλλ’
305 2520 413 2557 ἐκείνην
429 2522 554 2557 κατέχειν
567 2523 601 2558 ἢν
616 2523 663 2549 καλ⁸
677 2522 831 2558 ᾑρετίσατο,
848 2521 901 2550 κᾶν

110 2566 229 2603 πενιχρά
242 2567 373 2603 τυγχάνῃ.

148 2616 180 2640 o'.
199 2612 233 2639 Εῐ
243 2614 289 2645 ’τις
303 2613 463 2646 ἐπίσκοπος,
485 2614 502 2648 ἢ
519 2614 713 2649 πρεσϐύτερος,
736 2614 752 2650 ἢ
768 2614 900 2648 διάκονος,

111 2658 129 2694 ἦ
146 2658 214 2691 ὅλως
228 2658 276 2685 τοῦ
289 2659 442 2694 καταλόγου
461 2659 514 2686 τῶν
530 2659 678 2695 κληρικῶν,
694 2660 820 2694 νηστεύοι
833 2660 903 2695 μετὰ

117 2703 263 2738 Ἰουδαίων,
277 2705 294 2741 ἢ
309 2705 431 2740 ἐορτάζοι
448 2706 506 2740 μετ’
515 2705 614 2737 αὐτῶν,
625 2706 642 2741 ἢ
655 2705 760 2741 δέχεται
776 2707 842 2741 παρ’
853 2707 902 2734 αὒ-

111 2750 168 2777 τῶν
181 2749 216 2777 τὰ
230 2749 281 2785 τῆς
297 2750 392 2785 ἑορτῆς
408 2749 492 2783 ξένια,
509 2748 566 2777 οἷον
579 2751 683 2785 ἄζυμα,
706 2751 723 2786 ἡ
741 2760 766 2778 τι
784 2752 901 2786 τοιοῦτο,

112 2794 315 2831 καθαιρείσθω·
333 2796 359 2823 εί
373 2795 402 2822 δέ
418 2795 522 2829 λαῖκὸς,
539 2796 720 2831 ἀφοριζέσοω.

151 2875 175 2893 ³³
192 2876 278 2904 Cone.
292 2875 351 2904 Nic.
375 2883 438 2904 can.
469 2876 512 2904 16.

953 2329 1109 2358 Iudaeorum
1124 2331 1167 2358 vel
1184 2330 1373 2358 liarreticorum
1386 2335 1551 2363 synagogam
1562 2327 1689 2362 insessus
1703 2326 1739 2354 sit

954 2377 987 2404 ad
1003 2377 1147 2409 orandum,
1165 2377 1318 2411 deponatur
1333 2380 1360 2403 et
1379 2379 1549 2411 segregetur.

982 2428 1016 2455 67
1034 2426 1105 2464 [66].
1128 2426 1158 2454 Si
1184 2426 1246 2462 quis
1264 2426 1398 2461 virginem
1423 2433 1477 2452 non
1494 2425 1686 2460 desponsatam
1707 2425 1734 2452 vi

946 2474 1029 2502 allata
1053 2473 1145 2506 habet,
1168 2476 1344 2508 segregetur;
1359 2472 1386 2507 ei
1407 2476 1498 2499 autem
1514 2472 1594 2499 aliam
1613 2471 1736 2507 accipere

946 2526 1002 2547 non
1024 2518 1116 2551 liceat,
1142 2517 1190 2545 sed
1211 2516 1285 2544 illam
1307 2515 1426 2544 retinere
1440 2523 1522 2551 quam
1546 2517 1637 2551 elegit,
1653 2516 1735 2543 etiam

947 2565 969 2593 si
985 2571 1089 2600 pauper
1100 2563 1146 2591 sit.

984 2609 1019 2637 70
1040 2609 1111 2646 [69].
1139 2609 1168 2637 Si
1191 2609 1255 2644 quis
1277 2609 1432 2644 episcopus,
1459 2608 1502 2636 vel
1523 2609 1671 2645 presbyter,
1694 2609 1736 2637 vel

950 2656 1095 2688 diaconus,
1112 2655 1155 2683 vel
1168 2655 1282 2683 omnino
1296 2662 1329 2682 ex
1345 2655 1507 2682 clericorum
1520 2654 1653 2690 catalogo,
1664 2655 1738 2690 jeju-

948 2707 996 2731 nat
1008 2710 1071 2730 cum
1085 2701 1198 2734 Iudaeis,
1225 2701 1268 2729 vel
1286 2708 1348 2729 cum
1366 2701 1432 2736 ipsis
1445 2700 1530 2729 festos
1543 2701 1600 2728 dies
1614 2701 1680 2736 agit,
1697 2701 1739 2728 vel

949 2750 984 2777 ab
1000 2749 1068 2785 ipsis
1082 2748 1164 2776 xenia
1187 2748 1304 2783 accipit;
1317 2751 1357 2781 ut,
1373 2748 1449 2775 verbi
1466 2748 1563 2783 gratia,
1575 2755 1679 2782 azyma.
1697 2746 1740 2774 vel

947 2795 1020 2824 aliud
1034 2795 1125 2831 quale,
1133 2795 1295 2829 deportatur.
1304 2793 1332 2822 Si
1346 2801 1411 2822 vero
1419 2794 1454 2822 sit
1466 2793 1563 2827 laicus,
1575 2796 1741 2829 segregetur.

155 2953 193 2989 Ὠ)
206 2953 312 2985 Citatur
337 2961 353 2982 a
370 2958 464 2983 sancto
485 2954 567 2991 Greg.
598 2954 645 2983 lib.
668 2962 704 2983 vn
722 2954 803 2991 [tt-3.,
819 2954 898 2991 epist.
911 2955 955 2982 30.
