1954 3080
97 149 140 181 7-H

440 149 639 180 SYNTAGMA
660 147 852 178 CANONUM.
867 148 984 179 —TIT.
1007 149 1059 184 IX,
1079 149 1158 179 CAP.
1178 149 1330 182 XII-XIV.

1666 153 1720 186 742

129 208 250 237 ΚΕΦΑΛ.
271 208 361 235 ιΓ.-
375 209 469 235 Πόσοι
490 207 651 234 ἐπίσκοποι
679 206 801 233 ποιοῦσι
834 214 872 232 κα

964 206 1039 234 CAP.
1057 207 1126 234 XIII.
1140 207 1246 240 —Quot
1262 209 1378 243 episcopi
1404 209 1553 245 episcopum
1575 211 1719 245 deponunt.

97 253 224 286 θὰίρεσιν
239 253 419 281 ἐπισκόπου.

96 298 224 326 Συνόδου
252 298 600 330 Κωνσταντινουπόλεως
627 297 683 331 τῆς
710 297 784 325 κατὰ
807 297 880 331 τοὺς

307 333 494 366 ἐπισκόπους
514 333 659 367 Ἀραϐίας.

133 380 288 416 Ἀραῦιανδς
311 380 461 410 ἐπίσκοπος
491 380 628 414 Ἀγκύρας
649 377 726 406 εἶπεν
739 387 746 394 ·
765 379 802 406 οὺ
829 378 879 414 τῆς

95 425 228 460 παρούσης
242 425 324 452 ἕνεκα
338 425 426 461 δίκης,
444 425 512 452 ἀλλὰ
526 425 573 451 τοῦ
590 425 690 459 ἐφεξῆς
707 425 764 459 βίου
778 424 880 456 παντὸς

96 471 214 502 δεδοικὼς
232 471 320 503 τοῦτο,
335 471 403 504 ἀξιῶ
416 471 465 506 τὴν
481 471 562 506 ἁγίαν
578 471 686 497 σύνοδον
700 471 860 507 διαλαλῆσαι
870 481 877 488 ·

94 517 174 550 ἔξεστι
193 517 319 551 γενέσθαι
333 516 493 552 καθαίρεσιν
516 517 592 552 παρὰ
608 517 655 543 δύο
672 517 840 550 ἐπισκόπων,
860 517 877 552 ἢ

94 562 132 595 οὓς
143 563 187 589 καὶ
204 563 273 589 κατὰ
284 563 399 594 ἀπόντος
415 562 529 596 ἔξεστιν,
539 563 556 598 ἢ
569 561 616 595 οὕς
632 562 714 589 Οὐδὲν
728 563 879 598 πρόκριμαι

95 609 156 644 πρὸς
169 608 217 644 τὴν
231 608 371 643 παροῦσαν
393 608 530 640 ὑπόθεσιν,
548 608 653 635 δέδοικα
668 608 697 635 δέ
717 609 754 644 μὴ
775 609 806 641 ὲκ
825 607 878 635 τῶν

95 654 291 688 ὑπομνημάτων
303 652 404 679 τούτων
413 653 485 684 τινὲς
493 653 636 688 λαϐόμενοι
646 653 779 687 ἐξουσίαν,
788 653 879 680 τοιαῦ-

93 709 124 727 τα
140 700 308 734 τολμήσωσιν
318 706 325 713 '
341 698 406 731 ἀξιῶ
418 699 491 733 ὑμᾶς
507 699 716 734 ἀποκρίνασθαι.

126 745 275 780 Νεκτάριος
291 745 439 775 ἐπίσκοπος
460 745 773 776 Κωνσταντινουπόλεως
790 743 876 772 εἶπεν·

100 791 260 823 Ἐπαινετῶς
285 792 449 826 εἰσηγήσατο
475 792 489 817 ό
509 791 706 823 εὺλαὸἐστατος
730 792 878 824 ἐπίσκοπος

98 836 252 872 Ἀραϐιανὸς
266 845 273 852 ·
298 837 328 863 οὺ
348 836 401 872 μὴν
418 836 570 872 δυναμένης
585 837 663 872 δίκης
679 837 876 872 ἐξομοιοῦσθαι,

966 294 1080 322 Concilii
1093 294 1382 330 Constantinopolitatti
1392 297 1423 324 de
1430 298 1558 333 episcopis
1568 299 1684 327 Arabia.

965 378 1119 406 Arabianus
1136 379 1249 414 Ancyrae
1262 378 1408 413 episcopus
1423 379 1511 407 dixit:
1527 379 1586 407 Non
1604 384 1718 416 propter

930 424 982 451 hoc
999 424 1146 459 judicium.
1162 425 1209 452 sed
1228 425 1261 453 de
1285 430 1340 452 tota
1362 426 1490 460 deinceps
1512 427 1565 453 vita
1581 432 1719 458 metuens,

930 469 1011 504 cupio
1031 476 1153 497 sanctam
1177 471 1310 506 synodum
1329 472 1363 499 de
1377 472 1429 499 hoc
1444 476 1574 505 statuere,
1590 473 1688 501 licetne
1704 481 1719 500 a

930 514 1038 542 duobus
1053 515 1189 550 episcopis
1204 517 1262 543 ﬁeri
1278 517 1487 551 depositionem,
1518 526 1620 549 annon,
1633 523 1660 546 et
1671 521 1720 546 ad-

930 568 1027 588 Versns
1041 561 1180 589 absentem
1203 561 1274 595 licet,
1289 563 1402 590 annon?
1424 564 1463 590 Ad
1480 568 1641 598 praesentem
1654 564 1717 599 qui-

929 606 990 633 dem
1008 614 1118 633 causam
1140 607 1208 633 nihil
1227 611 1268 634 est
1287 608 1447 642 prmjudicii.
1462 609 1563 636 Vereor
1578 615 1668 636 autem
1685 618 1719 637 ne

933 651 1020 678 exhis
1035 651 1104 679 actis
1121 652 1206 687 aliqui
1219 657 1354 686 potestate
1368 660 1478 689 accepta
1496 655 1560 682 talia
1576 655 1692 682 audeant
1709 664 1717 683 :

929 697 1010 724 velim
1021 705 1086 732 ergo
1097 705 1146 725 vos
1158 699 1333 733 respondere.

965 742 1110 770 Nectarius
1121 743 1269 779 episcopus
1286 745 1610 780 Constantinopolitanus
1623 747 1692 774 dixit
1711 756 1718 774 :

929 788 1114 816 Landabiliter
1136 790 1228 817 intulit
1243 791 1468 825 religiosissimus
1490 792 1635 827 episcopus
1650 792 1720 820 Ατο-

930 835 1039 862 bimus.
1054 834 1106 862 Sed
1122 843 1184 863 cum
1200 844 1254 863 non
1279 837 1369 871 possit
1385 837 1519 871 judicium
1535 845 1674 871 recusare,
1693 838 1719 866 id

92 882 121 909 τὸ
133 882 263 918 παρελθὸν
282 882 320 918 μὴ
340 882 564 917 κατακρίναντες,
586 882 617 909 τὸ
636 882 701 918 ἑξῆς
718 883 873 918 ἀσφαλισώ-

933 881 999 916 quod
1025 885 1067 908 est
1082 881 1250 916 prmteritum
1273 890 1328 909 non
1351 883 1577 916 condemnantes,
1593 884 1664 917 quod
1678 880 1722 911 est

93 926 169 962 μεθα.

129 971 287 1008 Ἀραὸιανὺς
296 971 446 1003 ἐπίσκοπος
457 971 595 1008 Ἀγκύρας
607 971 677 1000 εἶπε·
693 973 729 1000 Τὺ
742 973 876 1010 παρελθὸν

90 1017 172 1051 ἡτῶν
188 1017 332 1054 μακαρίων
355 1018 486 1054 Πατὲρων
512 1019 567 1046 τῶν
588 1020 617 1046 ὲν
640 1019 743 1055 Νικαία
769 1019 877 1052 σύνοδος

89 1064 254 1098 κατακρινεῖ,
277 1064 294 1098 ἡ
320 1063 469 1091 κελεύουσα
491 1065 529 1101 μὴ
550 1065 679 1098 ἐλάττους
700 1063 769 1092 εἶναι
793 1066 876 1102 τριῶν

89 1109 150 1140 τοὺς
163 1109 393 1144 χειροτονοῦντας,
416 1110 453 1146 μὴ
467 1111 496 1138 δὲ
519 1111 636 1143 ἀπόντος
657 1112 854 1147 μητροπολίτου
867 1120 874 1128 ·

87 1156 133 1182 τοῦ
146 1155 174 1182 δὲ
189 1155 332 1190 μέλλοντος
346 1156 439 1184 ἕνεκεν
456 1157 582 1190 δεδοικὼς
595 1158 661 1192 ἐγὼ,
674 1158 724 1193 τὴν
739 1157 874 1193 ἐρώτησιν

87 1201 274 1237 ἐποιησάμην·
297 1202 365 1235 ἀξιῶ
379 1201 425 1230 οὖν
443 1203 515 1239 ὑμᾶς
530 1203 625 1239 σαφῶς
638 1204 809 1240 διαλαλῆσαι,
827 1205 874 1232 καὶ

89 1244 156 1280 μήτε
171 1246 332 1280 ἡρτημένως
349 1247 417 1282 μήτε
432 1248 601 1282 ἁμφιὸόλως,
625 1248 697 1276 ὥστε
717 1249 754 1285 μὴ
775 1250 876 1284 ἐξεῖναι

87 1290 138 1316 ὑπὸ
155 1290 201 1317 δύο
215 1291 366 1326 ἀνθρώπων
380 1293 450 1327 μήτε
465 1295 676 1328 χειροτονεῖσθαι
693 1296 761 1330 μήτε
776 1295 874 1324 καθαι-

87 1335 190 1371 ρεῖσθαι
202 1336 348 1364 ἐπίσκοπον
363 1339 517 1371 ἀκολούθως
529 1341 562 1375 τῇ
578 1341 606 1366 ἐν
620 1341 723 1377 Nutan
736 1342 848 1377 συνόδῳ.

358 1384 412 1412 Καὶ
430 1385 494 1420 μεθ’
514 1385 609 1420 ἔτερα.
658 1381 660 1384 ’

120 1428 248 1463 Θεόφιλος
276 1430 481 1465 Ἀλεξανδρείας
503 1429 596 1458 εἷπεν·
631 1433 692 1460 Ἐπὶ
714 1433 768 1461 τῶν
791 1435 876 1462 ἀπελ-

85 1473 194 1507 θόντων,
216 1476 247 1502 οὐ
267 1475 378 1504 δυνατὸν
398 1476 489 1512 ψῆφον
508 1478 635 1514 ἐκφέρειν
650 1480 874 1516 ἀγανακτήσεως,

83 1519 233 1556 ἐπειδήπερ
249 1521 286 1556 μὴ
304 1521 436 1557 παρόντες
451 1523 669 1559 κατεκρίθησαν·
685 1526 709 1552 εί
724 1526 774 1561 μέν
787 1526 829 1553 τοί
842 1535 874 1561 γε

84 1566 148 1600 περὶ
161 1565 215 1593 τῶν
233 1566 384 1601 μελλόντων
399 1567 561 1604 διασκοποίη
575 1569 629 1602 τίς,
643 1569 697 1596 τῶν
710 1571 873 1605 ὀφειλόντων

83 1612 217 1645 καθελεῖν,
243 1612 366 1647 φαίνεταί
393 1621 439 1648 μοι
468 1614 506 1648 μὴ
538 1615 618 1649 μόνον
644 1618 720 1651 τρεῖς
746 1619 874 1653 παρεῖναι

83 1659 243 1692 προσήκειν,
261 1658 329 1685 ἀλλὰ
344 1659 391 1686 καὶ
413 1660 438 1686 ει
462 1661 574 1688 δυνατὸν
590 1662 653 1694 τοὺς
673 1663 777 1695 πάντας
790 1665 874 1700 ἐπαρ-

927 927 1056 963 deinceps
1069 927 1203 960 futurum,
1220 928 1402 961 stabiliamus.

962 972 1118 1000 Arahianus
1137 972 1252 1008 Ancyrae
1272 973 1417 1007 episcopus
1428 973 1497 1000 dixit
1511 981 1518 1000 :
1534 972 1563 1001 Id
1580 974 1653 1009 quod
1679 979 1721 1003 est

926 1018 1112 1053 praeteritum,
1138 1019 1296 1050 beatorum,
1323 1018 1370 1053 qui
1394 1017 1492 1046 Nicaea:
1512 1024 1718 1053 convenerunt,

926 1065 1039 1092 damnat
1060 1063 1193 1099 synodus,
1203 1063 1303 1098 jubens
1319 1071 1373 1090 non
1388 1071 1449 1094 esse
1464 1064 1607 1098 pauciores
1627 1065 1716 1094 tribus

926 1111 972 1147 qui
995 1110 1132 1143 ordinent,
1150 1117 1201 1138 nec
1219 1110 1331 1138 absente
1350 1110 1558 1144 metropolitano
1580 1118 1587 1137 :
1609 1111 1656 1138 sed
1685 1111 1720 1139 de

927 1158 1018 1186 futuro
1040 1165 1090 1192 ego
1117 1161 1243 1184 metuens
1270 1157 1321 1184 ieci
1348 1157 1603 1192 interrogationem.
1626 1156 1719 1185 Velim

926 1212 990 1240 ergo
1003 1211 1052 1231 vos
1069 1208 1163 1239 aperte
1176 1203 1292 1234 edicere,
1308 1208 1334 1230 et
1351 1210 1400 1230 nec
1411 1202 1494 1238 269
1510 1210 1654 1238 suspense,
1667 1210 1718 1230 nec

926 1250 1019 1282 dubie,
1038 1253 1068 1277 ut
1087 1257 1102 1276 a
1118 1250 1228 1277 duobus
1256 1248 1430 1281 hominibus,
1450 1255 1500 1275 nec
1521 1248 1654 1282 ordinari,
1670 1256 1720 1276 nec

925 1295 1025 1331 deponi
1037 1296 1197 1331 episcopum
1213 1295 1302 1325 liceat,
1313 1294 1428 1322 Nictenat
1439 1295 1544 1330 synodo
1555 1295 1721 1322 convenien-

927 1345 978 1368 ter.

1228 1384 1263 1411 Et
1276 1389 1333 1418 post
1352 1385 1417 1412 alia.

959 1429 1126 1464 Theophilus
1150 1428 1295 1464 episcopus
1318 1428 1491 1456 Alexandriae
1508 1428 1578 1455 dixit
1594 1427 1719 1456 :Adver-

927 1483 974 1504 sus
985 1483 1032 1503 eos
1046 1475 1092 1510 qui
1103 1479 1291 1507 excesserunt,
1305 1474 1363 1502 ﬁeri
1378 1481 1431 1501 non
1444 1479 1535 1509 potest
1549 1479 1579 1502 ut
1593 1475 1718 1511 indigna-

926 1521 1010 1549 tionis
1034 1521 1170 1548 sententia
1191 1520 1310 1553 l‘eratur,
1329 1522 1460 1556 quoniam
1485 1525 1636 1556 praesentes
1662 1528 1717 1549 non

929 1565 1004 1594 fuere
1027 1567 1212 1594 condemnati.
1233 1566 1285 1594 Sed
1309 1568 1332 1595 si
1349 1568 1412 1602 quis
1431 1567 1465 1595 de
1487 1568 1519 1595 iis
1533 1568 1581 1602 qui
1596 1568 1622 1595 in
1640 1567 1716 1596 futu-

927 1620 987 1640 rum
1020 1613 1120 1640 debent
1141 1613 1267 1648 deponi,
1300 1614 1472 1647 consideret,
1505 1614 1573 1642 mihi
1610 1615 1715 1643 videtur

927 1667 982 1687 non
994 1660 1083 1688 solum
1102 1663 1157 1687 tres
1169 1660 1269 1688 debere
1285 1661 1426 1693 accedere,
1440 1661 1486 1688 sed
1505 1662 1528 1688 si
1546 1661 1604 1689 ﬁeri
1618 1662 1716 1697 possit,

80 1703 197 1737 χεώτας,
216 1704 260 1731 ἵνα
273 1705 306 1740 τῇ
324 1705 378 1731 τῶν
400 1705 505 1733 πολλῶν
521 1707 621 1742 ψήφῳ,
648 1708 833 1746 ἀκριϐεστέρα
856 1711 872 1746 ἡ

933 1713 1023 1734 omnes
1036 1706 1231 1741 provinciales,
1245 1711 1276 1734 ut
1288 1707 1437 1734 multorum
1453 1708 1588 1735 sententia
1600 1715 1716 1735 accura-

81 1749 247 1784 κατάκρισις
261 1750 307 1777 τοῦ
333 1750 410 1783 ἀξίου
433 1752 483 1787 τῆς
502 1752 687 1789 καθαιρέσεως
706 1755 872 1791 δεικνυήται,

933 1752 982 1779 lior
1000 1752 1190 1780 condemnatio
1209 1753 1337 1780 reddatur
1357 1753 1418 1788 ejus
1434 1754 1482 1788 qui
1497 1753 1597 1789 dignus
1611 1759 1653 1782 est
1668 1754 1717 1782 de-

80 1794 217 1829 παρὸντος
233 1796 280 1822 καὶ
297 1797 469 1832 κρινομένου.

933 1797 1002 1832 poni,
1013 1797 1154 1832 praesentis
1166 1801 1193 1824 et
1201 1797 1327 1832 juilicati.

118 1840 272 1877 Νεκτάριος
294 1843 442 1875 ἐπίσκοπος
465 1843 776 1879 Κωνσταντινουπόλεως
799 1845 872 1876 εἶπε·

965 1841 1109 1869 Ncctarius
1131 1842 1276 1877 episcopus
1293 1842 1611 1878 Constantinopolitanus
1626 1843 1715 1873 dixit:

78 1886 215 1922 Νομίμων
230 1889 325 1923 είσηγή
331 1897 398 1916 σεων
412 1889 457 1916 καὶ
470 1889 612 1925 δογμάτων
628 1895 872 1928 πρυτανευομένων

933 1887 994 1916 Cum
1005 1889 1041 1915 de
1056 1888 1185 1924 legitimis
1205 1888 1338 1917 institutis
1362 1894 1388 1917 et
1404 1890 1520 1917 decretis
1531 1891 1633 1925 agitur,
1648 1899 1716 1918 con-

78 1933 241 1967 άκόλουθον,
257 1934 286 1960 οὐ
300 1935 344 1960 διὰ
358 1934 512 1970 προσώπων
526 1937 603 1969 τινὰς
614 1937 704 1969 αἰτίας
715 1939 750 1965 τὰ
762 1941 873 1968 τοιαῦτα

933 1942 1043 1969 sequens
1067 1939 1108 1961 est
1136 1942 1190 1962 non
1204 1940 1313 1969 propter
1338 1943 1518 1970 personarum
1542 1944 1640 1964 causas
1667 1937 1716 1964 ali-

77 1979 292 2014 δογματίζεσθαι
302 1989 308 1997 -
324 1981 468 2016 τοιγαροῦν
480 1982 605 2018 καθάπερ
620 1984 634 2011 ὁ
648 1984 798 2018 ἁγιώτατος
813 1987 873 2013 ἐπί-

78 2033 183 2057 σκοπος
202 2026 362 2062 ’Λραϐιανὸς
378 2027 553 2062 εἰσηγήσατο,
565 2029 599 2055 τὰ
615 2029 745 2064 μέλλοντα
758 2031 872 2065 ἀσφαλί-

77 2071 183 2098 σασθαι
210 2071 381 2106 βουλόμενος,
407 2073 552 2106 ἀκόλουθος
578 2075 626 2102 καὶ
645 2076 836 2112 φιλάνθρωπος
853 2079 870 2114 ή

75 2116 127 2143 τοῦ
154 2117 306 2151 ἁγιωτάτου
325 2118 477 2146 ἐπισκόπου
501 2119 631 2155 Θεοφίλου
646 2121 735 2157 ψῆφος
752 2123 871 2158 διορισα-

77 2161 165 2197 μένη,
185 2162 222 2198 μὴ
243 2162 342 2197 χρῆναι
365 2163 433 2199 πρὸς
449 2165 480 2191 τὸ
500 2165 562 2199 ἑξῆς
583 2167 619 2202 μὴ
639 2167 666 2193 δὲ
682 2168 757 2203 παρὰ
777 2169 870 2204 τριῶν,

925 1987 994 2016 quas
1008 1980 1071 2008 talia
1083 1980 1204 2008 decerni.
1219 1979 1414 2014 Quamobrem,
1430 1982 1500 2008 sicut
1510 1983 1715 2010 sanctissimum

925 2027 1072 2062 episcopus
1087 2026 1245 2054 Arahianus
1258 2026 1363 2058 intulit,
1373 2027 1467 2054 volens
1480 2027 1569 2055 futura
1583 2028 1716 2061 stabilire,

924 2077 1125 2107 consequenter
1139 2076 1165 2099 et
1181 2072 1300 2100 humane
1315 2072 1480 2099 sanctissimi
1491 2071 1611 2108 episcopi
1628 2072 1716 2100 Theo-

924 2116 991 2153 phili
1007 2117 1141 2144 sententia
1154 2117 1285 2150 decrevit,
1298 2124 1351 2144 non
1367 2117 1451 2145 licere
1461 2117 1652 2153 impostcrum,
1665 2126 1716 2146 nec

925 2171 941 2191 a
956 2163 1044 2191 tribus
1059 2164 1182 2198 quidem,
1210 2164 1310 2191 nedum
1329 2172 1344 2191 a
1365 2163 1484 2196 duobus,
1502 2172 1564 2191 eum
1585 2167 1631 2199 qui
1650 2172 1716 2193 reus

77 2207 119 2242 μή
137 2208 180 2234 τοί
196 2215 227 2242 γε
246 2208 321 2243 παρὰ
339 2208 396 2241 δύο,
418 2209 465 2236 τὸν
487 2210 636 2238 ὑπεύθυνον
659 2212 872 2249 δοκιμαζόμενον

933 2209 1106 2242 txaminatur,
1124 2209 1222 2244 deponi
1236 2219 1242 2236 :
1256 2211 1303 2237 scd
1321 2210 1435 2244 majoris
1451 2210 1548 2245 synodi
1565 2214 1591 2238 et
1604 2211 1716 2245 provin-

74 2253 275 2289 καθαιρεῖσθαι
285 2263 292 2270 ·
311 2255 379 2282 ἀλλὰ
391 2257 445 2291 γὰρ
457 2257 579 2289 πλείονος
594 2259 704 2285 συνόδου
719 2260 810 2295 ψήφῳ,
825 2261 872 2288 καὶ

73 2299 135 2326 τῶν
151 2300 202 2335 τῆς
213 2301 358 2337 ἐπαρχίας,
373 2302 464 2335 καθὼς
477 2303 524 2330 καὶ
538 2304 563 2330 οἱ
576 2304 750 2332 ἀποστολικοὶ
760 2307 872 2339 κανόνες

72 2345 254 2380 διωρίσαντο.

111 2391 266 2424 Φλαϐιανὺς
288 2393 437 2426 ἐπίσκοπος
471 2395 637 2431 Ἀντιοχείας
665 2393 752 2424 εἶπεν·
782 2397 872 2433 "Am-:9

72 2437 228 2465 κατέθεντο
241 2439 265 2465 οἱ
282 2439 346 2474 περὶ
360 2439 406 2466 τὸν
420 2440 571 2474 ἁγιώτατον
586 2442 633 2468 καὶ
647 2442 796 2470 ὁσιώτατον
811 2444 871 2470 ἐπί-

72 2491 184 2509 σκοπον
200 2483 362 2520 Νεκτάριον,
378 2485 480 2512 καὶτὸν
496 2485 650 2520 ἁγιώτατον
663 2488 709 2514 καὶ
724 2488 871 2516 ὁσιώτατον

70 2528 231 2555 ἐπίσκοπον
247 2529 375 2564 Θεόφιλον
393 2531 476 2567 δῆλα,
498 2532 545 2558 καὶ
563 2532 713 2568 στέργομεν
730 2535 829 2566 πάντες
847 2535 872 2562 οι

70 2573 318 2608 ἑκκλησιαστικοί.

112 2620 246 2647 ΚΕΦΑΛ.
264 2621 312 2648 IA’.
332 2636 368 2641 —
389 2623 439 2649 Ἐκ
455 2623 548 2650 ποίων
563 2623 666 2651 αἱτιῶν
682 2625 873 2659 καθαιρεῖται;

76 2666 277 2704 Ἆπρστόλων
293 2668 395 2704 κανὼν
409 2668 442 2704 γξ,
459 2672 490 2701 ε’,
508 2673 544 2702 ς’,
568 2670 601 2701 ζ’,
618 2673 661 2702 ια’,
684 2670 735 2704 κγ’,
755 2671 803 2701 κε’.
820 2671 872 2704 κζ’,

111 2702 170 2745 κοί,
197 2702 230 2751 λθῖ
256 2703 308 2735 λα’,
324 2703 370 2735 λε’,
476 2705 526 2738 μδ’,
553 2708 604 2740 με’,
623 2708 682 2740 μ.ςῆ
703 2702 756 2739 μςν,
773 2706 827 2752 ἥθ’,
841 2702 872 2740 ν’,

111 2746 151 2763 να
163 2757 169 2765 .
185 2737 235 2765 νβ.
251 2741 300 2765 νγ’.
314 2742 362 2765 vs’.
378 2747 392 2764 ν
409 2742 427 2765 '.
442 2740 474 2765 εν.
489 2739 538 2765 EB'.
558 2741 609 2765 ἔν’.
625 2740 671 2765 58'.
687 2740 733 2765 εει.
751 2741 786 2765 Ec
797 2763 803 2765 _
822 2742 870 2765 ξηι.

111 2737 169 2781 ναί.
185 2737 235 2784 »εβκ
251 2741 300 2782 νγ,
314 2742 362 2787 νῆ’,
378 2737 427 2787 νξκ
442 2737 538 2774 ξ’.⁷ξβ’,
554 2737 609 2774 ἐγω
623 2737 671 2773 ξδ’,
687 2737 733 2773 ξὲ¹ἑ
751 2737 804 2775 εξ,
822 2737 870 2778 ξητ

111 2772 213 2806 ξθ,ο,
228 2782 284 2803 πα.
299 2781 355 2807 πγ,
370 2781 423 2800 πο.

109 2821 151 2852 γ’.
171 2818 205 2845 El
217 2828 258 2850 τις
273 2819 422 2852 ἐπίσκοπος
436 2820 452 2855 ἢ
471 2820 657 2857 πρεσϐύτερος
671 2822 746 2858 παρὰ
761 2823 809 2858 τὴν
827 2823 874 2850 τοῦ

68 2865 185 2900 Κυρίου
198 2865 329 2899 διάταξιν,
343 2875 369 2893 κ.
385 2875 411 2894 τ.
426 2866 451 2894 λ.

923 2256 972 2283 ciae
987 2256 1177 2290 episcoporum
1190 2255 1338 2288 sententia,
1347 2256 1419 2284 sicut
1431 2255 1574 2291 apostolici
1585 2255 1716 2283 deﬁniere

922 2309 1052 2329 canones.
1490 2311 1493 2315 '

957 2393 1264 2429 Flavianns'cpiscopus
1272 2395 1428 2423 Antiochiae
1445 2395 1514 2423 dixit
1528 2396 1611 2429 :Qure
1627 2403 1713 2431 expo-

923 2445 1038 2468 suerunt
1057 2441 1251 2469 sanctissimus
1280 2442 1427 2476 episcopus
1446 2441 1590 2470 Nectarius
1610 2447 1636 2470 et
1654 2450 1714 2470 san-

924 2486 1064 2514 ctissimus
1088 2486 1260 2521 Theophilus
1284 2487 1451 2522 episcopus,
1474 2494 1568 2523 aperta
1589 2494 1663 2516 sunt.
1681 2488 1715 2515 Et

924 2539 1020 2559 omnes
1033 2533 1214 2561 ecclesiastici
1232 2533 1277 2561 hic
1294 2533 1510 2568 acquiescimus.

959 2628 1041 2663 27o
1052 2627 1131 2655 CAP.
1149 2627 1218 2655 XIV.
1235 2626 1341 2660 —Quot
1358 2626 1389 2653 ob
1402 2635 1496 2654 causas
1507 2627 1555 2662 ﬁat
1573 2627 1711 2662 depositio.

925 2673 1109 2708 Apostolorum
1130 2680 1252 2704 canones,
1278 2672 1304 2703 Ξ,
1322 2672 1348 2704 5,
1363 2671 1389 2704 6,
1413 2672 1439 2702 7,
1458 2672 1501 2704 ‘II,
1518 2671 1563 2703 25,
1590 2671 1640 2706 ιὲὂ,
1667 2672 1712 2706 27,

959 2708 1005 2734 29.
1020 2708 1065 2734 5U.
1082 2708 1126 2734 5L
1145 2708 1190 2734 55.
1207 2707 1252 2734 42.
1272 2707 1317 2734 44.
1339 2708 1384 2734 45.
1400 2708 1444 2734 46.
1470 2708 1515 2734 47.
1531 2707 1576 2734 49.
1598 2707 1644 2734 50.
1667 2707 1711 2734 5i.

959 2708 1126 2740 29.50.31,
1145 2708 1190 2740 55,
1207 2707 1252 2739 te,
1272 2707 1317 2738 tt,
1339 2708 1384 2736 45.
1400 2708 1444 2738 te,
1470 2708 1515 2739 47,
1531 2707 1576 2738 49,
1598 2707 1644 2736 50.
1667 2707 1711 2739 δι,

1075 2743 1124 2805 ᾗ.
1135 2743 1179 2775 59,
1201 2744 1245 2775 eo,
1262 2743 1305 2775 σε),
1323 2743 1368 2794 o3,
1383 2743 1429 2775 et,
1442 2742 1486 2776 os,
1501 2742 1545 2774 oo,
1560 2741 1604 2774 68,
1618 2742 1711 2774 69,70,
1743 2759 1747 2766 .

961 2799 1005 2852 gf
1017 2823 1045 2851 Si
1057 2799 1132 2858 ’quis
1154 2824 1309 2859 cpiscopus,
1328 2824 1369 2851 \‘rl
1395 2824 1535 2859 presbyter
1550 2828 1647 2858 praeter
1659 2823 1713 2850 Do-

926 2869 994 2897 mini
1007 2870 1040 2897 de
1057 2869 1192 2898 sacriﬁcio
1211 2870 1423 2903 ordinationem,
1449 2874 1514 2904 etc.,
1528 2873 1556 2896 ut
1571 2876 1632 2903 pag.
1649 2868 1708 2897 595.
