1959 3061
246 161 301 193 ’143

829 154 962 186 ΡΙΙΟἸἹῙ
979 152 1303 186 ΡΑΤΒΙΑΒΟΗιΕὈΡ.

1824 148 1878 180 ιιι

284 217 311 246 5.
339 216 502 251 Episcopus,
517 215 569 249 {vel
584 215 737 250 presbyter.
760 213 802 242 vel
820 213 953 242 diaconus
969 220 1040 240 uxo-

1126 212 1157 238 ε’.
1177 211 1353 243 Ἐπίσκοπος,
1380 209 1396 244 ἢ
1419 207 1613 244 πρεσϐύτερος,
1638 206 1654 241 ἢ
1676 205 1800 237 διάκονος
1824 206 1874 239 τὴν

248 271 306 291 rem
318 270 395 290 suam
413 269 448 290 ne
464 262 571 297 rejiciat
596 260 740 296 religionis
755 264 890 296 praetextu
906 268 914 286 :
932 260 973 286 siu
990 266 1040 285 au-

249 314 305 336 tem
322 307 443 343 ejecerit,
463 312 638 343 segregetur;
658 311 686 334 et
700 306 724 334 si
739 310 902 342 perseveret,
918 305 1039 340 depona-

251 359 295 382 tur
309 353 358 389 (5).

288 399 315 426 6.
328 397 531 434 Episcopus,rel
543 397 694 432 presbyter,
703 396 745 424 vel
755 397 887 424 diaconus
895 396 1041 424 saeculares

249 452 330 473 curas
348 452 401 472 non
419 443 555 478 suscipiat
571 452 577 470 :
594 443 698 478 alioqui
709 443 871 478 deponatur.

286 533 311 561 7.
331 533 358 560 Si
370 534 430 568 quis
444 534 601 568 cpiscopus,
616 533 657 560 vel
676 532 828 568 presbyter,
844 532 886 559 vel
896 532 1038 563 diaconus.

250 586 357 606 sacrum
367 578 478 605 Pascha:
491 578 562 605 diem
572 582 755 604 untevernum
772 578 964 612 aequinoctium
977 585 1038 605 cum

247 624 349 652 Iudaeis
367 624 554 656 celebraverit,
573 623 735 658 deponatur.

285 671 328 698 Η.
355 670 384 697 Si
407 670 479 705 quis,
497 677 560 697 cum
586 670 623 697 sit
638 669 764 702 clericus,
789 677 843 696 una
868 676 930 696 cum
948 676 981 696 eo
992 668 1039 704 qui

248 720 290 743 est
304 716 455 750 depositus,
472 715 601 747 oraverit,
618 715 772 749 deponatur
786 719 813 741 et
830 714 897 749 ipse.

282 762 318 788 25
331 761 399 797 [22].
417 761 446 788 Si
465 761 527 795 quis
541 768 603 788 cum
620 761 655 787 sit
669 761 786 788 clericus
798 760 831 793 ³⁸,
849 760 967 795 seipsum
982 768 1040 787 mu-

250 807 379 838 tilavcrit,
401 807 553 841 deponatur
571 814 578 832 :
594 810 637 833 est
649 806 721 832 enim
743 806 786 832 sui
803 805 950 832 homicida.

283 852 319 879 25
335 851 403 887 [ΞΗ.
425 851 588 886 Episcopus,
605 851 647 878 vel
662 851 812 886 presbyter,
837 850 877 878 vel
895 851 1038 883 diaconus,

251 897 446 928 fornicationis,
471 896 512 923 vel
534 895 657 931 perjurii,
680 895 723 922 vel
738 895 804 922 furti
821 894 974 927 convictus,
990 895 1038 922 de-
1054 892 1076 921 Β

249 948 376 977 ponatur,
393 947 420 969 et
438 949 492 969 non
510 945 677 977 segregetur.
693 941 763 969 Dicit
783 942 856 969 enim
872 940 1013 976 Scriptura
1029 949 1037 968 :

250 987 311 1015 Non
335 988 479 1015 vindicabit
496 987 535 1014 bis
557 988 584 1014 in
601 988 716 1022 idipmm
730 988 764 1014 ".
786 987 916 1015 Similiter
941 987 1039 1022 reliqui

249 1041 358 1069 quoque
377 1034 480 1061 clerici.

279 1079 313 1105 ‘27
332 1078 389 1115 [26]
405 1079 581 1114 Episcopum,
595 1079 857 1114 veLpresbyterum,
880 1079 923 1106 vel
946 1078 1040 1105 diaco-

249 1132 327 1156 num,
354 1125 402 1160 qui
420 1125 548 1152 verberat
572 1132 620 1153 eos
635 1125 681 1160 qui
700 1129 824 1160 peccant,
848 1124 891 1152 vel
917 1123 1040 1151 inﬁdeles

249 1171 296 1205 qui
311 1170 438 1204 injuriam
449 1169 581 1203 fecerunt,
593 1175 620 1198 et
633 1170 744 1205 perluec
752 1169 1037 1205 vultperterrefacere,

250 1216 349 1250 deponi
371 1216 509 1250 iubemus.
534 1215 667 1244 Dominus
694 1217 767 1244 enim
788 1223 839 1244 nos
866 1223 1038 1251 nequaquam

250 1262 303 1292 hoc
318 1262 411 1290 docuit
422 1271 429 1293 ξ
442 1266 538 1290 contra
552 1267 643 1290 autem
669 1263 728 1298 ipse
750 1263 908 1290 verberatus
928 1269 980 1290 non
996 1270 1040 1290 re-

251 1309 407 1342 percussit;
433 1308 584 1336 maledictis
608 1309 753 1345 appetitus,
772 1309 917 1337 maledicta
931 1316 986 1336 non
998 1316 1041 1336 re-

252 1355 332 1387 tulit;
345 1355 462 1388 patiens,
476 1363 530 1383 non
546 1356 664 1383 minatus
681 1361 732 1384 est.

285 1399 320 1427 29
336 1399 404 1435 [28].
426 1400 452 1427 Si
484 1401 546 1435 quis
571 1401 718 1437 episcopus
732 1408 781 1436 per
806 1401 947 1437 pecunias,
972 1405 1040 1434 etc.,

251 1445 330 1479 271
352 1450 381 1472 ut
394 1454 492 1481 supra,
509 1455 570 1481 pag.
586 1446 648 1474 διε.

285 1491 330 1518 50.
344 1491 413 1528 [‘29].
427 1491 456 1519 Si
469 1500 530 1527 quis
538 1493 682 1527 episcopus
689 1492 866 1521 saecularibus
873 1491 1042 1528 principibus

251 1544 328 1570 usus,
346 1541 411 1568 etc.,
425 1544 452 1564 ul
461 1546 543 1573 supra
557 1547 620 1574 pag.
642 1539 706 1567 5H.

286 1583 317 1610 31
341 1582 411 1619 [30].
441 1583 469 1610 Si
496 1584 557 1618 quis
573 1585 725 1620 presbyter,
750 1589 905 1619 contempto
931 1584 1042 1620 proprio

251 1629 391 1664 episcopo,
406 1629 523 1657 seorsim
546 1631 783 1666 congregationem
810 1630 914 1663 fecerit,
933 1635 998 1663 etc.,
1014 1634 1042 1657 ut

252 1683 312 1710 pag.
327 1675 390 1702 585.

288 1721 332 1748 35.
355 1721 424 1756 [54].
441 1721 593 1756 Episcopus
617 1729 650 1749 ne
673 1722 771 1750 audeat
791 1725 866 1750 extra
885 1729 951 1749 suos
973 1721 1042 1749 ﬁnes

252 1767 343 1796 facere
356 1769 544 1796 ordinationes
560 1769 586 1795 in
602 1769 716 1796 urbibus
736 1774 763 1796 et
784 1769 860 1804 pagis
872 1777 925 1796 non
939 1769 963 1797 ei
978 1770 1044 1797 sub-

249 1813 341 1849 jectis.
359 1814 407 1840 Sin
419 1819 509 1841 autem
522 1814 575 1842 hoc
591 1813 688 1842 iecisse
703 1815 844 1841 convictus
859 1814 950 1846 fuerit,
973 1822 1042 1849 prai-

252 1865 293 1886 ter
313 1867 408 1887 eorum
432 1859 592 1887 sententiam
617 1860 664 1894 qui
687 1864 780 1887 tenent
808 1867 892 1895 pagos
918 1860 980 1888 illos
1000 1861 1043 1888 vcl

253 1905 402 1939 civitatem,
422 1905 575 1941 deponatur
589 1910 617 1934 et
632 1906 702 1942 ipse,
726 1911 754 1934 et
769 1906 787 1933 ii
812 1914 881 1941 quos
895 1906 1042 1934 ordinavit.

288 1999 401 2036 “[41].
417 1999 568 2034 Episcopus
583 1999 616 2032 ³⁸,
633 1999 673 2026 vel
685 1999 834 2035 presbyter,
847 1999 889 2027 vel
899 1999 1042 2032 diaconus,

252 2045 319 2073 aleis
337 2049 365 2073 et
386 2044 564 2072 ebrietatibus
586 2052 697 2078 vacans,
721 2045 764 2072 vel
779 2048 877 2078 cessat,
903 2044 945 2072 vel
961 2044 1044 2079 depo-

253 2095 345 2119 natur.

288 2149 323 2177 ιι
337 2149 405 2186 [45].
418 2149 605 2184 Episcopus",
620 2148 660 2176 vel
676 2147 828 2183 presbyter,
840 2147 882 2175 vel
895 2148 1038 2180 diaconus,

252 2197 384 2232 pecunias
401 2200 495 2223 mutuo
507 2196 583 2223 datas
597 2202 658 2223 cum
671 2195 765 2222 fenore
781 2194 905 2229 exigens,
931 2194 972 2221 vel
982 2201 1043 2222 ces-

253 2248 307 2275 set,
323 2243 366 2270 vel
381 2242 544 2277 deponatur.

288 2289 324 2316 45
339 2287 395 2324 [44]
415 2287 576 2323 Episcopus,
597 2287 640 2315 vel
666 2287 815 2322 presbyter,
836 2287 878 2314 vel
899 2287 1042 2320 diaconus,

252 2334 367 2369 quicum
383 2334 516 2361 haereticis
529 2333 570 2362 vel
585 2333 673 2361 solum
689 2338 882 2367 comprecatus
902 2337 954 2366 est,
976 2337 1042 2366 etc.,

253 2382 282 2405 ut
299 2386 389 2413 supra,
400 2387 461 2414 pag.
482 2379 544 2406 610.

288 2424 323 2451 46
340 2424 410 2460 [45],
422 2425 597 2460 Episcopum,
613 2424 652 2451 vel
665 2424 865 2460 presbyterum,
887 2423 932 2458 qui
954 2423 1043 2451 lucre-

252 2472 370 2498 ticorum
381 2472 559 2507 baptismum,
576 2472 618 2499 vel
631 2471 808 2504 sacriﬁcium,
822 2475 889 2504 etc.,
902 2474 930 2497 ut
945 2478 1039 2505 supra,

252 2526 313 2553 pag.
332 2518 393 2546 610.

288 2564 322 2591 47
337 2563 406 2600 [Δ6].
422 2563 580 2599 Episcopus,
607 2564 649 2591 vel
674 2564 825 2599 presbyter,
841 2571 903 2590 eum
915 2563 962 2598 qui
977 2569 1041 2590 verc

252 2611 333 2637 habet
348 2610 512 2645 baptismum
528 2615 593 2643 etc.,
610 2614 639 2637 ut
655 2617 737 2644 supra
751 2618 811 2645 pag.
825 2609 888 2636 622.

287 2656 321 2683 49
338 2655 378 2692 [Δ]
408 2655 436 2683 Si
467 2656 529 2690 quis
545 2654 690 2691 episcopus
711 2656 852 2691 presbyter
872 2663 904 2683 ex
932 2653 1040 2682 Domini

250 2703 434 2735 ordinatione.
448 2707 514 2736 etc.,
527 2707 557 2730 ut
569 2711 659 2737 supra,
670 2711 733 2737 pay.
750 2702 815 2729 442.

1091 257 1189 285 ἑαυτοῦ
1208 258 1324 291 γυναῖκα
1339 255 1377 291 μὴ
1390 254 1544 281 ὲκϐαλλέτω
1560 253 1696 288 προφάσει
1718 251 1876 283 εὐλαϐείας”

1091 304 1138 331 ἐὰν
1153 303 1182 330 δὲ
1201 303 1315 338 ἐκϐάλῃ,
1341 299 1511 336 ἀφοριζέσθω
1525 307 1533 315 ·
1563 299 1700 334 ἐπιμένων
1720 298 1758 330 δὲ,
1783 297 1880 324 καθαι-

1091 349 1201 385 ρείσθω,
1217 358 1245 376 κ.
1260 357 1285 375 τ.
1301 348 1328 375 λ.

1127 398 1164 428 ς’.
1175 394 1351 426 Ἐπίσκοπος,
1366 392 1383 428 ἦ
1398 391 1593 427 πρεσϐύτερος,
1606 390 1622 426 ἢ
1635 389 1767 421 διάκονος,
1781 396 1879 423 κοσμι-

1091 443 1143 475 κὰς
1157 443 1301 479 φροντίδας
1318 442 1356 477 μὴ
1374 439 1589 475 ἀναλαμϐανέτω
1599 446 1606 453 ⁸
1628 439 1653 464 εί.
1669 437 1697 464 δὲ
1714 437 1763 472 μὴ,
1779 436 1879 463 καθαι-

1092 489 1200 523 ρείσθω.

1126 534 1158 568 ζ’.
1177 535 1211 562 Et
1224 543 1266 566 τις
1281 534 1439 566 ἐπίσκοπος,
1456 533 1474 566 ἢ
1491 531 1686 567 πρεσϐύτερος,
1706 528 1723 563 ἢ
1743 528 1877 559 διάκονος,

1089 581 1139 617 τὴν
1153 581 1233 615 ἁγίαν
1247 581 1293 608 τοῦ
1312 581 1407 616 Πάσχα
1421 580 1527 615 ἡμέραν
1549 577 1602 614 πρὸ
1620 577 1671 611 τῆς
1686 576 1798 610 ἐαρινῆς
1818 575 1877 609 ἰση-

1093 627 1188 662 μερίας
1207 626 1276 661 μετὰ
1297 626 1431 653 Ἰουδαίων
1449 624 1610 656 ἐπιτελέσει,
1625 621 1821 656 καθαιρείσθω.

1127 675 1171 699 ια’.
1191 671 1224 698 Et'
1236 680 1278 703 τις
1292 670 1486 706 καθῃρημένῳ,
1502 669 1630 704 χληρικδς
1641 667 1690 700 ὢν,
1703 667 1740 698 ὡς
1754 665 1877 702 κληρικῷ

1092 717 1258 750 συνεύξεται,
1274 716 1457 752 καθαιρείσθω
1469 715 1517 742 καὶ
1532 715 1623 745 αὑτός.

1125 765 1178 796 κγ’.
1205 762 1239 788 EE
1257 770 1299 793 τις
1324 761 1453 795 κληρικὺς
1477 759 1514 786 ὢν
1541 758 1637 786 ἑαυτὸν
1664 756 1876 792 ἀκρωτηριάσει,

1090 807 1274 844 καθαιρείσθω
1285 816 1292 823 ·
1308 808 1406 841 φονεὺς
1420 807 1474 841 γάρ
1487 807 1560 833 ἐστιν
1572 803 1679 831 ἑαυτοῦ.

1125 857 1174 881 κε’.
1195 854 1371 885 Ἐπίσκοπος,
1393 852 1409 888 ἢ
1427 851 1621 888 πρεσϐύτερος,
1642 850 1658 886 ἢ
1678 850 1811 881 διάκονος,
1831 849 1879 875 ἐπὶ

1091 901 1203 936 πορνείᾳ
1223 900 1241 935 ἢ
1266 900 1403 935 ἐπιορκία,
1422 899 1438 934 ἢ
1457 900 1543 933 κλοπῇ
1569 897 1670 928 ἁλοὺς,
1695 895 1880 931 καθαιρείσθω

1090 947 1137 973 καὶ
1155 946 1191 981 μὴ
1204 945 1384 980 ἁφοριζέσθω.
1409 945 1490 978 Λέγει
1504 944 1557 978 γὰρ
1572 944 1590 978 ἡ
1605 942 1699 978 Γραφή
1711 950 1718 957 ·
1749 943 1810 968 οὐκ
1828 941 1879 968 ἐκ·

1089 990 1225 1024 δικήσεις
1237 990 1285 1022 δὶς
1295 990 1343 1017 ἐπὶ
1357 990 1391 1017 τὸ
1404 991 1479 1017 αὑτό
1487 997 1494 1005 ·
1509 988 1640 1020 ὡσαύτως
1653 988 1682 1014 δὲ
1694 987 1741 1014 καὶ
1753 988 1779 1014 ot
1790 987 1880 1013 λοιποὶ

1090 1037 1227 1072 κληρικοί.

1125 1081 1178 1114 κζ’.
1201 1081 1408 1117 Ἐπίσκοπον,ἢ
1431 1080 1625 1117 πρεσϐύτερον,
1646 1080 1663 1115 ἢ
1680 1080 1813 1110 διάκονον,
1833 1077 1881 1105 τύ-

1090 1127 1533 1163 πτονταπιστοὺςὰμαρτάνοντας,
1556 1124 1572 1160 ᾖ
1597 1126 1880 1161 ἁπίστουςάδικήσαν-

1091 1183 1140 1206 τας
1164 1175 1210 1202 καὶ
1223 1174 1268 1201 διὰ
1284 1174 1411 1202 τοιούτων
1432 1173 1523 1208 φοϐεῖν
1539 1173 1674 1203 ἐθέλοντα,
1691 1170 1880 1206 καθαιρεῖσθαι

1090 1221 1305 1256 προστάσσομεν·
1323 1220 1440 1255 οὐδαμοῦ
1447 1220 1500 1255 γὰρ
1515 1221 1528 1247 ὸ
1542 1220 1644 1254 Κύριος
1657 1218 1734 1245 τοῦτο
1744 1219 1818 1253 ἡμᾶς
1827 1217 1881 1244 ἐδί-

1089 1266 1168 1299 δαξε*
1194 1267 1347 1294 τούναντίον
1366 1267 1394 1293 δὲ
1417 1267 1499 1298 αὐτὸς
1511 1266 1688 1300 τυπτόμενος,
1703 1264 1754 1290 οὐκ
1767 1263 1880 1290 άντέτυ-

1090 1320 1159 1339 πτε·
1179 1313 1392 1348 λοιδορούμενος,
1409 1313 1459 1340 οὐκ
1480 1312 1674 1346 ἀντελοιδόρειο
1695 1310 1817 1345 πάσχων,
1831 1310 1882 1336 οὔκ

1091 1357 1210 1392 ἠπείλει.

1129 1403 1182 1431 κθ’.
1202 1403 1236 1432 Et
1248 1412 1291 1436 τις
1304 1402 1452 1434 ἐπίσκοπος
1466 1402 1509 1429 διὰ
1524 1403 1684 1438 χρημάτων,
1702 1411 1730 1430 κ.
1742 1411 1768 1430 τ.
1783 1403 1810 1430 λ.

1127 1496 1160 1522 λ’.
1186 1495 1222 1522 Et
1238 1503 1279 1526 τις
1300 1493 1449 1526 ἐπίσκοπος
1474 1494 1617 1528 κοσμικοῖς
1642 1492 1757 1528 ἄρχουσι
1776 1492 1883 1528 χρησά-

1054 1564 1076 1595 C
1094 1549 1184 1576 μενος,
1198 1548 1226 1567 κ.
1241 1548 1267 1567 τ.
1285 1539 1310 1566 λ.

1128 1587 1180 1614 λα’.
1201 1586 1234 1612 Εἴ
1252 1594 1295 1618 τις
1319 1585 1503 1621 πρεσϐύτερος
1518 1585 1729 1621 καταφρονήσας
1752 1585 1799 1612 τοῦ
1815 1585 1883 1612 ἰδίου

1093 1632 1256 1665 ἐπισκόπου,
1270 1631 1356 1666 χωρὶς
1372 1630 1525 1667 συναγάγῃ,
1542 1639 1570 1657 κ.
1585 1639 1609 1657 τ.
1627 1630 1653 1658 λ.

1128 1723 1176 1750 λε’.
1203 1723 1367 1750 Ἐπίσκοπον
1381 1722 1419 1757 μὴ
1431 1721 1533 1757 τολμᾷν
1548 1720 1601 1754 ἔξω
1615 1721 1669 1748 τῶν
1688 1720 1785 1748 ἑαυτοῦ
1799 1722 1884 1757 ὅρων,

1093 1770 1260 1805 χειροτονίας
1283 1769 1418 1796 ποιεῖσθαι
1441 1770 1481 1800 είς
1494 1769 1544 1801 τὰς
1562 1768 1599 1804 μὴ
1614 1768 1795 1803 ὑποκειμένας
1809 1768 1884 1804 αὐτῷ

1095 1815 1186 1847 πόλεις
1199 1815 1246 1842 καλ¹
1260 1813 1350 1850 χώρας
1362 1823 1369 1830 ·
1393 1815 1417 1841 εί
1432 1814 1461 1841 δὲ
1477 1814 1618 1850 ἐλεγχθείη
1631 1813 1711 1841 τοῦτο
1725 1814 1884 1850 πεποιηκὼς

1094 1862 1171 1897 παρὰ
1183 1862 1232 1897 τὴν
1248 1861 1302 1888 τῶν
1316 1861 1484 1896 κατεχόντων
1500 1861 1550 1893 τὰς
1567 1861 1659 1888 πόλεις
1679 1860 1787 1892 ὲκείνας
1801 1860 1818 1896 ἢ
1835 1860 1884 1892 τὰς

1094 1908 1187 1943 χώρας
1200 1908 1324 1944 γνώμην,
1339 1907 1522 1943 καθαιρείσθω
1536 1907 1583 1934 καὶ¹
1599 1906 1681 1938 αὐτὸς
1693 1907 1740 1933 καὶ
1754 1906 1801 1938 οὓς
1810 1907 1885 1942 ἐχει-

1095 1955 1233 1990 ροτόνησε.

1132 2001 1186 2037 μβν.
1209 2001 1382 2034 Ἐπίσκοπος,
1404 2001 1420 2036 ἢ
1436 2000 1630 2035 πρεσϐύτερος,
1651 1999 1667 2035 ἢ
1683 1999 1817 2030 διάκονος,
1832 1999 1884 2026 κὺ-

1094 2045 1151 2078 ϐοις
1174 2046 1311 2082 σχολάζων
1327 2046 1376 2073 καὶ
1399 2046 1507 2081 μέθαις,
1530 2045 1546 2081 ἤ
1572 2045 1733 2077 παυσάσθω,
1749 2045 1766 2080 ἢ
1788 2044 1885 2072 καθαι-

1095 2092 1205 2126 ρείσθω.

1132 2148 1183 2184 μδ’.
1209 2147 1384 2180 Ἐπίσκοπος,
1407 2147 1424 2183 ἢ
1443 2146 1639 2183 πρεσϐύτερος,
1657 2146 1674 2180 ἢ
1689 2147 1821 2179 διάκονος,
1839 2147 1884 2173 τό-

1094 2202 1161 2225 κους
1184 2194 1306 2221 ὰπαιτῶν
1329 2193 1392 2225 τοὺς
1417 2193 1633 2228 δανειζομένους,
1651 2193 1668 2228 ἢ
1689 2192 1850 2224 παυσάσθω,
1867 2191 1885 2228 ἢ

1058 2228 1081 2256 D
1095 2238 1290 2274 καθαιρείσθω.

1133 2287 1184 2321 με’.
1209 2284 1384 2315 Ἐπίσκοπος,
1408 2283 1424 2319 ἢ
1447 2283 1643 2319 πρεσϐύτερος,
1659 2283 1675 2318 ἥ
1690 2283 1823 2315 διάκονος,
1841 2283 1887 2309 al-

1096 2330 1213 2365 ρετικοϊς
1228 2328 1426 2364 συνευξάμενος
1443 2329 1534 2364 μόνον,
1550 2337 1578 2356 κ.
1593 2337 1619 2355 τ.
1638 2327 1663 2354 λ.

1132 2426 1191 2458 μς’.
1210 2421 1385 2455 Ἑπίσκοπον,
1400 2421 1417 2458 ἢ
1434 2421 1628 2457 πρεσϐύτερον,
1646 2419 1792 2456 αίρετικῶν
1807 2418 1890 2451 δεξα-

1096 2471 1194 2506 μένους
1211 2469 1352 2506 βάπτισμα
1367 2469 1383 2504 ἢ
1397 2468 1504 2501 θυσίαν,
1522 2477 1548 2494 κ.
1566 2476 1593 2495 τ.
1610 2467 1636 2494 λ.

1132 2560 1186 2596 μζ.
1199 2561 1363 2592 Ἐπίσκοπος
1372 2561 1389 2596 ἢ
1401 2560 1596 2595 πρεσϐύτερος,
1609 2558 1656 2585 τὸν
1670 2556 1742 2585 κατὰ
1753 2556 1890 2592 ἀλήθειαν

1094 2607 1189 2643 ἔχοντα
1203 2607 1355 2642 βάπτισμα,
1367 2615 1394 2633 κ.
1406 2614 1433 2632 τ.
1445 2606 1470 2634 λ.

1132 2653 1184 2688 μο’.
1206 2653 1238 2679 Et
1251 2661 1294 2684 τις
1315 2652 1465 2684 ἐπίσκοπος
1487 2655 1504 2687 η
1522 2651 1718 2688 πρεσϐύτερος,
1742 2649 1814 2677 κατὰ
1837 2648 1890 2684 τὴν

1093 2699 1140 2726 τοῦ
1157 2699 1260 2736 Κυρίου
1272 2699 1404 2733 διάταξιν,
1418 2708 1446 2727 κ.
1461 2708 1486 2726 τ.
1503 2699 1528 2726 λ.

286 2792 310 2809 ³⁸
323 2792 383 2821 Nic.
397 2799 476 2821 conc.
497 2799 559 2820 can.
572 2800 591 2819 ι.
629 2791 651 2808 ⁸⁷
665 2790 717 2819 Job
731 2797 829 2824 xum,
844 2790 887 2818 Η.
923 2789 946 2806 ⁸³
963 2789 1031 2818 Dist.

1133 2789 1155 2806 ι’
1173 2788 1243 2816 Dist.
1259 2787 1305 2816 47.

287 2871 336 2907 (3).
350 2872 455 2901 Citatur
470 2878 486 2899 a
499 2871 529 2899 S.
542 2871 621 2906 Grcg.
635 2869 681 2898 lib.
708 2877 744 2898 vn
762 2868 827 2905 Reg.
842 2868 923 2904 epist.
937 2867 983 2897 30.
