1959 3061
121 190 174 222 7ἱ5

155 250 186 275 ν’.
207 247 241 274 Εἴ
252 256 294 280 τις
312 248 463 282 ἐπίσκοπος
480 251 496 287 ἢ
514 253 712 291 πρεσϐύτερος,
729 256 766 292 μὴ
780 258 845 293 τρια
864 258 911 293 βα-

118 292 259 329 πτίσματα
274 295 340 330 μιᾶς
355 296 483 331 μυήσεως
497 298 660 334 ὲπιτελέσει,
680 311 707 329 κ.
721 311 748 329 τ.
765 303 790 330 λ.

152 399 203 423 να’.
223 396 259 424 El
270 406 312 430 τις
327 399 487 432 ἐπίσκοπος,
501 401 518 437 ἢ
535 402 731 441 πρεσϐύτερος,
750 405 766 441 ἢ
782 406 915 442 διάκονος,

117 439 135 475 ἦ
149 440 220 473 ὅλως
232 443 280 470 τοῦ
295 445 446 480 καταλόγου
459 446 507 473 τοῦ
523 439 789 486 ἱερατικοῦ,’γὰμο-υ,
804 461 830 479 κ.
847 461 872 480 τ.

151 535 202 570 νβ’.
217 536 252 563 Εξ
264 545 308 570 τις
325 537 475 571 ἐπίσκοπος
489 539 505 575 ἣ
524 541 710 579 πρεσϐύτερος
724 544 771 571 τὸν
791 535 916 581 ἐπιστρέ-

117 590 202 616 φοντα
220 583 274 610 ἀπὸ
291 584 431 620 ἁμαρτίας
451 586 482 612 ού
497 587 689 623 προσδέχεται,
712 590 781 617 ἀλλὰ
795 592 916 619 ἀποϐάλ-

116 627 203 661 λεται,
225 630 422 666 καθαιρείσθω,
446 632 487 659 ὅτι
503 633 582 660 λυπεῖ
598 635 715 670 Χριστὸν
731 636 777 664 τὸν
792 638 913 666 εἰπόντα·

115 675 197 709 Χαρὰ
214 676 329 710 γίνεται
343 677 379 704 ἐν
392 679 511 713 οὐρανῷ
523 680 572 707 ἐπὶ
589 681 635 709 ἐνὶ
652 682 816 717 ἁμαρτωλῷ
824 693 915 719 μετα-

114 721 237 748 νοοῦντι
242 741 250 749 .
477 726 480 728 ⁷

150 768 242 802 νγ¹.Εἴ
253 778 296 802 τις
309 770 474 806 ἐπίσκοπος,
490 773 506 809 ἢ
528 774 723 811 πρεσϐύτερος,
741 777 757 812 ἢ
778 777 912 812 διάκονος,

114 815 143 841 ὲν
156 815 217 847 ταῖς
233 816 353 851 ἡμέραις
366 817 419 844 τῶν
434 818 546 854 ἑορτῶν,
560 820 588 846 οὺ
606 822 811 856 μεταλαμϐάνει
823 824 913 859 κρεῶν

113 861 162 887 καὶ
178 862 261 895 οῐνου,
279 862 492 898 βδελυσσόμενος
508 866 556 892 καὶ
576 866 606 892 οὐ
621 866 654 893 δι’
673 867 800 903 ἄσκησιν,
817 869 914 896 καθαι-

115 906 228 942 ρείσθω,
251 907 290 939 ὡς
308 911 580 945 κεκαυτηριασμένος
596 911 645 947 τὴν
663 912 731 939 ἰδίαν
748 913 911 950 συνείδησιν,

114 952 161 978 καὶ
174 951 262 984 αἴτιος
277 953 428 980 σκανδάλου
443 955 551 987 πολλοῖς
562 956 714 992 γινόμενος.

149 996 197 1024 νε¹.
217 998 253 1025 Εἴ
266 1007 309 1031 τις
324 999 456 1036 κληρικὸς
475 1000 583 1037 ὑϐρίσει
597 1002 643 1029 τὸν
665 1003 826 1037 ἐπίσκοπον,
844 1005 912 1032 καθ-

111 1044 246 1080 αιρείσθω
257 1052 264 1059 ·
284 1045 430 1080 Ἄρχοντα
455 1047 510 1081 γὰρ
527 1047 581 1075 τοῦ
596 1049 673 1076 λαοῦ
689 1056 748 1077 σου
763 1051 819 1077 οὐκ
834 1051 913 1086 ἐρεῖς

112 1088 224 1122 κακῶς.

149 1135 199 1164 νϐ’.
221 1137 255 1164 Et
268 1146 310 1169 τις
325 1138 486 1172 ἐπίσκοπος,
509 1140 526 1175 ἢ
549 1141 746 1178 πρεσϐύτερος,
771 1144 843 1176 τινος
857 1144 912 1172 τῶν

113 1181 256 1218 κληρικῶν
271 1184 379 1217 ἐνδεοῦς
395 1185 482 1219 ὖντος,
500 1195 528 1214 κ.
543 1196 568 1214 τ.
589 1188 614 1215 λ.

149 1225 181 1258 ξ’.
203 1225 238 1253 Εἴ
248 1235 291 1259 τις
305 1228 339 1254 τὰ
352 1229 573 1266 ψευδεπίγραφα,
588 1241 615 1260 κ.
632 1241 658 1260 τ.
673 1234 698 1261 λ.

150 1271 199 1307 ξβ’.
220 1273 254 1299 Et
273 1282 316 1305 τις
332 1274 473 1309 κληρικὸς,
491 1276 536 1303 διὰ
561 1278 642 1312 φόϐον
662 1279 831 1316 ἀνθρώπινον
846 1281 914 1308 Ἰου-

110 1318 233 1355 δαίου,ὲῆ
254 1319 413 1357 ’Ἑλληνοςῆ
431 1323 570 1358 αἱρετικοῦ
589 1326 747 1361 ἀρνήσεται,
774 1328 797 1353 ει
816 1328 865 1362 μὲν
884 1329 915 1355 τὸ

110 1366 200 1400 ὖνομα
213 1365 260 1392 τοῦ
276 1366 408 1402 Χριστοῦ,
431 1368 644 1396 ἀποϐαλλέσοω’
671 1372 695 1397 εἰ
720 1371 748 1398 δὲ
776 1372 807 1399 τὸ
828 1373 914 1408 ὄνομα

112 1410 159 1437 τοῦ
175 1410 318 1446 κληρικοῦ,
335 1411 538 1448 καθαιρείσθιω
563 1415 736 1450 μετανοήσας
749 1417 788 1449 δὲ,
803 1417 840 1449 ὼς
856 1418 916 1445 λαῖ-

112 1457 161 1489 κὺς
178 1457 314 1494 δεχθήτω.

150 1503 202 1537 ξγν.
221 1503 254 1530 ΕΞ
265 1513 307 1536 τις
323 1505 512 1542 ὲπίσκοπος,ἣ
528 1508 714 1544 πρεσϐύτερος
726 1530 733 1543 ,
746 1511 762 1546 ἣ
781 1510 914 1545 διάκονος,

113 1549 132 1586 ἢ
147 1549 215 1582 ὅλως
234 1550 280 1577 τοῦ
299 1552 453 1586 καταλόγου
470 1554 518 1580 τοῦ
538 1555 686 1590 ἱερατικοῦ,
709 1557 785 1593 φάγῃ
799 1558 868 1593 κρέα
886 1560 915 1585 ἐν

109 1596 210 1631 αἵματι
232 1597 323 1633 ψυχῆς
348 1599 441 1632 αὑτοῦ,
462 1601 478 1635 ἢ
503 1600 682 1636 θηριαλωτον,
707 1603 723 1638 ἦ
742 1604 913 1640 Ονησιμαῖον,

112 1643 303 1679 καθαιρείσθω
313 1653 319 1658 ·
336 1644 416 1672 τοῦτο
432 1647 486 1682 γὰρ
502 1647 516 1673 ὁ
530 1647 610 1683 νόμος
622 1649 755 1686 ἁπεῖπενρ
776 1652 800 1677 εἰ
815 1652 842 1678 δὲ
856 1651 913 1678 λαῖ-

110 1688 162 1721 κὸς
177 1689 232 1725 εἴη,
248 1690 430 1726 ἁφοριζέσοω.
739 1698 742 1701 ‘

150 1781 198 1814 ξδ’.
220 1781 254 1808 EE
265 1790 307 1813 τις
323 1782 454 1818 κληρικὺς
470 1784 568 1820 εὑρεθῇ
586 1786 635 1821 τὴν
650 1787 791 1824 Κυριακὴν
807 1789 913 1824 ἡμέραν

111 1829 264 1864 νηστεύων,
292 1829 308 1864 ἢ
334 1828 365 1855 τὸ
388 1830 536 1865 Σάϐϐα-τον,
563 1832 633 1868 πλὴν
660 1834 707 1860 τοῦ
734 1835 794 1867 ἑνὸς
820 1836 912 1871 μόνου,

112 1874 321 1910 καθαιρείσθω·
345 1876 369 1902 εἰ
385 1875 411 1902 δὲ
428 1876 531 1910 λαῖκὺς,
549 1878 732 1914 ἀφοριςέσθω.

150 1920 196 1954 ξε’.
219 1922 252 1949 Εἴ
272 1931 314 1954 τις
338 1923 470 1958 κληρικὸς
497 1924 513 1959 ἢ
532 1924 625 1957 λαῖκὸς
648 1926 764 1953 εἰσέλθοι
785 1928 825 1960 εἰς
847 1937 912 1955 συν-

111 1968 229 2004 αγωγὴν
242 1968 378 1996 Ἰουδαίων
394 1971 410 2005 ἢ
429 1971 576 2006 αἱρετιχῶν
602 1973 816 2008 προσεύξασθαι,
841 1976 912 2002 καθ-

111 2013 245 2049 αιρείσθω
261 2015 308 2041 καὶ
322 2015 506 2051 ἀφοριζὲσθω.

151 2060 205 2093 ξς’.
226 2061 260 2087 Εἴ
274 2070 316 2093 τις
331 2061 462 2098 κληρικὸς
486 2062 515 2089 ἐν
542 2064 615 2100 μάχῃ
642 2064 702 2091 τινὰ
727 2065 848 2101 κρούσει,
865 2068 913 2094 καὶ

111 2107 170 2134 ἀπὸ
191 2107 238 2134 τοῦ
262 2108 322 2140 ἑνὸς
345 2107 518 2143 κρούσματος
534 2110 704 2144 ἀποκτείνει,
728 2113 912 2148 καθαιρείσθω

112 2153 161 2181 διὰ
175 2155 225 2190 τὴν
239 2155 406 2192 προπέτειαν
421 2155 505 2182 αὑτοῦ
519 2164 526 2172 ·
552 2157 600 2184 ἐὰν
616 2157 645 2184 δὲ
661 2158 754 2191 λαῑκὸς
769 2157 796 2195 ᾖ,
816 2159 913 2195 ἀφορι-

114 2199 216 2232 ζὲσθω.

151 2247 204 2283 Et".
225 2248 259 2275 Εἴ
267 2257 309 2281 τις
324 2249 484 2281 ἐπίσκοπος,
501 2250 517 2285 ἢ
536 2249 732 2286 πρεσϐύτερος,
747 2251 763 2286 ἢ
778 2251 911 2284 διάκονος,

500 187 702 228 SYNTAGMA
721 199 918 232 CANONUM.
931 204 1050 235 -ΤΙΤ,
1072 207 1126 244 IX,
1149 208 1227 240 CAP.
1249 211 1326 242 XlV.

1714 217 1767 249 746

930 263 953 292 Α
1003 262 1037 290 50
1051 263 1121 300 [49].
1138 265 1166 293 Si
1183 268 1245 300 quis
1264 269 1410 305 episcopus
1420 271 1460 298 vel
1475 273 1627 309 presbyter,
1645 283 1697 304 non
1715 278 1767 305 tria

969 309 1052 338 unius
1064 314 1184 348 mysterii
1205 315 1371 350 baptismata
1386 317 1542 353 perfecerit,
1559 325 1625 356 etc.,
1638 327 1666 350 ut
1683 331 1765 359 supra

968 363 1027 392 pag.
1045 357 1098 385 442
1113 364 1139 387 ct
1156 359 1219 387 615.

1005 413 1035 440 5t
1054 414 1126 452 [50].
1144 416 1172 444 Si
1188 418 1250 452 quis
1265 420 1424 456 episcopus,
1443 423 1598 460 presbyter,
1615 426 1657 454 vel
1673 427 1767 456 diaco—

969 466 1031 492 nus,
1048 462 1090 489 vel
1113 463 1227 491 omnino
1243 473 1275 493 ex
1293 468 1458 495 sacerdotali
1475 477 1600 505 numero,
1615 480 1632 500 a
1648 475 1764 510 nuptiis,

967 511 1033 539 etc.,
1046 512 1074 534 ut
1087 517 1169 544 supra
1180 518 1241 547 pag.
1260 512 1322 540 751.

1003 553 1037 580 52
1051 554 1120 600 [51].
1135 556 1164 583 Si
1177 558 1401 596 quisepiscOpus,
1416 564 1556 600 presbyter
1575 565 1616 593 vel
1629 566 1762 595 diaconus

967 604 1042 630 eum,
1058 599 1104 633 qui
1121 608 1137 628 a
1157 603 1277 636 peccatis
1292 608 1471 641 convertitur,
1488 599 1543 637 non
1563 611 1681 645 recipit,
1713 613 1761 640 sed

966 643 1051 678 ejicit,
1068 645 1232 680 deponatur.
1245 649 1380 682 Quoniam
1401 653 1539 682 Christum
1557 643 1682 685 molestia
1707 659 1766 685 alli-

965 689 1022 722 cit,
1039 691 1085 725 qui
1103 692 1171 719 dixit
1186 703 1192 721 :
1210 693 1345 723 Gaudium
1360 703 1399 724 est
1424 699 1451 726 in
1471 701 1535 727 caelo
1557 709 1664 736 propter
1682 712 1765 731 unum

964 740 1128 768 permtorem
1143 738 1323 770 paenitentiam
1341 748 1462 776 agentem
1479 743 1512 771 ⁸ο.

1000 781 1082 815 272
1092 782 1125 809 55
1139 782 1206 819 [52].
1218 783 1245 811 Si
1261 786 1479 823 qnisepiscopus,
1495 791 1537 818 vel
1552 793 1703 829 presbyter,
1721 795 1763 823 vtl

965 825 1097 855 diaconus
1111 829 1136 855 in
1151 829 1226 858 festis
1239 831 1335 859 diebus
1350 841 1460 862 carnem
1481 842 1507 864 et
1530 838 1623 865 vinum
1640 847 1693 868 non
1715 849 1763 869 su-

969 872 1028 904 mit,
1058 873 1219 907 abhorrens,
1247 882 1273 904 et
1304 886 1358 905 non
1379 885 1490 915 propter
1509 885 1735 914 exercitationem
1754 907 1761 918 ,

965 918 1126 953 deponatur,
1158 923 1250 957 utqui
1281 924 1380 952 habeat
1411 927 1542 961 injustam
1566 931 1764 960 conscientiam

966 966 1116 1000 propriam,
1148 974 1173 995 et
1191 969 1224 996 sit
1240 970 1333 997 multis
1350 971 1512 1002 oﬂensionis
1526 983 1620 1003 causa.

1001 1010 1035 1038 55
1052 1011 1122 1047 [54].
1149 1013 1177 1040 Si
1200 1016 1264 1049 quis
1280 1016 1396 1045 clericus
1412 1020 1570 1055 episcopum
1596 1024 1763 1053 contumelia

965 1056 1097 1091 aﬂ‘ecerit,
1114 1059 1270 1094 deponatur
1287 1071 1293 1089 :
1308 1062 1428 1099 Principi
1443 1066 1514 1093 enim
1542 1069 1636 1103 populi
1658 1071 1697 1097 tui
1712 1080 1765 1099 non

966 1103 1106 1131 maledicas
1115 1104 1147 1131 “.

1001 1150 1035 1177 59
1049 1149 1118 1186 [58].
1134 1151 1161 1178 Si
1177 1153 1240 1187 quis
1253 1154 1399 1191 episcopus
1418 1157 1459 1185 vel
1475 1159 1628 1196 presbyter,
1642 1169 1704 1190 cum
1731 1163 1768 1191 sit

966 1195 1067 1230 aliquis
1080 1205 1112 1223 ex
1130 1197 1237 1227 clericis
1251 1207 1366 1235 egenus,
1383 1207 1449 1237 etc.,
1465 1209 1494 1231 ut
1523 1195 1606 1242 supra
1621 1217 1683 1245 pag.
1701 1210 1765 1238 674.

1002 1240 1036 1268 60
1050 1240 1120 1278 [59].
1132 1242 1159 1270 Si
1176 1245 1240 1278 quis
1257 1245 1327 1273 falso
1338 1240 1574 1284 inscriptos,etc.,
1588 1240 1689 1290 ut'pa'g.
1701 1255 1763 1284 590.

1002 1287 1036 1314 6‘2
1045 1288 1114 1325 [lii].
1124 1290 1151 1316 Si
1163 1291 1226 1325 quis
1240 1292 1357 1321 clericus
1372 1301 1482 1330 propter
1492 1303 1592 1326 metum
1603 1287 1764 1336 hunmumn,

967 1333 1008 1360 vel
1035 1333 1131 1367 Judaei,
1168 1336 1208 1363 vel
1224 1337 1322 1371 Graeci,
1348 1340 1390 1367 vel
1416 1341 1545 1375 lueretici,
1571 1348 1720 1381 negaverit,
1743 1349 1766 1375 si

966 1379 1077 1413 quidem
1106 1389 1205 1409 nomen
1220 1383 1332 1417 Christi,
1349 1386 1486 1420 ejiciatur,
1517 1389 1539 1416 si
1563 1394 1653 1418 autem
1668 1401 1766 1421 nomen

966 1426 1069 1459 clerici,
1090 1427 1243 1461 deportatur
1259 1429 1292 1456 θ’.
1313 1429 1504 1460 Ραέιιὶιυιιιιειιι
1519 1440 1610 1462 autem
1628 1445 1721 1472 agens,
1739 1443 1768 1465 ut

966 1471 1052 1499 laicus
1065 1473 1220 1508 recipiatur.

1003 1517 1038 1544 65
1048 1517 1116 1553 [62].
1131 1518 1160 1545 Si
1174 1520 1236 1554 quis
1247 1520 1391 1556 cpiscopus
1403 1523 1444 1550 vel
1457 1524 1609 1560 presbyter,
1619 1527 1661 1554 vel
1674 1528 1767 1557 diaco-

969 1571 1030 1597 nus,
1066 1565 1108 1592 vel
1133 1566 1246 1593 omnino
1277 1575 1310 1594 ex
1327 1570 1489 1598 sacerdotali
1518 1573 1652 1609 catalogo,
1671 1583 1764 1604 eome-

969 1610 1040 1637 derit
1056 1618 1156 1638 carnes
1171 1611 1198 1638 in
1227 1614 1362 1648 sanguine
1385 1616 1484 1643 anima:
1498 1617 1632 1652 ipsorum,
1644 1621 1686 1647 Vel
1701 1622 1767 1656 quid

966 1663 980 1683 a
996 1656 1061 1683 feris
1087 1661 1208 1692 captum,
1235 1659 1277 1686 vel
1303 1662 1489 1696 Inorticinum,
1519 1664 1681 1699 deponatur.
1712 1668 1768 1696 Hoc

965 1703 1036 1730 enim
1065 1703 1107 1731 lex
1118 1705 1259 1739 prohibuit
1290 1715 1297 1733 :
1322 1707 1345 1734 si
1381 1713 1470 1736 autem
1497 1710 1533 1737 sit
1557 1711 1652 1746 laicus,
1675 1722 1767 1750 segre-

965 1753 1053 1783 getnr.

1000 1794 1114 1831 Gt'LGS].
1125 1795 1153 1823 Si
1170 1797 1231 1832 quis
1242 1798 1358 1827 clericus
1371 1799 1497 1830 inventus
1513 1803 1594 1832 fuerit
1611 1805 1656 1833 dic
1676 1806 1767 1834 Domi-

961 1840 1097 1876 jejunare,
1117 1843 1159 1870 vel
1180 1844 1311 1878 Sabbato,
1338 1852 1520 1884 prieterquam
1555 1859 1611 1879 uno
1631 1853 1701 1886 solo,
1718 1855 1767 1882 dc-

964 1888 1153 1921 ponatur:sin
1171 1894 1261 1917 autem
1276 1891 1372 1925 laicus,
1389 1900 1560 1931 segregetur.

1000 1931 1034 1959 65
1049 1932 1115 1968 [63].
1129 1932 1157 1961 Si
1172 1936 1233 1969 quis
1244 1936 1359 1964 clericus
1371 1939 1411 1965 vel
1421 1939 1505 1969 laicus
1518 1942 1544 1970 in
1558 1942 1714 1972 Judteorum
1725 1947 1768 1973 vel

964 1978 1026 2005 nico
1042 1979 1230 2008 haereticorum
1250 1990 1413 2019 synagogam
1428 1986 1568 2022 ingressus
1588 1990 1623 2016 sit
1633 1991 1667 2017 ad
1685 1999 1767 2019 oran-

964 2023 1040 2056 dum,
1059 2026 1211 2060 deponatur
1226 2032 1249 2055 et
1262 2035 1429 2064 segregetur.

999 2070 1034 2097 66
1052 2071 1119 2107 [64].
1132 2073 1161 2100 Si
1175 2074 1235 2108 quis
1251 2075 1367 2104 clericus
1394 2079 1434 2105 vel
1454 2079 1480 2105 in
1508 2087 1597 2116 pugna
1626 2085 1764 2119 pulsatum

964 2116 1082 2151 aliquem
1102 2127 1157 2146 uno
1173 2120 1226 2147 ictu
1242 2122 1384 2156 occiderit,
1401 2125 1673 2164 deponatnrpropter
1688 2139 1766 2160 suam

964 2165 1164 2198 proclivitatcm
1179 2171 1206 2194 et
1232 2169 1432 2204 temeritatem;
1449 2170 1535 2201 laicus
1550 2182 1616 2202 vero
1635 2177 1657 2204 si
1673 2177 1765 2212 fuerit,

965 2215 1136 2245 segregetur.

999 2255 1033 2282 68
1051 2256 1119 2292 [G7].
1136 2256 1164 2284 Si
1180 2258 1242 2293 quis
1258 2259 1403 2295 cpiscopus
1425 2262 1474 2297 (ι),
1494 2264 1534 2291 vel
1549 2266 1698 2302 presbyter,
1720 2269 1763 2296 vel

113 2294 248 2330 δευτέραν
265 2297 432 2331 χειροτονίαν
444 2296 552 2329 δέξεται
574 2298 649 2332 παρά
666 2306 749 2330 τινος.
771 2299 912 2350 καθαιρεί-

977 2301 1099 2330 Iiaconus
1115 2305 1264 2332 secundam
1284 2306 1486 2336 ordinationem
1508 2311 1544 2338 ab
1565 2312 1620 2340 alio
1636 2320 1765 2350 suscepe-

116 2339 176 2366 σθω
190 2340 237 2367 καὶ
253 2341 334 2372 αὐτὸς
349 2342 397 2369 καὶ
417 2343 431 2368 ό
454 2343 647 2378 χειροτονήσας
660 2350 666 2357 ’
693 2344 717 2370 εἰ
745 2345 781 2379 μή
806 2353 837 2378 γε
860 2344 915 2380 ἄρα

116 2387 244 2422 συσταίη,
268 2387 308 2414 ὅτι
323 2388 399 2423 παρὰ
415 2389 564 2424 αἱρετικῶν
579 2389 636 2424 ἔχει
655 2389 704 2425 τὴν
726 2391 894 2425 χειροτονίαν
907 2399 914 2406 '

114 2432 180 2465 τοὺς
193 2433 248 2469 γὰρ
265 2434 341 2470 παρὰ
354 2434 408 2461 τῶν
422 2434 551 2462 τοιούτων
573 2436 813 2471 χειροτονηθέντας
830 2438 846 2473 ἢ
867 2437 915 2472 βα-

116 2479 299 2513 πτισθέντας,
326 2480 389 2507 οὔτε
413 2483 543 2514 πιστοὺς,
575 2482 636 2509 οὔτε
668 2483 815 2518 κληρικοὺς
846 2482 914 2511 εἶναι

114 2525 240 2553 δυνατόν.

154 2572 202 2605 ξθι.
217 2573 253 2600 Et
267 2582 309 2606 τις
320 2574 481 2607 ἐπίσκοπος,
494 2574 510 2610 ἢ
527 2575 712 2611 πρεσϐύτερος
728 2598 735 2609 ,
749 2577 766 2612 ἢ
779 2576 913 2610 διάκονος,

115 2618 133 2653 ἣ
149 2618 335 2653 ὑποδιάκονος,
351 2620 528 2656 ἀναγνώστης
538 2621 554 2657 ἢ
563 2621 679 2657 ψάλτης,
690 2623 740 2658 τὴν
753 2623 835 2658 ἁγίαν
846 2624 914 2651 Τετ-

117 2665 303 2700 σαρακοστὴν,
323 2674 350 2692 κ.
367 2674 393 2694 τ.
409 2665 434 2693 λ.

152 2709 184 2737 ο’.
203 2710 237 2736 Εἰ
249 2719 290 2742 τις
305 2711 464 2744 ἐπίσκοπος,
493 2711 720 2748 ἦπρεσϐύτερος,
742 2714 758 2749 ἢ
778 2716 911 2748 διάκονος,

117 2756 134 2791 ἦ
148 2756 216 2788 ὅλως
231 2757 280 2784 τοῦ
292 2758 444 2794 καταλόγου
459 2758 513 2786 τῶν
527 2759 677 2795 κληρικῶν,
692 2763 819 2796 νηστεύοι
846 2762 917 2797 μετὰ

123 2802 267 2837 οῐονδαίων,
280 2813 307 2832 κ.
324 2813 350 2831 τ.
364 2804 389 2832 λ.

154 2860 177 2877 λθ
193 2860 261 2889 Luc.
273 2870 327 2896 xv,
341 2863 367 2891 7.
415 2864 437 2880 “
451 2865 511 2892 Act.
534 2873 610 2899 mn,
629 2865 656 2893 5.
689 2866 711 2881 “
723 2864 783 2894 Nic.
799 2873 860 2894 can.
877 2867 921 2895 '10.

968 2347 1014 2378 rit,
1044 2347 1196 2382 deportatur
1213 2355 1240 2377 et
1260 2351 1317 2385 ipse
1330 2373 1337 2385 ,
1353 2352 1434 2388 273
1451 2358 1478 2380 et
1492 2356 1537 2389 qui
1551 2357 1698 2393 ordinavit,
1713 2347 1766 2387 nisi

967 2393 1062 2428 utique
1073 2395 1235 2428 constiterit,
1261 2398 1332 2431 quod
1363 2399 1397 2426 ab
1416 2400 1552 2429 hrereticis
1563 2404 1765 2434 ordinationem

967 2439 1078 2467 habeat.
1103 2440 1154 2474 Qui
1193 2442 1266 2470 enim
1288 2444 1324 2470 ab
1362 2445 1402 2472 eis
1431 2446 1561 2482 baptizati
1588 2454 1616 2477 et
1646 2452 1765 2480 ordinati

967 2490 1041 2518 sunt,
1072 2491 1103 2514 ut
1134 2487 1227 2516 ﬁdeles
1253 2489 1295 2516 vel
1323 2489 1415 2518 clerici
1447 2493 1522 2527 sint,
1557 2494 1615 2523 ﬁeri
1645 2505 1698 2525 non
1714 2507 1765 2534 pu-

965 2536 1028 2559 test.

1001 2577 1117 2615 69[68].
1145 2579 1175 2607 Si
1206 2581 1268 2616 quis
1293 2582 1450 2620 episcopus,
1476 2587 1519 2614 vel
1542 2589 1696 2626 presbyter,
1722 2591 1765 2619 vel

965 2623 1098 2654 diaconus
1123 2626 1166 2653 vel
1195 2628 1394 2664 subdiaconus,
1421 2631 1507 2661 lector
1524 2635 1565 2662 vel
1585 2641 1683 2664 cantor
1698 2645 1764 2665 san-

965 2674 1035 2697 ctam
1048 2669 1160 2699 Pascha
1168 2671 1494 2712 Quadragesimam,etc.,
1502 2685 1531 2706 ut
1539 2689 1621 2716 supra
1628 2690 1690 2719 pag.
1701 2684 1763 2712 655.

1000 2717 1035 2744 70
1047 2716 1117 2753 [69].
1130 2718 1159 2745 Si
1174 2719 1237 2753 quis
1251 2721 1408 2757 episcopus,
1425 2725 1466 2753 vel
1481 2716 1682 2762 diaconus,‘ve—l
1701 2731 1766 2765 quis

972 2764 1084 2791 omnino
1105 2772 1138 2792 ex
1156 2765 1320 2796 clericorum
1341 2771 1477 2807 catalogo,
1495 2772 1602 2809 jejunat
1628 2783 1688 2804 curn
1709 2764 1766 2805 ilu-

973 2809 1039 2837 dmis
1050 2814 1116 2844 etc.,
1133 2815 1162 2838 ut
1180 2820 1243 2848 pag.
1260 2813 1324 2844 758.

163 2935 203 2971 (ι)
220 2935 384 2970 lntelligitur
399 2936 431 2964 de
445 2937 674 2974 Cataphrygibus,
701 2943 732 2967 ut
760 2947 822 2975 cap.
853 2939 885 2967 19
899 2941 988 2969 concil
1000 2962 1007 2969 .
1034 2941 1092 2970 Nic.
1104 2947 1130 2971 et
1147 2943 1181 2972 95
1197 2950 1280 2974 sextre
1296 2955 1364 2983 syno
1376 2948 1403 2977 ll.

266 2983 404 3013 ιἈτιιοι.
425 2984 482 3014 Gn.
500 2983 578 3015 CIV.

1503 2997 1542 3029 2':-
