1954 3080
181 220 233 253 ’147

215 281 246 308 81
269 277 338 315 [80].
361 275 484 304 Diximus
512 281 566 301 non
594 276 720 307 opai'tere
746 272 905 305 episcopum
930 267 972 295 vel
988 270 1011 297 Α

182 324 373 362 presbyterum
395 322 514 356 seipsum
532 319 564 347 ad
584 318 709 353 publicas
724 315 977 343 administrationes

182 361 347 402 demittere,
375 368 422 396 sed
446 368 473 394 in
502 364 698 393 ecclesiasticis
722 362 840 398 negotiis
862 361 976 389 versari.

182 417 230 445 Vel
246 423 311 451 ergo
326 416 363 442 ita
384 422 439 442 non
459 413 550 440 facere
570 411 778 446 persuadeatur,
794 408 836 436 vel
857 408 978 442 depona-

179 468 241 492 tur:
259 461 342 489 Nemo
353 460 425 488 enim
443 457 637 494 potestduobus
652 455 767 482 dominis
786 451 924 484 servire“,
935 459 979 479 se-

184 510 305 538 cundum
318 506 426 534 Domini
441 508 616 540 praceptum.

219 555 254 583 85
273 553 342 591 [82].
364 553 532 588 Episcopus,
551 550 594 577 vel
615 549 775 584 presbyter,
789 546 832 574 vel
847 545 980 573 diaconus

184 603 318 631 exercitui
329 607 440 632 vacans,
453 604 479 626 et
493 603 610 631 utraque
621 595 746 622 obtinere
758 593 863 625 volens,
880 591 981 618 Roma-

186 656 251 677 num
272 647 378 676 scilicet
398 645 610 680 magistratum,
630 645 657 668 et
677 638 874 668 sacerdotalem
895 636 982 664 admi.

186 694 378 723 nistrationcm
389 713 397 725 ,
411 692 564 726 deponatur
579 697 586 714 :
603 687 668 720 Qua:
684 689 746 713 sunt
765 685 838 712 enim
855 683 982 715 Caesaris,

186 741 287 769 (Σίνδοι-ἱ
300 749 308 772 ;
324 744 349 767 et
365 746 424 774 qua:
435 741 495 764 sunt
512 735 572 768 Dei,
586 733 638 761 Deo
647 733 679 759 ι’.

223 787 269 815 84.
289 785 421 820 Quisquis
434 790 536 818 regem,
549 785 614 813 etc.,
628 786 653 806 ul
670 787 730 813 pag.
741 778 805 805 759.

325 830 441 859 Cuncilii
455 828 561 856 Nicmni
575 834 688 853 canones
699 825 727 857 2,
745 824 788 856 10,
803 823 846 850 Π.

222 878 251 906 2.
281 877 418 911 Quoniam
455 874 559 906 multa,
589 871 632 899 vel
663 869 843 901 necessitate,
868 872 933 900 etc.,
956 872 984 894 ut

189 937 251 964 pag.
271 925 334 954 499.

223 951 267 1001 it).
288 971 451 1005 Quicunque
480 976 512 996 ex
538 967 570 995 iis
594 966 642 1002 qui
676 965 747 1000 lapsi
763 968 839 998 sunt,
863 967 930 995 etc.,
956 967 985 989 ut
1000 951 1023 981 Β

190 1027 251 1055 pag.
268 1017 333 1045 547.

229 1066 274 1092 ΓΙ.
295 1062 432 1097 Quoniam
454 1060 533 1088 multi
549 1059 572 1075 ⁸⁵
591 1058 637 1094 qui
663 1058 691 1084 in
712 1063 819 1084 canone
841 1061 988 1082 recensen-

191 1116 245 1142 tur,
263 1110 342 1145 plura
355 1107 472 1136 habendi
489 1105 609 1133 studium
634 1109 658 1131 et
676 1107 755 1137 turpe
770 1102 876 1129 lucrum
893 1107 987 1135 perse-

194 1162 321 1192 quentes.
337 1155 438 1182 divinae
457 1153 606 1187 Scriptura:
628 1149 706 1177 obliti
732 1152 807 1179 sunt,
825 1155 886 1182 qum
900 1146 987 1173 dicit:

193 1191 339 1238 Argentum
360 1208 438 1228 suum
458 1206 509 1225 non
529 1197 602 1224 dedit
627 1197 660 1222 ad
682 1202 793 1221 usuram
808 1193 850 1220 “5:
867 1191 950 1227 274
963 1195 990 1218 et

190 1249 347 1276 fenerantes
378 1244 545 1273 centesimas
571 1242 702 1277 exigunt;
743 1246 851 1274 aequum
883 1238 991 1266 censuit

193 1299 290 1323 sancta
310 1296 337 1320 et
351 1298 453 1326 magna
470 1288 603 1325 synodus,
626 1286 692 1314 utsi
707 1286 770 1321 quis
784 1285 914 1312 inventus
930 1283 990 1310 fue-

192 1341 229 1368 rit
251 1343 314 1376 post
339 1341 471 1366 statutum
495 1342 595 1363 usuras
619 1341 654 1361 ex
682 1336 781 1360 mutuo
803 1336 922 1362 sumere,
949 1328 991 1356 vel

193 1374 261 1413 eam
277 1393 333 1412 rem
360 1383 440 1410 aliter
455 1381 593 1417 persaqui,
611 1378 651 1407 vel
672 1377 870 1413 sesquialteras
884 1374 991 1411 [sescu-

195 1430 266 1468 plas]
284 1430 404 1465 exigere,
431 1428 474 1456 vel
496 1426 600 1462 aliquid
624 1424 700 1452 aliud
723 1422 881 1458 excogitare
901 1421 989 1456 turpis

195 1482 317 1514 quaestus
332 1475 430 1511 gratia,
452 1481 468 1501 e
482 1473 557 1501 clero
570 1472 735 1507 deponatur,
756 1475 784 1497 et
800 1469 839 1497 sit
854 1469 959 1495 alienus
976 1475 990 1494 a

195 1531 310 1552 canone.

305 1569 419 1598 Concilii
436 1567 574 1603 Ancyrani
588 1572 702 1593 canones
717 1563 761 1597 10,
778 1563 823 1595 14,
839 1563 883 1591 18.

233 1619 276 1646 10.
293 1618 457 1652 Quicunque
471 1615 580 1643 diaconi
596 1611 759 1643 constituti,
775 1610 802 1638 in
818 1611 875 1645 ipsa
890 1608 990 1637 consti-
1006 1628 1028 1657 ε

197 1665 303 1692 tutionc
338 1662 474 1691 testiﬁcati
507 1664 572 1689 sunt
595 1664 624 1687 et
648 1658 778 1686 dixerunt
803 1660 930 1692 oportere
962 1662 991 1682 se

198 1717 298 1738 uxores
319 1709 437 1739 dueere,
456 1715 517 1734 cum
543 1713 596 1733 non
613 1704 719 1740 possint
736 1703 776 1731 sic
796 1709 919 1733 manere,
936 1700 954 1728 ii
970 1700 993 1727 si

199 1763 313 1784 uxorem
328 1759 422 1790 postea
434 1753 573 1786 duxerint,
587 1752 643 1780 sint
657 1752 683 1778 in
696 1749 859 1782 ministerio,
876 1756 909 1775 eo
920 1746 992 1782 quod

199 1802 251 1829 hoc
269 1801 306 1829 sit
330 1800 384 1828 illis
400 1799 434 1826 ab
448 1799 580 1834 episcopo
596 1805 770 1826 concessum.
794 1796 820 1823 Si
837 1795 885 1831 qui
900 1800 993 1822 autem

198 1849 252 1876 hoc
266 1847 376 1876 silentio
395 1846 551 1881 praeterito,
580 1849 607 1872 et
632 1844 660 1871 in
685 1843 878 1874 ordinatione,
904 1845 934 1868 ut
958 1841 993 1868 ita

201 1897 359 1925 manerent,
379 1891 499 1926 suscepti
519 1894 598 1922 sunt.
624 1893 718 1924 postea
735 1893 826 1916 autem
847 1888 880 1915 ad
901 1886 996 1914 matri-

200 1938 323 1966 monium
339 1941 483 1969 venerunt,
504 1936 520 1963 ii
535 1944 551 1963 a
567 1935 714 1963 diaconatu
732 1937 851 1962 cessent.

236 1985 280 2013 Μ.
302 1983 354 2018 Qui
374 1984 400 2010 in
417 1983 490 2011 clero
513 1987 597 2016 sunt,
619 1982 791 2018 presbyteros
804 1980 846 2007 vcl
862 1979 995 2006 diaconos

200 2039 215 2058 a
233 2030 363 2059 carnibus
382 2029 570 2062 abstinentes,
594 2029 683 2055 visum
704 2031 746 2054 est
767 2034 815 2053 eas
841 2025 975 2059 attingere
988 2045 995 2055 ,

200 2082 229 2106 et
243 2079 294 2111 sic,
306 2081 336 2104 ut
350 2076 444 2110 velint,
462 2076 496 2103 ab
511 2075 551 2102 eis
570 2075 717 2102 abstinere.
739 2073 767 2100 Si
793 2077 884 2100 autem
909 2071 998 2098 nolint

201 2123 276 2151 olera
290 2143 297 2155 ,
318 2129 381 2157 quae
395 2129 457 2149 cum
475 2121 604 2148 carnibus
623 2122 811 2154 apponuntur,
833 2115 998 2150 comedere,

201 2174 229 2198 et
245 2169 345 2197 cationi
360 2176 413 2196 non
429 2168 548 2200 cedant,
575 2166 610 2194 ab
626 2166 723 2193 ordine
745 2171 865 2192 cessare.

234 2263 278 2290 18.
296 2261 325 2289 Si
341 2261 386 2297 qui
407 2259 550 2288 constituti
578 2258 711 2294 episcopi,
734 2262 801 2291 etc.,
815 2261 844 2284 ut
855 2265 915 2292 pag.
930 2256 997 2284 506.

767 211 898 242 i’ilO’l‘lI
911 206 1165 240 PATBIARCHJE
1185 207 1240 236 (ΖΡ.

1774 198 1827 232 748

1059 269 1116 294 πα’.
1130 265 1249 299 Εἴπομεν
1265 263 1305 290 ὅτι
1320 261 1358 298 μὴ
1371 261 1423 297 χρὴ
1438 260 1588 288 ἐπίσκοπον
1607 260 1623 296 ἢ
1642 260 1828 296 πρεσϐύτερον

1028 313 1152 340 καθιέναι
1166 310 1262 338 ἑαυτὸν
1287 310 1327 341 εἰς
1342 309 1476 344 δημοσίας
1491 308 1650 342 διοικήσεις,
1665 307 1733 334 ἀλλά
1741 315 1827 341 προσ-

1027 359 1168 393 ευκαιρεῖν
1195 357 1256 388 ταῖς
1278 353 1522 389 ἐκκλησιαστικαῖς
1545 352 1663 388 χρείαις
1694 352 1711 387 ἢ
1734 351 1828 378 πειθὲ-

1030 406 1086 433 σθω
1096 405 1142 432 οὖν
1156 404 1236 432 τοῦτο
1249 404 1287 439 μὴ
1299 403 1396 434 ποιεῖν,
1409 401 1425 436 ἢ
1442 399 1638 436 καθαιρείσθω
1653 398 1760 431 οὺὸεὶς
1775 397 1830 433 γὰρ

1029 455 1155 482 δύναται
1163 452 1236 481 δυσὶ
1246 451 1360 487 κυρίοις
1368 450 1536 482 δουλεύειν,
1547 447 1619 475 κατά
1628 446 1678 483 τὴν
1686 445 1830 483 Κυριακὴν

1030 500 1243 536 παρακέλευσιν.

1055 543 1122 579 ’πγ¹.
1144 543 1317 574 Ἐπίσκοπος,
1333 542 1350 577 ἢ
1363 540 1560 577 πρεσϐύτερος,
1571 539 1588 575 ἢ
1600 539 1733 570 διάκονος,
1750 545 1833 573 στρα-

1031 591 1091 627 τείᾳ
1107 589 1256 626 σχολάζων,
1275 589 1323 617 καὶ
1343 588 1504 624 βουλόμενος
1522 586 1667 621 ἀμφότερα
1691 585 1831 619 κατέχειν,

1038 637 1194 674 Ῥωμαϊκὴν
1211 636 1299 673 ἀρχὴν
1314 636 1360 663 καὶ
1376 634 1515 670 ἱερατικὴν
1530 634 1664 667 διοίκησιν
1674 652 1682 664 ,
1692 630 1832 666 καθαιρείσ

1034 683 1099 711 σθω·
1118 683 1156 710 Τὰ
1173 682 1228 718 γὰρ
1248 681 1399 716 Καίσαρος
1413 681 1552 715 Καίσαρι,
1568 679 1618 706 καὶ
1635 678 1672 706 τὰ
1683 677 1736 706 τοῦ
1758 676 1834 704 Θεοῦ

1034 731 1073 764 τῷ
1092 730 1163 762 Θεῷ.

1069 775 1121 803 τπδ’.
1139 776 1188 808 ’ος
1197 784 1238 807 τις
1252 774 1359 811 ὑϐρίσει
1377 773 1500 809 βασιλέα,
1518 782 1545 800 κ.
1559 782 1583 800 τ.
1602 773 1628 800 λ,
1723 773 1728 803 l

1184 820 1320 848 Συνόδου
1337 821 1461 853 Νικαίας
1477 819 1578 847 κανὼν
1591 821 1612 855 β’
1622 824 1636 847 ι’
1652 819 1695 852 ιζ’.

1072 868 1104 904 β’.
1120 868 1230 904 Ἐπειδὴ
1249 867 1333 895 πολλὰ
1344 867 1404 902 ἦτοι
1419 867 1472 894 ὑπὸ
1486 867 1620 903 ἀνάγκης,
1637 876 1664 896 κ.
1676 877 1700 895 τ.
1714 867 1739 895 λ.

1074 964 1100 988 ι’.
1118 961 1195 988 Ὅσοι
1217 959 1463 996 προεχειρίσθησαν
1478 959 1533 986 τῶν
1564 959 1839 996 παραπεπτωκότων,

1038 1016 1066 1036 κ.
1074 1015 1101 1035 τ.
1109 1007 1134 1034 λ.

1076 1052 1117 1086 ιζ’.
1141 1053 1250 1089 Ἐπειδὴ
1271 1053 1363 1081 πολλοὶ
1377 1054 1406 1080 ἐν
1419 1052 1459 1089 τῷ
1475 1050 1776 1087 κανόνιὲξεταζόμενοι,
1789 1054 1842 1089 τὴν

1039 1099 1196 1132 πλεονεξίαν
1209 1099 1256 1126 καὶ
1267 1099 1317 1135 τὴν
1333 1098 1557 1135 αἰσχροκέρδειαν
1575 1098 1842 1132 διώκοντες,ὲπελά-

1040 1147 1117 1174 θοντο
1147 1146 1195 1173 τοῦ
1205 1146 1278 1173 θείου
1297 1146 1462 1182 Γράμματος
1482 1145 1623 1180 λέγοντος·
1649 1145 1685 1173 Τὸ
1697 1146 1843 1181 ἀργύριον

1040 1193 1134 1221 αὐτοῦ
1151 1193 1207 1220 οὺχ
1220 1193 1332 1220 ἔδωκεν
1342 1192 1393 1220 ἐπὶ
1413 1193 1502 1225 τόκῳ,
1515 1192 1562 1219 καὶ
1586 1192 1756 1225 δανείζοντες
1772 1193 1842 1220 ἑκα-

1041 1241 1139 1272 τοστὰς
1156 1239 1318 1267 ἀπαιτοῦσιν
1331 1260 1339 1273 ,
1369 1239 1528 1266 ἐδικαίωσεν
1543 1239 1560 1275 ἡ
1575 1239 1643 1273 ἀγία
1660 1239 1706 1266 καὶ
1732 1239 1841 1276 μεγάλη

1043 1287 1162 1320 σύνοδος,
1177 1286 1215 1319 ὡς
1238 1286 1265 1313 εἰ
1288 1295 1330 1318 τις
1353 1285 1480 1322 εὑρεθείη
1505 1285 1575 1321 μετὰ
1598 1286 1643 1312 τὸν
1658 1286 1720 1322 ὅρον
1743 1286 1840 1313 τοῦτον

1041 1334 1137 1365 τόκους
1149 1333 1308 1369 λαμϐάνων,
1324 1334 1357 1361 ὲκ
1374 1332 1600 1368 μεταχειρίσεως,
1611 1332 1628 1368 ἦ
1638 1332 1726 1365 ἄλλως
1744 1341 1844 1369 μετερ-

1042 1381 1156 1416 χόμενος
1176 1380 1206 1407 τὸ
1226 1380 1361 1416 πρᾶγμα,
1378 1379 1395 1415 ἢ
1422 1378 1550 1415 ἡμιολίας
1575 1379 1720 1412 ἀπαιτῶν,
1745 1379 1844 1415 ἧόλως

1043 1427 1138 1462 ἔτερόν
1152 1435 1179 1453 τι
1191 1426 1307 1453 ἐπινοῶν
1329 1425 1443 1461 αἰσχροῦ
1458 1425 1571 1461 κέρδους
1598 1425 1690 1458 ἕνεκα,
1708 1426 1844 1462 καθαιρε-

1043 1475 1156 1509 θήσεται
1169 1473 1216 1500 τοῦ
1231 1473 1344 1509 κλήρου,
1361 1473 1408 1500 καὶ
1421 1472 1562 1509 ἀλλότριος
1573 1471 1621 1499 τοῦ
1629 1472 1739 1504 κανόνος
1753 1472 1844 1500 ἔσται.

1149 1557 1286 1585 Συνοδου
1312 1557 1451 1592 Ἀγκύρας
1468 1556 1569 1584 κανὼν
1581 1560 1609 1590 ι’,
1624 1556 1667 1590 ιδ’,
1689 1561 1735 1592 ιη’.

1081 1607 1107 1632 ι’.
1120 1604 1244 1631 Διάκονοι
1259 1604 1316 1630 ὅσοι
1325 1603 1514 1635 καθίστανται,
1525 1604 1590 1638 παρ’
1600 1603 1684 1639 αὐτὴν
1695 1604 1744 1639 τὴν
1760 1604 1849 1630 κατᾶ-

1046 1658 1141 1677 στασιν
1157 1650 1181 1676 εὶ
1200 1649 1389 1685 ἐμαρτύραντο
1410 1649 1457 1676 καὶ
1473 1650 1577 1684 ἔφασαν
1591 1650 1691 1686 χρῆναι
1707 1651 1847 1686 γαμῆσαι,

1047 1696 1084 1732 μὴ
1099 1696 1242 1731 δυνάμενοι
1262 1695 1349 1727 οὕτως
1365 1693 1549 1731 μένειν,οὖτοι
1560 1698 1628 1732 μετὰ
1644 1698 1731 1725 ταῦτα
1753 1699 1850 1734 γαμή-

1046 1752 1152 1774 σαντες.
1159 1742 1282 1769 ἔστωσαν
1291 1743 1319 1769 ὲν
1330 1744 1362 1778 τῇ
1373 1742 1511 1779 ὑπηρεσία
1519 1743 1562 1770 διὰ
1572 1744 1601 1771 τὸ
1608 1745 1794 1780 ἐπιτραπῆναι
1802 1746 1850 1772 αὐ-

1047 1791 1104 1820 τοῖς
1117 1788 1169 1815 ὑπὸ
1180 1789 1228 1815 τοῦ
1239 1788 1403 1815 ἐπισκόπου·
1414 1788 1494 1815 τοῦτο
1502 1789 1530 1816 δὲ
1539 1790 1565 1816 εί
1574 1799 1645 1822 τινες
1656 1791 1849 1827 σιωπήσαντες

1046 1836 1093 1862 καὶ
1113 1834 1328 1869 καταδεξάμενοι
1354 1836 1383 1861 ὲν
1411 1837 1444 1872 τῇ
1460 1837 1614 1872 χειροτονίᾳ
1635 1837 1727 1872 μένειν
1747 1837 1848 1870 οὕτως,

1048 1881 1117 1916 μετὰ
1132 1881 1218 1908 ταῦτα
1234 1878 1315 1917 ἦλθον
1331 1880 1378 1908 ἐπὶ
1389 1881 1490 1917 γάμον,
1507 1881 1666 1909 πεπαῦσθαι
1685 1882 1784 1914 αὐτοὺς
1797 1885 1850 1918 τῆς

1046 1928 1196 1959 διακονίας.

1084 1974 1125 2002 ιδ’.
1140 1975 1209 2006 Τοὺς
1220 1975 1249 2001 ἓν
1265 1974 1359 2011 κλήρῳ
1369 1974 1572 2011 πρεσϐυτέρους
1581 1975 1685 2011 ὄνταςῆ
1695 1975 1850 2008 διακόνους,

1048 2022 1095 2048 καὶ
1116 2021 1304 2057 ἀπεχομένους
1325 2021 1414 2057 κρεῶν
1432 2041 1439 2054 ,
1463 2021 1553 2054 ἔδοξεν
1584 2021 1767 2056 ἐφάπτεσθαι·
1797 2023 1847 2048 καὶ

1048 2068 1136 2100 οὕτως
1148 2089 1156 2102 ,
1173 2068 1198 2095 εἰ
1213 2067 1352 2104 βούλοιντο
1379 2069 1489 2104 κρατεῖν
1505 2068 1621 2095 ἑαυτῶν·
1639 2068 1664 2095 εί
1677 2068 1705 2095 δὲ
1734 2068 1848 2103 βδελύσ-

1051 2123 1139 2141 σοιντο
1156 2114 1194 2146 ὡς
1212 2115 1250 2150 μὴ
1265 2114 1294 2141 δὲ
1305 2114 1339 2141 τά
1358 2114 1427 2150 μετὰ
1444 2114 1498 2141 τῶν
1518 2115 1610 2151 κρεῶν
1635 2114 1788 2151 βαλλόμενα
1799 2116 1850 2142 λά-

1049 2168 1118 2194 χανα
1135 2159 1246 2193 ἐσθίειν,
1266 2161 1314 2187 καὶ
1329 2159 1368 2195 μὴ
1386 2159 1525 2188 ὐπείκοιεν
1550 2160 1589 2196 τῷ
1620 2161 1725 2193 κανόνι,
1740 2161 1852 2188 πεπταῶ

1052 2206 1114 2232 σθαι
1125 2206 1222 2238 αὐτοὺς
1235 2206 1285 2241 τῆς
1297 2206 1412 2239 τάξεως.

1088 2255 1134 2288 ιη’.
1150 2253 1184 2280 Οἵ
1196 2261 1268 2285 τινες
1282 2253 1427 2280 ἐπίσκοποι
1450 2254 1666 2286 κατασταθέντες
1683 2253 1730 2281 καὶ
1750 2253 1790 2290 μὴ
1806 2253 1855 2281 δε-

1017 2306 1039 2334 ι)
1053 2299 1164 2334 χθέντες
1179 2308 1206 2328 κ.
1222 2308 1249 2327 τ.
1260 2300 1285 2327 λ.

380 2349 492 2377 Concilii
510 2348 685 2375 Ca'surcensis
697 2355 782 2374 canon
795 2346 820 2373 l.

239 2397 264 2424 1.
281 2397 426 2432 Presbyter
440 2397 461 2424 si
475 2402 587 2423 uxorem
606 2394 731 2427 duxerit,
744 2398 809 2426 etc.,
827 2398 855 2419 ut
866 2400 926 2427 pag.
941 2391 1004 2420 759.

283 2442 565 2471 ConciliiAntioc/teni
580 2449 694 2468 canones
711 2441 736 2473 Ι,
751 2440 778 2473 ὅ,
798 2439 824 2473 4,
838 2439 921 2473 5,15.

241 2491 266 2518 l.
280 2490 383 2518 Omnes
396 2490 442 2525 qui
454 2489 564 2522 audent,
577 2492 642 2521 etc.,
653 2492 682 2514 ut
695 2495 756 2522 pag.
769 2486 831 2514 659.

241 2538 268 2566 5.
286 2537 314 2564 Si
327 2537 389 2572 quis
406 2536 558 2571 presbyter.
573 2535 614 2562 vel
638 2535 782 2566 diaconus,
802 2532 845 2561 vcl
859 2533 922 2568 quis
941 2540 1001 2560 om-

205 2584 271 2611 nino
285 2591 318 2610 ex
337 2582 500 2610 sacerdotali
512 2582 608 2609 ordine
618 2581 711 2609 relicta
724 2588 774 2608 sua
786 2579 926 2615 parochia,
937 2585 1002 2614 etc.,

205 2634 233 2655 ut
246 2637 305 2663 pag.
325 2628 387 2655 658.

242 2674 323 2710 275
344 2674 371 2702 4.
399 2672 427 2701 Si
453 2674 515 2710 quis
532 2674 678 2709 episcopus
697 2681 712 2699 ιι

203 2727 270 2755 etc.,
288 2727 315 2748 ut
332 2720 450 2757 12119.2("
459 2742 465 2748 .

243 2769 271 2797 5.
293 2769 321 2796 Si
348 2768 410 2803 quis
435 2767 577 2803 presbyter
594 2766 634 2794 vel
648 2766 780 2794 diaconus
793 2765 905 2801 proprio
934 2772 1001 2792 con-

206 2818 310 2849 tempto
326 2815 464 2849 episcopo,
482 2814 516 2840 ab
533 2813 654 2840 Ecclesia
671 2812 792 2848 seipsum
808 2811 1002 2848 segregaverit,

203 2866 271 2893 etc.,
294 2866 321 2887 ut
350 2870 411 2896 pug.
446 2861 510 2888 585.

730 2672 836 2708 synodo
847 2672 1000 2708 depositus,

242 2948 264 2964 ⁸³
284 2949 431 2987 Mattli.vt,
451 2952 496 2979 ει.
544 2952 760 2989 ⁸⁸Μιιι1ιέπχιι,
775 2953 821 2980 ‘21.

875 2952 898 2968 ’⁸⁸
910 2952 1006 2988 Apost.
1024 2953 1073 2987 44;
1091 2952 1174 2981 Laod.
1190 2951 1223 2986 5;
1244 2951 1344 2981 Leonis
1360 2952 1376 2980 5
1388 2961 1395 2987 ;
1409 2952 1501 2980 Gclas.
1520 2952 1564 2980 l5.

1212 2347 1347 2375 Συνόδου
1362 2348 1541 2382 Καισαρείας
1558 2347 1660 2375 κανὼν
1671 2351 1707 2375 α’.

1089 2392 1323 2430 α’,Ήρεσϐύτερος
1339 2395 1387 2421 ἐὰν
1398 2396 1486 2432 γήμῃ,
1502 2404 1529 2422 κ.
1549 2404 1574 2422 τ.
1592 2397 1617 2423 λ.

1088 2440 1224 2467 Συνόδου
1250 2441 1433 2475 Ἀντιοχείας
1450 2441 1552 2469 κανὼν
1568 2446 1602 2475 α’,
1614 2446 1650 2477 γ’,
1665 2443 1697 2477 δ’,
1720 2446 1751 2477 ε’,
1766 2447 1816 2478 ιγ’.

1087 2490 1121 2514 α’.
1139 2487 1246 2518 Πάντας
1256 2487 1319 2519 τοὺς
1335 2487 1503 2522 τολμῶντας,
1518 2497 1544 2514 κ.
1562 2498 1588 2515 τ.
1605 2489 1630 2516 λ.

1086 2536 1120 2567 γ’.
1137 2533 1170 2560 El
1181 2541 1222 2565 τις
1238 2533 1437 2569 πρεσϐύτερος,
1449 2534 1466 2569 ἢ
1478 2534 1611 2568 διάκονος,
1625 2535 1640 2571 ῆ
1656 2535 1725 2568 ὅλως
1734 2535 1790 2563 τῶν
1804 2537 1857 2564 τοῦ

1057 2580 1205 2616 ἱερατείου,
1217 2579 1376 2607 καταλιπὼν
1389 2580 1439 2615 τὴν
1454 2581 1553 2608 ἑαυτοῦ
1568 2582 1728 2617 παροικίαν,
1740 2591 1769 2610 κ.
1783 2592 1809 2611 τ.
1825 2585 1854 2612 λ.

1090 2671 1120 2700 δ’.
1128 2672 1363 2704 Εῖτιςὲπίσκοπος
1375 2672 1427 2699 ὑπὸ
1439 2672 1548 2700 συνόδου
1560 2672 1745 2709 καθαιρεθεὶς,
1755 2682 1784 2701 κ.
1793 2674 1856 2702 τ.λ.

1089 2764 1119 2792 ε’.
1137 2765 1170 2792 Εἴ
1183 2774 1225 2797 τις
1245 2765 1431 2801 πρεσϐύτερος
1446 2765 1462 2801 ἢ
1475 2766 1609 2798 διάκονος,
1636 2768 1858 2803 καταφρονήσας

1056 2810 1103 2837 τοῦ
1117 2811 1183 2838 ἰδίου
1201 2812 1362 2844 ἐπισκόπου,
1378 2811 1516 2848 ἀφώρισεν
1542 2813 1638 2840 ἑαυτὸν
1663 2813 1714 2848 τῆς
1736 2815 1860 2851 Ἐκκλη-

1058 2858 1128 2890 σίας,
1144 2867 1171 2885 κ.
1187 2867 1213 2884 τ.
1234 2857 1259 2885 λ.

1623 2952 1646 2968 ⁸⁸
1661 2951 1733 2980 Psal.
1752 2959 1809 2986 xlv,
1828 2951 1858 2978 5.
