  <div class='ocr_page' id='page_1' title='image "/cluster/home/n/w/nwhite01/storage/ocr_20150623/104/njp.32101077772885/382.png"; bbox 0 0 1954 3080; ppageno 0'>
   <div class='ocr_carea' id='block_1_1' title="bbox 106 192 178 225">
    <p class='ocr_par' dir='ltr' id='par_1_1' title="bbox 106 192 178 225">
     <span class='ocr_line' id='line_1_1' title="bbox 106 192 178 225; baseline -0.028 0"><span class='ocrx_word' id='word_1_1' title='bbox 106 203 111 207; x_wconf 79' lang='grc'><strong>’</strong></span> <span class='ocrx_word' id='word_1_2' title='bbox 124 192 178 225; x_wconf 71' lang='grc'><strong>749</strong></span> 
     </span>
    </p>
   </div>
   <div class='ocr_carea' id='block_1_2' title="bbox 127 249 752 286">
    <p class='ocr_par' dir='ltr' id='par_1_2' title="bbox 127 249 752 286">
     <span class='ocr_line' id='line_1_2' title="bbox 127 249 752 286; baseline -0.008 -7"><span class='ocrx_word' id='word_1_3' title='bbox 127 279 135 286; x_wconf 81' lang='lat'><strong><em>_</em></strong></span> <span class='ocrx_word' id='word_1_4' title='bbox 162 249 208 285; x_wconf 87' lang='grc' dir='ltr'>ιγ’.</span> <span class='ocrx_word' id='word_1_5' title='bbox 227 249 339 286; x_wconf 82' lang='grc' dir='ltr'><strong>Μηδένα</strong></span> <span class='ocrx_word' id='word_1_6' title='bbox 352 249 502 278; x_wconf 77' lang='grc' dir='ltr'>ἐπίσκοπον</span> <span class='ocrx_word' id='word_1_7' title='bbox 511 249 626 285; x_wconf 80' lang='grc' dir='ltr'><strong>τολμᾷν,</strong></span> <span class='ocrx_word' id='word_1_8' title='bbox 640 258 666 276; x_wconf 87' lang='grc' dir='ltr'><strong>κ.</strong></span> <span class='ocrx_word' id='word_1_9' title='bbox 683 258 710 277; x_wconf 88' lang='grc' dir='ltr'><strong>τ.</strong></span> <span class='ocrx_word' id='word_1_10' title='bbox 727 249 752 275; x_wconf 88' lang='grc' dir='ltr'><strong>λ.</strong></span> 
     </span>
    </p>
   </div>
   <div class='ocr_carea' id='block_1_3' title="bbox 290 295 770 331">
    <p class='ocr_par' dir='ltr' id='par_1_3' title="bbox 290 295 770 331">
     <span class='ocr_line' id='line_1_3' title="bbox 290 295 770 331; baseline -0.006 -6"><span class='ocrx_word' id='word_1_11' title='bbox 290 296 427 325; x_wconf 82' lang='grc' dir='ltr'>Συνόδου</span> <span class='ocrx_word' id='word_1_12' title='bbox 458 295 588 331; x_wconf 71' lang='grc' dir='ltr'>Ἐφέσου</span> <span class='ocrx_word' id='word_1_13' title='bbox 612 295 714 323; x_wconf 78' lang='grc' dir='ltr'>κανὼν</span> <span class='ocrx_word' id='word_1_14' title='bbox 737 295 770 329; x_wconf 72' lang='grc' dir='ltr'>βὀ</span> 
     </span>
    </p>
   </div>
   <div class='ocr_carea' id='block_1_4' title="bbox 163 340 923 379">
    <p class='ocr_par' dir='ltr' id='par_1_4' title="bbox 163 340 923 379">
     <span class='ocr_line' id='line_1_4' title="bbox 163 340 923 379; baseline -0.004 -9"><span class='ocrx_word' id='word_1_15' title='bbox 163 343 197 379; x_wconf 83' lang='grc' dir='ltr'>β’.</span> <span class='ocrx_word' id='word_1_16' title='bbox 211 344 246 370; x_wconf 70' lang='lat' dir='ltr'><strong>EI</strong></span> <span class='ocrx_word' id='word_1_17' title='bbox 257 352 329 375; x_wconf 87' lang='grc' dir='ltr'>τινες</span> <span class='ocrx_word' id='word_1_18' title='bbox 346 343 522 379; x_wconf 76' lang='grc' dir='ltr'>ὲπαρχεῶται</span> <span class='ocrx_word' id='word_1_19' title='bbox 537 342 682 369; x_wconf 80' lang='grc' dir='ltr'>ἐπίσκοποι</span> <span class='ocrx_word' id='word_1_20' title='bbox 695 362 702 375; x_wconf 92' lang='grc'><strong>,</strong></span> <span class='ocrx_word' id='word_1_21' title='bbox 717 340 923 376; x_wconf 75' lang='grc' dir='ltr'><strong>ἀπελείφθησαν</strong></span> 
     </span>
    </p>
   </div>
   <div class='ocr_carea' id='block_1_5' title="bbox 125 389 922 428">
    <p class='ocr_par' dir='ltr' id='par_1_5' title="bbox 125 389 922 428">
     <span class='ocr_line' id='line_1_5' title="bbox 125 389 922 428; baseline -0.005 -10"><span class='ocrx_word' id='word_1_22' title='bbox 125 392 175 428; x_wconf 84' lang='grc' dir='ltr'>τῆς</span> <span class='ocrx_word' id='word_1_23' title='bbox 189 391 271 425; x_wconf 82' lang='grc' dir='ltr'><strong>ἁγίας</strong></span> <span class='ocrx_word' id='word_1_24' title='bbox 287 390 407 423; x_wconf 79' lang='grc' dir='ltr'><strong>συνόδου,</strong></span> <span class='ocrx_word' id='word_1_25' title='bbox 423 390 471 416; x_wconf 69' lang='grc' dir='ltr'><strong>καὶ</strong></span> <span class='ocrx_word' id='word_1_26' title='bbox 487 391 521 425; x_wconf 81' lang='grc' dir='ltr'>τῇ</span> <span class='ocrx_word' id='word_1_27' title='bbox 533 389 687 425; x_wconf 75' lang='grc' dir='ltr'>ἀποστασία</span> <span class='ocrx_word' id='word_1_28' title='bbox 704 389 922 424; x_wconf 80' lang='grc' dir='ltr'><strong>προσετέθησαν,</strong></span> 
     </span>
    </p>
   </div>
   <div class='ocr_carea' id='block_1_6' title="bbox 125 435 922 474">
    <p class='ocr_par' dir='ltr' id='par_1_6' title="bbox 125 435 922 474">
     <span class='ocr_line' id='line_1_6' title="bbox 125 435 922 474; baseline -0.005 -10"><span class='ocrx_word' id='word_1_29' title='bbox 125 439 143 474; x_wconf 75' lang='grc' dir='ltr'>ἢ</span> <span class='ocrx_word' id='word_1_30' title='bbox 158 437 344 473; x_wconf 79' lang='grc' dir='ltr'><strong>προστεθῆναι</strong></span> <span class='ocrx_word' id='word_1_31' title='bbox 355 437 513 472; x_wconf 81' lang='grc' dir='ltr'><strong>πειραθεῖεν</strong></span> <span class='ocrx_word' id='word_1_32' title='bbox 530 457 537 469; x_wconf 86' lang='grc'><strong>,</strong></span> <span class='ocrx_word' id='word_1_33' title='bbox 553 436 570 470; x_wconf 83' lang='grc' dir='ltr'><strong>ἢ</strong></span> <span class='ocrx_word' id='word_1_34' title='bbox 591 436 638 462; x_wconf 64' lang='grc' dir='ltr'><strong>καὶ¹</strong></span> <span class='ocrx_word' id='word_1_35' title='bbox 653 435 862 471; x_wconf 80' lang='grc' dir='ltr'>ὑπογράψαντες</span> <span class='ocrx_word' id='word_1_36' title='bbox 889 435 922 470; x_wconf 84' lang='grc' dir='ltr'>τῇ</span> 
     </span>
    </p>
   </div>
   <div class='ocr_carea' id='block_1_7' title="bbox 125 482 923 526">
    <p class='ocr_par' dir='ltr' id='par_1_7' title="bbox 125 482 923 526">
     <span class='ocr_line' id='line_1_7' title="bbox 125 482 923 526; baseline -0.006 -13"><span class='ocrx_word' id='word_1_37' title='bbox 125 485 275 520; x_wconf 83' lang='grc' dir='ltr'>Νεστορίου</span> <span class='ocrx_word' id='word_1_38' title='bbox 292 484 456 520; x_wconf 77' lang='grc' dir='ltr'><strong>καθαιρέσει</strong></span> <span class='ocrx_word' id='word_1_39' title='bbox 471 484 718 526; x_wconf 63' lang='grc' dir='ltr'><strong>⁸ἐπιιλινδρόμησαν</strong></span> <span class='ocrx_word' id='word_1_40' title='bbox 737 483 806 518; x_wconf 73' lang='grc' dir='ltr'>πρὸς</span> <span class='ocrx_word' id='word_1_41' title='bbox 829 483 860 509; x_wconf 81' lang='grc' dir='ltr'>τὸ</span> <span class='ocrx_word' id='word_1_42' title='bbox 872 482 923 517; x_wconf 81' lang='grc' dir='ltr'>τῆς</span> 
     </span>
    </p>
   </div>
   <div class='ocr_carea' id='block_1_8' title="bbox 125 527 922 564">
    <p class='ocr_par' dir='ltr' id='par_1_8' title="bbox 125 527 922 564">
     <span class='ocr_line' id='line_1_8' title="bbox 125 527 922 564; baseline -0.004 -7"><span class='ocrx_word' id='word_1_43' title='bbox 125 530 297 562; x_wconf 87' lang='grc' dir='ltr'>ἀποστασίας</span> <span class='ocrx_word' id='word_1_44' title='bbox 313 529 462 564; x_wconf 88' lang='grc' dir='ltr'>συνέδριον,</span> <span class='ocrx_word' id='word_1_45' title='bbox 482 529 595 561; x_wconf 77' lang='grc' dir='ltr'><strong>τούτους</strong></span> <span class='ocrx_word' id='word_1_46' title='bbox 609 529 698 564; x_wconf 80' lang='grc' dir='ltr'>πάντη</span> <span class='ocrx_word' id='word_1_47' title='bbox 714 528 786 555; x_wconf 81' lang='grc' dir='ltr'>κατὰ</span> <span class='ocrx_word' id='word_1_48' title='bbox 800 527 830 555; x_wconf 84' lang='grc' dir='ltr'>τὸ</span> <span class='ocrx_word' id='word_1_49' title='bbox 842 527 922 560; x_wconf 82' lang='grc' dir='ltr'>δόξαν</span> 
     </span>
    </p>
   </div>
   <div class='ocr_carea' id='block_1_9' title="bbox 125 573 923 612">
    <p class='ocr_par' dir='ltr' id='par_1_9' title="bbox 125 573 923 612">
     <span class='ocr_line' id='line_1_9' title="bbox 125 573 923 612; baseline -0.004 -8"><span class='ocrx_word' id='word_1_50' title='bbox 125 578 159 612; x_wconf 80' lang='grc' dir='ltr'><strong>τῇ</strong></span> <span class='ocrx_word' id='word_1_51' title='bbox 176 576 243 612; x_wconf 80' lang='grc' dir='ltr'>ἁγίᾳ</span> <span class='ocrx_word' id='word_1_52' title='bbox 259 575 372 611; x_wconf 80' lang='grc' dir='ltr'><strong>συνόδῳ,</strong></span> <span class='ocrx_word' id='word_1_53' title='bbox 382 575 540 611; x_wconf 80' lang='grc' dir='ltr'>ἀλλοτρίους</span> <span class='ocrx_word' id='word_1_54' title='bbox 556 573 626 602; x_wconf 80' lang='grc' dir='ltr'>εἶναι</span> <span class='ocrx_word' id='word_1_55' title='bbox 641 575 691 610; x_wconf 83' lang='grc' dir='ltr'>τῆς</span> <span class='ocrx_word' id='word_1_56' title='bbox 708 574 858 610; x_wconf 80' lang='grc' dir='ltr'><strong>ἱερωσύνης</strong></span> <span class='ocrx_word' id='word_1_57' title='bbox 874 574 923 601; x_wconf 74' lang='grc' dir='ltr'>καὶ</span> 
     </span>
    </p>
   </div>
   <div class='ocr_carea' id='block_1_10' title="bbox 125 622 836 658">
    <p class='ocr_par' dir='ltr' id='par_1_10' title="bbox 125 622 836 658">
     <span class='ocr_line' id='line_1_10' title="bbox 125 622 836 658; baseline 0 -8"><span class='ocrx_word' id='word_1_58' title='bbox 125 623 172 651; x_wconf 83' lang='grc' dir='ltr'><strong>τοῦ</strong></span> <span class='ocrx_word' id='word_1_59' title='bbox 189 622 293 658; x_wconf 84' lang='grc' dir='ltr'>βαθμοῦ</span> <span class='ocrx_word' id='word_1_60' title='bbox 309 622 504 654; x_wconf 76' lang='grc' dir='ltr'>ἐκπίπτοντας.</span> <span class='ocrx_word' id='word_1_61' title='bbox 827 625 836 631; x_wconf 79' lang='lat'>&#39;</span> 
     </span>
    </p>
   </div>
   <div class='ocr_carea' id='block_1_11' title="bbox 204 667 851 704">
    <p class='ocr_par' dir='ltr' id='par_1_11' title="bbox 204 667 851 704">
     <span class='ocr_line' id='line_1_11' title="bbox 204 667 851 704; baseline -0.003 -8"><span class='ocrx_word' id='word_1_62' title='bbox 204 668 342 696; x_wconf 81' lang='grc' dir='ltr'><strong>Συνόὸου</strong></span> <span class='ocrx_word' id='word_1_63' title='bbox 355 668 552 702; x_wconf 78' lang='grc' dir='ltr'>Χαλκηδόνος</span> <span class='ocrx_word' id='word_1_64' title='bbox 568 667 671 695; x_wconf 81' lang='grc' dir='ltr'>κανὼν</span> <span class='ocrx_word' id='word_1_65' title='bbox 684 667 717 704; x_wconf 83' lang='grc' dir='ltr'><strong>β’,</strong></span> <span class='ocrx_word' id='word_1_66' title='bbox 739 670 786 703; x_wconf 87' lang='grc' dir='ltr'>ιη’,</span> <span class='ocrx_word' id='word_1_67' title='bbox 798 667 851 700; x_wconf 75' lang='grc' dir='ltr'>κζ’.</span> 
     </span>
    </p>
   </div>
   <div class='ocr_carea' id='block_1_12' title="bbox 163 715 926 752">
    <p class='ocr_par' dir='ltr' id='par_1_12' title="bbox 163 715 926 752">
     <span class='ocr_line' id='line_1_12' title="bbox 163 715 926 752; baseline -0.005 -8"><span class='ocrx_word' id='word_1_68' title='bbox 163 716 196 752; x_wconf 90' lang='grc' dir='ltr'><strong>β’.</strong></span> <span class='ocrx_word' id='word_1_69' title='bbox 213 715 247 743; x_wconf 84' lang='lat' dir='ltr'><strong>El&#39;</strong></span> <span class='ocrx_word' id='word_1_70' title='bbox 258 724 300 747; x_wconf 84' lang='grc' dir='ltr'><strong>τις</strong></span> <span class='ocrx_word' id='word_1_71' title='bbox 307 715 459 747; x_wconf 83' lang='grc' dir='ltr'>ἐπίσκοπος</span> <span class='ocrx_word' id='word_1_72' title='bbox 468 715 516 742; x_wconf 69' lang='grc' dir='ltr'><strong>ἐπὶ</strong></span> <span class='ocrx_word' id='word_1_73' title='bbox 529 716 582 751; x_wconf 85' lang='grc' dir='ltr'>χρή</span> <span class='ocrx_word' id='word_1_74' title='bbox 588 723 654 751; x_wconf 85' lang='grc' dir='ltr'>μασι</span> <span class='ocrx_word' id='word_1_75' title='bbox 663 715 834 750; x_wconf 80' lang='grc' dir='ltr'>χειροτονίαν</span> <span class='ocrx_word' id='word_1_76' title='bbox 849 715 926 749; x_wconf 87' lang='grc' dir='ltr'>ποιή-</span> 
     </span>
    </p>
   </div>
   <div class='ocr_carea' id='block_1_13' title="bbox 127 761 340 796">
    <p class='ocr_par' dir='ltr' id='par_1_13' title="bbox 127 761 340 796">
     <span class='ocr_line' id='line_1_13' title="bbox 127 761 340 796; baseline -0.019 -4"><span class='ocrx_word' id='word_1_77' title='bbox 127 772 215 796; x_wconf 83' lang='grc' dir='ltr'>σαιτο,</span> <span class='ocrx_word' id='word_1_78' title='bbox 231 771 258 790; x_wconf 87' lang='grc' dir='ltr'><strong>κ.</strong></span> <span class='ocrx_word' id='word_1_79' title='bbox 274 771 300 789; x_wconf 92' lang='grc' dir='ltr'>τ.</span> <span class='ocrx_word' id='word_1_80' title='bbox 315 761 340 788; x_wconf 90' lang='grc' dir='ltr'><strong>λ.</strong></span> 
     </span>
    </p>
   </div>
   <div class='ocr_carea' id='block_1_14' title="bbox 163 807 925 844">
    <p class='ocr_par' dir='ltr' id='par_1_14' title="bbox 163 807 925 844">
     <span class='ocr_line' id='line_1_14' title="bbox 163 807 925 844; baseline -0.005 -7"><span class='ocrx_word' id='word_1_81' title='bbox 163 809 208 844; x_wconf 84' lang='grc' dir='ltr'>ιη’.</span> <span class='ocrx_word' id='word_1_82' title='bbox 227 809 264 836; x_wconf 83' lang='grc' dir='ltr'><strong>Τὸ</strong></span> <span class='ocrx_word' id='word_1_83' title='bbox 279 809 328 844; x_wconf 87' lang='grc' dir='ltr'>τῆς</span> <span class='ocrx_word' id='word_1_84' title='bbox 344 808 517 844; x_wconf 79' lang='grc' dir='ltr'>συνωμοσίας</span> <span class='ocrx_word' id='word_1_85' title='bbox 545 807 562 843; x_wconf 81' lang='grc' dir='ltr'><strong>ἢ</strong></span> <span class='ocrx_word' id='word_1_86' title='bbox 579 808 695 843; x_wconf 79' lang='grc' dir='ltr'>φατρίας</span> <span class='ocrx_word' id='word_1_87' title='bbox 707 807 845 842; x_wconf 73' lang='grc' dir='ltr'>ἔγκλημα..</span> <span class='ocrx_word' id='word_1_88' title='bbox 875 807 925 834; x_wconf 72' lang='grc' dir='ltr'>καὶ</span> 
     </span>
    </p>
   </div>
   <div class='ocr_carea' id='block_1_15' title="bbox 128 853 925 891">
    <p class='ocr_par' dir='ltr' id='par_1_15' title="bbox 128 853 925 891">
     <span class='ocr_line' id='line_1_15' title="bbox 128 853 925 891; baseline -0.004 -8"><span class='ocrx_word' id='word_1_89' title='bbox 128 855 204 891; x_wconf 73' lang='grc' dir='ltr'>παρὰ</span> <span class='ocrx_word' id='word_1_90' title='bbox 220 856 273 882; x_wconf 86' lang='grc' dir='ltr'>τῶν</span> <span class='ocrx_word' id='word_1_91' title='bbox 291 855 344 888; x_wconf 71' lang='grc' dir='ltr'><strong>ἔξω</strong></span> <span class='ocrx_word' id='word_1_92' title='bbox 369 855 459 890; x_wconf 85' lang='grc' dir='ltr'>νόμων</span> <span class='ocrx_word' id='word_1_93' title='bbox 476 854 565 889; x_wconf 80' lang='grc' dir='ltr'>πάντη</span> <span class='ocrx_word' id='word_1_94' title='bbox 586 853 752 886; x_wconf 76' lang='grc' dir='ltr'>κεκώλυται,</span> <span class='ocrx_word' id='word_1_95' title='bbox 783 853 874 889; x_wconf 82' lang='grc' dir='ltr'>πολλῷ</span> <span class='ocrx_word' id='word_1_96' title='bbox 892 853 925 889; x_wconf 87' lang='grc' dir='ltr'>δὴ</span> 
     </span>
    </p>
   </div>
   <div class='ocr_carea' id='block_1_16' title="bbox 520 190 1338 228">
    <p class='ocr_par' dir='ltr' id='par_1_16' title="bbox 520 190 1338 228">
     <span class='ocr_line' id='line_1_16' title="bbox 520 190 1338 228; baseline 0 -7"><span class='ocrx_word' id='word_1_97' title='bbox 520 191 721 222; x_wconf 77' lang='lat' dir='ltr'><strong>SYNTAGMA</strong></span> <span class='ocrx_word' id='word_1_98' title='bbox 741 191 937 222; x_wconf 80' lang='lat' dir='ltr'><strong>CANONUM.</strong></span> <span class='ocrx_word' id='word_1_99' title='bbox 951 191 1066 222; x_wconf 81' lang='lat' dir='ltr'><strong>-TlT.</strong></span> <span class='ocrx_word' id='word_1_100' title='bbox 1087 190 1140 228; x_wconf 79' lang='lat' dir='ltr'><strong>IX,</strong></span> <span class='ocrx_word' id='word_1_101' title='bbox 1161 191 1240 221; x_wconf 80' lang='lat' dir='ltr'><strong>CAP.</strong></span> <span class='ocrx_word' id='word_1_102' title='bbox 1259 191 1338 222; x_wconf 79' lang='lat' dir='ltr'><strong>XIV.</strong></span> 
     </span>
    </p>
   </div>
   <div class='ocr_carea' id='block_1_17' title="bbox 935 246 1733 283">
    <p class='ocr_par' dir='ltr' id='par_1_17' title="bbox 935 246 1733 283">
     <span class='ocr_line' id='line_1_17' title="bbox 935 246 1733 283; baseline 0.003 -9"><span class='ocrx_word' id='word_1_103' title='bbox 935 253 957 279; x_wconf 73' lang='grc' dir='ltr'>Α</span> <span class='ocrx_word' id='word_1_104' title='bbox 1008 248 1051 275; x_wconf 79' lang='grc'><strong>15.</strong></span> <span class='ocrx_word' id='word_1_105' title='bbox 1071 246 1168 275; x_wconf 86' lang='lat' dir='ltr'><strong>Nullus</strong></span> <span class='ocrx_word' id='word_1_106' title='bbox 1183 247 1329 282; x_wconf 85' lang='lat' dir='ltr'><strong>episcopus</strong></span> <span class='ocrx_word' id='word_1_107' title='bbox 1341 247 1450 281; x_wconf 98' lang='lat' dir='ltr'><strong>audeat,</strong></span> <span class='ocrx_word' id='word_1_108' title='bbox 1464 252 1530 281; x_wconf 88' lang='lat' dir='ltr'><strong>ete.,</strong></span> <span class='ocrx_word' id='word_1_109' title='bbox 1544 252 1573 275; x_wconf 78' lang='lat' dir='ltr'><strong>ut</strong></span> <span class='ocrx_word' id='word_1_110' title='bbox 1592 255 1655 283; x_wconf 82' lang='lat' dir='ltr'><strong>pag.</strong></span> <span class='ocrx_word' id='word_1_111' title='bbox 1668 247 1733 276; x_wconf 64' lang='lat'><strong>475.</strong></span> 
     </span>
    </p>
   </div>
   <div class='ocr_carea' id='block_1_18' title="bbox 1715 193 1768 225">
    <p class='ocr_par' dir='ltr' id='par_1_18' title="bbox 1715 193 1768 225">
     <span class='ocr_line' id='line_1_18' title="bbox 1715 193 1768 225; baseline 0.019 -1"><span class='ocrx_word' id='word_1_112' title='bbox 1715 193 1768 225; x_wconf 81' lang='lat'><strong>750</strong></span> 
     </span>
    </p>
   </div>
   <div class='ocr_carea' id='block_1_19' title="bbox 1177 293 1563 327">
    <p class='ocr_par' dir='ltr' id='par_1_19' title="bbox 1177 293 1563 327">
     <span class='ocr_line' id='line_1_19' title="bbox 1177 293 1563 327; baseline 0.003 -7"><span class='ocrx_word' id='word_1_113' title='bbox 1177 293 1291 321; x_wconf 79' lang='lat' dir='ltr'><strong>Canct&#39;lii</strong></span> <span class='ocrx_word' id='word_1_114' title='bbox 1304 294 1431 327; x_wconf 74' lang='lat' dir='ltr'><strong>Epltexim&#39;</strong></span> <span class='ocrx_word' id='word_1_115' title='bbox 1439 303 1523 322; x_wconf 85' lang='lat' dir='ltr'><strong>canon</strong></span> <span class='ocrx_word' id='word_1_116' title='bbox 1535 294 1563 321; x_wconf 72' lang='lat'><strong>2.</strong></span> 
     </span>
    </p>
   </div>
   <div class='ocr_carea' id='block_1_20' title="bbox 1009 340 1769 376">
    <p class='ocr_par' dir='ltr' id='par_1_20' title="bbox 1009 340 1769 376">
     <span class='ocr_line' id='line_1_20' title="bbox 1009 340 1769 376; baseline 0 -9"><span class='ocrx_word' id='word_1_117' title='bbox 1009 340 1037 367; x_wconf 68' lang='lat'><strong>2.</strong></span> <span class='ocrx_word' id='word_1_118' title='bbox 1056 340 1085 367; x_wconf 99' lang='lat' dir='ltr'><strong>Si</strong></span> <span class='ocrx_word' id='word_1_119' title='bbox 1119 340 1165 375; x_wconf 87' lang='lat' dir='ltr'><strong>qui</strong></span> <span class='ocrx_word' id='word_1_120' title='bbox 1188 345 1279 367; x_wconf 84' lang='lat' dir='ltr'><strong>autent</strong></span> <span class='ocrx_word' id='word_1_121' title='bbox 1295 341 1491 376; x_wconf 68' lang='lat' dir='ltr'><strong>{provinciales</strong></span> <span class='ocrx_word' id='word_1_122' title='bbox 1507 340 1626 375; x_wconf 82' lang='lat' dir='ltr'><strong>episcopi</strong></span> <span class='ocrx_word' id='word_1_123' title='bbox 1641 347 1655 368; x_wconf 75' lang='grc' dir='ltr'><strong>ο</strong></span> <span class='ocrx_word' id='word_1_124' title='bbox 1672 343 1769 368; x_wconf 84' lang='lat' dir='ltr'><strong>sancta</strong></span> 
     </span>
    </p>
   </div>
   <div class='ocr_carea' id='block_1_21' title="bbox 975 384 1771 420">
    <p class='ocr_par' dir='ltr' id='par_1_21' title="bbox 975 384 1771 420">
     <span class='ocr_line' id='line_1_21' title="bbox 975 384 1771 420; baseline -0.003 -8"><span class='ocrx_word' id='word_1_125' title='bbox 975 385 1080 420; x_wconf 89' lang='lat' dir='ltr'><strong>synodo</strong></span> <span class='ocrx_word' id='word_1_126' title='bbox 1098 384 1254 417; x_wconf 79' lang='lat' dir='ltr'><strong>abl&#39;uerint,</strong></span> <span class='ocrx_word' id='word_1_127' title='bbox 1272 390 1299 411; x_wconf 92' lang='lat' dir='ltr'><strong>et</strong></span> <span class='ocrx_word' id='word_1_128' title='bbox 1315 384 1508 412; x_wconf 81' lang='lat' dir='ltr'><strong>deﬁcientibus</strong></span> <span class='ocrx_word' id='word_1_129' title='bbox 1525 384 1688 412; x_wconf 75' lang='lat' dir='ltr'><strong>adhaeserinl</strong></span> <span class='ocrx_word' id='word_1_130' title='bbox 1699 403 1706 416; x_wconf 88' lang='lat'><strong>,</strong></span> <span class='ocrx_word' id='word_1_131' title='bbox 1723 388 1771 410; x_wconf 82' lang='lat' dir='ltr'><strong>aut</strong></span> 
     </span>
    </p>
   </div>
   <div class='ocr_carea' id='block_1_22' title="bbox 975 429 1771 464">
    <p class='ocr_par' dir='ltr' id='par_1_22' title="bbox 975 429 1771 464">
     <span class='ocr_line' id='line_1_22' title="bbox 975 429 1771 464; baseline -0.003 -7"><span class='ocrx_word' id='word_1_132' title='bbox 975 430 1116 457; x_wconf 71' lang='lat' dir='ltr'><strong>adhaerere</strong></span> <span class='ocrx_word' id='word_1_133' title='bbox 1133 429 1310 460; x_wconf 85' lang='lat' dir='ltr'><strong>tcnlaverinl,</strong></span> <span class='ocrx_word' id='word_1_134' title='bbox 1327 430 1368 456; x_wconf 91' lang='lat' dir='ltr'><strong>vel</strong></span> <span class='ocrx_word' id='word_1_135' title='bbox 1385 429 1468 457; x_wconf 83' lang='lat' dir='ltr'><strong>etiam</strong></span> <span class='ocrx_word' id='word_1_136' title='bbox 1484 434 1628 464; x_wconf 79' lang='lat' dir='ltr'><strong>postquam</strong></span> <span class='ocrx_word' id='word_1_137' title='bbox 1646 429 1771 457; x_wconf 87' lang='lat' dir='ltr'><strong>subscri-</strong></span> 
     </span>
    </p>
   </div>
   <div class='ocr_carea' id='block_1_23' title="bbox 975 473 1771 512">
    <p class='ocr_par' dir='ltr' id='par_1_23' title="bbox 975 473 1771 512">
     <span class='ocr_line' id='line_1_23' title="bbox 975 473 1771 512; baseline 0 -10"><span class='ocrx_word' id='word_1_138' title='bbox 975 479 1090 512; x_wconf 87' lang='lat' dir='ltr'><strong>pserunt</strong></span> <span class='ocrx_word' id='word_1_139' title='bbox 1103 474 1224 502; x_wconf 71' lang='lat' dir='ltr'><strong>Nestor-ii</strong></span> <span class='ocrx_word' id='word_1_140' title='bbox 1240 475 1406 510; x_wconf 88' lang='lat' dir='ltr'><strong>depositioni</strong></span> <span class='ocrx_word' id='word_1_141' title='bbox 1420 495 1427 507; x_wconf 92' lang='lat'><strong>,</strong></span> <span class='ocrx_word' id='word_1_142' title='bbox 1443 483 1541 503; x_wconf 85' lang='lat' dir='ltr'><strong>rursus</strong></span> <span class='ocrx_word' id='word_1_143' title='bbox 1558 475 1592 502; x_wconf 87' lang='lat' dir='ltr'><strong>ad</strong></span> <span class='ocrx_word' id='word_1_144' title='bbox 1609 473 1771 502; x_wconf 80' lang='lat' dir='ltr'><strong>defectionis</strong></span> 
     </span>
    </p>
   </div>
   <div class='ocr_carea' id='block_1_24' title="bbox 974 521 1772 558">
    <p class='ocr_par' dir='ltr' id='par_1_24' title="bbox 974 521 1772 558">
     <span class='ocr_line' id='line_1_24' title="bbox 974 521 1772 558; baseline -0.004 -7"><span class='ocrx_word' id='word_1_145' title='bbox 974 530 1138 551; x_wconf 82' lang='lat' dir='ltr'><strong>consessum</strong></span> <span class='ocrx_word' id='word_1_146' title='bbox 1150 526 1335 554; x_wconf 87' lang='lat' dir='ltr'><strong>recurrerunt,</strong></span> <span class='ocrx_word' id='word_1_147' title='bbox 1360 523 1428 550; x_wconf 77' lang='lat' dir='ltr'><strong>istos</strong></span> <span class='ocrx_word' id='word_1_148' title='bbox 1440 522 1541 556; x_wconf 76' lang='lat' dir='ltr'><strong>placuit</strong></span> <span class='ocrx_word' id='word_1_149' title='bbox 1555 525 1658 549; x_wconf 79' lang='lat' dir='ltr'><strong>sanctae</strong></span> <span class='ocrx_word' id='word_1_150' title='bbox 1667 521 1772 558; x_wconf 81' lang='lat' dir='ltr'><strong>synodo</strong></span> 
     </span>
    </p>
   </div>
   <div class='ocr_carea' id='block_1_25' title="bbox 975 567 1772 604">
    <p class='ocr_par' dir='ltr' id='par_1_25' title="bbox 975 567 1772 604">
     <span class='ocr_line' id='line_1_25' title="bbox 975 567 1772 604; baseline -0.001 -9"><span class='ocrx_word' id='word_1_151' title='bbox 975 568 1086 604; x_wconf 84' lang='lat' dir='ltr'><strong>penitus</strong></span> <span class='ocrx_word' id='word_1_152' title='bbox 1106 568 1211 595; x_wconf 88' lang='lat' dir='ltr'><strong>alienos</strong></span> <span class='ocrx_word' id='word_1_153' title='bbox 1233 575 1295 595; x_wconf 90' lang='lat' dir='ltr'><strong>esse</strong></span> <span class='ocrx_word' id='word_1_154' title='bbox 1315 568 1487 601; x_wconf 82' lang='lat' dir='ltr'><strong>sacerdotio,</strong></span> <span class='ocrx_word' id='word_1_155' title='bbox 1509 572 1537 596; x_wconf 89' lang='lat' dir='ltr'><strong>et</strong></span> <span class='ocrx_word' id='word_1_156' title='bbox 1555 575 1570 594; x_wconf 90' lang='lat' dir='ltr'><strong>a</strong></span> <span class='ocrx_word' id='word_1_157' title='bbox 1591 568 1676 603; x_wconf 83' lang='lat' dir='ltr'><strong>gradu</strong></span> <span class='ocrx_word' id='word_1_158' title='bbox 1699 567 1772 596; x_wconf 87' lang='lat' dir='ltr'><strong>ceci-</strong></span> 
     </span>
    </p>
   </div>
   <div class='ocr_carea' id='block_1_26' title="bbox 975 614 1060 642">
    <p class='ocr_par' dir='ltr' id='par_1_26' title="bbox 975 614 1060 642">
     <span class='ocr_line' id='line_1_26' title="bbox 975 614 1060 642; baseline -0.024 0"><span class='ocrx_word' id='word_1_159' title='bbox 975 614 1060 642; x_wconf 80' lang='lat' dir='ltr'><strong>disse.</strong></span> 
     </span>
    </p>
   </div>
   <div class='ocr_carea' id='block_1_27' title="bbox 1013 658 1698 690">
    <p class='ocr_par' dir='ltr' id='par_1_27' title="bbox 1013 658 1698 690">
     <span class='ocr_line' id='line_1_27' title="bbox 1013 658 1698 690; baseline -0.003 -4"><span class='ocrx_word' id='word_1_160' title='bbox 1013 659 1128 687; x_wconf 86' lang='lat' dir='ltr'><strong>Concilii</strong></span> <span class='ocrx_word' id='word_1_161' title='bbox 1151 658 1371 687; x_wconf 72' lang='lat' dir='ltr'><strong>Chalcedonensis</strong></span> <span class='ocrx_word' id='word_1_162' title='bbox 1398 667 1509 686; x_wconf 83' lang='lat' dir='ltr'><strong>canones</strong></span> <span class='ocrx_word' id='word_1_163' title='bbox 1532 659 1567 689; x_wconf 76' lang='lat'><strong>2.</strong></span> <span class='ocrx_word' id='word_1_164' title='bbox 1588 658 1698 690; x_wconf 72' lang='lat'><strong>18,27.</strong></span> 
     </span>
    </p>
   </div>
   <div class='ocr_carea' id='block_1_28' title="bbox 1011 707 1767 743">
    <p class='ocr_par' dir='ltr' id='par_1_28' title="bbox 1011 707 1767 743">
     <span class='ocr_line' id='line_1_28' title="bbox 1011 707 1767 743; baseline 0 -8"><span class='ocrx_word' id='word_1_165' title='bbox 1011 709 1040 735; x_wconf 72' lang='lat'><strong>2.</strong></span> <span class='ocrx_word' id='word_1_166' title='bbox 1059 708 1089 735; x_wconf 90' lang='lat' dir='ltr'><strong>Si</strong></span> <span class='ocrx_word' id='word_1_167' title='bbox 1113 708 1176 743; x_wconf 88' lang='lat' dir='ltr'><strong>quis</strong></span> <span class='ocrx_word' id='word_1_168' title='bbox 1208 708 1356 742; x_wconf 79' lang='lat' dir='ltr'><strong>episcopus</strong></span> <span class='ocrx_word' id='word_1_169' title='bbox 1380 713 1489 742; x_wconf 74' lang='lat' dir='ltr'><strong>propter</strong></span> <span class='ocrx_word' id='word_1_170' title='bbox 1505 708 1637 742; x_wconf 71' lang='lat' dir='ltr'><strong>pecunias</strong></span> <span class='ocrx_word' id='word_1_171' title='bbox 1652 707 1767 735; x_wconf 79' lang='lat' dir='ltr'><strong>ordina—</strong></span> 
     </span>
    </p>
   </div>
   <div class='ocr_carea' id='block_1_29' title="bbox 976 754 1488 789">
    <p class='ocr_par' dir='ltr' id='par_1_29' title="bbox 976 754 1488 789">
     <span class='ocr_line' id='line_1_29' title="bbox 976 754 1488 789; baseline -0.004 -7"><span class='ocrx_word' id='word_1_172' title='bbox 976 755 1076 782; x_wconf 88' lang='lat' dir='ltr'><strong>tionem</strong></span> <span class='ocrx_word' id='word_1_173' title='bbox 1094 754 1200 786; x_wconf 78' lang='lat' dir='ltr'><strong>fecerit,</strong></span> <span class='ocrx_word' id='word_1_174' title='bbox 1217 757 1283 786; x_wconf 87' lang='lat' dir='ltr'><strong>etc.,</strong></span> <span class='ocrx_word' id='word_1_175' title='bbox 1301 758 1330 780; x_wconf 83' lang='lat' dir='ltr'><strong>ut</strong></span> <span class='ocrx_word' id='word_1_176' title='bbox 1346 761 1407 789; x_wconf 83' lang='lat' dir='ltr'><strong>pag.</strong></span> <span class='ocrx_word' id='word_1_177' title='bbox 1425 754 1488 781; x_wconf 81' lang='grc'><strong>515.</strong></span> 
     </span>
    </p>
   </div>
   <div class='ocr_carea' id='block_1_30' title="bbox 1013 800 1773 834">
    <p class='ocr_par' dir='ltr' id='par_1_30' title="bbox 1013 800 1773 834">
     <span class='ocr_line' id='line_1_30' title="bbox 1013 800 1773 834; baseline -0.001 -7"><span class='ocrx_word' id='word_1_178' title='bbox 1013 801 1056 828; x_wconf 82' lang='grc'><strong>18.</strong></span> <span class='ocrx_word' id='word_1_179' title='bbox 1089 800 1296 834; x_wconf 82' lang='lat' dir='ltr'><strong>Conjurutiouis</strong></span> <span class='ocrx_word' id='word_1_180' title='bbox 1331 800 1373 826; x_wconf 86' lang='lat' dir='ltr'><strong>vcl</strong></span> <span class='ocrx_word' id='word_1_181' title='bbox 1408 800 1564 828; x_wconf 82' lang='lat' dir='ltr'><strong>Sodalitatis</strong></span> <span class='ocrx_word' id='word_1_182' title='bbox 1603 801 1708 827; x_wconf 84' lang='lat' dir='ltr'><strong>crimen</strong></span> <span class='ocrx_word' id='word_1_183' title='bbox 1739 800 1773 827; x_wconf 85' lang='lat' dir='ltr'><strong>ab</strong></span> 
     </span>
    </p>
   </div>
   <div class='ocr_carea' id='block_1_31' title="bbox 976 845 1772 881">
    <p class='ocr_par' dir='ltr' id='par_1_31' title="bbox 976 845 1772 881">
     <span class='ocr_line' id='line_1_31' title="bbox 976 845 1772 881; baseline -0.003 -7"><span class='ocrx_word' id='word_1_184' title='bbox 976 847 1150 875; x_wconf 78' lang='lat' dir='ltr'><strong>externitatis</strong></span> <span class='ocrx_word' id='word_1_185' title='bbox 1174 847 1257 872; x_wconf 86' lang='lat' dir='ltr'><strong>etiam</strong></span> <span class='ocrx_word' id='word_1_186' title='bbox 1282 845 1388 879; x_wconf 70' lang='lat' dir='ltr'><strong>legibus</strong></span> <span class='ocrx_word' id='word_1_187' title='bbox 1398 851 1439 873; x_wconf 88' lang='lat' dir='ltr'><strong>est</strong></span> <span class='ocrx_word' id='word_1_188' title='bbox 1455 846 1567 873; x_wconf 91' lang='lat' dir='ltr'><strong>omnino</strong></span> <span class='ocrx_word' id='word_1_189' title='bbox 1589 846 1772 881; x_wconf 87' lang='lat' dir='ltr'><strong>prohibitum:</strong></span> 
     </span>
    </p>
   </div>
   <div class='ocr_carea' id='block_1_32' title="bbox 129 891 934 938">
    <p class='ocr_par' dir='ltr' id='par_1_32' title="bbox 129 899 925 938">
     <span class='ocr_line' id='line_1_32' title="bbox 129 899 925 938; baseline -0.005 -9"><span class='ocrx_word' id='word_1_190' title='bbox 129 902 231 938; x_wconf 84' lang='grc' dir='ltr'>μᾶλλον</span> <span class='ocrx_word' id='word_1_191' title='bbox 259 902 288 928; x_wconf 80' lang='grc' dir='ltr'>ὲν</span> <span class='ocrx_word' id='word_1_192' title='bbox 304 902 338 937; x_wconf 83' lang='grc' dir='ltr'><strong>τῇ</strong></span> <span class='ocrx_word' id='word_1_193' title='bbox 355 900 402 927; x_wconf 84' lang='grc' dir='ltr'><strong>τοῦ</strong></span> <span class='ocrx_word' id='word_1_194' title='bbox 435 900 503 927; x_wconf 84' lang='grc' dir='ltr'><strong>Θεοῦ</strong></span> <span class='ocrx_word' id='word_1_195' title='bbox 523 899 674 935; x_wconf 72' lang='grc' dir='ltr'>Ἐκκλησία</span> <span class='ocrx_word' id='word_1_196' title='bbox 697 900 777 926; x_wconf 85' lang='grc' dir='ltr'>τοῦτο</span> <span class='ocrx_word' id='word_1_197' title='bbox 801 899 925 934; x_wconf 83' lang='grc' dir='ltr'>γίνεσθαι</span> 
     </span>
    </p>
   </div>
   <div class='ocr_carea' id='block_1_33' title="bbox 998 891 1775 938">
    <p class='ocr_par' dir='ltr' id='par_1_33' title="bbox 998 891 1775 926">
     <span class='ocr_line' id='line_1_33' title="bbox 998 891 1775 926; baseline -0.001 -7"><span class='ocrx_word' id='word_1_198' title='bbox 998 894 1066 920; x_wconf 78' lang='grc' dir='ltr'>ιυῐιο</span> <span class='ocrx_word' id='word_1_199' title='bbox 1079 892 1168 926; x_wconf 78' lang='lat' dir='ltr'><strong>magis</strong></span> <span class='ocrx_word' id='word_1_200' title='bbox 1195 892 1247 919; x_wconf 80' lang='lat' dir='ltr'><strong>hoc</strong></span> <span class='ocrx_word' id='word_1_201' title='bbox 1264 897 1357 918; x_wconf 81' lang='lat' dir='ltr'><strong>autem</strong></span> <span class='ocrx_word' id='word_1_202' title='bbox 1383 892 1410 918; x_wconf 93' lang='lat' dir='ltr'><strong>iu</strong></span> <span class='ocrx_word' id='word_1_203' title='bbox 1426 891 1475 919; x_wconf 88' lang='lat' dir='ltr'><strong>Dei</strong></span> <span class='ocrx_word' id='word_1_204' title='bbox 1500 892 1615 919; x_wconf 87' lang='lat' dir='ltr'><strong>ecclesia</strong></span> <span class='ocrx_word' id='word_1_205' title='bbox 1634 892 1692 919; x_wconf 74' lang='lat' dir='ltr'><strong>fieri</strong></span> <span class='ocrx_word' id='word_1_206' title='bbox 1710 899 1775 926; x_wconf 93' lang='lat' dir='ltr'><strong>pro-</strong></span> 
     </span>
    </p>
   </div>
   <div class='ocr_carea' id='block_1_34' title="bbox 126 930 934 983">
    <p class='ocr_par' dir='ltr' id='par_1_34' title="bbox 126 930 926 983">
     <span class='ocr_line' id='line_1_34' title="bbox 126 930 926 983; baseline -0.005 -8"><span class='ocrx_word' id='word_1_207' title='bbox 126 930 312 983; x_wconf 71' lang='grc' dir='ltr'>άπαγορεύειν</span> <span class='ocrx_word' id='word_1_208' title='bbox 325 930 481 982; x_wconf 50' lang='grc' dir='ltr'>’προσήκεμ</span> <span class='ocrx_word' id='word_1_209' title='bbox 497 946 530 972; x_wconf 81' lang='lat' dir='ltr'><strong>El&#39;</strong></span> <span class='ocrx_word' id='word_1_210' title='bbox 545 930 624 976; x_wconf 65' lang='grc' dir='ltr'>τινες</span> <span class='ocrx_word' id='word_1_211' title='bbox 640 930 730 972; x_wconf 77' lang='grc' dir='ltr'>τοίνυν</span> <span class='ocrx_word' id='word_1_212' title='bbox 755 930 892 980; x_wconf 34' lang='grc' dir='ltr'>κληνρικοὶ,</span> <span class='ocrx_word' id='word_1_213' title='bbox 910 945 926 980; x_wconf 83' lang='grc' dir='ltr'>ἢ</span> 
     </span>
    </p>
   </div>
   <div class='ocr_carea' id='block_1_35' title="bbox 998 930 1775 983">
    <p class='ocr_par' dir='ltr' id='par_1_35' title="bbox 998 933 1775 971">
     <span class='ocr_line' id='line_1_35' title="bbox 998 933 1775 971; baseline -0.005 -7"><span class='ocrx_word' id='word_1_214' title='bbox 998 938 1079 964; x_wconf 52' lang='lat' dir='ltr'><strong>libere</strong></span> <span class='ocrx_word' id='word_1_215' title='bbox 1107 941 1226 971; x_wconf 84' lang='lat' dir='ltr'><strong>oportet.</strong></span> <span class='ocrx_word' id='word_1_216' title='bbox 1246 935 1273 963; x_wconf 87' lang='lat' dir='ltr'><strong>Si</strong></span> <span class='ocrx_word' id='word_1_217' title='bbox 1293 936 1339 970; x_wconf 87' lang='lat' dir='ltr'><strong>qui</strong></span> <span class='ocrx_word' id='word_1_218' title='bbox 1368 943 1433 970; x_wconf 80' lang='lat' dir='ltr'><strong>ergo</strong></span> <span class='ocrx_word' id='word_1_219' title='bbox 1462 935 1554 962; x_wconf 83' lang='lat' dir='ltr'><strong>clerici</strong></span> <span class='ocrx_word' id='word_1_220' title='bbox 1581 935 1621 961; x_wconf 95' lang='lat' dir='ltr'><strong>vel</strong></span> <span class='ocrx_word' id='word_1_221' title='bbox 1646 933 1775 962; x_wconf 80' lang='lat' dir='ltr'><strong>monachi</strong></span> 
     </span>
    </p>
   </div>
   <div class='ocr_carea' id='block_1_36' title="bbox 128 991 929 1031">
    <p class='ocr_par' dir='ltr' id='par_1_36' title="bbox 128 991 929 1031">
     <span class='ocr_line' id='line_1_36' title="bbox 128 991 929 1031; baseline -0.006 -9"><span class='ocrx_word' id='word_1_222' title='bbox 128 994 292 1031; x_wconf 77' lang='grc' dir='ltr'>μονάζοντες</span> <span class='ocrx_word' id='word_1_223' title='bbox 307 993 454 1029; x_wconf 80' lang='grc' dir='ltr'><strong>εὑρεθεῖεν,</strong></span> <span class='ocrx_word' id='word_1_224' title='bbox 472 992 488 1026; x_wconf 83' lang='grc' dir='ltr'><strong>ἢ</strong></span> <span class='ocrx_word' id='word_1_225' title='bbox 505 991 716 1027; x_wconf 82' lang='grc' dir='ltr'>συνομνύμενοι,</span> <span class='ocrx_word' id='word_1_226' title='bbox 732 991 749 1026; x_wconf 83' lang='grc' dir='ltr'>ἢ</span> <span class='ocrx_word' id='word_1_227' title='bbox 765 991 929 1027; x_wconf 75' lang='grc' dir='ltr'>φατριάζον-</span> 
     </span>
    </p>
   </div>
   <div class='ocr_carea' id='block_1_37' title="bbox 127 1039 929 1078">
    <p class='ocr_par' dir='ltr' id='par_1_37' title="bbox 127 1039 929 1078">
     <span class='ocr_line' id='line_1_37' title="bbox 127 1039 929 1078; baseline -0.006 -9"><span class='ocrx_word' id='word_1_228' title='bbox 127 1050 184 1075; x_wconf 77' lang='grc' dir='ltr'>τες,</span> <span class='ocrx_word' id='word_1_229' title='bbox 201 1041 218 1078; x_wconf 83' lang='grc' dir='ltr'>ἢ</span> <span class='ocrx_word' id='word_1_230' title='bbox 236 1041 409 1072; x_wconf 84' lang='grc' dir='ltr'>κατασκευὰς</span> <span class='ocrx_word' id='word_1_231' title='bbox 438 1040 600 1076; x_wconf 74' lang='grc' dir='ltr'>τορεύοντες</span> <span class='ocrx_word' id='word_1_232' title='bbox 624 1039 785 1070; x_wconf 79' lang='grc' dir='ltr'>ἐπισκόποις</span> <span class='ocrx_word' id='word_1_233' title='bbox 801 1039 817 1074; x_wconf 83' lang='grc' dir='ltr'><strong>ἢ</strong></span> <span class='ocrx_word' id='word_1_234' title='bbox 832 1039 929 1074; x_wconf 84' lang='grc' dir='ltr'>κληρι-</span> 
     </span>
    </p>
   </div>
   <div class='ocr_carea' id='block_1_38' title="bbox 128 1085 848 1122">
    <p class='ocr_par' dir='ltr' id='par_1_38' title="bbox 128 1085 848 1122">
     <span class='ocr_line' id='line_1_38' title="bbox 128 1085 848 1122; baseline -0.007 -6"><span class='ocrx_word' id='word_1_235' title='bbox 128 1089 197 1121; x_wconf 70' lang='grc' dir='ltr'>κοῖς,</span> <span class='ocrx_word' id='word_1_236' title='bbox 218 1087 427 1115; x_wconf 82' lang='grc' dir='ltr'>ὲκπιπτέτωσαν</span> <span class='ocrx_word' id='word_1_237' title='bbox 442 1087 532 1122; x_wconf 82' lang='grc' dir='ltr'>πάντη</span> <span class='ocrx_word' id='word_1_238' title='bbox 549 1086 596 1113; x_wconf 83' lang='grc' dir='ltr'><strong>τοῦ</strong></span> <span class='ocrx_word' id='word_1_239' title='bbox 608 1085 710 1112; x_wconf 79' lang='grc' dir='ltr'>οἰκείου</span> <span class='ocrx_word' id='word_1_240' title='bbox 731 1085 848 1120; x_wconf 80' lang='grc' dir='ltr'>βαθμοῦ.</span> 
     </span>
    </p>
   </div>
   <div class='ocr_carea' id='block_1_39' title="bbox 164 1179 932 1215">
    <p class='ocr_par' dir='ltr' id='par_1_39' title="bbox 164 1179 932 1215">
     <span class='ocr_line' id='line_1_39' title="bbox 164 1179 932 1215; baseline -0.003 -8"><span class='ocrx_word' id='word_1_241' title='bbox 164 1179 296 1212; x_wconf 70' lang='grc' dir='ltr'>κζ’.Τοὺς</span> <span class='ocrx_word' id='word_1_242' title='bbox 305 1179 480 1215; x_wconf 85' lang='grc' dir='ltr'>ἁρπάζοντας</span> <span class='ocrx_word' id='word_1_243' title='bbox 502 1180 636 1213; x_wconf 86' lang='grc' dir='ltr'>γυναῖκας</span> <span class='ocrx_word' id='word_1_244' title='bbox 651 1179 822 1214; x_wconf 77' lang='grc' dir='ltr'>ἐπ’ὀνόματι</span> <span class='ocrx_word' id='word_1_245' title='bbox 843 1187 932 1205; x_wconf 67' lang='lat' dir='ltr'><strong>cavat-</strong></span> 
     </span>
    </p>
   </div>
   <div class='ocr_carea' id='block_1_40' title="bbox 128 1224 933 1260">
    <p class='ocr_par' dir='ltr' id='par_1_40' title="bbox 128 1224 933 1260">
     <span class='ocr_line' id='line_1_40' title="bbox 128 1224 933 1260; baseline -0.004 -6"><span class='ocrx_word' id='word_1_246' title='bbox 128 1227 233 1258; x_wconf 88' lang='grc' dir='ltr'>κεσίου,</span> <span class='ocrx_word' id='word_1_247' title='bbox 247 1226 263 1260; x_wconf 83' lang='grc' dir='ltr'><strong>ἥ</strong></span> <span class='ocrx_word' id='word_1_248' title='bbox 276 1225 509 1260; x_wconf 82' lang='grc' dir='ltr'>συμπράττοντας.</span> <span class='ocrx_word' id='word_1_249' title='bbox 522 1224 539 1259; x_wconf 83' lang='grc' dir='ltr'>ἣ</span> <span class='ocrx_word' id='word_1_250' title='bbox 553 1225 764 1260; x_wconf 82' lang='grc' dir='ltr'>συναιρομένους</span> <span class='ocrx_word' id='word_1_251' title='bbox 777 1226 832 1256; x_wconf 84' lang='grc' dir='ltr'>τοῖς</span> <span class='ocrx_word' id='word_1_252' title='bbox 842 1224 933 1260; x_wconf 83' lang='grc' dir='ltr'>ἁρπά-</span> 
     </span>
    </p>
   </div>
   <div class='ocr_carea' id='block_1_41' title="bbox 128 1268 932 1306">
    <p class='ocr_par' dir='ltr' id='par_1_41' title="bbox 128 1268 932 1306">
     <span class='ocr_line' id='line_1_41' title="bbox 128 1268 932 1306; baseline 0.001 -10"><span class='ocrx_word' id='word_1_253' title='bbox 128 1272 234 1304; x_wconf 82' lang='grc' dir='ltr'>ζουσιν,</span> <span class='ocrx_word' id='word_1_254' title='bbox 256 1271 357 1306; x_wconf 83' lang='grc' dir='ltr'>ὥρισεν</span> <span class='ocrx_word' id='word_1_255' title='bbox 372 1271 388 1306; x_wconf 87' lang='grc' dir='ltr'>ἡ</span> <span class='ocrx_word' id='word_1_256' title='bbox 401 1270 467 1304; x_wconf 79' lang='grc' dir='ltr'>ἁγία</span> <span class='ocrx_word' id='word_1_257' title='bbox 484 1269 604 1303; x_wconf 81' lang='grc' dir='ltr'>σύνοδος,</span> <span class='ocrx_word' id='word_1_258' title='bbox 620 1271 644 1297; x_wconf 83' lang='grc' dir='ltr'><strong>εί</strong></span> <span class='ocrx_word' id='word_1_259' title='bbox 658 1271 708 1306; x_wconf 74' lang='grc' dir='ltr'>μὲν</span> <span class='ocrx_word' id='word_1_260' title='bbox 723 1270 851 1306; x_wconf 80' lang='grc' dir='ltr'>κληρικοὶ</span> <span class='ocrx_word' id='word_1_261' title='bbox 865 1268 932 1302; x_wconf 80' lang='grc' dir='ltr'>εἶεν,</span> 
     </span>
    </p>
   </div>
   <div class='ocr_carea' id='block_1_42' title="bbox 130 1315 934 1352">
    <p class='ocr_par' dir='ltr' id='par_1_42' title="bbox 130 1315 934 1352">
     <span class='ocr_line' id='line_1_42' title="bbox 130 1315 934 1352; baseline -0.002 -8"><span class='ocrx_word' id='word_1_262' title='bbox 130 1317 278 1345; x_wconf 71' lang='grc' dir='ltr'>ἐκπίπτειν</span> <span class='ocrx_word' id='word_1_263' title='bbox 285 1317 332 1344; x_wconf 86' lang='grc' dir='ltr'><strong>τοῦ</strong></span> <span class='ocrx_word' id='word_1_264' title='bbox 343 1316 407 1344; x_wconf 75' lang='grc' dir='ltr'>ἰδίου</span> <span class='ocrx_word' id='word_1_265' title='bbox 420 1315 535 1352; x_wconf 80' lang='grc' dir='ltr'><strong>βαθμοῦ·</strong></span> <span class='ocrx_word' id='word_1_266' title='bbox 549 1317 573 1343; x_wconf 87' lang='grc' dir='ltr'>εἰ</span> <span class='ocrx_word' id='word_1_267' title='bbox 584 1317 612 1343; x_wconf 83' lang='grc' dir='ltr'>δὲ</span> <span class='ocrx_word' id='word_1_268' title='bbox 625 1316 725 1350; x_wconf 73' lang='grc' dir='ltr'>λαῖκοὶ,</span> <span class='ocrx_word' id='word_1_269' title='bbox 734 1316 934 1352; x_wconf 77' lang='grc' dir='ltr'>ἀναθεματίζε-</span> 
     </span>
    </p>
   </div>
   <div class='ocr_carea' id='block_1_43' title="bbox 131 1363 206 1391">
    <p class='ocr_par' dir='ltr' id='par_1_43' title="bbox 131 1363 206 1391">
     <span class='ocr_line' id='line_1_43' title="bbox 131 1363 206 1391; baseline 0.013 -1"><span class='ocrx_word' id='word_1_270' title='bbox 131 1363 206 1391; x_wconf 79' lang='grc' dir='ltr'>σθαι.</span> 
     </span>
    </p>
   </div>
   <div class='ocr_carea' id='block_1_44' title="bbox 289 1409 772 1444">
    <p class='ocr_par' dir='ltr' id='par_1_44' title="bbox 289 1409 772 1444">
     <span class='ocr_line' id='line_1_44' title="bbox 289 1409 772 1444; baseline 0 -7"><span class='ocrx_word' id='word_1_271' title='bbox 289 1409 426 1437; x_wconf 85' lang='grc' dir='ltr'>Συνόδου</span> <span class='ocrx_word' id='word_1_272' title='bbox 438 1409 591 1444; x_wconf 82' lang='grc' dir='ltr'>Σαρδικῆς</span> <span class='ocrx_word' id='word_1_273' title='bbox 606 1409 707 1437; x_wconf 76' lang='grc' dir='ltr'>κανὼν</span> <span class='ocrx_word' id='word_1_274' title='bbox 717 1413 772 1438; x_wconf 83' lang='grc' dir='ltr'>κα¹.</span> 
     </span>
    </p>
   </div>
   <div class='ocr_carea' id='block_1_45' title="bbox 168 1453 936 1491">
    <p class='ocr_par' dir='ltr' id='par_1_45' title="bbox 168 1453 936 1491">
     <span class='ocr_line' id='line_1_45' title="bbox 168 1453 936 1491; baseline -0.001 -9"><span class='ocrx_word' id='word_1_275' title='bbox 168 1455 325 1488; x_wconf 83' lang='grc' dir='ltr'>Γαυδέντιος</span> <span class='ocrx_word' id='word_1_276' title='bbox 343 1456 492 1488; x_wconf 74' lang='grc' dir='ltr'>ἐπίσκοπος</span> <span class='ocrx_word' id='word_1_277' title='bbox 521 1453 593 1482; x_wconf 76' lang='grc' dir='ltr'>εἷπε’</span> <span class='ocrx_word' id='word_1_278' title='bbox 618 1455 706 1483; x_wconf 85' lang='grc' dir='ltr'>ταῦτα</span> <span class='ocrx_word' id='word_1_279' title='bbox 729 1456 763 1482; x_wconf 84' lang='grc' dir='ltr'><strong>τὰ</strong></span> <span class='ocrx_word' id='word_1_280' title='bbox 794 1463 936 1491; x_wconf 80' lang='grc' dir='ltr'>σωτηριω-</span> 
     </span>
    </p>
   </div>
   <div class='ocr_carea' id='block_1_46' title="bbox 132 1502 329 1534">
    <p class='ocr_par' dir='ltr' id='par_1_46' title="bbox 132 1502 329 1534">
     <span class='ocr_line' id='line_1_46' title="bbox 132 1502 329 1534; baseline -0.005 -4"><span class='ocrx_word' id='word_1_281' title='bbox 132 1503 199 1534; x_wconf 81' lang='grc' dir='ltr'><strong>δὼς.</strong></span> <span class='ocrx_word' id='word_1_282' title='bbox 215 1511 243 1530; x_wconf 84' lang='grc' dir='ltr'><strong>κ.</strong></span> <span class='ocrx_word' id='word_1_283' title='bbox 259 1511 285 1529; x_wconf 85' lang='grc' dir='ltr'><strong>τ.</strong></span> <span class='ocrx_word' id='word_1_284' title='bbox 303 1502 329 1530; x_wconf 87' lang='grc' dir='ltr'>λ.</span> 
     </span>
    </p>
   </div>
   <div class='ocr_carea' id='block_1_47' title="bbox 171 1549 936 1587">
    <p class='ocr_par' dir='ltr' id='par_1_47' title="bbox 171 1549 936 1587">
     <span class='ocr_line' id='line_1_47' title="bbox 171 1549 936 1587; baseline -0.001 -10"><span class='ocrx_word' id='word_1_285' title='bbox 171 1551 227 1577; x_wconf 82' lang='grc' dir='ltr'><strong>Καὶ</strong></span> <span class='ocrx_word' id='word_1_286' title='bbox 239 1549 319 1577; x_wconf 82' lang='grc' dir='ltr'>τοῦτο</span> <span class='ocrx_word' id='word_1_287' title='bbox 331 1550 360 1576; x_wconf 73' lang='grc' dir='ltr'>δὲ</span> <span class='ocrx_word' id='word_1_288' title='bbox 373 1549 478 1576; x_wconf 73' lang='grc' dir='ltr'>ἐκεῖθεν</span> <span class='ocrx_word' id='word_1_289' title='bbox 495 1549 615 1585; x_wconf 82' lang='grc' dir='ltr'>μάλιστα</span> <span class='ocrx_word' id='word_1_290' title='bbox 631 1549 772 1587; x_wconf 85' lang='grc' dir='ltr'>γνώριμον</span> <span class='ocrx_word' id='word_1_291' title='bbox 787 1549 936 1586; x_wconf 82' lang='grc' dir='ltr'>γενήσεται</span> 
     </span>
    </p>
   </div>
   <div class='ocr_carea' id='block_1_48' title="bbox 135 1596 542 1633">
    <p class='ocr_par' dir='ltr' id='par_1_48' title="bbox 135 1596 542 1633">
     <span class='ocr_line' id='line_1_48' title="bbox 135 1596 542 1633; baseline -0.002 -8"><span class='ocrx_word' id='word_1_292' title='bbox 135 1598 183 1625; x_wconf 73' lang='grc' dir='ltr'><strong>καὶ</strong></span> <span class='ocrx_word' id='word_1_293' title='bbox 198 1596 421 1633; x_wconf 85' lang='grc' dir='ltr'>πληρωθήσεται,</span> <span class='ocrx_word' id='word_1_294' title='bbox 435 1605 463 1624; x_wconf 89' lang='grc' dir='ltr'><strong>κ.</strong></span> <span class='ocrx_word' id='word_1_295' title='bbox 476 1605 501 1624; x_wconf 88' lang='grc' dir='ltr'><strong>τ.</strong></span> <span class='ocrx_word' id='word_1_296' title='bbox 516 1597 542 1624; x_wconf 91' lang='grc' dir='ltr'>λ.</span> 
     </span>
    </p>
   </div>
   <div class='ocr_carea' id='block_1_49' title="bbox 135 1642 932 1679">
    <p class='ocr_par' dir='ltr' id='par_1_49' title="bbox 135 1642 932 1679">
     <span class='ocr_line' id='line_1_49' title="bbox 135 1642 932 1679; baseline -0.001 -8"><span class='ocrx_word' id='word_1_297' title='bbox 135 1643 273 1672; x_wconf 83' lang='grc' dir='ltr'><strong>Συνόδου</strong></span> <span class='ocrx_word' id='word_1_298' title='bbox 292 1642 502 1678; x_wconf 67' lang='grc' dir='ltr'>οἱκουμενινιῆς</span> <span class='ocrx_word' id='word_1_299' title='bbox 530 1643 621 1677; x_wconf 77' lang='grc' dir='ltr'>ἕκτης</span> <span class='ocrx_word' id='word_1_300' title='bbox 645 1643 747 1671; x_wconf 81' lang='grc' dir='ltr'>κανὼν</span> <span class='ocrx_word' id='word_1_301' title='bbox 756 1647 791 1679; x_wconf 88' lang='grc' dir='ltr'><strong>γ’,</strong></span> <span class='ocrx_word' id='word_1_302' title='bbox 805 1643 837 1676; x_wconf 87' lang='grc' dir='ltr'>δ’,</span> <span class='ocrx_word' id='word_1_303' title='bbox 852 1646 885 1677; x_wconf 86' lang='grc' dir='ltr'><strong>ε’,</strong></span> <span class='ocrx_word' id='word_1_304' title='bbox 899 1642 932 1676; x_wconf 86' lang='grc' dir='ltr'>θ’,</span> 
     </span>
    </p>
   </div>
   <div class='ocr_carea' id='block_1_50' title="bbox 421 1687 651 1723">
    <p class='ocr_par' dir='ltr' id='par_1_50' title="bbox 421 1687 651 1723">
     <span class='ocr_line' id='line_1_50' title="bbox 421 1687 651 1723; baseline 0 -8"><span class='ocrx_word' id='word_1_305' title='bbox 421 1691 446 1721; x_wconf 85' lang='grc' dir='ltr'><strong>ι’,</strong></span> <span class='ocrx_word' id='word_1_306' title='bbox 462 1687 506 1722; x_wconf 88' lang='grc' dir='ltr'>ια’,</span> <span class='ocrx_word' id='word_1_307' title='bbox 522 1689 577 1721; x_wconf 69' lang='grc' dir='ltr'>σις’,</span> <span class='ocrx_word' id='word_1_308' title='bbox 593 1689 651 1723; x_wconf 42' lang='grc' dir='ltr'>ἧς’,</span> 
     </span>
    </p>
   </div>
   <div class='ocr_carea' id='block_1_51' title="bbox 173 1735 611 1770">
    <p class='ocr_par' dir='ltr' id='par_1_51' title="bbox 173 1735 611 1770">
     <span class='ocr_line' id='line_1_51' title="bbox 173 1735 611 1770; baseline 0.002 -8"><span class='ocrx_word' id='word_1_309' title='bbox 173 1735 243 1770; x_wconf 74' lang='grc' dir='ltr'>Περὶ</span> <span class='ocrx_word' id='word_1_310' title='bbox 258 1735 362 1769; x_wconf 79' lang='grc' dir='ltr'>ἱερέων</span> <span class='ocrx_word' id='word_1_311' title='bbox 378 1735 429 1762; x_wconf 75' lang='grc' dir='ltr'>καὶ</span> <span class='ocrx_word' id='word_1_312' title='bbox 449 1736 611 1770; x_wconf 74' lang='grc' dir='ltr'>κληρικῶν.</span> 
     </span>
    </p>
   </div>
   <div class='ocr_carea' id='block_1_52' title="bbox 173 1781 935 1819">
    <p class='ocr_par' dir='ltr' id='par_1_52' title="bbox 173 1781 935 1819">
     <span class='ocr_line' id='line_1_52' title="bbox 173 1781 935 1819; baseline -0.001 -9"><span class='ocrx_word' id='word_1_313' title='bbox 173 1787 209 1818; x_wconf 90' lang='grc' dir='ltr'><strong>γ’.</strong></span> <span class='ocrx_word' id='word_1_314' title='bbox 228 1781 338 1817; x_wconf 79' lang='grc' dir='ltr'>Ἐπειδὴ</span> <span class='ocrx_word' id='word_1_315' title='bbox 353 1781 381 1808; x_wconf 80' lang='grc' dir='ltr'>δὲ</span> <span class='ocrx_word' id='word_1_316' title='bbox 397 1782 411 1808; x_wconf 81' lang='grc' dir='ltr'>ὁ</span> <span class='ocrx_word' id='word_1_317' title='bbox 427 1782 542 1818; x_wconf 65' lang='lat' dir='ltr'><strong>siin-56h;</strong></span> <span class='ocrx_word' id='word_1_318' title='bbox 559 1783 606 1810; x_wconf 77' lang='grc' dir='ltr'>καὶ</span> <span class='ocrx_word' id='word_1_319' title='bbox 618 1783 790 1819; x_wconf 78' lang='grc' dir='ltr'>φιλόχριστος</span> <span class='ocrx_word' id='word_1_320' title='bbox 801 1782 879 1818; x_wconf 78' lang='grc' dir='ltr'>ἡμῶν</span> <span class='ocrx_word' id='word_1_321' title='bbox 887 1781 935 1818; x_wconf 81' lang='grc' dir='ltr'><strong>βα-</strong></span> 
     </span>
    </p>
   </div>
   <div class='ocr_carea' id='block_1_53' title="bbox 138 1831 364 1864">
    <p class='ocr_par' dir='ltr' id='par_1_53' title="bbox 138 1831 364 1864">
     <span class='ocr_line' id='line_1_53' title="bbox 138 1831 364 1864; baseline 0 -7"><span class='ocrx_word' id='word_1_322' title='bbox 138 1831 240 1864; x_wconf 83' lang='grc' dir='ltr'>σιλεὺς,</span> <span class='ocrx_word' id='word_1_323' title='bbox 255 1840 283 1858; x_wconf 82' lang='grc' dir='ltr'><strong>κ.</strong></span> <span class='ocrx_word' id='word_1_324' title='bbox 297 1839 323 1857; x_wconf 89' lang='grc' dir='ltr'><strong>τ.</strong></span> <span class='ocrx_word' id='word_1_325' title='bbox 338 1831 364 1857; x_wconf 93' lang='grc' dir='ltr'>λ.</span> 
     </span>
    </p>
   </div>
   <div class='ocr_carea' id='block_1_54' title="bbox 174 1875 934 1912">
    <p class='ocr_par' dir='ltr' id='par_1_54' title="bbox 174 1875 934 1912">
     <span class='ocr_line' id='line_1_54' title="bbox 174 1875 934 1912; baseline -0.004 -8"><span class='ocrx_word' id='word_1_326' title='bbox 174 1877 206 1905; x_wconf 86' lang='grc' dir='ltr'>δ’.</span> <span class='ocrx_word' id='word_1_327' title='bbox 223 1878 256 1905; x_wconf 75' lang='grc' dir='ltr'><strong>Εἴ</strong></span> <span class='ocrx_word' id='word_1_328' title='bbox 267 1887 310 1910; x_wconf 89' lang='grc' dir='ltr'><strong>τις</strong></span> <span class='ocrx_word' id='word_1_329' title='bbox 337 1878 503 1910; x_wconf 76' lang='grc' dir='ltr'>ἐπίσκοπος,</span> <span class='ocrx_word' id='word_1_330' title='bbox 524 1876 540 1912; x_wconf 84' lang='grc' dir='ltr'><strong>ἣ</strong></span> <span class='ocrx_word' id='word_1_331' title='bbox 555 1875 750 1912; x_wconf 80' lang='grc' dir='ltr'>πρεσὸύτερος,</span> <span class='ocrx_word' id='word_1_332' title='bbox 768 1875 784 1910; x_wconf 80' lang='grc' dir='ltr'>ἢ</span> <span class='ocrx_word' id='word_1_333' title='bbox 801 1875 934 1907; x_wconf 82' lang='grc' dir='ltr'>διάκονος,</span> 
     </span>
    </p>
   </div>
   <div class='ocr_carea' id='block_1_55' title="bbox 138 1921 934 1960">
    <p class='ocr_par' dir='ltr' id='par_1_55' title="bbox 138 1921 934 1960">
     <span class='ocr_line' id='line_1_55' title="bbox 138 1921 934 1960; baseline -0.005 -9"><span class='ocrx_word' id='word_1_334' title='bbox 138 1924 156 1960; x_wconf 78' lang='grc' dir='ltr'><strong>ἢ</strong></span> <span class='ocrx_word' id='word_1_335' title='bbox 174 1924 362 1957; x_wconf 79' lang='grc' dir='ltr'>ὐποδιάκονος,</span> <span class='ocrx_word' id='word_1_336' title='bbox 378 1924 394 1960; x_wconf 82' lang='grc' dir='ltr'>ἢ</span> <span class='ocrx_word' id='word_1_337' title='bbox 407 1924 594 1958; x_wconf 74' lang='grc' dir='ltr'>ἀναγνώστης,</span> <span class='ocrx_word' id='word_1_338' title='bbox 608 1923 624 1957; x_wconf 89' lang='grc' dir='ltr'>ἢ</span> <span class='ocrx_word' id='word_1_339' title='bbox 637 1922 753 1957; x_wconf 79' lang='grc' dir='ltr'>ψάλτης,</span> <span class='ocrx_word' id='word_1_340' title='bbox 770 1922 787 1957; x_wconf 82' lang='grc' dir='ltr'>ἢ</span> <span class='ocrx_word' id='word_1_341' title='bbox 801 1921 934 1957; x_wconf 70' lang='grc' dir='ltr'>θυρωρὸς,</span> 
     </span>
    </p>
   </div>
   <div class='ocr_carea' id='block_1_56' title="bbox 140 1967 937 2007">
    <p class='ocr_par' dir='ltr' id='par_1_56' title="bbox 140 1967 937 2007">
     <span class='ocr_line' id='line_1_56' title="bbox 140 1967 937 2007; baseline -0.006 -10"><span class='ocrx_word' id='word_1_342' title='bbox 140 1972 254 2004; x_wconf 79' lang='grc' dir='ltr'>γυναικὶ</span> <span class='ocrx_word' id='word_1_343' title='bbox 270 1970 449 2007; x_wconf 80' lang='grc' dir='ltr'>ἀφιερωμένῃ</span> <span class='ocrx_word' id='word_1_344' title='bbox 474 1969 535 2005; x_wconf 82' lang='grc' dir='ltr'>Θεῷ</span> <span class='ocrx_word' id='word_1_345' title='bbox 552 1968 675 2004; x_wconf 82' lang='grc' dir='ltr'>μιχθείη,</span> <span class='ocrx_word' id='word_1_346' title='bbox 691 1967 887 2001; x_wconf 80' lang='grc' dir='ltr'>καταιρείσθω,</span> <span class='ocrx_word' id='word_1_347' title='bbox 899 1967 937 1998; x_wconf 84' lang='grc' dir='ltr'>ὡς</span> 
     </span>
    </p>
   </div>
   <div class='ocr_carea' id='block_1_57' title="bbox 138 2015 935 2053">
    <p class='ocr_par' dir='ltr' id='par_1_57' title="bbox 138 2015 935 2053">
     <span class='ocr_line' id='line_1_57' title="bbox 138 2015 935 2053; baseline -0.005 -9"><span class='ocrx_word' id='word_1_348' title='bbox 138 2018 190 2052; x_wconf 84' lang='grc' dir='ltr'>τὴν</span> <span class='ocrx_word' id='word_1_349' title='bbox 205 2017 314 2053; x_wconf 84' lang='grc' dir='ltr'>νύμφην</span> <span class='ocrx_word' id='word_1_350' title='bbox 333 2017 381 2045; x_wconf 88' lang='grc' dir='ltr'><strong>τοῦ</strong></span> <span class='ocrx_word' id='word_1_351' title='bbox 409 2018 532 2053; x_wconf 81' lang='grc' dir='ltr'>Χριστοῦ</span> <span class='ocrx_word' id='word_1_352' title='bbox 551 2015 722 2052; x_wconf 84' lang='grc' dir='ltr'>διαφθείρας·</span> <span class='ocrx_word' id='word_1_353' title='bbox 744 2016 767 2042; x_wconf 82' lang='grc' dir='ltr'>εἰ</span> <span class='ocrx_word' id='word_1_354' title='bbox 791 2015 820 2042; x_wconf 74' lang='grc' dir='ltr'>δὲ</span> <span class='ocrx_word' id='word_1_355' title='bbox 832 2015 935 2047; x_wconf 72' lang='grc' dir='ltr'>λαῖκὶς,</span> 
     </span>
    </p>
   </div>
   <div class='ocr_carea' id='block_1_58' title="bbox 139 2063 324 2098">
    <p class='ocr_par' dir='ltr' id='par_1_58' title="bbox 139 2063 324 2098">
     <span class='ocr_line' id='line_1_58' title="bbox 139 2063 324 2098; baseline 0 -8"><span class='ocrx_word' id='word_1_356' title='bbox 139 2063 324 2098; x_wconf 78' lang='grc' dir='ltr'>ἀφοριζέσθω.</span> 
     </span>
    </p>
   </div>
   <div class='ocr_carea' id='block_1_59' title="bbox 177 2105 939 2144">
    <p class='ocr_par' dir='ltr' id='par_1_59' title="bbox 177 2105 939 2144">
     <span class='ocr_line' id='line_1_59' title="bbox 177 2105 939 2144; baseline -0.008 -8"><span class='ocrx_word' id='word_1_357' title='bbox 177 2108 208 2136; x_wconf 85' lang='grc' dir='ltr'>ε’.</span> <span class='ocrx_word' id='word_1_358' title='bbox 229 2110 332 2144; x_wconf 70' lang='grc' dir='ltr'>Μηδεὶς</span> <span class='ocrx_word' id='word_1_359' title='bbox 353 2108 408 2135; x_wconf 87' lang='grc' dir='ltr'>τῶν</span> <span class='ocrx_word' id='word_1_360' title='bbox 436 2110 465 2136; x_wconf 73' lang='grc' dir='ltr'>ἐν</span> <span class='ocrx_word' id='word_1_361' title='bbox 484 2107 615 2144; x_wconf 81' lang='grc' dir='ltr'>ἱερατικῷ</span> <span class='ocrx_word' id='word_1_362' title='bbox 635 2105 864 2142; x_wconf 77' lang='grc' dir='ltr'>καταλεγομένων</span> <span class='ocrx_word' id='word_1_363' title='bbox 890 2105 939 2132; x_wconf 81' lang='grc' dir='ltr'>τά-</span> 
     </span>
    </p>
   </div>
   <div class='ocr_carea' id='block_1_60' title="bbox 139 2155 346 2191">
    <p class='ocr_par' dir='ltr' id='par_1_60' title="bbox 139 2155 346 2191">
     <span class='ocr_line' id='line_1_60' title="bbox 139 2155 346 2191; baseline -0.005 -8"><span class='ocrx_word' id='word_1_364' title='bbox 139 2164 228 2191; x_wconf 84' lang='grc' dir='ltr'>γματι</span> <span class='ocrx_word' id='word_1_365' title='bbox 242 2164 304 2182; x_wconf 86' lang='grc' dir='ltr'>κ.τ.</span> <span class='ocrx_word' id='word_1_366' title='bbox 319 2155 346 2182; x_wconf 89' lang='grc' dir='ltr'>λ.</span> 
     </span>
    </p>
   </div>
   <div class='ocr_carea' id='block_1_61' title="bbox 179 2199 939 2237">
    <p class='ocr_par' dir='ltr' id='par_1_61' title="bbox 179 2199 939 2237">
     <span class='ocr_line' id='line_1_61' title="bbox 179 2199 939 2237; baseline -0.005 -8"><span class='ocrx_word' id='word_1_367' title='bbox 179 2202 211 2230; x_wconf 85' lang='grc' dir='ltr'><strong>θ’.</strong></span> <span class='ocrx_word' id='word_1_368' title='bbox 225 2202 328 2237; x_wconf 73' lang='grc' dir='ltr'>Μηδενὶ</span> <span class='ocrx_word' id='word_1_369' title='bbox 341 2201 440 2235; x_wconf 75' lang='grc' dir='ltr'>ἐξεῖναι</span> <span class='ocrx_word' id='word_1_370' title='bbox 459 2200 582 2237; x_wconf 82' lang='grc' dir='ltr'>κληρικῷ</span> <span class='ocrx_word' id='word_1_371' title='bbox 597 2199 751 2236; x_wconf 76' lang='grc' dir='ltr'>καπηλικὸν</span> <span class='ocrx_word' id='word_1_372' title='bbox 766 2199 842 2236; x_wconf 76' lang='grc' dir='ltr'>ἔχειν</span> <span class='ocrx_word' id='word_1_373' title='bbox 859 2201 939 2235; x_wconf 84' lang='grc' dir='ltr'>ὲργα-</span> 
     </span>
    </p>
   </div>
   <div class='ocr_carea' id='block_1_62' title="bbox 142 2246 940 2286">
    <p class='ocr_par' dir='ltr' id='par_1_62' title="bbox 142 2246 940 2286">
     <span class='ocr_line' id='line_1_62' title="bbox 142 2246 940 2286; baseline -0.006 -9"><span class='ocrx_word' id='word_1_374' title='bbox 142 2250 264 2286; x_wconf 85' lang='grc' dir='ltr'>στήριον.</span> <span class='ocrx_word' id='word_1_375' title='bbox 282 2249 314 2275; x_wconf 83' lang='grc' dir='ltr'><strong>Εἰ</strong></span> <span class='ocrx_word' id='word_1_376' title='bbox 332 2249 386 2284; x_wconf 82' lang='grc' dir='ltr'>γὰρ</span> <span class='ocrx_word' id='word_1_377' title='bbox 415 2247 454 2283; x_wconf 85' lang='grc' dir='ltr'>τῷ</span> <span class='ocrx_word' id='word_1_378' title='bbox 474 2247 586 2282; x_wconf 85' lang='grc' dir='ltr'>τοιούτῳ</span> <span class='ocrx_word' id='word_1_379' title='bbox 616 2248 728 2274; x_wconf 80' lang='grc' dir='ltr'>εἰσιέναι</span> <span class='ocrx_word' id='word_1_380' title='bbox 747 2248 776 2273; x_wconf 85' lang='grc' dir='ltr'>ὲν</span> <span class='ocrx_word' id='word_1_381' title='bbox 797 2246 940 2282; x_wconf 81' lang='grc' dir='ltr'>καπηλείῳ</span> 
     </span>
    </p>
   </div>
   <div class='ocr_carea' id='block_1_63' title="bbox 140 2292 980 2330">
    <p class='ocr_par' dir='ltr' id='par_1_63' title="bbox 140 2292 980 2330">
     <span class='ocr_line' id='line_1_63' title="bbox 140 2292 980 2330; baseline -0.002 -8"><span class='ocrx_word' id='word_1_382' title='bbox 140 2295 193 2322; x_wconf 78' lang='grc' dir='ltr'>οὐκ</span> <span class='ocrx_word' id='word_1_383' title='bbox 206 2295 416 2330; x_wconf 77' lang='grc' dir='ltr'>ἐπιτέτραπται,</span> <span class='ocrx_word' id='word_1_384' title='bbox 432 2294 507 2328; x_wconf 72' lang='grc' dir='ltr'>πόσῳ</span> <span class='ocrx_word' id='word_1_385' title='bbox 525 2293 625 2329; x_wconf 84' lang='grc' dir='ltr'>μᾶλλον</span> <span class='ocrx_word' id='word_1_386' title='bbox 638 2292 728 2324; x_wconf 79' lang='grc' dir='ltr'>ἄλλοις</span> <span class='ocrx_word' id='word_1_387' title='bbox 745 2293 774 2318; x_wconf 82' lang='grc' dir='ltr'>ἐν</span> <span class='ocrx_word' id='word_1_388' title='bbox 787 2292 874 2327; x_wconf 82' lang='grc' dir='ltr'>τούτῳ</span> <span class='ocrx_word' id='word_1_389' title='bbox 885 2292 942 2318; x_wconf 85' lang='grc' dir='ltr'>δια·</span> <span class='ocrx_word' id='word_1_390' title='bbox 958 2293 980 2320; x_wconf 83' lang='lat' dir='ltr'><strong>D</strong></span> 
     </span>
    </p>
   </div>
   <div class='ocr_carea' id='block_1_64' title="bbox 143 2337 945 2376">
    <p class='ocr_par' dir='ltr' id='par_1_64' title="bbox 143 2337 945 2376">
     <span class='ocr_line' id='line_1_64' title="bbox 143 2337 945 2376; baseline -0.006 -8"><span class='ocrx_word' id='word_1_391' title='bbox 143 2340 294 2373; x_wconf 78' lang='grc' dir='ltr'>κονεῖσθαι,</span> <span class='ocrx_word' id='word_1_392' title='bbox 310 2342 356 2367; x_wconf 67' lang='grc' dir='ltr'><strong>καὶ</strong></span> <span class='ocrx_word' id='word_1_393' title='bbox 370 2339 388 2367; x_wconf 81' lang='grc' dir='ltr'>ἃ</span> <span class='ocrx_word' id='word_1_394' title='bbox 402 2339 439 2376; x_wconf 82' lang='grc' dir='ltr'>μὴ</span> <span class='ocrx_word' id='word_1_395' title='bbox 457 2339 536 2374; x_wconf 85' lang='grc' dir='ltr'>θέμις</span> <span class='ocrx_word' id='word_1_396' title='bbox 554 2339 629 2374; x_wconf 81' lang='grc' dir='ltr'>αὐτῷ</span> <span class='ocrx_word' id='word_1_397' title='bbox 643 2339 779 2374; x_wconf 68' lang='grc' dir='ltr'>ἐγχειρεῖν</span> <span class='ocrx_word' id='word_1_398' title='bbox 795 2346 802 2370; x_wconf 91' lang='lat'><strong>;</strong></span> <span class='ocrx_word' id='word_1_399' title='bbox 820 2338 851 2364; x_wconf 85' lang='lat' dir='ltr'><strong>El</strong></span> <span class='ocrx_word' id='word_1_400' title='bbox 868 2337 896 2364; x_wconf 83' lang='grc' dir='ltr'><strong>δέ</strong></span> <span class='ocrx_word' id='word_1_401' title='bbox 918 2346 945 2363; x_wconf 89' lang='grc' dir='ltr'><strong>τι</strong></span> 
     </span>
    </p>
   </div>
   <div class='ocr_carea' id='block_1_65' title="bbox 142 2384 935 2422">
    <p class='ocr_par' dir='ltr' id='par_1_65' title="bbox 142 2384 935 2422">
     <span class='ocr_line' id='line_1_65' title="bbox 142 2384 935 2422; baseline -0.005 -8"><span class='ocrx_word' id='word_1_402' title='bbox 142 2386 266 2414; x_wconf 82' lang='grc' dir='ltr'>τοιοῦτον</span> <span class='ocrx_word' id='word_1_403' title='bbox 281 2386 473 2422; x_wconf 77' lang='grc' dir='ltr'>διαπράξαιτο,</span> <span class='ocrx_word' id='word_1_404' title='bbox 491 2385 508 2420; x_wconf 84' lang='grc' dir='ltr'>ἢ</span> <span class='ocrx_word' id='word_1_405' title='bbox 527 2385 689 2416; x_wconf 78' lang='grc' dir='ltr'>παυσάσθω,</span> <span class='ocrx_word' id='word_1_406' title='bbox 704 2385 720 2421; x_wconf 85' lang='grc' dir='ltr'>ἢ</span> <span class='ocrx_word' id='word_1_407' title='bbox 738 2384 935 2419; x_wconf 82' lang='grc' dir='ltr'>καθαιρείσθω.</span> 
     </span>
    </p>
   </div>
   <div class='ocr_carea' id='block_1_66' title="bbox 183 2430 945 2469">
    <p class='ocr_par' dir='ltr' id='par_1_66' title="bbox 183 2430 945 2469">
     <span class='ocr_line' id='line_1_66' title="bbox 183 2430 945 2469; baseline -0.005 -8"><span class='ocrx_word' id='word_1_408' title='bbox 183 2437 208 2462; x_wconf 92' lang='grc' dir='ltr'><strong>ι’.</strong></span> <span class='ocrx_word' id='word_1_409' title='bbox 232 2434 409 2466; x_wconf 83' lang='grc' dir='ltr'>Ἐπίσκοπος,</span> <span class='ocrx_word' id='word_1_410' title='bbox 437 2433 454 2469; x_wconf 86' lang='grc' dir='ltr'><strong>ἢ</strong></span> <span class='ocrx_word' id='word_1_411' title='bbox 480 2432 709 2468; x_wconf 76' lang='grc' dir='ltr'>πρεσϐύτερος,ἢ</span> <span class='ocrx_word' id='word_1_412' title='bbox 734 2432 869 2464; x_wconf 83' lang='grc' dir='ltr'>διάκονος,</span> <span class='ocrx_word' id='word_1_413' title='bbox 899 2430 945 2457; x_wconf 84' lang='grc' dir='ltr'><strong>τό·</strong></span> 
     </span>
    </p>
   </div>
   <div class='ocr_carea' id='block_1_67' title="bbox 142 2477 946 2515">
    <p class='ocr_par' dir='ltr' id='par_1_67' title="bbox 142 2477 946 2515">
     <span class='ocr_line' id='line_1_67' title="bbox 142 2477 946 2515; baseline -0.005 -8"><span class='ocrx_word' id='word_1_414' title='bbox 142 2489 210 2511; x_wconf 89' lang='grc' dir='ltr'>κους</span> <span class='ocrx_word' id='word_1_415' title='bbox 229 2479 306 2515; x_wconf 70' lang='grc' dir='ltr'>ἣτάς</span> <span class='ocrx_word' id='word_1_416' title='bbox 330 2479 480 2515; x_wconf 79' lang='grc' dir='ltr'>λεγομένας</span> <span class='ocrx_word' id='word_1_417' title='bbox 494 2478 645 2510; x_wconf 77' lang='grc' dir='ltr'>ἑκατοστάς</span> <span class='ocrx_word' id='word_1_418' title='bbox 660 2478 820 2514; x_wconf 68' lang='grc' dir='ltr'>λαμϐάνων,</span> <span class='ocrx_word' id='word_1_419' title='bbox 839 2477 946 2503; x_wconf 78' lang='grc' dir='ltr'>παυσά-</span> 
     </span>
    </p>
   </div>
   <div class='ocr_carea' id='block_1_68' title="bbox 143 2525 455 2561">
    <p class='ocr_par' dir='ltr' id='par_1_68' title="bbox 143 2525 455 2561">
     <span class='ocr_line' id='line_1_68' title="bbox 143 2525 455 2561; baseline 0 -8"><span class='ocrx_word' id='word_1_420' title='bbox 143 2527 202 2553; x_wconf 84' lang='grc' dir='ltr'><strong>σθω</strong></span> <span class='ocrx_word' id='word_1_421' title='bbox 224 2526 242 2561; x_wconf 80' lang='grc' dir='ltr'>ἢ</span> <span class='ocrx_word' id='word_1_422' title='bbox 258 2525 455 2561; x_wconf 77' lang='grc' dir='ltr'>καθαιρείσθω.</span> 
     </span>
    </p>
   </div>
   <div class='ocr_carea' id='block_1_69' title="bbox 182 2569 944 2608">
    <p class='ocr_par' dir='ltr' id='par_1_69' title="bbox 182 2569 944 2608">
     <span class='ocr_line' id='line_1_69' title="bbox 182 2569 944 2608; baseline -0.005 -8"><span class='ocrx_word' id='word_1_423' title='bbox 182 2576 228 2600; x_wconf 90' lang='grc' dir='ltr'>ια’.</span> <span class='ocrx_word' id='word_1_424' title='bbox 248 2572 352 2608; x_wconf 79' lang='grc' dir='ltr'>Μηδεὶς</span> <span class='ocrx_word' id='word_1_425' title='bbox 368 2572 423 2599; x_wconf 90' lang='grc' dir='ltr'>τῶν</span> <span class='ocrx_word' id='word_1_426' title='bbox 445 2573 474 2599; x_wconf 79' lang='grc' dir='ltr'>ἐν</span> <span class='ocrx_word' id='word_1_427' title='bbox 494 2570 623 2608; x_wconf 77' lang='grc' dir='ltr'>ἱερατικῷ</span> <span class='ocrx_word' id='word_1_428' title='bbox 649 2569 876 2606; x_wconf 82' lang='grc' dir='ltr'>καταλεγομένων</span> <span class='ocrx_word' id='word_1_429' title='bbox 894 2570 944 2596; x_wconf 63' lang='grc' dir='ltr'><strong>τάα</strong></span> 
     </span>
    </p>
   </div>
   <div class='ocr_carea' id='block_1_70' title="bbox 143 2616 944 2655">
    <p class='ocr_par' dir='ltr' id='par_1_70' title="bbox 143 2616 944 2655">
     <span class='ocr_line' id='line_1_70' title="bbox 143 2616 944 2655; baseline -0.005 -9"><span class='ocrx_word' id='word_1_430' title='bbox 143 2627 241 2655; x_wconf 83' lang='grc' dir='ltr'>γματι,</span> <span class='ocrx_word' id='word_1_431' title='bbox 249 2618 265 2654; x_wconf 88' lang='grc' dir='ltr'>ἢ</span> <span class='ocrx_word' id='word_1_432' title='bbox 272 2618 408 2651; x_wconf 77' lang='grc' dir='ltr'>λαῑκδςτὰ</span> <span class='ocrx_word' id='word_1_433' title='bbox 418 2617 493 2654; x_wconf 71' lang='grc' dir='ltr'>παρὰ</span> <span class='ocrx_word' id='word_1_434' title='bbox 505 2618 560 2645; x_wconf 88' lang='grc' dir='ltr'><strong>τῶν</strong></span> <span class='ocrx_word' id='word_1_435' title='bbox 573 2617 708 2645; x_wconf 80' lang='grc' dir='ltr'>Ἰουδαίων</span> <span class='ocrx_word' id='word_1_436' title='bbox 717 2617 810 2652; x_wconf 78' lang='grc' dir='ltr'>ἄζυμα</span> <span class='ocrx_word' id='word_1_437' title='bbox 819 2616 944 2647; x_wconf 73' lang='grc' dir='ltr'>ἐσθιέτω,</span> 
     </span>
    </p>
   </div>
   <div class='ocr_carea' id='block_1_71' title="bbox 143 2663 944 2702">
    <p class='ocr_par' dir='ltr' id='par_1_71' title="bbox 143 2663 944 2702">
     <span class='ocr_line' id='line_1_71' title="bbox 143 2663 944 2702; baseline -0.004 -10"><span class='ocrx_word' id='word_1_438' title='bbox 143 2666 162 2702; x_wconf 83' lang='grc' dir='ltr'>ἦ</span> <span class='ocrx_word' id='word_1_439' title='bbox 176 2666 282 2698; x_wconf 87' lang='grc' dir='ltr'>τούτοις</span> <span class='ocrx_word' id='word_1_440' title='bbox 294 2665 535 2701; x_wconf 82' lang='grc' dir='ltr'>προσοικειούσθω,</span> <span class='ocrx_word' id='word_1_441' title='bbox 555 2664 610 2700; x_wconf 72' lang='grc' dir='ltr'>ἢέν</span> <span class='ocrx_word' id='word_1_442' title='bbox 621 2664 711 2696; x_wconf 83' lang='grc' dir='ltr'>νόσοις</span> <span class='ocrx_word' id='word_1_443' title='bbox 722 2663 944 2699; x_wconf 80' lang='grc' dir='ltr'>προσκαλείσθω,</span> 
     </span>
    </p>
   </div>
   <div class='ocr_carea' id='block_1_72' title="bbox 145 2710 946 2748">
    <p class='ocr_par' dir='ltr' id='par_1_72' title="bbox 145 2710 946 2748">
     <span class='ocr_line' id='line_1_72' title="bbox 145 2710 946 2748; baseline -0.004 -9"><span class='ocrx_word' id='word_1_444' title='bbox 145 2712 194 2739; x_wconf 72' lang='grc' dir='ltr'>καὶ.</span> <span class='ocrx_word' id='word_1_445' title='bbox 222 2712 345 2748; x_wconf 75' lang='grc' dir='ltr'>ἰατρείας</span> <span class='ocrx_word' id='word_1_446' title='bbox 373 2712 440 2747; x_wconf 80' lang='grc' dir='ltr'>παρ’</span> <span class='ocrx_word' id='word_1_447' title='bbox 462 2711 551 2738; x_wconf 67' lang='grc' dir='ltr'>αὑτῶν</span> <span class='ocrx_word' id='word_1_448' title='bbox 577 2710 750 2746; x_wconf 81' lang='grc' dir='ltr'>λαμϐανέτω,</span> <span class='ocrx_word' id='word_1_449' title='bbox 774 2710 836 2745; x_wconf 77' lang='grc' dir='ltr'>ἢέν</span> <span class='ocrx_word' id='word_1_450' title='bbox 859 2710 946 2745; x_wconf 76' lang='grc' dir='ltr'>βαλα-</span> 
     </span>
    </p>
   </div>
   <div class='ocr_carea' id='block_1_73' title="bbox 145 2756 945 2790">
    <p class='ocr_par' dir='ltr' id='par_1_73' title="bbox 145 2756 945 2790">
     <span class='ocr_line' id='line_1_73' title="bbox 145 2756 945 2790; baseline -0.004 -5"><span class='ocrx_word' id='word_1_451' title='bbox 145 2759 228 2790; x_wconf 79' lang='grc' dir='ltr'>νείοις</span> <span class='ocrx_word' id='word_1_452' title='bbox 243 2758 348 2790; x_wconf 81' lang='grc' dir='ltr'>τούτοις</span> <span class='ocrx_word' id='word_1_453' title='bbox 362 2757 501 2788; x_wconf 85' lang='grc' dir='ltr'>παντελῶς</span> <span class='ocrx_word' id='word_1_454' title='bbox 514 2757 684 2784; x_wconf 84' lang='grc' dir='ltr'>συλλουέσθω</span> <span class='ocrx_word' id='word_1_455' title='bbox 699 2764 705 2771; x_wconf 87' lang='grc'><strong>·</strong></span> <span class='ocrx_word' id='word_1_456' title='bbox 725 2757 750 2783; x_wconf 83' lang='grc' dir='ltr'><strong>εί</strong></span> <span class='ocrx_word' id='word_1_457' title='bbox 766 2756 795 2783; x_wconf 77' lang='grc' dir='ltr'><strong>δέ</strong></span> <span class='ocrx_word' id='word_1_458' title='bbox 807 2765 849 2788; x_wconf 87' lang='grc' dir='ltr'><strong>τις</strong></span> <span class='ocrx_word' id='word_1_459' title='bbox 864 2756 945 2783; x_wconf 80' lang='grc' dir='ltr'>τοῦτο</span> 
     </span>
    </p>
   </div>
   <div class='ocr_carea' id='block_1_74' title="bbox 146 2802 944 2840">
    <p class='ocr_par' dir='ltr' id='par_1_74' title="bbox 146 2802 944 2840">
     <span class='ocr_line' id='line_1_74' title="bbox 146 2802 944 2840; baseline -0.001 -10"><span class='ocrx_word' id='word_1_460' title='bbox 146 2804 251 2839; x_wconf 75' lang='grc' dir='ltr'>πρᾶξαι</span> <span class='ocrx_word' id='word_1_461' title='bbox 269 2804 434 2840; x_wconf 80' lang='grc' dir='ltr'>ἐπιχειροίη,</span> <span class='ocrx_word' id='word_1_462' title='bbox 452 2804 476 2829; x_wconf 84' lang='grc' dir='ltr'><strong>εἰ</strong></span> <span class='ocrx_word' id='word_1_463' title='bbox 493 2803 543 2839; x_wconf 79' lang='grc' dir='ltr'>μὲν</span> <span class='ocrx_word' id='word_1_464' title='bbox 569 2803 699 2840; x_wconf 81' lang='grc' dir='ltr'>κληρικὸς</span> <span class='ocrx_word' id='word_1_465' title='bbox 714 2802 769 2838; x_wconf 73' lang='grc' dir='ltr'>εἴη,</span> <span class='ocrx_word' id='word_1_466' title='bbox 801 2802 944 2838; x_wconf 77' lang='grc' dir='ltr'>καθαιρεί-</span> 
     </span>
    </p>
   </div>
   <div class='ocr_carea' id='block_1_75' title="bbox 148 2849 625 2886">
    <p class='ocr_par' dir='ltr' id='par_1_75' title="bbox 148 2849 625 2886">
     <span class='ocr_line' id='line_1_75' title="bbox 148 2849 625 2886; baseline -0.002 -9"><span class='ocrx_word' id='word_1_467' title='bbox 148 2850 215 2878; x_wconf 86' lang='grc' dir='ltr'>σθω·</span> <span class='ocrx_word' id='word_1_468' title='bbox 231 2851 256 2877; x_wconf 82' lang='grc' dir='ltr'><strong>εί</strong></span> <span class='ocrx_word' id='word_1_469' title='bbox 272 2850 301 2878; x_wconf 84' lang='grc' dir='ltr'>δὲ</span> <span class='ocrx_word' id='word_1_470' title='bbox 318 2850 422 2884; x_wconf 69' lang='grc' dir='ltr'>λαϊκὸς,</span> <span class='ocrx_word' id='word_1_471' title='bbox 441 2849 625 2886; x_wconf 76' lang='grc' dir='ltr'>ἁφοριζὲσθω.</span> 
     </span>
    </p>
   </div>
   <div class='ocr_carea' id='block_1_76' title="bbox 168 2897 568 2944">
    <p class='ocr_par' dir='ltr' id='par_1_76' title="bbox 168 2897 568 2944">
     <span class='ocr_line' id='line_1_76' title="bbox 168 2897 568 2944; baseline 0.005 -10"><span class='ocrx_word' id='word_1_472' title='bbox 168 2897 175 2902; x_wconf 65' lang='grc'><strong>’</strong></span> <span class='ocrx_word' id='word_1_473' title='bbox 185 2907 206 2923; x_wconf 77' lang='grc'><strong>³⁷</strong></span> <span class='ocrx_word' id='word_1_474' title='bbox 220 2907 321 2944; x_wconf 81' lang='lat' dir='ltr'><strong>Confer</strong></span> <span class='ocrx_word' id='word_1_475' title='bbox 335 2915 397 2936; x_wconf 85' lang='lat' dir='ltr'><strong>can.</strong></span> <span class='ocrx_word' id='word_1_476' title='bbox 415 2912 504 2944; x_wconf 85' lang='lat' dir='ltr'><strong>apost.</strong></span> <span class='ocrx_word' id='word_1_477' title='bbox 521 2907 568 2936; x_wconf 76' lang='grc'><strong>28.</strong></span> 
     </span>
    </p>
   </div>
   <div class='ocr_carea' id='block_1_77' title="bbox 149 2942 384 2977">
    <p class='ocr_par' dir='ltr' id='par_1_77' title="bbox 149 2942 384 2977">
     <span class='ocr_line' id='line_1_77' title="bbox 149 2942 384 2977; baseline -0.004 -5"><span class='ocrx_word' id='word_1_478' title='bbox 149 2942 263 2972; x_wconf 83' lang='lat' dir='ltr'><strong>Laodic.</strong></span> <span class='ocrx_word' id='word_1_479' title='bbox 277 2943 323 2977; x_wconf 80' lang='lat'><strong>57,</strong></span> <span class='ocrx_word' id='word_1_480' title='bbox 339 2945 384 2971; x_wconf 78' lang='lat'><strong>58.</strong></span> 
     </span>
    </p>
   </div>
   <div class='ocr_carea' id='block_1_78' title="bbox 981 980 1776 1016">
    <p class='ocr_par' dir='ltr' id='par_1_78' title="bbox 981 980 1776 1016">
     <span class='ocr_line' id='line_1_78' title="bbox 981 980 1776 1016; baseline -0.006 -5"><span class='ocrx_word' id='word_1_481' title='bbox 981 983 1086 1012; x_wconf 87' lang='lat' dir='ltr'><strong>inventi</strong></span> <span class='ocrx_word' id='word_1_482' title='bbox 1100 982 1212 1014; x_wconf 81' lang='lat' dir='ltr'><strong>fuerint,</strong></span> <span class='ocrx_word' id='word_1_483' title='bbox 1241 989 1271 1009; x_wconf 87' lang='lat' dir='ltr'><strong>se</strong></span> <span class='ocrx_word' id='word_1_484' title='bbox 1282 981 1428 1016; x_wconf 72' lang='lat' dir='ltr'><strong>iactantes,</strong></span> <span class='ocrx_word' id='word_1_485' title='bbox 1446 981 1486 1007; x_wconf 92' lang='lat' dir='ltr'><strong>vel</strong></span> <span class='ocrx_word' id='word_1_486' title='bbox 1514 980 1674 1008; x_wconf 80' lang='lat' dir='ltr'><strong>sodalitates</strong></span> <span class='ocrx_word' id='word_1_487' title='bbox 1699 987 1776 1007; x_wconf 90' lang='lat' dir='ltr'><strong>com-</strong></span> 
     </span>
    </p>
   </div>
   <div class='ocr_carea' id='block_1_79' title="bbox 981 1026 1776 1066">
    <p class='ocr_par' dir='ltr' id='par_1_79' title="bbox 981 1026 1776 1066">
     <span class='ocr_line' id='line_1_79' title="bbox 981 1026 1776 1066; baseline -0.009 -8"><span class='ocrx_word' id='word_1_488' title='bbox 981 1035 1128 1066; x_wconf 72' lang='lat' dir='ltr'><strong>parantes,</strong></span> <span class='ocrx_word' id='word_1_489' title='bbox 1144 1028 1186 1056; x_wconf 85' lang='lat' dir='ltr'><strong>vel</strong></span> <span class='ocrx_word' id='word_1_490' title='bbox 1207 1027 1308 1062; x_wconf 79' lang='lat' dir='ltr'><strong>aliquid</strong></span> <span class='ocrx_word' id='word_1_491' title='bbox 1336 1031 1474 1055; x_wconf 87' lang='lat' dir='ltr'><strong>struentes</strong></span> <span class='ocrx_word' id='word_1_492' title='bbox 1495 1034 1528 1054; x_wconf 82' lang='lat' dir='ltr'><strong>ac</strong></span> <span class='ocrx_word' id='word_1_493' title='bbox 1556 1026 1702 1054; x_wconf 89' lang='lat' dir='ltr'><strong>molientes</strong></span> <span class='ocrx_word' id='word_1_494' title='bbox 1729 1026 1776 1052; x_wconf 63' lang='lat' dir='ltr'><strong>all-</strong></span> 
     </span>
    </p>
   </div>
   <div class='ocr_carea' id='block_1_80' title="bbox 980 1072 1776 1111">
    <p class='ocr_par' dir='ltr' id='par_1_80' title="bbox 980 1072 1776 1111">
     <span class='ocr_line' id='line_1_80' title="bbox 980 1072 1776 1111; baseline -0.006 -7"><span class='ocrx_word' id='word_1_495' title='bbox 980 1084 1078 1105; x_wconf 89' lang='lat' dir='ltr'><strong>versus</strong></span> <span class='ocrx_word' id='word_1_496' title='bbox 1087 1076 1231 1111; x_wconf 84' lang='lat' dir='ltr'><strong>episcopos</strong></span> <span class='ocrx_word' id='word_1_497' title='bbox 1246 1082 1279 1102; x_wconf 88' lang='lat' dir='ltr'><strong>ac</strong></span> <span class='ocrx_word' id='word_1_498' title='bbox 1293 1073 1420 1105; x_wconf 82' lang='lat' dir='ltr'><strong>clericos,</strong></span> <span class='ocrx_word' id='word_1_499' title='bbox 1436 1073 1549 1108; x_wconf 85' lang='lat' dir='ltr'><strong>proprio</strong></span> <span class='ocrx_word' id='word_1_500' title='bbox 1565 1072 1652 1108; x_wconf 77' lang='lat' dir='ltr'><strong>gradu</strong></span> <span class='ocrx_word' id='word_1_501' title='bbox 1663 1072 1776 1100; x_wconf 88' lang='lat' dir='ltr'><strong>omnino</strong></span> 
     </span>
    </p>
   </div>
   <div class='ocr_carea' id='block_1_81' title="bbox 981 1122 1118 1150">
    <p class='ocr_par' dir='ltr' id='par_1_81' title="bbox 981 1122 1118 1150">
     <span class='ocr_line' id='line_1_81' title="bbox 981 1122 1118 1150; baseline -0.015 0"><span class='ocrx_word' id='word_1_502' title='bbox 981 1122 1118 1150; x_wconf 81' lang='lat' dir='ltr'><strong>excident.</strong></span> 
     </span>
    </p>
   </div>
   <div class='ocr_carea' id='block_1_82' title="bbox 1018 1164 1780 1201">
    <p class='ocr_par' dir='ltr' id='par_1_82' title="bbox 1018 1164 1780 1201">
     <span class='ocr_line' id='line_1_82' title="bbox 1018 1164 1780 1201; baseline -0.003 -7"><span class='ocrx_word' id='word_1_503' title='bbox 1018 1168 1064 1195; x_wconf 77' lang='grc'>27.</span> <span class='ocrx_word' id='word_1_504' title='bbox 1087 1167 1142 1194; x_wconf 87' lang='lat' dir='ltr'><strong>Eos</strong></span> <span class='ocrx_word' id='word_1_505' title='bbox 1158 1167 1204 1201; x_wconf 91' lang='lat' dir='ltr'><strong>qui</strong></span> <span class='ocrx_word' id='word_1_506' title='bbox 1223 1165 1334 1194; x_wconf 84' lang='lat' dir='ltr'><strong>nomine</strong></span> <span class='ocrx_word' id='word_1_507' title='bbox 1362 1164 1482 1200; x_wconf 72' lang='lat' dir='ltr'><strong>coniugii</strong></span> <span class='ocrx_word' id='word_1_508' title='bbox 1508 1164 1638 1193; x_wconf 85' lang='lat' dir='ltr'><strong>mulieres</strong></span> <span class='ocrx_word' id='word_1_509' title='bbox 1667 1164 1780 1199; x_wconf 89' lang='lat' dir='ltr'><strong>rapiunt</strong></span> 
     </span>
    </p>
   </div>
   <div class='ocr_carea' id='block_1_83' title="bbox 983 1211 1778 1249">
    <p class='ocr_par' dir='ltr' id='par_1_83' title="bbox 983 1211 1778 1249">
     <span class='ocr_line' id='line_1_83' title="bbox 983 1211 1778 1249; baseline -0.006 -7"><span class='ocrx_word' id='word_1_510' title='bbox 983 1215 1027 1242; x_wconf 86' lang='lat' dir='ltr'><strong>vel</strong></span> <span class='ocrx_word' id='word_1_511' title='bbox 1050 1221 1129 1249; x_wconf 86' lang='lat' dir='ltr'><strong>opem</strong></span> <span class='ocrx_word' id='word_1_512' title='bbox 1145 1214 1250 1246; x_wconf 80' lang='lat' dir='ltr'><strong>fcrtlut,</strong></span> <span class='ocrx_word' id='word_1_513' title='bbox 1279 1220 1312 1240; x_wconf 87' lang='lat' dir='ltr'><strong>ac</strong></span> <span class='ocrx_word' id='word_1_514' title='bbox 1328 1212 1506 1240; x_wconf 83' lang='lat' dir='ltr'><strong>consentiunt</strong></span> <span class='ocrx_word' id='word_1_515' title='bbox 1530 1211 1563 1239; x_wconf 93' lang='lat' dir='ltr'><strong>iis</strong></span> <span class='ocrx_word' id='word_1_516' title='bbox 1584 1211 1630 1246; x_wconf 88' lang='lat' dir='ltr'><strong>qui</strong></span> <span class='ocrx_word' id='word_1_517' title='bbox 1655 1212 1778 1247; x_wconf 87' lang='lat' dir='ltr'><strong>rapiunt,</strong></span> 
     </span>
    </p>
   </div>
   <div class='ocr_carea' id='block_1_84' title="bbox 985 1257 1780 1296">
    <p class='ocr_par' dir='ltr' id='par_1_84' title="bbox 985 1257 1780 1296">
     <span class='ocr_line' id='line_1_84' title="bbox 985 1257 1780 1296; baseline -0.008 -6"><span class='ocrx_word' id='word_1_518' title='bbox 985 1261 1082 1290; x_wconf 84' lang='lat' dir='ltr'><strong>statuit</strong></span> <span class='ocrx_word' id='word_1_519' title='bbox 1112 1260 1244 1296; x_wconf 88' lang='lat' dir='ltr'><strong>synodus,</strong></span> <span class='ocrx_word' id='word_1_520' title='bbox 1279 1258 1302 1286; x_wconf 88' lang='lat' dir='ltr'><strong>si</strong></span> <span class='ocrx_word' id='word_1_521' title='bbox 1333 1259 1388 1286; x_wconf 89' lang='lat' dir='ltr'><strong>sint</strong></span> <span class='ocrx_word' id='word_1_522' title='bbox 1411 1257 1521 1293; x_wconf 88' lang='lat' dir='ltr'><strong>quidem</strong></span> <span class='ocrx_word' id='word_1_523' title='bbox 1541 1257 1646 1288; x_wconf 84' lang='lat' dir='ltr'><strong>clerici,</strong></span> <span class='ocrx_word' id='word_1_524' title='bbox 1668 1257 1780 1292; x_wconf 84' lang='lat' dir='ltr'><strong>proprio</strong></span> 
     </span>
    </p>
   </div>
   <div class='ocr_carea' id='block_1_85' title="bbox 985 1303 1725 1342">
    <p class='ocr_par' dir='ltr' id='par_1_85' title="bbox 985 1303 1725 1342">
     <span class='ocr_line' id='line_1_85' title="bbox 985 1303 1725 1342; baseline -0.007 -8"><span class='ocrx_word' id='word_1_525' title='bbox 985 1307 1070 1342; x_wconf 76' lang='lat' dir='ltr'><strong>gradu</strong></span> <span class='ocrx_word' id='word_1_526' title='bbox 1081 1306 1224 1338; x_wconf 80' lang='lat' dir='ltr'><strong>excidere;</strong></span> <span class='ocrx_word' id='word_1_527' title='bbox 1240 1305 1282 1332; x_wconf 75' lang='lat' dir='ltr'><strong>sin</strong></span> <span class='ocrx_word' id='word_1_528' title='bbox 1295 1308 1387 1332; x_wconf 82' lang='lat' dir='ltr'><strong>autem</strong></span> <span class='ocrx_word' id='word_1_529' title='bbox 1402 1303 1475 1337; x_wconf 81' lang='lat' dir='ltr'><strong>laici,</strong></span> <span class='ocrx_word' id='word_1_530' title='bbox 1487 1303 1725 1331; x_wconf 82' lang='lat' dir='ltr'><strong>anatliematizari.</strong></span> 
     </span>
    </p>
   </div>
   <div class='ocr_carea' id='block_1_86' title="bbox 1154 1411 1616 1441">
    <p class='ocr_par' dir='ltr' id='par_1_86' title="bbox 1154 1411 1616 1441">
     <span class='ocr_line' id='line_1_86' title="bbox 1154 1411 1616 1441; baseline -0.006 0"><span class='ocrx_word' id='word_1_531' title='bbox 1154 1413 1268 1441; x_wconf 77' lang='lat' dir='ltr'><strong>Conrilii</strong></span> <span class='ocrx_word' id='word_1_532' title='bbox 1281 1411 1449 1440; x_wconf 79' lang='lat' dir='ltr'><strong>Sardiccnsis</strong></span> <span class='ocrx_word' id='word_1_533' title='bbox 1469 1420 1556 1438; x_wconf 82' lang='lat' dir='ltr'><strong>canon</strong></span> <span class='ocrx_word' id='word_1_534' title='bbox 1570 1411 1616 1438; x_wconf 72' lang='grc'>21.</span> 
     </span>
    </p>
   </div>
   <div class='ocr_carea' id='block_1_87' title="bbox 1022 1457 1780 1495">
    <p class='ocr_par' dir='ltr' id='par_1_87' title="bbox 1022 1457 1780 1495">
     <span class='ocr_line' id='line_1_87' title="bbox 1022 1457 1780 1495; baseline -0.004 -5"><span class='ocrx_word' id='word_1_535' title='bbox 1022 1463 1068 1490; x_wconf 62' lang='grc'><strong>91.</strong></span> <span class='ocrx_word' id='word_1_536' title='bbox 1079 1461 1251 1489; x_wconf 82' lang='lat' dir='ltr'><strong>Gaudentius</strong></span> <span class='ocrx_word' id='word_1_537' title='bbox 1272 1459 1418 1495; x_wconf 84' lang='lat' dir='ltr'><strong>episcopus</strong></span> <span class='ocrx_word' id='word_1_538' title='bbox 1430 1458 1498 1486; x_wconf 80' lang='lat' dir='ltr'><strong>dixit</strong></span> <span class='ocrx_word' id='word_1_539' title='bbox 1513 1467 1519 1485; x_wconf 92' lang='lat'><strong>:</strong></span> <span class='ocrx_word' id='word_1_540' title='bbox 1534 1457 1598 1486; x_wconf 64' lang='lat' dir='ltr'><strong>Haec</strong></span> <span class='ocrx_word' id='word_1_541' title='bbox 1613 1459 1780 1492; x_wconf 79' lang='lat' dir='ltr'><strong>salutariter,</strong></span> 
     </span>
    </p>
   </div>
   <div class='ocr_carea' id='block_1_88' title="bbox 987 1506 1257 1543">
    <p class='ocr_par' dir='ltr' id='par_1_88' title="bbox 987 1506 1257 1543">
     <span class='ocr_line' id='line_1_88' title="bbox 987 1506 1257 1543; baseline -0.011 -7"><span class='ocrx_word' id='word_1_542' title='bbox 987 1513 1053 1540; x_wconf 88' lang='lat' dir='ltr'><strong>ctc.,</strong></span> <span class='ocrx_word' id='word_1_543' title='bbox 1067 1512 1097 1535; x_wconf 86' lang='lat' dir='ltr'><strong>ut</strong></span> <span class='ocrx_word' id='word_1_544' title='bbox 1115 1515 1177 1543; x_wconf 81' lang='lat' dir='ltr'><strong>pag.</strong></span> <span class='ocrx_word' id='word_1_545' title='bbox 1193 1506 1257 1534; x_wconf 85' lang='lat'><strong>666.</strong></span> 
     </span>
    </p>
   </div>
   <div class='ocr_carea' id='block_1_89' title="bbox 1025 1551 1784 1587">
    <p class='ocr_par' dir='ltr' id='par_1_89' title="bbox 1025 1551 1784 1587">
     <span class='ocr_line' id='line_1_89' title="bbox 1025 1551 1784 1587; baseline -0.005 -5"><span class='ocrx_word' id='word_1_546' title='bbox 1025 1555 1111 1583; x_wconf 89' lang='lat' dir='ltr'><strong>Porro</strong></span> <span class='ocrx_word' id='word_1_547' title='bbox 1137 1557 1229 1580; x_wconf 85' lang='lat' dir='ltr'><strong>autem</strong></span> <span class='ocrx_word' id='word_1_548' title='bbox 1260 1552 1313 1579; x_wconf 86' lang='lat' dir='ltr'><strong>hoc</strong></span> <span class='ocrx_word' id='word_1_549' title='bbox 1326 1559 1436 1587; x_wconf 83' lang='lat' dir='ltr'><strong>quoque</strong></span> <span class='ocrx_word' id='word_1_550' title='bbox 1451 1551 1524 1579; x_wconf 88' lang='lat' dir='ltr'><strong>illius</strong></span> <span class='ocrx_word' id='word_1_551' title='bbox 1535 1551 1586 1579; x_wconf 86' lang='lat' dir='ltr'><strong>erit</strong></span> <span class='ocrx_word' id='word_1_552' title='bbox 1600 1551 1718 1579; x_wconf 76' lang='lat' dir='ltr'><strong>maxime</strong></span> <span class='ocrx_word' id='word_1_553' title='bbox 1733 1558 1784 1578; x_wconf 89' lang='lat' dir='ltr'><strong>no-</strong></span> 
     </span>
    </p>
   </div>
   <div class='ocr_carea' id='block_1_90' title="bbox 947 1600 1338 1638">
    <p class='ocr_par' dir='ltr' id='par_1_90' title="bbox 947 1600 1338 1638">
     <span class='ocr_line' id='line_1_90' title="bbox 947 1600 1338 1638; baseline -0.01 -7"><span class='ocrx_word' id='word_1_554' title='bbox 947 1606 969 1638; x_wconf 73' lang='grc' dir='ltr'>Ο</span> <span class='ocrx_word' id='word_1_555' title='bbox 987 1608 1056 1635; x_wconf 83' lang='lat' dir='ltr'><strong>tum,</strong></span> <span class='ocrx_word' id='word_1_556' title='bbox 1073 1607 1139 1635; x_wconf 87' lang='lat' dir='ltr'><strong>etc.,</strong></span> <span class='ocrx_word' id='word_1_557' title='bbox 1157 1606 1186 1628; x_wconf 89' lang='lat' dir='ltr'><strong>ut</strong></span> <span class='ocrx_word' id='word_1_558' title='bbox 1199 1609 1260 1636; x_wconf 82' lang='lat' dir='ltr'><strong>pag.</strong></span> <span class='ocrx_word' id='word_1_559' title='bbox 1274 1600 1338 1628; x_wconf 76' lang='lat'><strong>666.</strong></span> 
     </span>
    </p>
   </div>
   <div class='ocr_carea' id='block_1_91' title="bbox 1025 1646 1783 1684">
    <p class='ocr_par' dir='ltr' id='par_1_91' title="bbox 1025 1646 1783 1684">
     <span class='ocr_line' id='line_1_91' title="bbox 1025 1646 1783 1684; baseline 0.004 -10"><span class='ocrx_word' id='word_1_560' title='bbox 1025 1649 1107 1684; x_wconf 69' lang='lat'><strong>276</strong></span> <span class='ocrx_word' id='word_1_561' title='bbox 1130 1647 1243 1675; x_wconf 81' lang='lat' dir='ltr'><strong>Concilii</strong></span> <span class='ocrx_word' id='word_1_562' title='bbox 1268 1646 1420 1674; x_wconf 72' lang='grc' dir='ltr'>ωοιινηεηὶεὶ</span> <span class='ocrx_word' id='word_1_563' title='bbox 1447 1654 1474 1674; x_wconf 87' lang='lat' dir='ltr'><strong>vl</strong></span> <span class='ocrx_word' id='word_1_564' title='bbox 1496 1655 1608 1675; x_wconf 73' lang='lat' dir='ltr'><strong>canones</strong></span> <span class='ocrx_word' id='word_1_565' title='bbox 1624 1648 1651 1681; x_wconf 79' lang='lat'><strong>5,</strong></span> <span class='ocrx_word' id='word_1_566' title='bbox 1670 1648 1696 1682; x_wconf 81' lang='grc'>4,</span> <span class='ocrx_word' id='word_1_567' title='bbox 1716 1648 1742 1683; x_wconf 78' lang='lat'><strong>5,</strong></span> <span class='ocrx_word' id='word_1_568' title='bbox 1756 1648 1783 1681; x_wconf 85' lang='lat'><strong>9.</strong></span> 
     </span>
    </p>
   </div>
   <div class='ocr_carea' id='block_1_92' title="bbox 1256 1693 1480 1728">
    <p class='ocr_par' dir='ltr' id='par_1_92' title="bbox 1256 1693 1480 1728">
     <span class='ocr_line' id='line_1_92' title="bbox 1256 1693 1480 1728; baseline 0.009 -8"><span class='ocrx_word' id='word_1_569' title='bbox 1256 1693 1301 1725; x_wconf 79' lang='grc' dir='ltr'><strong>ιο,</strong></span> <span class='ocrx_word' id='word_1_570' title='bbox 1317 1694 1419 1728; x_wconf 71' lang='lat'><strong>11,86,</strong></span> <span class='ocrx_word' id='word_1_571' title='bbox 1435 1694 1480 1722; x_wconf 86' lang='lat'><strong>97.</strong></span> 
     </span>
    </p>
   </div>
   <div class='ocr_carea' id='block_1_93' title="bbox 1027 1739 1406 1777">
    <p class='ocr_par' dir='ltr' id='par_1_93' title="bbox 1027 1739 1406 1777">
     <span class='ocr_line' id='line_1_93' title="bbox 1027 1739 1406 1777; baseline -0.008 -8"><span class='ocrx_word' id='word_1_572' title='bbox 1027 1742 1064 1769; x_wconf 77' lang='lat' dir='ltr'><strong>De</strong></span> <span class='ocrx_word' id='word_1_573' title='bbox 1078 1740 1237 1777; x_wconf 72' lang='lat' dir='ltr'><strong>presbyteris</strong></span> <span class='ocrx_word' id='word_1_574' title='bbox 1254 1744 1278 1767; x_wconf 86' lang='lat' dir='ltr'><strong>et</strong></span> <span class='ocrx_word' id='word_1_575' title='bbox 1293 1739 1406 1767; x_wconf 73' lang='lat' dir='ltr'><strong>clericis.</strong></span> 
     </span>
    </p>
   </div>
   <div class='ocr_carea' id='block_1_94' title="bbox 1025 1787 1782 1824">
    <p class='ocr_par' dir='ltr' id='par_1_94' title="bbox 1025 1787 1782 1824">
     <span class='ocr_line' id='line_1_94' title="bbox 1025 1787 1782 1824; baseline -0.001 -7"><span class='ocrx_word' id='word_1_576' title='bbox 1025 1790 1053 1817; x_wconf 84' lang='grc'>5.</span> <span class='ocrx_word' id='word_1_577' title='bbox 1071 1789 1207 1822; x_wconf 86' lang='lat' dir='ltr'><strong>Quoniam</strong></span> <span class='ocrx_word' id='word_1_578' title='bbox 1219 1788 1350 1824; x_wconf 86' lang='lat' dir='ltr'><strong>veroquis</strong></span> <span class='ocrx_word' id='word_1_579' title='bbox 1359 1787 1705 1824; x_wconf 70' lang='lat' dir='ltr'><strong>piusCln-istiqneamator,</strong></span> <span class='ocrx_word' id='word_1_580' title='bbox 1716 1794 1782 1822; x_wconf 86' lang='lat' dir='ltr'><strong>etc.,</strong></span> 
     </span>
    </p>
   </div>
   <div class='ocr_carea' id='block_1_95' title="bbox 991 1837 1177 1872">
    <p class='ocr_par' dir='ltr' id='par_1_95' title="bbox 991 1837 1177 1872">
     <span class='ocr_line' id='line_1_95' title="bbox 991 1837 1177 1872; baseline -0.011 -7"><span class='ocrx_word' id='word_1_581' title='bbox 991 1843 1020 1865; x_wconf 82' lang='lat' dir='ltr'><strong>ut</strong></span> <span class='ocrx_word' id='word_1_582' title='bbox 1033 1846 1095 1872; x_wconf 84' lang='lat' dir='ltr'><strong>pag.</strong></span> <span class='ocrx_word' id='word_1_583' title='bbox 1111 1837 1177 1864; x_wconf 80' lang='lat' dir='ltr'><strong>5H.</strong></span> 
     </span>
    </p>
   </div>
   <div class='ocr_carea' id='block_1_96' title="bbox 1026 1881 1788 1919">
    <p class='ocr_par' dir='ltr' id='par_1_96' title="bbox 1026 1881 1788 1919">
     <span class='ocr_line' id='line_1_96' title="bbox 1026 1881 1788 1919; baseline 0 -9"><span class='ocrx_word' id='word_1_584' title='bbox 1026 1884 1053 1910; x_wconf 74' lang='grc'>4.</span> <span class='ocrx_word' id='word_1_585' title='bbox 1071 1882 1100 1910; x_wconf 85' lang='lat' dir='ltr'><strong>Si</strong></span> <span class='ocrx_word' id='word_1_586' title='bbox 1125 1883 1188 1918; x_wconf 89' lang='lat' dir='ltr'><strong>quis</strong></span> <span class='ocrx_word' id='word_1_587' title='bbox 1203 1881 1225 1898; x_wconf 72' lang='grc'><strong>⁸⁷</strong></span> <span class='ocrx_word' id='word_1_588' title='bbox 1243 1882 1401 1917; x_wconf 88' lang='lat' dir='ltr'><strong>episcopus,</strong></span> <span class='ocrx_word' id='word_1_589' title='bbox 1425 1882 1466 1909; x_wconf 74' lang='lat' dir='ltr'><strong>vol</strong></span> <span class='ocrx_word' id='word_1_590' title='bbox 1484 1882 1633 1919; x_wconf 77' lang='lat' dir='ltr'><strong>presbyter,</strong></span> <span class='ocrx_word' id='word_1_591' title='bbox 1660 1883 1702 1911; x_wconf 87' lang='lat' dir='ltr'><strong>vel</strong></span> <span class='ocrx_word' id='word_1_592' title='bbox 1727 1883 1788 1910; x_wconf 80' lang='lat' dir='ltr'><strong>dia-</strong></span> 
     </span>
    </p>
   </div>
   <div class='ocr_carea' id='block_1_97' title="bbox 991 1928 1787 1964">
    <p class='ocr_par' dir='ltr' id='par_1_97' title="bbox 991 1928 1787 1964">
     <span class='ocr_line' id='line_1_97' title="bbox 991 1928 1787 1964; baseline 0 -7"><span class='ocrx_word' id='word_1_593' title='bbox 991 1937 1089 1962; x_wconf 86' lang='lat' dir='ltr'><strong>conus,</strong></span> <span class='ocrx_word' id='word_1_594' title='bbox 1110 1929 1152 1956; x_wconf 90' lang='lat' dir='ltr'><strong>vel</strong></span> <span class='ocrx_word' id='word_1_595' title='bbox 1169 1928 1365 1961; x_wconf 85' lang='lat' dir='ltr'><strong>subdiaconus,</strong></span> <span class='ocrx_word' id='word_1_596' title='bbox 1390 1928 1432 1956; x_wconf 90' lang='lat' dir='ltr'><strong>vcl</strong></span> <span class='ocrx_word' id='word_1_597' title='bbox 1449 1929 1544 1962; x_wconf 85' lang='lat' dir='ltr'><strong>lector,</strong></span> <span class='ocrx_word' id='word_1_598' title='bbox 1563 1929 1607 1957; x_wconf 86' lang='lat' dir='ltr'><strong>vel</strong></span> <span class='ocrx_word' id='word_1_599' title='bbox 1625 1935 1731 1964; x_wconf 86' lang='lat' dir='ltr'><strong>cantor,</strong></span> <span class='ocrx_word' id='word_1_600' title='bbox 1746 1931 1787 1958; x_wconf 85' lang='lat' dir='ltr'><strong>vel</strong></span> 
     </span>
    </p>
   </div>
   <div class='ocr_carea' id='block_1_98' title="bbox 993 1974 1788 2011">
    <p class='ocr_par' dir='ltr' id='par_1_98' title="bbox 993 1974 1788 2011">
     <span class='ocr_line' id='line_1_98' title="bbox 993 1974 1788 2011; baseline -0.001 -7"><span class='ocrx_word' id='word_1_601' title='bbox 993 1976 1137 2009; x_wconf 84' lang='lat' dir='ltr'><strong>ostiarius,</strong></span> <span class='ocrx_word' id='word_1_602' title='bbox 1154 1982 1217 2002; x_wconf 89' lang='lat' dir='ltr'><strong>cum</strong></span> <span class='ocrx_word' id='word_1_603' title='bbox 1234 1975 1349 2002; x_wconf 88' lang='lat' dir='ltr'><strong>muliere</strong></span> <span class='ocrx_word' id='word_1_604' title='bbox 1367 1974 1421 2001; x_wconf 91' lang='lat' dir='ltr'><strong>Deo</strong></span> <span class='ocrx_word' id='word_1_605' title='bbox 1437 1975 1525 2002; x_wconf 86' lang='lat' dir='ltr'><strong>dicata</strong></span> <span class='ocrx_word' id='word_1_606' title='bbox 1543 1975 1652 2008; x_wconf 84' lang='lat' dir='ltr'><strong>coierit,</strong></span> <span class='ocrx_word' id='word_1_607' title='bbox 1666 1976 1788 2011; x_wconf 88' lang='lat' dir='ltr'><strong>depona-</strong></span> 
     </span>
    </p>
   </div>
   <div class='ocr_carea' id='block_1_99' title="bbox 993 2021 1785 2057">
    <p class='ocr_par' dir='ltr' id='par_1_99' title="bbox 993 2021 1785 2057">
     <span class='ocr_line' id='line_1_99' title="bbox 993 2021 1785 2057; baseline 0.001 -7"><span class='ocrx_word' id='word_1_608' title='bbox 993 2028 1049 2055; x_wconf 90' lang='lat' dir='ltr'><strong>tur,</strong></span> <span class='ocrx_word' id='word_1_609' title='bbox 1064 2027 1093 2049; x_wconf 94' lang='lat' dir='ltr'><strong>ut</strong></span> <span class='ocrx_word' id='word_1_610' title='bbox 1107 2022 1154 2057; x_wconf 92' lang='lat' dir='ltr'><strong>qui</strong></span> <span class='ocrx_word' id='word_1_611' title='bbox 1168 2021 1269 2049; x_wconf 90' lang='lat' dir='ltr'><strong>Christi</strong></span> <span class='ocrx_word' id='word_1_612' title='bbox 1287 2029 1396 2056; x_wconf 65' lang='lat' dir='ltr'><strong>sponsae</strong></span> <span class='ocrx_word' id='word_1_613' title='bbox 1411 2022 1507 2049; x_wconf 90' lang='lat' dir='ltr'><strong>vitium</strong></span> <span class='ocrx_word' id='word_1_614' title='bbox 1523 2022 1662 2057; x_wconf 80' lang='lat' dir='ltr'><strong>attulerit;</strong></span> <span class='ocrx_word' id='word_1_615' title='bbox 1676 2023 1719 2051; x_wconf 90' lang='lat' dir='ltr'><strong>sin</strong></span> <span class='ocrx_word' id='word_1_616' title='bbox 1735 2031 1785 2051; x_wconf 85' lang='lat' dir='ltr'><strong>au-</strong></span> 
     </span>
    </p>
   </div>
   <div class='ocr_carea' id='block_1_100' title="bbox 992 2070 1347 2105">
    <p class='ocr_par' dir='ltr' id='par_1_100' title="bbox 992 2070 1347 2105">
     <span class='ocr_line' id='line_1_100' title="bbox 992 2070 1347 2105; baseline -0.006 -7"><span class='ocrx_word' id='word_1_617' title='bbox 992 2075 1045 2098; x_wconf 87' lang='lat' dir='ltr'><strong>tem</strong></span> <span class='ocrx_word' id='word_1_618' title='bbox 1063 2070 1161 2102; x_wconf 79' lang='lat' dir='ltr'><strong>laicus,</strong></span> <span class='ocrx_word' id='word_1_619' title='bbox 1179 2074 1347 2105; x_wconf 78' lang='lat' dir='ltr'><strong>segregctur.</strong></span> 
     </span>
    </p>
   </div>
   <div class='ocr_carea' id='block_1_101' title="bbox 1029 2114 1785 2153">
    <p class='ocr_par' dir='ltr' id='par_1_101' title="bbox 1029 2114 1785 2153">
     <span class='ocr_line' id='line_1_101' title="bbox 1029 2114 1785 2153; baseline 0.003 -11"><span class='ocrx_word' id='word_1_620' title='bbox 1029 2117 1055 2143; x_wconf 83' lang='lat'><strong>5.</strong></span> <span class='ocrx_word' id='word_1_621' title='bbox 1073 2115 1174 2148; x_wconf 88' lang='lat' dir='ltr'><strong>Nullus</strong></span> <span class='ocrx_word' id='word_1_622' title='bbox 1199 2115 1272 2143; x_wconf 90' lang='lat' dir='ltr'><strong>enim</strong></span> <span class='ocrx_word' id='word_1_623' title='bbox 1288 2115 1334 2150; x_wconf 91' lang='lat' dir='ltr'><strong>qui</strong></span> <span class='ocrx_word' id='word_1_624' title='bbox 1351 2115 1378 2142; x_wconf 90' lang='lat' dir='ltr'><strong>iu</strong></span> <span class='ocrx_word' id='word_1_625' title='bbox 1393 2114 1564 2144; x_wconf 85' lang='lat' dir='ltr'><strong>sacerdotem</strong></span> <span class='ocrx_word' id='word_1_626' title='bbox 1575 2136 1583 2149; x_wconf 87' lang='lat'><strong>,</strong></span> <span class='ocrx_word' id='word_1_627' title='bbox 1595 2119 1662 2150; x_wconf 87' lang='lat' dir='ltr'><strong>etc.,</strong></span> <span class='ocrx_word' id='word_1_628' title='bbox 1679 2121 1708 2144; x_wconf 79' lang='lat' dir='ltr'><strong>ut</strong></span> <span class='ocrx_word' id='word_1_629' title='bbox 1723 2124 1785 2153; x_wconf 79' lang='lat' dir='ltr'><strong>pag.</strong></span> 
     </span>
    </p>
   </div>
   <div class='ocr_carea' id='block_1_102' title="bbox 991 2162 1055 2190">
    <p class='ocr_par' dir='ltr' id='par_1_102' title="bbox 991 2162 1055 2190">
     <span class='ocr_line' id='line_1_102' title="bbox 991 2162 1055 2190; baseline -0.016 0"><span class='ocrx_word' id='word_1_630' title='bbox 991 2162 1055 2190; x_wconf 73' lang='grc'><strong>219.</strong></span> 
     </span>
    </p>
   </div>
   <div class='ocr_carea' id='block_1_103' title="bbox 1030 2206 1789 2243">
    <p class='ocr_par' dir='ltr' id='par_1_103' title="bbox 1030 2206 1789 2243">
     <span class='ocr_line' id='line_1_103' title="bbox 1030 2206 1789 2243; baseline 0.001 -7"><span class='ocrx_word' id='word_1_631' title='bbox 1030 2209 1058 2236; x_wconf 87' lang='lat'><strong>9.</strong></span> <span class='ocrx_word' id='word_1_632' title='bbox 1084 2206 1156 2235; x_wconf 87' lang='lat' dir='ltr'><strong>Nulli</strong></span> <span class='ocrx_word' id='word_1_633' title='bbox 1182 2207 1264 2235; x_wconf 89' lang='lat' dir='ltr'><strong>licere</strong></span> <span class='ocrx_word' id='word_1_634' title='bbox 1289 2207 1311 2223; x_wconf 75' lang='grc'><strong>⁸⁸</strong></span> <span class='ocrx_word' id='word_1_635' title='bbox 1336 2207 1436 2235; x_wconf 89' lang='lat' dir='ltr'><strong>clerico</strong></span> <span class='ocrx_word' id='word_1_636' title='bbox 1463 2208 1664 2243; x_wconf 88' lang='lat' dir='ltr'><strong>cauponariam</strong></span> <span class='ocrx_word' id='word_1_637' title='bbox 1687 2209 1789 2237; x_wconf 85' lang='lat' dir='ltr'><strong>habere</strong></span> 
     </span>
    </p>
   </div>
   <div class='ocr_carea' id='block_1_104' title="bbox 997 2253 1790 2290">
    <p class='ocr_par' dir='ltr' id='par_1_104' title="bbox 997 2253 1790 2290">
     <span class='ocr_line' id='line_1_104' title="bbox 997 2253 1790 2290; baseline 0.004 -9"><span class='ocrx_word' id='word_1_638' title='bbox 997 2254 1151 2281; x_wconf 82' lang='lat' dir='ltr'><strong>tabernam.</strong></span> <span class='ocrx_word' id='word_1_639' title='bbox 1178 2253 1208 2281; x_wconf 88' lang='lat' dir='ltr'><strong>Si</strong></span> <span class='ocrx_word' id='word_1_640' title='bbox 1230 2253 1304 2281; x_wconf 90' lang='lat' dir='ltr'><strong>enim</strong></span> <span class='ocrx_word' id='word_1_641' title='bbox 1329 2254 1356 2280; x_wconf 94' lang='lat' dir='ltr'><strong>in</strong></span> <span class='ocrx_word' id='word_1_642' title='bbox 1374 2261 1527 2289; x_wconf 81' lang='lat' dir='ltr'><strong>cauponam</strong></span> <span class='ocrx_word' id='word_1_643' title='bbox 1552 2255 1656 2290; x_wconf 74' lang='lat' dir='ltr'><strong>ingredi</strong></span> <span class='ocrx_word' id='word_1_644' title='bbox 1676 2263 1731 2283; x_wconf 93' lang='lat' dir='ltr'><strong>non</strong></span> <span class='ocrx_word' id='word_1_645' title='bbox 1747 2261 1790 2285; x_wconf 83' lang='lat' dir='ltr'><strong>est</strong></span> 
     </span>
    </p>
   </div>
   <div class='ocr_carea' id='block_1_105' title="bbox 995 2300 1790 2336">
    <p class='ocr_par' dir='ltr' id='par_1_105' title="bbox 995 2300 1790 2336">
     <span class='ocr_line' id='line_1_105' title="bbox 995 2300 1790 2336; baseline 0.004 -9"><span class='ocrx_word' id='word_1_646' title='bbox 995 2300 1172 2336; x_wconf 80' lang='lat' dir='ltr'><strong>permissum,</strong></span> <span class='ocrx_word' id='word_1_647' title='bbox 1193 2304 1298 2334; x_wconf 88' lang='lat' dir='ltr'><strong>quanto</strong></span> <span class='ocrx_word' id='word_1_648' title='bbox 1325 2300 1412 2335; x_wconf 82' lang='lat' dir='ltr'><strong>magis</strong></span> <span class='ocrx_word' id='word_1_649' title='bbox 1437 2300 1498 2327; x_wconf 85' lang='lat' dir='ltr'><strong>aliis</strong></span> <span class='ocrx_word' id='word_1_650' title='bbox 1516 2300 1542 2326; x_wconf 93' lang='lat' dir='ltr'><strong>in</strong></span> <span class='ocrx_word' id='word_1_651' title='bbox 1560 2308 1591 2327; x_wconf 78' lang='lat' dir='ltr'><strong>ea</strong></span> <span class='ocrx_word' id='word_1_652' title='bbox 1619 2301 1790 2335; x_wconf 81' lang='lat' dir='ltr'><strong>ministrare,</strong></span> 
     </span>
    </p>
   </div>
   <div class='ocr_carea' id='block_1_106' title="bbox 997 2344 1788 2381">
    <p class='ocr_par' dir='ltr' id='par_1_106' title="bbox 997 2344 1788 2381">
     <span class='ocr_line' id='line_1_106' title="bbox 997 2344 1788 2381; baseline 0.003 -8"><span class='ocrx_word' id='word_1_653' title='bbox 997 2350 1025 2374; x_wconf 89' lang='lat' dir='ltr'><strong>et</strong></span> <span class='ocrx_word' id='word_1_654' title='bbox 1044 2353 1076 2373; x_wconf 86' lang='lat' dir='ltr'><strong>ea</strong></span> <span class='ocrx_word' id='word_1_655' title='bbox 1099 2353 1160 2380; x_wconf 63' lang='lat' dir='ltr'><strong>quae</strong></span> <span class='ocrx_word' id='word_1_656' title='bbox 1184 2352 1239 2372; x_wconf 92' lang='lat' dir='ltr'><strong>non</strong></span> <span class='ocrx_word' id='word_1_657' title='bbox 1264 2345 1326 2372; x_wconf 88' lang='lat' dir='ltr'><strong>licet</strong></span> <span class='ocrx_word' id='word_1_658' title='bbox 1341 2344 1391 2380; x_wconf 90' lang='lat' dir='ltr'><strong>ipsi</strong></span> <span class='ocrx_word' id='word_1_659' title='bbox 1419 2345 1557 2372; x_wconf 85' lang='lat' dir='ltr'><strong>tractare?</strong></span> <span class='ocrx_word' id='word_1_660' title='bbox 1573 2344 1602 2372; x_wconf 88' lang='lat' dir='ltr'><strong>Si</strong></span> <span class='ocrx_word' id='word_1_661' title='bbox 1617 2345 1683 2381; x_wconf 89' lang='lat' dir='ltr'><strong>quid</strong></span> <span class='ocrx_word' id='word_1_662' title='bbox 1697 2352 1788 2375; x_wconf 88' lang='lat' dir='ltr'><strong>autem</strong></span> 
     </span>
    </p>
   </div>
   <div class='ocr_carea' id='block_1_107' title="bbox 995 2391 1586 2425">
    <p class='ocr_par' dir='ltr' id='par_1_107' title="bbox 995 2391 1586 2425">
     <span class='ocr_line' id='line_1_107' title="bbox 995 2391 1586 2425; baseline 0 -5"><span class='ocrx_word' id='word_1_663' title='bbox 995 2392 1050 2420; x_wconf 80' lang='lat' dir='ltr'><strong>tale</strong></span> <span class='ocrx_word' id='word_1_664' title='bbox 1064 2391 1171 2424; x_wconf 83' lang='lat' dir='ltr'><strong>fecerit,</strong></span> <span class='ocrx_word' id='word_1_665' title='bbox 1189 2391 1231 2418; x_wconf 88' lang='lat' dir='ltr'><strong>vel</strong></span> <span class='ocrx_word' id='word_1_666' title='bbox 1243 2395 1343 2424; x_wconf 86' lang='lat' dir='ltr'><strong>cesset,</strong></span> <span class='ocrx_word' id='word_1_667' title='bbox 1365 2391 1407 2418; x_wconf 91' lang='lat' dir='ltr'><strong>vel</strong></span> <span class='ocrx_word' id='word_1_668' title='bbox 1421 2392 1586 2425; x_wconf 89' lang='lat' dir='ltr'><strong>deponatur.</strong></span> 
     </span>
    </p>
   </div>
   <div class='ocr_carea' id='block_1_108' title="bbox 1032 2435 1790 2475">
    <p class='ocr_par' dir='ltr' id='par_1_108' title="bbox 1032 2435 1790 2475">
     <span class='ocr_line' id='line_1_108' title="bbox 1032 2435 1790 2475; baseline 0.005 -12"><span class='ocrx_word' id='word_1_669' title='bbox 1032 2436 1076 2464; x_wconf 79' lang='grc'><strong>10.</strong></span> <span class='ocrx_word' id='word_1_670' title='bbox 1105 2436 1256 2472; x_wconf 78' lang='lat' dir='ltr'><strong>Episcopus</strong></span> <span class='ocrx_word' id='word_1_671' title='bbox 1271 2435 1306 2467; x_wconf 70' lang='grc'><strong>⁸⁸,</strong></span> <span class='ocrx_word' id='word_1_672' title='bbox 1334 2437 1484 2472; x_wconf 85' lang='lat' dir='ltr'><strong>presbyter,</strong></span> <span class='ocrx_word' id='word_1_673' title='bbox 1507 2438 1548 2464; x_wconf 89' lang='lat' dir='ltr'><strong>vel</strong></span> <span class='ocrx_word' id='word_1_674' title='bbox 1572 2437 1717 2472; x_wconf 88' lang='lat' dir='ltr'><strong>diaconus,</strong></span> <span class='ocrx_word' id='word_1_675' title='bbox 1742 2440 1790 2475; x_wconf 89' lang='lat' dir='ltr'><strong>qui</strong></span> 
     </span>
    </p>
   </div>
   <div class='ocr_carea' id='block_1_109' title="bbox 997 2481 1792 2520">
    <p class='ocr_par' dir='ltr' id='par_1_109' title="bbox 997 2481 1792 2520">
     <span class='ocr_line' id='line_1_109' title="bbox 997 2481 1792 2520; baseline 0.004 -10"><span class='ocrx_word' id='word_1_676' title='bbox 997 2490 1109 2513; x_wconf 82' lang='lat' dir='ltr'><strong>usuras,</strong></span> <span class='ocrx_word' id='word_1_677' title='bbox 1135 2481 1177 2509; x_wconf 87' lang='lat' dir='ltr'><strong>vel</strong></span> <span class='ocrx_word' id='word_1_678' title='bbox 1197 2490 1258 2516; x_wconf 71' lang='lat' dir='ltr'><strong>qua:</strong></span> <span class='ocrx_word' id='word_1_679' title='bbox 1278 2481 1409 2509; x_wconf 82' lang='lat' dir='ltr'><strong>dicuntur</strong></span> <span class='ocrx_word' id='word_1_680' title='bbox 1431 2484 1598 2512; x_wconf 87' lang='lat' dir='ltr'><strong>centesimas</strong></span> <span class='ocrx_word' id='word_1_681' title='bbox 1615 2484 1725 2520; x_wconf 88' lang='lat' dir='ltr'><strong>accipit,</strong></span> <span class='ocrx_word' id='word_1_682' title='bbox 1750 2487 1792 2513; x_wconf 82' lang='lat' dir='ltr'><strong>vel</strong></span> 
     </span>
    </p>
   </div>
   <div class='ocr_carea' id='block_1_110' title="bbox 999 2527 1334 2562">
    <p class='ocr_par' dir='ltr' id='par_1_110' title="bbox 999 2527 1334 2562">
     <span class='ocr_line' id='line_1_110' title="bbox 999 2527 1334 2562; baseline -0.003 -7"><span class='ocrx_word' id='word_1_683' title='bbox 999 2532 1100 2560; x_wconf 85' lang='lat' dir='ltr'><strong>cesset,</strong></span> <span class='ocrx_word' id='word_1_684' title='bbox 1115 2527 1156 2554; x_wconf 88' lang='lat' dir='ltr'><strong>vel</strong></span> <span class='ocrx_word' id='word_1_685' title='bbox 1172 2527 1334 2562; x_wconf 79' lang='lat' dir='ltr'><strong>deponatur.</strong></span> 
     </span>
    </p>
   </div>
   <div class='ocr_carea' id='block_1_111' title="bbox 1036 2571 1794 2608">
    <p class='ocr_par' dir='ltr' id='par_1_111' title="bbox 1036 2571 1794 2608">
     <span class='ocr_line' id='line_1_111' title="bbox 1036 2571 1794 2608; baseline 0.004 -8"><span class='ocrx_word' id='word_1_686' title='bbox 1036 2572 1081 2600; x_wconf 79' lang='grc' dir='ltr'><strong>Μ.</strong></span> <span class='ocrx_word' id='word_1_687' title='bbox 1107 2571 1193 2599; x_wconf 86' lang='lat' dir='ltr'><strong>Nemo</strong></span> <span class='ocrx_word' id='word_1_688' title='bbox 1219 2579 1315 2600; x_wconf 89' lang='lat' dir='ltr'><strong>eorum</strong></span> <span class='ocrx_word' id='word_1_689' title='bbox 1332 2573 1354 2589; x_wconf 80' lang='grc'><strong>⁸⁸</strong></span> <span class='ocrx_word' id='word_1_690' title='bbox 1383 2573 1430 2608; x_wconf 92' lang='lat' dir='ltr'><strong>qui</strong></span> <span class='ocrx_word' id='word_1_691' title='bbox 1450 2573 1478 2601; x_wconf 94' lang='lat' dir='ltr'><strong>in</strong></span> <span class='ocrx_word' id='word_1_692' title='bbox 1506 2574 1669 2602; x_wconf 90' lang='lat' dir='ltr'><strong>sacerdotali</strong></span> <span class='ocrx_word' id='word_1_693' title='bbox 1696 2575 1794 2603; x_wconf 88' lang='lat' dir='ltr'><strong>ordine</strong></span> 
     </span>
    </p>
   </div>
   <div class='ocr_carea' id='block_1_112' title="bbox 1000 2618 1795 2656">
    <p class='ocr_par' dir='ltr' id='par_1_112' title="bbox 1000 2618 1795 2656">
     <span class='ocr_line' id='line_1_112' title="bbox 1000 2618 1795 2656; baseline 0.005 -11"><span class='ocrx_word' id='word_1_694' title='bbox 1000 2622 1210 2651; x_wconf 84' lang='lat' dir='ltr'><strong>enumerantur,</strong></span> <span class='ocrx_word' id='word_1_695' title='bbox 1231 2619 1272 2645; x_wconf 90' lang='lat' dir='ltr'><strong>vel</strong></span> <span class='ocrx_word' id='word_1_696' title='bbox 1289 2618 1385 2651; x_wconf 89' lang='lat' dir='ltr'><strong>laicus,</strong></span> <span class='ocrx_word' id='word_1_697' title='bbox 1410 2618 1569 2648; x_wconf 65' lang='lat' dir='ltr'><strong>Iudaeorum</strong></span> <span class='ocrx_word' id='word_1_698' title='bbox 1586 2629 1681 2656; x_wconf 80' lang='lat' dir='ltr'><strong>azyma</strong></span> <span class='ocrx_word' id='word_1_699' title='bbox 1704 2629 1795 2649; x_wconf 58' lang='lat' dir='ltr'><strong>come</strong></span> 
     </span>
    </p>
   </div>
   <div class='ocr_carea' id='block_1_113' title="bbox 1001 2664 1794 2701">
    <p class='ocr_par' dir='ltr' id='par_1_113' title="bbox 1001 2664 1794 2701">
     <span class='ocr_line' id='line_1_113' title="bbox 1001 2664 1794 2701; baseline 0.004 -9"><span class='ocrx_word' id='word_1_700' title='bbox 1001 2664 1059 2698; x_wconf 87' lang='lat' dir='ltr'><strong>dat,</strong></span> <span class='ocrx_word' id='word_1_701' title='bbox 1074 2665 1115 2692; x_wconf 92' lang='lat' dir='ltr'><strong>vel</strong></span> <span class='ocrx_word' id='word_1_702' title='bbox 1133 2665 1217 2692; x_wconf 85' lang='lat' dir='ltr'><strong>ullam</strong></span> <span class='ocrx_word' id='word_1_703' title='bbox 1232 2673 1294 2693; x_wconf 93' lang='lat' dir='ltr'><strong>cum</strong></span> <span class='ocrx_word' id='word_1_704' title='bbox 1307 2666 1347 2693; x_wconf 90' lang='lat' dir='ltr'><strong>eis</strong></span> <span class='ocrx_word' id='word_1_705' title='bbox 1367 2665 1585 2695; x_wconf 82' lang='lat' dir='ltr'><strong>familiaritatem</strong></span> <span class='ocrx_word' id='word_1_706' title='bbox 1602 2668 1685 2701; x_wconf 82' lang='lat' dir='ltr'><strong>ineat,</strong></span> <span class='ocrx_word' id='word_1_707' title='bbox 1707 2668 1749 2695; x_wconf 91' lang='lat' dir='ltr'><strong>vel</strong></span> <span class='ocrx_word' id='word_1_708' title='bbox 1765 2667 1794 2695; x_wconf 86' lang='lat' dir='ltr'><strong>in</strong></span> 
     </span>
    </p>
   </div>
   <div class='ocr_carea' id='block_1_114' title="bbox 1003 2710 1795 2747">
    <p class='ocr_par' dir='ltr' id='par_1_114' title="bbox 1003 2710 1795 2747">
     <span class='ocr_line' id='line_1_114' title="bbox 1003 2710 1795 2747; baseline 0.003 -9"><span class='ocrx_word' id='word_1_709' title='bbox 1003 2710 1106 2738; x_wconf 81' lang='lat' dir='ltr'><strong>morbis</strong></span> <span class='ocrx_word' id='word_1_710' title='bbox 1121 2715 1254 2743; x_wconf 85' lang='lat' dir='ltr'><strong>accersat,</strong></span> <span class='ocrx_word' id='word_1_711' title='bbox 1272 2710 1313 2738; x_wconf 85' lang='lat' dir='ltr'><strong>vel</strong></span> <span class='ocrx_word' id='word_1_712' title='bbox 1326 2711 1361 2738; x_wconf 84' lang='lat' dir='ltr'><strong>ab</strong></span> <span class='ocrx_word' id='word_1_713' title='bbox 1373 2711 1414 2738; x_wconf 89' lang='lat' dir='ltr'><strong>eis</strong></span> <span class='ocrx_word' id='word_1_714' title='bbox 1437 2712 1589 2740; x_wconf 80' lang='lat' dir='ltr'><strong>medicinas</strong></span> <span class='ocrx_word' id='word_1_715' title='bbox 1604 2713 1731 2747; x_wconf 86' lang='lat' dir='ltr'><strong>accipiat,</strong></span> <span class='ocrx_word' id='word_1_716' title='bbox 1752 2714 1795 2741; x_wconf 89' lang='lat' dir='ltr'><strong>vel</strong></span> 
     </span>
    </p>
   </div>
   <div class='ocr_carea' id='block_1_115' title="bbox 1001 2756 1796 2793">
    <p class='ocr_par' dir='ltr' id='par_1_115' title="bbox 1001 2756 1796 2793">
     <span class='ocr_line' id='line_1_115' title="bbox 1001 2756 1796 2793; baseline 0.003 -9"><span class='ocrx_word' id='word_1_717' title='bbox 1001 2764 1054 2784; x_wconf 83' lang='lat' dir='ltr'><strong>uua</strong></span> <span class='ocrx_word' id='word_1_718' title='bbox 1069 2764 1132 2783; x_wconf 92' lang='lat' dir='ltr'><strong>cum</strong></span> <span class='ocrx_word' id='word_1_719' title='bbox 1149 2756 1190 2784; x_wconf 87' lang='lat' dir='ltr'><strong>eis</strong></span> <span class='ocrx_word' id='word_1_720' title='bbox 1205 2757 1232 2783; x_wconf 94' lang='lat' dir='ltr'><strong>in</strong></span> <span class='ocrx_word' id='word_1_721' title='bbox 1248 2756 1352 2785; x_wconf 79' lang='lat' dir='ltr'><strong>balneis</strong></span> <span class='ocrx_word' id='word_1_722' title='bbox 1373 2757 1488 2785; x_wconf 87' lang='lat' dir='ltr'><strong>lavetur.</strong></span> <span class='ocrx_word' id='word_1_723' title='bbox 1510 2756 1538 2785; x_wconf 90' lang='lat' dir='ltr'><strong>Si</strong></span> <span class='ocrx_word' id='word_1_724' title='bbox 1557 2759 1619 2793; x_wconf 87' lang='lat' dir='ltr'><strong>quis</strong></span> <span class='ocrx_word' id='word_1_725' title='bbox 1635 2763 1726 2786; x_wconf 85' lang='lat' dir='ltr'><strong>autem</strong></span> <span class='ocrx_word' id='word_1_726' title='bbox 1745 2760 1796 2787; x_wconf 89' lang='lat' dir='ltr'><strong>hoc</strong></span> 
     </span>
    </p>
   </div>
   <div class='ocr_carea' id='block_1_116' title="bbox 1001 2803 1796 2838">
    <p class='ocr_par' dir='ltr' id='par_1_116' title="bbox 1001 2803 1796 2838">
     <span class='ocr_line' id='line_1_116' title="bbox 1001 2803 1796 2838; baseline 0.005 -9"><span class='ocrx_word' id='word_1_727' title='bbox 1001 2804 1092 2830; x_wconf 77' lang='lat' dir='ltr'><strong>facere</strong></span> <span class='ocrx_word' id='word_1_728' title='bbox 1108 2810 1254 2838; x_wconf 73' lang='lat' dir='ltr'><strong>aggressus</strong></span> <span class='ocrx_word' id='word_1_729' title='bbox 1268 2803 1360 2835; x_wconf 82' lang='lat' dir='ltr'><strong>fuerit,</strong></span> <span class='ocrx_word' id='word_1_730' title='bbox 1386 2803 1408 2830; x_wconf 88' lang='lat' dir='ltr'><strong>si</strong></span> <span class='ocrx_word' id='word_1_731' title='bbox 1426 2804 1462 2831; x_wconf 89' lang='lat' dir='ltr'><strong>sit</strong></span> <span class='ocrx_word' id='word_1_732' title='bbox 1478 2803 1588 2838; x_wconf 89' lang='lat' dir='ltr'><strong>quidem</strong></span> <span class='ocrx_word' id='word_1_733' title='bbox 1604 2804 1731 2838; x_wconf 87' lang='lat' dir='ltr'><strong>clericus,</strong></span> <span class='ocrx_word' id='word_1_734' title='bbox 1748 2806 1796 2834; x_wconf 89' lang='lat' dir='ltr'><strong>de-</strong></span> 
     </span>
    </p>
   </div>
   <div class='ocr_carea' id='block_1_117' title="bbox 1001 2851 1603 2887">
    <p class='ocr_par' dir='ltr' id='par_1_117' title="bbox 1001 2851 1603 2887">
     <span class='ocr_line' id='line_1_117' title="bbox 1001 2851 1603 2887; baseline 0.002 -9"><span class='ocrx_word' id='word_1_735' title='bbox 1001 2856 1118 2886; x_wconf 85' lang='lat' dir='ltr'><strong>ponetur</strong></span> <span class='ocrx_word' id='word_1_736' title='bbox 1135 2859 1142 2878; x_wconf 83' lang='grc' dir='ltr'><strong>ι</strong></span> <span class='ocrx_word' id='word_1_737' title='bbox 1160 2851 1183 2878; x_wconf 88' lang='lat' dir='ltr'><strong>si</strong></span> <span class='ocrx_word' id='word_1_738' title='bbox 1198 2854 1289 2878; x_wconf 82' lang='lat' dir='ltr'><strong>autem</strong></span> <span class='ocrx_word' id='word_1_739' title='bbox 1309 2851 1409 2883; x_wconf 84' lang='lat' dir='ltr'><strong>laicus,</strong></span> <span class='ocrx_word' id='word_1_740' title='bbox 1435 2855 1603 2887; x_wconf 75' lang='lat' dir='ltr'><strong>segregetur.</strong></span> 
     </span>
    </p>
   </div>
   <div class='ocr_carea' id='block_1_118' title="bbox 623 2906 934 2945">
    <p class='ocr_par' dir='ltr' id='par_1_118' title="bbox 623 2906 934 2943">
     <span class='ocr_line' id='line_1_118' title="bbox 623 2906 934 2943; baseline -0.003 -8"><span class='ocrx_word' id='word_1_741' title='bbox 623 2906 730 2943; x_wconf 75' lang='lat' dir='ltr'><strong>&quot;_Can.</strong></span> <span class='ocrx_word' id='word_1_742' title='bbox 745 2910 833 2943; x_wconf 74' lang='lat' dir='ltr'><strong>apost.</strong></span> <span class='ocrx_word' id='word_1_743' title='bbox 847 2906 892 2941; x_wconf 84' lang='lat' dir='ltr'><strong>5i,</strong></span> <span class='ocrx_word' id='word_1_744' title='bbox 909 2906 934 2934; x_wconf 78' lang='grc' dir='ltr'><strong>ιε</strong></span> 
     </span>
    </p>
   </div>
   <div class='ocr_carea' id='block_1_119' title="bbox 998 2906 1798 2945">
    <p class='ocr_par' dir='ltr' id='par_1_119' title="bbox 998 2907 1798 2945">
     <span class='ocr_line' id='line_1_119' title="bbox 998 2907 1798 2945; baseline 0.005 -11"><span class='ocrx_word' id='word_1_745' title='bbox 998 2907 1099 2936; x_wconf 75' lang='grc' dir='ltr'>.οοι1ἱ&lt;;.</span> <span class='ocrx_word' id='word_1_746' title='bbox 1119 2907 1165 2935; x_wconf 67' lang='grc'><strong>24.</strong></span> <span class='ocrx_word' id='word_1_747' title='bbox 1204 2907 1227 2924; x_wconf 70' lang='grc'><strong>⁸⁸</strong></span> <span class='ocrx_word' id='word_1_748' title='bbox 1244 2907 1311 2936; x_wconf 72' lang='lat' dir='ltr'><strong>Con.</strong></span> <span class='ocrx_word' id='word_1_749' title='bbox 1328 2911 1416 2943; x_wconf 83' lang='lat' dir='ltr'><strong>apost.</strong></span> <span class='ocrx_word' id='word_1_750' title='bbox 1434 2907 1480 2936; x_wconf 76' lang='grc'><strong>45.</strong></span> <span class='ocrx_word' id='word_1_751' title='bbox 1522 2907 1544 2924; x_wconf 89' lang='lat'><strong>&#39;°</strong></span> <span class='ocrx_word' id='word_1_752' title='bbox 1560 2907 1628 2936; x_wconf 81' lang='lat' dir='ltr'><strong>Can.</strong></span> <span class='ocrx_word' id='word_1_753' title='bbox 1647 2913 1736 2945; x_wconf 63' lang='grc' dir='ltr'>θροεῖ.</span> <span class='ocrx_word' id='word_1_754' title='bbox 1752 2909 1798 2943; x_wconf 79' lang='lat'><strong>69;</strong></span> 
     </span>
    </p>
   </div>
  </div>
