1954 3080
187 215 239 250 751

779 205 910 236 PIlOTlI
935 203 1187 234 ΡΛΤΒΙΑΒΟΗΑΞ
1204 203 1260 234 CP.
1291 200 1297 205 ”
1349 207 1353 210 ’

1783 195 1839 228 752

222 272 303 310 277
330 270 375 298 86.
394 269 446 297 Eos
475 266 522 302 qui
550 265 582 293 ad
610 263 763 291 animarum
787 262 880 296 lapsus
901 268 988 287 mere-

1077 258 1131 291 πς’.
1151 260 1221 310 Τοὺς
1237 258 1284 310 ἐπὶ
1299 256 1394 293 ψυχῶν
1408 256 1508 292 ὀλίσοῳ
1526 257 1628 293 πόρνας
1653 256 1838 292 ἐπισυνάγον-

187 306 270 349 viges
283 306 396 353 >eogunt
412 320 438 343 et
452 314 540 346 alunt,
559 312 582 339 si
600 312 655 339 sint
681 309 793 345 quidem
811 306 914 341 clerici,
938 306 986 342 ju-

187 368 285 396 bemus
302 363 401 399 deponi
415 371 422 389 ι
438 361 461 388 si
476 367 542 388 vero
559 357 633 390 laici,
650 355 798 392 segregari.

223 413 269 441 97.
291 410 346 438 Eos
372 408 419 444 qui
447 407 490 434 vel
516 412 576 433 cum
606 410 693 431 uxore
723 401 844 434 coitant,
871 402 939 431 etc.,
957 402 988 424 ut

190 467 252 495 pag.
269 456 331 485 650.

225 504 301 532 CAP.
313 502 372 530 XV.
383 516 419 523 ——
434 499 507 533 Quas
521 498 553 525 ob
579 504 675 524 causas
689 494 822 531 quisuiam
837 495 989 528 segregetur

191 550 272 579 simul
285 553 310 577 et
324 549 480 582 deponatur,
495 544 534 572 vel
549 543 699 578 deponatur
708 545 734 568 et
746 539 930 567 communione
942 542 989 564 aut

193 596 312 625 Ecclesia
326 591 512 622 abscindatur?

299 638 486 675 Apostolorum
503 643 615 664 canones
638 633 684 667 28,
704 633 751 667 29,
767 632 814 666 50,
836 631 882 659 65.

227 689 263 717 28
276 686 345 725 [27].
361 686 390 714 Si
403 685 466 721 quis
480 684 636 719 episcopus,
652 680 694 708 vel
710 680 861 715 presbyter,
876 678 918 706 vel
932 677 991 705 dia—

192 722 289 767 conus,
299 722 373 769 iuste
384 731 418 759 ob
431 728 575 758 manifesta
587 725 701 754 crimina
710 725 862 759 depositus,
873 723 926 751 sibi
939 722 991 749 ali-

194 781 304 817 quando
320 779 454 807 creditum
471 773 658 803 ministerium
676 771 809 807 attingere
825 770 940 802 audeat,
957 769 992 797 ab

194 827 317 856 Ecclesia
332 824 444 853 omnino
460 820 648 850 abscindatur.

236 919 271 948 29
295 917 364 965 [28].
380 915 409 944 Si
421 915 483 951 quis
496 913 640 949 episcopus
660 917 708 946 per
723 908 864 945 pecunias,
880 911 946 940 etc.,
962 910 992 933 ιιι
1011 937 1031 965 Β

196 975 258 1002 pag.
271 964 333 992 515.

233 997 268 1041 ΞΟ
276 1009 344 1048 [ειη.
353 1007 381 1036 Si
395 1007 456 1042 quis
466 1005 613 1041 episcopus
623 1000 802 1031 saacularibus
812 997 994 1034 principibus,

197 1065 262 1092 ete.,
279 1061 308 1085 ut
319 1064 381 1092 pag.
397 1054 445 1082 5H
455 1073 461 1080 .

233 1105 270 1134 65
285 1102 354 1140 [65].
368 1101 398 1129 Si
415 1099 477 1135 quis
502 1097 617 1125 clericus
632 1095 674 1122 vel
692 1094 779 1121 laicus
793 1092 820 1119 in
836 1091 994 1119 Iudaeorum

197 1152 241 1180 vel
264 1137 454 1178 haereticorum
472 1149 637 1180 synagogam
656 1141 796 1175 ingressus
811 1138 848 1166 sit
859 1137 893 1165 ad
908 1144 993 1164 oran-

199 1198 281 1229 dum,
299 1195 452 1229 deponatur
465 1194 492 1218 et
507 1191 676 1224 segregetur.

233 1241 309 1270 CAP.
330 1238 403 1267 XVI.
422 1253 457 1259 —
471 1236 546 1269 Quae
563 1234 593 1262 ob
610 1239 706 1260 causas
721 1231 831 1258 clericus
845 1228 884 1257 vel
909 1229 995 1256 laicus

199 1285 451 1316 anathematizetur.

377 1327 490 1357 Concilii
502 1323 662 1361 Gangremis
677 1329 763 1350 canon
780 1321 826 1349 20.

235 1376 280 1404 20.
296 1375 325 1402 Si
355 1373 418 1409 quis
439 1370 597 1406 arrogantia
613 1373 693 1396 utens
718 1370 745 1394 et
760 1368 913 1400 martyrum
931 1371 996 1391 con-

201 1423 382 1460 gregationes,
394 1419 479 1454 278
486 1417 638 1445 abhorrens
646 1420 674 1442 et.
686 1420 763 1441 sacra
772 1420 833 1447 qua:
842 1412 868 1439 in
878 1411 918 1438 eis
927 1411 999 1438 cele-

201 1458 325 1504 hrantur,
336 1473 363 1496 et
381 1472 477 1495 eorum
489 1462 639 1492 memorias
650 1463 773 1494 accuset,
785 1459 827 1494 ,sil
839 1458 996 1486 anathema.

320 1556 432 1586 Concilii
445 1552 666 1583 Chalcedonensis
682 1557 795 1578 canones
807 1549 835 1581 2,
855 1549 882 1575 7.

238 1604 265 1631 2.
276 1602 304 1630 Si
314 1601 375 1638 quis
386 1601 533 1636 episcopus
541 1601 652 1633 propter
668 1594 799 1631 pecunias
809 1591 997 1621 ordinationes
1012 1616 1034 1646 ϐ

203 1650 310 1682 fecerit,
325 1652 390 1679 ele.,
404 1652 430 1674 ut
447 1653 509 1681 pag.
526 1644 589 1672 5l5.

241 1697 266 1722 7.
287 1695 341 1722 Eos
358 1693 405 1729 qui
429 1692 456 1719 in
482 1690 556 1718 clero
577 1687 662 1716 semel
679 1685 798 1714 ordinati
816 1689 891 1718 sunt,
912 1687 940 1711 et
958 1683 1001 1710 iti-

204 1743 266 1770 dem
283 1740 443 1770 moiiachos,
459 1736 607 1764 statuimus
629 1741 680 1762 nec
701 1733 734 1760 ad
758 1731 904 1759 militarem
919 1737 1001 1764 expe-

205 1789 349 1819 ditionem,
370 1793 421 1812 noc
435 1783 469 1811 ad
486 1782 645 1811 saecularem
669 1779 830 1815 dignitatem
853 1785 935 1813 posse
954 1783 1000 1803 ve-

207 1836 278 1863 nire.
300 1833 352 1868 Qui
376 1836 468 1859 autem
494 1829 547 1857 hoc
569 1828 687 1860 audent,
708 1831 736 1854 et
758 1833 813 1853 non
840 1822 1001 1859 paenitentia

207 1883 280 1911 ducti
298 1882 332 1909 ad
348 1881 372 1908 id
389 1882 572 1910 revertuntur,
591 1875 664 1911 quod
684 1878 798 1910 propter
821 1872 905 1900 Deum
926 1871 1002 1906 prius

207 1929 356 1965 elegerant,
373 1923 610 1954 anathematizari.

257 1973 354 2001 Basilii
365 1979 398 2000 ex
410 1969 524 2006 epistola
539 1969 573 1995 ad
589 1967 743 2003 Gregorium
759 1965 949 2001 presbyterum.

244 2055 308 2090 Legi
337 2058 398 2081 tuas
426 2052 532 2079 litteras
559 2056 621 2077 cum
637 2047 713 2075 omni
734 2045 878 2081 patientia,
894 2048 960 2076 etc.,
975 2048 1004 2070 ut

208 2110 270 2138 pag.
285 2101 349 2128 687.

383 2145 484 2181 Synodi
499 2142 605 2170 unionis
623 2148 736 2168 canones
752 2139 779 2172 5,
797 2138 823 2166 6.

246 2196 272 2224 5.
291 2195 343 2229 Qui
367 2191 517 2221 Ecclesiam
544 2193 667 2218 sanctam
695 2185 899 2214 calumniantur
931 2183 1005 2219 quod

211 2245 323 2278 quartas
333 2239 442 2274 nuptias
453 2233 717 2272 permiserit,divina
729 2233 780 2259 hoc
794 2232 829 2258 ita
844 2230 1007 2258 instituente

210 2277 367 2324 prudentia,
382 2292 443 2320 quae
457 2283 556 2310 fratres
573 2279 689 2308 adunari
703 2278 790 2306 voluit
807 2277 1002 2305 scandalorum

213 2323 333 2369 pessimo
347 2332 472 2366 exemplo
488 2333 567 2356 antea
584 2330 735 2362 separatos,
750 2324 896 2352 anathema
913 2323 959 2350 sit.

248 2427 277 2455 6.
290 2426 342 2459 Qui
357 2431 481 2452 asserere
492 2423 662 2457 praesumunt.
674 2418 747 2454 quod
762 2415 886 2445 Ecelesia
903 2415 1008 2450 purita-

213 2479 268 2502 tem
289 2477 317 2501 et
336 2471 491 2499 castitatem
508 2466 774 2500 sanctimoniamque
796 2464 889 2490 minus
905 2466 1006 2494 servet,

213 2522 269 2549 imo
285 2519 370 2556 prolis
386 2516 510 2545 fovendae
523 2522 604 2542 causa
619 2512 711 2549 gratia:
725 2519 741 2538 a
758 2511 813 2538 Deo
828 2509 899 2537 datae
914 2516 1009 2536 maen-

213 2569 267 2595 lam
288 2555 438 2601 asperserit
461 2562 554 2590 liberis
575 2561 609 2588 ob
636 2557 794 2588 scandalum
815 2555 922 2588 divisis,
939 2562 1008 2590 quos

214 2617 307 2649 postea
320 2609 502 2646 conjunxerit,
515 2606 661 2634 anathema
678 2608 750 2632 esto.

220 2746 236 2756 r
251 2754 329 2784 CAP.
344 2752 427 2780 XVII.
442 2766 476 2771 —
491 2749 532 2776 Ne
547 2748 585 2776 bis
606 2746 752 2774 vindicetur
766 2745 793 2772 in
808 2743 899 2771 eadem
916 2751 953 2770 re.

437 2841 623 2878 Apostolorum
640 2847 724 2867 canon
736 2837 783 2865 23.
803 2842 806 2843 ⁷

249 2892 297 2919 25.
314 2891 478 2926 Episcopus,
496 2887 539 2915 vel
554 2887 707 2922 presbyter,
727 2884 770 2912 vel
784 2883 927 2916 diaconus,
944 2881 994 2917 ,{or

213 2937 370 2970 nicationis,
384 2941 449 2969 etc.,
462 2940 558 2970 utpag.
571 2934 632 2961 745.

1037 314 1097 338 τας,
1118 305 1166 332 καὶ
1182 304 1378 340 ἐκτρέφοντας,
1395 304 1421 330 εί
1437 303 1486 338 μὲν
1502 303 1629 339 κληρικοὶ
1651 301 1718 337 εἷεν,
1736 303 1839 332 καθαι-

1038 350 1293 387 ρεῖσθαιδρίζομεψ
1309 351 1334 377 εί
1350 350 1378 376 δέ
1392 349 1492 381 λαῖκοὶ,
1509 349 1700 386 ἀφορίζεσθαι.
1833 367 1840 386 ,

1074 397 1200 432 ιιζ’.Τοὺς
1215 398 1232 433 ἢ
1252 397 1360 433 γαμετῇ
1380 395 1584 429 συνοικοῦντας,
1604 405 1632 424 κ.
1647 404 1674 424 τ.
1693 396 1720 424 λ.

1076 491 1202 518 ΚΕΦΑΛ.
1218 490 1270 519 IE'.
1282 505 1318 512 —
1336 491 1384 518 Ἐκ
1398 490 1494 517 ποίων
1504 490 1551 523 τίς
1565 490 1668 518 αἰτιῶν
1681 490 1717 517 ἑν
1731 490 1772 523 τῷ
1782 491 1841 518 αὑ-

1040 537 1081 570 τῷ
1097 537 1266 572 ἀφορίζεται
1281 536 1331 564 καὶ
1347 535 1543 571 καθαιρεῒται,
1557 537 1578 570 ἣ
1594 536 1775 571 καθαιρεῖται
1791 535 1843 564 καὶ

1040 582 1097 618 τῆς
1111 583 1260 615 κονωνίας
1273 581 1293 616 ἢ
1309 581 1357 608 καὶ
1368 580 1615 616 τῆς-Ἐκκλησίας
1624 582 1812 609 ἐκκόπτεται.

1155 629 1349 656 Ἀποστόλων
1358 627 1461 654 κανὼν
1475 626 1530 662 κη’,
1549 626 1602 660 xi)’,
1616 627 1650 659 λ’,
1668 627 1717 661 ξέ-

1079 678 1133 711 κη’.
1151 674 1187 702 Εἴ
1198 683 1240 706 τις
1263 673 1421 706 ἐπίσκοπος,
1448 673 1465 709 ἢ
1492 673 1689 709 πρεσϐύτερος.
1712 674 1845 709 ἢδιάκο·

1042 733 1087 755 νος
1093 722 1269 758 καθαιρεθεὶς
1281 721 1394 753 δικαίως
1405 721 1451 748 ἐπὶ
1464 721 1620 756 ἐγκλήμασι
1634 722 1771 756 φανεροῖς,
1783 722 1846 748 τολ-

1044 771 1158 807 μήσειεν
1170 768 1291 803 ἅψασθαι
1304 768 1353 803 τῆς
1367 776 1433 794 ποτε
1450 767 1670 803 ἐγχειρισθείσης
1684 767 1760 802 αὑτῷ
1773 767 1848 797 λειτ-

1042 817 1168 853 ουργίας,
1195 812 1273 847 οὗτος
1289 814 1465 842 παντάπασιν
1477 814 1655 842 ὲκκοπτέσῡω
1675 814 1724 850 τῆς
1744 814 1847 850 Ὲκλη-

1046 864 1106 894 σίας
1111 885 1117 891 .

1081 909 1134 937 κδ’.
1151 909 1185 936 El
1200 917 1242 940 τις
1256 908 1407 940 ἐπίσκοπος
1424 907 1469 935 διὰ
1482 907 1645 943 χρημάτων,
1658 916 1686 935 κ.
1702 916 1728 935 τ,
1744 907 1771 935 λ.

1080 998 1113 1027 λ’.
1129 999 1164 1027 El
1177 1007 1219 1031 τις
1234 998 1383 1030 ἐπίσκοπος
1397 998 1541 1033 κοσμικοίς
1556 997 1683 1033 ἄρχουσι,
1699 1006 1727 1025 κ.
1740 1006 1764 1026 τ,
1780 998 1808 1026 λ.

1084 1087 1131 1121 ξε¹.
1147 1087 1181 1115 El
1195 1096 1238 1119 τις
1258 1086 1389 1123 κληρικὺς
1416 1087 1432 1122 ἢ
1449 1085 1545 1118 λαῖκὺς
1563 1085 1679 1112 εἰσέλθοι
1709 1085 1749 1118 εἰς
1780 1094 1849 1113 συν-

1047 1133 1159 1170 αγωγὴν
1180 1133 1315 1161 Ἰουδαίων
1329 1133 1346 1168 ἢ
1358 1131 1505 1168 αἱρετικῶν
1523 1130 1850 1168 προσεύξασθαι,καθαι-

1049 1179 1149 1215 ρείσοω
1166 1180 1212 1206 καὶ
1231 1178 1414 1213 ἀφοριξέσθω.

1084 1225 1210 1252 ΚΕΦΑΛ.
1222 1223 1329 1258 1ζῖ¹.-
1354 1223 1402 1250 Ἐκ
1431 1222 1526 1250 ποίων
1553 1222 1656 1250 αίτιῶν
1670 1222 1817 1257 κληρικὸς
1829 1222 1849 1258 ἢ

1047 1269 1154 1303 Jama;-
1182 1268 1432 1303 ἁναθεματίζεται.

1221 1314 1358 1342 Συνόδου
1381 1313 1519 1349 Γάπτριις
1531 1314 1632 1341 κανὼν
1648 1318 1685 1341 κ’.

1084 1361 1118 1389 Εἴ
1144 1369 1186 1393 τις
1216 1359 1327 1395 αἰτιῷτο
1354 1358 1523 1394 ὑπερηφάνῳ
1562 1359 1681 1386 διαθέσει
1708 1361 1853 1395 κεχρημέ-

1049 1415 1104 1439 νος,
1125 1407 1172 1433 καὶ
1187 1405 1400 1441 βδελυσσόμενος
1412 1404 1462 1436 τὰς
1479 1403 1604 1436 συνάξεις
1620 1404 1675 1431 τῶν
1687 1405 1852 1441 μαρτύρων,

1049 1454 1066 1490 ἢ
1081 1454 1130 1486 τὰς
1148 1455 1176 1480 ἐν
1193 1454 1289 1484 αὐταῖς
1304 1451 1449 1486 γινομένας
1463 1450 1636 1486 λειτουργίας
1647 1452 1692 1478 καὶ
1705 1452 1755 1482 τὰς
1776 1452 1850 1487 μνή-

1051 1509 1105 1536 μας
1118 1499 1218 1533 αὐτῶν,
1237 1498 1361 1534 ἀνάθεμα
1376 1497 1456 1524 ἔστω.

1168 1543 1304 1571 Συνόδου
1318 1543 1514 1576 Χαλκηδόνος
1528 1543 1628 1570 κανὼν
1641 1542 1674 1578 β’,
1689 1542 1722 1575 ζ’.

1087 1588 1119 1625 β’.
1136 1588 1220 1620 Eiet;
1234 1587 1383 1618 ἐπίσκοπος
1398 1587 1444 1613 ἐπὶ
1455 1588 1578 1623 χρήμασι
1595 1587 1761 1623 χειροτονίαν
1771 1587 1854 1623 ποιή-

1052 1644 1138 1669 σαιτο,
1151 1644 1178 1662 κ.
1190 1643 1215 1661 τ.
1234 1635 1259 1661 λ.

1087 1681 1120 1714 ζ’.
1139 1682 1209 1714 Τοὺς
1222 1681 1295 1714 ἅπαξ
1311 1681 1340 1707 ἐν
1358 1680 1456 1716 κλήρῳ
1479 1680 1674 1716 τεταγμένους,
1692 1680 1708 1715 ἦ
1726 1680 1774 1706 καὶ
1805 1688 1857 1713 μο-⁴

1051 1726 1311 1761 ναστὰς,ὼρίσαμεν
1326 1726 1394 1761 μήτε
1407 1726 1453 1752 ἐπὶ
1467 1726 1612 1761 στρατείαν
1626 1726 1693 1761 μήτε
1710 1725 1757 1752 ἐπὶ
1774 1725 1857 1758 ἀξίαν

1052 1773 1187 1809 κοσμικὴν
1199 1772 1337 1808 ἕρχεσθαν
1350 1772 1367 1807 ἢ
1383 1771 1462 1799 τοῦτο
1487 1771 1644 1807 τολμῶντας
1659 1773 1706 1798 καὶ
1722 1771 1758 1806 μὴ
1775 1780 1858 1807 μετα-

1054 1818 1247 1855 μελουμένους,
1260 1817 1330 1845 ὥστε
1352 1817 1515 1853 ἐπιστρέψαι
1532 1818 1578 1844 ἐπὶ
1597 1817 1676 1844 τοῦτο
1688 1817 1701 1844 ὃ
1725 1817 1770 1844 διὰ
1786 1817 1857 1844 Θεὸν

1053 1866 1185 1900 πρότερον
1196 1864 1309 1897 εἴλοντο,
1323 1863 1584 1899 ἀναθεματίζεσθαι.

1054 1965 1216 1993 Βασιλείου
1231 1965 1265 1992 ἐκ
1283 1964 1338 1999 τῆς
1355 1963 1617 2033 ἓτέὲῗοςτᾶξιέόριον
1649 1963 1858 1998 πρεσϐύτερον

1096 2047 1239 2082 Ἐνέτυχόν
1256 2054 1303 2072 σου
1313 2046 1369 2076 τοῖς
1383 2045 1531 2081 γράμμασι
1548 2044 1617 2081 μετὰ
1632 2045 1723 2080 πάσης
1751 2051 1857 2079 μακρο-

1056 2093 1165 2129 θυμίας,
1179 2102 1207 2120 κ.
1217 2093 1271 2120 τ.λ.

1163 2139 1299 2168 Συνόὸου
1318 2139 1372 2174 τῆς
1391 2138 1527 2171 ἑνώσεως
1544 2137 1646 2166 κανὼν
1664 2137 1695 2169 ε’,
1709 2136 1746 2169 ς’.

1093 2186 1125 2214 ε’.
1146 2187 1208 2218 Τοῖς
1228 2185 1428 2220 συκοφαντοῦσι
1447 2186 1497 2220 τὴν
1519 2185 1600 2220 ἁγίαν
1617 2183 1798 2218 Ἐκκλησίαν,
1815 2184 1859 2210 ὅτι.

1057 2233 1244 2269 τετραγαμίαν
1257 2233 1377 2266 ἐδέξατο,
1395 2233 1476 2269 χάριν
1490 2233 1539 2267 τῆς
1555 2231 1665 2267 εὐδοκία
1685 2230 1755 2257 Θεοῦ
1778 2239 1860 2265 γενο-

1061 2280 1144 2315 μένης
1158 2278 1331 2314 οίκονομίας,
1347 2278 1394 2304 καὶ
1408 2278 1457 2313 τῆς
1474 2277 1654 2312 προσλήψεως
1668 2277 1714 2303 καὶ
1731 2275 1860 2308 ἐνώσεως

1058 2326 1112 2353 τῶν
1127 2325 1251 2361 ἀδελφῶν
1265 2325 1354 2360 ἡμῶν,
1367 2324 1414 2356 οὒς
1427 2325 1444 2359 ἠ
1460 2324 1514 2351 τῶν
1531 2322 1722 2359 προλαϐόντων
1740 2322 1864 2349 σκανδά-

1058 2372 1112 2399 λων
1125 2372 1199 2398 αίτία
1214 2370 1356 2407 ἐχώριζεν,
1370 2370 1506 2406 ἀνάθεμα.

1095 2417 1133 2450 ς’.
1154 2417 1216 2449 Τοῖς
1226 2416 1346 2452 τολμῶσι
1362 2416 1462 2450 λέγειν,
1488 2417 1529 2442 ὅτι
1545 2417 1560 2450 ὴ
1585 2414 1734 2450 Ἐκκλησία
1750 2413 1782 2441 τὸ
1806 2423 1863 2440 κα-

1059 2464 1142 2501 θαρὸν
1162 2464 1208 2490 καὶ
1223 2463 1359 2499 ἄχραντον
1372 2462 1402 2489 οὐ
1425 2461 1507 2495 σώζει
1530 2462 1579 2497 τῆς
1599 2461 1742 2496 ἁγιστείας
1759 2460 1861 2496 αὐτῆς,

1058 2511 1126 2539 ἀλλά
1150 2511 1289 2547 μολυςμόν
1314 2518 1375 2536 τινα
1403 2509 1605 2545 προσετρίψατο
1627 2507 1672 2534 διὰ
1693 2506 1742 2543 τὴν
1764 2507 1864 2542 χάριτι

1058 2557 1127 2586 Θεοῦ
1141 2556 1292 2592 γενομένην
1314 2555 1430 2591 σύναψιν
1447 2555 1501 2582 τῶν
1517 2555 1632 2586 τέκνων,
1647 2553 1694 2586 οὒς
1715 2554 1864 2588 διεμέρισε

1061 2605 1110 2640 μὲν
1126 2604 1156 2632 τὺ
1171 2603 1222 2639 ἤδη
1237 2602 1403 2638 προγεγονὸς
1417 2601 1564 2629 σκάνδαλον
1575 2620 1582 2634 ,
1601 2600 1704 2636 συνῆψε
1719 2599 1747 2626 δὲ
1761 2599 1779 2635 ἠ
1797 2600 1867 2626 τού-

1058 2661 1106 2678 του
1129 2650 1204 2685 παρά
1231 2649 1341 2676 πάντων
1362 2648 1430 2684 ὁμοῦ
1455 2647 1584 2684 ἀθέτησις
1607 2647 1655 2674 καὶ
1676 2645 1863 2682 ἀποκήρυξις,

1059 2697 1194 2733 ἀνάθεμα.
1210 2733 1213 2736 _

1068 2739 1083 2745 ‘
1094 2733 1234 2772 KEMA'T
1247 2742 1298 2770 ιζ’.
1320 2758 1354 2763 -
1369 2742 1434 2769 Ὀτι
1448 2743 1484 2768 οὐ
1502 2741 1562 2776 χρὴ
1576 2740 1623 2774 δις
1651 2739 1783 2767 ἐκδικεῖν
1810 2739 1868 2767 έπι

1058 2792 1099 2826 τῷ
1115 2790 1202 2825 αὐτῷ.

1279 2835 1472 2863 Ἀποστόλων
1487 2833 1587 2860 κανὼν
1598 2832 1649 2859 κε’.

1095 2885 1145 2909 κε’.
1163 2881 1345 2913 Ἐπίσκοπος,
1367 2880 1384 2916 ἢ
1406 2879 1602 2916 πρεσϐύτερος,
1622 2878 1639 2914 ἢ
1659 2877 1793 2911 διάκονος,
1814 2877 1868 2905 ἐπὶ

1063 2928 1177 2964 πορνείᾳ
1190 2928 1207 2964 ἢ
1223 2928 1361 2964 ἐπιορκία,
1373 2936 1400 2956 κ.
1415 2936 1439 2954 τ.
1459 2927 1483 2954 λ.
