1959 3061
115 153 167 185 753

273 214 434 241 Βασάείου
454 214 555 241 κανὼν
567 213 602 248 γ’,
615 214 665 249 te,
679 217 728 241 ναν.

150 260 187 292 γ’.
211 258 341 290 Διάκονος
376 259 446 294 μετὰ
469 259 520 295 τὴν
539 259 716 287 διακόνισσαν
741 260 914 296 πορνεύσας,

115 303 269 339 ἁπόσλητος
285 304 335 339 μὲν
350 305 400 339 τῆς
414 305 553 336 διακονίας
569 305 655 332 ἔσται·
673 306 712 337 εἰς
729 306 757 332 δὲ
776 306 830 333 τῶν
857 306 916 332 λαῖ-

116 350 173 377 κῶν
193 350 331 382 ἀπωσθεὶς
344 351 437 384 τόπον,
449 351 500 386 τῆς
513 352 655 384 κοινωνίας
667 352 718 378 οὐκ
729 352 914 387 εἰρχθήσεταισ

117 396 187 423 διότι
201 395 316 431 ἀρχαῖός
333 397 392 422 ἐστι
409 396 511 428 κανὼν,
533 397 597 428 τοὺς
613 397 668 423 ἀπὸ
682 396 788 432 βαθμοῦ
805 405 916 423 πεπτω-

117 441 211 474 κότας,
224 441 313 476 τούτῳ
331 441 405 476 μόνῳ
419 441 458 477 τῷ
475 442 569 477 τρόπῳ
581 442 632 478 τῆς
644 442 782 475 κολάσεως
796 441 916 470 ὑποὸἀλ-

117 486 224 519 λεσθαι,
237 487 490 522 ἀκολουθησάντων,
502 487 541 520 ὡς
554 487 642 523 οἶμαι,
654 488 708 515 τῶν
722 488 752 520 ἐξ
764 489 851 524 ἀρχῆς
877 489 916 524 τῷ

117 534 193 569 νόμῳ
206 534 315 569 ὲκείνῳ,
325 533 375 569 τῷ,
390 535 451 561 Οὐκ
465 534 639 568 ἑκδικήσεις
650 535 696 568 δὶς
707 535 755 562 ἐπὶ
768 535 808 568 τῷ
819 536 899 566 αὐτῷ
907 544 914 550 ·

116 580 164 607 καὶ
181 580 216 606 δι’
241 580 340 616 ἑτέραν
364 580 393 606 δὲ
418 581 520 612 αἰτίαν,
544 580 586 607 ὅτι
608 582 631 607 οί
659 581 707 615 μὲν
724 582 753 608 ἐν
767 581 806 617 τῷ
828 582 915 618 λαῖκῷ

115 625 193 658 ὄντες
212 626 331 661 τάγματι
343 625 542 661 ἐκϐεϐλημένοι
571 626 618 653 τοῦ
634 627 718 653 τόπου
729 627 782 653 τῶν
799 628 913 661 πιστῶν,

116 672 199 699 πάλιν
213 673 253 703 είς
272 672 318 698 τὸν
333 671 380 706 ἀφ’
397 669 428 699 οὗ
455 671 586 704 ἐξέπεσον
603 673 686 699 τόπον
707 672 915 707 ἀναλαμὸάνονο

115 727 171 745 ται·
183 719 197 744 ὁ
208 718 238 745 δὲ
249 718 374 750 διάκονος
390 717 464 750 ἅπαξ
475 718 531 753 ἔχει
547 718 598 753 τὴν
616 718 695 753 δίκην
718 718 768 753 τῆς
786 720 916 755 καθαιρέ-

116 773 186 796 σεως
214 765 325 799 διαρκῆ⁸
342 765 380 797 ὡς
405 764 452 792 οὖν
476 765 527 790 οὐκ
545 764 744 800 ἀποδιδομένης
775 765 849 800 αὐτῷ
865 766 915 801 τῆς

115 809 257 841 διακονίας
271 830 277 841 ,
303 809 352 836 ἐπὶ
367 809 473 844 ταύτης
499 809 618 844 ἔστησαν
638 809 724 844 μόνης
738 809 788 843 τῆς
806 809 916 844 ἐκδική-

116 863 196 887 σεως
212 855 301 882 ταῦτα
321 855 371 890 μὲν
395 853 442 882 οὖν
463 854 498 881 τὰ
513 855 546 880 ἐκ
560 853 615 880 τῶν
627 853 731 880 τύπων·
749 853 863 880 καθόλου
886 853 914 880 δὲ

470 154 671 186 SYNTAGMA
692 154 888 185 CANONUM.
903 165 934 171 —
950 154 1024 184 TIT.
1046 153 1100 191 IX,
1121 153 1200 184 CAP.
1220 153 1370 185 XV-XIX.

1120 212 1203 248 279
1215 212 1313 240 Basilii
1329 220 1446 240 canones
1467 213 1494 243 5,
1513 213 1558 244 ω,
1575 212 1620 239 5|.

1005 260 1031 287 5.
1053 259 1192 288 Diaconus
1216 265 1278 295 post
1301 259 1475 287 diaconatum
1498 259 1660 292 fornicatus,
1676 258 1768 286 diaco-

969 309 1036 333 natu
1054 305 1178 341 ejicietur
1201 305 1322 340 quidem,
1349 306 1396 334 sed
1424 306 1451 333 in
1477 306 1609 333 iaicorum
1633 306 1763 333 detrusus

971 351 1075 384 locum,
1089 359 1104 379 a
1118 353 1313 380 communione
1329 360 1383 380 non
1404 353 1553 380 arcebitur.
1567 351 1701 385 Quoniam
1716 359 1766 378 an-

971 398 1063 433 tiquus
1078 403 1121 426 est
1137 405 1226 426 canon
1237 420 1244 432 ,
1260 404 1289 426 ut
1309 399 1327 426 ii
1343 399 1390 434 qui
1408 399 1495 435 gradu
1508 398 1687 429 exciderunt,
1702 397 1767 426 huic

970 444 1020 472 soli
1049 452 1138 480 paenae
1160 446 1252 480 generi
1280 446 1472 481 suiijiciantur.
1498 445 1630 481 antiquis.
1656 445 1764 480 opinor.

970 491 1071 519 secutis
1100 492 1185 526 legem
1215 492 1308 524 illam,
1334 492 1396 519 Non
1425 492 1572 519 vindicabis
1603 492 1642 519 bis
1669 492 1696 518 in
1724 491 1767 518 id-

969 535 1086 569 ipsum“
1100 543 1106 561 :
1123 539 1206 571 atque
1218 536 1300 564 etiam
1316 541 1427 572 propter
1446 536 1526 564 aliam
1542 544 1673 567 causam;
1691 536 1765 571 quod

969 580 1017 614 qui
1032 580 1059 607 in
1080 580 1178 608 ordine
1195 587 1260 608 sunt
1274 581 1352 613 laico.
1367 584 1416 609 sia
1435 582 1495 609 loco
1511 582 1632 609 ﬁdelium
1648 581 1765 617 ejiciun-

970 630 1024 658 tur,
1044 634 1141 654 rursus
1162 627 1188 653 in
1202 635 1277 660 cuni,
1301 635 1334 654 ex
1355 636 1409 662 quo
1428 628 1598 659 ceciderunt,
1614 627 1705 654 locum
1721 634 1766 655 re-

969 672 1127 707 cipiuntur;
1141 673 1275 701 diaconus
1291 681 1358 701 vero
1369 674 1453 702 semel
1471 674 1553 718 habet
1567 681 1676 708 semper
1688 680 1766 700 man-

970 728 1063 748 suram
1080 728 1190 756 poenam
1217 722 1408 756 depositionis.
1439 721 1577 755 Quoniam
1604 721 1687 756 igitur
1704 720 1765 748 dia-

969 771 1085 794 Conatus
1107 767 1131 794 ei
1148 775 1201 794 non
1219 767 1383 800 restituitur,
1399 768 1425 795 in
1440 775 1470 795 ea
1491 767 1550 795 Sola
1572 767 1657 794 “mlta
1683 769 1766 793 stcte.

970 818 1045 840 runt.
1053 813 1140 848 Atque
1149 814 1207 842 haec
1215 814 1324 849 quidem
1339 820 1403 842 sunt
1413 822 1472 849 qua:
1482 821 1513 841 ex
1523 812 1766 852 constitutionilnls

972 857 1117 885 habentur.
1147 858 1175 885 In
1202 859 1332 886 omnibus
1346 864 1437 887 aulem
1461 859 1552 886 verior
1575 859 1710 886 medicina
1725 862 1768 885 est

115 900 298 935 ἀληθέστερόν
310 901 385 927 ἐστιν
411 900 519 935 [apud]
538 899 588 933 τῆς
612 898 750 934 ἁμαρτίας
770 899 915 935 ἀναχώρη-

981 911 1099 931 ‘eces~us
1114 911 1129 931 a
1144 909 1266 939 peccato.
1283 905 1374 938 Quare
1389 905 1436 940 qui
1452 910 1564 940 propter
1581 905 1673 932 (‘arnis
1687 904 1765 931 volu-

116 954 174 977 σις⁵
189 946 259 972 ὥστε
273 946 287 972 ὁ
305 946 348 973 διὰ
359 946 460 981 σαρκὸς
485 946 581 982 ἡδονὴν
596 947 735 981 ἀθετήσας
750 946 800 982 τὴν
826 947 916 982 χάριν,

114 992 161 1019 διὰ
171 993 219 1019 τοῦ
234 992 405 1028 συντριμμοῦ
419 994 469 1028 τῆς
483 993 595 1028 σαρκὸς,
610 994 656 1020 καὶ
672 993 763 1029 πάσης
779 993 917 1028 δουλαγω-

113 1039 177 1073 γίας
192 1039 244 1073 τῆς
257 1040 318 1066 κατ’
344 1040 510 1075 ἐγκράτειαν
523 1039 643 1071 ἀποστὰς
670 1039 725 1066 τῶν
751 1039 853 1074 ἡδονῶν
866 1040 918 1074 ὑφ’

114 1080 154 1110 ὧν
167 1084 356 1120 κατεστράφη,
369 1084 476 1111 τελείαν
486 1085 552 1120 ἡμῖν
569 1083 683 1119 παρέξει
694 1084 744 1117 τῆς
758 1084 857 1116 ίάσεως
868 1085 918 1110 αὺ-

113 1130 162 1157 τοῦ
189 1130 238 1165 τὴν
260 1131 407 1164 ἀπόδειξιν.
425 1130 583 1166 Ἀμφότερα
603 1131 693 1157 τοίνυν
715 1131 791 1166 ἡμᾶς
817 1131 918 1158 είδέναι

115 1177 166 1208 δεῖ,
180 1177 228 1204 καὶ
237 1177 272 1204 τὰ
279 1178 329 1211 τῆς
344 1177 497 1213 ἀκριϐείας.
513 1177 560 1203 καὶ
575 1177 608 1204 τὰ
618 1177 669 1212 τῆς
683 1177 837 1213 συνηθείας·
851 1178 918 1204 ἒπε-

117 1222 179 1249 σθαι
191 1223 219 1249 δὲ
231 1243 238 1255 ,
260 1223 307 1249 ἐπὶ
328 1223 383 1249 τῶν
399 1223 629 1260 καταδεξαμένων
649 1224 698 1258 τὴν
717 1224 866 1260 ἀκρότητα,
881 1224 920 1260 τῷ

117 1269 300 1304 παραδοθέντι
311 1270 399 1306 τύπῳ.

153 1315 312 1351 λβ¹.οίτὴν
334 1317 404 1351 πρὸς
427 1316 542 1344 θάνατον
565 1317 703 1353 ἁμαρτίαν
716 1317 918 1354 ἁμαρτάνοντες

118 1361 247 1397 κληρικοὶ
259 1382 266 1394 ,
279 1362 327 1389 τοῦ
344 1363 448 1398 βαθμοῦ
467 1364 643 1398 κατάγονται·
659 1364 708 1398 τῆς
722 1364 864 1396 κοινωνίας
891 1364 919 1392 δὲ

116 1408 172 1434 τῶν
182 1408 285 1436 λαῖκῶν
295 1409 345 1435 οὐκ
358 1409 537 1445 ὲξείργονται·
556 1411 597 1437 Οὐ
615 1409 670 1445 γὰρ
685 1410 858 1444 ἐκδικήσεις
871 1410 920 1446 δὶς

117 1454 167 1482 ἐπὶ
179 1455 221 1488 τῷ
230 1454 322 1488 αὐτῷ.

154 1505 206 1530 va’.
230 1503 267 1529 Τὸ
300 1502 373 1530 κατὰ
396 1504 460 1535 τοὺς
471 1503 633 1539 κληρικοὺς,
652 1504 814 1539 ἀδιορίστως
826 1505 850 1531 ei
867 1513 920 1531 κα·-

117 1548 194 1581 νόνες
207 1549 341 1582 ἐξέθεντο,
360 1550 540 1582 κελεύσαντες
561 1551 626 1586 μίαν
653 1551 700 1577 ἐπὶ
715 1552 771 1583 τοῖς
788 1551 918 1578 πεσοῦσιν

116 1595 258 1632 ὁρίζεσθαι
275 1597 411 1632 τιμωρίαν
425 1617 434 1629 ,
452 1597 500 1632 τὴν
519 1597 660 1625 ἔκπτωσιν
685 1599 735 1634 τῆς
757 1598 920 1634 ὑπηρεσίας,

118 1642 175 1669 ait:
192 1643 222 1669 ὲν
239 1642 336 1678 βαθμῷ
349 1643 519 1678 τυγχάνοιεν,
534 1644 590 1670 εἴτε
615 1644 663 1671 καὶ
680 1645 850 1681 ἀχειροθέτῳ
863 1646 917 1673 ὑπ-

118 1688 219 1725 ηρεσίᾳ
233 1691 475 1725 προσκαρτεροῖεν.

156 1735 284 1763 ΚΕΦΑΔ.
299 1736 398 1763 IH’.-——
415 1735 467 1764 Ἐκ
486 1737 580 1764 ποίων
607 1737 710 1765 αἰτιῶν
730 1738 851 1771 τελείως
871 1739 922 1766 ἐκ·

120 1780 273 1809 ϐάλλεται.

262 1829 458 1856 Ἀποστόλων
469 1829 572 1856 κανὼν
582 1829 637 1865 κη’,
655 1833 710 1862 να¹,
727 1829 778 1866 ξβ’.

156 1874 212 1910 κη’.
227 1875 261 1902 Εἰ
273 1885 316 1908 τις
330 1875 492 1909 ἐπίσκοπος,
508 1876 524 1912 ἢ
540 1876 738 1913 πρεσϐύτερος,
753 1877 769 1912 ἥ
785 1877 923 1911 διάκονος,

120 1923 298 1960 καθαιρεθεὶς
311 1925 436 1960 δικαίως,
454 1934 483 1953 κ.
495 1934 520 1953 τ.
533 1926 557 1954 λ.

158 2019 210 2044 va’.
223 2017 257 2044 Et
265 2025 308 2049 τις
324 2017 485 2051 ἐπίσκοπος,
498 2018 514 2055 ἢ
529 2017 725 2054 πρεσϐύτερος,
745 2017 761 2054 ἢ
782 2017 918 2051 διάκονος,

120 2063 140 2098 ῆ
166 2063 236 2095 ὅλως
257 2064 305 2091 τοῦ
332 2065 483 2100 καταλόγου
514 2065 562 2092 τοῦ
595 2064 746 2100 ἱερατικοῦ,
774 2065 864 2100 γάμου
875 2064 923 2092 καὶ

121 2109 224 2144 κρεῶν,
241 2118 268 2137 κ.
286 2118 312 2137 τ.
325 2110 351 2137 λ.

159 2157 209 2192 ξβ’.
227 2157 261 2184 El
278 2167 320 2190 τις
345 2158 476 2194 κληρικδς
499 2159 544 2186 διὰ
559 2159 642 2194 φόϐον
663 2157 835 2194 ἀνθρώπινον
858 2159 923 2185 Ἰου-

120 2201 209 2235 δαίου,
224 2211 251 2230 κ.
265 2212 290 2230 τ.
301 2203 327 2231 λ.

278 2261 415 2289 Συνόδου
426 2261 604 2296 Ἀντιοχείας
619 2261 721 2288 κανὼν
729 2261 760 2288 δ’.

160 2312 191 2341 δ’.
206 2310 240 2342 Εἴ
261 2323 303 2346 τις
334 2315 495 2348 ἐπίσκοπος,
526 2315 578 2343 ὑπὸ
599 2316 708 2343 συνόδου
734 2316 920 2352 καθαιρεθεὶς,

124 2367 186 2386 κ.τ.
204 2359 230 2387 λ.

253 2417 385 2446 Συνόδου
403 2418 579 2451 Λαοδικείας
595 2418 695 2445 κανὼν
705 2418 758 2450 λς’.

160 2475 215 2507 λς’.
232 2475 295 2502 Ὅτι
307 2475 337 2502 οὒ
363 2475 404 2502 δεῖ
424 2475 577 2511 ἱερατικοὺς
592 2475 608 2510 ἢ
627 2475 786 2510 κληρικοὺς,
803 2475 920 2510 μάγους,

125 2530 153 2549 κ.
170 2529 195 2549 τ.
212 2523 238 2548 λ.

198 2567 334 2595 Συνόδου
348 2568 566 2603 ὀἱκουμενικῆς
578 2567 667 2602 ἕκτης
680 2567 781 2595 κανὼν
796 2571 849 2595 κα’.

162 2617 217 2642 κα’.
233 2615 265 2641 Οί
277 2616 320 2642 ἐπ’
329 2615 484 2651 ἐγκλήμασι
492 2615 645 2646 κανονικοῖς
655 2614 811 2648 ὑπεύθυνοι,
822 2623 850 2642 κ.
863 2623 889 2641 τ.
897 2613 922 2641 λ.

158 2707 285 2734 ΚΕΦΑΛ.
303 2707 484 2735 ISK—[Idus
503 2715 548 2740 τις
571 2706 718 2742 καθέδρας
735 2706 794 2741 μὲν
816 2706 835 2741 ἢ
853 2706 925 2734 στάς

128 2759 206 2785 σεως
236 2753 388 2787 ἱερατικῆς
404 2753 523 2788 μετέχει
536 2772 544 2786 ,
559 2753 616 2780 οὐκ
639 2751 756 2787 ἐνεργεῖ
768 2751 802 2779 δέ
822 2760 848 2780 τι
866 2751 925 2779 τῶν·

128 2798 252 2826 λοιπῶν.

163 2887 186 2904 ιι
199 2885 306 2916 Nullum
325 2896 343 2922 I,
357 2889 384 2917 9.

971 954 1078 984 ptalem
1095 950 1211 986 gratiam
1228 951 1338 986 abjecil,
1351 951 1374 979 is
1391 952 1413 978 si
1430 959 1541 979 carnem
1559 950 1725 978 conterenda
1738 954 1766 977 et

970 995 997 1022 in
1014 1003 1134 1030 omnem,
1150 997 1303 1024 secundum
1329 997 1504 1025 continentia:
1521 997 1690 1032 praescripta,
1707 1003 1766 1023 ser-

971 1042 1085 1069 vitutem
1102 1042 1260 1078 redigenda,
1273 1044 1382 1070 secedat
1397 1051 1413 1070 a
1428 1043 1626 1077 voluptatibus,
1640 1050 1654 1069 a
1666 1041 1766 1076 quibus

970 1088 1061 1116 victus
1080 1093 1107 1116 et
1131 1094 1287 1123 prostratus
1302 1094 1355 1122 est,
1378 1089 1487 1124 plenum
1506 1089 1585 1116 nobis
1609 1096 1665 1116 suae
1683 1095 1766 1115 cura-

970 1133 1054 1160 tionis
1079 1134 1219 1169 specimen
1246 1134 1331 1162 dabit.
1359 1135 1455 1170 Itaque
1481 1135 1554 1162 scire
1573 1142 1624 1162 nos
1647 1140 1766 1168 utraque

970 1185 1088 1215 oportet.
1111 1185 1139 1208 et
1164 1189 1225 1216 quae
1248 1186 1314 1209 sunt
1339 1181 1536 1216 summijuris,
1563 1185 1590 1208 et
1615 1189 1676 1216 quae
1700 1183 1766 1207 sunt

970 1226 1180 1254 consuetudinis
1200 1237 1206 1254 :
1231 1229 1309 1263 sequi
1332 1233 1423 1256 autem
1444 1229 1470 1255 in
1494 1228 1527 1255 iis
1548 1235 1609 1263 quae
1627 1234 1765 1254 summum

969 1272 1015 1308 jus
1034 1280 1088 1300 non
1109 1273 1269 1308 admittunt,
1290 1274 1408 1302 formam
1430 1274 1567 1302 traditam.

1007 1319 1053 1347 52.
1075 1320 1221 1348 Peccatum
1239 1321 1272 1348 ad
1291 1326 1408 1349 mortem
1438 1326 1585 1357 peccantes
1611 1320 1714 1352 clerici,
1733 1319 1766 1347 de

971 1367 1057 1402 gradu
1078 1367 1255 1402 dejiciuntur.
1275 1375 1288 1394 a
1308 1368 1443 1396 laicorum
1461 1373 1551 1395 autem
1567 1368 1764 1395 communione

972 1419 1026 1439 non
1057 1417 1196 1440 arcentur.
1230 1412 1292 1440 Non
1325 1414 1395 1440 enim
1426 1413 1571 1440 vindicabis
1603 1412 1642 1439 bis
1669 1412 1696 1439 in
1722 1412 1766 1438 id-

971 1458 1071 1493 ipsum.

1007 1505 1054 1532 5i.
1074 1504 1152 1538 Quod
1168 1505 1203 1533 ad
1220 1505 1336 1533 clericos
1357 1505 1462 1539 attinet,
1481 1505 1630 1534 indeﬁnite
1646 1512 1767 1533 canones

972 1557 1172 1586 exposuerunt,
1188 1560 1269 1579 unam
1289 1551 1372 1587 lapsis
1390 1552 1519 1587 jubentes
1539 1559 1647 1586 pmnam
1665 1550 1766 1585 indigi,

972 1597 1135 1632 cjectiouem
1153 1605 1169 1625 a
1180 1597 1350 1630 ministerio,
1368 1598 1425 1625 sive
1439 1598 1465 1624 iu
1479 1598 1564 1633 gradu
1581 1597 1693 1626 fuerint.
1709 1597 1767 1624 sive

972 1644 1055 1671 etiam
1085 1643 1112 1670 in
1143 1644 1308 1675 ministerio,
1336 1644 1409 1678 quod
1434 1651 1565 1672 manuum
1587 1642 1766 1679 impositione

973 1697 1026 1717 nou
1040 1689 1133 1721 datur,
1147 1694 1337 1725 permaneant.

1008 1736 1092 1771 280
1108 1736 1184 1763 CAP.
1197 1736 1289 1764 XVIII.
1302 1751 1337 1756 -—
1351 1736 1425 1770 Quas
1443 1736 1474 1763 ob
1496 1743 1591 1765 causas
1612 1744 1767 1764 amntium

972 1783 1091 1817 expulsio
1105 1783 1164 1818 ﬁat.

1133 1829 1321 1864 Apostolorum
1333 1837 1420 1857 canon
1431 1828 1478 1861 ‘28.
1492 1829 1538 1861 51,
1552 1828 1596 1856 62.

1009 1874 1044 1902 28
1059 1874 1128 1912 [2η.
1144 1875 1172 1903 Si
1187 1876 1249 1911 quis
1265 1876 1421 1911 episcopus,
1433 1876 1473 1903 vel
1489 1876 1641 1912 presbyter,
1651 1875 1693 1903 vel
1710 1876 1768 1904 dia-

973 1930 1061 1951 conus
1077 1923 1153 1958 juste
1169 1924 1205 1950 ob
1225 1923 1369 1952 manifesta
1387 1923 1501 1951 crimina
1519 1923 1670 1958 depositus,
1701 1927 1767 1955 etc.,

974 1972 1002 1996 ut
1018 1977 1079 2004 pag.
1091 1969 1154 1996 751.

1010 2015 1039 2043 51
1056 2014 1126 2052 [50].
1143 2015 1171 2043 Si
1186 2016 1250 2051 quis
1263 2016 1422 2051 episcopus,
1439 2016 1591 2052 presbyter,
1614 2017 1655 2043 vel
1674 2016 1769 2043 diaco-

974 2069 1038 2092 nus.
1056 2062 1098 2088 vel
1125 2061 1239 2089 omnino
1257 2069 1290 2089 ex
1307 2062 1471 2089 sacerdotali
1485 2069 1600 2089 numero
1613 2069 1627 2088 a
1655 2061 1768 2096 nuptiis,

974 2107 1038 2134 vino
1057 2112 1084 2134 et
1098 2107 1240 2140 carnibus,
1253 2112 1318 2140 etc.,
1332 2113 1359 2135 ut
1376 2116 1438 2143 pag.
1456 2107 1518 2134 751.

1010 2153 1045 2180 6‘2
1061 2152 1131 2189 [61].
1152 2153 1180 2181 Si
1200 2153 1262 2189 quis
1276 2154 1394 2182 clericus
1419 2159 1528 2189 propter
1546 2159 1642 2181 nutum
1669 2153 1766 2181 huma-

976 2207 1053 2232 num,
1074 2200 1115 2228 vel
1134 2199 1232 2233 .Iud.ei,
1247 2205 1313 2234 etc.,
1329 2205 1358 2228 ut
1374 2193 1436 2236 pag.
1454 2201 1519 2229 746.

1164 2255 1279 2282 Concilii
1291 2255 1447 2283 Autiocheui
1463 2264 1549 2283 canon
1563 2255 1612 2284 i.‘

1010 2309 1037 2337 4.
1051 2309 1078 2337 Si
1092 2310 1154 2345 quis
1169 2310 1314 2346 episcopus
1333 2319 1348 2338 a
1368 2311 1473 2346 synodo
1493 2310 1643 2346 depositus,
1657 2315 1723 2344 etc.,
1742 2315 1772 2338 ut

974 2363 1036 2391 pag.
1052 2355 1116 2383 201.
1501 2362 1506 2386 l

1162 2413 1276 2441 Concilii
1290 2412 1434 2442 Laodiceui
1448 2422 1532 2441 canon
1546 2415 1590 2442 56.

1014 2470 1058 2499 56.
1073 2471 1150 2505 Quod
1169 2480 1222 2500 non
1236 2477 1343 2507 oportet
1364 2480 1412 2501 eos
1430 2473 1476 2509 qui
1495 2480 1560 2502 sunt
1577 2475 1688 2507 sacrati,
1702 2480 1769 2510 etc.,

978 2522 1006 2544 ut
1020 2526 1082 2554 pag.
1104 2519 1168 2546 75L

1118 2565 1233 2594 Concilii
1247 2567 1400 2594 tacumenici
1421 2575 1447 2595 Vl
1477 2576 1563 2595 canon
1577 2567 1622 2595 2!.

1012 2612 1057 2641 2|.
1085 2611 1155 2645 Quid
1184 2613 1317 2641 canonice
1346 2614 1530 2649 quorumdam
1562 2613 1707 2642 criminum
1733 2613 1771 2641 rei

979 2659 1055 2690 facti.
1071 2663 1136 2692 etc.,
1150 2663 1179 2686 ut
1194 2668 1256 2695 pag.
1274 2660 1338 2688 755.
1720 2656 1739 2658 ’λ
1753 2652 1760 2658 ’

1014 2703 1091 2732 CAP.
1103 2704 1175 2732 XIX.
1188 2720 1223 2725 —-
1242 2704 1418 2738 Quandonam
1431 2706 1528 2741 aliquis
1546 2706 1700 2734 cathedram
1712 2706 1772 2741 qui-

978 2751 1039 2778 dem
1052 2755 1204 2786 statumque
1218 2751 1429 2780 ecclesiasticum
1446 2753 1549 2785 retinet,
1561 2752 1716 2779 nullatenus
1730 2756 1774 2779 ta-

980 2807 1038 2826 men
1053 2799 1230 2826 ministerium
1241 2804 1363 2835 πενίαις
