1954 3080
197 153 251 186 ’155

377 211 488 239 Concilii
504 213 638 248 Ancyram’
651 221 735 240 canon
756 213 780 246 l,
792 213 820 240 9.

195 283 198 290 ,
234 259 447 294 LPreshytet-os
455 260 500 294 qui
511 260 744 291 sacriﬁcaverunt.
753 265 818 292 etc.,
827 264 856 287 ιιι
863 267 924 294 pag.
932 259 994 286 595.

235 306 262 333 2.
281 305 417 332 Diaconos
442 306 569 334 similiter
592 307 639 341 qui
661 307 869 339 sacriﬁcarunt,
901 311 995 340 postea

199 357 291 380 autem
316 351 441 379 reluctati
463 358 538 385 sunt,
558 353 642 380 aliutn
659 353 769 388 quidem
792 353 925 380 honorem
951 353 996 379 ha-

199 400 274 432 bere,
295 399 370 434 ipsos
395 403 486 426 autem
510 399 544 426 ab
569 400 644 426 omni
669 399 834 427 sacerdotali
853 399 892 435 (5)
914 398 996 426 mini-

199 445 283 473 sterio
300 453 421 478 cessare,
439 450 465 473 et
480 453 579 480 panem
598 446 639 473 rcl
659 447 772 474 calicum
785 445 928 477 otl‘ercndi,
951 444 995 472 vel

198 491 385 526 prtedicandi:
410 491 457 518 sed
475 491 498 518 si
519 500 551 519 ex
575 491 715 527 episcopis
737 491 821 527 aliqui
846 491 872 518 in
895 491 929 518 iis
951 491 993 518 vel

198 537 375 565 aillictionem
392 537 524 573 aliquam,
550 539 593 566 vel
613 539 794 566 humilitatem
814 546 845 566 ac
866 545 994 566 mansue-

198 583 320 611 tudinem
346 583 475 616 viderint,
493 589 520 612 et
544 585 646 620 aliquid
670 585 789 620 amplius
804 585 871 612 dare
891 583 933 612 \‘el
953 583 995 612 of-

199 630 271 658 ferre
286 630 435 664 voluerint,
449 631 476 658 in
492 639 586 658 eorum
603 635 739 666 potestate
752 631 778 658 id
796 638 868 658 esse.

286 676 368 711 281
393 675 506 703 Concilii
524 675 748 703 Neocazsariensis
769 683 853 703 canon
867 675 894 703 9.

231 724 259 751 9.
279 723 305 750 Si
318 722 458 758 presbyter
468 722 514 757 qui
529 730 645 757 corpore
660 723 736 758 prius
750 725 993 757 peecarcrat,etc.,

196 771 224 794 ut
243 775 304 802 pay.
321 767 385 795 547.

321 814 435 843 Concilii
452 815 604 842 aecument'ci
622 823 648 842 vr
663 823 774 842 canones
790 815 817 848 5,
835 814 881 842 26.

235 861 273 889 De
287 861 446 897 presbyteris
458 866 482 888 et
498 861 611 887 clericis.

796 155 928 186 PlIOTII
947 155 1200 186 PATRIARCHIE
1216 156 1271 187 ΟΡ.

1790 156 1836 189 756

1188 211 1324 239 Συνόδου
1342 212 1488 247 Ἀγκύρας
1510 212 1611 241 κανὼν
1622 212 1657 246 α’,
1671 213 1704 249 β.

1082 262 1117 286 α’.
1137 259 1346 295 Πρεσΰυτέρους
1361 260 1425 292 τοὺς
1437 260 1633 292 ὲπιθύσαντας,
1645 269 1672 288 κ.
1690 269 1716 288 τ.
1728 260 1753 288 λ.

1084 307 1116 341 β’.
1136 307 1285 338 Διακόνους
1312 307 1413 341 ὁμοίως
1439 308 1585 342 θύσαντας,
1615 308 1684 343 μετὰ
1709 308 1738 334 δὲ
1758 306 1838 334 ταῦτα

1047 353 1301 386 ἀναπαλαίσαντας,
1314 354 1364 389 τὴν
1383 354 1434 389 μὲν
1444 354 1528 391 ἀλλην
1543 355 1627 390 τιμὴν
1641 354 1725 390 ἔχειν,
1737 352 1838 380 πεπαῦ-

1048 400 1110 427 σθαι
1123 401 1152 427 δὲ
1168 401 1266 433 αὐτοὺς
1282 401 1374 436 πάσης
1388 401 1437 437 τῆς
1452 402 1593 437 ἱερατικῆς
1603 401 1775 437 λειτουργίας
1793 399 1838 427 τοῦ

1046 449 1138 484 ἄρτον,
1154 448 1313 485 ἢποτήριον
1329 449 1487 485 ἀναφέρειν,
1502 449 1518 484 ἢ
1535 449 1729 485 κηρύσσειν-εί
1742 449 1838 483 μέντοι,

1046 495 1121 526 τινὲς
1135 495 1190 522 τῶν
1205 496 1365 522 ἐπισκόπων
1376 496 1490 527 τούτους
1501 496 1633 522 συνίδοιεν
1649 495 1774 530 κάματόν
1782 503 1838 522 τινα

1046 543 1062 579 ἦ
1081 545 1247 571 ταπείνωσιν
1262 545 1428 580 πραότητος,
1444 545 1491 571 καὶ
1514 543 1632 571 ἐθέλοιεν
1649 544 1731 570 πλέον
1743 553 1768 571 τι
1780 543 1839 571 διδό-

1045 598 1089 617 ναι
1103 590 1119 626 ἢ
1137 591 1274 626 ἀφαιρεῖν,
1288 591 1332 617 ἐπ’
1351 591 1443 624 αὐτοῖς
1455 587 1526 618 εἶναι
1539 591 1590 627 τὴν
1604 590 1739 623 ἐξουσίαν.

1170 671 1307 699 Συνόδου
1321 672 1557 706 Νεοκαισαρείας
1570 671 1673 699 κανὼν
1686 671 1720 699 θ’.

1082 719 1113 746 θ’.
1129 719 1321 754 Πρεσϐύτερος
1349 718 1397 745 ἐὰν
1426 717 1654 754 προημαρτηκὼς
1678 717 1839 753 σῶματι,κ.

1044 774 1071 793 τ.
1096 766 1123 792 λ.

1093 811 1230 839 Συνόδου
1243 810 1453 845 οίκουμενικῆς
1471 810 1562 844 ἕκτης
1576 810 1677 838 κανὼν
1688 813 1723 845 γ’,
1741 813 1798 842 κς’.

1082 859 1153 893 Περὶ
1169 858 1271 893 Ιερέων
1283 859 1332 886 καὶ
1347 857 1510 892 κληριιιῶν.

233 909 261 937 5.
277 894 412 941 Quoniam
432 915 498 935 vero
521 907 583 942 pius
601 907 760 942 Christique
778 912 896 940 amator,
920 911 991 940 etc.,

1081 908 1117 940 γ’.
1138 903 1246 940 Ἐπειδὴ
1273 904 1328 930 δὲὸ
1349 904 1464 939 εὐσεῦὴς
1492 903 1541 931 καὶ
1571 902 1743 938 φιλόχριστος
1765 901 1844 937 ἡμῶν

196 959 225 982 ιι
239 963 301 990 pag.
318 954 379 982 5H.

233 1001 278 1028 26.
304 1000 515 1036 Presbyterum,
540 999 585 1034 qni
611 1007 660 1034 per
687 999 867 1034 ignorantiam
893 998 993 1026 illicitis

196 1048 300 1083 nuptiis
313 1052 355 1074 est
368 1047 534 1082 implicatus,
549 1054 610 1074 esse
629 1046 738 1081 quidem
755 1045 893 1073 cathedrae
909 1044 994 1080 parti-

197 1095 297 1129 cipem,
309 1094 458 1121 Secundum
476 1101 507 1120 ea
517 1100 579 1128 qua:
593 1097 658 1120 sunt
672 1092 751 1119 nobis
765 1099 779 1119 a
794 1099 873 1119 sacro
888 1098 994 1119 canone

197 1140 308 1168 decreta
323 1148 329 1166 :
347 1147 362 1167 a
383 1139 496 1174 reliquis
512 1143 603 1166 autent
620 1138 825 1174 operationibus
843 1137 992 1165 abstinere.

196 1185 227 1212 Ei
242 1186 326 1218 enim,
342 1185 389 1221 qui
405 1191 447 1213 est
462 1185 534 1218 talis,
549 1185 615 1212 satis
629 1189 671 1212 est
685 1185 708 1212 si
723 1184 801 1212 venia
815 1183 903 1211 detur.
919 1183 954 1210 Ut
971 1183 994 1212 is

197 1236 288 1259 autem
306 1232 351 1259 alii
369 1232 513 1260 henedieat
530 1232 576 1266 qui
597 1231 678 1259 debet
693 1231 802 1266 propria
819 1238 917 1258 curare
932 1231 994 1257 vul-

197 1286 274 1310 nera,
294 1286 347 1306 non
372 1283 414 1306 cst
436 1284 663 1306 consentaneum.
680 1277 839 1306 Benedictio
856 1278 927 1304 enim
952 1284 994 1305 est

196 1325 423 1355 sanctiﬁcationis
434 1325 582 1360 impertitio
596 1334 602 1352 :
619 1326 666 1360 qui
681 1329 772 1352 autent
792 1324 817 1352 id
841 1332 895 1351 non
912 1324 994 1352 habet

197 1377 310 1407 propter
325 1372 454 1399 delictum
468 1379 502 1399 ex
518 1372 683 1406 ignorantia,
697 1371 837 1407 quomodo
850 1371 926 1398 alteri
943 1371 994 1398 im-

195 1417 312 1453 pcrtiet?
327 1416 384 1445 Nec
404 1424 469 1452 ergo
487 1417 604 1452 publice,
623 1425 672 1444 nec
697 1417 821 1451 privatim
840 1416 992 1450 benedicat,

196 1471 248 1491 nec
272 1463 375 1491 Christi
403 1471 503 1498 corpus
529 1463 590 1491 aliis
617 1463 766 1491 distribuat
796 1463 856 1499 (nec
882 1463 993 1498 aliquod

195 1510 270 1538 aliud
287 1510 470 1538 ministerium
483 1510 586 1544 obeat),
601 1511 646 1538 sed
657 1510 830 1545 prmsidentia
846 1514 994 1537 contentus

1047 952 1186 989 βασιλεὺς,
1201 961 1229 979 κ.
1245 960 1270 978 τ.
1286 951 1312 978 λ.

1080 1000 1138 1032 κς⁹.
1153 998 1342 1036 [Ιρεσὸύτερον
1355 998 1402 1025 τὸν
1425 997 1497 1024 κατὰ
1526 997 1637 1032 ἄγνοιαν
1659 996 1772 1032 ἀθέσμῳ
1795 997 1844 1030 γά-

1046 1057 1090 1083 μῳ
1120 1046 1322 1082 περιπαρέντα,
1356 1044 1492 1080 καθέδρας
1518 1045 1567 1080 μὲν
1602 1043 1748 1079 μετέχειν,
1773 1043 1844 1070 κατὰ

1043 1095 1079 1121 τὰ
1094 1094 1149 1121 ἀπὸ
1164 1094 1210 1120 τοῦ
1222 1095 1244 1120 ίε
1250 1093 1296 1128 ροῦ
1306 1093 1419 1123 κανόνος
1431 1092 1498 1126 ἡμϊν
1508 1090 1739 1126 νομοθετηθέντα,
1751 1090 1805 1117 τῶν
1813 1090 1842 1117 δὲ

1044 1141 1146 1168 λοιπῶν
1155 1139 1300 1176 ἐνεργειῶν
1314 1138 1474 1174 ἀπέχεσθαι·
1488 1137 1604 1173 ἀρκετὸν
1619 1136 1674 1172 γὰρ
1687 1136 1845 1172 τῷτοιούτῳ

1045 1188 1062 1223 ή
1076 1186 1225 1222 συγγνώμη
1237 1194 1244 1202 ·
1260 1186 1383 1220 εὐλογεῖν
1391 1185 1419 1212 δὲ
1434 1185 1528 1220 ἕτερον
1547 1183 1594 1210 τὸν
1605 1183 1639 1210 τὰ
1653 1183 1742 1210 οἰκεῖα
1758 1190 1843 1218 τημε-

1044 1235 1100 1262 λεῖν
1136 1234 1278 1269 ὀφείλοντα
1307 1232 1472 1269 τραύματα,
1501 1230 1704 1258 ἀνακόλουθον·
1732 1228 1843 1264 εὐλογία

1045 1282 1100 1317 γὰρ
1131 1280 1269 1316 ἅγιασμοῦ
1297 1278 1440 1314 μετάδοσίς
1471 1278 1565 1304 ἐστιν·
1597 1276 1611 1302 ό
1634 1276 1664 1303 δὲ
1700 1274 1781 1302 τοῦτο
1806 1274 1844 1310 μὴ

1045 1329 1115 1364 ἔχων
1129 1328 1172 1354 διὰ
1188 1327 1218 1353 τὸ
1233 1327 1265 1354 ὲκ
1277 1326 1327 1361 τῆς
1340 1325 1452 1359 ἀγνοίας
1472 1324 1661 1359 παράπτωμα,
1677 1322 1737 1353 πῶς
1757 1321 1843 1356 ἑτέρῳ

1047 1375 1218 1411 μεταδώσει;
1241 1374 1311 1409 μήτε
1335 1372 1425 1399 τοίνυν
1448 1371 1579 1406 δημοσίᾳ,
1597 1371 1665 1405 μήτε
1689 1369 1743 1404 ἰδίᾳ
1768 1368 1847 1395 εὐλο-

1045 1421 1139 1456 γείτω,
1158 1421 1226 1456 μήτε
1238 1420 1268 1446 τὸ
1284 1418 1363 1453 σῶμα
1384 1417 1432 1444 τοῦ
1450 1415 1569 1452 Χριστοῦ
1585 1414 1765 1449 κατανεμέτω
1784 1413 1845 1440 ἑτέ.

1047 1477 1116 1504 ροις,
1135 1468 1204 1503 μήτε
1221 1475 1246 1493 τι
1281 1465 1345 1492 ἄλλο
1361 1463 1571 1499 λειτουργείτω’
1589 1462 1646 1489 ἀλλ’
1671 1459 1845 1496 ἀρκούμενος

1044 1517 1077 1551 τῇ
1107 1512 1456 1550 προεδρίᾳ,ἶπροσκ).αιὲτω
1468 1511 1508 1546 τῷ
1519 1509 1608 1546 κυρίῳ
1631 1507 1845 1543 συγχωρηθῆναι

196 1556 309 1583 tlomino
326 1556 432 1588 deﬂeat,
451 1560 480 1583 ut
505 1556 542 1583 illi
557 1564 590 1583 ex
608 1555 763 1591 ignorantia
788 1560 929 1590 peccatum
947 1563 991 1583 re-

1053 1561 1119 1597 ιὺτῷ
1130 1561 1161 1587 τὸ
1177 1562 1209 1587 ὲκ
1223 1561 1273 1595 τῆς
1287 1559 1399 1594 ἀγνοίας
1407 1558 1538 1593 ἀνόμημα
1551 1565 1557 1571 ·
1585 1554 1719 1592 πρόδηλον
1734 1554 1791 1588 γὰρ
1805 1552 1845 1585 ὡς

196 1602 330 1630 mittatur.
346 1602 518 1630 Manifestum
534 1603 606 1630 enim
632 1608 674 1631 est
689 1603 761 1638 quod
778 1603 912 1630 nefarium
926 1611 990 1630 con—

193 1648 300 1684 iugium
320 1648 492 1682 dissolvetur,
509 1657 560 1676 nec
577 1649 617 1676 vir
634 1657 696 1676 cum
711 1657 742 1676 ea
758 1649 813 1676 ullo
829 1650 910 1676 modo
923 1657 990 1676 con-

195 1695 367 1722 suetudinem
380 1693 500 1726 habebit,
515 1698 626 1729 propter
643 1703 725 1730 quam
739 1702 818 1722 saera
832 1695 991 1729 operatione

195 1742 318 1776 privatus
338 1745 390 1768 est.

412 1785 508 1814 Basilii
525 1794 640 1815 canones
655 1787 700 1819 27,
721 1788 765 1816 70.

229 1833 276 1861 27.
299 1832 335 1859 De
356 1833 513 1869 presbytero
534 1835 581 1869 qui
605 1834 726 1862 insciens
752 1835 857 1863 illicitis
884 1835 987 1871 nuptiis

196 1880 354 1915 implicatus
371 1884 422 1912 est,
434 1885 486 1907 etc.
503 1885 530 1906 ut
546 1888 606 1915 vag.
621 1880 685 1908 547.

232 1926 276 1954 70.
298 1926 436 1954 Diaconus
461 1927 508 1961 qui
531 1927 651 1961 pollutus
671 1931 714 1955 est
738 1928 766 1955 in
784 1928 880 1961 labris,
906 1937 991 1964 seque

195 1979 229 2000 eo
241 1979 328 2008 usque
344 1980 473 2007 peccasse
488 1972 635 2000 confessus
649 1978 700 2006 est,
718 1982 732 2000 a
744 1974 896 2001 ministerio
911 1982 990 2002 amo-

194 2019 320 2052 vebitur;
339 2019 387 2046 sed
403 2019 428 2046 ei
445 2020 622 2052 concedetur,
638 2025 669 2047 ut
684 2028 746 2048 cum
764 2021 889 2049 diaconis
903 2022 990 2056 parti-

195 2074 260 2102 ceps
275 2067 311 2094 sit
326 2072 575 2094 sacramentorum.
587 2067 615 2094 Id
632 2068 722 2102 ipsum
739 2072 830 2095 autem
847 2069 991 2104 presbyter

195 2121 315 2149 quoque.
335 2113 363 2141 Si
382 2114 448 2149 quid
469 2120 560 2141 autent
576 2115 696 2149 amplius
713 2115 776 2149 quis
794 2123 924 2149 percasse
940 2115 990 2142 de-

195 2159 350 2194 prehensus
379 2158 473 2192 fuerit,
495 2159 522 2186 in
539 2167 704 2195 quocunque
720 2160 756 2187 sit
781 2161 879 2195 gradu,
907 2160 990 2196 depo-

194 2211 286 2234 netur.

1042 1609 1056 1635 ὁ
1078 1607 1199 1639 τοιοῦτος
1219 1606 1306 1641 γάμος
1320 1605 1524 1639 διαλυθήσεται.
1540 1602 1588 1629 καὶ
1601 1601 1728 1636 οὐδαμῶς
1744 1601 1759 1626 ὁ
1772 1599 1847 1634 ἀνὴρ

1044 1655 1189 1690 μετουσίαν
1211 1653 1267 1685 ἕξει
1292 1652 1359 1687 πρὸς
1377 1651 1426 1687 τὴν
1441 1651 1476 1677 δι’
1493 1648 1526 1687 ἧς
1535 1649 1584 1685 τῆς
1600 1649 1676 1684 ίερᾶς
1702 1646 1847 1683 ἐνεργείας

1043 1701 1200 1737 ἐστέρηται.

1250 1793 1412 1820 Βασιλείου
1427 1790 1527 1818 κανὼν
1538 1789 1588 1822 κζ’,
1600 1791 1631 1816 θ’·

1078 1840 1130 1873 κζ’.
1150 1839 1219 1875 Περὶ
1251 1838 1299 1866 τοῦ
1330 1837 1518 1874 πρεσϐυτέρου
1553 1835 1600 1862 τοῦ
1629 1833 1699 1861 κατὰ
1729 1832 1848 1868 ἄγνοιαν

1043 1887 1157 1923 ἀθέσμῳ
1176 1886 1257 1922 γάμῳ
1273 1884 1485 1922 περιπαρέντος,
1503 1892 1529 1910 κ.
1546 1892 1573 1911 τ.
1587 1883 1613 1910 λ.

1077 1936 1108 1961 0'.
1126 1933 1254 1964 Διάκονος
1267 1932 1296 1958 ἐν
1312 1931 1414 1967 χείλεσι
1431 1929 1566 1965 μιανθεὶς,
1583 1928 1631 1956 καὶ
1647 1928 1728 1963 μέχρι
1741 1926 1847 1953 τούτου

1042 1979 1233 2016 ἡμαρτηκέναι
1245 1978 1429 2013 ὁμολογήσας,
1454 1977 1512 2012 τῆςη
1529 1975 1702 2011 λειτουργίας
1727 1975 1847 2009 ἐπισχε-

1043 2028 1156 2063 θήσεται
1171 2035 1178 2042 ·
1203 2026 1251 2053 τοῦ
1273 2026 1300 2052 δὲ
1322 2026 1447 2061 μετέχειν
1473 2024 1529 2051 τῶν
1549 2023 1741 2058 ἁγιασμάτων,
1772 2020 1849 2056 μετὰ

1041 2074 1096 2101 τῶν
1112 2073 1244 2101 διακόνων
1256 2072 1441 2107 ἀξιωθήσεται
1453 2079 1460 2086 ·
1487 2071 1518 2098 τὸ
1534 2071 1562 2097 δὲ
1579 2069 1645 2097 αὐτὸ
1660 2070 1707 2096 καὶ
1720 2068 1848 2104 πρεσϐύ-

1041 2128 1120 2155 τερον
1134 2127 1142 2134 θ
1157 2120 1181 2145 εἰ
1194 2119 1222 2145 δέ
1233 2127 1259 2144 τι
1275 2117 1370 2144 τούτου
1387 2116 1479 2144 πλεῖον
1495 2115 1638 2151 φωραθείη
1654 2123 1696 2146 τις
1711 2115 1849 2150 ἡμαρτη-

1043 2165 1112 2198 κὼς,
1129 2166 1158 2192 ὲν
1173 2165 1221 2200 οἴῳ
1239 2164 1272 2192 ἂν
1324 2164 1433 2200 βαθμῷ,
1452 2163 1697 2198 καθαιρεθήσεται.

231 2253 314 2288 282
332 2252 408 2281 CAP.
421 2252 481 2280 XX.
493 2268 527 2273 —
537 2251 600 2280 Non
626 2261 682 2280 esse
696 2253 855 2280 credendum
868 2254 988 2288 episcopo

1079 2255 1263 2284 ΚΕΦΑΛ.Κ¹.
1277 2272 1311 2276 -
1326 2255 1398 2290 Περὶ
1423 2254 1476 2281 τοῦ
1499 2254 1543 2289 μὴ
1571 2253 1767 2280 πιστεύεσθαι
1790 2251 1854 2278 τὸν

194 2299 336 2334 u/[irnumti
363 2300 488 2334 priuatth
510 2300 560 2327 sibi
588 2299 714 2326 clericum
736 2300 768 2327 de
795 2301 907 2327 crimine
932 2309 988 2327 esse

192 2345 352 2381 confessum.

325 2392 438 2420 Consilii
451 2392 669 2428 Carl/mginensis
689 2401 774 2420 canon
788 2393 850 2421 152.

229 2439 269 2466 De
290 2440 420 2475 episcopo.
448 2440 493 2475 qui
512 2441 725 2466 excontmunicat
750 2448 820 2473 cum,
846 2448 921 2475 quem
938 2440 990 2467 sibi

193 2483 244 2512 soli
259 2484 358 2511 crimen
373 2484 438 2510 dicit
453 2492 509 2511 esse
526 2484 685 2519 confessum.

230 2577 292 2605 152.
310 2577 377 2605 Item
395 2577 498 2612 placuit
514 2579 557 2614 μ’,
573 2583 603 2605 ut
623 2578 645 2606 si
660 2578 771 2614 quando
787 2578 932 2613 episcopus
945 2578 988 2605 di-

194 2624 232 2652 cit
258 2624 377 2659 aliquem
395 2624 447 2652 sibi
464 2624 513 2652 soli
536 2625 677 2659 proprium
694 2625 798 2652 crimen
814 2624 900 2652 fuisse
918 2632 987 2652 con-

194 2672 309 2704 fessum,
328 2677 410 2706 atque
430 2671 474 2698 ille
490 2676 569 2706 neget
594 2677 620 2698 et
636 2672 768 2706 pwnitere
783 2671 917 2705 noluerit;
934 2680 988 2699 non

193 2722 270 2754 putet
283 2719 317 2746 ad
334 2718 463 2754 injuri-am
487 2726 566 2746 suam
590 2718 738 2754 episeOpus
751 2720 899 2754 pertinere,
916 2719 988 2753 quod

226 2811 249 2826 "
263 2809 348 2838 Cone.
365 2810 460 2837 Cartb.
476 2818 522 2841 vn.
541 2817 565 2837 c.
584 2809 619 2837 53
630 2832 637 2844 ,
651 2809 735 2837 Al'rie.
755 2817 778 2837 c.
795 2810 838 2839 99.

1043 2303 1213 2330 ἐπίσκοπον
1222 2301 1351 2337 λέγοντα
1369 2300 1535 2334 ἰδιαζόντως
1546 2298 1625 2332 αὐτῷ
1633 2299 1686 2326 τὸν
1695 2298 1855 2332 κληρικὸν

1043 2349 1293 2385 συνομολογῆσαι
1312 2347 1346 2375 τὸ
1362 2347 1530 2382 ἁμάρτημα.

1156 2395 1292 2422 Σιενόδου
1307 2393 1519 2428 Καρθαγέννης
1537 2391 1639 2420 κανὼν
1659 2391 1730 2427 ρλβ’.

1078 2442 1148 2476 Περὶ
1161 2441 1331 2476 ἐπισκόπου
1342 2440 1395 2467 τοῦ
1419 2439 1479 2467 ἀπὸ
1503 2439 1661 2470 κοινωνίας
1681 2437 1856 2470 ποιοῦντος

1043 2489 1098 2515 τὸν
1114 2475 1196 2521 αὐτῷ
1233 2475 1316 2523 pdqu
1350 2487 1383 2513 τὸ
1407 2486 1485 2513 ἴδιον·
1519 2486 1656 2521 ἔγκλημα
1690 2485 1857 2520 ὁμολογή-

1039 2543 1149 2562 σαντα.

1077 2580 1146 2616 ρλβ’.
1172 2579 1289 2615 Ὁμοίως
1310 2579 1420 2615 ἤρεσεν,
1443 2579 1487 2605 ἵνα
1520 2579 1568 2605 ἐάν
1596 2586 1661 2605 ποτε
1689 2577 1856 2610 ἐπίσκοπος

1041 2627 1109 2663 λέγῃ
1124 2626 1186 2653 τινὰ
1201 2625 1276 2661 αὐτῷ
1295 2626 1369 2662 μόνῳ
1380 2625 1410 2652 τὸ
1427 2625 1493 2652 ἴδιον
1510 2625 1637 2660 ἔγκλημα
1657 2625 1856 2659 ὁμολογῆσαι,

1042 2675 1089 2701 καὶ
1101 2675 1204 2705 ἐκεῖνος
1228 2674 1355 2708 ἀρνῆται,
1377 2673 1414 2709 μὴ
1442 2673 1586 2707 λογίσηται
1606 2672 1620 2697 ὀ
1636 2671 1792 2702 ἐπίσκοπος
1808 2673 1858 2703 εἰς

1044 2719 1112 2746 ἰδίαν
1130 2719 1208 2755 ὓϐριν
1223 2719 1384 2752 συντείνειν,
1402 2719 1444 2746 ὅτι
1468 2718 1551 2751 αὐτὸς
1569 2718 1649 2754 μόνος
1664 2718 1694 2744 οὐ
1709 2719 1855 2745 πιστεύε-

227 2886 266 2922 (5)
287 2887 371 2915 Sarra
398 2889 489 2924 aptius
513 2889 630 2917 reddidit
650 2889 807 2925 Dionysius,
828 2890 997 2926 habeturque
1012 2889 1039 2918 in
1051 2891 1134 2919 reteri
1150 2890 1385 2926 interpretatione.
