1954 3080
120 147 173 180 757

456 148 659 180 SYNTAGMA
679 148 874 189 CANONUM.
888 149 1011 180 —TIT.
1033 149 1088 186 IX,
1109 149 1188 180 CAP.
1210 150 1376 181 XX-XXII.

1718 151 1771 184 758

120 215 184 234 ται·
209 207 233 234 εί
251 207 299 234 καὶ
319 206 359 243 τῷ
383 207 541 244 σκινδαλμῷ
562 208 612 244 τῆς
637 208 706 240 ἰδίας
739 199 917 244 συνειδήσεώς

976 208 1014 236 illi
1039 209 1091 236 soli
1119 217 1173 237 non
1198 210 1331 242 creditur,
1358 209 1409 237 etsi
1432 210 1563 245 scrupulo
1582 210 1637 246 (5⁸η
1649 214 1766 246 propriae

121 253 196 288 λέγει
211 253 250 290 μὴ
270 254 358 281 θέλειν
374 254 471 281 ἑαυτὸν
486 256 626 281 κοινωνεῖν
639 255 678 290 τῷ
690 255 861 290 ἀρνουμένῳ.

157 301 284 328 ΚΕΦᾹΛ.
304 301 369 328 KA’.
387 317 422 322 —
440 302 509 335 Περὶ
532 301 702 329 ἐπισκόπου
724 301 743 336 ἢ
770 301 916 336 κληρικοῦ

121 346 280 380 ἐσθίοντος
320 347 411 382 κρέας
443 348 479 374 ἐν
506 348 619 382 αἵματι,
648 348 667 383 ἢ
689 348 871 384 θνησιμαῖον
897 348 916 383 ἢ

121 391 318 426 θηριὰλωτον.

333 439 525 466 Ἀποστόλων
541 440 641 467 κανὼν
660 439 711 474 ξγ’.

156 482 207 518 ξγ¹.
224 483 257 511 Et
271 493 312 516 τις
325 485 485 518 ἐπίσκοπος,
500 485 517 521 ἢ
535 486 732 521 πρεσὸύτερος,
750 486 766 522 ἦ
783 486 916 519 διάκονος,

120 529 222 566 ἢόλως
246 530 294 558 τοῦ
317 532 468 567 καταλόγου
492 533 540 560 τοῦ
565 533 715 568 ἱερατικοῦ,
747 533 823 570 φάγῃ
837 534 917 568 χρία,

120 584 149 604 κ.
165 585 191 604 τ.
209 577 234 606 λ.

280 625 417 652 Συνόδου
437 626 582 660 Ἀγκύρας
606 626 708 653 κανὼν
723 626 756 660 γ’.

155 674 191 705 γ’.
219 671 289 703 Τοὺς
315 671 467 706 φεύγοντας
495 673 543 698 καὶ
579 672 792 707 συλληφοέντας,
820 672 837 707 ἢ
865 672 918 699 ὑπὸ

120 717 231 744 οἰκείων
267 717 493 752 παραδοθέντας,
521 718 537 753 ἢ
576 718 665 750 ἄλλως
693 719 727 745 τὰ
761 719 918 754 ὑπάρχοντα

120 763 332 799 ἀφαιρεθέντας,
367 764 384 800 ἢ
418 765 621 800 ὑπομείναντας
658 764 841 800 βασάνους,ἢ
868 766 909 796 εἰς

119 811 306 846 δεσμωτήριον
322 811 520 846 ἐμϐληθέντας,
544 811 668 847 βοῶντας
679 820 709 838 τε
727 812 767 839 ὅτι
781 812 834 838 εἰσὶ
848 811 916 846 Χρι-

121 857 234 889 στιανοὶ,
260 857 307 884 καὶ
330 857 569 893 περισχισθέντας,
601 858 662 893 ἤτοι
686 859 726 888 είς
754 859 804 888 τὰς
821 858 916 892 χεῖρας

120 904 188 939 πρὸς
201 904 261 938 βίαν
287 903 478 938 ἐμϐαλλόντων
493 903 548 929 τῶν
564 903 762 938 βιαζομένωνά,
781 903 798 937 ἢ
817 903 916 938 βρῶμά
932 894 954 923 Β

119 958 147 977 τι
165 950 230 985 πρὸς
245 949 368 985 ἀνάγκης
384 949 561 984 δεξαμένους,
575 949 776 984 ὁμολογοῦντας
788 949 816 975 δὲ
832 948 920 975 διόλου

119 997 162 1023 δτι
192 997 245 1023 εἰσὶ
268 996 437 1032 Χριστιανοὶ,
453 996 500 1023 καὶ
520 996 551 1022 τὸ
576 996 672 1027 πένθος
699 995 745 1022 τοῦ
766 995 922 1030 συμϐάντος

119 1043 164 1070 ἀεὶ
194 1034 434 1078 ἐπιδεικνυμένους
462 1043 495 1078 τῇ
523 1043 597 1078 πάσῃ
628 1042 783 1078 καταστολῇ
815 1042 863 1068 καὶ
879 1040 918 1076 τῷ

120 1090 252 1125 σχήματι,
271 1089 319 1115 καὶ
343 1090 376 1124 τῇ
394 1088 442 1115 τοῦ
466 1088 524 1124 βίον
541 1088 729 1123 ταπεινότητι,
754 1087 867 1119 τούτους
882 1087 920 1119 ὡς

119 1135 174 1168 ἔξω
199 1135 400 1170 ἁμαρτήματος
423 1135 515 1167 ὂντας,
532 1135 582 1170 τῆς
599 1134 743 1166 κοινωνίας
760 1134 797 1170 μὴ
812 1133 919 1161 κωλύε-

121 1181 195 1208 σθαι.
212 1181 243 1208 Εἰ
258 1181 287 1208 δὲ
300 1182 347 1208 καὶ
361 1180 538 1215 ἐκωλύθησαν
554 1180 606 1207 ὑπό
623 1188 707 1213 τινος,
721 1180 921 1214 περισσοτέρας

121 1226 266 1263 ἀκριϐείας
293 1227 397 1259 ἕνεκεν,
412 1227 428 1262 ἢ
444 1227 490 1254 καί
511 1235 593 1253 τινων
614 1227 722 1262 ἀγνοίᾳ,
744 1225 825 1257 εὐθὺς
837 1234 922 1261 προσ-

121 1273 250 1309 δεχθίψαι
263 1281 270 1289 °
284 1273 363 1300 τοῦτο
372 1273 402 1300 δὲ
418 1273 520 1309 ὁμοίως
533 1274 579 1300 ἐπί
595 1282 624 1300 τε
639 1273 695 1300 τῶν
707 1274 740 1300 ὲκ
753 1273 801 1299 τοῦ
817 1272 920 1308 κλήρου

121 1319 170 1346 καὶ
184 1319 238 1346 τῶν
251 1318 340 1347 ἄλλων
359 1320 461 1347 λαῖκῶν
472 1328 480 1336 ·
504 1320 696 1358 προεξητάσθη
710 1321 739 1348 δέ
753 1322 875 1355 κάκεῖνο,
896 1322 920 1348 ει

121 1364 249 1392 δύνανται
267 1366 314 1392 καὶ
328 1365 418 1393 λαῖκοὶ.
434 1367 466 1402 τῇ
483 1367 552 1402 αὺτῇ
577 1367 686 1403 ἀνάγκῃ
724 1368 919 1401 ὑποπεσόντες,

122 1412 293 1447 προάγεσθαι
315 1413 356 1445 είς
380 1413 458 1446 τάξιν
472 1422 479 1428 ·
501 1413 591 1447 ἔδοξεν
613 1413 660 1441 οὖν
683 1415 731 1442 καὶ
755 1414 920 1447 τούτουςὼς

124 1458 209 1494 μηδὲν
223 1459 432 1495 ἡμαρτηκότας,
447 1461 472 1486 εἰ
481 1460 527 1487 καὶ
539 1461 556 1496 ἡ
570 1461 748 1496 προλαϐοῦσα
765 1461 920 1497 εὑρίσκοιτο

121 1504 190 1540 ὀρθὴ
205 1505 253 1531 τοῦ
272 1505 329 1541 βίου
345 1506 485 1539 πολιτεία,
507 1506 740 1543 προχειρίζεσθαι.

193 1552 331 1578 Συνόδου
345 1552 554 1587 οἱκουμενικῆς
578 1553 668 1588 ἕκτης
687 1554 789 1581 κανὼν
799 1555 847 1588 ξςι.

160 1596 209 1630 EC’.
223 1597 290 1624 Θεία
302 1598 368 1633 ἡμῖν
380 1598 475 1634 Γραφὴ
486 1599 648 1631 ἐνετείλατο,
664 1600 817 1636 ἀπέχεσθαι
837 1600 919 1636 αἵμα-

122 1652 169 1675 τος
194 1643 243 1670 καὶ
265 1644 379 1671 πνικτοῦ
402 1644 448 1672 καὶ
473 1646 622 1681 πορνείας·
646 1647 703 1678 τοῖς
733 1647 780 1674 οὖν
804 1647 848 1674 διὰ
869 1647 919 1682 τὴν

121 1690 364 1726 λῖχνονῖγαστέρα,
392 1689 462 1726 αἷμα
484 1693 645 1728 οἱουδήποτε
670 1693 741 1726 ζώου
762 1693 844 1729 τέχνῃ
865 1694 920 1720 τινὶ

123 1737 376 1770 κατασκευάζουσιν
391 1737 533 1773 ἐδώδιμον,
547 1740 594 1766 καὶ
603 1739 675 1766 οὕτω
690 1740 770 1767 τοῦτο
787 1740 918 1774 ἐσθίουσι,

123 1782 289 1817 προσφόρως
313 1783 506 1818 ἐπιτιμῶμεν·
528 1784 556 1810 εἴ
584 1793 625 1816 τις
656 1783 703 1812 οὖν
723 1785 777 1812 ἀπὸ
794 1785 841 1812 τοῦ
859 1785 918 1817 νῦν,

122 1826 194 1863 αἷμα
220 1828 290 1861 ζώου
310 1829 412 1856 ἐσθίειν
428 1831 598 1866 ἐπιχειρήσοι
614 1831 764 1867 οίῳδήποτέ
787 1841 840 1858 τινι
859 1832 922 1867 τρό-

123 1883 178 1910 πῳ,
191 1875 216 1902 εί
233 1875 282 1910 μὲν
303 1876 434 1912 κληρικὺς
449 1878 491 1913 εἴη
508 1877 709 1913 καθαιρείσθω·
729 1880 752 1905 εὶ
771 1878 799 1905 δὲ
815 1877 920 1911 λαῐκδς,

121 1921 308 1958 ἀφοριζέσθω.

159 2006 287 2034 ΚΕΦΑΛ.
304 2007 369 2035 KB'.
385 2022 420 2027 —
437 2007 507 2042 Περὶ
534 2007 589 2036 τοῦ
621 2007 693 2041 τοὺς
720 2008 919 2041 ἐπισκόπους,

122 2054 174 2082 καὶ
199 2055 433 2089 πρεσϐυτέρους,
454 2054 501 2082 καὶ
525 2055 697 2089 διακόνους,
725 2055 775 2082 καὶ
803 2055 921 2088 πάντας

122 2101 196 2134 τοὺς
220 2102 256 2129 τὰ
283 2102 347 2136 ιερὰ
361 2101 579 2137 ψηλαφῶντας,
596 2102 732 2137 ὀφείλειν
754 2103 920 2137 ἀπέχεσθαι

122 2146 173 2174 καὶ
187 2146 247 2174 τῶν
259 2147 376 2174 οἰκείων
391 2147 535 2182 γαμετῶν.

177 2193 314 2221 Συνόδου
333 2194 545 2228 Καρθαγέννης
559 2194 662 2221 κανὼν
673 2197 709 2229 γ’,
723 2195 754 2228 δ’,
769 2194 817 2227 κε’,
834 2199 865 2222 o'.

158 2239 229 2273 Περὶ
246 2239 429 2273 ἐγκρατείας.

158 2288 194 2320 γ’.
213 2285 347 2321 Αὐρήλιος
363 2286 514 2318 ἐπίσκοπος
526 2285 613 2313 εἶπεν·
633 2288 677 2314 Ἐν
691 2289 726 2323 τῇ
743 2287 920 2325 προλαϐούσῃ

123 2331 237 2367 συνόδῳ,
268 2332 307 2364 ὡς
338 2332 403 2367 περὶ
426 2333 531 2368 ῥυθμοῦ
561 2334 725 2369 ἐγκρατείας
747 2335 794 2361 καὶ
808 2334 920 2368 ἁγνείας

122 2379 257 2414 ἐζητεῖτο,
274 2379 372 2414 ἤρεσεν
388 2379 457 2406 ὥστε
476 2379 539 2412 τοὺς
554 2381 628 2415 τρεῖς
649 2380 771 2415 βαθμοὺς
796 2380 919 2415 τούτους,

121 2425 187 2455 τοὺς
199 2424 341 2460 συνδέσμῳ
352 2421 406 2451 τινὶ
417 2425 467 2460 τῆς
477 2425 588 2460 ἁγνείας
599 2425 644 2452 διὰ
654 2427 703 2461 τῆς
715 2425 921 2462 καθιερωσύνης

123 2470 389 2506 συμπεπλεγμένους
400 2492 406 2504 ,
422 2471 495 2507 φημὶ
518 2472 547 2498 δέ
564 2471 750 2505 ἐπισκόπους,
769 2472 922 2508 πρεσϐυτέ-

124 2525 201 2551 ρους,
217 2518 266 2543 καὶ
282 2517 434 2551 διακόνους,
448 2519 487 2550 ὡς
511 2519 611 2555 πρέπει
639 2519 723 2551 ὁσίοις
749 2520 920 2552 ἐπισκόποις,

122 2563 171 2589 καὶ
189 2562 291 2598 ἱερεῦσι
303 2563 382 2596 Θεοῦ,
395 2564 442 2591 καὶ
458 2564 588 2599 λευΐταις,
604 2565 650 2592 καὶ
662 2565 922 2600 ὑπουργοῦσιοείοις

122 2608 344 2643 καθιερώμασιν,
362 2610 507 2646 ἐγκρατεῖς
524 2609 593 2637 εἶναι
605 2611 634 2637 ἐν
647 2611 740 2643 πᾶσιν,
753 2611 828 2642 ὅπως
843 2610 923 2645 6am—

123 2654 194 2681 Θῶσι
206 2654 254 2681 τοῦ
268 2655 365 2693 ὃπαρὰ
375 2656 423 2683 τοῦ
437 2656 505 2684 Θεοῦ
518 2657 611 2689 ἁπλῶς
623 2657 756 2690 αἰτοῦσιν,
766 2660 903 2695 ἐπιτυχεῖν
913 2667 919 2674 '

161 2743 211 2779 (ΞΥ)
241 2742 304 2772 [Lee
326 2751 390 2781 pars
413 2744 510 2781 ultimjg
533 2745 658 2778 canonis,
679 2745 858 2781 Subsequenti
873 2754 919 2774 ea-

123 2780 190 2806 noni
208 2780 354 2806 attexenda
373 2784 425 2812 est,
445 2785 473 2806 ιιι
488 2780 654 2808 llincmarus
675 2786 747 2808 recte
760 2780 876 2809 a’ttcxuit
891 2783 916 2809 in

123 2814 276 2853 opusc.__Dc
292 2815 407 2853 divortio
424 2814 499 2853 _Lot/t.
516 2821 540 2843 et
561 2815 635 2844 Tetb.
651 2820 718 2844 tom.
738 2815 759 2850 I,
775 2825 838 2853 pag.
853 2817 916 2845 572.

161 2849 201 2884 (6)
218 2849 267 2877 Ms.
283 2850 496 2885 conscriptione.

162 2885 201 2920 (7)
231 2885 281 2914 Ms.
305 2886 439 2922 episcopi,
466 2887 588 2923 inquam,
614 2887 780 2923 presbyteri,
802 2893 828 2916 et
853 2888 913 2917 dia-

970 255 1136 290 cognitionis
1151 263 1181 283 se
1195 255 1262 283 dicit
1278 256 1389 290 neganti
1408 256 1479 283 nolle
1493 257 1709 286 communicare.

1005 301 1082 328 CAP.
1096 300 1170 328 XXI.
1187 317 1223 322 —
1239 301 1276 329 De
1293 303 1414 336 episcopo
1431 307 1477 329 aut
1496 303 1591 330 clerico
1615 304 1660 337 qui
1675 312 1766 330 vesca-

969 352 1012 375 tur
1027 355 1106 374 carne
1125 355 1185 374 cum
1205 349 1343 384 sanguine,
1365 348 1405 376 vel
1423 349 1574 383 morticina,
1595 349 1636 376 vel
1666 358 1682 376 a
1706 350 1764 384 [ora

968 394 1111 428 πυθοίατο.

1190 440 1379 475 Apostolorum
1391 449 1476 468 canon
1498 441 1543 468 65.

1004 486 1039 513 65
1065 485 1133 522 [62}.
1155 485 1184 514 Si
1210 487 1273 522 quis
1298 487 1444 522 episcopus
1468 487 1510 514 vel
1533 486 1690 522 presbyter,
1721 487 1765 515 vel

968 532 1102 560 diaconus
1116 533 1157 560 vel
1177 534 1291 560 omnino
1309 542 1341 560 ex
1359 533 1524 561 sacerdotali
1542 541 1655 561 numero
1668 541 1768 562 conte-

968 579 1038 606 dcrit
1052 586 1160 610 carnes,
1175 584 1240 610 etc.,
1257 584 1285 605 ut
1302 587 1365 615 pag.
1386 579 1450 607 746.

1155 624 1270 653 Concilii
1285 626 1421 661 Ancyram’
1438 634 1524 653 canon
1540 627 1568 654 5.

1005 670 1032 697 5.
1053 669 1108 697 Eos
1118 670 1164 704 qui
1179 670 1313 705 fugientes
1340 671 1530 706 comprehensi
1545 677 1618 704 sunt,
1637 672 1680 700 vel
1703 676 1769 700 sunt

969 724 984 743 a
1010 717 1068 744 suis
1092 717 1194 749 traditi,
1210 717 1251 743 vel
1262 717 1321 745 suis
1338 717 1440 752 alioqui
1458 717 1638 746 facultatibus
1654 718 1764 754 privati,

970 763 1011 790 vel
1038 768 1171 791 tormenta
1201 764 1333 798 perpessi,
1358 766 1399 791 vel
1425 764 1452 792 in
1480 772 1620 793 carcerem
1649 766 1767 801 c0njecti

969 814 1042 842 sunt,
1058 810 1208 838 clamantes
1234 817 1264 837 se
1278 817 1340 838 esse
1356 810 1541 842 Christianos.
1566 816 1592 838 et
1606 811 1706 840 divulsi
1736 820 1769 839 ac

968 856 1093 884 distracti
1116 861 1191 890 sunt,
1215 857 1256 884 vel
1284 857 1318 885 iis
1341 858 1389 892 qui
1405 858 1459 885 vim
1485 858 1635 886 nﬂ'ercbant
1657 861 1722 888 thus
1741 861 1767 887 in

974 910 1072 930 manus
1087 902 1309 935 imminentibus,
1332 903 1374 930 vel
1399 903 1461 931 cibo
1475 904 1567 940 aliquo
1589 913 1635 940 per
1649 906 1770 933 necessi-

973 953 1056 977 tatem
1075 953 1217 984 suscepto,
1235 957 1264 977 se
1283 955 1373 977 tamen
1391 958 1453 978 esse.
1477 951 1651 978 Christianus
1672 960 1770 987 perpe-

973 999 1021 1021 tuo
1036 993 1165 1027 fatentes,
1177 999 1205 1022 et
1214 994 1274 1030 ejus
1285 995 1358 1030 quod
1370 996 1469 1023 accidit
1480 996 1603 1024 dolorem
1615 1001 1641 1024 et
1651 998 1767 1032 amictu,

973 1044 999 1068 et
1015 1040 1119 1073 habitu,
1134 1044 1162 1068 et
1178 1041 1241 1068 vitae
1255 1041 1337 1077 283
1354 1042 1509 1070 humilitate
1525 1050 1580 1077 prae
1592 1050 1622 1070 se
1637 1043 1767 1078 ferentes,

973 1094 988 1114 a
1005 1087 1201 1114 communione
1217 1095 1271 1115 non
1289 1088 1388 1116 arceri.
1403 1087 1450 1116 Sin
1465 1093 1556 1116 autent
1570 1090 1653 1117 etiam
1668 1091 1702 1117 ab
1717 1091 1768 1118 ali-

972 1140 1028 1168 quo
1045 1136 1109 1160 sunt
1134 1133 1277 1167 prohibiti,
1303 1133 1418 1169 majoris
1444 1135 1582 1163 cautionis
1607 1135 1704 1171 gratia,
1728 1136 1769 1164 vel

972 1178 1054 1205 etiam
1070 1183 1182 1214 propter
1204 1179 1360 1214 aliquorum
1389 1180 1584 1215 ignorantiam,
1607 1182 1699 1208 statim
1718 1183 1770 1209 ad-

974 1226 1125 1252 mittantur.
1144 1225 1201 1252 Hoc
1219 1231 1311 1253 autem
1335 1226 1464 1254 similiter
1484 1226 1512 1254 in
1534 1227 1642 1255 clericis
1659 1232 1686 1256 et
1707 1229 1770 1256 aliis

972 1269 1061 1298 laicis.
1090 1271 1147 1299 Hoc
1170 1280 1280 1307 quoque
1304 1277 1347 1301 est
1375 1274 1575 1307 examinatum,
1602 1283 1636 1302 an
1663 1276 1770 1310 possint

972 1317 1053 1344 etiam
1076 1317 1148 1351 laici,
1173 1318 1220 1353 qui
1246 1318 1273 1345 in
1298 1319 1422 1346 eamdem
1451 1319 1643 1347 necessitatem
1666 1321 1757 1349 incide

972 1369 1048 1397 runt,
1058 1365 1091 1392 ad
1107 1365 1232 1393 ordinem
1244 1367 1412 1400 promoveri.
1425 1365 1522 1393 Visum
1537 1371 1668 1401 estergo,
1680 1372 1707 1394 et
1719 1376 1767 1396 eos

973 1416 1003 1438 ut
1017 1411 1064 1446 qui
1081 1411 1147 1438 nihil
1169 1416 1340 1446 peccassent,
1357 1412 1380 1439 si
1398 1413 1481 1439 etiam
1499 1413 1656 1446 praecedens
1671 1422 1766 1441 eorum

973 1457 1033 1484 vita:
1055 1457 1229 1485 instituenda:
1254 1458 1323 1485 ratio
1349 1462 1423 1486 recta
1455 1459 1621 1492 inveniatur,
1656 1468 1767 1494 promo-

973 1502 1041 1530 reri.

1134 1548 1246 1577 Concilii
1260 1549 1413 1576 meumem'ci
1427 1557 1451 1576 vn
1461 1557 1547 1576 canon
1562 1549 1606 1578 67.

1007 1596 1051 1623 67.
1068 1595 1163 1622 Divina
1183 1595 1261 1622 nobis
1274 1595 1416 1630 Scriptura
1429 1595 1578 1629 mandavit,
1591 1605 1605 1624 ιι
1622 1598 1766 1634 sanguine,

971 1646 999 1669 et
1018 1642 1161 1672 suliocato.
1187 1646 1214 1669 ct
1230 1641 1410 1679 fornicatione
1438 1643 1587 1670 abstinere.
1608 1643 1662 1671 Eos
1685 1652 1762 1680 ergo,

971 1691 1017 1726 qui
1044 1696 1154 1726 propter
1174 1690 1320 1718 delicatum
1347 1695 1468 1718 ventrem
1489 1691 1679 1727 cujuscunque
1706 1693 1767 1719 ani-

973 1736 1052 1764 malis
1079 1736 1241 1770 sanguiuem
1281 1741 1340 1763 arte
1369 1737 1461 1770 aliqua
1494 1737 1665 1764 esculentum
1700 1746 1768 1766 con-

971 1783 1051 1810 diunt
1082 1790 1114 1809 ac
1146 1782 1302 1813 instruunt,
1341 1787 1423 1817 atque
1457 1782 1494 1809 ita
1528 1783 1575 1811 illo
1605 1789 1766 1818 Vescuntur,

972 1829 1166 1857 convenienter
1186 1829 1326 1865 punimus.
1359 1828 1387 1856 Si
1422 1829 1484 1864 quis
1512 1830 1640 1865 deinceps
1660 1832 1767 1859 anima-

973 1876 1007 1904 lis
1034 1877 1195 1912 sanguinem
1215 1875 1313 1910 quovis
1338 1875 1421 1902 modo
1452 1876 1597 1904 comedere
1623 1878 1766 1911 aggredia-

973 1928 1027 1956 tur,
1053 1924 1076 1951 si
1088 1923 1124 1950 sit
1140 1923 1250 1958 quidem
1275 1921 1402 1955 clericus,
1414 1922 1566 1957 deponatur
1581 1931 1588 1950 :
1615 1923 1659 1951 sin
1675 1928 1767 1952 autem

973 1969 1070 2002 laicus,
1090 1974 1258 2004 segregetur.

1007 2014 1085 2042 CAP.
1102 2014 1185 2042 XXII.
1199 2030 1235 2034 —
1258 2014 1334 2047 Quod
1356 2015 1483 2049 episcopi.
1513 2018 1537 2041 et
1567 2015 1722 2052 presbyteri,
1742 2020 1767 2043 et

972 2062 1090 2094 diaconi,
1111 2069 1250 2096 omnesque
1268 2061 1313 2095 qui
1326 2069 1404 2088 sacra
1426 2065 1554 2092 tractant,
1571 2069 1588 2086 ιι
1611 2062 1766 2097 conjugibus

972 2108 1083 2135 debeant
1104 2115 1131 2134 se
1147 2107 1290 2134 continere.

1008 2197 1123 2225 Concilii
1138 2197 1357 2233 Cartlmginensis
1375 2205 1486 2224 canones
1501 2197 1528 2231 ὅ,
1545 2198 1573 2230 ιι,
1588 2197 1634 2231 9.5,
1655 2198 1699 2226 70.

940 2244 965 2275 D
1011 2243 1051 2271 De
1065 2243 1238 2271 continentia.

1007 2291 1034 2318 5.
1044 2289 1170 2317 Aurelius
1178 2290 1325 2324 cpiscopus
1341 2289 1410 2316 dixit
1424 2298 1430 2316 :
1449 2289 1517 2317 Cum
1527 2290 1665 2325 pra‘terito
1673 2291 1768 2318 conci-

973 2337 1010 2364 lio
1029 2337 1062 2364 de
1076 2336 1245 2364 continentia
1263 2340 1289 2363 et
1303 2336 1440 2363 castitatis
1455 2337 1645 2365 moderamine
1663 2341 1767 2364 tracta-

974 2387 1059 2414 retur,
1082 2381 1183 2417 gradus
1207 2381 1250 2408 isti
1275 2386 1341 2414 tres,
1363 2381 1411 2416 qui
1427 2382 1626 2410 constrictione
1642 2382 1681 2419 (6)
1699 2390 1768 2418 qua-

973 2429 1035 2455 dam
1062 2427 1198 2454 castitatis
1227 2434 1275 2462 per
1304 2427 1526 2455 consecrationes
1559 2428 1659 2456 adncxi
1689 2433 1766 2461 sunt,

973 2474 1119 2510 episcopos
1142 2473 1193 2509 (7),
1224 2474 1347 2507 inquam,
1368 2474 1543 2510 presbyteros
1567 2479 1595 2502 et
1622 2475 1767 2507 diaconos,

973 2521 1011 2548 ita
1027 2520 1193 2556 complacuit
1207 2519 1257 2555 (8),
1276 2524 1306 2547 ut
1324 2519 1456 2548 condecet
1468 2528 1564 2548 sacros
1581 2521 1720 2548 antistites
1734 2529 1767 2548 ac

975 2568 1021 2595 Dei
1047 2568 1214 2599 sacerdotes,
1231 2567 1315 2603 284
1339 2575 1390 2595 nec
1405 2575 1459 2595 non
1475 2572 1502 2595 et
1523 2567 1632 2596 Levitas
1652 2569 1702 2604 (9),
1726 2569 1768 2596 vel

973 2614 1021 2649 qui
1053 2614 1234 2642 sacramentis
1262 2614 1363 2641 divinis
1398 2615 1562 2647 inserviunt,
1593 2615 1769 2642 continentes

973 2667 1034 2686 esse
1061 2659 1088 2686 in
1113 2658 1255 2691 omnibus,
1271 2666 1326 2694 quo
1343 2659 1451 2694 possint
1477 2659 1639 2695 simpliciter
1664 2659 1736 2694 quod
1753 2665 1771 2686 ιι

973 2754 1046 2774 cont.
1073 2754 1080 2757 ‘

1009 2782 1258 2824 (ἕίὲἷκενωθυῖίιῖ
1316 2820 1322 2824 .
1383 2819 1388 2824 .
1448 2818 1490 2824 ..
1547 2817 1552 2823 .

972 2816 1046 2882 (ΑΞ)
1063 2819 1113 2860 llis.
1130 2816 1157 2848 et
1180 2821 1221 2849 vel
1237 2819 1260 2848 si
1277 2820 1323 2856 qui
1338 2827 1344 2846 :
1363 2819 1399 2848 at.
1414 2819 1456 2847 vel
1469 2818 1492 2847 si
1507 2817 1573 2853 qui;
1589 2823 1686 2852 nempe
1701 2816 1770 2845 sul)-

992 2863 998 2882 1
1035 2862 1093 2883 0111.
