1959 3060
112 136 162 169 ’161

455 139 657 171 SYNTAGMA
677 140 871 172 CANONUM.
887 154 921 160 —
934 141 1010 173 TlT.
1033 142 1085 179 IX,
1106 141 1186 173 CAP.
1203 142 1317 180 XXIII,
1331 142 1436 174 XXIV.

1713 140 1769 173 762

112 196 219 230 γαμετῇ
235 194 368 223 συνοικῶν
382 195 492 232 νομίμῳ
504 206 511 212 ·
535 198 604 233 μήτε
621 197 670 232 μὲν
689 198 719 225 ἐν
735 198 775 234 τῷ
791 199 842 232 τῆς
855 206 911 233 χει-

970 199 1112 226 :ohabitet.
1140 198 1192 226 Sed
1211 206 1300 233 neque
1322 197 1508 225 ordinationis
1535 202 1660 233 temqore
1680 199 1714 226 ab
1733 206 1767 225 eo

114 241 238 276 ροτονίας
253 241 343 277 καιρῷ
357 243 529 270 ἀπαιτείσθω
541 244 555 270 ὁ
572 243 695 276 τοιοῦτος
708 244 862 278 ὁμολογεῖν,
874 244 912 276 ὡς

113 288 300 322 ἀποστήσεται
322 288 374 324 τῆς
388 289 505 324 νομίμου
521 290 589 324 πρὸς
606 290 654 325 τὴν
667 290 772 317 οἰκείαν
788 291 913 326 γαμετὴν

113 334 222 369 ὁμιλίας
235 343 242 349 ·
260 335 304 361 ἵνα
320 335 357 370 μὴ
373 335 499 362 ἐντεῦθεν
509 336 555 362 τὸν
571 337 603 363 ὲκ
611 337 680 363 Θεοῦ
695 337 913 373 νομοθετηθέντα

113 381 163 407 καὶ
175 381 358 416 εὐλογηθέντα
372 383 406 417 τῇ
418 382 501 409 αὑτοῦ
516 383 655 418 παρουσίᾳ
667 383 766 418 γάμον,
783 382 914 418 καθυϐρί-

114 426 173 460 ζειν
188 426 380 462 ὲκὸιασθῶμεν
392 437 399 443 ⁸
420 428 468 462 τῆς
483 428 529 454 τοῦ
547 428 714 462 Εὑαγγελίου
731 428 823 463 φωνῆς
845 428 914 462 βοώ-

115 481 165 508 σης
176 481 185 488 ·
205 474 236 499 Ἀ
257 474 273 500 ό
295 474 367 506 Θεὸς
383 473 514 505 ἔζευξεν,
528 474 684 507 ἅνθρωπος
693 473 736 508 μὴ
753 472 911 508 χωριζέτω·

114 519 215 546 καὶτοῦ
222 519 385 546 Ἀποπόλου
393 520 577 553 διδάσκοντος,
584 521 684 555 Τι’μιον
694 521 747 547 τὸν
759 520 855 555 γάμον
863 520 911 547 καὶ

113 565 171 598 τὴν
179 565 286 600 κοίτην
293 565 448 600 ἀμίαντον·
463 566 523 599 καὶ,
535 566 659 594 Δέδεσαι
668 567 804 601 rvat-amt;
815 566 858 601 μὴ
867 565 914 600 ζη-

113 619 157 638 τει
169 612 263 638 ,λύσιν
273 619 280 626 ’
295 612 374 646 ἴσμεν
385 611 413 638 δὲ
429 612 503 643 ὅπως
517 613 564 638 καὶ
581 613 604 639 oi
617 613 645 639 ἐν
657 612 837 648 Καρθαγέννῃ
850 621 914 639 συν-

115 657 239 689 ελθόντες
254 659 303 692 τῆς
326 659 355 684 ἐν
377 658 428 693 βίῳ
443 658 608 693 σεμνότητος
625 659 679 685 τῶν
695 658 860 694 λειτουργῶν
875 667 915 684 τι-

115 703 226 737 θέμενοι
246 704 377 739 πρόνοιαν
399 704 505 738 ἔφασαν
517 713 523 719 ·
543 704 614 731 ὥστε
639 705 702 736 τοὺς
719 704 914 736 ὑποδιακόνους

113 750 177 781 τοὺς
192 749 226 776 τὰ
241 749 301 785 ἱερὰ
316 750 454 785 μυστήρια
469 750 664 785 ψηλαφῶντας,
681 751 728 777 καὶ
743 751 806 782 τοὺς
820 750 914 778 διακό-

113 804 175 827 νους
193 796 240 822 καὶ
253 796 458 832 πρεσὸυτέρους
469 816 477 828 ,
493 797 565 823 κατὰ
580 797 645 828 τοὺς
662 797 745 829 ἰδίους
762 798 853 832 ὅρους,
868 798 914 824 καὶ

113 843 145 868 ἐκ
160 842 215 868 τῶν
231 842 355 877 συμϐίων
368 842 601 878 ἐγκρατεύεσθαι’
620 843 664 870 ἵνα
684 845 731 870 καὶ
747 843 777 869 τὸ
797 843 843 870 διὰ
857 844 913 870 τῶν

968 245 1131 279 postuletur,
1149 250 1177 271 nt
1200 244 1361 279 protiteatur
1376 251 1406 271 se
1429 251 1444 271 a
1461 243 1586 279 legitima
1598 251 1660 271 cum
1680 251 1766 271 uxore

968 290 1168 317 consuetudine
1182 291 1370 317 ahsteuturam
1391 298 1397 316 :
1414 297 1449 316 nc
1463 297 1497 316 ex
1514 297 1547 317 eo
1566 297 1581 317 a
1594 289 1648 317 Deo
1662 289 1766 317 consti—

967 341 1041 364 tutas
1065 342 1090 364 et
1103 344 1152 363 sua
1174 337 1318 370 prtesentia
1340 335 1500 363 henedictas
1526 336 1638 370 nuptias
1666 336 1766 370 injuria

968 384 1074 410 allicere
1086 390 1228 417 cogamur,
1246 382 1404 418 evangelica
1417 390 1482 409 voce
1495 383 1665 409 exelamante
1678 391 1685 409 :
1700 382 1766 414 Qua:

967 430 1038 457 Deus
1056 430 1204 464 conjunxit,
1221 429 1298 457 homo
1327 437 1378 456 non
1397 433 1501 463 separe!
1514 429 1557 454 “z
1582 434 1609 456 et
1635 429 1765 463 Apostolo

968 477 1091 509 docente,
1110 476 1288 503 Houorabiles
1317 477 1424 510 nuptias
1447 481 1471 503 et
1493 481 1578 503 torum
1605 477 1766 504 ἱιηηιιιειιίαυ

969 526 1023 548 ιιιηι
1033 522 1067 554 ⁸⁷,
1079 526 1116 553 ct,
1131 521 1266 556 Alligatus
1278 529 1304 548 es
1320 521 1404 556 286
1415 522 1517 549 uxori?
1535 529 1567 548 ne
1591 529 1680 556 quaere
1692 522 1767 549 solu-

969 569 1065 595 tionem
1077 569 1100 586 ⁸⁸
1115 577 1120 595 :
1137 567 1242 595 scimus
1269 572 1372 600 autem,
1392 568 1464 595 sicut
1485 572 1511 595 et
1533 567 1579 602 qui
1596 567 1764 602 Carthagine

968 617 1156 640 convenerunt
1171 612 1222 645 ⁵⁸³⁸⁸,
1250 617 1276 639 et
1297 613 1359 639 vitae
1388 612 1578 640 ministrorum
1609 613 1763 640 honestatis

968 666 1064 686 curam
1081 664 1205 693 gerentes
1223 658 1362 691 dixerunt,
1387 664 1417 686 ut
1433 658 1605 690 suhdiacoui,
1620 659 1666 693 qui
1683 666 1762 686 sacra

969 707 1100 741 mysteria
1120 709 1302 736 contrectant,
1318 710 1346 732 et
1369 705 1490 738 diaconi,
1507 710 1534 732 ct
1554 705 1708 741 presbyteri
1721 713 1764 733 se-

969 753 1090 780 cundum
1118 752 1247 787 proprios
1281 753 1413 779 terminos
1441 760 1456 778 a
1485 751 1663 779 consortibus
1678 751 1764 779 absti-

970 802 1073 825 neant:
1099 802 1129 824 ut
1154 802 1181 824 et
1206 797 1278 832 quod
1297 804 1343 831 per
1358 797 1499 832 apostolos
1523 797 1653 823 traditum
1670 801 1723 829 est,
1738 800 1766 823 et

969 845 1004 872 ab
1024 845 1083 879 ipsa
1109 852 1196 879 usque
1214 843 1378 878 antiquitate
1404 848 1555 876 servatum,
1581 850 1631 870 nos
1655 850 1765 878 quoque

112 888 270 915 ἀποστόλων
283 888 446 923 παραδοθὲν,
463 889 510 915 καὶ
526 889 607 924 ἡμεῖς
620 889 721 924 ὁμοίως
736 889 912 925 φυλάξωμεν,

970 892 1094 920 similiter
1109 898 1261 923 servemus,
1279 895 1387 924 tempus
1405 890 1432 916 iu
1452 889 1528 917 omni
1547 897 1576 916 re
1589 890 1718 921 scientes,
1737 893 1765 917 et

111 934 208 970 καιρὸν
226 935 272 961 ἐπὶ
285 935 386 966 παντὸς
403 935 580 970 ἐπιστάμενοι
595 935 777 970 πράγματος,
794 936 842 962 καὶ
860 936 914 971 μά-

111 979 190 1006 lio-ca.
212 981 339 1016 νηστείας
364 982 411 1008 καὶ
430 981 595 1017 προσευχῆς.
626 981 686 1017 Χρὴ
710 982 765 1017 γὰρ
791 983 854 1014 τοὺς
876 983 915 1018 τῷ

110 1025 201 1060 καιρῴ
209 1027 256 1060 τῆς
266 1026 322 1052 τῶν
337 1026 420 1060 ἁγίων
438 1027 664 1061 μεταχειρίσεως,
678 1028 825 1062 ἐγκρατεῖς
842 1024 914 1054 εἶναι

109 1072 138 1097 ὲν
154 1072 250 1104 πᾶσιν,
270 1072 344 1104 ὅπως
362 1072 514 1108 δυνηθῶσιν
528 1070 559 1100 οὗ
577 1073 652 1108 παρὰ
669 1073 717 1100 τοῦ
734 1073 801 1100 Θεοῦ
816 1073 912 1105 ἁπλῶς

108 1119 232 1146 αἰτοῦσιν
247 1120 388 1155 ἐπιτυχεῖν
399 1129 405 1135 ·
428 1121 510 1152 εἴτις
524 1120 571 1148 οὖν
589 1121 737 1157 τολμήσει,
757 1121 833 1156 παρὰ
849 1122 913 1154 τοὺς

107 1165 308 1196 ἀποστολικοὺς
325 1165 442 1197 κανόνας
462 1166 635 1201 κινούμενος,
650 1166 710 1193 τινὰ
725 1165 779 1193 τῶν
795 1167 913 1202 ἱερωμέ-

99 1219 171 1248 -νων,
187 1210 382 1246 πρεσϐυτέρων
406 1211 539 1246 φαμὲν,ἢ
564 1211 707 1244 διακόνων,
726 1212 742 1247 ἣ
765 1212 913 1239 ὑποδιακό-

105 1265 172 1287 νων,
189 1256 352 1292 ἀποστερεῖν
365 1257 414 1291 τῆς
432 1257 500 1292 πρὸς
515 1257 565 1292 τὴν
581 1258 697 1292 νόμιμον
712 1259 831 1292 γυναῖκα
847 1267 911 1284 συν-

105 1302 207 1336 αφείας
219 1311 249 1328 τε
265 1304 312 1329 καὶ
327 1303 482 1334 κοινωνίας,
499 1303 701 1339 καθαιρείσθω·
713 1304 845 1336 ὡσαύτως
861 1305 911 1332 καὶ

105 1349 134 1375 εἴ
148 1357 190 1380 τις
207 1348 405 1384 πρεσϐύτερος,
421 1349 437 1384 ἦ
455 1349 578 1381 διάκονος
589 1370 595 1381 ,
614 1350 664 1385 τὴν
680 1349 777 1376 ἑαυτοῦ
793 1352 910 1384 γυναῖκα

107 1396 246 1431 προφάσει
268 1396 413 1428 εὐλαϐείας
437 1396 575 1429 ἐκϐάλλει,
602 1396 796 1432 ἀφοριζέσθω·
813 1397 911 1433 ἐπιμέ-

107 1450 162 1468 νων
175 1441 214 1471 δὲ,
232 1441 432 1475 καθαιρείσθω.

144 1487 272 1514 ΚΕΦΑΛ.
293 1486 356 1515 KI".
372 1502 407 1508 —
424 1487 494 1521 Περὶ
530 1487 678 1521 κληρικοῦ
713 1487 912 1521 χλευάζοντος

106 1533 180 1566 τοὺς
199 1532 349 1566 ἀσθενεῖς.

321 1579 511 1606 Ἀποστόλων
528 1579 630 1606 κανὼν
648 1577 697 1611 νζ.

144 1625 192 1658 γε’.
215 1625 250 1652 Εἴ
263 1634 306 1657 τις
323 1625 465 1661 κλῃρικδς,
482 1625 568 1661 χωλὸν
583 1625 600 1661 ἢ
618 1625 722 1660 κωφὸν,
738 1634 766 1653 κ.
778 1635 803 1653 τ.
817 1625 843 1652 λ.

144 1718 273 1745 ΚΕΦΔΔ.
293 1716 358 1746 ΚΔ’.
374 1732 411 1738 --
425 1717 497 1752 Περὶ
520 1717 669 1752 κληρικοῦ
689 1717 799 1745 ἑαυτὸν
812 1718 908 1752 ἀκρω-

106 1763 310 1799 τηριάζοντος.

321 1809 512 1837 Ἁποστόλων
531 1809 633 1837 κανὼν
652 1809 704 1844 κγ’.

146 1855 199 1891 κγ’.
220 1856 254 1883 Εἰ
263 1864 305 1887 τις
315 1856 446 1891 κληρικὸς
457 1855 495 1882 ὢν
508 1856 602 1883 ἑαυτὸν
614 1857 830 1893 ὰκρωτηριάσει,
843 1855 910 1883 καθ-

107 1901 246 1937 αιρείσθω
258 1910 263 1916 ·
281 1901 380 1936 φονεὺς
396 1901 450 1936 γὰρ
464 1901 539 1928 ὲστιν
553 1901 662 1928 ἑαυτοῦ.

282 1955 420 1983 Συνόδου
438 1955 564 1989 Νικαίας
583 1954 738 1985 κανὼν,α’.

146 2013 182 2042 α’.
203 2013 238 2040 Εῐ
251 2022 294 2046 τις
314 2013 343 2040 ἐν
357 2013 428 2049 νόσῳ
455 2013 507 2040 ὑπὸ
535 2012 634 2048 ἰατρῶν
656 2012 867 2049 ἐχειρουργήθη,
882 2021 910 2041 κ.

107 2070 137 2089 τ,
151 2062 176 2088 λ.

109 2118 249 2147 Συνόδου
265 2117 291 2145 α’
308 2117 356 2145 καί
371 2117 402 2150 ,β’
417 2118 680 2153 συγκροτηθείσης
697 2118 732 2145 ἐν
751 2119 912 2145 Κωνστανι-

147 2155 321 2199 τινομπόνρει
332 2154 368 2181 ἐν
386 2153 427 2186 τῷ
440 2153 502 2186 ναῷ
521 2153 581 2180 τῶν
593 2154 701 2189 Ἀγίων
717 2153 913 2181 Ἀποστόλων

148 2199 252 2217 κανων
263 2199 282 2225 η
292 2210 299 2217 .

966 938 1085 966 maxime
1104 938 1129 964 in
1152 937 1260 972 jejunio
1277 942 1304 964 ct
1326 937 1460 963 oratione.
1479 935 1594 970 Oportet
1619 936 1693 963 enim
1716 943 1766 964 eos

965 986 1011 1020 qui
1028 985 1121 1012 divino
1141 984 1221 1011 altari
1238 983 1372 1016 assident,
1390 983 1416 1010 in
1432 988 1589 1010 sanctorum
1606 982 1763 1009 tractando-

965 1040 1026 1059 rum
1047 1035 1169 1066 tempore
1184 1038 1245 1058 esse
1268 1030 1381 1057 omnino
1403 1029 1587 1060 continentes,
1608 1033 1639 1056 ut
1657 1029 1764 1062 possint

965 1081 991 1108 id
1007 1080 1081 1116 quod
1096 1089 1112 1108 a
1136 1081 1190 1107 Deo
1205 1079 1366 1114 simpliciter
1383 1082 1479 1114 petunt
1497 1078 1632 1105 obtinere.
1657 1076 1685 1104 Si
1699 1077 1762 1112 quis

964 1134 1030 1161 ergo
1045 1126 1128 1153 fuerit
1150 1133 1236 1153 ausus
1262 1131 1361 1160 printer
1378 1125 1544 1159 apostolicos
1559 1131 1678 1151 canones
1694 1123 1763 1151 inci-

965 1177 1039 1199 tatus
1054 1173 1173 1207 aliquem
1192 1179 1290 1199 eorum
1306 1171 1351 1205 qui
1371 1175 1436 1198 sunt
1460 1171 1487 1197 in
1506 1170 1602 1201 sacris,
1622 1170 1763 1206 presbyte-

964 1225 1070 1249 rorum,
1084 1217 1226 1251 inquimus
1240 1217 1282 1243 vel
1299 1216 1489 1248 diacouorum,
1505 1215 1547 1242 vel
1561 1215 1763 1250 hypodiacono-

964 1271 1038 1295 rum,
1055 1263 1251 1297 conjunctione
1274 1271 1337 1290 cum
1359 1262 1479 1297 legitima
1503 1269 1590 1288 uxore
1606 1265 1764 1289 etconsue-

966 1309 1060 1336 tudine
1090 1309 1207 1343 privare,
1236 1309 1399 1342 deponatur.
1432 1307 1565 1334 Similiter
1582 1311 1619 1334 .ct
1645 1307 1668 1334 si
1697 1307 1762 1342 quis

964 1355 1107 1390 presbyter
1121 1354 1163 1381 vel
1184 1354 1320 1381 diaconus
1340 1360 1419 1380 suam
1436 1360 1548 1379 uxorem
1568 1352 1677 1387 pietatis
1692 1358 1763 1387 pra!-

965 1405 1038 1427 tcxtu
1056 1399 1177 1434 ejecerit,
1204 1403 1361 1434 segregetur
1377 1407 1382 1425 :
1409 1402 1436 1425 et
1451 1398 1474 1425 si
1489 1402 1657 1433 perseveret,
1675 1398 1761 1432 depo-

964 1452 1075 1510 Μὲίῖἱὶ
1094 1481 1189 1509 XXII].
1201 1496 1234 1502 -——
1247 1481 1286 1508 De
1299 1481 1395 1508 clerico
1409 1446 1531 1515 inﬁnitos
1547 1479 1684 1507 irridente.

1183 1573 1371 1608 Apostolorum
1387 1580 1473 1599 canon
1489 1571 1532 1599 57.

994 1619 1029 1647 57
1045 1618 1114 1655 [5‘6].
1128 1618 1155 1645 Si
1168 1620 1231 1654 quis
1243 1617 1361 1646 cleriCus
1377 1617 1505 1645 claudum
1517 1617 1560 1644 vel
1569 1617 1694 1652 surdum,
1706 1621 1763 1646 etc.

961 1672 989 1694 ut
1006 1675 1066 1694 una.
1083 1665 1146 1693 738.

1015 1675 1038 1693 ιιι
1060 1687 1066 1693 .
1088 1675 1146 1693 too.

996 1675 1075 1741 ἑΑιί).
1093 1712 1191 1740 XXIV.
1208 1727 1244 1733 —
1261 1712 1298 1739 De
1311 1711 1406 1739 clerico
1428 1711 1473 1746 qui
1489 1711 1604 1746 seipsum
1624 1710 1746 1739 mutilat.

1183 1808 1371 1843 Apostolorum
1383 1814 1469 1834 canon
1484 1805 1530 1833 25.

1001 1857 1038 1885 ‘25
1054 1856 1124 1893 [2‘2].
1142 1855 1170 1884 Si
1186 1855 1248 1891 quis
1263 1863 1324 1883 cum
1342 1855 1377 1883 sit
1395 1854 1523 1886 clericus,
1536 1853 1656 1888 seipsum
1682 1851 1766 1879 mnti-

963 1903 1070 1936 lavcrit,
1088 1904 1241 1938 deponatur
1260 1911 1267 1928 :
1286 1905 1328 1929 est
1344 1901 1417 1928 enim
1433 1902 1475 1928 sui
1490 1899 1640 1927 homicida.

1111 1959 1194 1995 287
1209 1958 1322 1986 Concilii
1341 1956 1446 1984 Nicwni
1463 1965 1548 1983 canon
1569 1957 1592 1983 l.

999 2017 1025 2044 1.
1046 2016 1073 2043 Si
1094 2016 1157 2051 quis
1187 2023 1203 2043 a
1232 2013 1345 2042 medicis
1360 2014 1386 2040 in
1405 2013 1502 2040 morbo
1521 2012 1645 2044 excisus,
1659 2015 1711 2039 etc.
1734 2015 1764 2038 ut

962 2071 1024 2098 pag.
1042 2062 1104 2090 505.

963 2117 1064 2154 Synodi
1088 2126 1146 2152 quw
1161 2117 1247 2152 prima
1271 2121 1295 2154 et
1319 2116 1435 2143 secunda
1449 2119 1617 2154 nuncupatur
1635 2113 1765 2141 Constan-

1000 2154 1110 2187 tinupuli
1123 2153 1254 2187 intemplo
1268 2151 1429 2179 Sanctorum
1445 2152 1641 2186 Apostolorum
1653 2156 1763 2185 congre-

999 2194 1062 2224 gato
1077 2196 1162 2215 canon
1175 2190 1218 2224 8.]

148 2246 183 2282 η’.
203 2247 232 2273 '0
247 2246 317 2278 θεῖος
333 2246 380 2273 καὶ
398 2245 418 2271 ιε
424 2245 470 2281 pb;
483 2245 537 2272 τῶν
549 2245 634 2280 ἁγίων
647 2245 805 2273 ἀποστόλων
817 2245 908 2273 κανὼν

996 2244 1021 2271 8.
1031 2243 1145 2271 Divinas
1153 2247 1180 2270 et
1188 2251 1266 2271 sacer
1273 2247 1430 2270 sanctorum
1442 2241 1628 2276 apostolorum
1638 2239 1766 2272 canon",

109 2292 176 2324 τοὺς
189 2293 373 2326 ὲκτέμνοντας
390 2291 505 2323 ἑαυτοὺς
521 2291 723 2325 αὑτοερονευτὰς
738 2291 846 2327 κρίνει,
863 2292 911 2319 καὶ

112 2338 197 2374 ἱερεῖς
215 2337 264 2373 μὲν
278 2337 358 2368 ὄντας
375 2336 513 2372 καθαιρεῖ,
531 2336 678 2371 μέλλοντας
697 2337 726 2363 δὲ
740 2337 788 2363 καὶ
801 2338 851 2370 τῆς
864 2337 912 2363 ἐπὶ

112 2383 266 2420 ἱερωσύνην
282 2383 426 2417 προκοπῆς
440 2382 567 2417 ἀπείργει
579 2390 586 2397 ·
604 2382 684 2417 δῆλον
704 2382 830 2409 ἐντεῦθεν
845 2382 912 2409 καθ-

113 2430 206 2463 ιστῶν,
222 2429 261 2461 ὠς
277 2430 355 2464 εἴπερ
382 2430 396 2455 ὁ
421 2429 517 2455 ἑαυτὸν
544 2429 684 2464 ἐκτέμνων
711 2429 912 2465 αὐτοφονευτής

112 2478 198 2509 ἐστιν,
215 2476 229 2501 ὁ
252 2475 344 2511 ἕτερον
369 2475 511 2510 ἐκτέμνων
545 2475 655 2506 πάντως
679 2475 811 2510 φονευτής
836 2476 913 2501 ἐστι·

112 2523 174 2558 θείη
191 2523 213 2548 δ’
228 2522 260 2549 ἄν
274 2531 315 2553 τις
329 2522 375 2548 τὸν
391 2521 511 2548 τοιοῦτον
526 2522 639 2553 δικαίως
656 2522 704 2548 καὶ
720 2522 771 2557 τῆς
783 2521 915 2556 δημιουρ-

111 2569 175 2603 γίας
193 2569 279 2601 αὐτῆς
295 2568 437 2603 ὑϐριστήν.
454 2568 554 2603 Διόπερ
567 2567 696 2603 ὣρισενή
713 2568 778 2602 ἁγία
794 2568 915 2600 σύνοδος,

111 2616 151 2647 ὡς
169 2617 196 2642 εί
209 2625 252 2647 τις
265 2616 424 2647 ἐπίσκοπος,
439 2615 455 2651 ἢ
473 2616 667 2651 πρεσϐύτερος,
682 2616 699 2650 ἢ
714 2615 834 2647 διάκονος
845 2635 852 2647 ,
869 2616 915 2642 εὑ-

113 2663 247 2698 νουχίζων
258 2663 320 2689 τινὰ
335 2662 462 2697 ἐλεγχθῇ,
473 2662 489 2697 ἢ
502 2662 669 2698 αὐτοχειρία,
682 2662 698 2697 ἦ
715 2662 744 2694 ἐξ,
760 2662 916 2696 ἐπιτάγμα-

113 2719 171 2744 τος,
188 2710 284 2736 τοῦτον
303 2709 463 2744 καθαιρέσει
480 2708 736 2735 καθυποϐάλλεσθαι
750 2717 756 2723 ·
776 2710 799 2735 εὶ
813 2709 841 2735 δὲ
859 2709 916 2736 λαῖ-

115 2757 164 2789 κὶις
180 2757 235 2791 εἴη,
255 2755 453 2791 ἀφορίζεσθαι·
478 2755 547 2790 πλὴν
573 2756 597 2781 εὶ
623 2757 708 2791 μήπω
733 2756 842 2792 νόσημά
863 2765 915 2782 τινι

152 2839 174 2854 ⁸⁸
191 2837 285 2864 Matth.
309 2844 364 2868 χιιι,
390 2836 417 2863 G.

120 2880 207 2909 apusl.
223 2873 269 2905 2'2,
285 2873 320 2899 εὖ
332 2876 358 2900 ct
370 2872 414 2899 2i.

472 2836 493 2852 ⁵⁷
509 2834 591 2864 Hebr.
622 2843 682 2869 χιιι,
709 2835 737 2863 4.

794 2836 815 2852 ⁸⁸
843 2837 852 2864 Ι
877 2837 942 2865 Cor.
959 2845 1006 2871 vn,
1026 2836 1071 2865 ‘27.

965 2299 1012 2318 eos
1024 2290 1070 2325 qui
1087 2298 1116 2318 se
1128 2291 1202 2325 ipsos
1219 2294 1341 2317 castraut
1357 2297 1418 2316 esse
1430 2289 1471 2316 sui
1486 2286 1765 2321 homicidasjudicat.

965 2336 998 2364 Et
1020 2337 1043 2364 si
1058 2337 1114 2364 sint
1128 2336 1238 2372 quidem
1254 2336 1420 2368 sacerdotes,
1443 2334 1569 2369 deponit;
1585 2334 1608 2360 si
1633 2341 1686 2360 non
1710 2332 1767 2373 sint

966 2388 1068 2416 autem,
1086 2391 1119 2410 ne
1133 2383 1167 2410 ad
1187 2382 1370 2410 sacerdotium
1396 2384 1611 2415 promoveantur
1626 2378 1765 2413 prohibet,

966 2437 999 2457 cx
1013 2438 1045 2457 eo
1060 2436 1152 2464 aperte
1167 2434 1301 2460 statuens,
1314 2427 1387 2463 quod
1404 2427 1427 2454 si
1444 2427 1466 2454 is
1482 2427 1528 2461 qui
1541 2434 1569 2453 se
1582 2425 1672 2460 ipsum
1687 2432 1767 2452 exse-

965 2476 1038 2503 cavit
1048 2477 1089 2502 sui
1099 2480 1140 2502 cst
1151 2473 1298 2507 homicida,
1311 2473 1356 2508 qui
1369 2473 1451 2499 alium
1464 2476 1584 2502 exsecat,
1597 2475 1640 2497 est
1653 2469 1767 2496 omnino

969 2521 1116 2549 homicida.
1146 2521 1239 2547 Merito
1266 2525 1355 2547 autent
1385 2518 1514 2546 statuerit
1538 2517 1674 2552 quispiam
1701 2523 1765 2543 eum

969 2576 1079 2604 quoque
1098 2570 1123 2594 in
1142 2568 1279 2602 opiﬁcium
1294 2566 1524 2595 contumeliosum
1540 2564 1637 2591 videri.
1661 2563 1766 2596 Quant-

967 2615 1060 2642 obrem
1076 2615 1197 2641 decrevit
1208 2617 1299 2641 sancta
1314 2613 1445 2648 synodus,
1459 2617 1487 2638 ut
1500 2611 1522 2638 si
1536 2611 1599 2646 quis
1609 2610 1765 2645 episcopus,

967 2662 1008 2689 vel
1024 2661 1176 2696 presbyter,
1196 2661 1237 2688 vel
1253 2660 1397 2692 diaconus,
1417 2664 1540 2686 castrare
1561 2657 1680 2692 aliquem
1697 2663 1765 2682 con—

967 2709 1055 2736 victus
1070 2708 1162 2742 fuerit,
1183 2708 1224 2735 vel
1254 2716 1337 2735 manu
1361 2706 1484 2742 propria,
1506 2705 1546 2732 νιιί
1559 2712 1609 2731 suo
1625 2703 1715 2738 jussu,
1741 2701 1766 2729 is

968 2756 1132 2791 depositioui
1147 2755 1311 2790 subjiciatur
1329 2763 1335 2781 :
1355 2755 1377 2781 si
1393 2755 1430 2781 sit
1443 2759 1534 2780 autem
1551 2751 1648 2781 laicus.
1671 2756 1764 2783 segre-

1126 2836 1166 2853 ⁸⁸⁴
1179 2836 1263 2865 Conc.
1289 2835 1419 2870 Carlhag.
1435 2841 1466 2868 ιι,
1482 2840 1543 2861 can.
1573 2830 1601 2857 2.
1652 2830 1673 2846 δν
1692 2829 1762 2858 Can.
