1959 3060
197 130 250 163 763

730 125 735 129 ”
781 125 915 157 ΡΗΟΤΙΙ
934 125 1188 157 PATRIARCH/E
1204 126 1259 157 ΕΡ.

1795 128 1850 161 764

197 195 288 226 gctur.
304 193 403 225 prtetcr
418 195 501 223 quam
519 187 543 215 si
565 187 687 218 morbus.
710 186 756 221 ‘lui
780 186 861 213 alicui
886 185 995 217 accidit,

1061 186 1217 220 προσπεσὸν,
1229 185 1297 220 πρδς
1311 186 1432 222 ἐκτομὴν
1444 188 1490 214 τοῦ
1503 188 1670 221 πεπονθότος
1680 188 1848 221 ὲκϐιάζοιτοο

197 237 230 264 ad
251 236 327 263 illum
352 233 546 264 exsecandum,
563 233 611 268 qui
628 236 764 260 castratus
788 236 840 262 est,
863 232 993 266 coegerit.

198 281 436 316 Quemadmodum
450 280 523 307 enim
539 279 657 306 Nictcme
672 279 766 314 prima:
780 277 876 314 synodi
895 285 995 308 canon,

197 337 246 357 eos
260 329 305 363 qui
321 328 347 355 in
363 327 459 354 morbo
474 326 578 355 cxsecti
597 329 672 358 sunt,
697 332 751 352 non
777 325 866 359 punit,
885 329 997 359 propter

197 376 336 406 morbum,
366 375 416 405 sic,
437 380 464 400 et
478 380 538 405 nos,
557 380 607 400 nec
624 373 793 404 sacerdotes,
809 371 855 405 qui
878 375 997 406 :egrotos

198 422 315 450 castrari
337 420 478 452 mandant,
503 419 733 452 condetnnamus,
755 426 807 446 nec
828 418 925 450 laicos,
950 416 997 449 qui

197 468 317 504 propriis
349 467 476 494 manibus
508 466 541 493 ad
569 465 764 493 castrationem
791 469 924 497 utuntur,
954 471 998 490 re-

199 513 406 550 prehendimus.
426 511 484 539 Hoc
499 511 573 539 enim
592 511 681 539 morbi
699 517 761 538 eSse
776 510 920 541 medelam,
941 516 996 536 non

199 564 291 588 autem
304 563 438 586 creaturae
458 558 572 585 insidias
586 557 655 590 ﬁeri,
674 557 715 584 vel
733 557 873 592 opiﬁcium
897 555 998 590 injuria

200 605 269 633 allici
285 605 486 632 existimamus.

234 652 304 687 Lege
319 659 379 686 qua:
399 651 527 686 superius
541 653 671 677 annolata
683 649 784 677 suntin
802 656 862 683 cap.
879 648 922 680 M,
934 647 997 674 titJ

196 699 339 734 praesentis
356 698 457 733 operis.

235 745 319 780 288
335 744 412 771 CAP.
427 743 512 770 XXV.
527 758 564 763 —-
580 742 616 770 De
632 742 735 769 clericis
749 741 878 775 apostatis
890 760 898 773 ,
912 744 936 767 et
953 748 1000 766 sa-

198 790 381 826 criﬁcantibus
406 796 431 817 et
446 791 540 825 magis,
549 795 572 816 et
583 789 805 820 incantatoribus,
814 793 838 814 et
848 787 999 821 astrologis,

206 848 238 866 ac
255 839 460 870 mathematicis,
471 842 495 865 et
511 838 619 871 divinis,
640 841 664 864 et
677 835 808 870 vettrﬁcis,
835 839 859 861 et
875 835 906 861 de
923 842 1000 861 amu-

199 885 271 913 latis.

429 931 617 965 Apostolorum
631 940 716 959 unum
732 931 777 959 62.

235 979 270 1006 6‘2
288 977 355 1015 [6|].
373 977 402 1005 Si
415 978 479 1012 quis
496 978 614 1005 clericus
642 983 753 1013 propter
771 981 874 1004 tur-tum
903 975 998 1001 buma-

201 1034 283 1057 nutn,
308 1025 351 1054 vel
374 1025 476 1057 Judmi,
498 1025 539 1052 vel
565 1024 686 1052 hzeretici
719 1022 872 1060 negaverit,
893 1023 999 1052 etc.,ut

199 1081 260 1109 pag.
277 1073 340 1102 746.

355 1129 469 1158 Concilii
487 1129 623 1164 Ancyraui
647 1135 761 1155 canone:
779 1128 804 1159 Ι,
816 1127 844 1154 2.

237 1177 263 1204 1.
274 1176 450 1212 Presbyteros
460 1175 506 1210 qui
518 1175 755 1207 sacriﬁcaverunt,
765 1179 817 1202 etc.
828 1180 856 1201 ut
865 1182 926 1209 pag.
937 1173 1000 1200 595.

240 1224 269 1250 2.
287 1223 423 1250 Diaconos
440 1221 568 1249 similiter
586 1221 633 1254 qui
650 1220 887 1253 sacriﬁcaverunt,
907 1224 1000 1254 postea

201 1272 294 1296 autem
308 1267 434 1295 reluctati
449 1271 523 1298 sunt,
535 1270 601 1297 etc.,
618 1270 647 1292 ut
663 1273 723 1300 pag.
742 1264 804 1292 755.

383 1323 497 1351 Concilii
512 1322 655 1349 Laodiccni
670 1330 756 1349 canon
774 1321 820 1349 36.

237 1371 282 1399 36.
298 1370 376 1404 Quod
396 1378 448 1397 non
467 1372 575 1405 oportet
587 1376 635 1396 e05
653 1368 700 1404 qui
727 1371 792 1396 sunt
809 1368 920 1400 sacrati,
936 1373 1002 1400 etc.,

203 1424 232 1446 ut
246 1427 308 1454 pag.
323 1418 387 1445 75’s.

241 1475 350 1504 Textus.
369 1475 407 1503 De
423 1475 564 1508 veneﬁcis,
581 1474 797 1506 mathematicis,
811 1474 1004 1508 similibusque

202 1522 246 1549 tit.
267 1522 309 1553 18,
328 1522 373 1549 lib.
390 1530 429 1549 ιι.
441 1522 502 1549 cod.
520 1521 616 1548 Const.
633 1521 645 1548 1
663 1521 739 1548 ιιιερε
754 1521 870 1548 statuit:
884 1519 1002 1547 Plusest

202 1576 321 1600 veneno.
347 1576 429 1603 quam
449 1568 540 1604 gladio
556 1568 694 1596 occidere.
711 1567 807 1594 Const.
825 1567 843 1594 2
859 1577 865 1594 :
883 1567 999 1594 Geome-

204 1615 285 1643 triant
300 1615 372 1643 seire
384 1615 451 1643 utile
462 1620 505 1643 est
520 1624 526 1643 :
540 1623 585 1642 ars
596 1619 688 1642 autem
703 1614 898 1641 mathematica
914 1614 1000 1641 inter-

203 1663 275 1691 dicta
289 1667 342 1694 est,
354 1667 380 1690 et
395 1662 534 1689 damnata.
549 1661 647 1689 Const.
661 1662 695 1689 ὗς
711 1660 807 1688 Nullus
822 1660 934 1693 artifex,
953 1664 1001 1688 attt

205 1707 349 1738 sacerdos,
372 1711 420 1733 aut
442 1714 539 1734 eorum
557 1706 703 1740 quisquam
720 1706 766 1740 qui
787 1705 849 1732 huic
864 1705 928 1733 rittti
947 1705 1000 1732 mi-

205 1753 336 1783 nistrant,
357 1752 392 1779 ob
416 1752 500 1778 ullam
522 1751 636 1778 omnino
669 1759 782 1779 causam
805 1752 838 1778 ad
869 1753 1000 1787 aliquem,

207 1800 314 1826 tametsi
340 1799 447 1826 anticus
465 1799 553 1834 ipsius
570 1799 621 1831 sit,
649 1798 769 1826 itttroeat
790 1807 796 1825 :
822 1798 944 1834 alioquin
975 1803 1003 1826 et

207 1843 267 1878 ipse
279 1848 474 1871 concrematur
491 1853 498 1870 :
524 1848 551 1871 et
564 1845 610 1877 qui
630 1843 720 1877 ipsum
742 1843 909 1875 evocaverit,
940 1849 1003 1878 post

207 1889 342 1917 bonorum
374 1890 599 1918 confiscationem
625 1890 785 1924 deportatur
808 1900 814 1918 :
837 1894 865 1917 et
889 1890 1004 1924 quilibet

206 1942 330 1965 accusat.
348 1936 443 1966 Const.
460 1938 476 1964 4
495 1945 501 1963 :
526 1937 579 1971 Qui
599 1937 712 1972 magicis
729 1937 836 1965 artibus
855 1937 938 1965 saluti
951 1937 1002 1965 lto-

208 1984 314 2012 minum
336 1989 384 2011 attt
406 1984 545 2019 pudicitiae
562 1984 738 2016 insidiantur,
754 1984 906 2019 pttttiuntur
923 1993 929 2010 :
948 1992 1001 2011 non

207 2034 299 2057 autent
317 2029 363 2064 qui
380 2027 440 2065 [per
455 2028 526 2065 illas]
542 2029 700 2056 hominibus
715 2029 870 2061 medentur,
884 2034 932 2056 aut
945 2028 1002 2056 fru-

208 2081 302 2104 ctuum
323 2080 485 2110 proventum
507 2076 620 2103 uberem
638 2081 813 2108 conservant,
831 2077 935 2104 imbres
957 2081 1004 2104 attt

204 2121 352 2156 grandines
372 2126 536 2149 avertentes.
553 2121 650 2149 Const.
669 2122 686 2149 5
702 2131 709 2148 :
733 2122 820 2150 Nemo
837 2127 883 2149 attt
900 2128 1002 2156 vatem,

209 2173 258 2194 aut
278 2168 444 2203 aruspicem,
461 2173 508 2196 aut
529 2176 660 2204 augurem
677 2169 804 2197 consulat
827 2177 835 2196 :
860 2177 949 2204 neque
963 2169 1004 2197 di-

1048 231 1143 267 ὦσπερ
1161 231 1215 267 γὰρ
1231 233 1245 258 ὁ
1262 232 1312 267 τῆς
1327 233 1357 259 ὲν
1371 233 1475 269 Νικαίᾳ
1494 235 1604 261 συνόδου
1617 235 1727 269 πρῶτος
1744 234 1848 268 κανὼν,

1049 278 1112 308 τοὺς
1128 279 1157 304 ὲν
1171 277 1241 313 νόσῳ
1257 278 1505 313 χειρουργηοέντας
1522 280 1554 306 οὺ
1571 280 1683 312 κολάζει
1696 279 1742 307 διὰ
1760 279 1791 306 τδ
1805 279 1850 306 νόο

1050 332 1137 358 σημα,
1147 323 1220 350 οὕτω
1233 325 1280 351 καὶ
1292 325 1371 360 ἡμεῖς
1382 332 1389 339 ·
1403 324 1465 351 οὔτε
1477 325 1540 357 τοὺς
1558 326 1641 362 ίερεῖς
1654 325 1849 357 ἐπιτάττοντας

1049 369 1253 404 εὐνουχίςεσοαι
1281 371 1343 402 τοὺς
1370 370 1515 402 νοσοῦντας
1546 371 1760 406 κατακρίνομεν,
1786 371 1848 397 οὒτε

1051 415 1105 452 μὴν
1114 416 1177 447 τοὺς
1189 416 1301 448 λαῐκοὺς
1317 417 1477 453 αὐτοχειρίᾳ
1492 418 1561 453 πρὸς
1576 418 1626 452 τὴν
1642 417 1762 452 ἐκτομὴν
1773 426 1848 452 χρω-

1052 463 1167 498 μένους,
1187 462 1356 495 ὑπευθύνους
1379 463 1528 499 τιθέμεθαν
1556 463 1636 490 τοῦτο
1652 463 1707 499 γὰρ
1727 463 1849 499 ἰατρείαν

1049 508 1096 535 τοῦ
1113 509 1276 544 νοπήματος,
1296 509 1355 536 ἀλλ’
1371 510 1421 536 οὑκ
1437 510 1585 545 ἐπιϐουλὴν
1606 510 1653 537 τοῦ
1677 509 1848 545 πλάσματος,

1050 555 1066 591 ἢ
1082 556 1131 591 τῆς
1147 556 1274 588 πλάσεως
1292 555 1383 592 ὖὸριν,
1397 557 1572 592 λογιζόμεθα.

1086 648 1237 682 Ἀνάγνωοι
1261 649 1297 674 τὰ
1322 648 1582 685 παραγεγραμμένα
1607 647 1738 683 ἀνωτέρω
1759 648 1789 675 ὲν
1810 647 1851 683 τῷ

1053 694 1083 722 ιδ’
1101 705 1163 730 κεφ.
1180 696 1230 722 τοῦ
1243 695 1267 723 α’
1281 697 1333 724 τίτ.
1350 697 1398 723 τοῦ
1416 697 1551 731 παρόντος
1566 696 1767 730 συντάγματος,

1087 743 1214 770 ΚΕΦΛΛ.
1237 743 1339 771 ΚΕ’.-
1352 743 1421 777 Περὶ
1433 742 1586 777 κληρικῶιν
1598 740 1790 772 ἀποστατῶν,
1800 740 1850 768 καὶ

1052 789 1164 820 θυτὼν,
1180 789 1228 816 καὶ
1251 789 1364 824 μάγων,
1381 789 1431 816 καὶ
1452 788 1610 819 Evt/(atatim
1627 787 1677 814 καί
1702 787 1850 821 ἀστρολό-

1053 845 1122 871 γων,
1134 836 1358 871 μαθηματικῶν,
1379 836 1429 863 καί
1444 835 1510 870 περὶ
1530 833 1690 870 μαντειῶν,
1707 833 1756 860 καὶ
1776 841 1854 868 φαρ-

1049 883 1191 919 μακειῶν,
1209 884 1259 910 καὶ
1276 883 1457 917 περιάπτων.

1259 930 1289 957 Ἀ
1294 930 1454 956 ποστόλων
1475 930 1576 957 κανὼν
1595 931 1645 967 ξβ⁷.

1087 975 1138 1011 ξβ¹.
1160 975 1193 1002 Et
1206 985 1248 1008 τις
1270 975 1402 1010 κληρικὸς
1427 976 1470 1002 διὰ
1493 976 1576 1010 οόὸον
1599 977 1771 1013 ἀνθρώπινον
1781 977 1852 1004 ’1ου-

1050 1022 1136 1055 δαίου,
1149 1023 1166 1058 ἢ
1177 1022 1318 1057 Ἕλληνος,
1335 1022 1351 1058 ἢ
1367 1022 1505 1058 αἰρετικοῦ
1519 1043 1527 1056 ,
1545 1023 1704 1059 ἀρνήσεται,
1718 1033 1746 1051 κ.
1757 1032 1783 1052 τ.
1795 1023 1823 1051 λ.
1846 1043 1854 1058 _-

1185 1127 1320 1154 Συνόδου
1339 1126 1482 1161 Ἀγκύρας
1501 1126 1603 1154 κανὼν
1621 1130 1659 1160 α’⁹
1682 1127 1715 1162 β’.

1088 1178 1122 1201 α’.
1144 1174 1352 1210 Πρεσὸυτέρους
1365 1173 1429 1204 τοὺς
1445 1172 1638 1205 ἑπιθύσαντας,
1657 1182 1684 1200 κ.
1696 1182 1723 1200 τ.
1736 1173 1762 1201 λ.

1089 1221 1121 1255 β’.
1143 1220 1289 1251 Διακόνους
1298 1219 1400 1254 ὁμοίως
1410 1218 1554 1252 θύσαντας,
1568 1220 1636 1254 μετὰ
1650 1220 1676 1246 δὲ
1689 1219 1776 1246 ταῦτα
1787 1220 1862 1247 ἀνσς.

1054 1266 1255 1297 παλαίσαντος,
1272 1274 1299 1292 κ.
1309 1274 1337 1293 τ.
1348 1265 1374 1292 λ.

1188 1322 1324 1350 Συνόδου
1344 1323 1522 1356 Λαοδικείας
1541 1322 1643 1350 κανὼν
1661 1321 1716 1355 λς’.

1091 1369 1154 1396 Ὀτι
1172 1369 1202 1396 οὐ
1219 1369 1260 1396 δεῖ
1278 1370 1433 1406 ίερατικοὺς
1459 1370 1476 1404 ἢ
1501 1369 1661 1406 κληρικοὺς,
1689 1369 1806 1404 μάγους,
1823 1377 1852 1396 κ.

1053 1425 1079 1444 τ.
1092 1416 1118 1444 λ.

1091 1474 1159 1509 Περὶ
1170 1473 1327 1510 φαρμακῶν
1337 1474 1385 1501 καὶ
1399 1473 1600 1509 μαθηματικῶν
1617 1474 1664 1500 καὶ
1675 1473 1729 1500 τῶν
1740 1473 1855 1508 ὁμοίων.

1055 1520 1235 1555 διαλαμϐάνει
1252 1521 1265 1546 ὁ
1283 1519 1318 1556 ιη’
1332 1521 1386 1547 τίτ.
1401 1520 1447 1547 τοῦ
1466 1520 1488 1546 θ’
1503 1520 1573 1555 βιὸλ.
1596 1520 1644 1547 τοῦ
1663 1520 1728 1548 κὼδ,
1753 1520 1855 1546 ταῦτα.

1054 1567 1128 1594 Διάτ.
1147 1566 1170 1593 α’
1180 1575 1186 1581 ·
1199 1566 1300 1599 Μεῐζὸν
1316 1567 1375 1593 ἐστι
1390 1566 1421 1593 τὸ
1431 1567 1571 1602 φαρμάκῳ
1583 1566 1600 1602 ἢ
1616 1566 1688 1602 ξίφει
1705 1566 1834 1600 φονεῦσαι
1845 1575 1859 1583 ι

1054 1614 1129 1642 Διάτ.
1139 1613 1171 1649 β’·
1182 1614 1238 1650 Τὴν
1246 1613 1420 1649 γεωμετρίαν
1433 1613 1569 1649 χρήσιμόν
1579 1615 1652 1640 ἐστιν
1663 1613 1786 1645 ἐἰδέναι,
1795 1614 1812 1648 ἡ
1825 1613 1857 1640 δὲ

1057 1660 1234 1696 μαθηματικὴ
1246 1661 1434 1696 ἀπηγόρευται
1449 1661 1496 1687 καὶ
1506 1659 1799 1696 κατακέκριται.Διάτ.
1809 1661 1835 1693 γ’
1849 1667 1856 1674 ·

1054 1707 1158 1743 Μηδεὶς
1171 1707 1389 1743 οἱωνοσκὸπος,ἢ
1416 1707 1547 1743 ίερεὺς,ἢ
1562 1707 1616 1734 τῶν
1643 1705 1859 1741 ὑπουργούντων

1056 1755 1169 1791 τοιαύτῃ
1185 1754 1338 1790 θρησκείᾳ,
1355 1753 1448 1780 εἰσίτω
1467 1754 1536 1789 πρός
1559 1762 1622 1780 τινα
1646 1753 1689 1788 ἐφ’
1707 1753 1857 1789 οἱᾳόήποτε

1057 1800 1141 1836 αίτία.
1158 1800 1210 1826 κᾶν
1225 1799 1308 1826 αὐτοῦ
1323 1799 1400 1834 φίλος
1414 1796 1447 1834 ἦν
1458 1807 1464 1812 ⁸
1483 1799 1543 1826 ἐπεὶ
1559 1799 1606 1826 καὶ
1631 1799 1712 1831 αὐτὸς
1733 1798 1856 1832 καίεται,

1057 1846 1103 1873 καὶ
1118 1847 1132 1872 ὁ
1151 1845 1376 1881 προτρεψάμενος
1389 1845 1471 1872 αὐτον
1487 1845 1715 1881 δεπορτατεύεται
1736 1845 1858 1880 δημευό-

1059 1901 1149 1928 μενος,
1173 1893 1220 1919 καὶ
1233 1893 1247 1918 ὁ
1263 1891 1421 1927 βουλόκενος
1445 1893 1603 1928 κατηγορεῖ.
1621 1892 1697 1919 Διάτ.
1709 1891 1730 1918 δ’
1741 1899 1748 1906 ·
1765 1892 1796 1918 οι
1811 1891 1859 1918 διὰ

1059 1939 1175 1974 μαγείας
1187 1939 1220 1974 τῇ
1237 1939 1360 1974 σωτήρια
1374 1938 1427 1966 τῶν
1443 1937 1595 1973 ἀνθρώπων
1609 1938 1625 1974 ἢ
1642 1939 1674 1973 τῇ
1691 1937 1859 1974 σωφροσύνῃ

1058 1985 1279 2016 ἐπιϐουλεύοντες
1296 1984 1501 2021 τιμωροῦνται,
1525 1985 1555 2011 οὐ
1575 1985 1629 2020 μὴν
1643 1985 1668 2012 οἱ
1687 1984 1754 2020 προς
1772 1983 1858 2019 θερα-

1059 2031 1139 2058 πείαν
1161 2031 1216 2057 τῶν
1241 2030 1386 2064 σωμάτων,
1406 2030 1423 2065 ἢ
1447 2025 1638 2065 τῇέὑετηρία
1662 2028 1716 2054 τῶν
1741 2026 1860 2062 καρπῶν

1058 2077 1209 2110 ποιοῦντες,
1220 2074 1276 2104 οἷον
1291 2075 1390 2113 βροχὴν
1401 2076 1417 2111 ῆ
1429 2075 1548 2111 χάλαζαν
1560 2075 1713 2110 ἐπέχοντες.
1729 2073 1804 2100 Διάτ.
1819 2071 1840 2099 ε’
1850 2081 1858 2088 ’

1058 2124 1161 2160 Μηδεὶς
1175 2123 1305 2159 ἐρωτάτῳ
1321 2123 1417 2157 μάντιν
1429 2122 1446 2158 ἢ
1458 2121 1566 2158 θύτηνῆ
1579 2121 1773 2151 οἰωνοσκόπον,
1787 2119 1859 2155 μήτε

1059 2170 1253 2206 χρηματιςέτω
1270 2168 1433 2204 Χαλδαῖοςῆ
1452 2167 1645 2203 μαθηματικὸς
1667 2166 1684 2202 ἢ
1708 2166 1750 2198 τίς
1766 2174 1860 2202 παρα-

207 2214 285 2242 vinet
299 2214 469 2247 ,Chalda’us.
485 2221 532 2243 aut
550 2215 773 2248 mathematicus,
801 2221 849 2243 attt
865 2217 1001 2252 quispiam

1061 2217 1188 2252 πλήσιος·
1203 2217 1217 2243 ὁ
1233 2215 1260 2242 δὲ
1278 2215 1351 2252 παρὰ
1365 2215 1451 2242 ταῦτα
1467 2215 1570 2248 ποιῶν,
1586 2213 1784 2249 ἀποτέμνεται.

209 2260 319 2288 similis.
338 2261 389 2295 Qui
411 2266 507 2290 contra
536 2263 593 2290 haec
608 2261 712 2294 fecerit,
733 2262 818 2298 289
839 2262 1002 2290 decollatur.

245 2306 354 2335 Textus.
385 2308 480 2336 Const.
504 2309 520 2336 6
538 2307 611 2342 :Qui
639 2309 775 2336 elementa
801 2310 932 2341 turbant,
956 2312 1005 2336 aut

209 2351 337 2380 inimicos
358 2361 422 2381 suos
448 2360 497 2388 per
515 2361 610 2382 manes
632 2355 770 2388 occidunt,
796 2363 811 2382 a
833 2354 899 2382 feris
922 2354 1004 2381 absu-

209 2404 335 2427 muntur.
362 2398 457 2428 Const.
487 2400 513 2427 7.
537 2401 605 2428 Cum
632 2402 733 2436 ubique
754 2401 887 2429 maleficia
909 2401 1006 2428 odiosa

210 2445 279 2478 sint,
297 2445 344 2480 qui
363 2445 390 2472 in
405 2446 583 2481 imperatorio
595 2447 752 2484 [comitatu]
767 2448 850 2482 magi.
867 2447 958 2480 arioli,
979 2448 1006 2474 in

210 2493 375 2520 enarrandis
394 2494 510 2521 somniis
526 2493 694 2525 divinantes,
709 2499 757 2521 aut
769 2495 913 2529 aruspices
932 2494 1006 2521 inre-

212 2539 339 2571 nittntur,
358 2543 533 2573 torquentur,
551 2544 579 2567 et
595 2545 725 2575 negantes
748 2548 779 2567 ac
795 2539 927 2576 [facinus]
944 2547 1007 2574 pro-

211 2586 344 2614 ltantibus
360 2591 544 2622 repugnantes
560 2586 599 2623 [in
618 2587 715 2615 aculeo
732 2587 853 2623 ungulis]
880 2587 1007 2615 int-iduu-

212 2639 269 2667 tttr,
285 2634 389 2661 nullutn
409 2634 533 2661 valentes
550 2634 652 2662 habere
664 2634 847 2670 privilegium.
866 2634 962 2662 Const.
980 2634 1007 2661 8.

214 2680 321 2708 Similia
343 2684 407 2707 sunt
425 2680 562 2715 prohibita
573 2680 691 2712 discere,
706 2685 734 2708 et
751 2680 859 2707 doccre.
873 2680 968 2707 Const.
980 2681 1007 2708 9.

213 2727 265 2761 Qui
280 2727 384 2754 noverit
405 2727 634 2762 praestigiatorem
654 2727 784 2762 aliquem,
810 2727 955 2762 ipsumque
981 2727 1009 2754 itt

213 2774 414 2810 praestigiatura
433 2774 628 2808 occupaverit:
643 2772 744 2809 [illum]
764 2774 876 2800 tradito.
900 2773 929 2800 Si
948 2773 1009 2808 quis

214 2829 281 2848 vero
303 2820 482 2857 [agitatorum
505 2819 575 2856 sive]
605 2821 777 2855 aurigarum,
799 2821 905 2847 aliusve
931 2820 1010 2854 quis-

216 2867 288 2902 piam
306 2871 402 2895 contra
419 2867 471 2895 hoc
489 2867 593 2900 fecerit,
612 2872 658 2895 aut
674 2866 851 2896 clandestinis
870 2866 1011 2901 suppliciis

1091 2310 1166 2338 Διάτ.
1188 2313 1214 2341 ς’
1230 2317 1236 2324 ⁸
1253 2309 1285 2336 Οί
1313 2308 1348 2335 τὰ
1374 2309 1494 2343 στοιχεῖα
1518 2308 1720 2343 ταράσσοντες,
1750 2306 1767 2343 ἥ
1793 2306 1863 2339 τοὺς

1057 2359 1171 2394 ἐχθροὺς
1202 2357 1293 2384 αὐτῶν
1321 2356 1366 2383 διὰ
1391 2356 1527 2391 δαιμόνων
1557 2354 1726 2391 φονεύοντες,
1749 2354 1863 2390 θηρίοις

1057 2404 1242 2441 ἀναιροῦνται,
1257 2403 1329 2431 Διάτ.
1347 2402 1367 2435 ζ’
1381 2410 1388 2416 ·
1403 2401 1543 2437 Πανταχοῦ
1556 2402 1605 2437 μὲν
1623 2401 1656 2428 τὰ
1667 2401 1864 2436 ἁμαρτήματα

1060 2451 1170 2486 μυσαρά
1184 2451 1268 2481 ἐστιν,
1287 2449 1316 2475 ὲν
1333 2448 1360 2475 δὲ
1373 2449 1405 2484 τῇ
1423 2447 1604 2486 βασιλευούσῃ
1621 2447 1647 2473 oi.
1665 2446 1863 2482 εὑρισκόμενοι

1058 2485 1167 2532 fama;
1182 2497 1200 2533 ἢ
1220 2487 1346 2532 μάντεις(
1358 2495 1375 2529 ἢ
1391 2496 1420 2521 ὲν
1435 2494 1573 2530 ἀφηγήσει
1591 2485 1704 2529 ὂνείρων
1725 2492 1863 2528 μαντευό-

1061 2551 1147 2577 μενοι,
1177 2541 1195 2577 ἢ
1220 2541 1414 2572 οίωνοσκόποι,
1443 2538 1636 2575 βασανίζονται
1670 2537 1718 2564 καὶ
1747 2537 1861 2570 ξέονται

1059 2588 1232 2624 ἀρνούμενοι,
1259 2587 1306 2614 καὶ
1328 2587 1385 2617 τοῖς
1411 2586 1569 2620 ἐλέγχουσιν
1596 2584 1792 2619 ἀνθιστάμενοι
1818 2583 1861 2619 μὴ

1059 2634 1201 2670 δυνάμενοι
1213 2632 1360 2668 προνόμιον
1374 2631 1456 2667 ἔχειν.
1467 2631 1576 2667 Διάτ.η’
1592 2638 1598 2644 ·
1614 2628 1688 2657 Ἶσόν
1710 2630 1768 2656 ἐστι
1783 2629 1815 2655 τὸ
1823 2629 1862 2656 τὰ

1060 2679 1273 2716 ἀπηγορευμένα
1292 2679 1387 2714 μαθεῖν
1396 2678 1443 2704 καὶ
1457 2677 1570 2710 διδάξαι.
1583 2677 1658 2703 Amic.
1669 2676 1691 2702 θ’
1705 2684 1711 2691 ·
1732 2676 1762 2703 Ὀ
1780 2676 1863 2708 εἰδὼς

1061 2726 1146 2762 γόητά
1157 2735 1228 2757 τινα,
1241 2725 1289 2752 καὶ
1305 2722 1450 2758 κατασχὼν
1466 2723 1547 2750 αὐτὸν
1571 2722 1617 2749 ἐπὶ
1630 2722 1754 2758 γοητεία,
1767 2730 1863 2756 παρα-

1061 2774 1173 2800 διδότω·
1190 2773 1219 2806 ει,
1243 2771 1272 2798 δὲ
1296 2771 1424 2807 ἡνίοχος,
1444 2770 1519 2806 ἥτις
1546 2769 1640 2805 ἕτερος
1670 2769 1748 2804 παρὰ
1769 2768 1860 2795 ταῦτα

1063 2821 1189 2856 ποιήσει,
1218 2819 1234 2854 ἢ
1252 2818 1390 2854 λαθραίως
1413 2817 1496 2844 αὑτὸν
1510 2817 1720 2852 τιμωρήσεται,
1736 2816 1865 2851 ἐσχάτως

1062 2867 1239 2901 τιμωρεῖται·
1270 2864 1491 2900 ὑπολαμϐάνεται
1509 2863 1563 2899 γὰρ
1587 2863 1666 2891 τοῦτο
1693 2863 1796 2899 πρᾶξαι
1821 2862 1864 2895 ὡς
