1951 3071
105 157 158 190 ’165

517 157 720 188 SYNTAGMA
735 157 931 189 CANONUM.
946 170 981 176 -
993 158 1068 189 ΤΙΤ.
1085 159 1135 196 IX,
1157 159 1238 191 CAP.
1259 159 1348 190 XXV.

1700 161 1753 193 766

107 214 147 244 εἰς
162 211 271 248 ἐχθρὸν,
291 211 308 247 ἢ
328 211 372 239 ἵνα
387 212 492 245 ἐκεῖνος
518 213 555 248 μὴ
570 212 739 249 δημοσιεύσῃ
762 213 825 245 τοὺς
841 222 897 240 συν-

958 214 1135 249 oppresserit,
1150 213 1247 242 ultimo
1262 214 1398 250 supplicio
1412 214 1540 242 adicitur.
1567 215 1695 251 Suspicio
1712 220 1755 244 est

106 259 226 294 ιστορας.

139 351 222 385 Λέγει
237 351 266 378 δὲ
283 351 331 379 καὶ
350 351 420 387 βιὸλ.
435 355 459 379 α’
476 352 523 379 τοῦ
538 351 604 380 κώδ.
619 351 672 380 τίτ.
693 351 714 378 δ’
726 352 796 379 διάτ.
811 356 846 387 γ’,
861 353 903 380 ὅτι

104 401 130 428 οἱ
151 402 250 435 γόητες
272 401 321 428 καὶ
335 402 365 427 ὲν
382 401 444 432 ταῖς
461 401 580 436 ἡμέραις
603 402 654 436 τῆς
673 401 830 436 Πασχαλίας
854 403 902 436 ἐγ-

104 446 240 474 κλείονται
253 446 302 473 καὶ
319 446 492 482 δεσμοῦνταν
508 448 556 474 καὶ
569 447 640 475 διάτ.
651 451 676 474 a.’
691 448 738 474 τοῦ
755 447 839 475 αὐτοῦ
851 448 902 476 τίτ.

104 493 144 520 ὅτι
158 494 183 519 οἱ
201 493 389 528 μαθηματικοὶ
409 493 447 529 μὴ
464 493 588 526 καίοντες
603 494 653 526 τὰς
668 494 775 529 βίὸλους
787 494 879 521 αὐτῶν
895 514 902 527 ,

103 539 152 566 καὶ
172 539 332 573 προσιόντες
356 540 390 575 τῇ
414 540 547 575 όρθοδόξῳ
573 541 664 567 πίστει
690 541 737 568 ἐπὶ
765 541 820 567 τῶν
843 542 903 567 ἐπι-

107 585 228 617 σκόπων,
242 585 333 620 πάσης
349 585 524 612 ἀπωθοῦνται
539 585 644 617 πόλεως
659 594 664 602 ·
684 586 708 612 εί
725 586 753 613 δὲ
769 587 799 613 ἐν
825 586 902 614 πόλει

103 630 252 665 εὑρεθῶσιν
262 649 270 661 ,
282 630 298 665 ἢ
318 629 353 656 τὰ
366 630 417 665 τῆς
433 630 501 662 ἰδίας
516 631 666 666 θρησκείας
680 631 901 667 δημοσιεύοντες,

102 675 357 711 δεπορτατεύονται.

101 723 109 741 ί
137 723 194 749 Καὶ
214 722 267 749 τίτ.
283 722 318 749 ια’
331 721 378 749 τοῦ
395 722 478 750 αὐτοῦ
503 723 572 758 βιϐλ.
596 723 655 751 διάτ
666 733 672 740 ·
691 725 723 761 β’.
737 726 841 762 Μηδεὶς
857 726 901 754 διὰ

104 768 360 803 σπλαγχνοσκοπίας
387 769 580 803 μαντευὲσθω·
609 770 717 806 πικρῶς
734 771 788 807 γὰρ
815 780 900 808 τιμω-

104 815 191 849 ρεῖται
206 815 221 841 ὀ
243 814 298 841 τῶν
321 814 478 842 ἐνεστώτων
506 816 554 842 καὶ
581 816 746 851 μελλόντων,
771 817 850 852 παρὰ
869 817 901 844 τὺ

102 860 314 896 κεκωλυμένον,
349 861 473 896 ἐκζητῶν
507 863 558 897 τὴν
579 862 720 899 κάλήθειαν
739 872 745 878 ·
777 863 848 899 βιϐλ.
879 868 900 890 ε’

101 906 154 933 τίτ.
167 906 200 938 ιζ’
213 907 282 934 διάτ.
292 910 316 943 η’
326 915 333 922 ”
344 907 490 942 Εὐλόγωςό
502 908 570 944 ἀνὴρ
586 909 722 945 εὑρίσκων
737 909 787 945 τὴν
800 910 899 938 ἑαυτοῦ

101 952 224 988 γαμετὴν
252 953 414 988 φαρμακὸν,
435 954 570 990 ῥεπουδίῳ
593 954 651 982 λύει
665 955 710 982 τὸν
727 956 826 990 γάμον,
853 957 900 984 καὶ

101 997 133 1023 ὲκ
145 998 191 1024 τοῦ
206 998 328 1025 ὲναντίου
343 999 359 1034 ἡ
374 999 454 1034 γυνὴ,
468 999 516 1026 τοῦ
527 1000 625 1036 ἀνδρὸς
640 1001 717 1034 ὗντος
734 1003 895 1038 φαρμακοῦ.

100 1043 200 1079 ὁμοίως
213 1044 260 1071 καὶ
274 1045 290 1080 ή
309 1046 372 1080 περὶ
387 1045 539 1081 ῥεπουδίων
554 1047 650 1083 νεαρὰ,
664 1047 736 1082 βιΰλ.
753 1048 775 1080 ζ’
794 1047 846 1074 τίτ.
860 1049 899 1082 ξεν

99 1090 170 1118 διάτ.
183 1091 215 1126 β’·
236 1091 266 1118 '0
294 1092 343 1118 ἐπὶ
361 1092 474 1129 γοητείᾳ
494 1093 713 1126 καταδικασθεὶς,
733 1095 757 1120 εἰ
775 1094 825 1130 μὲν
845 1094 899 1121 ἀπὸ

99 1138 258 1174 τεκμηρίων
282 1139 328 1165 καὶ
349 1139 498 1175 μαρτύρων
526 1139 574 1166 καὶ
593 1140 660 1172 ἰδίας
674 1140 789 1176 ἐλεγχθῇ
809 1149 896 1167 κατα-

100 1183 210 1216 οέσεως,
225 1184 240 1211 ὁ
262 1184 309 1211 ἐπὶ
339 1185 452 1221 γοητείᾳ.
478 1185 708 1218 καταδικασθεὶς,
732 1187 763 1213 οὺ
784 1186 898 1214 δύναται

99 1230 274 1258 ἐκκαλεῖσθαι
286 1239 294 1247 ο
311 1231 336 1258 ει
350 1231 378 1258 δὲ
390 1231 443 1258 ἀπὸ
469 1231 616 1268 μαρτύρων
638 1233 683 1260 καὶ
705 1233 898 1268 δικαιωμάτων

99 1276 147 1303 καὶ
162 1276 250 1304 ἄλλων
271 1278 439 1313 τεκμηρίων,
455 1279 485 1305 οὐ
506 1279 560 1313 μὴν
579 1279 627 1305 καὶ
651 1279 681 1312 ἐξ
694 1278 798 1311 οἰκείας
814 1288 897 1307 κατα.-

99 1323 221 1357 θέσεως,
246 1323 263 1359 ἦ
286 1323 362 1360 φόϐῳ
386 1324 440 1351 τῶν
465 1325 589 1360 βασάνων
611 1325 760 1357 κατέθετο,
783 1326 897 1353 δύναται

99 1370 286 1397 ἐκκαλεῖσθαι.
306 1370 380 1397 Βιὸλ.
397 1370 419 1397 θ’
434 1371 487 1398 sic.
508 1375 563 1406 μα’,
577 1371 647 1399 διάτ.
665 1375 688 1406 γ’
700 1380 706 1388 ·
724 1371 832 1407 Πρῶτοι
851 1373 899 1407 βα-

99 1416 253 1449 σανίζονται
272 1417 298 1443 oi
316 1417 452 1453 ἀλλότριοι
469 1418 568 1450 δοῦλοι,
595 1419 643 1446 καὶ
658 1418 703 1445 ὅτε
729 1418 835 1452 δόξουσι
852 1418 898 1444 λέ-

98 1471 158 1495 γειν
174 1463 275 1489 πιθανὰ
289 1463 355 1498 περὶ
372 1463 420 1490 τοῦ
449 1463 633 1499 ἐγκλήματος,
650 1464 712 1490 τότε
732 1465 778 1491 καὶ
794 1466 807 1491 ὁ
820 1464 898 1499 λεγό-

100 1518 180 1544 μενος
196 1510 340 1545 φαρμάξαι
355 1509 549 1545 βασανίζεται·
564 1511 610 1538 καὶ
626 1510 678 1538 τίτ.
696 1510 738 1546 μζ¹
754 1511 800 1538 τοῦ
815 1511 897 1538 αὑτοῦ

100 1552 171 1588 βιόλ.
190 1553 262 1580 διάτ.
281 1557 318 1586 ις’
335 1562 342 1568 '
361 1555 397 1581 Οὺ
415 1554 455 1580 δεῖ
480 1555 647 1590 ψηφίζεσθαι
668 1556 735 1592 περὶ
758 1558 896 1591 γοητείας,
912 1569 934 1598 c

98 1600 151 1631 ἕως
167 1600 201 1627 ἂν
215 1599 362 1636 ἀποδειχθῇ
381 1600 410 1626 τὸ
435 1600 562 1636 ἔγκλημα
587 1601 630 1627 διὰ
655 1601 831 1633 καταθέσεως
847 1601 895 1627 τοῦ

98 1645 350 1682 κατηγορουμένου,
366 1646 414 1673 καὶ
431 1647 555 1682 βασάνων
572 1648 619 1674 καὶ
634 1647 789 1683 συμφώνων
807 1657 898 1675 κατα-

99 1693 213 1720 θέσεων.

134 1740 188 1767 Kal.
206 1739 276 1775 βιὸλ.
291 1743 317 1772 ι’,
331 1739 383 1767 τίτ.
402 1739 443 1773 ιε’,
460 1739 576 1773 διάτ.“α’,
592 1740 633 1767 ὅτι
650 1740 774 1773 Ἔξεστιν
791 1741 898 1776 ἑκάστῳ

96 1787 127 1813 ὲν
143 1786 183 1822 τῷ
199 1786 256 1822 ἰδίῳ
272 1786 347 1822 τόπῳ
378 1786 469 1822 ζητεῖν
495 1786 650 1822 θησαυρὸν,
669 1788 734 1814 ἄνευ
760 1787 860 1814 θυσιῶν
880 1788 897 1823 ἥ

96 1841 171 1865 τινος
206 1832 367 1867 παρανόμου
412 1833 526 1868 τέχνης·
565 1833 612 1860 καὶ
650 1833 783 1860 ἀπολαύει
808 1834 822 1860 ὸ
850 1835 897 1860 εὑ-

97 1878 213 1914 ρίσκων,
241 1879 289 1905 καὶ
318 1872 382 1914 περὶ
407 1878 462 1905 τῶν
482 1879 602 1906 τοιοῦτον
623 1879 674 1906 οὐκ
700 1879 789 1912 ἔξεστι
813 1888 899 1915 προσ-

97 1925 255 1960 αγγέλλειν.

134 1973 202 2008 Περὶ
215 1973 242 1999 δὲ
259 1973 432 2004 ἀποστατῶν,
447 1973 551 2009 φησὶνὸ
567 1972 588 2004 ζ’
602 1972 658 2000 τίτ.
668 1972 714 1999 τοῦ
732 1975 756 1998 α’
770 1971 840 2007 βιὸλ,
850 1971 897 1999 τοῦ

96 2020 164 2047 κώδ.
180 2020 250 2047 διάτ.
266 2020 301 2051 α’,
315 2021 329 2047 ὁ
340 2020 394 2047 ἀπὸ
409 2019 581 2056 Χριστιανῶν
597 2019 740 2054 γινόμενος
760 2018 896 2052 Ἰουδαῖος,

95 2066 247 2101 δημεύεται
266 2075 273 2082 ι
286 2066 355 2092 διάτ.
373 2066 406 2101 β’,
423 2067 437 2093 ό
459 2066 547 2100 λέγων
566 2065 613 2092 τὸν
628 2066 832 2100 τελευτήσαντα
857 2066 895 2100 μὴ

94 2112 228 2139 δύνασθαι
248 2113 426 2145 διατίθεσθαι,
442 2112 487 2139 διὰ
499 2113 528 2139 τὸ
543 2112 598 2139 ἀπὸ
620 2112 793 2147 Χριστιανῶν
817 2113 898 2140 αὑτὸν

102 2158 231 2185 Ἰουδαῖον
253 2158 270 2195 ἢ
289 2158 407 2193 Ἕλληνα
429 2158 568 2193 γενέσθαι,
586 2158 652 2185 εἵσω
669 2159 831 2190 πενταετίας
853 2159 897 2185 ἐν·

95 2204 171 2239 ἀγοι·
184 2205 254 2231 διάτ-
270 2208 305 2240 γ’,
322 2205 362 2232 ὅτι
375 2207 388 2232 ὁ
400 2205 430 2237 ἐξ
444 2205 584 2241 ὀρθοδόξον
595 2205 738 2240 γινόμενος
745 2205 895 2241 αἱρετικὸς,

917 895 937 922 Β

955 260 1040 292 enim,
1070 259 1159 294 ipsum
1185 260 1238 287 hoc
1269 264 1400 296 tanquam
1428 261 1541 288 inimico
1563 261 1671 294 fecisse,
1705 266 1754 290 aut

956 304 1041 341 [certe
1054 304 1139 341 ideo],
1154 314 1189 333 ne
1204 306 1249 333 ille
1267 305 1398 334 facinoris
1412 307 1502 334 socios
1514 307 1678 342 publicaret.

994 352 1062 379 Dicit
1078 360 1142 380 vero
1157 352 1239 380 etiam
1253 352 1301 380 lib.
1316 361 1324 380 ι
1350 353 1411 380 cod.
1431 353 1472 380 tit.
1488 353 1516 384 4.
1534 358 1623 382 coast.
1639 354 1666 386 5,
1678 353 1753 388 quod

955 398 1172 433 praestigiatores
1193 398 1221 426 in
1242 398 1340 426 diebus
1363 398 1543 426 Paschalihus
1561 404 1588 426 et
1605 399 1751 426 includan-

955 449 1000 472 tur
1020 449 1047 472 et
1068 445 1233 472 vinciantur.
1261 444 1294 472 Et
1312 449 1401 473 eonst.
1419 445 1453 472 l0
1468 445 1591 480 ejusdem
1611 445 1652 473 tit.
1677 446 1751 481 quod

955 491 1141 519 mathematici
1154 492 1201 526 qui
1222 500 1277 519 non
1303 493 1487 520 concrematis
1509 500 1602 520 coram
1620 493 1752 528 episcopo

955 538 1032 565 libris
1046 539 1104 566 suis
1121 539 1155 566 ad
1180 539 1361 566 orthodoxam
1377 538 1456 566 ﬁdem
1479 539 1658 570 accesserint.
1674 538 1750 566 omni

954 583 1066 611 civitate
1093 584 1229 619 pellantur
1257 594 1265 613 :
1292 589 1345 618 et,
1382 586 1404 613 si
1434 585 1462 612 in
1497 585 1608 612 civitate
1631 584 1748 622 [aliqua]

953 628 1058 656 fuerint
1085 629 1268 664 deprehensi,
1297 630 1339 657 vel
1374 629 1602 657 caeremoniarum
1634 637 1748 657 suarum

952 675 1152 711 professionem
1169 675 1360 710 publicaverit,
1376 675 1566 710 deportentur.

990 721 1099 749 Tezlus.
1120 721 1154 749 Et
1171 722 1212 749 tit.
1227 721 1259 748 li
1289 721 1412 757 ejusdem
1427 721 1474 749 lib.
1489 722 1600 749 constit..
1618 722 1646 749 2.
1662 720 1749 749 Nemo

952 775 1002 803 per
1020 773 1144 795 extorum
1167 767 1318 795 sectionem
1333 768 1466 795 divinato.
1483 767 1589 795 Acerbe
1607 767 1680 794 enim
1699 775 1749 803 pu—

953 814 1037 846 nitur,
1055 814 1102 849 qui
1127 818 1223 840 contra
1247 814 1361 840 vetitum
1380 814 1560 848 praesentium
1583 813 1625 841 vel
1642 813 1750 841 futura-

953 867 1012 886 rum
1037 858 1154 895 [rerum]
1172 859 1298 894 explorat
1320 861 1475 887 veritatem.
1501 858 1563 886 Lib.
1593 868 1618 893 ν,
1643 860 1686 886 tit.
1704 860 1750 892 l7,

953 907 1065 933 constit.
1093 906 1109 932 8
1127 914 1133 932 :
1149 905 1265 933 Maritus
1289 905 1497 940 deprehendens
1523 913 1638 933 uxorem
1668 913 1748 933 suam

952 953 1102 980 veneﬁcam
1123 952 1212 989 [esse,
1235 953 1330 989 misso]
1348 953 1463 988 repudio
1487 959 1560 981 recte
1583 954 1664 982 solvit
1691 963 1751 982 ma-

952 999 1111 1027 trimonium
1128 1004 1203 1027 :ete
1226 1000 1335 1027 diverso
1359 999 1471 1031 mulier,
1497 1000 1520 1027 si
1546 999 1588 1026 vir
1608 1000 1749 1029 veneficus

951 1045 1044 1074 fuerit.
1071 1045 1203 1074 Similiter
1229 1047 1310 1074 etiam
1339 1047 1456 1080 novella,
1480 1055 1542 1082 qua:
1566 1048 1601 1075 de
1626 1049 1750 1084 repudiis

951 1092 1086 1129 [tractat.]
1101 1093 1148 1121 lib.
1162 1101 1212 1126 vn,
1223 1093 1266 1121 tit.
1284 1093 1329 1127 65,
1346 1094 1456 1121 constit.
1470 1094 1488 1121 ‘2
1503 1103 1510 1121 ε
1529 1093 1660 1122 Veneficii
1682 1102 1749 1122 cou-

955 1141 1112 1172 demnatus,
1140 1140 1162 1168 si
1184 1141 1294 1175 quidem
1316 1141 1498 1176 argumentis,
1516 1141 1642 1173 testibus,
1667 1145 1750 1177 atque

951 1193 1002 1213 sua
1021 1186 1110 1221 ipsius
1122 1185 1299 1214 confessione
1319 1187 1464 1214 convictus
1478 1186 1571 1219 fuerit,
1589 1195 1641 1214 non
1660 1191 1751 1222 potest

951 1231 1034 1267 290
1053 1232 1193 1267 appellare
1215 1241 1223 1260 :
1248 1233 1272 1260 si
1295 1240 1360 1260 vero
1387 1233 1514 1264 testibus.
1545 1233 1749 1266 instrumentis,

951 1279 1069 1314 aliisque
1096 1280 1277 1314 argumentis,
1303 1287 1358 1306 non
1381 1284 1473 1307 autem
1498 1286 1548 1307 sua
1574 1279 1750 1308 confessione

951 1325 1130 1362 [convictus,]
1152 1326 1193 1352 vel
1210 1326 1356 1353 formidine
1377 1330 1580 1354 tormentorum
1599 1326 1747 1354 confessus

950 1373 996 1405 sit,
1020 1379 1172 1407 provocare
1202 1381 1257 1399 non
1280 1372 1441 1407 impeditur.
1472 1371 1532 1399 Lib.
1563 1379 1601 1405 lx.
1630 1372 1671 1399 tit.
1702 1371 1749 1405 41,

950 1420 1062 1447 constit.
1078 1419 1120 1446 5:
1145 1419 1271 1446 Primum
1302 1419 1374 1447 servi
1405 1419 1488 1446 alieni
1519 1423 1694 1454 torquentur,
1721 1422 1751 1446 et

949 1467 1060 1502 quando
1084 1466 1118 1494 dc
1146 1465 1264 1493 crimine
1291 1465 1454 1493 verisimilia
1489 1465 1581 1492 dicere
1609 1465 1749 1497 videntur,

950 1515 1016 1537 tunc
1036 1510 1084 1545 qui
1112 1518 1246 1537 venenum
1272 1510 1428 1546 porrexisse
1453 1510 1565 1541 dicitur.
1593 1514 1748 1545 torquetur.

951 1556 983 1583 Et
1005 1557 1047 1584 tit.
1063 1557 1097 1584 47
1119 1557 1242 1592 ejusdem
1268 1557 1341 1590 libri,
1357 1556 1468 1584 constit.
1495 1556 1528 1584 l6
1548 1555 1626 1583 :Non
1653 1561 1697 1584 est
1720 1556 1748 1583 in

950 1604 1086 1631 veneficos
1113 1603 1227 1631 ferenda
1252 1603 1411 1636 sententia,
1438 1604 1599 1638 priusquam
1630 1611 1679 1637 per
1709 1602 1749 1630 rei

950 1648 1163 1681 confessionem,
1186 1654 1335 1682 tormenta,
1355 1654 1438 1684 atque
1453 1650 1650 1678 concordantia
1669 1650 1748 1677 testi-

951 1697 1042 1723 monia
1061 1697 1207 1731 probatum
1223 1695 1304 1724 fuerit
1321 1697 1436 1724 crimen.

987 1742 1095 1771 Textus.
1120 1745 1153 1771 Et
1169 1743 1216 1770 lib.
1235 1752 1262 1776 x,
1279 1744 1321 1772 tit.
1346 1744 1390 1776 15,
1416 1748 1504 1772 eonst.
1525 1744 1537 1771 l
1560 1752 1566 1770 :
1587 1743 1664 1771 Licet
1686 1743 1749 1771 uni-

961 1791 1062 1825 cuique
1078 1791 1104 1818 in
1119 1798 1170 1818 suo
1188 1790 1248 1817 loro
1262 1790 1321 1817 sine
1337 1790 1483 1818 sacriﬁciis
1499 1790 1626 1825 aliquave
1643 1789 1750 1824 legibus

951 1836 1047 1864 odiosa
1078 1840 1137 1863 arte
1164 1835 1323 1863 thesaurum
1350 1843 1494 1870 quzerere,
1523 1842 1556 1862 ac
1583 1833 1682 1860 fruitur
1707 1833 1750 1859 in-

950 1887 1041 1915 vmito,
1060 1889 1149 1917 neque
1163 1882 1225 1909 licet
1245 1881 1279 1909 de
1298 1889 1329 1909 ea
1346 1880 1388 1917 [re
1400 1880 1433 1908 ad
1450 1878 1614 1916 principem]
1633 1878 1747 1906 referre.

987 1976 1024 2004 De
1047 1976 1180 2011 apostatis
1201 1975 1269 2003 dicit
1293 1975 1335 2002 tit.
1367 1974 1394 2008 7,
1427 1974 1474 2001 lib.
1500 1982 1507 2001 ι
1530 1973 1591 2001 cod.
1615 1976 1703 2000 const.
1721 1972 1748 2005 l,

948 2023 1021 2058 quod
1043 2023 1090 2057 qui
1113 2030 1147 2049 ex
1177 2022 1336 2049 Christiano
1361 2020 1471 2048 .ludteus
1496 2019 1586 2047 factus
1605 2023 1657 2050 est,
1676 2018 1749 2056 [ejus

950 2068 1033 2105 bona]
1062 2069 1258 2096 confiscentur.
1285 2067 1404 2094 Constit.
1431 2066 1458 2093 2.
1489 2066 1540 2098 Qui
1562 2065 1628 2092 dicit
1650 2064 1749 2091 defun-

949 2120 1023 2142 ctum
1051 2113 1147 2141 testari
1180 2121 1236 2140 non
1262 2112 1396 2147 potuisse,
1424 2109 1499 2146 quod
1530 2117 1563 2136 ex
1589 2108 1750 2136 Christiano

949 2162 1078 2196 Pagauus
1103 2159 1279 2187 autJudaeus
1301 2157 1392 2185 factus
1421 2158 1467 2188 sit,
1494 2156 1565 2183 intra
1592 2154 1750 2189 quinquen-

949 2208 1024 2235 nium
1041 2208 1107 2243 agit.
1125 2207 1221 2235 Const.
1247 2206 1274 2233 5.
1290 2205 1343 2239 Qui
1368 2213 1402 2232 ex
1426 2203 1579 2231 orthodoxo
1604 2200 1750 2229 haireticus

94 2252 128 2278 οὐ
145 2251 394 2286 συναναστρέφεται
405 2253 461 2282 τοῖς
474 2251 640 2286 ἀνθρώποις,
652 2251 700 2278 καὶ
715 2252 744 2277 οὐ
762 2252 897 2286 μαρτυρεῖ

954 2255 1042 2282 fat-tus
1066 2260 1118 2287 est,
1149 2261 1205 2280 non
1232 2257 1415 2281 conversatur
1433 2259 1495 2278 cum
1514 2249 1684 2279 hominibus.
1700 2254 1751 2274 ne-

94 2297 112 2332 ἢ
133 2296 298 2330 διατίθεται,
317 2297 378 2324 οὔτε
395 2297 574 2333 κληρονομεῖ,
595 2298 643 2324 καὶ
662 2298 712 2324 οὐκ
733 2297 789 2333 ἔχει
814 2298 897 2333 μετά-

95 2351 175 2371 νοιαν
202 2343 240 2376 ὡς
263 2345 291 2371 ὲν
318 2346 374 2376 τοῖς
394 2343 484 2376 ἄλλοις
501 2344 700 2380 ἁμαρτήμασιν
716 2352 722 2359 ·
741 2345 757 2379 ἡ
779 2344 807 2370 δὲ
830 2344 896 2379 περὶ

94 2393 154 2419 τῶν
173 2393 343 2428 Ἐκκλησιῶν
366 2393 500 2428 Ἀφρικῆς
525 2393 703 2428 διαλεγομένη
732 2392 783 2428 ριό¹
798 2392 894 2428 νεαρὰ,

94 2439 190 2466 δίδωσι
211 2439 308 2474 καιρὸν
324 2440 468 2474 μετανοίας
485 2440 542 2471 τοῖς
560 2438 589 2471 εξ
608 2438 758 2474 ὀρθοδὸξων
782 2437 835 2464 ὑπὸ
852 2438 895 2464 αἱ-

97 2487 217 2522 ρετικῶν
241 2486 434 2521 βαπτισθεῖσι·
457 2486 526 2513 διάτ.
553 2485 585 2518 δ’,
612 2486 626 2512 ὁ
652 2485 817 2520 Χριστιανὸς
832 2485 896 2511 ἀπο-

96 2533 165 2564 στὰς
181 2533 229 2560 καὶ
245 2532 347 2566 θύσας,
363 2533 379 2568 ἢ
395 2532 587 2568 ἐντειλάμενος
607 2532 693 2566 ἑτέρῳ
712 2531 803 2564 θῦσαι,
819 2531 896 2566 παρὰ

93 2578 199 2611 παντὸς
230 2580 446 2614 κατηγορεῖται,
476 2579 514 2614 μὴ
543 2577 752 2613 ἀντιτιθεμένης
786 2577 896 2612 χρονίας

93 2626 285 2662 παραγραφῆς
296 2634 303 2642 ·
321 2626 368 2652 καὶ
385 2625 446 2652 οὔτε
458 2625 584 2660 δωρεῖται
597 2624 689 2657 ἑξότου
706 2623 896 2660 ἀποστῇ,οῠτε

92 2673 125 2700 ὲν
142 2674 263 2708 σχήματι
294 2673 422 2708 πράσεως
453 2672 620 2708 περιγράφει
646 2672 693 2697 τὸν
717 2671 811 2706 νόμον,
831 2669 894 2697 οὔτε

91 2720 259 2752 διατίθεται,
270 2720 328 2747 ἀλλ’
343 2720 372 2752 ἐξ
387 2719 530 2746 ἁδιαθέτου
548 2719 638 2745 πάντα
653 2719 708 2751 τοῖς
723 2718 807 2745 αὑτοῦ
828 2726 894 2752 συγ-

91 2767 204 2800 γενέσιν
224 2766 350 2802 ἁρμόζει,
364 2764 404 2798 οἷς
425 2767 472 2792 καὶ
491 2765 561 2801 μετὰ
575 2765 690 2792 θάνατον
702 2766 807 2799 ἐφεῖται
828 2773 895 2791 κατ-

91 2813 218 2848 ηγορεῖν,
243 2813 268 2839 εί
289 2812 336 2839 καὶ
352 2813 390 2848 μὴ
410 2812 505 2846 γέγονε
524 2811 594 2838 κατὰ
615 2811 715 2843 ζῶντος
731 2811 779 2838 τοῦ
796 2811 895 2846 μιαροῦ

91 2860 301 2896 προχάταρξις·
330 2861 378 2886 καὶ
407 2860 605 2895 ἀνατρέπονται
626 2859 673 2885 καὶ
688 2860 715 2885 αἱ
729 2859 830 2894 δωρεαὶ
849 2859 896 2886 καὶ

93 2908 122 2933 αἱ
141 2906 270 2942 διαθῆκαι
289 2906 388 2939 αὐτῶν,
410 2907 455 2933 καὶ
474 2908 530 2938 τοῖς
545 2905 599 2932 ἀπὸ
625 2906 670 2932 τοῦ
695 2905 777 2940 νόμον
796 2905 894 2933 καλου-

957 2309 1011 2335 que
1026 2300 1216 2328 testimonium
1231 2299 1308 2333 dicit,
1324 2306 1414 2334 neque
1430 2296 1585 2325 testamenti
1602 2295 1750 2322 factionem

953 2347 1049 2379 habet,
1075 2354 1165 2381 neque
1183 2346 1209 2372 in
1228 2345 1434 2373 haereditatibus
1451 2343 1583 2375 succedit,
1610 2349 1700 2377 neque
1721 2345 1751 2370 ut

957 2395 983 2421 in
1001 2394 1063 2420 aliis
1081 2392 1252 2423 criminibus,
1275 2392 1443 2426 poenitentiae
1460 2387 1638 2427 [remedium]
1656 2388 1748 2415 habet.

950 2440 1066 2468 Novella
1085 2447 1174 2467 tamen
1190 2439 1235 2472 57,
1250 2447 1310 2473 qum
1322 2438 1355 2465 de
1368 2437 1498 2465 Ecclesiis
1511 2435 1647 2462 Africanis
1660 2435 1750 2461 disse-

954 2489 1000 2521 rit,
1037 2486 1202 2514 orlhodoxis
1227 2486 1274 2521 qui
1301 2486 1335 2512 ab
1361 2485 1497 2512 haereticis
1522 2483 1660 2524 baptizativ
1674 2485 1749 2524 sunt,

949 2535 1126 2570 pmnitentim
1144 2539 1252 2568 tempus
1271 2532 1377 2560 tiibuit.
1398 2523 1537 2559 (louslfi.
1549 2522 1752 2563 Quilliris'tia-

950 2589 1003 2608 nus
1019 2580 1050 2616 [ιι
1068 2579 1132 2615 fide]
1160 2578 1303 2612 defecerit,
1322 2583 1349 2605 et
1370 2577 1576 2609 sacrificaverit,
1602 2576 1682 2603 aliive
1705 2584 1750 2603 sa-

948 2629 1073 2657 crificare
1097 2627 1279 2658 mandaverit,
1312 2633 1368 2653 non
1386 2625 1564 2660 oppositurus
1583 2623 1655 2658 longi
1678 2617 1749 2649 tem-

957 2675 1033 2711 poris
1056 2674 1293 2709 praescriptionrm
1318 2681 1332 2700 a
1357 2679 1524 2707 quocunque
1547 2676 1703 2701 accusatur,
1723 2673 1751 2696 ct

953 2729 1043 2756 neque
1061 2729 1092 2747 ex
1112 2729 1167 2756 quo
1191 2721 1339 2748 tit-srit‘erit
1360 2720 1455 2751 donat,
1479 2726 1567 2752 neque
1583 2716 1748 2758 vendit-inquis

952 2767 1044 2801 specie
1062 2766 1114 2802 legi
1135 2766 1259 2793 fraudem
1284 2766 1349 2793 fat-it
1365 2776 1370 2792 :
1388 2763 1524 2801 [insuper]
1542 2771 1595 2790 non
1617 2766 1745 2794 testatur,

947 2814 993 2840 sed
1011 2816 1044 2840 ab
1059 2813 1188 2841 intestato
1204 2818 1302 2841 cuncta
1324 2813 1416 2847 ipsius
1430 2811 1553 2847 cognatis
1575 2814 1744 2843 competunt,

950 2859 1055 2894 quibus
1081 2860 1162 2887 etiam
1190 2865 1252 2895 pust
1274 2864 1390 2887 mortem
1410 2858 1577 2893 permittitur
1602 2863 1743 2888 accusare,

947 2906 1027 2942 291
1048 2908 1156 2934 tametsi
1182 2907 1315 2935 adversus
1339 2905 1483 2941 profanmn
1507 2904 1622 2941 [adhuc]
1649 2904 1743 2932 vivum
