1951 3071
211 127 263 159 767

791 130 925 160 ΡΗΟΤΙΙ
943 128 1198 160 ΡΑΤΒῙΛΗΟΙῙΕ
1211 128 1265 159 CP.

1795 128 1847 160 768

212 184 288 212 nulla
316 184 388 213 facta
419 185 456 214 sit
480 186 655 214 contestatio.
683 186 852 214 Evertuntur
878 187 1000 221 ipsorum

1063 186 1146 217 ιένοις
1175 185 1327 221 ἁρμόζουσι
1346 193 1352 200 ·
1378 184 1449 211 διάτ.
1482 187 1518 216 ε’,
1554 185 1568 210 ὀ
1597 185 1689 213 δουλον
1713 183 1729 219 ἥ
1755 183 1847 219 εὐγενῆ

210 231 373 259 donationes
388 236 415 258 ct
433 237 606 266 testamenta,
633 238 716 268 atque
736 233 770 260 iis
783 233 830 268 qui
847 241 862 260 a
883 233 940 269 lege
956 240 1005 260 vo-

209 281 318 309 cantur,
342 282 514 312 competunt.
540 278 634 306 Const.
661 279 687 305 5.
704 279 869 314 Quicunque
893 287 1003 306 servum

210 322 252 350 vel
276 323 425 356 ingenuum
443 323 642 357 Christianum,
668 325 784 351 invitum
810 324 853 351 vel
873 324 1004 352 suasione

210 368 244 395 ad
270 368 418 396 nefandum
445 370 584 405 religionis
609 370 691 397 ritum
720 370 884 403 traduxerit,
916 370 1005 404 capite

210 416 336 449 punitur,
359 416 484 451 bonaque
500 417 560 451 ejus
580 416 776 445 conﬁscantur.
797 417 893 444 Const.
907 417 933 443 6.
952 416 1004 449 Qui

212 459 330 487 clericus
351 465 398 488 aut
417 463 569 489 monachus
584 463 755 490 orthodoxus
773 462 934 498 Eutychetis
958 466 1006 489 aut

210 505 376 538 Apollinaris
393 505 521 540 dogmata
545 512 668 535 sectatus
692 508 784 541 fuerit,
803 512 911 535 tenetur
938 508 1005 542 legi-

1057 229 1231 266 Χριστιανὸν,
1247 230 1348 257 ἄκοντα
1363 229 1380 265 ἢ
1400 229 1444 256 διὰ
1470 229 1625 264 συμϐουλῆς
1638 228 1802 264 μεταγαγὼν
1812 230 1850 261 εἰς

1058 276 1187 311 ἀθέμιτον
1215 276 1384 312 θρησκείαν,
1420 276 1578 310 κεφαλικῶς
1607 277 1772 311 τιμωρεῖται
1805 276 1849 302 καὶ

1057 321 1205 357 δημεύεται
1218 329 1225 336 ·
1240 322 1309 349 διάτ.
1326 322 1364 355 ς’,
1378 322 1518 358 ὁρθὸδοξος
1529 322 1660 358 κληρικὸς
1681 321 1697 358 ἢ
1723 322 1848 357 μοναχδς,

1059 368 1220 404 θρησκεύων
1240 369 1274 396 τὰ
1292 369 1428 404 Εὑτυχοῦς
1445 369 1461 405 ἢ
1486 368 1695 404 ’Λπολιναρίου,
1712 369 1853 396 ὑπόκειται-

1057 416 1114 447 τοίς
1127 415 1198 442 κατὰ
1205 415 1351 450 αἱρετικῶν
1365 415 1468 450 νόμοις,
1486 415 1535 442 καὶ
1547 415 1596 450 τῆς
1617 415 1775 450 Ῥωμαῖκῆς
1788 415 1854 448 ἐξω-

1059 461 1146 489 θεῖται
1166 462 1314 494 πολιτείας,
1333 462 1405 490 κατά
1429 462 1463 489 τὰ
1477 462 1548 489 κατὰ
1561 462 1721 498 Μανιχαίων
1740 462 1851 498 νομοθε-

1058 508 1186 543 τηθὲντα,

211 552 265 580 bus
279 553 412 582 adversus
434 555 579 584 haereticos
596 556 670 592 [latis
684 556 704 592 :]
720 561 746 584 et
769 561 852 591 prout
868 556 902 584 dc
937 555 1093 585 Manichasis
1129 557 1267 585 sancitum
1298 561 1351 590 est,
1374 563 1450 585 extra
1485 556 1639 585 Romanam
1655 557 1849 592 rempublicam

209 600 381 636 proﬂigatur.

249 658 356 687 Toxlus.
373 659 434 687 Lih.
451 668 470 692 I,
486 661 528 688 tit.
543 661 572 694 9,
586 667 674 689 const.
690 662 733 689 l8.
745 661 866 695 Judaeus,
880 662 926 697 qui
942 670 1007 690 cum

211 706 257 741 qui
270 705 391 733 Judaicze
405 706 546 741 religionis
560 715 613 734 non
627 713 711 739 esset.
726 709 864 736 contraria
882 709 1008 736 doctrina

211 752 244 779 ad
259 753 331 779 illam
349 754 513 787 traduxerit,
526 755 661 782 honorum
676 756 880 790 proscriptione
892 755 1008 783 damna-

212 804 267 830 tur,
281 799 467 834 miserumque
482 801 508 827 in
525 801 635 828 modutu
649 802 771 836 punitur.

246 845 380 873 Czcterum
402 846 436 874 de
459 847 614 875 istiusmodi
637 848 664 875 in
684 848 738 883 dig.
754 849 836 876 etiatn
860 854 1005 876 tractatur.
1023 865 1043 892 Β

210 890 256 918 Ait
278 891 351 918 enim
374 892 420 920 lib.
439 901 476 926 Ix,
495 894 537 920 tit.
555 894 582 924 ‘2,
599 894 696 928 digest.
712 894 737 925 7,
754 894 827 929 quod
854 897 901 930 qui
927 902 1007 922 servo

210 945 346 965 venenum
362 946 411 973 pro
425 940 625 967 medicamento
639 941 722 972 dedit,
735 942 766 967 ad
784 941 870 975 ipsius
889 941 1006 976 pretium

212 982 423 1020 [praestandum]
438 989 573 1019 teneatur,
589 990 619 1013 ut
634 987 679 1020 qui
698 995 811 1014 causam
827 988 924 1014 mortis
940 995 1007 1021 prat-

212 1032 313 1059 lmerit.
325 1031 403 1061 Scias
414 1039 517 1065 autem,
529 1035 601 1068 quod
614 1035 714 1062 actioni
729 1034 835 1071 [etiam]
848 1035 924 1062 locus
936 1034 1007 1070 [sit,]

211 1078 234 1105 si
257 1079 487 1106 medicamentum
513 1087 656 1115 perperam
677 1080 799 1112 dederit,
826 1086 855 1108 ut
877 1082 974 1117 digest.
991 1083 1008 1109 8

213 1122 288 1159 [ait].
307 1124 439 1151 Similiter
455 1125 535 1152 etiam
550 1127 584 1153 de
599 1127 746 1154 obstetrice
760 1127 858 1162 digest.
874 1129 900 1160 9,
918 1129 965 1156 lih.
981 1137 1006 1162 Χ,

210 1169 253 1196 tit.
269 1169 303 1202 2,
320 1170 416 1204 digest.
432 1171 458 1197 Α.
475 1171 504 1197 In
527 1171 684 1199 lueretlitate
706 1179 814 1208 reperta
833 1175 902 1201 mala
922 1175 1007 1201 inedi-

213 1219 354 1249 eameuta,
371 1221 418 1242 aut
434 1217 531 1251 magici
554 1217 692 1244 similcsve
714 1218 776 1245 libri
796 1215 867 1245 imor
888 1219 1007 1246 luercdes

213 1268 268 1287 non
285 1260 446 1289 dividuntur
459 1272 466 1289 :
483 1263 529 1290 sed
543 1263 644 1298 judicis
656 1264 768 1291 arbitrio
782 1271 1006 1300 corrumpuntur.

212 1305 272 1334 Lib.
288 1315 365 1339 xvlu,
382 1309 422 1335 tit.
440 1309 464 1340 l,
482 1309 579 1344 digest.
595 1310 639 1337 55.
656 1311 765 1338 Venena
786 1311 856 1338 mala
873 1320 925 1338 non
941 1320 1006 1339 ven-

212 1353 326 1381 (illlllUl‘.
345 1353 372 1380 Si
392 1360 482 1382 tamen
502 1356 574 1392 [aliis
591 1357 725 1393 materiis]
744 1358 834 1389 tuista,
847 1358 925 1385 utilia
941 1359 1006 1391 sint,

213 1404 244 1427 ut
259 1399 292 1427 de
311 1401 435 1428 antidoto
453 1401 517 1438 [dici
535 1403 645 1439 debet],
662 1404 826 1432 venduntur.
841 1404 900 1432 Lib.
917 1413 1006 1437 XLVII,

212 1447 255 1475 tit.
274 1448 318 1482 l0,
333 1449 429 1483 digest.
447 1449 490 1476 15.
507 1449 558 1483 Qui
575 1450 778 1478 medicamento
796 1451 914 1485 alicuius
931 1459 1008 1478 men-

211 1497 267 1521 tem
292 1494 487 1528 alienaverim,
504 1500 632 1524 tenentur
654 1496 817 1530 iniuriarum
842 1497 960 1525 actione.
977 1497 1006 1525 Si

212 1547 279 1567 vero
295 1540 340 1575 qui
355 1541 532 1576 astrologiam
551 1542 669 1569 aliamve
683 1542 793 1569 vetitam
809 1542 1005 1570 divinationem
1021 1544 1043 1575 C

212 1590 337 1619 exercet,
358 1587 516 1619 consultus,
542 1587 687 1623 [aliquem]
713 1587 799 1614 furem
826 1588 941 1620 dixerit,
960 1589 1006 1622 qui

212 1638 267 1657 non
281 1636 359 1658 erat:
374 1635 481 1659 tenetur
495 1633 748 1660 constitutionibus.
762 1633 820 1660 Lib.
835 1642 912 1664 xuu,
926 1635 967 1661 tit.
979 1634 1006 1666 8,

211 1675 310 1711 digest.
329 1677 357 1704 2.
375 1676 498 1705 Tenetur
518 1678 576 1713 lege
597 1678 748 1715 [Cornelia]
770 1679 803 1706 de
822 1679 946 1712 sicariis,
961 1679 1007 1714 qui

213 1721 294 1758 292
308 1730 442 1749 venenum
465 1725 580 1751 necandi
603 1725 722 1753 hominis
742 1733 826 1753 causa
848 1726 912 1763 [vel]
931 1726 1007 1759 facit,

213 1767 256 1793 vel
270 1767 373 1799 vendit,
383 1767 424 1794 vel
439 1768 530 1795 habet.
546 1768 615 1796 Sunt
628 1774 718 1797 autem
733 1771 815 1797 etiam
828 1779 932 1798 venena
947 1779 1008 1806 quae

213 1817 322 1845 sanant,
333 1817 360 1840 ct
375 1821 435 1847 quae
448 1816 582 1842 amatoria
597 1816 737 1844 dicuntur.
752 1817 780 1844 Si
796 1824 859 1844 vero
871 1817 1006 1853 quispiam

212 1858 276 1886 licet
298 1867 354 1886 non
377 1861 450 1888 malo
474 1861 567 1888 anitno
589 1862 696 1889 mulieri
721 1863 950 1891 medicamentum
974 1865 1007 1892 ad

213 1905 417 1940 conceptionem
441 1907 562 1940 dederit,
579 1915 665 1943 eaque
690 1909 735 1945 [ex
756 1909 800 1946 eo]
823 1916 931 1938 mortua
956 1911 1006 1943 sit,

212 1951 359 1986 relegatur.
371 1951 525 1989 [Similiter]
536 1954 617 1981 etiam
630 1954 892 1992 pigmentarius,qui
907 1962 1008 1985 temere

211 1996 295 2024 alicui
316 1998 444 2031 cicutam,
460 1999 674 2033 salamandram,
692 2002 841 2036 aconitum,
859 2003 1008 2038 pityocam-

212 2051 292 2078 pain,
312 2044 471 2080 buprcstum
484 2067 492 2081 ,
512 2048 739 2082 mandragoram,
762 2053 810 2076 aut
831 2050 1008 2077 cantharidas

212 2091 327 2118 dederit.

251 2136 360 2166 Tenus.
375 2138 475 2174 Digest.
493 2139 535 2166 l3.
551 2139 602 2173 Qui
615 2140 697 2168 vetita
712 2141 846 2169 sacriﬁcia
862 2141 938 2175 facit,
951 2142 1009 2177 lege

214 2182 363 2220 [Cornelia]
390 2185 423 2212 de
448 2186 556 2214 sicariis
581 2191 698 2214 tentetur.
715 2187 776 2215 Lib.
793 2196 888 2219 XLVIII.
904 2189 944 2215 lit.
963 2189 1006 2223 19,

213 2230 270 2265 dig.
287 2230 337 2264 28,
358 2231 504 2260 Venenarii
532 2234 665 2269 dignitate
686 2235 792 2269 praediti
818 2236 1006 2271 deportantur,

213 2277 312 2312 reliqui
327 2278 416 2313 capite
430 2280 593 2314 puniuntur.
609 2280 708 2316 Digest.
721 2281 765 2308 53.
777 2281 827 2314 Qui
843 2283 1007 2309 amatorium

215 2326 263 2349 aut
278 2323 429 2352 abortionis
446 2326 573 2360 poculum
589 2326 648 2354 sine
662 2327 724 2354 dolo
738 2327 812 2354 dedit
828 2337 834 2355 :
851 2329 872 2354 si
886 2328 947 2355 vilis
962 2328 1007 2362 sit,

215 2367 241 2394 iu
260 2369 399 2396 metallum
418 2370 564 2399 damnatur
584 2381 590 2398 :
609 2373 632 2400 si
650 2372 798 2407 honestus,
815 2374 915 2402 amissa
932 2379 1009 2409 parte

214 2413 349 2442 bonorum
373 2417 510 2452 relegatur
533 2419 578 2445 scd
601 2419 624 2445 si
646 2419 709 2454 quis
730 2419 793 2447 inde
814 2424 940 2449 mortuus
961 2422 1008 2454 sit,

215 2468 353 2489 summum
370 2464 535 2498 supplicium
553 2465 695 2501 inﬂigitur.
848 2469 850 2471 '

1025 2220 1046 2249 D

251 2519 326 2546 CAP.
341 2519 437 2548 XXVI.
458 2537 488 2542 —-
510 2521 549 2549 De
568 2523 695 2557 episcopis
713 2528 759 2550 aut
780 2523 883 2550 clericis
902 2532 1008 2558 percus-

216 2564 319 2593 soribus
333 2567 370 2593 ret
382 2567 534 2596 ltomicidt's.

408 2624 595 2658 Apostolorum
613 2633 698 2653 canon
720 2626 766 2660 27,
784 2626 829 2654 66.

253 2668 287 2696 27
298 2669 365 2706 [28].
375 2669 594 2706 Episcopum,ch
606 2673 851 2709 ptesbyterurn,vel
862 2674 1007 2702 diaconum

218 2717 266 2752 qui
280 2717 406 2745 verberat
420 2725 467 2746 eos
481 2718 527 2753 qui
541 2725 666 2754 pereant,
679 2720 720 2747 vel
737 2720 860 2748 inﬁdeles
876 2721 921 2756 qui
940 2722 1010 2756 inju-

218 2764 287 2791 riam
300 2763 433 2797 fecerunt,
451 2769 477 2792 et
496 2773 545 2800 per
570 2765 628 2793 haec
651 2766 707 2794 vult
728 2770 891 2801 perterrere,
910 2768 1010 2802 deponi

216 2809 356 2843 iubemus.
378 2810 512 2839 Dominus
532 2811 605 2839 enim
623 2819 673 2840 nos
697 2820 867 2847 nequaquam
893 2814 944 2841 hoc
961 2815 1010 2842 do-

220 2855 291 2890 cuit;
312 2862 405 2886 contra
426 2862 516 2886 autent
534 2856 591 2894 ipse
607 2859 775 2893 verberatus,
795 2867 848 2888 non
867 2867 1010 2896 repercus-

1096 662 1172 690 Βιϐλ.
1190 665 1226 695 α’,
1239 661 1341 698 τίτ.ίθ’,
1366 662 1437 690 διάτ.
1451 662 1495 698 ιη’,
1517 662 1642 694 Ἰουδαῖος
1663 663 1709 690 τὸν
1731 663 1767 699 μὴ
1790 663 1852 690 ὄντα

1059 711 1108 746 τῆς
1141 711 1226 745 αὐτῆς
1253 710 1402 746 θρησκείας
1433 711 1544 746 ἐναντίᾳ
1579 710 1738 748 διδασκαλίᾳ
1771 720 1852 747 μετα-

1058 755 1152 790 γαγὼν
1177 758 1218 788 είς
1241 757 1337 792 αὐτὴν,
1353 757 1513 792 δημεύεται,
1535 758 1583 784 καὶ
1598 757 1756 792 κεφαλικῶς
1770 767 1854 793 τιμω-

1059 803 1156 838 ρείται.

1093 848 1278 884 Διαλαμὸἀνει
1308 849 1336 876 δὲ
1369 850 1433 885 ’περὶ⁸
1457 849 1514 876 τῶν
1541 850 1669 877 τοιούτων
1695 851 1743 878 καὶ
1756 851 1785 878 ὲν
1799 853 1856 885 τοῖς

1059 893 1193 927 διγέστοις
1204 903 1211 910 ·
1237 894 1305 929 φησὶ
1322 894 1378 928 γὰρ
1394 894 1464 929 βιῦλ.
1482 894 1515 926 θ’,
1529 894 1582 921 τίτ.
1601 894 1634 929 β’,
1648 894 1702 929 δίγ.
1728 894 1767 928 ζ’,
1785 894 1825 922 ὅτι
1841 897 1856 922 ὁ

1060 939 1207 974 φάρμακον
1224 940 1284 966 ἀντὶ
1306 940 1428 974 ἰατρείας
1450 940 1535 975 δούλῳ
1554 939 1678 972 δεδωκὼς
1690 961 1697 974 ,
1714 940 1856 968 ὑπύκειται

1059 986 1098 1016 είς
1113 985 1162 1020 τὴν
1176 985 1258 1012 αὑτοῦ
1275 986 1368 1022 τιμὴν,
1385 986 1422 1017 ὼς
1435 986 1525 1013 αἰτίαν
1538 985 1654 1012 θανάτου
1682 985 1831 1022 παρασχών
1847 995 1854 1002 ·

1060 1031 1114 1058 ἴσθι
1131 1032 1159 1058 δὲ
1172 1033 1213 1059 ὅτι
1234 1032 1309 1067 χώρα
1323 1031 1361 1066 τῷ
1372 1032 1538 1067 ἐγκλήματι,
1550 1032 1597 1059 καὶ
1613 1032 1639 1058 εί
1651 1041 1692 1063 τις
1711 1032 1856 1067 προπετῶς

1058 1077 1115 1113 δοίη
1149 1078 1317 1112 φάρμακον·
1341 1077 1380 1109 ὡς
1408 1077 1461 1111 δίγ.
1503 1081 1538 1113 η’.
1569 1078 1683 1112 Ὅμοιον
1713 1077 1761 1104 καλ⁸
1791 1078 1856 1113 ’περὶ¹

1061 1125 1212 1160 ίατραίνης,
1231 1124 1284 1158 δίγ.
1304 1123 1336 1156 θ’,
1353 1123 1424 1160 βιὸλ.
1440 1127 1456 1150 ι’
1471 1124 1522 1152 τίτ.
1540 1123 1578 1159 ﬁ"
1596 1124 1650 1158 δίγ·
1668 1124 1688 1151 δ’
1701 1145 1708 1157 ,
1729 1124 1760 1150 οὐ
1787 1123 1856 1150 διαι-

1061 1169 1170 1205 ροῦνται
1196 1169 1297 1205 μεταξὺ
1320 1169 1375 1196 τῶν
1403 1170 1590 1205 κληρονόμων,
1607 1170 1641 1196 τὰ
1661 1170 1689 1196 ὲν
1703 1171 1737 1205 τῇ
1756 1169 1855 1204 κληρο-

1060 1216 1140 1251 νομίᾳ
1152 1215 1298 1251 εὑρεθέντα
1319 1216 1391 1242 κακὰ
1406 1215 1549 1251 φάρμακα,
1564 1216 1580 1250 ἢ
1599 1215 1704 1251 μαγικὰ
1723 1215 1821 1250 βιϐλία,
1835 1216 1853 1251 ἦ

1059 1263 1092 1288 τὰ
1105 1263 1196 1297 ὃμοια,
1212 1262 1278 1289 ἀλλὰ
1295 1263 1366 1289 κατὰ
1389 1263 1551 1297 δοκιμασίαν
1568 1262 1615 1289 τοῦ
1631 1262 1760 1289 δικαστοῦ
1777 1263 1855 1297 φθεί-

1062 1318 1163 1344 ρονται,
1181 1310 1250 1345 βιὸλ.
1266 1313 1300 1345 ιη’
1314 1310 1366 1337 τίτ.
1391 1313 1414 1336 α’
1429 1309 1482 1343 δίγ.
1495 1309 1543 1340 λε’,
1560 1311 1594 1336 τὰ
1619 1310 1692 1336 κακὰ
1718 1310 1855 1345 φάρμακα

1060 1355 1089 1382 οὺ
1106 1355 1293 1390 πιπράσκεται
1308 1364 1315 1371 ·
1338 1356 1362 1382 εἰ
1384 1355 1434 1391 μέν
1449 1364 1489 1382 τοι
1509 1355 1644 1390 δεχόμενα
1668 1355 1741 1390 μίξιν
1756 1364 1854 1391 χρησι-

1061 1401 1200 1437 μεύουσιν,
1212 1402 1250 1434 ὡς
1266 1402 1311 1429 ἐπὶ
1326 1402 1377 1436 τῆς
1389 1402 1527 1429 ἁντιδότου
1541 1403 1745 1437 πιπράσκονται
1761 1410 1768 1417 '
1781 1401 1854 1437 βιὸλ.

1061 1447 1104 1483 μζ¹
1120 1449 1173 1476 τίτ.
1192 1452 1207 1475 ι’
1225 1447 1274 1482 δίγ¹
1290 1452 1330 1481 ιε’,
1348 1448 1373 1475 οἱ
1397 1448 1609 1484 παραφρονῆσαί
1627 1457 1689 1475 τινα
1715 1449 1855 1484 φαρμάκῳ

1060 1495 1211 1527 ποιοῦντες,
1236 1495 1374 1530 ἐνέχονται
1394 1495 1433 1530 τῷ
1453 1496 1517 1529 περὶ
1536 1494 1643 1530 ὕϐρεων
1667 1495 1759 1531 νόμῳ·
1785 1495 1857 1522 εἰδὲ

1060 1540 1107 1566 καὶ
1126 1539 1300 1575 ἀστρολόγος,
1316 1540 1332 1575 ἢ
1352 1539 1449 1575 ἑτέραν
1472 1540 1704 1575 ἀπηγορευμὲνην
1723 1539 1856 1575 μαντείαν

1062 1586 1172 1620 μετιὼν,
1200 1586 1350 1621 ἐρωτηθεὶς
1386 1586 1450 1622 εἴπῃ
1478 1586 1599 1620 κλέπτην
1626 1586 1672 1613 τὸν
1705 1586 1743 1621 μὴ
1776 1586 1859 1619 ὄντα,

1059 1632 1202 1659 ὑπόκειται
1216 1633 1275 1663 ταῖς
1290 1631 1429 1664 διατάξεσι
1446 1640 1452 1647 ·
1469 1631 1542 1667 βιϐλ.
1560 1631 1605 1667 μη¹
1618 1632 1671 1658 τίτ.
1686 1635 1722 1667 η’,
1746 1631 1798 1666 δίγ.
1820 1631 1856 1667 β’,

1058 1678 1097 1713 τῷ
1112 1678 1176 1713 περὶ
1190 1678 1292 1712 φονέων
1305 1678 1379 1712 νόμῳ
1403 1678 1558 1713 κατέχεται,
1575 1678 1588 1704 ὁ
1603 1677 1648 1704 διὰ
1669 1678 1699 1705 τὸ
1722 1677 1857 1713 φονεῦσαι

1058 1724 1202 1760 ἄνθρωπον
1216 1724 1301 1751 ποιῶν
1316 1726 1473 1760 φάρμακον,
1486 1725 1506 1761 ἢ
1521 1724 1686 1759 πιπράσκων
1697 1746 1704 1757 ,
1726 1724 1744 1760 ἢ
1759 1724 1831 1760 ἔχων
1847 1733 1856 1741 ι

1059 1771 1112 1797 εἰσ).
1121 1770 1148 1797 δὲ
1167 1771 1300 1806 φάρμακα
1311 1771 1407 1805 ὑγείαν
1423 1770 1601 1806 ἐμποιοῦντα,
1612 1772 1659 1798 καὶ
1673 1770 1707 1798 τὰ
1717 1771 1858 1806 λεγόμενα

1059 1817 1158 1852 φίλτρα
1173 1825 1179 1831 ·
1198 1818 1221 1844 εἰ
1234 1817 1262 1843 δὲ
1286 1817 1333 1843 καί
1356 1826 1398 1849 τις
1415 1817 1453 1853 μὴ
1476 1817 1554 1852 κακῷ
1580 1817 1703 1852 λογισμῷ
1723 1818 1860 1854 παράσχῃ

1059 1863 1170 1898 γυναικὶ
1192 1863 1391 1898 συλληπτικὸν,
1414 1864 1461 1890 καὶ
1486 1863 1645 1900 τελευτήσει
1676 1865 1694 1899 ή
1719 1864 1860 1898 λαϐοῦσα,

1059 1910 1208 1945 ὲξορίξεται
1222 1918 1229 1927 ο
1244 1910 1291 1937 καὶ
1310 1912 1324 1937 ὸ
1341 1911 1528 1946 πημεντάριος
1542 1911 1687 1946 προπετῶς
1699 1911 1788 1943 διδούς
1802 1919 1862 1938 τινι

1059 1955 1182 1987 κώνειον,
1205 1955 1221 1990 ἢ
1250 1955 1454 1991 σαλαμὰνδραν,
1465 1955 1600 1988 ἀκόνιτον,
1616 1956 1632 1992 ἢ
1645 1957 1864 1993 πιτυοκάμπην,

1059 2000 1269 2037 ἦβοὺϐρωστιν,
1286 2001 1302 2035 ἢ
1319 2001 1527 2037 μανδραγόραν,
1546 2002 1562 2037 ἦ
1589 2002 1764 2038 κανθαρίδας.

1095 2142 1153 2176 Δίγ.
1174 2142 1218 2176 ιγ’,
1236 2143 1249 2169 ὁ
1263 2143 1348 2170 ποιῶν
1370 2143 1465 2175 θυσίας
1484 2144 1723 2180 ἀπηγορευμένας,
1739 2145 1778 2180 τῷ
1793 2147 1863 2182 περὶ

1061 2191 1162 2224 φονέων
1183 2190 1342 2217 ὑπόκειται·
1363 2190 1432 2224 βιϐλ.
1455 2193 1511 2225 μη¹,
1531 2191 1583 2217 τίτ.
1604 2190 1648 2223 ιϐ’,
1667 2191 1721 2225 δίγ.
1751 2191 1807 2228 κη’,
1835 2193 1864 2219 οι

1061 2237 1202 2273 φαρμακοὶ
1215 2236 1395 2272 ἀξιωματικοί
1411 2237 1496 2269 ὄντες,
1509 2237 1755 2273 δεπορτατεύονται
1765 2245 1773 2253 ·
1789 2239 1815 2265 οἱ
1832 2239 1864 2265 δὲ

1060 2282 1157 2315 λοιποὶ,
1176 2283 1215 2315 είς
1241 2282 1362 2318 κεφαλὴν
1381 2283 1566 2318 τιμωροῦνται
1583 2292 1590 2299 ·
1617 2284 1665 2311 καὶ
1689 2284 1743 2318 δίγ.
1771 2285 1828 2320 λη’,
1848 2286 1866 2312 ὁ

1059 2328 1184 2360 δεδωκὼς
1198 2330 1274 2364 πόμα
1290 2329 1358 2364 πρὸς
1376 2329 1498 2364 φίλτρον,
1512 2329 1528 2364 ἢ
1545 2329 1751 2365 ἀμϐλωορίδιον
1771 2331 1866 2366 χωρὶς

1059 2374 1147 2406 δόλου,
1167 2375 1274 2406 εὐτελὲς
1293 2375 1342 2410 μὲν
1354 2374 1391 2401 ὢν
1409 2375 1608 2410 μεταλλίζεται·
1626 2376 1716 2411 τίμιος
1729 2376 1769 2408 δὲ,
1799 2377 1867 2410 ἐξο-

1061 2421 1165 2456 ρίςεται
1213 2421 1283 2456 μετὰ
1319 2421 1434 2457 μερικῆς
1470 2421 1653 2456 δημεύσεως⁸
1684 2423 1789 2460 ἐσχάτῃ
1833 2423 1868 2451 δὲ

1060 2466 1179 2503 τιμωρίᾳ
1194 2466 1338 2501 ἐπάγεται,
1356 2468 1404 2494 ἐάν
1417 2476 1459 2499 τις
1478 2468 1510 2494 ἐκ
1523 2468 1618 2495 τούτου
1634 2468 1798 2505 τελευτήσῃ.

1096 2525 1222 2552 ΚΕΦΔΛ.
1238 2523 1312 2559 Kq'.
1328 2540 1363 2545 ——
1383 2526 1452 2559 Περὶ
1474 2525 1650 2553 ἐπισκόπων
1665 2526 1684 2560 ἣ
1704 2527 1869 2561 ulmum—or

1060 2572 1235 2599 τυπτόντων
1260 2571 1279 2606 ἢ
1303 2572 1505 2606 φονευόντων.

1239 2629 1427 2656 Ἀσίου-τύλων
1438 2628 1540 2656 κανὼν
1551 2629 1603 2662 κζ’,
1623 2629 1676 2662 Eg".

1096 2675 1147 2708 κζ’.
1169 2676 1344 2708 Ἐπίσκοπον,
1363 2675 1379 2709 ἢ
1403 2676 1600 2711 πρεσῦύτερον,
1618 2677 1635 2712 ἢ
1656 2677 1792 2708 διάκονον,
1810 2678 1870 2704 τύ-

1061 2732 1161 2750 πτοντα
1171 2724 1283 2755 πιστοὺς
1295 2723 1519 2758 ἁμαρτάνοντας,
1534 2723 1550 2759 ἢ
1565 2723 1698 2755 ἀπίστους
1715 2724 1872 2760 ἀδικήσαν-

1061 2778 1119 2801 τας,
1133 2770 1180 2796 καὶ
1195 2769 1239 2797 διὰ
1255 2769 1384 2796 τοιούτων
1403 2764 1646 2804 φοῧείνὲθέλοντα,
1664 2770 1872 2806 καθαιρεῖσθαι

1062 2815 1268 2851 προστάσσομεν
1281 2825 1288 2831 ·
1316 2815 1435 2851 οὐδαμοῦ
1452 2816 1506 2852 γὰρ
1523 2817 1536 2843 ὁ
1563 2817 1664 2851 Κύριος
1679 2817 1760 2845 τοῦτο
1786 2819 1875 2852 ἡμᾶς

1062 2861 1163 2894 ἐδίδαξε
1177 2869 1197 2899 '_
1210 2861 1363 2889 τούναντίον
1378 2862 1405 2889 δὲ
1423 2861 1503 2894 αὐτος
1520 2862 1697 2898 τυπτύμενος,
1716 2863 1765 2889 οὐκ
1782 2862 1874 2890 ἀντέ-
