1951 3071
99 207 148 239 769

502 203 704 234 SYNTAGMA
722 183 922 233 CANONUM:
937 210 971 215 —
986 199 1061 228 TIT.
1083 198 1135 234 IX,
1155 198 1235 229 CAP.
1256 198 1361 229 XXVI.

1693 197 1745 229 770

100 272 180 292 τυπτε
197 272 204 278 '
225 261 441 298 λοιδορούμενος,
468 261 518 288 οὐκ
539 260 719 295 ἀντελοιδόρει
732 269 739 276 ·
768 259 892 294 πάσχων,

950 255 996 289 sit;
1023 255 1177 283 maledictis
1203 256 1352 290 appetitus,
1384 254 1529 282 maledicta
1552 262 1605 282 non
1635 255 1742 289 retulit;

100 310 145 337 οὐκ
159 309 278 344 ἠπείλει.

131 354 184 389 ξς’.
203 355 237 382 Εἴ
247 362 288 386 τις
314 353 446 389 κληρικὸς
464 353 494 379 ὲν
516 351 592 388 μάχῃ
616 350 678 378 τινὰ
703 350 825 386 κρούσει,
849 347 895 376 καὶ

99 403 150 431 ἀπὸ
174 401 222 429 τοῦ
251 401 310 433 ἐνὸς
334 400 508 436 κρούσματος
528 399 694 430 ἀποκτείνει,
710 396 895 432 καθαιρείσθω

100 449 140 476 διὰ
152 448 202 484 τὴν
219 447 385 483 προπέτειαν
413 445 515 474 αὐτοῦ’
543 445 591 472 ἐὰν
610 444 640 471 δὲ
655 443 749 475 λαῖκὺς
770 442 798 479 ᾗ,
827 443 895 476 ἀφο-

102 495 224 531 ριζέσθω.

100 541 234 570 Συνόδου
261 540 287 568 α’
305 540 354 567 καὶ
373 540 403 572 ,β’
429 538 690 574 συγκροτηθείσης
722 537 757 564 ἐν
774 535 814 569 τῷ
829 534 893 574 ναῷ

133 577 311 638 τῶνὶἋξίων
323 572 516 603 Ἀποστόλὼιξ
528 576 562 602 ἐν
573 572 896 600 Κωνσταντινουπόλει

133 621 232 638 κανων
259 615 277 638 ¹.
873 617 875 619 ί

133 615 232 640 κανὼν
244 615 277 638 θ’.
873 617 875 619 ‘

134 657 165 685 θ’.
177 657 231 684 Τοῦ
251 655 430 685 ἀποστολικοῦ
446 655 494 683 καὶ
513 655 585 682 θείου
599 655 720 687 κανόνος,
736 655 799 686 τοὺς
814 654 896 690 ἱερεῖς

97 704 210 732 ’τύπτειν
232 703 441 739 ἐπιχειροῦντας
471 702 585 734 πιστοὺς
619 702 853 737 ἁμαρτήσαντας,
878 701 895 736 ἢ

101 751 229 782 ἀπίστους
273 749 480 785 ἀδικήσαντας,
523 747 683 783 καθαιρέσει
721 747 896 774 καθυποῦάλ-

100 796 200 830 λοντος,
221 796 245 822 οἱ
267 795 313 822 τὸν
335 795 435 822 οἰκεῖον
458 793 677 829 ἀποθεραπεύειν
703 793 895 829 μηχανώμενοι

102 842 195 878 θυμὸν,
213 841 325 873 καὶτὰς
353 839 533 872 ἀποστολικὰς
551 839 688 871 διατάξεις
715 839 896 875 παραχαράτς

101 896 200 922 ἰον-τες,
211 890 275 921 τοὺς
291 888 450 925 αὐτοχειρίᾳ
465 888 577 915 τύπτειν
590 886 810 923 ἐπιχειροῦντας,
827 887 895 919 ὲξει-

947 302 1063 337 patiens,
1081 309 1136 329 non
1153 302 1275 330 minatus
1290 306 1342 329 est.

982 348 1017 375 66
1033 347 1102 384 [641.
1123 347 1152 375 Si
1169 348 1232 383 quis
1250 347 1368 375 clericus
1383 347 1409 374 in
1426 355 1517 382 pugna
1541 347 1678 382 pulsatum
1693 347 1746 375 ali-

946 402 1028 430 quem
1049 402 1104 421 uno
1134 394 1188 421 ictu
1205 394 1347 427 occiderit,
1365 393 1517 428 deportatur
1536 399 1646 429 propter
1663 402 1743 422 suam

947 439 1145 475 proclivitateut
1163 443 1190 466 et
1207 439 1407 471 temeritatem;
1426 438 1449 466 si
1471 439 1558 466 laicus
1574 443 1744 475 segregetur.

947 532 1062 560 Concilii
1087 532 1167 566 primi
1195 537 1219 558 et
1250 531 1359 558 secundi
1385 531 1615 566 Constantinopoli
1641 533 1668 560 in
1688 531 1744 560 ante

1095 567 1256 595 Sanctorum
1269 566 1457 601 Apostolorum
1472 575 1556 594 canon
1575 567 1601 594 9.

982 658 1008 686 9.
1029 657 1097 686 Cum
1110 657 1277 693 apostolicus
1293 661 1319 685 et
1337 664 1415 685 sacer
1431 665 1517 685 canon
1546 658 1742 692 sacerdotes",

947 703 994 738 qui
1010 703 1155 730 verberare
1172 701 1252 737 293
1268 702 1466 737 aggrediuntur
1480 722 1488 734 .
1509 702 1551 728 vel
1576 702 1678 735 ﬁdeles,
1697 702 1744 738 qui

947 755 1107 786 peccarunt,
1125 750 1168 777 vel
1186 749 1310 777 inlidcles
1324 750 1370 784 qui
1389 749 1520 784 iniuriam
1536 748 1671 781 fecerunt,
1697 750 1745 776 de-

947 796 1078 832 positioui
1095 796 1223 829 subjiciat
1242 805 1249 823 :
1266 796 1284 822 ii
1300 796 1347 830 qui
1363 803 1420 823 suze
1443 795 1490 823 irae
1507 795 1608 822 mederi
1623 795 1744 823 moliun-

948 845 1002 874 tur,
1029 845 1055 868 et
1076 840 1243 876 apostolicos
1265 841 1477 868 constitutiones
1505 841 1679 876 detorquent,
1696 849 1744 868 eos

948 887 1151 919 intellexerunt,
1163 886 1210 922 qui
1226 894 1276 914 sua
1296 895 1379 914 manu
1402 882 1558 920 verberant,
1574 895 1624 915 nec
1639 895 1746 915 canone

101 933 200 968 λήφασι
213 941 220 948 ⁶
248 933 317 969 μήτε
346 932 393 960 τοῦ
420 933 531 963 κανόνος
551 932 633 967 μηδὲν
650 932 773 959 τοιοῦτον
787 932 893 967 ὑποση-

950 933 999 961 tale
1017 933 1084 968 quid
1100 933 1280 968 signiﬁcante,
1301 940 1350 960 nec
1373 937 1447 960 recta
1470 934 1576 961 ratione
1592 934 1644 961 hoc
1661 934 1743 961 intel-

103 979 252 1014 μαίνοντος,
266 980 337 1014 μήτε
351 978 396 1005 τοῦ
411 978 493 1014 ὀρθοῦ
508 978 589 1012 λόγου
607 979 686 1006 τοῦτο
698 980 768 1005 νοεῖν
785 978 895 1013 ἐπιτρέ-

100 1034 196 1058 ποντος
205 1033 215 1042 ο
234 1026 349 1061 μάταιον
357 1025 412 1061 γὰρ
424 1024 462 1056 ὡς
473 1024 581 1060 ἀληθῶς
598 1026 645 1052 καὶ
659 1025 718 1052 λίαν
732 1024 893 1059 ἐπισφαλὲς,

101 1072 145 1099 τὸν
159 1071 318 1108 ἀὐτοχειρίᾳ
338 1071 388 1108 μὲν
407 1072 436 1098 ὲν
460 1071 499 1107 τῷ
519 1072 632 1098 τύπτειν
649 1071 710 1107 τρὶς
729 1071 746 1107 ἢ
766 1071 895 1107 τετράκις

101 1117 249 1154 πλήξαντα,
263 1118 451 1154 καθαιρεῖσθαι
466 1127 474 1134 ·
487 1118 579 1150 ἀδείας
590 1118 618 1145 δὲ
633 1117 774 1154 διδομένης
783 1117 896 1144 τύπτειν

101 1165 130 1198 ἒξ
148 1165 346 1201 ἐπιτάγματος,
362 1165 407 1192 τὸν
420 1165 533 1200 ἀπηνῶς
550 1164 597 1191 καὶ
614 1164 696 1200 μέχρι
716 1164 833 1195 θανάτου
845 1164 895 1200 τὴν

101 1212 235 1248 τιμωρίαν
268 1212 431 1245 ἐπαύξοντα,
474 1211 648 1247 παρορᾶσθαι
694 1210 868 1247 ἀτιμώρητον
886 1219 893 1228 ·

101 1259 196 1295 διόπερ
210 1258 256 1285 τοῦ
272 1259 386 1291 κανόνος
412 1259 443 1285 τδ
468 1258 581 1285 τύπτειν
605 1258 700 1290 ἁπλῶς
724 1258 894 1292 κολάζοντος,

102 1305 149 1332 καὶ
167 1305 249 1340 ἡμεῖς
276 1304 348 1331 οὕτω
374 1304 607 1340 συμψηφιζόμεθα
621 1311 629 1320 ⁸
648 1304 702 1340 χρὴ
715 1304 770 1340 γὰρ
784 1305 829 1331 τὸν
847 1304 895 1331 τοῦ

102 1350 170 1377 θεοῦ
197 1350 283 1386 ἱερέα,
310 1350 356 1377 καὶ
378 1350 565 1382 διδασκαλίαις
582 1350 628 1377 καὶ
642 1350 806 1383 νουθεσίαις,
837 1351 894 1377 ἔσθ’

101 1396 146 1423 ὅτε
174 1395 202 1422 δὲ
226 1396 273 1422 καὶ
300 1396 356 1427 τοῖς
382 1395 620 1431 ὲκκλησιαστικοῖς
655 1396 815 1430 ὲπιτιμίοις,
851 1396 895 1423 τὸν

102 1441 271 1468 ἀτακτοῦντα
299 1441 484 1476 παιδαγωγεῖν
503 1449 510 1457 ·
539 1441 607 1468 ἀλλὰ
637 1442 674 1478 μὴ
700 1444 760 1474 ταῖς
787 1443 896 1477 μάστιξι

101 1487 150 1514 καὶ
163 1487 222 1519 ταῖς
237 1487 364 1523 πληγαῖς,
377 1487 417 1519 είς
428 1487 462 1514 τὰ
476 1487 530 1514 τῶν
543 1487 695 1523 ἀνθρώπων
708 1489 822 1523 σώματα
836 1489 896 1515 ἑπι-

102 1533 191 1569 πηδᾷν
204 1540 211 1546 '
226 1534 250 1560 εἱ
265 1533 293 1560 δέ
308 1542 380 1565 τινες
395 1531 450 1560 εἷεν
465 1534 606 1565 παντελῶς
626 1534 893 1568 ἀνυποτακτοῦντες,

102 1583 149 1609 καὶ
158 1580 198 1616 τῷ
223 1581 406 1617 σωφρονισμῷ
431 1581 487 1607 τῶν
505 1581 651 1616 ἐπιτιμίων
671 1582 708 1617 μὴ
725 1582 894 1614 ὑπείκοντες,

100 1628 213 1659 τούτους
228 1628 272 1655 διὰ
285 1627 335 1662 τῆς
349 1627 420 1663 πρὸς
433 1628 497 1659 τοὺς
520 1627 591 1654 κατὰ
605 1627 650 1654 τὸν
665 1627 748 1654 τόπον
763 1628 896 1663 ἄρχοντας

99 1674 268 1710 ὲγκλήσεως,
291 1674 377 1706 οὐδεὶς
392 1673 491 1701 κωλύει
511 1674 727 1709 σωφρονίζεσθαι
740 1683 747 1690 θ
772 1675 815 1700 καὶ
844 1675 897 1709 γὰρ

100 1720 173 1748 καὶὸ
198 1720 248 1755 τῆς
275 1721 303 1747 ὲν
328 1720 478 1755 Ἀντιοχείᾳ
495 1719 604 1746 συνόδου
636 1719 762 1754 πέμπτος
791 1719 895 1753 κανὼν,

99 1768 165 1799 τοὺς
180 1765 362 1802 θορυϐοῦντας
380 1767 427 1792 καὶ
441 1766 550 1797 στάσεις
564 1766 596 1800 τῇ
618 1765 767 1801 Ἐκκλησία
782 1774 896 1801 παρεισ-

99 1814 227 1848 άγοντας,
238 1812 283 1840 διὰ
297 1813 346 1848 τῆς
375 1811 476 1844 ἔξωθεν
491 1811 583 1847 χειρὸς
600 1812 758 1838 ὲκανόνισεν
773 1813 898 1848 ἐπιστρέ-

98 1860 209 1896 φεσθαι.

330 1907 492 1934 Βασιλείου
509 1906 609 1934 κανὼν
625 1910 671 1933 νε’.

137 1957 186 1981 vs’.
198 1954 229 1981 Ol
241 1954 298 1985 τοῖς
310 1953 423 1989 λῃσταῖς
436 1953 654 1987 ἀντεπεξιόντες,
673 1953 726 1986 ἔξω
744 1953 794 1988 μὲν
810 1953 896 1985 ὅντες,

97 2002 151 2038 τῆς
165 2002 308 2034 κοινωνίας
335 2002 474 2036 εἴργονται
497 2001 544 2029 τοῦ
574 2001 680 2036 ἀγαθοῦ
693 2010 699 2017 ·
720 2001 847 2037 κληρικοὶ
869 2003 898 2030 δὲ

96 2048 187 2082 ὄντες,
203 2048 249 2075 τοῦ
270 2048 376 2084 βαθμοῦ
392 2048 603 2084 καθαιροῦνται·
619 2048 683 2082 Πᾶς
697 2048 763 2083 γάρ,
780 2050 898 2085 φησ¹ιν,ὀ

95 2095 202 2123 λαϐὼν
210 2095 372 2130 μάχαιραν,
393 2095 428 2122 ἐν
451 2095 585 2130 μαχαίρᾳ
607 2095 809 2123 ἀποθανεῖται.

139 2142 174 2169 Ἦ
191 2142 212 2177 β’
231 2142 352 2175 διάταξις
377 2141 425 2168 τοῦ
445 2144 470 2168 α’
487 2141 539 2168 τίτ.
558 2141 613 2168 τῶν
640 2141 767 2177 Νεαρῶν,
793 2142 898 2176 ἀπαγο-

97 2188 177 2225 ρεύει
197 2188 247 2222 μὲν
258 2189 315 2218 τοῖς
329 2187 492 2219 ἐπισκόποις
513 2187 642 2223 πλήττειν
655 2187 749 2223 χερσὶν
763 2187 877 2220 οἰκείαις
889 2197 896 2204 ·

95 2236 149 2271 οὐχ
168 2234 254 2270 ὢρισε
269 2235 299 2261 δὲ
315 2234 411 2269 ποινήν
426 2242 432 2248 ·
452 2233 571 2268 γενικῶς
600 2234 627 2260 δὲ
653 2235 717 2269 περὶ
736 2234 837 2266 παντὸς
853 2235 898 2260 τύ-

946 979 1028 1014 ligere
1065 979 1250 1014 permittente.
1283 978 1391 1006 Etenim
1419 987 1515 1006 revera
1543 980 1687 1014 ineptum,
1717 985 1745 1007 et

946 1024 1025 1052 valde
1040 1024 1188 1057 lubricutn,
1215 1029 1245 1052 ut
1259 1025 1306 1060 qui
1326 1033 1375 1053 sua
1396 1025 1507 1060 quidem
1529 1034 1612 1053 inanti
1634 1031 1684 1058 ter,
1702 1027 1744 1054 vel

945 1075 1043 1106 quater
1059 1071 1237 1106 percusserit,
1246 1070 1411 1106 deponatur,
1428 1072 1491 1099 data
1507 1076 1597 1100 autent
1613 1072 1745 1101 facultate

944 1117 1024 1152 jussu
1040 1117 1215 1149 verberandi,
1234 1125 1296 1144 eum
1312 1118 1359 1153 qui
1373 1114 1542 1150 immaniter,
1558 1124 1586 1146 et
1606 1127 1693 1154 usque
1710 1120 1744 1148 ad

946 1168 1064 1191 mortem
1092 1164 1259 1199 supplicium
1295 1163 1452 1191 inﬂicturus
1487 1169 1542 1198 est,
1578 1166 1689 1201 impune
1716 1167 1744 1194 id

947 1209 1018 1238 ferre
1033 1210 1140 1245 negligi.
1159 1210 1342 1244 Quamobrem
1366 1218 1471 1238 canone
1491 1212 1580 1246 ipsum
1599 1212 1745 1241 verberare

947 1256 1073 1284 absolute
1101 1257 1242 1291 puniente,
1269 1265 1319 1284 nos
1345 1265 1456 1292 quoque
1476 1257 1558 1285 simul
1581 1266 1643 1286 cum
1659 1266 1692 1286 eo
1707 1259 1745 1286 ita

946 1304 1130 1331 decernimus.
1143 1303 1256 1338 Oportet
1280 1304 1354 1331 enim
1381 1304 1428 1331 Dei
1447 1305 1618 1332 sacerdotem
1638 1305 1745 1333 doctri-

946 1349 1000 1380 nis.
1030 1353 1057 1376 et
1085 1349 1339 1380 admonitimtibns,
1369 1354 1567 1384 nonnunquam
1600 1356 1691 1378 autent
1718 1356 1746 1378 et.

947 1396 1036 1430 poenis
1055 1396 1198 1423 canonicis
1222 1403 1283 1423 cum
1301 1396 1346 1430 qui
1365 1403 1394 1423 se
1420 1397 1580 1424 immodeste
1610 1403 1636 1424 et
1669 1398 1744 1425 inso~

947 1442 1034 1468 lenter
1049 1441 1128 1476 gerit,
1147 1442 1301 1473 instituere,
1316 1442 1362 1468 sed
1385 1450 1440 1469 non
1461 1442 1585 1476 ﬂagellis,
1606 1448 1632 1470 et
1647 1444 1744 1471 verbe-

947 1489 1023 1515 ribus
1040 1488 1066 1514 iu
1083 1489 1228 1515 hominum
1249 1496 1365 1523 corpora
1385 1489 1528 1516 insultare.
1544 1488 1572 1516 Si
1591 1490 1637 1524 qui
1653 1496 1743 1517 autem

947 1540 1011 1562 sunt
1041 1543 1144 1562 morem
1168 1535 1282 1562 omnino
1311 1544 1364 1562 non
1391 1540 1525 1570 gerentes,
1553 1540 1579 1562 et
1598 1544 1742 1570 pmuarunt

948 1582 1112 1609 correctioni
1139 1589 1194 1609 non
1223 1582 1362 1614 cedentes,
1379 1590 1426 1609 eos
1453 1590 1501 1617 per
1520 1583 1689 1610 vocationem
1710 1583 1744 1610 ad

949 1628 1008 1662 eius
1041 1627 1091 1655 loci
1121 1627 1297 1662 magistratus
1332 1634 1411 1654 nemo
1444 1627 1573 1663 castigari
1606 1629 1743 1663 prohibet.

948 1674 1124 1702 Antiochense
1139 1674 1213 1701 enim
1234 1675 1330 1710 synodi
1347 1682 1434 1701 canon
1450 1675 1476 1707 5,
1491 1682 1593 1710 eosque
1611 1675 1752 1703 tuntultusv

949 1722 1070 1751 excitant
1082 1727 1110 1750 et
1125 1721 1275 1749 seditiones
1302 1722 1328 1748 in
1345 1720 1469 1749 Ecclesia
1487 1722 1676 1756 introducunt,
1695 1730 1744 1757 per

950 1776 1063 1796 manum
1082 1773 1222 1796 externam
1238 1767 1360 1796 converti
1376 1774 1503 1803 oportere
1517 1769 1624 1796 statuit.

1218 1898 1314 1926 Basilii
1328 1907 1414 1926 canon
1430 1898 1474 1926 55.

985 1946 1029 1974 55.
1049 1946 1101 1979 Qui
1121 1945 1148 1973 in
1170 1945 1290 1972 latrones
1307 1953 1339 1972 ex
1357 1945 1474 1972 adverso
1490 1944 1628 1977 feruntur,
1647 1945 1670 1972 si
1688 1945 1744 1973 sint

950 1993 1060 2028 quidem
1075 1992 1148 2025 laici,
1165 1999 1180 2018 a
1194 1992 1257 2019 boni
1272 1992 1467 2019 communione
1479 1998 1627 2023 arcentur;
1644 1992 1666 2018 si
1680 2000 1745 2019 vero

950 2039 1053 2070 clerici,
1071 2046 1086 2065 a
1100 2038 1185 2073 gradu
1205 2037 1383 2072 dejieiuutnr.
1401 2037 1527 2072 Quisquis
1539 2038 1619 2069 enim,
1635 2037 1735 2072 inquit,

950 2086 1069 2123 gladium
1082 2085 1194 2119 accepit.
1210 2084 1300 2119 gladio
1314 2084 1420 2118 peribit.

987 2132 1095 2160 Textus.
1112 2131 1230 2159 Constit.
1253 2131 1285 2163 2,
1304 2131 1346 2157 tit.
1367 2130 1379 2156 l
1406 2129 1579 2156 Novellarunt
1607 2128 1745 2163 episcopis

949 2180 1060 2214 quidem
1091 2178 1220 2205 manibus
1247 2177 1304 2205 suis
1332 2180 1475 2211 percutere
1505 2175 1632 2210 prohibet
1658 2184 1663 2202 :
1697 2175 1744 2202 sed

950 2226 1033 2262 294
1059 2233 1169 2261 paruam
1196 2232 1250 2251 non
1275 2223 1380 2251 definit.
1402 2222 1573 2250 Generaliter
1595 2227 1686 2250 autem
1711 2222 1746 2249 de

96 2267 214 2312 πτοντος
242 2280 258 2316 ἢ
273 2267 441 2316 ὑϐρίζοντος,
498 2280 638 2311 πολιτικὸς
664 2267 777 2315 διορίζει
792 2280 873 2315 νόμος
888 2289 894 2296 ·

951 2280 1116 2308 quocunque
1135 2272 1181 2306 qui
1205 2271 1329 2298 verberat
1348 2269 1389 2296 vel
1413 2268 1540 2303 iniuriam
1564 2268 1639 2299 facit,
1657 2267 1746 2296 civilis

94 2327 174 2363 βιόλ.
193 2326 247 2362 μζί,
265 2326 319 2353 τίτ.
338 2325 363 2358 ι’,
380 2325 470 2352 κανὼν
484 2325 556 2360 βιὸλ.
574 2325 596 2352 0’
614 2325 662 2352 τοῦ
673 2325 738 2353 κώδ.
759 2325 813 2352 τίτ.
831 2325 865 2358 α’,
884 2327 898 2352 ὁ

92 2372 189 2404 διδοὺς
219 2371 279 2399 κατ’
290 2371 380 2399 αὐτῶν
395 2372 444 2407 τὴν
462 2371 526 2408 περὶ
545 2371 650 2407 ὕϐρεως
666 2371 795 2407 ἀγωγὴν,
810 2371 828 2407 ἥ
855 2380 898 2404 τις

92 2419 147 2446 καὶ
160 2418 343 2454 χρηματικῶς
353 2418 475 2445 ’κινεῖται
493 2418 540 2445 καὶ
550 2417 772 2452 ὲγκληματικὼς,
788 2418 897 2453 γραφῆς

92 2466 313 2501 ἀπα-τιθεμένης,
336 2465 382 2492 καὶ
392 2463 506 2499 διορίζει
521 2464 583 2490 ποία
598 2464 657 2490 ἐστὶ
671 2465 788 2499 τραχεῖα
804 2463 896 2499 ὕϐρις,

91 2513 166 2541 ποία
181 2513 210 2540 δὲ
224 2512 331 2547 ἐλαφρά
347 2519 354 2526 ’
370 2511 436 2546 περὶ
451 2511 479 2537 δὲ
492 2511 581 2546 φόνων
591 2510 770 2545 διαλαμϐάνει
781 2511 796 2537 ὁ
809 2510 895 2544 η’τίτ.

89 2559 146 2588 τοῦ
164 2558 211 2594 μη¹
231 2558 301 2594 βιὸλ.
324 2558 373 2584 καὶ
395 2559 410 2584 ό
439 2557 476 2589 ις’
493 2556 545 2584 τίτ.
564 2556 611 2583 τοῦ
629 2557 651 2583 lt’
669 2557 740 2592 βιϐλ.
757 2556 805 2583 τοῦ
830 2557 895 2585 κώδ.

89 2606 222 2632 Γίνωσκε
236 2604 264 2630 δὲ
280 2604 322 2630 ὅτι
332 2604 346 2630 ὁ
357 2603 436 2638 φόνος
454 2603 509 2629 ἀπὸ
521 2603 570 2637 τῆς
584 2602 730 2634 διαθέσεως
742 2603 895 2636 σκοπείται,

88 2652 118 2678 εἰ
138 2651 244 2678 σκοπὸν
259 2649 322 2684 ἔσχε
338 2649 468 2684 φονεῦσαι
481 2657 488 2664 ·
512 2649 573 2675 ὃθεν
585 2648 660 2675 ἔστιν
671 2648 777 2683 εὑρεῖν,
791 2648 831 2675 ὃτι
849 2649 895 2675 καὶ

88 2700 106 2726 ὁ
123 2697 234 2733 πλήξας
263 2696 324 2732 μὲν,
356 2695 395 2731 μὴ
416 2695 550 2729 φονεύσας
573 2695 618 2726 δὲ,
638 2695 675 2726 ὡς
690 2695 787 2729 φονεὺς
810 2703 896 2730 τιμω-

88 2747 190 2782 ρεῖται
207 2752 213 2759 ·
230 2744 276 2770 καὶ
292 2743 306 2769 ό
335 2741 470 2778 φονεύσας
485 2742 516 2768 ού
542 2742 705 2776 τιμωρεῖται
729 2741 766 2772 ὡς
786 2743 893 2776 φονεὺς,

87 2791 146 2819 ἐὰν
164 2791 246 2826 μόνον
271 2789 388 2825 ἠθέλησε
413 2788 516 2822 πλῆξαι
534 2796 540 2802 ·
559 2788 575 2822 ή
593 2787 621 2813 δὲ
640 2786 751 2822 τοιαύτη
775 2787 895 2819 διάθεσις

89 2836 244 2864 σκοπεῖται
257 2835 311 2862 ἀπὸ
327 2834 375 2862 τοῦ
387 2834 538 2869 πλήξαντος
559 2833 676 2868 ὀργάνου
695 2841 700 2848 ·
713 2834 760 2860 καὶ
775 2833 833 2860 ἔστι
847 2833 894 2860 τοῦ

89 2882 150 2918 μὲν
173 2880 300 2908 ἑκουσίου
323 2882 417 2916 φόνου,
449 2880 495 2906 ἐπὶ
515 2879 566 2915 μὲν
578 2879 688 2914 ἐντίμου
703 2879 893 2913 φονεύσαντος,

87 2927 285 2963 δεπορτατίων
299 2926 346 2954 καὶ
359 2926 449 2954 τελεία
469 2926 602 2962 δήμευσις
613 2933 620 2941 ’
636 2925 681 2952 ἐπὶ
704 2925 732 2952 δὲ
746 2925 800 2952 τῶν
815 2925 893 2952 εὐτε-

951 2321 992 2347 lex
1013 2319 1123 2351 statuit,
1140 2318 1185 2344 lib.
1204 2324 1294 2347 XLVII,
1309 2316 1350 2343 tit.
1368 2315 1416 2349 10;
1440 2315 1486 2342 lib.
1503 2322 1545 2346 ις,
1561 2315 1601 2341 tit.
1616 2314 1666 2345 55,
1683 2314 1745 2341 cod.

950 2368 1020 2395 dans
1050 2366 1182 2394 adversus
1213 2364 1275 2391 illos
1305 2361 1468 2397 iniuriarum
1500 2360 1655 2391 actionem,
1683 2367 1745 2394 qua:

949 2413 1073 2448 deposita
1088 2412 1224 2445 scriptura
1241 2415 1297 2437 tum
1312 2408 1470 2443 pecunarie,
1491 2412 1546 2434 tum
1564 2406 1745 2434 eriminaliter

950 2459 1114 2487 instituitur.
1127 2458 1193 2491 Qua:
1204 2456 1286 2484 etiam
1300 2454 1367 2491 [lex]
1379 2453 1534 2489 cuiusmodi
1551 2453 1650 2488 iuitnia
1665 2457 1745 2480 atrox

949 2506 1002 2538 sit,
1025 2503 1180 2539 cuiusmodi
1209 2502 1294 2533 leris,
1323 2500 1497 2527 determinat.
1527 2498 1565 2525 De
1597 2497 1744 2526 homicidia

949 2557 1041 2580 autem
1061 2556 1158 2578 tractat
1182 2549 1226 2575 tit.
1244 2549 1270 2581 1,
1286 2547 1333 2574 lib.
1352 2553 1446 2579 XLVIII,
1464 2549 1490 2572 et
1507 2543 1577 2580 [ιιι]
1594 2545 1635 2577 l6,
1650 2544 1696 2571 lib.
1715 2551 1742 2570 Ix

948 2599 1009 2626 cod.
1023 2597 1100 2625 Scias
1115 2603 1191 2628 vero,
1204 2594 1277 2630 quod
1292 2591 1470 2620 homicidium
1487 2599 1519 2618 ex
1536 2590 1633 2617 atlectu
1649 2590 1742 2618 consi-

947 2645 1069 2672 deretur.
1093 2642 1171 2670 Unde
1195 2640 1317 2668 invenire
1341 2642 1399 2672 est,
1420 2637 1493 2673 quod
1520 2637 1566 2673 qui
1593 2636 1742 2672 percussit,

948 2692 1055 2720 tametsi
1074 2698 1126 2717 non
1142 2689 1260 2719 occidit,
1276 2691 1304 2714 ut
1323 2685 1459 2713 homicida
1478 2689 1568 2711 tamen
1588 2683 1716 2718 puniatur
1733 2691 1741 2709 :

946 2742 973 2765 et
993 2737 1038 2772 qui
1060 2735 1176 2766 occidit,
1193 2733 1275 2761 modo
1297 2737 1405 2759 tantum
1430 2734 1572 2765 pereutere
1593 2729 1694 2760 voluit,
1713 2733 1743 2755 ut

947 2783 1084 2812 homicida
1100 2789 1154 2810 non
1168 2781 1310 2816 puniatur.
1324 2779 1413 2813 Atque
1434 2775 1587 2804 istiusmodi
1606 2774 1741 2810 [quidem]

946 2831 1061 2859 allectus
1075 2837 1108 2857 ex
1125 2829 1319 2859 instrumento,
1335 2833 1390 2860 quo
1406 2830 1565 2860 percussum
1582 2827 1635 2853 est,
1649 2821 1742 2849 consi-

945 2880 1067 2907 deratur.
1092 2876 1227 2904 Caeterum
1258 2872 1405 2901 voluntarii
1434 2869 1576 2897 homicidii
1605 2875 1684 2902 ptena
1713 2868 1740 2896 in

947 2925 1070 2953 honestis
1086 2927 1127 2952 est
1141 2920 1306 2957 deportatio,
1322 2924 1349 2947 et
1365 2918 1487 2946 omnium
1505 2916 1639 2944 bonorum
1651 2915 1741 2951 publi-
