1959 3060
205 205 262 238 7'71.

789 202 923 232 PlIOTlI
943 202 1197 233 PATRIARCIL'E
1216 204 1271 233 (ΣΡ.

1805 204 1863 236 772

204 262 279 290 catio
293 271 301 289 :
319 261 346 288 in
365 259 526 292 humilibus,
538 263 567 286 ut
580 258 671 294 gladio
685 261 712 284 et
725 256 820 285 bestiis
834 257 978 284 tradantur
993 265 1002 285 :

1073 259 1119 289 ὦν,
1134 257 1205 292 ξίφει
1218 257 1265 285 καὶ
1273 258 1379 294 Θηρίοις
1395 257 1583 294 ὑποϐληθῆναι
1596 265 1603 274 ο
1616 259 1663 286 ἐπὶ
1677 259 1706 286 δὲ
1718 259 1766 286 τοῦ
1780 262 1857 288 κατὰ

205 309 232 336 in
251 316 284 334 eo
299 307 345 343 qui
362 315 409 342 per
426 305 618 341 negligentiam
637 305 696 332 sive
713 303 870 331 socordiam
890 303 1003 335 occidit,

205 353 413 390 quinquennale
435 352 574 380 exsilium.
598 350 626 377 In
648 358 703 378 non
728 349 887 376 vtiluntario
911 353 1003 376 autem

205 401 285 428 venia
302 400 393 428 datur.
407 399 477 426 Cum
492 397 576 433 igitur
587 396 620 424 de
636 396 786 424 homicidio
799 403 918 430 quaeres,
932 395 1006 430 legas

206 447 296 476 dictos
320 447 414 474 titulos
438 453 500 473 cum
526 445 649 479 ipsorum
672 443 818 478 paratitlis.
836 442 943 470 Dictum
965 445 1007 469 est

206 498 297 521 autem
320 491 482 528 generaliter
503 491 550 518 lib.
567 497 646 521 mu,
662 489 704 515 tit.
719 488 762 519 19,
778 488 875 522 digest.
891 487 918 520 5,
933 487 1006 522 quod

205 540 233 567 in
247 539 376 567 omnibus
388 538 552 566 criminibus
566 536 651 572 quaeri
665 539 791 570 oporteat
802 555 810 567 ,
826 535 1006 567 consultone,

207 595 242 614 an
261 594 328 614 casu
350 584 479 622 [aliquid]
501 584 653 612 admissum
680 582 731 614 sit,
747 587 830 616 atque
850 581 887 608 ita
908 585 955 608 aut
973 580 1008 608 ad

208 633 294 668 legem
317 636 364 658 aut
382 631 520 658 mitiorem
541 637 652 665 ptenam
673 628 778 655 inferri.
796 628 829 654 Et
846 627 945 662 digest.
962 626 1005 658 11,

208 678 283 714 quod
299 677 400 712 aliquis
416 677 560 712 delinquat
570 680 617 703 aut
632 675 784 710 proposito,
799 679 827 700 ut
844 673 891 709 qui
912 673 1007 700 factio-

206 732 268 753 nem
290 724 394 752 excitat
414 733 420 750 :
445 727 492 750 aut
515 722 629 756 impetu,
645 725 675 748 tit
696 720 742 756 qui
765 720 852 747 iratus
872 724 913 746 est
934 729 940 746 :
962 723 1009 746 aut

208 779 292 804 casu,
309 776 339 798 ut
362 765 409 805 qui
434 770 461 797 in
484 769 630 797 venatione
653 768 680 795 in
705 767 792 794 ferant
817 765 896 802 [telo]
923 765 1008 793 tuisso

207 818 347 845 hominem
360 816 471 844 occidit.

242 862 323 898 295
339 861 414 889 CAP.
441 860 550 888 XXVII.
578 875 614 880 —
638 859 678 886 De
705 857 833 893 episcopis
860 861 884 884 et
905 856 1009 883 clericis

207 909 380 940 aleatoribus,
412 912 459 934 aut
485 906 608 937 ebriosis,
632 910 678 932 aut
705 903 918 939 spectaculorum
951 909 1010 929 stu-

1057 304 1187 340 βλακείαν
1222 305 1307 340 ἡγουν
1336 304 1469 340 ἀμέλειαν
1500 303 1674 338 φονεύοντος,
1702 306 1858 343 πενταετὴς

1056 351 1162 387 ὲξορία’
1180 351 1229 378 ἐπὶ
1247 351 1276 377 δὲ
1306 350 1354 378 τοῦ
1380 351 1523 381 ἀκουσίου,
1551 351 1701 387 συγγνώμη
1730 351 1858 380 δίδοται·

1057 397 1147 433 ζητῶν
1159 395 1206 424 οὖν
1226 396 1290 432 περὶ
1308 397 1396 431 φόνων
1407 417 1415 427 ,
1433 396 1604 431 ἀναγίνωσκε
1614 398 1678 429 τοὺς
1689 397 1857 433 εἰρημένους

1056 444 1110 471 τίτ.
1128 444 1176 471 σὺν
1188 445 1245 476 τοῖς
1259 443 1349 470 αὐτῶν
1364 443 1551 479 παρατίτλοις.
1578 443 1733 479 Εἴρηται-δὲ
1742 445 1860 479 γενικῶς

1059 490 1130 526 βιῦλ.
1157 493 1214 526 μην,
1236 490 1289 517 τίτ.
1319 490 1362 523 ιθ’,
1378 490 1432 524 δίγ.
1448 489 1480 523 ε’,
1496 490 1537 516 ὃτι
1554 491 1583 517 ὲν
1598 491 1667 517 πᾶσι
1686 492 1744 523 τοῖς
1759 491 1861 528 ἐγκλή-

1060 545 1126 572 μασι
1154 537 1196 564 δεῖ
1224 536 1327 572 ζητεῖν,
1350 537 1383 564 ἐκ
1409 537 1540 572 προνοίας
1570 535 1612 568 τίς
1629 536 1646 571 ἢ
1674 538 1747 565 κατὰ
1772 538 1860 573 τύχην

1058 583 1178 618 ἥμαρτε,
1194 583 1240 609 καὶ
1260 582 1347 614 οὕτως
1361 582 1378 617 ἢ
1405 582 1472 617 πρὸς
1489 582 1535 609 τὸν
1560 582 1653 618 νόμον,
1669 582 1686 618 ἢ
1701 583 1859 618 πραοτέραν

1059 629 1194 666 τιμωρίαν
1207 629 1350 666 ἐπιφέρειν
1366 637 1373 645 ·
1389 630 1438 656 καὶ
1465 629 1519 664 δίγ.
1545 632 1595 662 ια’,
1621 629 1689 665 ὅτιῆ
1712 629 1767 656 ἀπὸ
1789 639 1860 665 προσ

1059 676 1134 707 νοίας
1150 676 1304 712 ἁμαρτάνει
1318 684 1361 707 τις
1375 696 1382 708 ,
1397 675 1435 708 ὡς
1447 676 1461 702 ὁ
1480 675 1599 710 φατρίαν
1617 675 1752 703 συνιστῶν
1769 683 1777 692 ·
1790 676 1807 712 ἢ
1829 676 1861 709 ἐξ

1059 723 1155 758 ὀργῆς,
1193 722 1231 754 ὡς
1264 722 1278 748 ό
1314 721 1505 756 θυμούμενος·
1532 722 1548 758 ἢ
1581 722 1653 749 κατὰ
1681 721 1786 757 τύχην,
1821 722 1861 753 ὡς

1060 769 1074 795 ὀ
1094 769 1122 794 ὲν
1147 767 1218 803 θήρᾳ
1242 768 1313 794 κατὰ
1333 767 1430 803 θηρίου
1459 767 1541 803 ῥίψας
1564 767 1612 794 καὶ
1642 767 1778 802 φονεύσας
1811 767 1862 794 ἄν-

1062 813 1183 850 θρωπον.

1096 860 1222 887 ΚΕΦΑᾹ.
1242 859 1305 888 κε’.
1318 875 1354 880 -
1365 860 1434 894 Περὶ
1455 860 1629 887 ἐπισκόπων
1643 859 1692 886 καὶ
1709 858 1863 893 κληρικὼν

1061 907 1260 940 κυϐευόντων,
1274 906 1293 941 ἢ
1299 906 1545 942 μεθυσκομένων,
1560 906 1580 940 ἣ
1594 906 1675 938 θέαις
1688 906 1862 940 παρεμϐαλ-

207 955 302 986 (limis,
318 956 457 981 bustorum
474 951 668 988 expilaton‘bus
681 951 799 986 furibus,
815 950 940 984 perjuris,
962 949 1010 983 {w-

1073 953 1196 986 Ιόντων,
1217 953 1507 987 τυμϐωρυχούντων,
1535 951 1738 981 κλεπτόντων.
1759 951 1862 984 ἐπιορ-

207 1001 385 1034 nerutoribus,
401 1004 448 1027 aut
459 999 649 1035 sesquialteras
660 997 863 1032 accipientibus,
875 1001 921 1022 aut
935 995 1011 1023 aliud

209 1053 286 1083 turpe
303 1047 408 1074 lucrum
428 1047 479 1073 sibi
499 1044 722 1081 excogitantibus.

359 1092 549 1127 Apostolorum
564 1098 676 1118 canones
696 1090 743 1122 25,
759 1089 804 1123 Η,
818 1089 864 1116 45.

244 1140 280 1167 25
301 1139 372 1176 [ii].
392 1138 556 1174 Episcopus,
577 1137 619 1164 vel
634 1137 786 1172 presbyter,
806 1135 848 1162 vel
866 1134 1011 1167 diaconus,

209 1186 412 1217 fornicationis,
428 1184 470 1212 vel
494 1183 618 1220 perjurii,
634 1184 677 1210 vel
693 1182 758 1210 furti
775 1181 930 1214 convictus,
944 1185 1011 1213 etc.,

211 1238 241 1260 ut
260 1241 323 1267 pag.
340 1231 402 1259 743.

247 1279 283 1307 ﬂ
300 1277 369 1314 μη.
399 1276 552 1312 Episcopus
573 1276 614 1304 vel
643 1275 786 1311 presbyter
812 1275 855 1303 vel
879 1275 1013 1303 diaconus

210 1325 279 1353 aleis
305 1329 334 1352 et
364 1323 544 1351 ebrietatibus
568 1330 669 1350 vacans
694 1322 736 1349 vel
756 1327 856 1355 cesset,
869 1322 912 1350 vel
925 1321 1012 1356 depo-

212 1377 308 1400 natur.

247 1419 282 1447 43
308 1417 377 1454 [421.
397 1416 623 1451 llvpodiaconus,
643 1415 685 1443 vel
711 1415 798 1443 lector
812 1415 853 1442 vel
868 1420 963 1442 cantor
976 1414 1014 1442 si-

212 1466 288 1494 milia
314 1465 429 1497 lacieus,
448 1464 490 1491 vel
503 1467 602 1496 ;cesset
619 1462 664 1490 vel
687 1467 855 1498 segregelur.
872 1463 966 1490 lttdem
986 1465 1014 1488 et

213 1512 312 1540 laicus.

414 1555 527 1583 Coucilii
541 1553 646 1581 Nicomi
660 1562 743 1581 canon
764 1554 808 1581 17.

1063 1000 1209 1032 κούντων,
1223 997 1408 1029 τοκιζόντων,
1424 998 1442 1032 ἢ
1451 999 1669 1033 λαμϐανόντων
1679 998 1833 1033 ἡμιολίας,
1842 997 1861 1032 ἢ

1063 1045 1166 1080 ἕτερον
1180 1044 1299 1077 ἑαυτοῖς
1315 1043 1445 1078 αἰσχρὸν·
1457 1044 1660 1071 ἐπινοούντων
1675 1043 1794 1078 κέρδος.

1195 1092 1385 1120 Ἀποστόλων
1401 1091 1502 1118 κανὼν
1516 1090 1565 1123 κε’,
1584 1090 1641 1127 μβ’,
1661 1094 1717 1126 μγ’.

1100 1142 1150 1166 κε’.
1175 1139 1350 1170 Ἐπίσκοπος,
1369 1138 1385 1173 ἢ
1400 1137 1587 1173 πρεσϐύτερος
1601 1157 1608 1168 ,
1629 1137 1646 1172 ἢ
1661 1136 1798 1170 διάκονος,
1815 1137 1864 1164 ἐπὶ

1065 1184 1190 1221 πορνείᾳ,
1201 1185 1218 1220 ἢ
1239 1185 1379 1220 ἐπιορκία,
1394 1184 1411 1220 ἢ
1439 1183 1526 1219 κλοπῇ
1540 1183 1631 1216 ἁλοὺς,
1649 1192 1676 1211 κ.
1687 1192 1713 1211 τ.
1728 1183 1754 1211 λ.

1100 1276 1155 1312 μβ’.
1170 1275 1346 1309 Ἐπίσκοπος,
1358 1275 1375 1310 ἢ
1387 1273 1609 1310 πρεσϐύτερος,ἢ
1623 1274 1756 1306 διάκονος,
1768 1273 1864 1305 κύϐοις

1063 1323 1205 1359 σχολάζων
1245 1322 1292 1350 καὶ
1334 1321 1452 1357 μέθαις,
1484 1321 1502 1357 ἢ
1533 1320 1695 1354 παυσάσθω,
1721 1320 1738 1355 ἢ
1766 1319 1865 1347 καθαι-

1065 1379 1094 1406 ρε
1100 1370 1174 1397 ίσθω.

1102 1420 1157 1452 μγ¹.
1179 1416 1382 1448 ’Υποδιάκονος,
1402 1415 1418 1450 ἢ
1442 1414 1631 1449 ἀναγνώστης,
1653 1413 1670 1449 ἢ
1695 1412 1802 1449 ψάλτης
1828 1413 1864 1440 τὰ

1064 1464 1144 1498 ὅμοια
1163 1463 1262 1495 ποιῶν,
1281 1463 1298 1498 ἢ
1312 1461 1464 1490 παυσάσθω
1483 1461 1501 1497 ἢ
1521 1460 1712 1497 ἀφοριζέσθω*
1729 1459 1865 1491 ὡσαύτως

1064 1510 1113 1537 καὶ
1135 1510 1238 1542 λαῖκός.

1234 1556 1370 1585 Συνόδου
1388 1557 1514 1589 Νικαίας
1528 1555 1631 1583 κανὼν
1647 1554 1690 1588 ιζ’.

250 1614 439 1648 i'l.Quoniam
451 1612 531 1640 tnttlti
545 1611 592 1647 qui
602 1612 630 1639 in
645 1619 751 1639 canone
759 1615 938 1639 recensentur
947 1615 1012 1645 etc.,

1103 1615 1148 1649 ιζ’.
1184 1615 1296 1650 Ἐπειδὴ
1337 1614 1431 1642 πολλοὶ
1467 1613 1573 1650 ὲνζτῷ
1594 1613 1703 1641 ’κανόνι
1738 1612 1865 1646 ἐξεταζό-

215 1667 244 1690 ιιι
257 1670 318 1698 pag.
334 1660 398 1688 747.

361 1706 476 1735 Concilit‘
488 1705 634 1733 Laudiceni
649 1713 763 1731 canone:
781 1704 809 1737 ι,
824 1704 870 1731 Si.

251 1755 278 1782 4.
294 1755 355 1782 Non
367 1758 494 1788 oportere
509 1752 652 1780 hominem
677 1756 817 1778 sacratum
842 1750 971 1785 fenerari,
989 1753 1016 1777 et

218 1810 318 1830 usuras
333 1805 360 1828 et
374 1808 435 1835 quae
448 1800 578 1827 dicuntur
597 1798 795 1831 seSquialtet-as
808 1797 945 1832 accipere.

252 1849 298 1876 54.
314 1847 393 1882 Quod
409 1854 462 1873 non
479 1849 587 1880 oportet
601 1849 724 1872 sacratos
741 1848 768 1870 et
790 1844 906 1871 clericos
920 1843 947 1870 in
965 1850 1017 1869 nu-

218 1894 282 1930 ptiis
307 1893 348 1920 vel
366 1891 501 1920 conviviis
525 1890 616 1924 aliqua
641 1889 797 1924 spectacula
819 1888 1016 1923 contemplari,

218 1940 265 1968 sed
281 1939 441 1975 priusquam
466 1935 656 1972 ingrediantur
676 1934 831 1970 thymelici,
856 1941 967 1968 surgere
992 1936 1019 1960 et

219 1985 358 2014 secedere.

273 2041 358 2077 296
372 2039 486 2068 Concilii
501 2037 718 2073 Carthaginensis
733 2044 847 2064 canones
863 2035 891 2069 5,
907 2035 951 2063 16.

534 2084 573 2112 De
583 2083 708 2110 avaritia.

985 2014 1012 2024 ru

260 2145 287 2173 ες.
303 2144 430 2172 Aurelius
444 2143 590 2179 episcopus
603 2142 689 2176 dixiti:
700 2142 830 2169 Avaritia:
842 2140 901 2175 (12)
917 2140 1022 2175 cupidi-

226 2197 278 2224 tas,
293 2200 375 2228 quam
399 2199 490 2218 rerum
513 2190 637 2217 omnium
656 2189 792 2216 malarum
816 2194 930 2215 matrem
949 2195 1021 2219 esse.

1069 1671 1156 1698 μενοι.

1175 1708 1310 1736 Συνόδου
1331 1708 1509 1741 Λαοδικείας
1532 1706 1632 1734 κανὼν
1645 1707 1678 1740 δ’,
1696 1707 1744 1734 νδ’.

1103 1757 1134 1784 δ’.
1152 1757 1220 1791 Περὶ
1234 1779 1235 1783 η
1249 1755 1296 1782 τοῦ
1323 1755 1361 1791 μὴ
1385 1755 1440 1781 δεῖν
1467 1754 1623 1790 ίερατικοὺς
1646 1753 1792 1785 δανείζειν,
1818 1752 1867 1779 καὶ

1068 1803 1165 1834 τόκους
1187 1802 1296 1833 καὶτὰς
1323 1801 1476 1836 λεγομένας
1494 1799 1624 1835 ἡμιολίας
1649 1799 1811 1834 λαμϐάνειν.

1104 1848 1150 1875 νδ’.
1164 1848 1227 1874 Ὅτι
1242 1847 1273 1874 οὐ
1286 1847 1326 1873 δεῖ
1339 1846 1494 1882 ὶερατικοὺς
1510 1845 1526 1880 ἦ
1545 1844 1694 1881 κληρικούς
1705 1852 1783 1875 τινας
1796 1845 1868 1871 θεω-

1071 1895 1132 1931 ρίας
1151 1893 1266 1929 θεωρεῖν
1287 1894 1316 1919 ἐν
1335 1893 1436 1926 γάμοις
1463 1892 1479 1927 ἢ
1495 1891 1628 1923 δείπνοις,
1654 1890 1723 1918 ἀλλὰ
1742 1890 1798 1925 πρὸ
1819 1890 1869 1917 τοῦ

1071 1941 1243 1976 είσέρχεσθαι
1261 1939 1436 1974 θυμελικοὺς,
1453 1938 1611 1973 ἐγείρεσθαι
1622 1938 1721 1970 αὐτοὺς
1734 1938 1783 1965 καὶ
1804 1939 1873 1965 ἁνα-

1071 1989 1172 2024 χωρείν
1201 1986 1319 2014 ἐκεῖθεν.

1171 2042 1308 2071 Συνόδου
1330 2042 1543 2077 Καρθαγέννης
1568 2041 1670 2069 κανὼν
1682 2045 1714 2075 ε’,
1732 2041 1780 2074 ις’.

1319 2089 1391 2123 Περὶ
1411 2089 1595 2122 ἀπληστίας.

1109 2136 1140 2164 ε’.
1157 2136 1291 2172 Αὐρήλιος
1315 2136 1466 2166 ἐπίσκοπος
1479 2132 1556 2162 εἶπεν
1566 2143 1573 2151 ·
1591 2135 1647 2170 Τὴν
1660 2134 1712 2170 τῆς
1719 2134 1875 2171 ἀπληστίας

1074 2183 1234 2218 ἐπιθυμίαν,
1250 2183 1284 2217 ἣν
1294 2182 1404 2209 πάντων
1412 2181 1467 2208 τῶν
1477 2181 1570 2208 κακῶν
1580 2181 1686 2217 μητέρα
1701 2179 1771 2208 εἶναι
1785 2182 1876 2214 οὐδεὶς

223 2226 307 2266 nemo
324 2238 371 2272 qui
393 2237 450 2273 (15)
478 2236 593 2268 dubitet,
613 2235 728 2270 proinde
745 2233 892 2262 inhibenda
913 2238 965 2263 est.
989 2241 1013 2260 III

1075 2229 1254 2264 ἀμφιϐάλλει,
1278 2228 1338 2255 δέον
1350 2228 1470 2263 ἐπέχειν,
1483 2227 1527 2254 ἵνα
1545 2227 1582 2262 μή
1596 2235 1638 2258 τις
1652 2228 1708 2258 τοῖς
1720 2226 1876 2262 ἀλλοτρίοις

221 2285 286 2319 quis
313 2284 418 2311 alienos
445 2283 513 2310 iiues
527 2286 641 2316 usurpet
666 2281 735 2316 (M),
749 2285 797 2308 aut
809 2288 858 2316 per
878 2280 1012 2315 prazmiun

1076 2278 1150 2312 ὅροις
1175 2275 1392 2311 κατακέχρηται,
1412 2274 1450 2309 μὴ
1467 2273 1496 2300 δὲ
1512 2274 1556 2300 ἴνα
1573 2273 1617 2300 διὰ
1630 2273 1725 2309 κέρδος
1738 2273 1804 2305 τοὺς
1819 2274 1878 2300 τῶν

223 2330 356 2358 terminos
371 2329 484 2356 Patrum
505 2333 624 2356 statutos
637 2327 824 2359 transcendat,
840 2335 891 2354 nec
909 2327 1012 2354 omnim

1076 2311 1206 2359 Πατέρων
1227 2324 1308 2360 ὅρους
1331 2330 1374 2353 τις
1391 2321 1557 2357 ὐπερὸαίνῃ,
1576 2321 1613 2357 μὴ
1625 2321 1654 2347 δὲ
1681 2321 1725 2348 ἵνα
1739 2321 1880 2355 παντοίως

223 2376 542 2418 cuiquam~elericorum
568 2375 649 2402 liceat
676 2373 710 2401 de,
736 2373 859 2409 qualibet
887 2380 917 2400 re
940 2371 1013 2399 fenus

1077 2371 1131 2398 τινὶ
1149 2369 1275 2406 κληρικῷ
1297 2369 1356 2402 ἐξὸν
1381 2368 1423 2404 εἴη
1447 2367 1501 2394 ἀπὸ
1529 2368 1689 2403 οίουδήποτε
1711 2369 1882 2404 πράγματος

224 2424 358 2458 accipere.
383 2422 547 2457 Quanquam
582 2420 696 2448 novullae
733 2420 938 2455 suggestiones,
962 2427 1024 2454 qutc

224 2470 267 2497 vel
289 2469 414 2496 obscurae
436 2473 510 2499 sunt,
526 2467 567 2495 vel
585 2467 637 2494 sub
650 2473 749 2501 genere
761 2466 846 2493 latent
859 2465 916 2501 (i5)
931 2465 1024 2499 inspe-

226 2520 277 2543 cta
289 2523 303 2542 a
323 2515 402 2542 nobis
419 2513 535 2542 formam
555 2513 692 2548 accipiant
708 2521 715 2539 :
731 2517 860 2539 caeterum
878 2512 911 2539 de
924 2511 1025 2546 quibus

225 2561 398 2597 apertissime
409 2561 501 2588 divina
517 2559 658 2595 Scriptura
673 2560 775 2590 sanxit,
791 2567 844 2586 non
858 2563 901 2585 est
914 2557 1024 2585 ferenda

225 2608 372 2641 sententia,
394 2608 440 2635 sed
458 2607 550 2642 potius
565 2605 750 2641 exsequenda.
768 2605 976 2640 Proindelquod
994 2605 1021 2632 in

227 2653 306 2681 laicis
321 2653 542 2688 reprehenditur,
565 2652 590 2679 id
616 2652 702 2678 multo
726 2652 813 2686 magis
828 2651 907 2678 debet
923 2651 949 2678 in
963 2651 1019 2678 cle-

1073 2417 1153 2444 τόκον
1178 2416 1350 2452 λαμϐάνεινο
1379 2415 1426 2442 καὶ
1448 2415 1482 2442 τὰ
1508 2415 1558 2450 μὲν
1570 2415 1668 2442 νεωστὶ
1696 2415 1882 2450 ἀνενεχθέντα

1074 2462 1188 2497 ἀμαυρὰ
1208 2461 1274 2488 ὄντα
1294 2461 1341 2488 καὶ
1355 2460 1473 2488 καθόλου
1500 2459 1676 2493 λανθάνοντα,
1700 2460 1882 2495 σκοπούμενα

1077 2508 1143 2543 παρ’
1157 2508 1237 2542 ήμῶν
1251 2507 1472 2543 τυπωθήσονται·
1487 2507 1551 2542 περὶ
1563 2507 1591 2534 δὲ
1606 2503 1644 2534 ὧν
1664 2505 1848 2543 φανερώτατα
1862 2508 1882 2542 ἡ

1076 2555 1138 2582 θεία
1147 2555 1242 2590 Γραιρὴ
1255 2554 1412 2585 ἐθέσπισεν,
1422 2554 1453 2581 οὐ
1463 2553 1689 2589 δεϊψηφίζεσθαι·
1699 2552 1767 2580 ἀλλὰ
1776 2553 1883 2588 μᾶλλον

1074 2602 1208 2629 ἕπεσθαι·
1234 2601 1389 2632 ἀκολούθως
1404 2601 1459 2636 γὰρ
1475 2600 1506 2627 τὸ
1527 2601 1557 2626 ὲν
1571 2600 1676 2631 λαῖκοῖς
1700 2599 1882 2635 ἐπιλήψιμον,

1075 2649 1166 2685 πολλῷ
1181 2650 1282 2685 μᾶλλον
1301 2650 1330 2675 ὲν
1349 2648 1492 2683 κληρικοῖς
1511 2648 1615 2682 ὀφείλει
1632 2646 1882 2678 καταδικάζεσθαι.

227 2701 293 2728 ricis
326 2699 522 2735 praedamnari.
551 2698 715 2726 Universum
748 2698 896 2725 concilium
947 2697 1038 2724 dixit:
1057 2696 1143 2725 Nemo
1180 2702 1277 2725 contra
1303 2696 1464 2731 prophetas,
1492 2703 1573 2722 nemo
1602 2698 1700 2722 contra
1728 2693 1882 2730 Evangelia

229 2745 294 2774 facit
310 2747 369 2774 sine
382 2746 505 2781 periculo
518 2745 586 2781 (16).

226 2845 230 2865 ;.
263 2833 319 2868 (ιί)
339 2833 389 2861 Ms.
405 2833 529 2862 Avaritia
545 2837 571 2859 ct
585 2833 730 2868 cupiditas.

264 2871 320 2904 (i3)
337 2869 387 2897 Ms.
409 2878 489 2896 neluo
506 2869 579 2903 quis.

263 2902 320 2939 (14)
350 2905 459 2932 (Ζιιιιιηι-
487 2902 521 2931 ἰιί
541 2904 643 2932 concil.
673 2903 840 2939 Aquisgraru.
868 2902 933 2930 anni
959 2902 1023 2930 789.

230 2946 292 2974 cap.
307 2939 353 2966 55.
366 2939 412 2967 Est
428 2948 461 2969 ex
473 2940 576 2968 concil.
596 2938 724 2974 Carthag.
738 2940 789 2967 sub
802 2938 886 2967 Grato
900 2947 946 2967 ait.
959 2939 1025 2967 518.

1084 2839 1146 2859 can.
1162 2831 1195 2858 10
1211 2836 1237 2858 et
1254 2831 1296 2858 15.

1133 2868 1173 2901 15)
1195 2867 1244 2894 Ms.
1261 2867 1285 2893 al
1301 2867 1342 2894 vel
1359 2866 1410 2895 sub
1425 2866 1535 2894 diverso
1547 2874 1658 2901 genere.

1098 2901 1181 2966 191βῦ
1190 2903 1227 2930 αί.
1241 2901 1292 2931 Ms.
1302 2904 1361 2931 sine
1372 2910 1422 2930 suo
1432 2901 1563 2938 periculo,
1577 2907 1606 2930 ut
1620 2903 1649 2931 in
1663 2901 1762 2930 concil.
1774 2902 1885 2933 Illiber.

1147 2948 1153 2966 ι
1176 2948 1194 2966 ι.

1081 2947 1107 2967 ει
1119 2947 1194 2966 211111.
