1959 3060
101 211 151 243 7'73

475 209 678 240 SYNTAGMA
697 208 895 240 CANONUM.
912 221 946 226 —
960 208 1034 238 TlT.
1058 208 1110 245 IX,
1132 208 1212 239 CAP.
1233 207 1354 239 XXVII.

1698 209 1751 240 774

137 268 229 295 Ὥστε
257 266 375 302 μηδένα
400 265 581 298 ἐπίσκοπον,
603 265 622 300 ἣ
644 264 891 300 πρεσὸύτερον,ἦ

988 262 1023 290 Ut
1046 263 1137 290 nullus
1154 265 1302 298 episcopus,
1322 265 1457 299 presbyter
1487 270 1510 291 et
1535 265 1664 294 diaconus
1689 276 1752 294 con-

102 314 253 346 διάκονον,
269 312 404 347 Eximi-Ir
416 321 485 339 τινα
495 313 670 347 λαμϐάνειν,
694 320 721 339 κ.
738 321 763 339 τ.
781 311 807 338 λ.

135 364 183 393 ις’.
209 360 326 395 Ὁμοίως
342 360 441 395 ἤρεσεν
452 379 459 390 ,
475 359 520 385 ἵνα
548 358 693 386 ἐπίσκοποι
709 358 756 384 καὶ
777 356 897 392 πρεσϐύ-

102 414 175 442 τεροι
213 406 261 432 καὶ
297 405 438 439 διάκονοι,
475 404 644 441 ἐκλήπτορες
673 404 711 439 μὴ
752 403 894 437 γίνωνται.

101 461 127 479 κ.
142 460 167 479 τ.
187 451 213 480 λ.

100 498 234 526 Συνὸδου
249 497 460 533 οίκουμενικῆς
473 497 563 531 ἕκτης
579 496 680 523 κανὼν
689 494 716 527 ι’,
732 499 784 529 κγ’,
799 495 848 527 κδ’,
863 494 894 522 ν’.

131 545 157 572 ι’.
180 545 353 576 Ἐπίσκοπος,
365 543 382 579 ἢ
395 543 591 579 πρεσϐύτερος,
606 543 623 579 ἢ
639 542 772 574 διάκονος,
787 542 894 575 τόκους,

99 599 126 620 κ.
140 598 166 618 τ.
178 590 204 617 λ.

138 636 193 671 κγ’.
211 637 278 672 Περὶ
291 636 338 663 τοῦ
351 636 453 673 μηδένα
469 636 526 663 τῶν
543 635 598 662 εἴτε
619 633 775 661 ὲπισκόπων
794 633 810 669 ἢ
827 641 895 669 πρε-

101 683 250 719 σϐυτέρων,
265 692 293 710 κ.
309 692 335 711 τ.
347 683 374 712 λ.

138 729 188 758 κδ’.
201 730 247 765 Μὴ
273 729 374 762 ἐξέστω
390 730 444 758 τινὶ
464 730 519 757 τῶν
543 730 572 756 ὲν
588 727 721 764 ίερατικῷ
747 727 895 762 καταλεγο-

101 776 188 811 μένων
205 777 337 812 τὰγματι,
362 777 379 813 ἢ
396 777 532 812 μοναχῶν,
559 778 586 802 ἑν
609 775 800 811 ίπποδρομίαις
819 776 894 801 ἀνιέ-

100 831 153 855 ναι,
169 821 355 858 ἢθυμελικῶν
381 824 516 858 παιγνίων
544 822 689 858 ἀνέχεσθαι
703 830 710 837 ·
728 821 786 848 ἀλλ’
807 822 831 847 εί
848 821 894 847 καί

99 877 139 900 τις
155 868 286 904 κληρικδς
296 869 410 905 κληθείη
430 871 459 896 ὲν
475 870 568 905 γάμῳ,
580 869 663 904 ἡνίκα
679 868 700 895 δ’
715 869 748 895 ἂν
768 867 802 894 τὰ
826 868 894 902 πρὸς

99 914 208 950 ἀπάτην
229 914 378 941 είσέλθοιεν
390 915 514 949 παίγνια,
537 915 712 949 ὲξαναστὴτω
727 913 776 940 καὶ
792 922 895 948 παραυ-

98 960 160 986 τίκα
172 960 359 996 ἀναχωρείτω,
373 961 445 987 οὕτω
456 961 505 996 τῆς
520 960 652 995 Πατὲρων
665 960 744 995 ἡμῶν
759 968 897 994 προστατ-
911 954 935 984 Β

98 1006 198 1041 τούσης
227 1006 423 1038 διδασκαλίας·
441 1008 466 1033 εἰ
492 1007 521 1034 δέ
537 1015 579 1038 τις
589 1007 636 1033 ἐπὶ
663 1006 754 1040 τοῦτῳ
785 1004 853 1040 ἁλῷ⁷
879 1005 895 1040 ἦ

99 1052 251 1080 παυσάσθω
263 1052 280 1088 ἢ
297 1052 495 1088 καθαιρείσθω.

134 1098 165 1126 ν’.
178 1099 291 1134 Μηδένα
301 1098 357 1125 τῶν
369 1099 497 1126 ἁπάντων
512 1098 567 1126 εἴτε
577 1099 681 1125 λαῖκῶν
693 1098 748 1125 εἴτε
757 1097 897 1134 κληρικῶν

99 1144 228 1170 κυὸεύειν
249 1143 303 1171 ἀπὸ
320 1143 367 1170 τοῦ
386 1144 434 1171 νῦν
448 1152 454 1158 ·
478 1145 502 1171 εί
527 1145 556 1171 δέ
574 1153 616 1176 τις
632 1144 737 1171 τοιοῦτο
755 1143 896 1180 φωραθείη

99 1191 239 1225 πράττων,
256 1191 280 1217 εί
299 1190 349 1226 μὲν
370 1190 502 1227 κληρικὸς
519 1191 574 1227 εἴη,
590 1190 791 1227 καθαιρείσθω·
818 1191 844 1218 εί
868 1191 897 1218 δὲ

98 1236 203 1270 λαῖκὺς,
222 1236 409 1272 ἁφοριζέσθω.

229 1332 367 1360 Συνόδου
379 1333 506 1366 Νικαίας
521 1332 555 1359 τὸ
569 1331 599 1365 β’
611 1333 713 1359 κανὼν
727 1333 757 1360 δ’.

135 1378 206 1414 Περὶ
233 1379 287 1406 τοῦ
304 1379 472 1414 ἀπέχεσθαι
492 1379 563 1413 τοὺς
588 1379 778 1412 ἐπισκόπους
795 1379 897 1413 πάσης

96 1426 300 1460 δοσοληψιίας.

133 1469 164 1498 δ’.
190 1471 218 1497 '0
234 1469 322 1506 κῆρυξ
337 1472 386 1506 τῆς
401 1471 532 1507 ἀληθείας
545 1471 661 1505 Παῦλος,
678 1481 706 1500 κ.
722 1482 746 1500 τ.
763 1473 787 1500 λ.

273 1518 439 1545 Βασιλείου
454 1518 555 1545 κανὼν
570 1522 597 1550 ι’,
619 1519 660 1551 ιδ’,
678 1518 722 1551 ιζ.

135 1566 161 1590 ι’.
179 1563 212 1590 Οἱ
235 1563 385 1599 ὀμνύοντες
400 1565 450 1601 ῖμὴ
474 1565 672 1600 καταδέχεσθαι
695 1566 746 1602 τὴν
774 1575 896 1603 χειροτο-

96 1609 168 1643 νίαν,
184 1619 212 1638 κ.
226 1619 252 1638 τ.
268 1611 294 1638 λ.

133 1655 175 1683 ιδ’.
198 1655 228 1682 '0
244 1656 342 1688 τόκους
355 1656 514 1692 λαμϐάνων,
533 1658 582 1684 ἐὰν
594 1658 778 1693 καταδέξηται
791 1659 821 1685 τὸ
838 1659 895 1686 ἄδι-

96 1710 145 1728 κον
167 1701 264 1736 κέρδος
287 1703 328 1733 εἰς
352 1703 478 1738 πτωχοὺς
502 1703 653 1736 ἀναλῶσαι,
670 1704 782 1731 καὶτοῦ
799 1704 894 1731 λοιποῦ

93 1747 142 1774 τοῦ
155 1747 309 1784 νοσήματος
323 1748 372 1783 τῆς
388 1749 607 1784 φιλοχρηματίας
627 1750 819 1787 ἀπαλλαγῆναι
832 1772 840 1784 ,
854 1751 896 1778 δε·
919 1762 924 1765 ·

93 1794 159 1826 κτός
172 1795 247 1822 ἐστιν
263 1796 303 1827 είς
320 1795 482 1831 ἱερωσύνην.

132 1840 177 1874 ιζ’.
201 1841 362 1877 Ἠρώτησας
380 1843 454 1878 ἡμᾶς
480 1842 545 1878 περὶ
560 1843 691 1879 Βιάνορος
706 1845 753 1871 τοῦ
773 1844 895 1880 πρεσίίυ-

92 1887 187 1923 τέρου,
204 1889 229 1914 εί
245 1887 340 1920 δεκτός
356 1889 431 1915 ἐστιν
446 1889 487 1920 είς
502 1889 548 1915 τὸν
563 1889 665 1925 κλῆρον
681 1889 725 1917 διὰ
741 1892 784 1917 τὸν
800 1892 892 1926 ὅρκον·

91 1934 150 1968 ἐγὼ
167 1934 196 1961 δὲ
212 1934 264 1970 ἤδη
287 1935 348 1961 τινὰ
373 1936 420 1962 καὶ
436 1936 526 1962 κοινὸν
542 1936 605 1972 ὅρον
623 1937 689 1972 περὶ
701 1937 811 1964 πάντων
824 1938 893 1973 ὁμοῦ

91 1981 149 2008 τῶν
173 1982 234 2016 μετ’
247 1981 331 2008 αὑτοῦ
347 1981 535 2017 ὀμωμοκότων
554 1984 612 2015 τοῖς
635 1983 707 2010 κατὰ
726 1984 894 2020 Ἀντιόχειαν

91 2028 238 2064 κληρικοίς
258 2027 317 2056 οἶδα
330 2029 496 2061 ὲκτεθεικώς
506 2039 512 2045 ·
529 2029 600 2056 ὥστε
615 2029 671 2056 τῶν
687 2030 737 2065 μὲν
752 2030 893 2066 δημοσίων

89 2075 196 2107 αὐτοὺς
212 2075 366 2111 ἀπέχεσθαι
385 2076 536 2111 συλλόγων,
549 2077 604 2112 ἰδίᾳ
617 2077 644 2103 δὲ
657 2077 781 2113 ἐνεργεῖν
791 2076 825 2104 τὰ.
838 2077 893 2104 τῶν

89 2122 292 2158 πρεσϐυτέρων
304 2131 310 2137 ·
329 2123 360 2150 τὸ
374 2123 402 2150 δὲ
418 2123 486 2150 αὐτὸ
506 2124 586 2151 τοῦτο
613 2124 662 2151 καὶ
680 2124 749 2161 πρὸς
767 2124 816 2159 τὴν
831 2125 893 2151 ἑαυ-

87 2167 139 2195 τοῦ
153 2168 320 2203 ὑπηρεσίαν,
336 2168 432 2197 ἄδειαν
453 2169 529 2206 αὐτῷ
563 2171 694 2206 παρέχει·
712 2170 780 2198 διότι
799 2171 849 2197 οὐκ
862 2171 891 2197 ὲν

95 2214 255 2251 Ἀντιοχείᾳ
268 2216 344 2242 ἐστὶν
359 2217 375 2251 ἡ
391 2216 537 2252 ίερωσύνη,
552 2216 610 2244 ἀλλ’
627 2218 656 2243 ἐν
677 2217 791 2252 Ἰκονίῳ,
806 2217 839 2252 ἢν
854 2216 892 2249 ὡς

90 2260 175 2291 αὐτὸς
191 2261 353 2294 ἐπέστειλας
376 2262 443 2298 ἡμῖν
457 2263 508 2298 τῆς
525 2263 692 2298 Ἀντιοχείας
716 2265 756 2295 είς
781 2264 891 2298 οίκηοιν

953 310 1047 336 ductor
1062 310 1187 342 exsistat,
1206 315 1271 343 ete.,
1291 315 1318 337 ut
1334 319 1395 346 pag.
1417 311 1482 338 550.

989 355 1032 383 16.
1050 356 1116 383 Item
1134 357 1237 391 placuit
1267 361 1296 384 ut
1323 358 1456 392 episcopi,
1474 358 1624 394 presbyteri
1641 363 1669 386 et
1692 359 1752 386 dia-

952 403 1015 431 coni
1030 412 1084 432 non
1097 405 1153 431 sint
1169 404 1366 438 conductores,
1381 410 1445 438 ctc.,
1462 410 1490 432 ut
1507 414 1570 441 pug.
1585 405 1648 434 550.

1005 495 1118 523 Concilii
1131 496 1282 523 (eetuncnici
1295 505 1320 524 \‘l
1336 505 1448 524 canones
1468 498 1508 531 10,
1525 499 1572 530 ‘25,
1591 498 1637 531 24,
1652 498 1696 526 50.

988 543 1031 569 l0.
1056 541 1218 578 Episcopus,
1239 543 1393 580 presbyter,
1414 545 1454 572 vel
1467 545 1602 573 diaconus
1622 546 1669 581 qui
1683 553 1751 573 usu-

950 597 1006 620 ras,
1022 593 1085 621 (ιῑο.⁷
1101 593 1129 615 ιιι
1145 597 1206 624 pag.
1222 589 1284 617 750.

985 635 1031 663 25.
1049 635 1081 662 llt
1093 637 1185 663 nullus
1200 637 1258 664 sive
1268 637 1428 672 episcopus,
1445 637 1503 665 sive
1519 638 1672 674 presbyter,
1683 643 1749 671 elc.,

950 688 978 710 ut
995 691 1056 718 pag.
1069 683 1131 711 515.

985 729 1030 756 24.
1043 729 1081 757 Ne
1096 730 1139 757 cui
1155 729 1237 757 liceat
1250 737 1357 762 eorum,
1370 730 1416 765 qui
1433 730 1459 757 in
1475 730 1637 758 sacerdotali
1652 730 1749 758 ordine

949 780 1156 808 enumerantur,
1174 775 1216 802 vel
1235 776 1446 809 monachorum,
1464 776 1490 802 in
1509 784 1642 810 equorum
1661 776 1751 803 curri-

949 821 1018 848 culis
1032 821 1114 856 297
1127 821 1289 853 subsistere,
1306 822 1346 849 vel
1365 823 1491 849 scenicos
1507 823 1584 849 ludos
1601 823 1749 850 sustinere.

950 868 1002 896 Sed
1024 873 1050 895 et
1067 869 1089 896 si
1107 870 1167 904 quis
1189 869 1307 897 clericus
1324 869 1356 896 ad
1376 870 1485 904 nuptias
1502 875 1624 902 vocetur,
1641 870 1752 905 quando

948 914 983 942 ad
996 915 1184 950 deceptionem
1199 919 1358 950 comparata
1377 916 1481 944 ludicra
1499 917 1622 952 ingressa
1636 916 1750 948 fuerint,

949 967 1044 996 surgat
1067 966 1094 989 et
1113 962 1247 994 discedat,
1267 961 1379 990 Patrum
1401 968 1558 991 nostrorum
1577 963 1618 990 sic
1638 962 1751 997 iubente

948 1007 1083 1036 doctrina.
1110 1007 1140 1035 Si
1155 1008 1218 1044 quis
1242 1013 1334 1036 autem
1359 1009 1420 1044 ejus
1442 1010 1481 1037 rei
1496 1009 1638 1037 convictus
1656 1009 1750 1043 fuerit,

948 1054 990 1082 vel
1005 1058 1106 1086 cesset,
1120 1055 1163 1082 vel
1180 1055 1346 1090 deponatur.

985 1099 1029 1127 50.
1051 1099 1159 1128 Nullum
1173 1101 1298 1128 ornuium
1316 1102 1362 1135 '9‘,
1383 1103 1442 1130 sive
1455 1103 1598 1136 clericum,
1619 1104 1680 1132 sive
1695 1104 1748 1132 lai-

949 1155 1023 1180 cum,
1040 1147 1075 1174 ab
1092 1148 1144 1174 hoc
1157 1147 1288 1184 deinceps
1304 1153 1427 1184 tempore
1441 1149 1501 1177 alea
1519 1150 1622 1178 ludere.
1638 1151 1666 1179 Si
1685 1152 1749 1185 quis

948 1199 1040 1220 autent
1057 1193 1110 1222 hoc
1132 1194 1263 1231 deinceps
1286 1195 1378 1223 facere
1399 1196 1592 1231 deprehensus
1611 1196 1707 1229 fuerit,
1725 1197 1750 1225 si

948 1243 985 1269 sit
1003 1242 1113 1277 quidem
1135 1242 1264 1277 clericus,
1290 1244 1463 1279 deponatur;
1491 1244 1515 1272 si
1539 1244 1640 1276 laicus.
1654 1251 1749 1280 segre-

948 1292 1037 1324 getur.

1145 1335 1260 1363 Concilii
1277 1336 1384 1364 Nicazni
1397 1345 1415 1364 ll
1429 1345 1516 1364 canon
1527 1338 1554 1364 4.

986 1382 1064 1415 Quod
1076 1381 1192 1417 episcopi
1209 1382 1242 1409 ab
1254 1383 1325 1410 omni
1343 1383 1459 1410 avaritia
1473 1392 1530 1410 sese
1555 1382 1690 1410 abstinere
1702 1383 1748 1410 de-

948 1429 1036 1455 beant.

983 1475 1009 1502 4.
1032 1474 1159 1503 Veritatis
1171 1482 1261 1510 praeco
1278 1474 1390 1507 Paulus,
1409 1480 1476 1509 etc.,
1490 1480 1518 1502 ut
1533 1484 1595 1511 pag.
1609 1475 1676 1503 515.

1148 1521 1248 1549 Basilii
1258 1529 1370 1549 canones
1384 1522 1428 1555 10,
1445 1522 1489 1554 14,
1509 1522 1550 1550 t7.

984 1568 1028 1596 10.
1051 1567 1102 1601 Qui
1126 1568 1224 1602 jurant
1241 1575 1271 1596 se
1282 1568 1487 1600 ordinationem
1508 1577 1563 1597 non
1585 1574 1750 1604 accepturos

947 1618 1013 1647 ctc.,
1029 1620 1056 1642 ut
1072 1622 1133 1650 pag.
1147 1614 1209 1642 505.

985 1662 1027 1690 Η,
1048 1661 1101 1695 Qui
1119 1670 1218 1690 usuras
1232 1662 1342 1697 accipit,
1361 1662 1385 1689 si
1406 1662 1526 1689 voluerit
1543 1662 1678 1698 injustum
1699 1664 1743 1691 lu-

947 1715 1024 1735 crum
1041 1707 1069 1734 in
1093 1715 1229 1743 pauperes
1252 1708 1403 1740 insumere,
1425 1712 1452 1735 et
1472 1708 1602 1743 deinceps
1617 1709 1653 1736 ab
1680 1717 1747 1737 ava-

946 1753 1016 1781 ritia:
1037 1753 1135 1781 morbo
1156 1753 1280 1788 liberari,
1304 1754 1338 1781 ad
1357 1754 1541 1782 sacerdotium
1566 1754 1674 1782 admitti
1699 1762 1750 1790 po-

947 1804 1010 1828 test.
1452 1793 1455 1796 ’

983 1846 1028 1874 Π.
1048 1846 1226 1882 lnterrogasti
1252 1854 1302 1874 nos
1315 1846 1349 1875 de
1367 1846 1484 1875 Bianore
1505 1848 1680 1884 presbytero,
1710 1857 1746 1877 an

946 1893 973 1920 in
1002 1893 1108 1920 clerum
1133 1893 1241 1920 admitti
1271 1894 1369 1929 possit,
1396 1901 1510 1930 propter
1535 1895 1745 1930 jusjurandum.

945 1939 1002 1975 Ego
1017 1945 1109 1967 autem
1137 1948 1182 1967 me
1195 1940 1253 1974 jam
1277 1948 1452 1969 communem
1481 1941 1600 1976 aliquam
1622 1943 1745 1976 regulam

945 1987 979 2014 de
994 1987 1124 2014 omnibus
1139 1987 1185 2022 qui
1211 1995 1266 2014 una
1283 1995 1345 2015 cum
1360 1995 1393 2015 eo
1406 1988 1577 2022 juraverant,
1593 1989 1746 2017 Antioche-

945 2032 990 2060 nis
1014 2032 1123 2060 clericis
1149 2032 1269 2060 edidiss‘e
1297 2033 1429 2061 memini:
1448 2038 1479 2061 ut
1508 2034 1560 2068 ipsi
1580 2042 1596 2061 a
1625 2034 1745 2069 publicis

944 2078 1054 2113 quidem
1069 2079 1254 2107 conventibus
1270 2079 1439 2112 abstineant,
1456 2080 1584 2114 privatim
1601 2087 1666 2107 vero
1684 2087 1745 2106 mu-

943 2123 990 2150 nia
1004 2123 1105 2150 obeant
1127 2124 1362 2159 presbyterorum.
1386 2122 1415 2150 ld
1444 2124 1534 2159 ipsum
1553 2129 1645 2151 autem
1658 2123 1742 2151 etiam

943 2169 967 2197 ei
982 2170 1104 2197 muneris
1118 2171 1161 2197 sui
1186 2170 1332 2206 peragendi
1354 2170 1458 2205 praebet
1484 2171 1653 2203 libertatem,
1670 2170 1745 2205 quod

944 2224 997 2243 non
1015 2216 1052 2244 sit
1072 2216 1225 2243 Antiochiae
1239 2216 1436 2248 sacerdotium.
1454 2216 1500 2244 sed
1528 2215 1612 2242 lconii
1634 2224 1641 2243 :
1658 2223 1742 2250 quam

944 2260 1052 2293 urbem,
1072 2260 1172 2295 utipse
1189 2260 1223 2287 ad
1240 2268 1292 2287 nos
1314 2259 1463 2295 scripsisti,
1479 2260 1623 2286 Antiochia
1641 2260 1673 2287 ad
1693 2259 1742 2286 ha-

87 2307 297 2343 ἀντηλλάξατον
320 2309 395 2336 ἐστιν
416 2307 464 2337 οὖν
484 2310 578 2342 δεκτὸς
594 2311 608 2337 ὁ
623 2311 693 2346 ἀνὴρ
708 2311 824 2343 ἐκεῖνος,
840 2311 890 2337 ἀπ-

954 2305 1087 2333 titandum
1105 2305 1283 2340 permutavit.
1302 2304 1374 2341 Ergo
1389 2305 1431 2332 vir
1447 2305 1494 2332 ille
1511 2305 1614 2339 suscipi
1628 2309 1736 2340 potest;

87 2354 255 2390 αιτούμενος
271 2355 348 2390 παρὰ
363 2356 412 2390 τῆς
427 2356 573 2388 εὐλαϐείας
597 2366 655 2389 σου,
685 2357 889 2392 μεταμέλεσθαι

86 2400 138 2426 ἐπὶ
152 2401 187 2435 τῇ
204 2400 317 2436 εὐκολίᾳ
333 2400 381 2427 τοῦ
404 2402 500 2436 ὅρκου,
514 2402 543 2428 ὃν
563 2403 611 2428 ἐπὶ
635 2402 682 2429 τοῦ
708 2403 825 2430 ἀπίστου
840 2404 888 2429 dw-

85 2444 153 2479 δρὸς
166 2443 338 2480 ἐξωμόσατο,
356 2445 489 2480 βαστάξαι
501 2447 550 2482 τὴν
566 2447 708 2483 ἐνόχλησιν
723 2448 769 2474 τοῦ
787 2447 887 2484 μικροῦ

84 2490 198 2518 ἐκείνου
211 2491 336 2518 κινδύνου
353 2492 393 2527 μὴ
408 2492 547 2528 δυνηθείς.

129 2537 164 2564 Ἦ
188 2537 224 2564 λδ¹
240 2538 362 2572 διάταξις
378 2540 424 2566 τοῦ
440 2541 461 2566 δ’
476 2539 530 2567 τίτ.
547 2540 594 2567 τοῦ
614 2540 636 2567 α’
654 2541 724 2576 βιϐλ.
748 2541 795 2568 τοῦ
819 2541 884 2569 κὼδ.

84 2584 184 2619 φησίν·
208 2585 373 2617 Ἐπίσκοπος
388 2586 404 2621 ἢ
419 2586 560 2622 κληρικὺς,
574 2586 697 2613 κυϐεύων
749 2588 886 2615 κοινωνῶν

81 2633 142 2663 τοῖς
158 2630 323 2658 κυϐεύουσιν
338 2633 354 2667 ἢ
371 2633 615 2668 παρακαθήμενος,
627 2633 643 2668 ἢ
657 2633 770 2669 θέατρον
785 2635 801 2670 ἢ
820 2643 886 2660 κυν-

81 2677 166 2712 ήγιον
179 2678 302 2713 Θεωρῶν,
316 2679 479 2715 ἀφορίζεται
504 2680 594 2715 πάσης
610 2681 751 2716 ἱερατικῆς
764 2680 886 2717 λειτουρ-

81 2724 162 2758 γίας,
171 2726 220 2752 καὶ
231 2725 286 2752 τῶν
301 2728 439 2761 σιτήσεων
450 2727 533 2754 αὑτοῦ
549 2729 696 2763 στερεῖται,
707 2728 754 2755 κα¹ι
765 2729 886 2764 ὁρίζεται

82 2771 166 2806 αὐτῷ
180 2772 277 2807 χρόνος
295 2773 336 2804 είς
354 2773 499 2808 μετάνοιαν
512 2782 518 2789 ·
537 2775 583 2801 καὶ
598 2775 646 2801 ἐὰν
661 2775 745 2808 ἀξίως
760 2775 825 2802 εἵσω
838 2775 884 2802 τοῦ

82 2817 188 2854 χρόνου
211 2820 283 2855 φανῇ
308 2822 498 2856 μετανοήσας,
525 2821 665 2857 ἱερατικῆς
683 2820 807 2854 ἀξιοῦται
823 2822 886 2856 φιλο

81 2863 251 2900 ανθρωπίας
262 2874 268 2881 ·
285 2867 310 2893 εἰ
325 2866 354 2893 δὲ
366 2867 436 2902 μετᾶ
448 2867 494 2894 τὸν
506 2867 603 2903 χρόνον
615 2867 762 2903 ἐπιμείνοι,
773 2868 885 2900 τελείως

80 2974 88 2979 ο
117 2945 151 2960 "’
171 2944 240 2972 Can.
255 2950 343 2980 apost.
355 2947 400 2980 4‘2,
416 2947 460 2975 45.

943 2353 1102 2388 postulante
1119 2352 1154 2379 ab
1171 2360 1203 2380 eo
1217 2352 1320 2387 pietate
1340 2357 1398 2383 tua.
1412 2356 1442 2379 ut
1458 2351 1648 2386 paenitentiam
1665 2356 1741 2386 agat,

943 2400 980 2427 ob
997 2399 1105 2427 facilem
1127 2404 1153 2427 et
1165 2404 1323 2435 promptum
1337 2399 1371 2427 ad
1387 2398 1583 2434 jusjurandum
1602 2398 1740 2433 animum,

942 2447 1015 2483 quod
1028 2455 1121 2474 coram
1143 2447 1245 2474 inlideli
1270 2447 1328 2474 viro
1352 2446 1468 2480 juravit,
1486 2446 1643 2473 molestiam
1664 2445 1739 2473 ferre

942 2494 1032 2529 exigui
1050 2494 1123 2521 illius
1136 2493 1248 2529 periculi
1264 2501 1318 2520 non
1335 2493 1441 2521 valens.

979 2541 1086 2569 Textus.
1102 2541 1186 2576 298
1200 2541 1295 2568 Const.
1305 2541 1351 2573 54,
1363 2541 1407 2568 tit.
1420 2541 1448 2572 4,
1461 2540 1509 2567 lib.
1522 2548 1529 2567 ι
1555 2539 1616 2568 cod.
1629 2538 1742 2574 Episco-

940 2596 992 2624 pus
1008 2594 1054 2615 aut
1067 2589 1193 2620 clericus,
1212 2587 1310 2622 inquit,
1324 2588 1369 2622 qui
1386 2592 1434 2615 aut
1446 2587 1504 2614 alca
1520 2587 1601 2620 ludit,
1617 2590 1664 2613 aut
1676 2594 1739 2613 cum

941 2635 1107 2662 alcatoribus
1119 2635 1317 2662 commercium
1333 2634 1427 2667 habet,
1439 2634 1481 2662 vel
1495 2633 1551 2669 [iis]
1568 2633 1681 2664 assidet,
1693 2637 1741 2659 aut

942 2684 1097 2720 spectacula
1112 2684 1290 2711 arcnariasve
1301 2683 1462 2711 venationes
1475 2685 1580 2717 spectat
1594 2689 1600 2707 :
1616 2681 1650 2707 ab
1663 2679 1740 2706 omni

942 2738 1021 2758 sacro
1038 2735 1199 2765 segregatur
1213 2730 1381 2761 ministerio,
1396 2728 1556 2756 annonariis
1573 2727 1631 2754 stris
1648 2725 1740 2760 priva-

941 2782 986 2804 tur
1010 2778 1190 2812 pensionibus
1219 2785 1226 2804 :
1251 2782 1279 2805 et
1304 2776 1484 2804 constituitur
1505 2774 1544 2800 illi
1571 2771 1739 2808 pauitantia:

940 2828 1065 2858 tempus,
1089 2824 1161 2850 intra
1186 2823 1260 2858 quod
1285 2823 1309 2850 si
1334 2823 1415 2857 digne
1438 2821 1574 2856 patuitere
1596 2818 1738 2850 videatur,

939 2868 1103 2897 sacerdotali
1124 2868 1295 2904 benignitate
1315 2868 1414 2903 dignus
1434 2866 1552 2894 habetur
1575 2873 1581 2892 :
1605 2869 1633 2892 at
1653 2863 1686 2900 si»
1699 2863 1738 2900 [in
