1959 3060
204 180 258 212 ’775

778 179 910 210 ΡΙΙΟΤΙΙ
924 180 1177 210 ΡΑΤΙὶΙΑΙῖΟΗῈ
1198 180 1252 210 Cl‘.

1803 180 1854 214 776

206 237 279 265 vitiis
300 237 372 274 istis]
391 237 558 272 perstiterit,
578 238 691 265 ontnino
712 245 727 265 e
749 237 823 265 clero
844 238 964 273 ejicitur,
981 243 1006 265 et

1076 238 1221 265 κϐάλλεται
1239 239 1285 266 τοῦ
1299 238 1413 274 κλήρου,
1431 238 1479 266 καὶ
1494 239 1597 273 γίνεται
1624 239 1773 275 βουλευτὴς
1786 242 1854 275 μετὰ

205 284 286 319 cujus
306 284 426 311 civitatis
448 284 566 312 clericus
588 289 662 318 erat,
680 285 740 319 ejus
764 293 827 312 cttm
851 285 1006 312 substantia

207 336 257 355 sua
281 329 364 356 curiae
388 329 563 364 mancipatttr
586 338 593 356 :
617 335 663 357 aut
685 330 707 357 si
730 337 760 356 ea
783 330 881 357 civitas
899 331 1005 358 curiam

209 382 263 401 non
280 374 371 407 habet,
384 375 511 402 concedit
527 376 553 402 in
568 375 725 403 destitutam
742 375 876 412 [aliquam
889 375 1006 412 curiam]

211 421 366 448 vicinarum
397 421 575 457 [civitatum].
599 421 677 454 Quod
703 423 726 449 si
751 423 839 450 nullas
863 423 1008 450 facultates

211 467 321 500 haheat,
335 467 363 494 fit
374 468 524 502 apparitor.
536 468 702 496 Custodiunt
713 473 804 496 autem
821 469 878 496 lizec
894 471 1009 503 patriar-

208 514 279 546 chze,
296 514 429 549 episcopi,
445 515 569 542 ecclesia:
583 515 755 548 defensores,
770 515 907 550 cujusque
921 516 1009 550 juris-

210 560 342 600 dictionis
355 560 475 595 praefecti
488 566 515 588 et
528 561 669 595 prmsidcs.
682 562 770 596 Atque
780 562 938 590 defensores
953 562 1010 589 haec

211 607 402 634 sacerdotibus
415 607 590 635 annuntiant.
605 607 718 642 Oportet
733 608 814 634 etiam
830 608 888 635 lucc
903 615 1010 635 summa

210 661 273 680 cum
291 653 433 688 diligentia
452 661 545 680 coram
565 653 720 689 Evangeliis
737 653 853 689 inquiri,
869 659 896 681 et
917 654 943 681 itt
966 662 1010 681 ca-

210 700 391 728 lumniatores
414 701 627 736 indignationem
643 701 751 736 concipi
765 711 770 728 :
786 709 818 729 ac
830 701 856 728 in
869 701 1011 736 prtesides,

212 748 356 779 cohortes,
373 752 455 783 atque
472 748 647 780 defensores,
662 747 685 775 si
705 748 750 776 tibi
769 747 828 776 haec
847 749 1011 782 didicerint,

213 794 435 829 competentibus
455 794 648 822 sacerdotibus
669 802 723 822 non
745 795 956 827 annuntiarint‘,
972 795 1014 822 di-

215 848 309 868 versas
325 848 421 875 pmnas
439 841 536 868 statui.
550 840 651 867 Verum
669 845 759 868 const.
773 839 806 872 2,
823 841 864 868 tit.
883 841 893 867 l
914 841 1014 868 Novel-

215 886 304 913 lzirum
322 886 398 919 dicit,
415 891 445 914 ut
460 887 579 914 triennio
594 887 631 914 illi
647 895 662 914 a
678 887 832 915 ministerio
849 888 1014 923 prohibean-

215 938 270 964 tur.
289 941 321 960 ac
341 933 367 959 in
392 934 590 960 monasterium
615 933 801 969 conjiciantur
824 943 831 961 :
858 934 1013 962 facultatem

216 979 404 1007 sacerdotibus
420 979 555 1014 prazbens,
572 981 644 1012 ut.si
663 980 822 1016 pteniteutia
841 985 1010 1016 compareat,

216 1029 326 1060 tempus
341 1025 518 1052 imminuant.

254 1070 364 1097 Teztus.
383 1070 441 1098 Non
463 1071 546 1098 modo
566 1071 699 1106 pejerare.
716 1079 811 1100 verum
827 1072 908 1099 etiam
923 1072 1016 1108 jurare

195 1124 199 1128 ·
217 1115 245 1142 in
269 1115 427 1142 universum
440 1115 548 1143 clericis
560 1116 734 1151 prohibetur.
748 1117 852 1144 Dicitur
862 1118 933 1145 enim
949 1119 994 1145 lib.
1008 1126 1017 1146 ι

217 1161 278 1188 cod.
296 1162 339 1188 tit.
353 1161 384 1192 5.
399 1165 490 1188 const.
504 1162 556 1194 ‘25,
571 1162 644 1196 qttod
662 1162 755 1190 clerici
775 1163 930 1199 litigantes,
948 1163 1016 1192 fide-

215 1206 357 1241 jussioncs
373 1205 437 1232 deut
455 1213 541 1240 usque
561 1206 593 1233 ad
612 1206 813 1241 quinquaginta
833 1207 916 1234 libras
933 1206 1018 1243 [altri]

218 1256 245 1278 et
260 1252 282 1278 si
300 1259 344 1278 res
359 1251 442 1287 [hanc
459 1250 608 1286 summam]
624 1251 754 1283 excedat,
773 1259 823 1286 pro
840 1253 1018 1286 exsuperanti

221 1298 378 1325 cautionem
404 1297 516 1331 injurati
541 1297 642 1324 faciant
666 1307 672 1325 :
697 1305 730 1324 co
753 1299 826 1333 quod
849 1303 876 1326 et
896 1300 970 1334 leges
993 1304 1021 1326 et

219 1351 340 1372 canones
354 1343 483 1370 clericum
494 1344 590 1378 jurare
607 1344 779 1378 prohibeant,
787 1353 944 1379 quanquam
954 1346 1018 1382 [vel]
1030 1337 1037 1341 ’

220 1389 340 1416 maxime
361 1389 468 1415 dicatur
487 1389 583 1416 eodem
606 1389 653 1416 lib.
671 1389 712 1416 lit.
732 1389 779 1422 1‘2,
797 1396 886 1417 const.
900 1391 931 1423 5,
946 1392 1019 1425 quod

220 1439 346 1470 oporteat
370 1442 417 1462 eos
437 1434 485 1469 qui
509 1433 553 1470 [ad
574 1435 718 1471 ecclesias]
743 1436 920 1472 confugiunt,
939 1437 1021 1472 299

221 1481 394 1512 admonitos,
410 1485 437 1507 et
460 1481 494 1507 de
515 1481 666 1508 securitate
686 1482 868 1516 jurejurando
891 1489 1019 1518 accepto,

222 1527 359 1561 deponere
380 1534 441 1562 qua:
462 1526 500 1562 [in
523 1526 594 1562 illas]
617 1527 760 1554 intulerint
781 1536 858 1556 arma
882 1538 887 1555 :
910 1534 935 1556 et
957 1538 1022 1556 cou-

222 1573 282 1601 stit.
297 1573 330 1606 6,
346 1573 468 1608 cjusdent
488 1581 526 1600 xu
546 1573 592 1600 lib.
605 1574 700 1602 dirat:
718 1575 797 1608 Quod
813 1576 834 1602 si
851 1576 972 1610 suspicio
987 1577 1021 1602 sit

223 1619 257 1646 de
269 1615 386 1651 clerico,
402 1624 531 1653 tanquam
554 1626 597 1646 res
620 1618 753 1655 [aliquas]
773 1621 890 1656 confuge
907 1622 1020 1654 Itailt'ill,

221 1663 302 1699 jussu
317 1664 438 1699 episcopi
454 1665 496 1692 sui
509 1664 593 1699 juret.
611 1665 647 1691 De
665 1666 849 1700 prohibitione
863 1672 953 1693 autem
965 1688 971 1697 .
990 1675 1023 1694 ne

223 1711 315 1738 clerici
340 1719 440 1738 usuras
460 1711 596 1745 accipiant
617 1711 734 1746 ubique,
752 1711 823 1747 [ubi]
845 1713 878 1740 de
900 1713 1023 1747 pwuuim

223 1757 335 1786 creditae
358 1757 416 1784 sive
436 1757 506 1791 pacti
529 1757 723 1794 [actionibus].
738 1754 888 1793 qttiiieiiattt
914 1761 945 1787 iis
965 1768 1024 1792 quae

225 1812 259 1832 ex
274 1803 406 1830 dilatione
422 1804 561 1830 actionum
581 1804 658 1831 home
677 1805 738 1832 fidei
760 1806 843 1832 tacite
865 1812 1024 1841 ςοιιιιιι-ιιιιιι

227 1848 355 1886 [agtur]
372 1849 438 1876 mihi
451 1856 513 1876 esse
526 1849 629 1876 dictum
644 1851 761 1877 videtur.

266 1894 376 1921 Tezlus.
391 1894 474 1928 Atqui
494 1899 582 1921 const.
595 1895 622 1926 5,
643 1895 683 1922 tit.
697 1895 714 1922 ει
734 1895 908 1924 Novellarunt
929 1898 954 1924 iu
977 1898 1027 1932 piis

229 1939 326 1974 legatis
354 1945 466 1974 propter
494 1939 655 1968 dilationem
685 1949 787 1969 usuras
813 1947 895 1977 atque
921 1942 1027 1970 fructus

228 1986 300 2021 exigi
316 1986 392 2014 dicit.

266 2032 385 2059 Proinde
405 2032 439 2059 de
459 2031 541 2060 furtis
561 2032 725 2060 clericorunt
749 2033 891 2069 speciatim
915 2034 956 2061 lex
974 2042 1029 2062 tton

230 2079 352 2106 disserit.
369 2078 541 2106 Generaliter
557 2085 647 2107 autem
666 2080 699 2107 de
716 2080 798 2108 furtis
817 2085 916 2108 tractat
935 2083 977 2108 tit.
995 2081 1029 2114 2,

231 2125 278 2152 lib.
291 2133 316 2152 vt
341 2124 403 2151 cod.
416 2129 442 2152 et
455 2125 496 2151 tit.
509 2124 536 2157 5,
550 2125 596 2152 lib.
611 2133 693 2158 xuii,
706 2127 760 2161 dig.
775 2126 923 2154 Furtorum
941 2133 1030 2154 autent

231 2173 294 2199 dum
306 2176 370 2198 sunt
383 2173 500 2206 species.
510 2180 625 2206 quarunt
639 2174 724 2200 altera
739 2174 913 2201 tttanifestunt
929 2174 1030 2201 furtum

232 2218 334 2245 dicitur
349 2226 356 2244 :
369 2218 453 2244 altera
471 2226 521 2245 nec
539 2218 726 2247 manifestum.
742 2218 903 2247 Manifestus
920 2220 1030 2253 fin-.est,

1037 1600 1057 1628 (Ξ

1032 921 1052 949 Β

1058 283 1109 318 τῆς
1122 283 1205 310 αὐτοῦ
1221 284 1380 319 περιουσίας
1393 285 1444 320 τῆς
1460 285 1566 317 πόλεως
1580 283 1613 321 ἦς
1625 283 1661 321 ἦν
1679 286 1822 323 κληρικὺς,
1836 287 1852 324 ἢ

1057 330 1107 364 τῆς
1123 330 1228 362 πόλεως
1241 331 1349 365 ἐκείνης
1364 331 1414 358 οὐκ
1430 331 1546 366 ἐχούσης
1560 331 1763 368 βουλευτήριον,
1781 334 1854 367 γίνε-

1057 385 1102 403 ται
1126 378 1165 409 εἰς
1176 377 1227 412 τὴν
1240 377 1394 413 χρῄζουσαν
1410 378 1443 405 ἐκ
1471 379 1525 404 τῶν
1541 379 1770 414 πλησιαζουσῶν·
1786 380 1810 406 ei
1827 380 1855 407 δὲ

1060 422 1098 458 μὴ
1112 422 1169 457 ἔχει
1183 422 1599 460 ὲξουσίαν,γίνεταιταξεώτης·
1614 424 1855 460 παραφυλάττουσι

1058 468 1087 494 δὲ
1104 468 1191 495 ταῦτα
1203 469 1227 495 οἱ
1244 469 1415 505 πατριάρχαι
1427 470 1476 496 καὶ
1490 471 1514 496 οἱ
1533 470 1680 496 ἐπίσκοποι
1693 471 1742 497 καὶ
1765 471 1790 497 οἱ
1811 471 1855 497 ὲκ-

1060 515 1257 550 κληπιέκδικοι,
1285 516 1332 543 καὶ
1355 516 1380 542 oi.
1398 516 1517 552 ἑκάστης
1542 516 1702 552 διοικήσεως
1725 516 1853 552 ὕπαρχοι,

1061 561 1109 587 καὶ
1129 561 1153 588 οἱ
1177 561 1309 597 ἄρχοντες
1324 563 1372 589 καὶ
1389 562 1413 589 οἱ
1437 562 1541 589 ἔκδικοι
1563 562 1651 590 ταῦτα
1673 563 1730 594 τοῖς
1753 563 1855 598 ἱερεῦσι

1062 607 1298 642 προσαγγέλλουσι
1309 616 1316 623 ·
1332 608 1372 635 δεῖ
1389 607 1418 634 δὲ
1430 607 1542 634 τοιαῦτα
1560 607 1630 642 μετὰ
1645 607 1856 644 ἀκριϐείας,ὲπὶ

1062 653 1117 679 τῶν
1139 653 1316 688 Εὑαγγελίων
1340 653 1504 689 ζητεῖσθαι,
1532 654 1586 680 καὶ.
1600 654 1664 685 τοὺς
1687 654 1857 689 συκοφάντας

1063 699 1297 736 ἀγανακτεῖσθαι·
1327 699 1422 731 ποινὰς
1453 699 1482 726 δὲ
1507 699 1654 734 διαφόρους
1678 699 1764 736 ὁρίζει
1789 700 1857 726 κατὰ

1064 734 1270 780 τῶν’ἁρχὸντων
1293 745 1341 772 καὶ
1364 746 1419 773 τῶν
1435 745 1539 778 τάξεων
1555 746 1604 773 καὶ
1625 746 1680 772 τῶν
1693 747 1818 778 ἑκδίκων,
1835 747 1859 772 εἰ

1065 791 1152 820 ταῦτα
1167 792 1298 827 μαθόντες
1317 793 1354 829 μὴ
1371 794 1593 828 προσαγγεξλωσι
1618 795 1675 826 τοῖς
1692 794 1860 830 προσφόροις

1067 838 1201 874 ἱερεῦσιν
1218 839 1235 875 ή
1253 839 1344 875 μέντοι
1360 841 1381 875 β’
1396 840 1466 867 διάτ.
1485 840 1533 866 τοῦ
1548 840 1572 866 α’
1587 839 1641 867 τίτ,
1664 840 1718 866 τῶν
1733 839 1859 876 Νεαρῶν,

1068 886 1113 911 ἐπὶ
1127 884 1250 921 τριετίαν
1275 883 1353 912 εἶπεν
1369 887 1470 918 αὖτοὺς
1495 887 1545 921 τῆς
1561 886 1733 922 λειτουργίας
1756 886 1860 913 κωλύε-

1067 931 1140 963 σθαι,
1158 932 1206 959 καὶ
1228 932 1403 968 μοναστηρὶῳ
1433 932 1632 968 ὲμϐάλλεσθαι”
1653 933 1746 959 ἄδειαν
1770 942 1862 968 παρα-

1067 977 1171 1013 σχοῦσα
1201 979 1258 1010 τοῖς
1292 978 1395 1014 ἱερεῦσι
1431 979 1577 1014 μετανοίας
1617 978 1862 1015 ὲπιδεικνυμένης¹,

1067 1024 1197 1052 ἐλαττοῦν
1210 1025 1255 1051 τὸν
1271 1025 1377 1060 χρόνον.

1104 1072 1141 1097 Οὐ
1174 1070 1254 1106 μόνον
1283 1071 1424 1106 ἐπιορκεῖν
1452 1071 1587 1098 κωλύεται
1615 1070 1744 1107 κληρικὸς
1761 1091 1768 1104 ,
1797 1071 1865 1098 ἀλλὰ

1068 1116 1183 1143 καθόλου
1208 1116 1341 1151 ὀμνύναι·
1367 1117 1476 1152 εἴρηται
1499 1118 1553 1153 γὰρ
1579 1117 1625 1144 τοῦ
1647 1117 1713 1145 κώδ.
1740 1118 1811 1153 βιὸλ.
1829 1117 1863 1150 α’.

1068 1163 1122 1189 τίτ.
1138 1166 1173 1197 γ’,
1192 1163 1264 1191 διάτ.
1280 1166 1331 1193 κε’.
1349 1164 1391 1189 ὅτι
1405 1165 1429 1190 οἱ
1453 1164 1579 1199 κληρικοὶ
1591 1164 1764 1199 δικαζόμενοι
1778 1164 1866 1191 διδόα-

1071 1217 1114 1236 σιν
1132 1209 1234 1243 ἐγγύας
1254 1209 1335 1245 μέχρι
1347 1212 1369 1236 ν’
1385 1209 1501 1245 λιτρῶν·
1519 1211 1543 1236 el
1558 1210 1586 1237 δὲ
1602 1210 1632 1236 τὺ
1647 1211 1763 1246 πρᾶγμα
1779 1211 1866 1245 ὑπερ-

1070 1253 1169 1287 ϐαίνει,
1199 1253 1424 1289 ὁμολογίαν¹ὲπὶ
1449 1254 1488 1290 τῷ
1518 1254 1710 1289 ὺπερῧαίνοντι
1741 1255 1866 1281 ποιοῦσιν

1071 1299 1231 1335 ἀνώμοτον·
1250 1300 1318 1326 διότι
1337 1301 1384 1327 καὶ
1403 1302 1428 1327 οἱ
1445 1302 1522 1336 νόμοι
1547 1303 1594 1328 καὶ
1617 1302 1642 1328 οἱ
1661 1302 1785 1334 κανόνες,
1812 1311 1867 1328 κω-

1071 1346 1165 1373 λύουσι
1180 1346 1312 1381 κληρικὺν
1326 1346 1440 1382 ὀμνύειν
1451 1355 1458 1362 '
1477 1348 1501 1374 εἰ
1515 1348 1562 1374 καὶ
1577 1347 1611 1374 τὰ
1627 1347 1745 1382 μάλιστα
1759 1348 1868 1383 εἴρηται

1073 1392 1144 1427 βιὸλ.
1165 1392 1204 1427 τῷ
1219 1391 1304 1423 αὐτῷ,
1322 1393 1374 1420 τίτ.
1395 1393 1438 1427 ιβ’,
1454 1393 1526 1420 διάτ.
1542 1397 1576 1428 γ’,
1595 1394 1637 1420 ὅτι
1650 1394 1690 1420 δεῖ
1707 1395 1770 1426 τοὺς
1783 1403 1870 1430 προτ-

1077 1437 1240 1472 φεύγοντας,
1257 1437 1498 1472 προτρεπομένους
1515 1438 1561 1463 καὶ
1579 1438 1659 1471 ὅρκον
1672 1438 1719 1463 ἐπὶ
1732 1439 1765 1472 τῇ
1781 1439 1871 1472 ἀσφα-

1072 1484 1132 1519 λείᾳ
1160 1483 1369 1517 λαμϐάνοντας,
1394 1475 1574 1510 ἀποτίθεσθαι
1597 1483 1670 1519 ἂττερ
1693 1484 1870 1518 ἐπιφέρονται

1073 1532 1160 1558 ὅπλα⁸
1173 1531 1249 1567 καὶὴ
1268 1531 1294 1564 ς’
1309 1531 1380 1558 διάτ.
1397 1531 1444 1558 τοῦ
1463 1531 1545 1558 αὑτοῦ
1567 1531 1639 1566 βιΰλ.
1657 1532 1751 1567 φησιν,
1768 1532 1809 1558 ὅτι
1824 1532 1872 1558 ἐὰν

1075 1578 1149 1605 ἔστιν
1165 1578 1279 1604 ὑπόνοια
1297 1578 1360 1613 περὶ
1383 1578 1516 1613 κληρικοῦ
1532 1578 1570 1610 ὡς
1595 1579 1702 1613 ἔχοντος
1719 1578 1872 1613 πράγματα

1071 1619 1122 1650 ’τοῦ
1139 1624 1371 1660 προσφεύγοντος,
1387 1625 1512 1651 κελεύσει
1524 1624 1571 1651 τοῦ
1589 1625 1740 1651 ὲπισκόπου
1755 1624 1852 1659 ὀμνύει
1866 1632 1871 1638 '

1075 1672 1092 1707 ἡ
1114 1671 1142 1698 δὲ
1164 1670 1283 1703 κώλυσις
1305 1671 1353 1698 τοῦ
1368 1671 1519 1706 λαμϐάνειν
1544 1671 1675 1707 κληρικον
1688 1672 1796 1702 τόκους,
1811 1673 1874 1706 ἐμοὶ

1077 1717 1202 1752 φαίνεται
1228 1716 1367 1751 πανταχοῦ
1394 1718 1459 1752 περὶ
1481 1717 1536 1744 τῶν
1566 1717 1620 1744 ἀπὸ
1652 1717 1760 1743 δανείου
1787 1717 1874 1752 ἤγουν

1077 1761 1225 1798 συμφώνου
1253 1762 1390 1796 λελέχθαι,
1416 1763 1446 1788 οῦ
1481 1762 1534 1797 μὴν
1563 1762 1699 1797 περὶτῶν
1725 1762 1874 1796 σιωπηρῶς

1077 1810 1253 1845 ἁρμοζόντων
1269 1808 1299 1841 ἑξ
1316 1809 1491 1844 ὑπερθέσεως
1503 1810 1550 1836 ἐπὶ
1565 1809 1620 1835 τῶν
1643 1809 1708 1843 βόνα
1726 1808 1785 1843 φὶὃε
1801 1809 1877 1842 ἀγω-

1077 1857 1143 1890 γῶν.

1121 1901 1228 1936 Ἀμέλει
1244 1902 1291 1928 καὶ
1309 1902 1324 1936 ὴ
1353 1904 1377 1935 γ’
1392 1901 1462 1927 aut:
1479 1900 1525 1927 τοῦ
1556 1900 1578 1936 β’
1593 1901 1645 1928 τίτ.
1668 1901 1722 1928 τῶν
1746 1900 1877 1936 Νεαρῶν,

1080 1949 1126 1975 ἐπὶ
1141 1949 1266 1984 ληγάτων
1281 1949 1402 1976 εὐσεϐῶν
1417 1949 1447 1981 ἐξ
1461 1949 1636 1986 ὑπερθέσεως
1659 1947 1736 1976 εἶπεν
1750 1951 1879 1976 ἀπαιτεῖ-

1081 1995 1144 2022 σθαι
1159 1996 1206 2022 καὶ
1220 1995 1317 2027 τόκους
1333 1996 1380 2022 καὶ
1395 1996 1530 2032 καρπούς.

1093 2034 1095 2037 Ι
1117 2043 1185 2077 Περὶ
1199 2042 1227 2068 δὲ
1241 2042 1345 2077 κλοπῆς
1360 2042 1509 2076 κληρικῶν,
1528 2043 1619 2074 ἱδικῶς
1641 2043 1654 2069 ὁ
1679 2042 1760 2078 νόμος
1774 2041 1804 2068 οὐ
1820 2042 1881 2068 δια.-

1082 2088 1204 2122 λέγεται,
1227 2089 1343 2122 γενικῶς
1361 2088 1388 2114 δὲ
1403 2089 1585 2124 διαλαμϐάνει
1607 2089 1672 2124 περὶ
1697 2088 1814 2123 κλοπῆς,
1839 2087 1881 2122 οβ’

1082 2133 1134 2160 τίτ.
1152 2133 1199 2160 τοῦ
1215 2133 1259 2168 μζν
1283 2133 1354 2168 βιϐλ.
1371 2133 1426 2160 τῶν
1439 2134 1495 2168 δὶγ.
1515 2134 1568 2161 Δύο
1582 2134 1610 2161 δὲ
1623 2135 1682 2169 εἱδη
1699 2135 1749 2170 τῆς
1761 2135 1879 2169 κλοπῆς,

1082 2179 1130 2205 καὶ
1159 2179 1190 2205 τὸ
1216 2179 1265 2214 μὲν
1288 2179 1375 2214 αὐτῆς
1401 2178 1510 2214 λέγεται
1536 2180 1642 2215 φανερὰ
1669 2180 1774 2216 κλοπὴ,
1794 2180 1826 2206 τὸ
1852 2180 1883 2206 δὲ

1083 2226 1210 2260 ἀφανής·
1234 2226 1352 2262 φανερὸς
1370 2226 1490 2262 κλέπτης
1512 2227 1596 2259 ἐστὶν,
1621 2227 1635 2253 ό
1654 2227 1723 2262 μετὰ
1747 2226 1794 2253 τοῦ
1817 2228 1884 2253 ὲπι-

235 2265 282 2300 qui
302 2272 363 2291 cum
383 2264 483 2291 furtiva
503 2272 532 2292 re
550 2272 564 2291 a
583 2265 769 2300 qualicunque
791 2273 923 2300 persona,
940 2267 1021 2301 prius-

1085 2271 1251 2306 κλοπιμαίου
1281 2272 1445 2308 πράγματος
1476 2273 1506 2305 ἐξ
1534 2273 1693 2308 οἱουδὴποτε
1731 2273 1885 2308 προσώπω

235 2317 318 2344 quant
334 2316 393 2336 eam
411 2309 547 2344 perferat,
564 2317 620 2344 quo
637 2318 670 2337 c0
686 2311 730 2337 die
749 2310 893 2347 [perferre]
913 2311 1031 2338 destina-

237 2360 291 2388 rat,
304 2356 363 2383 sive
379 2356 405 2382 in
420 2356 481 2383 loco
495 2356 603 2390 publico
616 2357 674 2384 sive
689 2356 716 2384 in
733 2358 840 2392 privan
854 2357 1033 2392 deprehendi-

237 2408 292 2428 tur.
307 2401 361 2429 Sed
378 2402 402 2429 si
419 2403 565 2437 pertulerit
579 2411 634 2437 quo
651 2403 815 2436 destinavit,
832 2404 940 2431 tametsi
960 2409 1033 2438 pest-

238 2448 350 2476 ntodum
366 2456 428 2475 cum
445 2456 474 2476 re
489 2448 589 2476 furtiva
603 2450 824 2484 deprehendatur
840 2458 846 2477 :
863 2458 916 2477 non
934 2455 976 2477 est
992 2452 1034 2477 fur

239 2494 413 2522 manifestus.
429 2494 481 2528 Qui
497 2503 561 2523 vero
578 2496 640 2523 talis
655 2503 708 2523 non
726 2496 806 2532 [cst,]
823 2496 865 2522 fttr
882 2504 931 2523 nec
947 2499 1034 2523 niani-

239 2541 335 2568 festus.
352 2541 488 2568 Caeterum
508 2549 590 2577 poena
608 2542 676 2570 luris
696 2542 836 2570 manifesti
854 2543 978 2576 prooedit
999 2543 1033 2570 ad

239 2587 424 2623 quadruplum
444 2588 523 2623 pretii
537 2589 576 2616 rei
596 2588 711 2621 furtiva},
724 2589 862 2616 interdum
876 2590 958 2616 etiam
975 2590 1035 2625 (-jus

239 2635 313 2670 quod
340 2634 454 2662 interest
474 2643 481 2661 :
504 2642 560 2662 non
583 2635 736 2667 manifesti.
754 2636 788 2663 ad
810 2636 934 2670 duplutn.
951 2636 983 2664 Et
1002 2637 1036 2664 ab

241 2685 359 2716 utroque
369 2686 465 2707 exacta
477 2688 508 2707 ca
522 2682 700 2716 ptena,datur
709 2681 846 2717 [insuper]
857 2690 899 2710 res
911 2681 1035 2718 [furtiva]

238 2726 333 2760 ejusve
346 2726 502 2753 aestimatio.

276 2773 387 2800 Tertiis.
399 2772 452 2806 Qui
466 2780 498 2800 ex
513 2773 641 2801 inccndio
653 2778 700 2800 aut
714 2774 858 2810 naufragio
871 2774 1035 2811 [quidpiam|

241 2820 329 2854 capit,
342 2824 419 2847 extra
435 2827 493 2846 rem
507 2819 638 2855 [captam]
654 2820 725 2847 intra
742 2821 838 2848 utilem
853 2830 956 2849 annum
969 2831 1038 2857 qua-

241 2864 369 2898 druplutn
394 2865 417 2891 ei
441 2866 486 2892 cui
509 2865 617 2892 furatus
641 2871 698 2899 est,
716 2872 743 2894 et
765 2868 947 2903 quadruplum
973 2869 1039 2896 fisco

245 2910 292 2937 dat
314 2918 321 2936 :
349 2915 410 2945 post
432 2920 534 2939 annum
560 2921 624 2940 vero
647 2913 790 2948 simplum,
810 2921 839 2942 ut
860 2915 907 2943 lib.
933 2924 959 2943 γι
978 2917 1038 2944 rod.

1085 2316 1291 2352 λαμϐανόμενος
1319 2318 1383 2351 πρὶν
1406 2317 1422 2352 ἢ
1450 2317 1480 2343 τὸ
1505 2319 1622 2353 πρᾶγμα
1651 2317 1797 2350 ἐπαγάγοι,
1815 2313 1888 2344 ἔνθα

1087 2363 1221 2398 προέθετο
1233 2363 1260 2388 ἐν
1274 2363 1344 2399 αὐτῇ
1361 2365 1394 2399 τῇ
1412 2363 1515 2400 ἡμέρα,
1530 2364 1586 2391 εἴτε
1600 2365 1629 2390 ἐν
1644 2363 1768 2399 δημοσίῳ
1783 2363 1840 2390 εἴτε
1856 2365 1889 2390 ὲν

1088 2408 1215 2444 ἰδιωτικῷ
1229 2409 1304 2444 τόπῳ
1314 2417 1322 2425 ο
1342 2409 1366 2435 ει
1381 2409 1409 2436 δὲ
1422 2409 1567 2445 ἀπήγαγεν
1583 2409 1647 2436 ἔνθα
1661 2409 1792 2445 προέθετο
1805 2409 1888 2442 αὐτό,

1087 2456 1138 2483 κᾶν
1152 2456 1246 2483 λοιπὴν
1261 2455 1401 2492 συλληφθῇ
1421 2457 1479 2491 μετ’
1497 2456 1596 2489 αὑτοῦ,
1614 2457 1665 2484 οὐκ
1693 2457 1750 2483 ἐστι
1765 2456 1890 2492 φανερός

1087 2503 1209 2538 κλέπτης
1220 2511 1226 2518 ·
1243 2503 1257 2529 ὁ
1272 2503 1300 2530 δὲ
1314 2503 1352 2538 μὴ
1376 2504 1508 2536 τοιοῦτος,
1525 2503 1631 2540 ἀφανὴς
1649 2503 1770 2538 κλέπτης
1792 2503 1871 2529 ἐστίν
1882 2511 1890 2517 ·

1087 2550 1104 2584 ἡ
1120 2549 1148 2575 δὲ
1167 2549 1247 2585 ποινὴ
1260 2549 1307 2576 τοῦ
1325 2549 1375 2585 μὲν
1389 2551 1508 2585 φανεροῦ
1527 2550 1646 2577 κλέπτου
1661 2549 1778 2584 γίνεται,
1799 2550 1841 2581 εἰς
1858 2549 1892 2575 τὸ

1087 2595 1259 2631 τετραπλοῦν
1274 2595 1322 2622 τοῦ
1334 2598 1490 2632 τιμήματος
1505 2596 1552 2623 τοῦ
1571 2596 1723 2628 κλαπέντος
1735 2604 1741 2610 ’
1753 2595 1829 2622 ἔστιν
1841 2596 1891 2623 ὅτε

1088 2643 1135 2670 καὶ
1159 2643 1206 2671 τοῦ
1233 2644 1427 2679 διαφέροντος·
1443 2645 1491 2672 τοῦ
1517 2646 1546 2672 δὲ
1573 2645 1705 2680 ἀφανοῦς,
1728 2645 1769 2676 εις
1792 2645 1823 2672 τδ
1850 2645 1894 2672 δι-

1088 2690 1172 2717 πλοῦν
1183 2699 1190 2706 ·
1214 2691 1261 2718 καὶ
1277 2692 1319 2726 ἐφ’
1335 2692 1478 2727 ἑκατέρου,
1494 2692 1594 2726 ἔξωθεν
1608 2692 1658 2728 τῆς
1675 2691 1806 2728 τοιαύτης
1818 2692 1895 2719 δεδο-

1088 2745 1134 2763 ται
1159 2738 1190 2764 τὸ
1215 2738 1333 2774 πρᾶγμα
1357 2739 1373 2774 ἢ
1398 2739 1415 2774 ἡ
1440 2732 1601 2775 διατίμησις
1624 2739 1718 2766 αὐτοῦ.

1132 2783 1162 2809 Ὀ
1173 2783 1200 2810 δὲ
1213 2784 1266 2810 ἀπὺ
1275 2785 1443 2820 ἐμπρησμοῦ
1454 2785 1470 2821 ἦ
1483 2786 1613 2820 ναυαγίου
1622 2785 1772 2821 λαμεάνων
1788 2785 1897 2817 ἔξωθεν

1090 2828 1137 2854 τοῦ
1149 2829 1323 2864 πράγματος,
1333 2830 1440 2857 δίδωτι-δ
1454 2831 1519 2858 εἵσω
1537 2831 1585 2866 μὲν
1593 2831 1711 2858 οὑτιλιου
1720 2830 1852 2857 statue-:06
1863 2830 1899 2857 τδ

1091 2874 1260 2909 τετραπλοῦν
1271 2876 1308 2910 τῷ
1320 2876 1460 2908 κλαπέντι,
1469 2877 1514 2903 καὶ
1522 2876 1560 2912 τῷ
1571 2876 1661 2912 φισκῳ
1668 2876 1699 2903 τδ
1707 2875 1897 2911 τετραπλοῦν·

1094 2921 1163 2956 μετὰ
1179 2921 1207 2948 δὲ
1222 2921 1267 2948 τὸν
1293 2923 1427 2957 ἐνιαυτὸν,
1453 2923 1483 2949 τὸ
1504 2923 1618 2956 ἁπλοῦν,
1634 2923 1672 2954 ὡς
1697 2922 1768 2958 βιόλ.
1791 2925 1819 2954 ς’
1845 2922 1900 2949 τοῦ
