1959 3060
107 234 155 264 ΠἹ

470 233 669 263 SYNTAGM-A
688 232 880 276 CANQNUM.
897 244 930 249 -
944 233 1017 262 ΤΙΤ.
1036 232 1077 262 IX
1088 256 1095 269 ,
1114 233 1192 262 CAP.
1207 233 1344 263 XXVIII-

1679 234 1732 266 778

108 288 169 314 κώδ.
183 287 246 319 cit,
262 286 295 322 β’,
311 287 381 314 διάτ.
396 285 440 321 ιη’,
457 288 503 313 καὶ
519 288 547 313 ἐν
555 287 593 321 τῷ
608 285 630 313 0'
643 286 695 313 τιτ.
710 285 757 312 τοῦ
769 285 805 321 μζ
826 283 894 321 βιϐλ.

953 286 989 312 ιιι.
1007 286 1035 319 2,
1051 291 1139 313 const.
1155 287 1200 318 18,
1216 291 1242 313 et
1256 286 1297 324 tit.
1314 286 1341 319 9,
1358 286 1405 313 lib.
1421 292 1492 314 XLVII
1504 285 1639 323 [dicunt].
1652 287 1733 323 300

146 333 189 363 Ὠς
204 333 251 358 ἐπὶ
266 333 295 359 τὸ
311 333 377 359 πολὺ
391 333 418 359 δὲ
433 332 643 366 ἑγκληματικῶς
658 332 682 358 οἱ
698 331 813 358 κλέπται
833 340 895 357 κατ-

107 377 284 414 ηγοροῦνται,
298 378 403 412 κλοπῆς
420 378 573 413 ἡγουμένης
583 398 590 410 ,
606 377 644 407 ὡς
657 378 710 412 δίγ.
725 376 769 411 ἥγ’
782 376 830 403 τοῦ
845 377 894 403 αὺ-

106 424 154 451 τοῦ
167 425 220 451 τίτ.
246 425 293 450 καὶ
316 425 332 458 ἡ
358 424 405 450 τοῦ
433 423 527 450 διπλοῦ
544 424 560 459 ἣ
575 423 622 450 τοῦ
643 422 796 459 τετραπλοῦ
817 422 896 458 ποινὴ

106 472 202 505 ἀργεῖ·
220 472 326 506 εἴρηται
341 471 395 504 γὰρ
412 470 466 504 δίγ.
484 469 522 502 νζ¹
538 470 586 496 τοῦ
602 470 697 500 αὑτοῦ,
722 470 762 496 ὅτι
785 469 832 495 ἐάν
854 477 896 500 τις

106 517 152 543 τὸν
166 516 287 550 κλέπτην
304 515 418 551 παραδῷ
432 516 611 550 νυκτεπάρχῳ
626 515 642 550 ἢ
659 515 697 550 τῷ
710 515 832 550 ἄρχοντι,
849 515 896 540 καὶ

108 560 320 592 καταδικασθεὶς
339 560 467 596 παράσχῃ
487 560 518 586 τὸ
540 561 657 595 πρᾶγμα
673 560 688 595 ἢ
703 560 752 594 τὴν
767 559 895 593 διατίμη-

107 615 150 633 σιν
163 606 258 638 αὑτοῦ,
268 606 422 640 ἀναιρεῖται
437 607 454 640 ἡ
472 605 532 632 κατ’
548 605 629 631 αὐτοῦ
649 605 744 640 ἀγωγὴ
761 605 798 636 ὠς
814 605 896 630 αὑτοῦ

106 651 347 682 κινδυνεύσαντος·
373 652 387 677 ὁ
403 651 431 677 δὲ
452 650 663 682 καταδικασθεὶς
687 650 734 676 ἐπὶ
758 650 856 685 κλοπῇ,
878 650 894 685 ἢ

106 696 221 730 φιλικῶς
250 695 418 730 ἀπαλλαγεὶς
444 695 492 721 ἐπὶ
520 695 592 721 δόσει
616 696 774 730 χρημάτων,
800 695 897 729 ἄτιμος

107 743 220 778 γίνεται,
245 742 283 773 ὼς
307 742 379 776 βιϐλ.
402 740 437 775 γ’,
465 741 519 768 τίτ.
549 739 582 775 β’,
608 741 662 774 δίγ.
689 739 722 774 β’,
748 740 837 767 κανὼν
858 738 894 772 ς’.

148 788 214 822 Περὶ
236 786 424 821 τυμϐωρύχων
438 785 555 820 γενικῶς
569 785 748 821 διαλαμϐάνει
761 786 775 811 ὁ
794 785 825 819 ιβ’
841 786 895 812 τῐτ.

106 833 152 859 τοῦ
172 836 217 867 pur"
233 832 304 866 βιϐλ.
326 834 354 857 ὲν
367 828 388 865 ᾧ
405 840 497 866 φησιν,
513 831 566 858 ὅτι.
584 831 638 857 Καὶ
653 831 832 866 χρηματικῶς
849 830 896 856 καὶ

106 877 316 912 ἑγκληματικῶς
339 877 514 903 ὑπόκεινται·
532 878 578 902 καὶ
606 876 678 902 ἔστιν
700 877 716 910 ἠ
739 876 896 910 χρηματικὴ

107 923 198 957 ποινὴ,
211 921 276 948 ποτὲ
294 922 343 956 μὲν
356 923 396 953 εἰς
410 920 445 956 ρ’,
462 921 530 948 ποτὲ
546 922 574 948 δὲ
590 922 629 952 εις
644 924 676 954 σ’,
692 921 757 947 ποτὲ
773 921 801 948 δὲ
817 922 855 952 εις,
867 921 897 947 τὸ

107 955 236 1002 διαφέρον
251 955 301 1001 τῆς
314 955 463 1002 γενομένης
492 967 605 1002 ζημίας,
623 967 669 993 καὶ
682 967 779 1001 ἄτιμος
793 967 896 1001 γίνεται
910 955 934 984 Β

107 1013 121 1039 ὁ
133 1011 393 1046 καταδικαζόμενος.

142 1103 174 1129 οἱ
191 1102 219 1129 δὲ
237 1101 492 1137 τυμϐωρυχοῦντες,
507 1103 531 1129 εἰ
547 1103 596 1138 μὲν
612 1103 682 1138 μετὰ
694 1103 793 1134 ὅπλων,
811 1111 897 1136 κεφα-

107 1148 192 1179 λικῶς
207 1155 391 1183 τιμωρουνται
402 1155 409 1162 ·
425 1148 449 1173 εἰ
464 1147 492 1174 δὲ
509 1147 593 1182 χωρὶς
609 1148 709 1179 ὃπλων,
727 1147 808 1182 μέχρι
830 1148 892 1182 μῖετ-

106 1193 195 1221 άλλων
207 1201 215 1209 ⁸
231 1193 256 1220 οι
269 1193 296 1219 δὲ
315 1194 349 1219 τὰ
365 1192 478 1225 λείψανα
499 1193 515 1227 ἢ
538 1194 573 1219 τὰ
585 1193 651 1220 ὀστᾶ
675 1192 895 1228 μετακινοῦντες,

109 1239 228 1270 εὐτελεῖς
246 1239 295 1272 μὲν
310 1239 398 1271 ὄντες,
412 1240 506 1274 ἄκρως
519 1238 705 1273 τιμωροῦνται
715 1247 722 1254 ⁸
733 1239 757 1264 οἱ
771 1238 799 1264 δὲ
811 1238 896 1267 ἄλλως

111 1284 176 1318 περὶ
201 1284 332 1319 μνημεῖον
360 1283 596 1318 πλημμελοῦντες,
619 1282 796 1319 ὲξορίζονται,
817 1283 833 1318 ἢ
858 1284 898 1314 εἰς

110 1328 243 1364 μέταλλον
265 1329 509 1361 καταδικάζονταιι
531 1329 590 1360 πῶς
611 1328 640 1354 δὲ
656 1328 767 1354 δυνατὴν
791 1327 898 1354 ἀκινδύ-

110 1383 164 1406 νως
187 1375 233 1402 καὶ
253 1374 379 1410 ἀζημίως
404 1374 567 1410 μεταφέρειν
582 1374 708 1408 λείᾲανα,
725 1374 773 1400 καὶ
788 1374 899 1408 φιλοκα-

107 1421 164 1446 λεῖν
178 1421 319 1455 μνημεῖον,
335 1420 454 1447 διδάσκει
468 1420 483 1446 ὁ
504 1419 584 1451 αὐτὸς
601 1420 653 1447 τίτ.
668 1421 715 1446 καὶ
731 1419 745 1445 ὁ
761 1418 784 1451 ζά
799 1418 847 1445 τοῦ
862 1418 896 1444 ια’

110 1465 181 1500 βιϐλ.
201 1465 255 1491 τῶν
269 1465 324 1499 διγ.
342 1465 501 1491 ὑπόκεινται
515 1464 543 1490 δὲ
560 1466 584 1491 οἱ
600 1463 786 1499 τυμϐωρύχοι,
801 1465 848 1490 καὶ
860 1463 899 1499 τῷ

109 1512 174 1546 περὶ
192 1510 344 1545 ἱεροσυλίας
354 1510 440 1545 νόμῳ,
456 1511 494 1541 ὡς
512 1509 583 1544 βιϐλ.
599 1513 656 1545 μη’,
673 1510 727 1536 τὶτ.
742 1508 866 1543 ιγ’,διάτ.
879 1507 898 1535 ε’

107 1556 156 1583 τοῦ
181 1555 212 1582 ιϐ’
237 1556 289 1582 τίτ.
315 1555 362 1582 τοῦ
379 1555 402 1582 0’
428 1555 499 1590 βιϐλ.
518 1555 564 1582 τοῦ
580 1555 658 1588 κώδ.,
683 1556 713 1582 ἐν
733 1552 755 1589 ᾧ
780 1555 827 1582 καὶ
850 1555 899 1586 τὰς

109 1602 284 1636 χρηματικὰς
299 1601 374 1633 αὖξει
388 1601 484 1632 ποινὰς
496 1621 504 1634 ,
534 1601 600 1627 ποτὲ
625 1601 674 1636 μὲν
690 1601 817 1636 στέρησιν
834 1601 900 1635 κτή-

110 1655 196 1681 ματος
212 1646 229 1681 ἢ
245 1646 333 1682 ἀγροῦ
346 1647 362 1682 ῆ
377 1647 454 1673 οἴκου
467 1647 588 1681 ἐπάγων,
607 1646 654 1673 ἐὰν
676 1647 716 1678 εἰς
733 1647 831 1677 αὐτοὺς
847 1646 897 1682 ὖλη

107 1692 246 1727 ἀπενεχῢῇ
269 1692 324 1719 ἀπὸ
348 1692 499 1727 μνημείου·
523 1692 589 1718 ποτὲ
611 1692 638 1718 δὲ
657 1691 671 1718 ι’
687 1692 786 1727 λιτρῶν
802 1692 897 1727 ποινὴν

108 1738 232 1771 ἐπάγων,
248 1738 295 1763 καὶ
310 1740 333 1764 κ’
346 1737 385 1772 τῷ
396 1738 507 1772 ἄρχοντι
523 1738 561 1772 μὴ
572 1737 706 1769 ἐπεξιόντι
717 1744 724 1751 ·
739 1737 784 1763 καὶ
797 1738 826 1763 ὲν
838 1739 898 1768 ταῖς

108 1783 228 1817 ἡμέραις
251 1781 279 1807 δὲ
305 1781 353 1808 τοῦ
376 1781 472 1814 Πάσχα
489 1782 513 1808 ol.
536 1781 711 1817 τυμϐωρύχοι
733 1781 898 1816 ὲγκλείονται

108 1827 156 1853 καὶ
181 1826 355 1862 δεσμοῦνται,
386 1827 424 1858 ὡς
454 1826 525 1862 βιϐλ,
541 1826 565 1853 α’
592 1827 639 1854 τοῦ
669 1827 757 1861 κώδ.,
783 1828 834 1854 τίτ.
865 1828 896 1858 δ’.

106 1872 180 1898 atat.
201 1869 237 1905 γ’.

145 2010 273 2038 ΚΕΦΑΛ.
287 2010 355 2037 KII'.
373 2026 407 2031 —
424 2012 493 2044 Περὶ
514 2010 575 2038 τῶν
584 2010 832 2045 ,βδελυττομένων
845 2010 899 2037 τὸν

105 2056 205 2092 τάμον
218 2056 238 2090 ἡ
252 2056 306 2083 τὸν
320 2054 408 2083 οἶνον
424 2057 443 2091 ἢ
461 2057 497 2083 τὰ
515 2057 598 2091 κρέα.

287 2102 480 2130 Ἀποστόλων
497 2102 597 2129 κανὼν
612 2101 662 2134 vat',
676 2101 725 2136 νγ¹.

145 2151 196 2175 να’.
219 2149 252 2175 Et
265 2157 307 2180 τις
322 2148 507 2184 ἐπίσκοπος,ἣ
522 2148 717 2183 πρεσϐύτερος,
731 2148 747 2183 ἢ
764 2147 896 2180 διάκονος,

103 2195 124 2230 ἦ
154 2194 223 2226 ὅλως
245 2193 293 2221 τσῦ
310 2193 462 2228 καταλόγου
485 2194 532 2220 τοῦ
560 2195 709 2230 ἱερατικοῦ,
736 2194 826 2228 γάμου
852 2195 898 2220 καὶ

103 2239 209 2274 κρεῶν.
225 2248 252 2267 κ.
268 2247 294 2266 τ.
312 2239 338 2267 λ.

145 2283 195 2318 νγ.
209 2285 242 2311 Εἴ
255 2293 297 2316 τις
309 2285 470 2316 ἐπίσκοπος,
487 2285 504 2320 ἢ
521 2284 716 2320 πρεσϐύτερος,
733 2284 749 2320 ἢ
762 2284 894 2317 διάκονος,
912 2299 934 2326 D

101 2331 136 2356 ἐν
151 2331 212 2361 ταῖς
228 2330 345 2365 ἡμέραις
361 2330 414 2356 τῶν
430 2331 541 2365 ἑορτῶν,
558 2339 585 2357 κ.
602 2339 626 2357 τ.
642 2330 667 2357 λ.

266 2376 401 2403 Συνόδου
419 2376 562 2411 Ἀγκύρας
578 2377 678 2403 κανὼν
697 2377 735 2403 ιδ’.

147 2421 187 2448 ιδ’.
208 2421 278 2452 Τοὺς
302 2422 331 2448 ἐν
355 2422 447 2457 κλήρῳ
474 2422 676 2457 πρεσϐυτέρους
697 2422 776 2454 ὄντας
799 2423 815 2458 ἢ
838 2423 895 2449 δ.α‹

98 2468 213 2500 κὸνους,
227 2476 255 2494 κ.
271 2476 296 2495 τ.
314 2467 339 2494 λ.

162 2513 298 2539 Eva-660v
311 2513 521 2548 οὶκουμενικῆς
536 2513 625 2548 ἕκτης
640 2515 741 2541 κανὼν
752 2513 794 2548 ιγ’,
811 2514 842 2540 λ’.

143 2555 188 2589 ιγ’.
211 2557 321 2593 Ἐπειδὴ
339 2558 369 2584 ἐν
384 2560 417 2593 τῇ
437 2558 579 2593 Ῥωμαίων
601 2559 758 2594 Ἐκκλησία,
785 2568 812 2585 κ.
830 2568 854 2585 τ.
869 2559 892 2586 λ.

139 2601 174 2629 λ’.
196 2602 289 2629 Πάντα
314 2603 382 2638 πρὸς
408 2603 552 2638 οἰκοδομὴν
575 2604 621 2638 τῆς
646 2605 808 2639 Ἐκκλησίας
834 2605 895 2640 βου-

94 2648 215 2682 λόμενοι
239 2647 463 2682 διαπράττεσθαι,
488 2649 536 2675 καὶ
559 2649 622 2681 τοὺς
644 2650 673 2676 ἐν
688 2651 746 2681 ταῖς
764 2650 894 2687 βαρϐαρι-

94 2694 172 2724 καῖς
196 2693 373 2729 Ἐκκλησιαις
396 2694 486 2729 ἱερέας
514 2695 667 2730 οἰκονομεῖν
689 2696 893 2731 διεγνώκαμεν·

92 2740 178 2766 ὥστε
191 2739 215 2765 εἰ
229 2739 275 2765 τὸν
290 2740 469 2767 ἂποστολικὸν
485 2741 584 2767 κανόνα
594 2762 601 2773 ,
617 2741 662 2768 τὸν
690 2742 753 2777 περὶ
769 2743 816 2769 τοῦ
829 2751 895 2778 προ-

92 2786 190 2820 φάσει
202 2785 346 2818 εὐλαϐείας
363 2787 412 2821 τὴν
428 2787 532 2813 οἰκείαν
546 2788 670 2822 γαμετὴν
688 2788 725 2823 μὴ
742 2789 892 2822 ἐκϐάλλειν,

96 2834 339 2873 ὑπεραναϐαίνειν
353 2834 454 2861 οἴονται
470 2835 536 2867 δεῖν,
556 2836 602 2861 καὶ
617 2835 688 2871 πέρα
703 2836 758 2863 τῶν
771 2837 894 2872 ὁρισθέν-

92 2887 163 2906 των
182 2881 276 2912 ποιεῖν,
297 2881 329 2906 ὲκ
340 2880 434 2907 τούτου
452 2889 482 2907 τε
501 2881 570 2916 μετὰ
587 2881 641 2907 τῶν
657 2882 764 2909 οῐκείων
778 2891 892 2918 συμφωα

94 2923 216 2954 νοῦντες
237 2924 367 2958 συμϐίων,
390 2925 439 2959 τῆς
465 2926 534 2959 πρὸς
558 2925 688 2961 ἀλλήλους
710 2927 816 2960 ὁμιλίας
841 2930 892 2955 απ-

272 2969 405 3001 Ριιτιὶοι.
430 2971 475 3001 Gn
511 2971 589 3003 ων.

947 331 1110 366 Plerumque
1127 332 1306 359 criminaliter
1323 333 1456 367 scriptura
1474 334 1641 368 praecedente
1657 333 1732 360 fures

947 382 1126 410 accusantur,
1161 378 1388 412 quemadmodum
1416 379 1513 412 digest.
1536 379 1588 411 95,
1612 378 1733 412 ejusdem

946 422 987 449 tit.
1002 421 1045 457 [de
1058 422 1137 449 furtis
1151 422 1291 458 traditur,]
1306 427 1334 449 et
1344 427 1433 449 cessat
1444 423 1517 458 dupli
1531 428 1577 450 aut
1589 423 1732 458 quadrupli

946 475 1038 502 pmna.
1056 467 1158 494 Dicitur
1173 468 1246 495 enim
1263 468 1360 502 digest.
1375 467 1407 496 57
1417 489 1423 500 ,
1438 468 1558 503 ejusdem
1578 468 1645 504 [tit.]
1660 468 1733 503 quod

947 513 970 540 si
987 514 1049 548 quis
1066 513 1153 540 furem
1172 514 1260 541 tradat
1276 513 1403 549 praefecto
1421 514 1530 548 vigilum
1548 520 1595 541 aut
1609 514 1732 549 praesidi.

946 562 973 584 et
987 557 1058 593 [ille]
1074 559 1272 586 condemnatus
1291 566 1347 585 rem
1364 559 1456 593 ejusve
1474 559 1590 593 pretium
1606 559 1709 586 dederit
1725 569 1731 585 :

947 601 1059 628 tollatur
1072 602 1204 629 adversus
1220 603 1308 637 ipsum
1324 603 1395 630 actio
1407 623 1414 635 ,
1428 602 1513 638 [ideo]
1527 603 1598 638 quod
1612 603 1656 638 [de
1672 610 1732 630 ma-

945 647 1003 680 jore
1019 647 1111 683 paena]
1129 648 1305 681 periclitetur.
1321 648 1371 681 Qtti
1394 654 1484 675 autent
1505 649 1568 675 furti
1589 650 1734 676 damnatus

947 698 1002 723 est,
1017 697 1064 719 aut
1079 693 1166 720 atuice
1179 693 1250 720 datis
1265 694 1387 728 pecuniis
1403 693 1447 729 [de
1462 694 1506 729 eo]
1523 695 1654 729 transegit
1668 703 1674 720 :
1692 694 1734 720 ln-

947 737 1027 764 famis
1040 738 1171 771 redditur,
1183 743 1213 765 ut
1225 738 1272 765 lib.
1283 746 1324 771 ιιι,
1335 739 1376 766 tit.
1389 738 1416 770 2,
1426 739 1697 773 digest.2,lcanou'6.

984 782 1091 811 Texlus.
1110 783 1147 811 De
1167 784 1352 818 sepulcrorum
1373 784 1552 812 violatoribus
1573 785 1734 819 generaliter

947 833 1046 856 tractat
1060 829 1100 855 tit.
1117 829 1164 862 12,
1179 829 1225 856 lib.
1245 837 1339 860 xmm
1352 837 1413 856 cnm
1427 830 1493 857 dicit
1506 839 1513 856 :
1530 829 1666 865 [Sepulcri
1679 830 1735 857 vio-

948 874 994 900 lati
1011 874 1086 909 reus]
1103 878 1160 901 tum
1178 875 1336 909 pecuniarie
1352 880 1409 902 tttm
1425 875 1604 903 crintinaliter
1618 881 1733 903 tenetur.

947 921 986 947 Ac
1012 920 1169 955 pecuniaria
1199 919 1346 956 [quidem]
1374 928 1453 954 ptena
1479 921 1547 947 alias
1575 921 1602 947 in
1626 925 1734 948 centum

947 974 1058 998 aureos,
1074 966 1142 993 alias
1160 966 1186 992 in
1200 966 1347 996 ducentos.
1365 966 1433 993 alias
1447 966 1480 992 ad
1497 966 1524 992 id
1537 966 1608 1001 quod
1622 966 1736 993 interest.

946 1011 1076 1038 damnum
1092 1011 1194 1039 factum
1210 1019 1270 1039 esse
1285 1012 1416 1047 procedit.
1428 1012 1631 1039 Condemnatus
1643 1017 1733 1040 autem

947 1057 1057 1084 infantis
1074 1058 1112 1084 tit.

981 1103 1033 1137 Qui
1050 1103 1173 1138 sepulcra
1186 1103 1298 1136 violant,
1312 1103 1334 1131 si
1347 1104 1444 1131 armati
1459 1103 1498 1139 [id
1512 1103 1634 1139 faciant],
1646 1104 1735 1138 capite

946 1148 1101 1184 plectantur
1115 1157 1121 1175 :
1135 1149 1158 1177 si
1175 1149 1234 1177 sine
1247 1149 1341 1182 armis,
1354 1157 1439 1183 usque
1453 1149 1486 1176 ad
1500 1149 1602 1176 metalli
1615 1148 1733 1185 [pinnam

946 1195 1140 1232 proceditur]
1150 1195 1202 1228 Qui
1219 1203 1284 1222 vero
1306 1195 1436 1230 reliquias
1460 1199 1507 1222 aut
1527 1202 1589 1222 ossa
1609 1202 1735 1222 remove~

947 1242 1017 1275 rint,
1043 1242 1065 1270 si
1096 1243 1208 1269 Intmilis
1234 1242 1351 1269 fortuna:
1377 1242 1447 1274 sitit,
1470 1249 1578 1269 summo
1603 1242 1736 1276 supplicio

949 1287 1103 1314 alliciuntur
1122 1297 1128 1314 :
1149 1288 1170 1314 si
1193 1288 1316 1319 honesti,
1335 1288 1522 1322 deportantur.
1541 1287 1592 1320 Qui
1613 1287 1690 1314 aliter
1708 1287 1734 1313 in

948 1337 1154 1360 monumentum
1184 1332 1347 1368 [quidpiam]
1370 1333 1573 1364 commiserint,
1596 1337 1644 1359 aut
1668 1333 1736 1359 rele-

948 1383 1059 1414 gantur.
1074 1383 1122 1406 ant
1141 1379 1166 1406 in
1186 1379 1324 1406 metallum
1342 1379 1516 1405 damnantur.
1535 1378 1586 1411 Qui
1605 1379 1674 1405 idem
1693 1378 1735 1404 tit.

948 1432 980 1452 ac
994 1425 1022 1457 7,
1037 1425 1083 1452 lib.
1100 1433 1119 1451 ιι
1139 1424 1197 1457 Dig.
1214 1424 1318 1460 [etiam]
1331 1424 1419 1455 docet,
1435 1425 1572 1459 quomodo
1585 1424 1650 1451 citra
1664 1426 1736 1458 peri-

948 1470 1041 1496 culum
1055 1474 1082 1496 et
1097 1469 1227 1496 damnum
1241 1474 1410 1496 mortuorum
1427 1477 1541 1504 corpora
1557 1469 1697 1497 transferri
1710 1474 1735 1496 ct

949 1519 1127 1542 monumenta
1143 1515 1270 1542 exornari
1286 1516 1401 1550 possint.
1415 1513 1467 1548 Qui
1482 1515 1605 1550 sepulcra
1621 1515 1735 1545 violant.

949 1559 1030 1587 etiam
1047 1560 1182 1594 sacrilegii
1199 1560 1258 1595 lege
1276 1565 1411 1593 tenentur,
1425 1565 1455 1588 ut
1468 1561 1515 1588 lib.
1530 1569 1623 1594 xtvnt,
1639 1561 1680 1588 tit.
1695 1562 1736 1593 15,

949 1610 976 1632 et
997 1610 1085 1633 const.
1099 1605 1130 1637 5,
1145 1607 1188 1633 tit.
1207 1607 1256 1639 I9,
1271 1606 1317 1633 lib.
1332 1614 1375 1639 ιχ,
1393 1606 1454 1633 cod.
1471 1606 1610 1642 [traditur]
1633 1607 1659 1633 in
1683 1615 1737 1642 quo

952 1649 1115 1686 [posteriore
1129 1651 1184 1687 tit.]
1201 1659 1287 1686 poenae
1300 1652 1380 1678 etiant
1398 1657 1540 1686 augentur,
1552 1652 1620 1679 alias
1633 1661 1736 1687 posses»

949 1695 1073 1728 sionutn,
1088 1696 1161 1731 agri,
1178 1700 1226 1722 ant
1240 1696 1352 1729 domus,
1365 1696 1387 1723 si
1402 1696 1428 1722 in
1444 1704 1475 1723 ea
1491 1697 1605 1724 materia
1622 1697 1736 1733 [aliqua]

948 1740 981 1767 de
993 1747 1170 1769 monumento
1182 1741 1325 1777 [detracta]
1337 1746 1474 1776 asportata
1487 1741 1578 1775 fuerit,
1588 1735 1737 1777 privatione

949 1785 1059 1813 inducta
1080 1795 1086 1814 :
1105 1787 1173 1815 alias
1190 1787 1283 1814 decem
1304 1788 1393 1822 pondo
1410 1787 1482 1823 [auri
1501 1788 1581 1824 reis],
1598 1793 1625 1816 et
1642 1789 1737 1824 viginti

949 1832 1120 1866 magistratui
1155 1833 1239 1859 multa
1270 1833 1407 1868 irrogata.
1435 1834 1556 1869 Denique
1586 1836 1612 1862 iu
1642 1836 1738 1862 diebus

949 1877 1090 1906 Paschalis
1120 1879 1306 1913 sepulcrorum
1338 1880 1482 1908 violatores
1509 1881 1553 1916 [in
1582 1881 1737 1917 carcerem]

950 1923 1128 1951 includuntur
1143 1929 1225 1959 atque
1241 1927 1408 1959 vinciuntur,
1423 1931 1452 1954 ut
1468 1927 1516 1954 lib.
1537 1935 1558 1960 ι,
1574 1927 1635 1955 cod.
1653 1927 1692 1955 tit.
1705 1927 1736 1959 «1,

948 1975 1037 1997 const.
1050 1971 1077 2004 5,
1092 1970 1243 2007 [traditum]
1602 1983 1608 1990 -

982 2015 1061 2050 301
1095 2016 1171 2043 CAP.
1189 2015 1306 2048 XXVIII,
1326 2032 1362 2038 ——
1378 2016 1416 2044 De
1441 2017 1660 2051 vituperatoribus
1687 2026 1737 2045 ιιιι-

947 2061 1074 2095 ptiarum,
1090 2063 1143 2089 vini
1155 2067 1180 2090 et
1191 2063 1324 2092 carnium.

1123 2108 1308 2143 Apostolorum
1324 2116 1436 2136 canones
1450 2108 1494 2141 51,
1514 2108 1559 2136 55.

983 2153 1013 2180 51
1033 2153 1102 2190 [50].
1120 2153 1148 2181 Si
1164 2155 1226 2189 quis
1242 2155 1396 2190 episcopus,
1421 2155 1567 2190 presbyter.
1585 2155 1626 2181 vel
1641 2154 1738 2182 diaco-

949 2206 1011 2230 nus,
1043 2199 1086 2226 vel
1109 2199 1203 2227 omnio
1233 2207 1266 2227 ex
1290 2200 1451 2228 sacerdotali
1479 2207 1604 2233 numero,
1622 2203 1674 2227 etc.
1705 2207 1732 2227 ut

948 2253 1008 2280 pag.
1024 2245 1085 2271 751.

988 2291 1022 2318 52
1038 2291 1107 2328 [55].
1132 2292 1160 2319 Si
1180 2293 1242 2327 quis
1266 2293 1422 2328 episcopus,
1448 2293 1490 2320 vel
1516 2293 1666 2329 presbyter,
1694 2295 1736 2322 vel

948 2337 1082 2365 diaconus
1097 2337 1123 2364 in
1137 2337 1214 2365 festis
1227 2338 1332 2369 diebus.
1345 2344 1397 2366 etc.
1414 2344 1442 2365 ιιι
1453 2347 1514 2373 pag.
1531 2339 1592 2366 746.

1133 2384 1246 2412 Concilii
1262 2386 1397 2420 Ancyrani
1412 2394 1497 2412 canon
1512 2386 1555 2412 Μ.

982 2428 1025 2455 14.
1044 2427 1095 2462 Qui
1116 2429 1141 2455 in
1157 2429 1229 2456 clero
1251 2435 1325 2462 sunt,
1343 2430 1514 2465 presbyteros
1538 2431 1579 2458 vel
1595 2431 1735 2464 diaconos.

946 2476 974 2498 ut
987 2481 1048 2508 pag.
1068 2473 1129 2500 747.

1046 2519 1159 2546 Consilii
1177 2521 1328 2547 recumenici
1343 2529 1379 2553 \‘l,
1394 2529 1505 2548 canones
1520 2522 1563 2553 15,
1579 2522 1623 2550 50.

981 2561 1024 2588 15.
1038 2563 1172 2594 Quoniam
1190 2563 1320 2591 Itomanaa
1330 2565 1469 2597 Ecclesiic,
1486 2571 1539 2593 etc.
1553 2572 1581 2592 ut
1596 2575 1657 2601 pag.
1672 2567 1732 2594 759.

981 2607 1025 2634 30.
1043 2608 1082 2634 Ad
1099 2609 1225 2637 Eetlesim
1243 2610 1448 2638 aediﬁcationem
1465 2612 1555 2639 omnia
1578 2612 1666 2640 facere
1686 2620 1735 2638 vo-

945 2652 1049 2686 lentes,
1067 2654 1149 2681 ctiam
1174 2656 1348 2689 sacerdotes,
1371 2657 1417 2692 qui
1441 2662 1505 2685 sunt
1529 2658 1556 2684 itt
1582 2658 1735 2685 Barbaricis

946 2697 1093 2732 Ecclesiis,
1113 2701 1255 2735 complecti
1282 2710 1347 2729 cura
1372 2704 1573 2730 constituimus.
1599 2703 1687 2736 Quare
1711 2705 1734 2730 si

945 2745 1123 2778 apostolicum
1137 2753 1268 2773 canoueut
1284 2747 1316 2774 de
1333 2755 1416 2775 more
1431 2756 1483 2775 non
1502 2748 1631 2782 cjicienda
1648 2749 1733 2782 pieta-

945 2789 980 2816 tis
994 2797 1025 2816 ac
1039 2789 1177 2824 religionis
1193 2796 1336 2825 praetexui,
1352 2800 1381 2819 se
1400 2793 1555 2827 supergredi
1570 2793 1665 2819 debere
1677 2793 1733 2819 exi-

945 2835 1075 2868 stimant;
1099 2841 1126 2862 et
1145 2836 1214 2862 ultra
1238 2844 1268 2863 ea
1290 2845 1351 2872 qua:
1373 2842 1437 2865 sunt
1454 2839 1611 2871 constituta,
1634 2837 1734 2870 facere,

944 2886 970 2908 et
987 2881 1048 2909 idco
1062 2883 1200 2909 communi
1214 2890 1276 2910 eum
1294 2885 1351 2910 suis
1368 2885 1541 2911 consortibus
1555 2885 1736 2912 conventione

943 2931 970 2954 et
983 2934 1118 2955 consensu
1136 2927 1214 2960 inito,
1232 2935 1246 2954 a
1263 2933 1358 2955 mutua
1374 2929 1570 2957 consuetudine
1587 2929 1735 2963 abstinent,

1512 2976 1552 3008 25

1788 816 1847 847 #7
