1951 3071
218 231 270 263 πθ

783 231 914 262 PHOTII
934 231 1186 262 PATRIARCH/E
1209 232 1264 262 (ΖΡ.

1796 234 1849 266 ’180

216 287 362 316 statuimus
377 294 425 315 eos
438 294 492 315 non
505 288 621 323 amplius
636 294 698 315 eum
714 287 767 315 illis
788 287 842 314 ullo
859 287 941 314 modo
957 295 1004 314 co-

1069 296 1172 322 χονται,
1185 287 1311 322 ὁρίζομεν
1327 287 1438 319 τούτους
1455 288 1552 323 μηκέτι
1569 289 1680 321 ταύταις
1705 292 1847 317 συνοικεῖν

216 333 338 361 habitare
363 333 476 366 debere,
495 339 525 361 ut
547 341 580 361 co
599 334 676 361 nobis
702 333 851 368 perfectam
875 334 919 361 sui
945 341 1008 368 pro-

217 379 293 406 missi
310 379 570 407 demonstrationem
592 379 740 415 prtebeant.
757 379 814 407 Hoc
837 384 927 407 autem
953 380 1008 407 illis

216 432 270 452 non
289 429 401 460 propter
417 425 490 452 aliud
512 433 594 460 quam
620 430 730 460 propter
751 432 846 452 eorum
862 425 1007 460 pusillani-

215 470 348 502 mitateni,
363 475 563 506 cxtraneosque
577 477 609 498 ac
633 478 689 498 non
713 471 781 498 satis
807 471 901 498 ﬁrmos
919 478 1008 498 mores

215 517 413 544 caneessimus.

251 562 331 597 302
348 561 424 589 CAP.
444 560 540 589 XXIX.
556 576 592 581 -—
604 561 640 588 De
651 561 731 588 licitis
742 566 766 587 et
778 561 880 588 illicitis
895 562 1005 596 nuptiis.

215 608 250 635 Et
269 609 338 643 quod
360 608 469 635 lectores
481 608 539 642 jam
560 607 669 642 puberes
696 607 856 642 interrogari
886 612 1007 642 oporteat

216 659 304 680 utrum
311 655 406 681 nubere
418 654 507 681 velint.
524 653 558 681 Et
572 654 604 681 de
619 652 805 686 concubinam,
819 654 1005 688 fornicatione,

214 705 239 726 et
258 700 401 727 adulterio.

298 803 487 838 Apostolorum
505 810 617 831 canones
634 805 679 837 l7,
695 804 740 837 18,
755 804 798 838 19,
812 803 858 837 25,
876 803 921 833 26.

254 859 285 886 17
314 858 383 895 [16].
413 858 464 892 Qui
484 864 547 894 post
572 865 698 888 sanctum
714 861 878 896 baptismum
898 860 1005 888 duobus

215 904 378 940 coniugibus
390 904 473 933 fuerit
488 906 649 940 implicitus,
666 912 731 940 etc.,
749 912 776 934 ut
792 915 851 942 pag.
867 907 927 934 5H.

1058 332 1119 359 καθ’
1143 333 1297 368 οἱονδήποτε
1318 333 1430 368 τρόπον,
1455 333 1506 365 ἕως
1529 333 1562 360 ἂν
1576 334 1642 368 ἡμῖν
1665 334 1790 362 ἐντεῦθεν
1804 337 1846 362 ἑν-

1057 378 1122 413 τελῆ
1134 379 1183 413 τῆς
1200 378 1375 413 ὑποσχέσεως
1387 378 1533 413 παρέξοιεν
1545 378 1594 414 τὴν
1611 379 1747 413 ἀπόδειξιν
1758 387 1764 394 '
1778 381 1848 416 πρὸς

1057 424 1138 451 τοῦτο
1154 424 1182 450 δὲ
1197 424 1301 456 αὐτοῖς,
1323 424 1353 451 οὐ
1375 424 1410 450 δι’
1426 424 1489 451 ἄλλο
1502 433 1528 451 τι
1543 424 1560 459 ἢ
1576 424 1620 451 διὰ
1641 425 1691 460 τὴν
1707 427 1756 459 τῆς
1773 425 1844 460 γνώ-

1059 478 1112 504 μης
1131 470 1325 505 μικροψυχίαν,
1352 470 1399 497 καὶ
1416 469 1446 496 τὸ
1466 469 1520 497 τῶν
1544 470 1619 506 ὴθῶν
1640 471 1846 507 ἀπεξενωμένον

1058 515 1105 541 καὶ
1118 515 1225 549 ἀπαγὲς
1240 515 1437 550 ένδεδὼκαμεν.

1093 560 1218 588 ΚΕΦΛΛ.
1234 560 1299 588 ΚΘ’.
1311 575 1346 581 -—
1358 562 1427 596 Περὶ
1446 561 1704 597 ἑπιτετραμμένων
1722 562 1741 597 ἢ
1758 571 1848 590 nexu-

1057 605 1196 640 λυμένων
1216 606 1336 641 γάμων·
1356 608 1406 634 καὶ
1428 607 1496 641 περί
1512 608 1565 634 τοῦ
1586 607 1750 642 ἐρωτᾶσθαι
1773 608 1845 640 τοὺς

1057 651 1254 686 ἀναγνώστας
1269 651 1403 686 ἐφήϐους
1419 652 1605 691 γινομένους,
1630 654 1656 680 ει
1678 654 1846 686 βούλονται

1057 696 1179 731 γαμεῖνσ
1208 697 1257 724 και
1281 697 1348 732 περὶ
1372 699 1598 734 παλλακισμοῦ.
1620 699 1669 726 καὶ
1693 701 1844 734 πορνείας,

1057 741 1105 768 καὶ
1116 744 1261 778 μοιχείας.

1141 802 1329 829 Ἀποστόλων
1344 802 1445 831 κανὼν
1461 802 1504 836 ιζ’,
1521 803 1567 838 ιη’,
1585 804 1628 836 ιθ’,
1645 807 1693 837 κε’,
1708 804 1764 837 κς’.

1086 856 1135 889 τε.
1167 857 1197 884 '0
1223 858 1283 884 δυσὶ
1309 858 1408 894 γάμοις
1441 858 1612 894 συμπλακεὶς
1638 859 1707 894 μετὰ
1737 859 1768 886 τὸ
1797 860 1846 896 βά-

1057 911 1170 939 πτισμα,
1185 913 1213 930 κ.
1229 912 1254 931 τ.
1272 904 1297 932 λ.

248 950 281 977 18
297 949 365 986 [17].
395 949 447 983 Qui
476 950 585 978 viduam
618 953 734 986 accepit,
758 952 800 979 vel
821 952 949 986 cjeetam,
965 951 1004 979 vel

1095 948 1140 985 ιη’.
1157 949 1187 976 '0
1202 950 1290 986 χήραν
1306 949 1407 983 λαϐὼν,
1420 950 1437 986 ἢ
1455 951 1672 987 ἐκϐεϐλημένην,
1688 952 1703 987 ἢ
1722 952 1845 988 ἑταίραν,

214 996 395 1029 meretricem,
408 996 451 1024 vel
463 1004 580 1030 servam,
596 1002 660 1030 etc,
677 1003 707 1024 ut
720 1006 780 1032 pag.
799 997 861 1025 5H.

251 1042 284 1070 19
299 1042 368 1079 [18].
402 1043 453 1076 Qui
468 1044 536 1071 duas
563 1051 675 1072 sorores
704 1045 792 1077 duxit,
811 1047 851 1073 vel
865 1046 1008 1074 consobri-

216 1095 292 1120 nam,
305 1096 358 1116 non
374 1093 463 1123 potest
484 1097 545 1116 esse
557 1089 683 1117 clericus.

256 1132 377 1168 25PM].
405 1133 567 1169 Episcopus,
593 1134 635 1161 vel
658 1134 808 1169 presbyter,
822 1134 864 1162 vel
878 1134 1009 1163 diaconus

216 1179 404 1207 fornicationis
417 1180 459 1206 vel
470 1180 592 1215 perjurii,
610 1185 675 1213 etc.,
690 1185 717 1206 ut
730 1189 790 1216 pag.
806 1181 870 1209 715.

251 1224 286 1252 26
299 1224 368 1261 [25].
391 1225 430 1252 Ex
463 1225 508 1258 iis,
524 1226 570 1261 qui
587 1234 640 1253 non
660 1227 738 1253 ducta
757 1234 841 1254 uxore
857 1228 890 1254 ad
904 1227 1006 1254 clerum

216 1270 333 1304 promoti
355 1275 430 1304 sunt,
454 1270 592 1304 jubemus,
614 1272 636 1299 si
662 1272 746 1300 velint
771 1279 883 1300 uxorem
908 1273 1007 1301 ducere

160 1353 163 1358 ‘
216 1317 332 1344 lectores
348 1321 376 1344 et
387 1321 513 1345 cantores
530 1317 614 1344 soles.

403 1372 517 1400 Concilii
536 1373 670 1408 Ληουῖ(ιηί
685 1382 769 1401 conon
781 1374 823 1402 l0.

252 1430 297 1458 10.
341 1429 504 1465 Quicunque
540 1430 650 1458 diaconi
690 1431 843 1463 constituti,
883 1435 938 1460 etc.
977 1437 1007 1459 ut

217 1483 277 1510 pug.
294 1475 356 1502 767.

305 1530 419 1558 Concilii
436 1529 660 1559 Neocwsariensis
672 1540 784 1560 canones
796 1532 823 1565 1,
833 1532 859 1566 9,
875 1532 909 1560 10

252 1578 279 1604 1.
298 1577 443 1612 Presbyter
459 1577 482 1604 si
500 1585 611 1604 uxorem
628 1578 748 1610 duxerit,
764 1578 861 1606 ordine
881 1586 932 1606 suo
947 1586 1006 1606 mo-

1059 994 1075 1030 ἢ
1092 995 1212 1031 οἰκέτην,
1233 1005 1261 1023 κ.
1279 1004 1303 1023 τ.
1320 996 1344 1024 λ.

1096 1039 1140 1066 ιϐ’.
1164 1039 1193 1066 '0
1209 1040 1256 1067 δύο
1279 1040 1398 1075 ἀδελφὰς
1412 1041 1546 1076 ἀγόμενος
1561 1041 1577 1076 ἢ
1596 1041 1715 1078 ἀδελφὴν
1727 1062 1734 1075 ,
1754 1042 1784 1069 σὺ
1798 1042 1846 1069 δύ-

1058 1094 1137 1112 ναται
1152 1083 1222 1113 εἶναι
1238 1086 1378 1122 κληρικὸς.

1093 1135 1141 1159 κε’.
1163 1132 1340 1165 Ἐπίσκοπος,
1358 1133 1374 1169 ἢ
1404 1133 1599 1169 πρεσϐύτερος,
1615 1133 1631 1170 ῆ
1646 1134 1780 1168 διάκονος,
1799 1134 1847 1161 ἐπὶ

1058 1178 1171 1213 πορνείᾳ
1186 1178 1203 1213 ἢ
1221 1178 1359 1214 ὲπιορκίᾳ,
1375 1187 1401 1207 κ.
1419 1188 1444 1207 τ.
1459 1179 1484 1207 λ.

1093 1223 1149 1256 κς·’.
1164 1224 1225 1251 Τῶν
1246 1225 1286 1256 είς
1309 1225 1408 1260 κλῆρον
1431 1225 1617 1261 προελθόντων
1641 1225 1773 1262 ἀγάμων,
1798 1235 1846 1253 κε-

1057 1269 1170 1305 λεύομεν
1187 1269 1365 1306 βουλομένους
1376 1271 1668 1307 γαμεῖν,ἀναγνώστας
1681 1272 1728 1299 καὶ
1737 1271 1847 1307 ψάλτας

1059 1317 1148 1351 μόνον.

1221 1373 1355 1400 Συνόδου
1377 1373 1517 1408 Ἀγκύρας
1535 1373 1636 1401 κανὼν
1651 1377 1676 1400 ι’.

1094 1429 1120 1457 ι’.
1140 1432 1264 1458 Διάκονοι
1289 1431 1346 1458 ὅσοι
1375 1431 1550 1459 καθίστανται
1575 1432 1640 1467 παρ’
1654 1431 1738 1468 αὐτὴν
1762 1432 1847 1460 κατά-

1057 1483 1162 1508 στασιν,
1181 1484 1208 1503 κ.
1223 1484 1248 1503 τ,
1266 1475 1291 1502 λ.

1121 1531 1256 1559 Συνόδου
1273 1532 1507 1566 Νεοκαισιιρειας
1527 1532 1628 1560 κανὼν
1642 1532 1678 1564 α’,
1693 1532 1726 1567 θ’,
1747 1531 1772 1560 ι’.

1091 1580 1125 1606 α’.
1145 1578 1334 1614 Πρεσϐύτερος
1363 1579 1410 1605 ἐὰν
1434 1579 1530 1614 γήμῃ,
1554 1579 1603 1614 τῆς
1632 1578 1736 1611 τάξεως
1759 1579 1845 1606 αὐτὸν

219 1630 325 1652 veatur.
334 1624 414 1659 303
432 1623 460 1652 Si
474 1629 564 1652 autent
580 1624 731 1652 fornicatus
747 1625 839 1658 fuerit,
850 1625 892 1652 vel
903 1625 1004 1653 adultis

1069 1622 1266 1650 ιεταῖίθεσθαι·
1281 1623 1329 1650 ἐὰν
1345 1623 1372 1650 δὲ
1387 1623 1523 1660 πορνεύσῃ
1540 1624 1557 1660 ἢ
1574 1624 1715 1660 μοιχεύσῃ,
1732 1625 1846 1657 ἐξωθεῖ-

216 1671 287 1698 rium
304 1671 481 1703 conmiserit,
496 1671 605 1705 penitus
617 1672 791 1704 extrudatur,
811 1677 836 1699 et
856 1672 891 1700 ad
916 1673 1005 1707 posui-

216 1716 330 1743 tcntiam
346 1716 507 1744 deducatur.

250 1761 277 1788 9.
291 1761 320 1787 Si
335 1761 486 1796 presbyter,
497 1761 544 1796 qui
558 1769 672 1796 corpore
681 1761 756 1797 prius
767 1767 936 1797 peccaverat,
951 1767 1005 1790 etc.

216 1811 244 1832 ut
258 1815 318 1841 pag.
340 1807 402 1834 547.

256 1853 298 1879 t0.
325 1852 459 1879 Similiter
481 1857 508 1880 et
533 1852 675 1885 diaconus,
692 1854 715 1880 si
732 1854 759 1881 in
773 1853 843 1882 idem
863 1859 1005 1889 peccatum

217 1899 352 1931 inciderit,
370 1898 490 1926 ministri
507 1899 631 1927 ordinem
649 1900 756 1928 habeat.

307 1945 420 1973 Concilii
441 1945 658 1973 Chalcedonensis
675 1954 788 1973 canones
809 1947 852 1979 14,
869 1947 911 1975 15.

254 1992 297 2019 ll.
314 1991 447 2024 Quoniam
471 1992 497 2018 in
516 1991 665 2025 nonnullis,
685 1993 830 2026 provinciis
844 2000 1005 2022 concessum

215 2043 257 2065 est
272 2037 418 2064 lectoribus
435 2042 461 2064 et
475 2037 632 2065 cantoribus
647 2045 747 2065 uxores
761 2039 870 2071 ducere,
886 2038 1006 2066 decrevit

217 2089 310 2111 sancta
333 2083 455 2119 synodus
471 2083 536 2111 nulli
551 2091 651 2117 lcet-um
670 2085 752 2112 licere
766 2085 880 2112 diversae
899 2093 914 2112 a
931 2090 1005 2113 recta

215 2130 353 2165 opinionis
374 2137 485 2157 uxorem
508 2129 609 2157 ducere
624 2137 690 2157 :cos
707 2135 798 2157 autem
816 2131 862 2165 qui
883 2138 917 2158 ex
932 2131 1006 2165 ejus-

215 2176 289 2203 modi
310 2175 484 2202 matrimonio
506 2175 607 2202 liberos
625 2181 815 2211 susceperunt,
836 2177 859 2204 si
878 2185 925 2204 eos
945 2178 1006 2212 qui-

215 2222 275 2248 dem
293 2221 429 2256 baptizare
451 2221 521 2256 apud
547 2222 687 2249 haereticos
706 2222 895 2256 praeterierint,
911 2223 944 2250 ad
959 2231 1005 2250 ea.

216 2268 324 2295 tholiczc
338 2267 466 2294 Ecclesiae
477 2268 696 2295 communionem
712 2268 847 2296 adducere
859 2278 865 2296 :
877 2269 900 2296 si
913 2272 1002 2296 autem

215 2321 268 2340 non
286 2314 499 2347 haptizaverint.
524 2321 579 2340 non
593 2321 674 2349 posse
699 2321 747 2342 eos
771 2315 842 2349 apud
860 2315 1002 2343 haereticos

214 2360 362 2393 baptizare.
392 2360 443 2386 Sed
466 2367 553 2394 neque
581 2359 724 2393 hacretico,
750 2360 791 2387 vel
817 2368 938 2395 pagano,
961 2361 1002 2388 vel

214 2405 319 2437 Judazo,
335 2405 509 2432 matrimonio
521 2406 696 2441 conjungere,
709 2405 760 2433 nisi
773 2406 864 2440 utique
874 2413 1001 2441 persona,

215 2459 276 2486 qua:
305 2451 464 2478 orthodoxa
494 2451 684 2486 c0njungitur,
713 2459 742 2479 se
766 2453 799 2479 ad
821 2453 1002 2480 orthodoxam

216 2497 294 2524 tidem
313 2497 522 2524 comet-tendam
540 2497 680 2531 spondeat.
700 2497 728 2524 Si
754 2498 816 2532 quis
836 2502 926 2525 autent
951 2498 1002 2526 hoc

216 2546 317 2570 sanctae
332 2543 428 2579 synodi
447 2543 584 2571 decretqu
601 2549 786 2578 transgressus
804 2544 894 2577 fuerit,
918 2551 1003 2572 cano-

216 2589 284 2616 nicis
303 2590 390 2624 pinnis
405 2589 574 2624 subjiciatur.

251 2634 295 2661 15.
323 2633 510 2662 D’iaconissam
536 2642 589 2662 non
611 2642 672 2662 esse
699 2634 839 2662 mulierem
869 2635 1002 2663 ordinan-

213 2680 288 2712 dam,
299 2685 364 2714 etc.,
379 2685 404 2706 ut
416 2687 477 2714 pug.
495 2680 558 2708 550.

355 2736 467 2764 concilii
488 2737 703 2772 Cartliaginensis
718 2746 803 2765 canon
818 2738 858 2766 l6.

250 2793 284 2820 Ut
296 2793 385 2820 nullus
399 2794 536 2828 episcopus
547 2815 553 2826 ,
571 2795 722 2829 presbyter,
747 2801 771 2822 et
791 2796 919 2824 diaconus
936 2805 999 2824 con-

213 2838 308 2863 ductor
322 2838 442 2870 exsiatat,
458 2842 522 2870 etc.,
540 2843 567 2865 ut
583 2846 643 2873 pag.
660 2839 723 2866 550.

249 2880 315 2906 ltam
330 2882 443 2915 placuit,
461 2887 491 2910 ut
510 2884 642 2918 episcopi,
660 2885 811 2921 presbyteri
839 2891 865 2915 et
892 2888 999 2916 diaconi

215 2932 268 2950 non
282 2926 337 2952 sint
350 2928 538 2962 conductores,
551 2934 614 2962 etc.,
631 2936 726 2967 ulpag.
741 2933 804 2960 550.

1059 1669 1120 1696 σθαι
1135 1669 1216 1696 αὑτὸν
1230 1669 1321 1696 τέλεον
1335 1670 1381 1696 καὶ
1397 1670 1511 1704 ἄγεσθαι
1526 1672 1566 1702 at;
1579 1671 1733 1705 μετάνοιαν.

1097 1759 1128 1786 θ’.
1150 1758 1336 1795 Πρεσϐύτερος
1353 1758 1400 1786 ἐὰν
1414 1759 1648 1795 προημαρτηκὼς,
1667 1768 1694 1786 κ.
1707 1768 1731 1787 τ.
1748 1760 1772 1787 λ.

1094 1850 1119 1878 t'.
1146 1850 1261 1886 ὐμοίως
1284 1851 1333 1878 καὶ
1355 1851 1370 1877 ὁ
1391 1851 1525 1883 διάκονος,
1544 1851 1592 1878 ἐὰν
1605 1850 1644 1886 τῷ
1659 1850 1735 1886 αὐτῷ
1752 1851 1846 1888 ἀμαρ-

1056 1898 1156 1932 τήματι
1175 1897 1322 1932 περιπέσῃ,
1336 1896 1385 1932 τὴν
1398 1896 1445 1923 τοῦ
1460 1896 1597 1932 ὑπηρέτου
1614 1897 1690 1929 τάξιν
1703 1897 1803 1932 ἐχέτω.

1163 1943 1297 1969 Συνόὸου
1311 1942 1505 1977 Χαλκηδόνος
1520 1942 1621 1970 κανὼν
1634 1943 1673 1976 ιδ’,
1692 1943 1732 1970 ιε’.

1092 1987 1130 2016 ιδ’.
1148 1988 1258 2024 Ἐπειδὴ
1278 1988 1306 2015 ἐν
1318 1997 1388 2015 τισιν
1403 1989 1549 2024 ἐπαρχίαις
1564 1989 1774 2025 συγκεχώρηται
1789 1991 1847 2023 τοῖς

1055 2034 1243 2068 ἀναγνώσταις
1269 2035 1315 2061 κα)¹
1339 2034 1454 2069 ψάλταις
1479 2036 1588 2070 γαμεῖν,
1605 2035 1705 2070 ὥρισεν
1730 2037 1746 2071 ἡ
1771 2037 1841 2070 ἁγία

1057 2080 1174 2113 σύνοδος,
1193 2080 1230 2116 μὴ
1258 2081 1359 2113 ἐξεῖναί
1373 2089 1427 2107 τινι
1442 2081 1533 2108 αὐτῶν
1557 2082 1710 2117 ἑτερόδοξοι]
1727 2084 1847 2116 γυναῖκα

1055 2126 1222 2161 λαμϐάνειν·
1250 2127 1312 2158 τοὺς
1340 2126 1390 2162 ἤδη
1423 2127 1454 2153 ἐκ
1480 2128 1601 2154 τοιούτου
1631 2128 1721 2163 γάμου
1749 2128 1845 2155 παιδο-

1056 2172 1231 2207 ποιήσαντας,
1255 2172 1279 2199 εἰ
1298 2172 1347 2207 μὲν
1361 2172 1483 2208 ἔφθασαν
1501 2173 1630 2208 βαπτίσαι
1651 2174 1686 2200 τὰ
1702 2173 1732 2206 ἐξ
1754 2175 1846 2201 αὐτῶν

1055 2218 1186 2252 τεχθέντα
1203 2218 1279 2254 παρὰ
1294 2219 1349 2250 τοῖς
1374 2220 1522 2254 αἱρετικοῐς
1536 2241 1543 2252 ,
1560 2220 1707 2255 προσάγειν
1724 2220 1794 2247 αὐτὰ
1809 2223 1845 2256 τῇ

1056 2265 1186 2299 κοινωνίᾳ
1200 2266 1249 2300 τῆς
1262 2264 1411 2299 καθολικῆς
1437 2264 1599 2300 Ἐκκλησίας
1610 2274 1617 2280 ·
1634 2266 1671 2301 μὴ
1695 2265 1847 2300 βαπτίσαν-

1021 2301 1042 2328 D
1055 2319 1104 2342 τας
1119 2310 1157 2343 δὲ,
1175 2310 1213 2346 μὴ
1227 2310 1356 2337 δύνασθαι
1372 2310 1413 2337 ἐτι
1430 2311 1572 2346 βαπτίζειν
1594 2312 1665 2338 αὐτὰ
1685 2312 1763 2347 παρὰ
1787 2314 1847 2345 τοῖς

1057 2357 1223 2392 αἱρετικοίς·
1242 2360 1311 2393 μήτε
1340 2357 1392 2393 μὴν
1409 2359 1555 2384 συνάπτειν
1569 2358 1638 2394 πρὸς
1661 2359 1749 2393 γάμον
1772 2360 1848 2394 αἱρεο

1055 2404 1152 2440 τικῷῆ
1172 2404 1322 2440 Ἰουδιίῳῆ
1340 2404 1462 2440 Ἕλληνι,
1489 2406 1512 2431 εί
1529 2406 1566 2441 μὴ
1581 2405 1634 2441 ἄρα
1648 2406 1848 2440 ἐπαγγέλλοιτο

1058 2450 1249 2486 μετατίθεσθαι
1264 2450 1303 2481 είς
1326 2450 1375 2486 τὴν
1395 2450 1536 2485 ὀρθόδοξον
1557 2451 1649 2478 πίστιν
1664 2451 1693 2478 τὸ
1710 2452 1848 2479 συναπτό-

1058 2504 1138 2530 μενον
1151 2495 1294 2530 πρόσωπον
1317 2495 1355 2530 τῷ
1369 2495 1503 2531 ὀρθοδὰξῳ
1513 2504 1521 2512 ο
1544 2496 1569 2522 εί
1583 2496 1611 2522 δέ
1626 2505 1667 2528 τις
1683 2496 1778 2523 τοῦτον
1797 2497 1848 2523 τὸν

1055 2542 1118 2577 ὅρον
1142 2542 1283 2577 παραϐαίη
1309 2542 1359 2576 τῆς
1373 2543 1454 2576 ἁγίας
1481 2542 1600 2576 συνόδου,
1625 2543 1759 2578 κανονικῷ
1777 2544 1846 2570 ὑπο-

1055 2584 1156 2612 κείσθω
1170 2585 1312 2621 ἐπιτιμίῳ.
1409 2587 1411 2589 ’

1091 2631 1131 2659 ιε’.
1141 2632 1321 2660 Διακόνισσαν
1338 2633 1375 2669 μὴ
1390 2633 1601 2669 χειροτονεῖσθαι
1615 2635 1744 2668 γυναῖκα,
1755 2637 1844 2664 κ.τ.λ.

1175 2737 1309 2764 Συνόὸου
1322 2739 1534 2772 Καρθαγεννης
1544 2747 1644 2766 κανων
1657 2740 1706 2772 ις’.

1091 2795 1186 2821 ’Ὥστε
1204 2794 1322 2830 μηδένα
1349 2795 1528 2828 ἐπίσκοπον,
1554 2796 1574 2829 ἢ
1592 2797 1810 2832 πρεσϐύτερον,
1826 2798 1848 2834 ἣ

1053 2841 1204 2874 διάκονον,
1223 2841 1356 2876 summ
1370 2850 1437 2869 τινα
1451 2842 1624 2877 λαμϐάνειν.

1091 2891 1138 2920 ις’.
1159 2887 1274 2922 Ὁμοίως
1293 2889 1400 2924 1ἤρεσεν,
1416 2889 1459 2916 ἵνα
1484 2889 1639 2923 ἐπίσκοποι,
1658 2890 1706 2916 καὶ
1721 2890 1850 2926 πρεσϐύ-

1055 2942 1138 2970 τεροι,
1154 2934 1200 2961 καὶ
1214 2934 1342 2969 διάκονοι,
1356 2935 1524 2972 ἐκλήπτορες
1537 2935 1573 2971 μὴ
1590 2935 1728 2970 γίνωνται,
1738 2945 1766 2964 κ.
1780 2945 1807 2964 τ.
1819 2937 1849 2966 λ.
