1951 3071
139 212 178 246 781

535 211 734 242 SYNTAGMA
751 210 983 242 CANONUM.—
996 211 1069 241 TIT.
1084 211 1135 241 IX.
1157 211 1236 241 CAP.
1257 212 1362 242 XXIX.

1695 218 1747 249 789.

138 270 255 298 Συνόὸου
268 268 480 308 οὶκουμενικῆς
494 269 696 308 sancitur-dw-
712 269 746 304 γ’,
763 269 795 302 δ’,
811 270 848 303 ς’,
866 269 899 304 ιβ’

962 268 1042 304 304
1065 267 1177 295 Com-itii
1202 272 1357 308 mcunngmgi
1378 277 1417 308 vi,
1433 279 1545 299 canones
1567 272 1594 306 5,
1613 272 1639 305 4,
1655 272 1683 308 6,
1701 274 1746 308 12,

421 305 467 339 ιγ’,
483 304 539 340 μὴ’,
554 303 602 331 νϐ’.

165 361 225 396 Περὶ
238 362 340 395 ἱερέων
353 360 401 387 καί
418 359 580 394 κληρικῶν.

164 409 193 441 γ’.
218 408 326 443 Ἐπειδὴ
347 407 376 434 δὲ
396 408 411 434 ὁ
435 407 551 442 εὐσεϐὴς
565 407 612 434 καὶ
636 406 806 442 φιλόχριστος
829 405 907 442 ἡμῶν

136 453 255 489 βασιλεὺς,
274 462 300 480 κ.
317 461 342 480 τ.
362 452 386 480 λ.

163 498 188 526 δ’.
215 499 248 525 Et
271 507 311 530 τις
338 498 504 531 ἐπίσκοπος,
530 498 548 533 ἢ
577 497 776 534 πρεσϐύτερος,
804 496 821 532 ἢ
847 496 906 523 διά-

134 553 208 578 κονος,
218 554 244 571 κ.
259 553 285 571 τ.
299 544 323 571 λ.

164 594 194 622 ς’.
221 589 331 625 Ἐπειδὴ
347 590 423 625 παρὰ
445 589 500 621 τοῖς
517 589 707 620 ἀποστολικοῖς
726 588 837 615 κανόσιν
861 586 906 613 εὖ·

133 636 271 673 ρηται,τῶν
285 637 324 667 είς
336 635 438 670 κλῆρον
454 635 651 671 προαγομένων
666 634 793 669 ἀγάμων,
809 633 906 668 μόνους

131 681 295 716 ἀναγνώστας
319 682 367 708 καὶ
383 680 489 716 ψάλτας
513 681 624 716 γαμεῖν,
649 680 696 707 καὶ
721 680 803 715 ἡμεῖς
826 678 905 705 τοῦτο

131 727 375 762 παραφυλάττοντες
399 726 538 762 ὁρίζομεν,
560 725 614 752 ἀπὸ
633 725 681 752 τοῦ
698 724 745 751 νῦν
771 723 905 759 μηδαμῶς

130 771 305 804 ὑποδιάκονον,
322 770 339 806 ἢ
355 770 495 803 διάκονον,
517 770 534 805 ἢ
551 769 746 805 πρεσῦύτερον,
767 768 834 804 μετὰ
854 767 904 802 τὴν

130 818 167 844 ἐπ’
187 816 259 851 αὑτῷ
283 816 490 851 προερχομένην
514 817 693 851 χειροτονίαν,
716 815 788 849 ἔχειν
812 813 904 840 ἄδειαν

129 862 234 898 γαμικὸν
258 861 348 897 ἐαυτῷ
376 862 503 897 συνιστᾷν
528 861 708 888 συνοικέσιον·
733 861 758 886 εἰ
778 859 806 886 δὲ
825 858 903 885 τοῦτο

129 908 246 944 τολμήσοι
263 908 395 942 ποιῆσαι,
411 907 595 943 καθαιρείσθω
607 914 614 921 °
635 907 659 933 εί
681 906 709 932 δὲ
725 905 846 940 βούλοιτὸ
861 912 903 936 τις

1265 304 1309 336 15,
1325 305 1370 336 48,
1386 305 1430 333 49.

996 359 1034 386 De
1049 360 1226 387 sacerdotibus
1234 364 1258 387 et
1266 360 1377 387 clericis.

991 404 1022 431 ,5.
1036 403 1171 436 Quoniam
1191 412 1256 432 vero
1272 405 1334 445 pius
1350 404 1507 440 Christique
1527 412 1632 436 amator
1659 409 1745 445 impe-

958 454 1034 476 rator
1047 454 1148 480 noster.
1165 454 1229 482 etc,
1252 443 1353 484 αι’-ρας.
1367 450 1428 477 511.

994 494 1020 520 4.
1039 493 1067 521 Si
1082 494 1144 528 quis
1157 495 1311 529 episcopus,
1324 495 1366 522 vel
1381 496 1534 531 presbyter,
1551 498 1593 524 vel
1604 498 1745 533 diaconus.

957 544 1008 567 etc.
1015 559 1023 572 ,
1039 544 1068 566 ut
1079 548 1140 575 pag.
1156 540 1217 567 750.

992 585 1019 611 6.
1030 584 1164 618 Quoniam
1180 586 1236 612 in”
1254 587 1411 621 apostolicis
1421 588 1572 616 canonibus
1586 589 1688 617 dictum
1703 594 1746 617 est

957 637 1052 657 eorum
1069 631 1116 665 qui
1139 638 1193 658 non
1207 631 1288 659 ducta
1304 639 1389 660 uxore
1412 634 1438 660 in
1459 634 1561 662 clerum
1579 643 1743 670 promoven-

957 681 1012 708 tur,
1036 677 1110 704 solos
1133 677 1250 705 lectores
1273 683 1300 705 et
1324 683 1450 706 cantores
1471 687 1583 708 uxorem
1597 689 1677 716 posse
1692 682 1743 709 du-

956 729 1035 755 cere;
1049 726 1076 749 et
1091 730 1141 750 nos
1156 723 1208 750 hoc
1223 727 1364 751 servantes
1375 723 1559 759 decernimus,
1573 730 1604 753 ut
1615 726 1744 761 deinceps

956 767 1023 794 nulli
1041 769 1150 802 penitus
1164 769 1363 804 bypodiacono,
1378 771 1418 797 vel
1436 771 1560 803 diacono,
1575 771 1618 799 vel
1633 772 1745 808 presby-

955 817 1015 840 tero
1039 818 1102 849 post
1112 814 1154 842 sui
1175 815 1375 843 ordinationem
1405 817 1566 845 contrahere
1596 818 1689 845 liceat.
1715 818 1743 845 Si

956 863 1047 886 autem
1062 859 1145 886 fuerit
1161 860 1212 887 hoc
1228 868 1313 888 ausus
1338 860 1440 893 facere,
1457 862 1618 896 deponatur.
1638 862 1666 890 Si
1680 864 1744 898 quis

955 910 1046 932 autem
1074 912 1183 937 eorum.
1206 906 1253 940 qui
1280 907 1307 933 in
1323 906 1426 934 clerum
1449 909 1592 941 accedunt,
1607 909 1671 936 velit
1684 909 1743 944 lege

127 955 174 981 τῶν
198 955 236 986 είς
253 953 355 988 κλῆρον
378 953 601 988 προερχομὲνων,
625 952 715 986 γάμου
737 951 812 986 νόμῳ
838 959 901 977 συν-

962 952 1126 979 matrimonii
1142 952 1250 980 mulieri
1269 953 1399 988 conjungi
1414 960 1560 990 antequam
1577 956 1743 991 hypodiaco-

127 1001 250 1028 ἅπτεσθαι
265 1000 393 1034 γυναικὶ,
409 1000 463 1035 πρὸ
475 1001 524 1034 τῆς
540 998 586 1025 τοῦ
603 998 791 1029 ὑποδιακόνου,
817 996 833 1031 ἢ
846 996 903 1022 δια-

126 1048 206 1081 κόνου,
221 1046 238 1081 ἢ
251 1046 439 1082 πρεσϐυτέρου
463 1045 639 1080 χειροτονίας,
656 1043 735 1070 τοῦτο
748 1043 900 1078 πραττέτω.

156 1093 196 1128 ιβ’.
218 1093 273 1120 Καὶ
292 1092 371 1119 τοῦτο
385 1092 412 1118 δὲ
429 1091 469 1123 είς
485 1091 587 1125 γνῶσιν
601 1089 739 1125 ἡμετέραν
753 1087 844 1124 ἦλθεν,
863 1088 902 1119 ὼς

124 1140 148 1166 ὲν
161 1141 192 1174 τῇ
213 1139 341 1174 Ἀφρικῇ,
357 1147 384 1165 κ.
400 1146 426 1164 τ.
443 1137 468 1164 λ.

154 1183 196 1218 ιγ’.
223 1183 333 1218 Ἐπειδὴ
345 1184 374 1210 ὲν
388 1184 422 1218 τῇ
444 1181 589 1217 Ῥωμαίων
609 1181 767 1217 Ἐκκλησίᾳ,
791 1189 818 1208 κ.
832 1189 857 1208 τ.
874 1179 899 1207 λ.

153 1278 204 1311 μὴ’.
233 1276 266 1302 Ἡ
280 1275 327 1301 τοῦ
352 1276 420 1310 πρὸς
436 1275 589 1309 ἐπισκοπῆς
603 1274 750 1309 προεδρίαν
765 1273 900 1308 ἀναγομέ-

121 1330 163 1349 νου
178 1321 244 1357 γυνὴ
257 1342 265 1355 ,
289 1321 361 1348 κατὰ
376 1321 468 1357 κοινὴν
493 1321 654 1356 συμφωνίαν
666 1320 714 1346 τοῦ
732 1320 833 1346 οἰκείου
850 1320 898 1346 ἀν-

119 1368 176 1404 δρὸς
190 1368 441 1404 προδιαζευχοεῐσα,
460 1367 529 1402 μετὰ
544 1367 593 1401 τὴν
614 1366 657 1392 ἐπ’
679 1365 754 1401 αὺτῷ
775 1365 825 1400 τῆς
838 1366 900 1391 ἑπι-

119 1414 217 1449 σκοπῆς
232 1413 400 1449 χειροτονίαν
410 1433 417 1445 ,
440 1413 469 1439 ὲν
492 1412 664 1447 μοναστηρίῳ
679 1411 772 1438 εἰσίτω
782 1431 790 1443 ,
805 1410 900 1446 «cippo.

116 1459 164 1494 τῆς
184 1459 230 1485 τοῦ
259 1458 409 1485 ἐπισκόπου
434 1457 602 1492 καταγωγῆς
617 1455 830 1492 ᾠκοδομημένῳ,
853 1455 900 1481 καὶ

115 1505 162 1540 τῆς
175 1505 207 1531 ὲκ
225 1504 273 1531 τοῦ
298 1504 448 1530 ἐπισκόπου
475 1503 603 1538 προνοίας
621 1502 800 1529 ἀπολαυέτωτ
827 1502 851 1528 εἰ
871 1501 899 1528 δὲ

115 1552 161 1577 xa‘t
175 1550 238 1583 ἀξία
255 1550 352 1586 φανείη
366 1569 373 1582 ,
388 1550 436 1577 καὶ
450 1549 520 1585 πρὸς
534 1549 565 1575 τὸ
583 1549 631 1584 τῆς
647 1548 822 1583 διακονίσσης
834 1549 900 1575 ἀνα-

113 1597 265 1628 ΰιῦαζέσθω
279 1597 398 1631 ἀξίωμα.

146 1641 195 1670 νϐ’.
217 1641 321 1677 Μηδεὶς
336 1643 365 1669 ὲν
379 1641 517 1676 εὺκτηρίῳ
529 1641 607 1675 οἴκῳ,
624 1649 651 1668 κ.
668 1649 694 1667 τ.
708 1639 733 1667 λ.

252 1698 416 1725 Βασιλείου
433 1697 535 1724 κανὼν
547 1697 583 1731 γ’,
602 1699 639 1729 ς’,
658 1696 706 1728 ξθ¹,
723 1699 754 1722 ο¹.

144 1749 182 1780 γ’.
230 1745 361 1776 Διάκονος
386 1743 473 1779 ,μετὰ
513 1743 563 1778 τὴν
605 1743 743 1770 διακονίαν
783 1741 899 1777 πορνεύ-

109 1801 170 1825 σας,
188 1801 215 1819 κ.
224 1792 280 1819 τ.λ.

145 1842 185 1871 ς’.
203 1839 265 1865 Τῶν
287 1838 439 1865 κανονικῶν
469 1838 519 1868 τὰς
543 1836 673 1871 πορνείας
693 1835 734 1866 εἰς
758 1840 846 1869 γαμον
862 1834 900 1869 μὴ

108 1885 354 1920 καταλογίζεσθαι,
381 1885 449 1912 ἀλλὰ
467 1884 548 1911 παντὶ
563 1883 657 1918 τρόπῳ
673 1882 789 1916 διασπᾷν
810 1881 900 1908 αὐτῶν

106 1932 159 1968 τὴν
177 1932 326 1966 συνάφειαν
339 1939 345 1946 ·
366 1931 445 1957 τοῦτο
462 1930 517 1966 γὰρ
537 1930 584 1956 καὶ
600 1929 634 1963 τῇ
654 1927 803 1962 Ἐκκλησία
831 1925 900 1962 πρὸς

105 1979 265 2014 ἀσφάλειαν
278 1978 428 2011 λυσιτελὲς,
454 1978 502 2005 καὶ
533 1979 589 2008 τοῖς
601 1975 749 2012 αἱρετικοῖς
764 1975 793 2000 οὐ
820 1973 900 2000 δώσει

103 2024 170 2052 καθ’
185 2024 264 2059 ἡμῶν
279 2024 376 2060 λαϐὴν,
389 2024 427 2056 ὡς
441 2023 484 2050 διὰ
495 2023 543 2059 τὴν
558 2022 604 2050 τοῦ
614 2021 782 2057 ἁμαρτάνειν
798 2019 899 2052 ἄδειαν,

103 2069 317 2103 ἐπισπωμένων
333 2069 401 2105 πρὸς
422 2069 546 2099 ἑαυτούς.

139 2115 193 2148 ξεν.
232 2115 422 2150 ’Λναγνώστης
443 2115 467 2140 εί
489 2115 522 2149 τῇ
538 2113 635 2140 ἑαυτοῦ
657 2112 762 2148 μνηστῇ
783 2111 835 2147 πρὸ
849 2110 900 2145 γά-

100 2170 160 2196 μου
180 2160 382 2193 συναλλάξειεν,
405 2160 528 2187 ἐνιαυτὸν
551 2160 677 2194 ἀργήσας
698 2159 738 2189 είς
758 2157 789 2183 τὸ
801 2157 898 2190 ἀναγι-

97 2207 227 2235 νώσκειν
259 2207 430 2242 δεχοήσεται,
454 2206 543 2238 μένων
558 2205 733 2240 ἀπρόσκοπος
746 2211 753 2220 ·
768 2203 899 2237 κλεψιγα-

954 1006 1018 1032 nus,
1034 999 1076 1026 vel
1091 999 1234 1034 presbyter
1245 999 1397 1033 ordinetur,
1415 1001 1468 1028 hoc
1481 1001 1572 1029 faciat.

987 1088 1032 1115 12.
1055 1088 1139 1116 Porro
1164 1089 1218 1116 hoc
1236 1096 1346 1124 quoque
1362 1089 1396 1116 ad
1420 1095 1542 1118 nostram
1557 1091 1742 1125 cognitionem

951 1134 1085 1169 pervenit,
1100 1135 1172 1169 qttod
1183 1135 1211 1161 in
1224 1139 1250 1162 et
1267 1134 1369 1167 Africa,
1385 1139 1450 1169 etc.,
1462 1141 1489 1162 ut
1499 1144 1561 1171 pag.
1579 1136 1641 1164 5M.

991 1179 1035 1206 15.
1059 1179 1194 1212 Quoniam
1221 1179 1352 1207 Romanas
1374 1180 1522 1214 Ecclesiae,
1547 1186 1600 1209 etc.
1626 1187 1654 1209 ut
1669 1191 1742 1218 pag.,

956 1225 1018 1253 759.

986 1272 1031 1301 48.
1054 1272 1129 1300 Uxor
1155 1273 1216 1308 ejus
1238 1274 1285 1309 qui
1309 1274 1342 1301 ad
1373 1274 1559 1309 episcopalem
1584 1275 1742 1310 dignitatem

950 1323 1138 1353 promovetur,
1166 1320 1307 1347 communi
1334 1320 1376 1347 sui
1410 1320 1461 1347 viri
1497 1328 1632 1348 consensu
1668 1321 1744 1355 prius

950 1367 1086 1397 separata,
1102 1368 1248 1398 postquam
1267 1364 1294 1391 in
1308 1365 1466 1398 episcopum
1487 1365 1631 1392 ordinatus
1651 1370 1694 1392 est
1709 1373 1741 1392 ac

950 1413 1138 1440 consecratus,
1162 1409 1368 1436 monasteritnm
1394 1409 1565 1445 ingrediatur
1589 1409 1685 1444 procul
1709 1411 1744 1437 ah

950 1454 1070 1489 episcopi
1086 1455 1257 1482 habitatione
1275 1460 1455 1488 exstructum,
1478 1460 1505 1483 et
1530 1456 1650 1491 episcopi
1675 1463 1741 1491 pro—

950 1501 1069 1528 videntia
1087 1500 1203 1528 fruatur.
1220 1500 1267 1528 Sin
1281 1506 1370 1529 autern
1383 1501 1464 1537 digna
1480 1502 1539 1529 visa
1551 1501 1644 1535 fuerit,
1658 1502 1742 1530 etiam

951 1547 984 1574 ad
1002 1547 1164 1575 diaconatus
1184 1547 1344 1582 dignitatem
1361 1548 1538 1583 provehetur.

989 1640 1032 1668 59.
1051 1640 1079 1667 ln
1095 1641 1152 1668 ade
1175 1641 1294 1668 oratoria
1315 1646 1380 1674 etc.,
1400 1646 1428 1668 ut
1446 1649 1506 1676 pag.
1519 1641 1581 1668 607.

1082 1695 1169 1730 305‘
1180 1695 1276 1723 Basilii
1292 1704 1404 1722 canones
1419 1696 1446 1728 3,
1463 1696 1490 1728 6,
1506 1696 1551 1729 69,
1565 1696 1610 1729 70,

986 1741 1013 1768 5.
1032 1740 1167 1768 Diaconus
1182 1746 1243 1776 post
1258 1742 1430 1770 diaconatum
1451 1741 1612 1775 fornicatus,
1632 1746 1697 1776 etc.,
1711 1747 1740 1770 ιιι

936 1815 938 1817 ,
952 1794 1014 1821 pag.
1033 1786 1093 1813 755.

988 1832 1013 1858 6.
1038 1831 1242 1859 Canonicarum
1266 1839 1347 1868 supra
1366 1841 1415 1868 pro
1435 1833 1613 1861 matrimonio
1630 1842 1685 1861 non
1699 1842 1742 1862 rc-

951 1882 1092 1912 putentur,
1111 1878 1158 1905 sed
1172 1886 1266 1905 earum
1283 1879 1440 1914 coniunctio
1456 1880 1571 1907 omnino
1586 1880 1740 1909 divellatur.

951 1924 1010 1952 Hoc
1025 1925 1099 1951 enim
1111 1929 1138 1952 et
1155 1924 1285 1952 Ecclesiae
1300 1927 1333 1953 ad
1357 1927 1533 1955 securitatem
1553 1933 1594 1955 est
1611 1928 1688 1962 utile,
1713 1935 1741 1956 ct

953 1968 1089 1997 haereticis
1103 1977 1158 1996 non
1174 1970 1249 1998 dabit
1261 1971 1392 1999 adversus
1408 1980 1460 1999 nos
1475 1980 1581 2006 ansam,
1598 1975 1676 2010 quasi
1692 1982 1740 2010 per

951 2015 1079 2048 peccandi
1096 2015 1248 2043 libertatem
1270 2017 1303 2043 ad
1315 2024 1364 2044 nos
1380 2019 1560 2046 attrahamus.

988 2126 1031 2153 6!).
1053 2126 1161 2158 Lector,
1188 2127 1210 2154 si
1229 2135 1290 2154 cum
1316 2136 1365 2156 sua
1391 2136 1493 2164 sponsa
1510 2134 1573 2157 ante
1595 2133 1739 2159 matrimo-
1766 2140 1771 2143 '

951 2171 1026 2198 nium
1043 2172 1237 2199 commercium
1262 2173 1397 2205 habuerit,
1425 2179 1571 2209 postquam
1588 2184 1660 2203 anno
1678 2185 1740 2204 ces—

952 2217 1063 2249 saverit,
1082 2217 1116 2244 ad
1139 2217 1283 2252 legentium
1299 2219 1484 2253 suseipictur;
1503 2229 1555 2247 non
1580 2225 1672 2249 tamen
1695 2223 1739 2249 ul-

97 2254 202 2290 μήσας
229 2254 258 2281 δὲ
287 2254 350 2281 ἄνευ
378 2253 535 2289 μνηστείας,
567 2252 738 2287 παυοήσεται
769 2251 820 2286 τῆς
846 2251 895 2276 ὑπ-

964 2271 992 2290 ra
1020 2263 1232 2297 promovendus.
1256 2263 1333 2297 Quod
1363 2265 1386 2292 si
1405 2266 1508 2300 absque
1528 2267 1740 2302 desponsatione

94 2300 222 2338 ηρεσίας
238 2309 246 2316 ο
263 2300 293 2328 τὸ
305 2300 332 2327 δὲ
344 2299 410 2326 αὐτὸ
426 2299 474 2326 καὶ
491 2299 641 2334 ὑπηρέτης.

132 2398 170 2422 o'.
190 2395 322 2426 Διάκονος
335 2397 364 2421 ὲν
379 2394 481 2430 χείλεσι
501 2394 633 2429 μιανθεὶς,
650 2402 676 2420 κ.
686 2401 711 2418 τ.
723 2392 748 2418 λ.

133 2492 293 2527 Θεοφίλου
305 2492 339 2518 ἐκ
356 2488 770 2532 τοῦῪπομν-ηστικοῦμκανὸην
781 2489 812 2520 δ’,
827 2491 857 2514 ε’.

128 2539 168 2565 δ’.
184 2538 257 2573 Περὶ
274 2538 302 2564 δὲ
317 2537 439 2572 Πανοὺφ,
457 2546 482 2564 κ.
501 2546 526 2564 τ.
544 2537 569 2563 λ.

128 2588 168 2612 ε’.
188 2585 261 2620 Περὶ
274 2584 373 2611 Ἰακὼῦ
389 2584 517 2619 ζητῆσαι,
531 2592 558 2610 κ.
575 2592 600 2609 τ.
614 2584 638 2610 λ.

952 2309 1044 2336 lurtim
1061 2309 1165 2343 eolerit,
1184 2310 1304 2337 cessabit
1317 2318 1332 2338 a
1351 2311 1513 2339 ministerio.
1530 2311 1631 2340 Eadem
1646 2317 1674 2341 et
1687 2315 1740 2341 mi-

950 2354 1028 2383 nistri
1047 2356 1127 2382 ratio.
1690 2379 1692 2382 .

984 2401 1116 2437 30670.
1126 2402 1262 2430 Diaconus
1273 2403 1319 2438 qui
1331 2402 1449 2438 pollutus
1462 2409 1505 2432 est
1519 2404 1546 2432 in
1561 2405 1655 2440 labris,
1670 2410 1738 2440 etc.,

952 2451 980 2472 ut
995 2455 1056 2482 pag.
1078 2447 1141 2474 755.

1038 2492 1169 2528 Theophili
1184 2501 1217 2519 ea:
1228 2493 1435 2522 Commonitorio
1449 2504 1562 2524 canones
1578 2497 1605 2530 4,
1621 2498 1648 2526 5.

983 2538 1010 2565 4.
1026 2538 1063 2566 De
1082 2538 1206 2574 Panuph,
1221 2544 1273 2567 etc.
1289 2545 1317 2567 ut
1331 2549 1392 2575 pag.
1407 2541 1470 2569 550.

983 2582 1010 2609 5.
1031 2582 1068 2610 De
1082 2582 1167 2610 Jaeob
1183 2591 1317 2619 quaerere,
1331 2590 1396 2618 etc.,
1411 2591 1439 2612 ut
1454 2595 1515 2621 pag.
1532 2587 1596 2616 550.

986 2629 1093 2657 Textus.
1109 2629 1170 2657 Lib.
1188 2639 1207 2663 ι,
1222 2631 1283 2659 cod.
1308 2631 1350 2659 tit.
1364 2632 1392 2665 5,
1407 2638 1496 2661 eonst.
1514 2634 1540 2662 ὅ.
1565 2634 1592 2661 Si
1608 2635 1671 2670 quis
1688 2644 1737 2664 sa-

948 2683 1022 2704 cram
1033 2676 1164 2711 virginem
1177 2684 1290 2705 uxorem
1300 2677 1401 2706 ducere
1411 2680 1602 2707 tantummodo
1613 2683 1736 2714 tentarit,

947 2723 1056 2758 capitali
1072 2731 1150 2757 poena
1172 2722 1279 2752 feritur.
1303 2725 1338 2752 Et
1361 2726 1471 2753 constit.
1490 2726 1536 2758 44,
1550 2727 1673 2761 ejusdem
1693 2728 1736 2756 tit.

948 2770 976 2797 Si
1008 2769 1159 2804 presbyter,
1193 2775 1241 2798 aut
1268 2770 1421 2804 diaconus,
1452 2777 1500 2798 aut
1530 2772 1735 2807 hypodiaconus

136 2631 177 2657 Ἦ
201 2634 228 2658 α’
253 2631 299 2657 τοῦ
320 2629 398 2663 κώδ.,
418 2629 471 2658 τίτ.
499 2632 534 2664 γ’,
552 2629 623 2656 διάτ.
637 2631 667 2660 ε’,
696 2628 743 2655 ἐάν
758 2636 798 2657 τις
816 2627 895 2662 μόνον

78 2676 226 2713 πειραθῇ
242 2676 336 2703 λαϐεῖν
348 2675 472 2711 γαμετὴν
489 2674 624 2710 παρθένον
641 2673 728 2709 ἱερὰν,
739 2673 895 2707 κεφαλικῶς

75 2723 287 2757 τιμωρεῖται·
300 2721 348 2748 καὶ
367 2721 438 2747 διάτ.
475 2720 514 2756 μδ¹
533 2719 580 2747 τοῦ
603 2719 685 2746 αὑτοῦ
709 2719 762 2746 τίτ.
787 2719 829 2746 ὅτι
848 2719 895 2746 ἑὰν

74 2767 305 2804 πρεσϐύτερος,
326 2767 342 2803 ἢ
363 2767 497 2799 διάκονος,
530 2765 546 2801 ἢ
568 2765 744 2795 ὑποδιάκονος
768 2764 894 2799 γαμήσῃ,

72 2814 249 2840 ὑπόκειται
263 2813 312 2848 μὲν
324 2814 381 2845 τοῖς
395 2812 517 2846 κανόσιν,
543 2812 640 2843 οἵτινες
665 2811 715 2846 οὐχ
738 2807 818 2845 ἧττον
841 2810 896 2838 τῶν

70 2859 192 2893 ντῖμων
221 2858 357 2894 ἰσχύουσι,
380 2859 492 2894 καὶτῆς
508 2858 659 2894 ἱερωσύνης
688 2857 829 2890 ἐκπίπτει,
847 2857 895 2884 καὶ

67 2906 100 2932 οἱ
124 2905 240 2936 παῖδες
272 2905 309 2937 ὼς
324 2905 353 2939 ἐξ
368 2905 506 2941 ἀθεμίτων
521 2905 617 2940 γάμων
647 2903 802 2940 τεχθέν-τες,
830 2904 892 2931 οὔτε

948 2815 1058 2850 nuptias
1087 2816 1266 2848 contraxerit,
1290 2817 1444 2844 canonihus
1468 2821 1583 2850 tenetur,
1610 2818 1656 2852 qui
1678 2826 1734 2846 non

947 2861 1039 2888 mintts
1064 2861 1154 2888 valent
1177 2869 1259 2896 quam
1285 2863 1369 2897 leges,
1399 2867 1425 2890 et
1449 2863 1602 2891 sacerdotio
1622 2864 1734 2892 excidit.

948 2905 1036 2934 Liberi
1064 2911 1165 2940 autem,
1192 2912 1320 2942 tanquam
1348 2916 1381 2936 ex
1411 2908 1513 2938 illicitis
1537 2910 1638 2945 nuptiis
1664 2911 1734 2946 nati,
