1951 3071
196 203 245 235 183

195 267 282 296 neque
304 259 443 288 naturales
464 266 551 294 neque
576 258 653 286 nothi
682 263 754 291 sunt,
785 264 812 286 et
835 267 924 294 neque
947 267 980 286 ex
996 262 1017 290 Α

195 306 349 338 donatione,
374 305 558 337 successione,
584 304 646 332 ﬁcto
669 305 772 336 debito,
796 309 842 332 aut
867 305 980 332 aliorum

196 352 360 387 obligatione
385 352 514 387 quiquam
540 351 694 386 percipiunt
719 359 733 378 a
761 352 886 386 patribus
901 352 982 380 suis:

196 398 242 432 sed
259 405 347 432 neque
366 401 468 424 matres
492 396 614 430 ipsorum
630 405 636 423 :
652 404 747 423 verum
775 396 819 423 illa
837 396 910 431 eapit
934 395 983 423 Ec-

196 444 289 476 clesia,
305 444 331 470 in
345 451 398 477 qua
425 443 463 469 illi
491 441 681 470 deservierint.
714 442 785 470 Dicit
808 450 874 470 vero
901 442 984 469 etiam

196 495 280 517 const.
301 491 343 524 15,
361 490 403 517 ιίι.
421 497 430 516 t
445 488 617 516 Novellarunt
633 498 640 516 :
658 489 685 516 Si
702 490 854 516 monachus
868 489 985 516 clericus

197 535 285 562 factus
307 535 354 568 sit,
378 535 410 562 ad
435 535 638 561 matritnoniunt
664 534 794 561 devenire
810 542 843 561 ne
858 535 956 561 autlclo
975 541 982 560 :

197 581 304 608 tametsi
328 581 355 607 in
381 580 454 607 clero
468 587 531 608 eum
549 580 663 615 gradum
688 585 785 607 nactus
806 580 851 612 sit,
878 580 904 606 in
929 587 984 614 quo

196 627 304 654 clericis
332 626 550 659 matrimonium,
575 626 739 653 contrahere
766 626 837 658 licet,
863 624 982 661 [qualem

197 672 333 708 videlicet]
360 677 497 705 cantores,
526 676 553 699 et
583 672 699 699 lectores
727 671 885 707 [obtinent].
917 671 985 698 Aliis

195 719 269 746 enitn
298 719 427 746 omnibus
451 719 478 745 iu
507 718 664 745 universum
695 718 798 753 nuptim
832 717 984 745 interdictae

196 768 270 792 Sunt.
284 763 318 791 At
332 765 355 792 si
372 769 418 792 aut
435 764 544 798 nuptias
562 764 717 795 contrahat.
737 768 784 790 attt
799 763 982 791 concubinam

198 811 306 842 habeat,
331 814 378 836 aut
403 809 538 844 impudice
561 809 644 842 vivat,
665 809 782 844 ejicitor.
806 817 838 836 ac
861 809 984 843 plebeius

197 862 266 884 esto.
283 857 323 883 Ad
338 856 461 883 militiam
478 855 565 891 [vero]
581 856 622 883 vel
638 855 710 882 aliud
723 855 841 882 oﬂicium
857 855 984 883 derenire

197 911 231 930 ne
256 902 364 929 audeto.
380 901 412 928 Et
433 902 543 929 constit.
570 909 588 934 t,
613 901 732 936 ejusdem
760 901 801 928 tit.
824 901 921 929 Nullus
937 901 983 936 qui

198 947 401 975 matrimonium
443 947 560 980 iteravit,
590 947 733 982 presbyter
769 951 817 974 aut
851 946 1022 975 diaconusB

198 994 341 1021 ordinator
358 1001 365 1020 :
384 1001 472 1029 neque
490 993 571 1031 etiam
587 993 634 1027 qui
657 992 739 1020 uxori
758 993 905 1025 cohabitat,
923 1000 985 1028 qua:

198 1040 325 1067 maritum
344 1047 423 1067 suum
439 1039 523 1075 [facto
536 1038 663 1074 divortio]
680 1039 789 1073 reliquit
806 1048 813 1066 :
828 1046 915 1074 neque
938 1038 984 1074 qui

198 1084 378 1112 concubinam
410 1084 500 1110 habet.
522 1083 558 1109 At
581 1082 665 1118 [talis]
690 1089 793 1117 castam
812 1084 894 1110 vitam
912 1088 984 1118 agat,

198 1135 246 1157 aut
260 1130 342 1157 etiam
361 1129 439 1156 uxori
461 1129 609 1160 cohabitet,
624 1129 666 1156 vel
690 1130 772 1156 unius
788 1128 894 1164 [uxoris
910 1130 986 1164 ejus-

199 1175 326 1211 demque]
342 1180 433 1208 castaa,
453 1182 484 1202 ac
498 1182 532 1202 ex
546 1175 702 1209 virginitate
717 1174 887 1211 [assumptat]
902 1175 987 1202 mari-

201 1228 244 1249 tus
263 1221 355 1249 fuerit.
371 1221 504 1248 Caeterum
520 1221 544 1248 si
560 1221 622 1255 quis
637 1228 698 1248 cum
716 1221 856 1256 presbyter
877 1221 924 1252 sit,
940 1225 986 1248 aut

200 1268 332 1295 diaconus
354 1273 401 1294 aut
422 1266 638 1303 hypodiaeonus,
654 1267 696 1293 vel
722 1267 822 1301 palam,
839 1267 881 1294 vel
905 1266 985 1299 clam,

200 1314 241 1341 vel
257 1314 309 1341 sub
326 1313 419 1348 aliquo
434 1317 565 1348 praetextu
582 1312 626 1348 [ad
644 1312 686 1348 so]
711 1320 824 1340 uxorem
849 1316 897 1340 aut
919 1319 986 1339 cort-

200 1358 327 1384 «ubinam
361 1357 574 1384 introduxerit:
602 1364 681 1384 sacro
713 1357 858 1385 confestim
890 1356 987 1384 ordine

773 201 904 231 PIIOTII
917 202 1168 233 PATRIARCILE
1184 204 1236 233 (ΖΡ.

1769 203 1818 237 ’184

1032 260 1140 295 φυσικοὶ
1164 260 1225 287 οὒτε
1241 260 1313 287 νόθοι
1330 260 1392 293 εἰσὶ,
1413 261 1460 287 καὶ
1473 260 1534 288 οὔτε
1554 261 1624 289 κατά
1641 261 1778 297 διαδοχὴν,
1803 263 1818 297 ῆ

1033 306 1148 341 δωρεὰν,
1163 306 1179 340 ἢ
1195 307 1433 341 ἐσχηματισμένον
1444 307 1559 341 δάνειον,
1578 309 1594 342 ἢ
1606 308 1701 343 ἑτέραν
1716 308 1819 343 ὲνοχὴν,

1033 351 1200 387 λαμϐάνουσι
1217 361 1242 379 τι
1258 353 1334 388 παρὰ
1354 353 1408 380 τῶν
1426 355 1554 389 πατέρων
1577 355 1678 386 αὐτῶν,
1690 355 1707 390 ἢ
1727 355 1755 381 αἱ
1772 362 1820 389 μη-

1033 396 1112 431 τέρες
1137 396 1239 428 αὐτῶν,
1268 396 1336 423 ἀλλὰ
1363 396 1449 423 ταῦτα
1466 397 1598 433 λαμϐάνει
1614 399 1630 434 ὴ
1647 398 1708 425 κατ’
1726 397 1820 430 αὐτοὺς

1040 442 1196 478 Ἐκκλησία·
1206 442 1314 477 λέγειόὲ
1327 444 1343 478 ἡ
1357 447 1390 477 ιγ’
1402 443 1472 471 διάτ.
1481 444 1528 470 τοῦ
1541 447 1565 470 α’
1574 438 1685 472 τίτέτῶν
1699 445 1819 480 Νεαρῶν,

1034 488 1074 515 ὅτι
1089 489 1136 515 ἐὰν
1153 489 1271 525 μοναχὺς
1288 489 1428 525 κληρωῦᾔ,
1459 491 1496 525 μὴ
1525 490 1662 526 θαρρείτω
1681 491 1749 526 πρὸς
1773 492 1821 527 γά-

1036 543 1084 569 μον
1099 534 1196 566 ἐλθεῖν,
1217 535 1268 561 κᾶν
1283 535 1404 562 τοιούτου
1427 535 1532 570 βαθμοῦ
1552 537 1700 571 τετύχηκεν
1737 538 1765 564 ὲν
1785 538 1821 573 τῷ

1035 580 1128 616 κλήρῳ
1144 580 1172 607 ὲν
1187 576 1208 614 ᾧ
1223 582 1278 612 τοῖς
1291 581 1432 616 κληρικοίς
1448 581 1538 613 ἔξεστι
1561 584 1672 617 γαμεῖν,
1699 583 1819 610 τουτέστι

1034 626 1123 662 ψάλτῃ
1140 627 1187 653 καὶ
1209 626 1381 662 ἀναγνώστῃ-λ’
1399 628 1457 659 τοῖς
1471 627 1527 663 γὰρ
1539 627 1629 659 ἄλλοις
1644 629 1733 655 ἆπασι
1758 629 1821 655 καθ-

1035 672 1109 704 άπαξ
1130 672 1143 698 6
1163 673 1250 707 γάμος
1265 673 1463 709 ἀπηγόρευται·
1474 675 1497 700 εί
1509 674 1536 700 δὲ
1548 674 1680 710 γαμήσει,
1696 675 1822 709 ἣπαλλα-

1035 718 1086 754 κὴν
1102 719 1163 753 σχῇ,
1183 718 1199 753 ἢ
1215 718 1338 753 ἀσελγῶς
1362 719 1452 754 ζήσει,
1466 719 1640 747 ἐκϐαλλέσθω
1651 721 1698 747 τοῦ
1713 722 1821 757 κλήρου,

1036 764 1084 790 καὶ
1100 763 1208 799 ἰδιώτης
1229 764 1308 796 ἔστω,
1336 765 1405 800 πρὸς
1421 765 1568 800 στρατείαν
1595 765 1722 801 ἢέτέραν
1735 768 1824 802 ἐπιτή-

1036 808 1128 835 δευσιν
1140 808 1226 835 ἐλθεῖν
1246 809 1276 835 οὐ
1305 809 1424 845 θαρρῶν
1444 809 1490 836 καὶ
1513 811 1530 844 ἡ
1555 813 1579 836 α’
1596 811 1665 837 διάτ.
1684 810 1731 837 τοῦ
1742 812 1822 839 αὐτοῦ

1039 854 1107 885 τίτ.,
1134 854 1175 881 ὅτι
1221 854 1316 889 μηδεὶς
1345 855 1586 890 δευτερογαμήσας
1621 857 1824 891 χειροτονείσθω

1036 899 1221 936 πρεσϐύτερος
1238 900 1253 935 ἢ
1271 900 1405 932 διάκονος,
1425 902 1492 935 μήτε
1508 901 1557 936 μὲν
1574 902 1597 928 εὶ
1612 902 1722 936 γυναικὶ
1739 911 1825 929 συνοι·

1036 946 1080 972 κεῖ
1088 945 1133 972 τὸν
1149 945 1213 972 ἴδιον
1236 945 1321 982 ἄνδρα
1337 946 1537 983 καταλιπούσῃ,
1557 948 1624 983 μήτε
1643 949 1666 974 εἰ
1686 948 1824 984 παλλακὴν

1037 990 1104 1025 ἔχοι,
1113 991 1181 1018 ἀλλὰ
1192 991 1353 1028 σωφροσύνῃ
1362 991 1461 1024 συζῶν,
1476 993 1522 1019 καὶ
1533 993 1548 1028 ἢ
1564 994 1670 1028 γαμετῇ
1684 994 1826 1028 συνοικῶν,

1038 1037 1055 1072 ἢ
1072 1037 1137 1071 μιᾶς
1151 1036 1221 1072 ἀνὴρ
1234 1037 1380 1072 γενόμενος
1405 1037 1545 1073 σώφρονος
1557 1039 1604 1065 καὶ
1616 1039 1648 1065 ὲκ
1667 1039 1825 1074 παρθενίας·

1039 1083 1063 1109 εὶ
1077 1083 1105 1109 δέ
1118 1091 1160 1115 τις
1171 1083 1356 1119 πρεσϐύτερος
1369 1083 1418 1118 ὢν,
1435 1085 1450 1120 ἢ
1465 1085 1599 1117 διάκονος,
1619 1085 1635 1120 ἣ
1653 1085 1828 1115 ὑποδιάκονος

1039 1128 1162 1164 γαμετὴν
1192 1129 1209 1164 ῆ
1242 1129 1383 1165 παλλακὴν
1412 1131 1548 1164 εἰσάγοιτο
1574 1130 1699 1165 φανερῶς
1720 1131 1828 1166 ἢὲσχη-

1041 1175 1226 1210 ματισμὲνως,
1255 1175 1356 1207 εὐθέως
1371 1176 1421 1211 τῆς
1445 1177 1520 1212 ἱερᾶς
1543 1176 1701 1204 ὲκπιπτέτω
1713 1176 1826 1209 τάξεως,

1040 1221 1086 1247 καὶ
1096 1220 1204 1255 ἰδιώτης
1220 1221 1267 1247 καὶ
1283 1221 1379 1253 λαῖκὺς
1394 1222 1464 1248 ἔστω
1474 1230 1481 1237 ·
1501 1222 1676 1258 ἀναγνώστης
1692 1222 1720 1248 δὲ
1737 1222 1828 1248 δευτε-

1039 1266 1178 1301 ρογαμῶγ,
1196 1266 1233 1302 μὴ
1246 1267 1436 1302 προκοπτέτω,
1457 1268 1494 1303 μὴ
1513 1269 1567 1303 μὴν
1580 1268 1628 1295 καὶ
1647 1268 1826 1303 τριγαμείτω·

1037 1312 1106 1338 εἰδὲ
1138 1312 1380 1348 δευτερογαμήσας
1410 1314 1523 1341 σπεύσει
1545 1314 1693 1350 προκόψαι,
1717 1314 1823 1348 γίνεται

1038 1355 1154 1390 ἰδιώτης.

199 1404 326 1436 cxcidito,
355 1407 382 1431 et
411 1405 533 1438 privatus
550 1409 632 1438 atque
658 1404 779 1438 plebeius
805 1404 886 1439 307
914 1407 985 1431 esto.
1005 1403 1102 1430 Lector
1137 1407 1228 1430 autem
1263 1405 1468 1431 matrimonium
1485 1405 1588 1432 iterans
1606 1404 1654 1440 [ad
1669 1403 1779 1440 altiora]
1793 1411 1830 1431 ne

199 1452 379 1486 progreditor,
398 1460 486 1487 neque
507 1452 541 1479 ad
563 1452 657 1480 tertias
673 1452 782 1487 nuptias
797 1452 931 1480 devenito.
947 1452 988 1479 Ac
1008 1452 1032 1479 si
1065 1456 1126 1486 post
1137 1451 1264 1478 iteratum
1280 1451 1438 1486 conjugium
1478 1452 1603 1487 progredi
1626 1452 1757 1484 enitatur,
1774 1451 1830 1487 ple-

199 1499 277 1526 beius
292 1503 362 1524 esto.

235 1544 307 1571 Dicit
323 1544 387 1570 item
407 1552 413 1570 ε
434 1542 499 1576 Qua:
514 1542 678 1570 diaconissac
700 1542 872 1575 ordinantur,
890 1542 986 1570 admo-

201 1596 315 1618 ncnlor:
330 1589 384 1625 [ac]
397 1589 515 1620 sciunto,
533 1589 607 1623 quod
624 1589 646 1615 si
659 1592 803 1615 contracto
812 1588 987 1616 matrimonio
1000 1589 1022 1621 C

201 1637 289 1663 aliave
306 1636 366 1662 vita:
386 1635 491 1662 ratione
515 1633 666 1670 [suscepta]
687 1634 852 1661 dedecorare
874 1634 986 1661 ordina-

202 1683 303 1710 tionem
319 1688 392 1708 ausa:
408 1680 521 1712 fuerint,
534 1687 588 1706 rea:
603 1679 699 1706 tnortis
717 1679 791 1712 tient,
805 1684 832 1705 et
843 1679 988 1706 facultates

201 1735 258 1754 sine
272 1726 446 1754 monasteriis
461 1729 508 1752 aut
531 1725 660 1752 Ecclesiis
687 1724 745 1751 suis
771 1724 987 1758 applicabuntur.

201 1773 254 1806 Qui
270 1780 334 1800 vero
349 1772 449 1799 ducere
465 1771 525 1798 illas
539 1775 586 1798 attt
601 1775 783 1805 constuprare
798 1771 856 1797 ausi
873 1769 986 1802 fuerint,

202 1818 292 1854 gladio
305 1817 417 1845 obnoxii
433 1822 525 1850 erunt,
544 1824 694 1852 eorumque
706 1817 888 1845 substantiam
905 1816 988 1845 ﬁscus

202 1864 299 1898 capiet.

239 1909 348 1936 Tertiis.
367 1908 484 1937 Constit.
505 1908 533 1941 ‘2,
555 1908 677 1943 ejusdem
702 1909 744 1935 tit.
767 1908 795 1936 Si
816 1908 925 1936 decurio
943 1913 990 1936 aut

204 1955 364 1988 cohortalis,
379 1955 424 1982 ubi
441 1954 597 1989 quindecim
618 1954 697 1981 annis
722 1954 873 1982 monachus
895 1953 988 1985 fuerit,

204 2002 321 2030 clericus
345 2002 402 2034 ﬁat,
422 2000 476 2037 [ac]
493 2001 590 2028 deinde
614 2001 725 2036 nuptias
745 2001 899 2032 contrahat,
922 1999 990 2036 [pri-

202 2046 293 2083 stinae]
311 2055 368 2076 sua;
384 2046 500 2074 fortuna:
517 2047 680 2074 restituitur.
706 2046 807 2082 [Quod]
829 2047 900 2074 ident
916 2051 942 2073 et
962 2046 988 2073 in

203 2094 263 2121 aliis
276 2094 323 2128 qui
339 2101 371 2120 ex
389 2093 534 2120 tnonachis
547 2093 639 2119 clerici
658 2092 733 2128 [facti
750 2099 824 2125 sunt,
848 2092 962 2128 obtinet]
981 2102 987 2120 :

203 2139 312 2167 tametsi
325 2139 490 2166 decuriones
504 2142 551 2166 aut
566 2138 723 2166 cohortales
738 2146 790 2165 non
809 2138 920 2165 fuerint.
935 2138 967 2165 lit
981 2147 987 2165 :

203 2185 255 2218 Qui
283 2185 404 2212 caelibem
423 2184 542 2216 ordinat,
566 2185 733 2219 interrogato
758 2184 845 2216 illum,
872 2191 906 2211 an
931 2184 990 2211 sine

203 2231 321 2266 legitima
339 2238 424 2258 uxore
441 2235 516 2257 caste
531 2230 621 2257 vivore
643 2231 737 2265 possit.
752 2230 804 2263 Qui
829 2238 895 2257 vero
919 2235 988 2257 tctu-

203 2265 268 2312 pore
284 2276 466 2304 ordinationis
485 2276 602 2303 diacono
622 2281 683 2311 post
704 2276 905 2303 ordinationem
932 2284 989 2302 ma—
1005 2265 1028 2292 D

202 2323 360 2351 trimonium
391 2323 554 2350 contrahere
579 2323 744 2357 permiserit,
771 2323 805 2349 ab
830 2322 988 2357 episcopatu

201 2369 321 2403 eiicitur.
338 2367 425 2395 Porro
440 2368 591 2402 presbyter,
608 2373 654 2394 aut
670 2368 812 2399 diaconus,
833 2372 881 2394 aut.
905 2367 991 2401 hypo-

202 2415 335 2442 diaconus
346 2415 391 2450 qui
406 2418 467 2450 post
478 2414 680 2441 ordinationem
701 2413 906 2440 matrimonium
923 2421 990 2440 con-

203 2461 296 2493 trahit,
312 2468 326 2487 e
350 2461 422 2488 clero
439 2460 558 2495 eiicitur,
582 2465 608 2487 et
629 2467 690 2487 cum
718 2461 799 2486 rebus
824 2459 881 2486 suis
908 2459 991 2486 curiae

205 2505 325 2533 civitatis
340 2505 367 2531 in
382 2512 436 2539 qua
454 2504 571 2531 clericus
593 2509 663 2536 crat,
680 2504 806 2530 traditur.
822 2503 886 2530 Item
905 2503 991 2530 lector

203 2551 249 2586 qui
280 2551 389 2584 nuptias
431 2551 521 2582 iterat,
553 2554 600 2576 aut
634 2549 756 2581 viduam,
792 2548 835 2575 vel
873 2548 991 2575 divortio

204 2595 380 2629 disjunctam,
396 2596 436 2624 vel
451 2596 555 2630 legibus
569 2595 751 2622 eanonibusve
768 2595 939 2622 interdictam
951 2594 990 2630 [in

205 2641 327 2677 uxorem]
344 2642 470 2673 assumit,
494 2641 520 2668 in
540 2641 623 2668 alium
648 2641 760 2676 gradum
783 2647 816 2667 nc
839 2640 988 2675 procedito.

203 2689 275 2722 Quin
288 2693 315 2715 et
327 2689 348 2715 si
364 2688 540 2723 processerit,
559 2687 642 2722 priori
661 2687 823 2714 restituitur.

241 2734 311 2761 Dicit
324 2734 438 2767 insuper
455 2742 462 2760 :
481 2732 531 2765 Qui
548 2733 702 2765 ascetriam,
728 2736 775 2759 aut
798 2732 990 2762 monastriam,

205 2784 253 2807 aut
279 2780 475 2813 diaconissam,
498 2784 546 2806 aut
567 2780 650 2806 alium
678 2779 836 2814 religiosum
867 2779 990 2805 habitum

205 2829 354 2859 gestantem
385 2823 552 2860 [mulierem]
583 2824 704 2858 rapiunt,
732 2828 920 2858 corrumpunt,
949 2823 991 2850 vel

206 2874 397 2904 constuprant,
415 2870 515 2905 quiquo
531 2869 598 2905 [illis
613 2868 686 2905 sese]
702 2870 841 2897 associant
856 2878 862 2895 :
881 2869 991 2903 capitali

207 2915 340 2948 s-tpplicio
353 2916 519 2950 atliciuntur,
537 2924 567 2944 ac
583 2924 627 2945 res
640 2916 749 2944 illorum
766 2916 866 2951 injuria
888 2916 989 2944 all'ectte

1074 1542 1156 1577 Λέγει
1170 1542 1198 1569 δὲ
1220 1543 1261 1569 ὅτι
1283 1542 1520 1578 χειροτονούμεναι
1550 1543 1577 1570 αἱ
1590 1542 1720 1575 διάκονοι,
1735 1541 1831 1569 νουθε-

1038 1588 1200 1615 τείσθωσαν·
1215 1588 1312 1615 εἰδυῖαι
1333 1588 1371 1620 ὡς
1394 1589 1418 1614 εἰ
1449 1588 1616 1624 θαρρήσαιεν
1647 1588 1832 1623 καταισχῦναι

1039 1634 1088 1669 τὴν
1104 1635 1281 1670 χειροτονίαν,
1310 1634 1524 1670 προσομιλοῦσαι
1542 1634 1623 1669 γάμῳ
1641 1634 1658 1669 ἢ
1674 1634 1754 1661 ἆλλου
1771 1634 1832 1668 βίου

1039 1681 1146 1716 πορείᾳ,
1165 1681 1271 1716 θανάτῳ
1298 1681 1460 1716 γενήσονται
1490 1680 1586 1715 ἔνοχοι·
1603 1680 1716 1712 καὶτοῖς
1740 1680 1834 1708 αὐτῶν

1040 1727 1199 1763 ἐκκλησίαις
1217 1728 1244 1754 αἱ
1260 1727 1413 1762 περιουσιαι
1431 1726 1520 1754 αὐτῶν
1540 1726 1832 1762 προσκυρωθήσονται·

1040 1775 1064 1801 οἱ
1084 1774 1111 1800 δὲ
1131 1773 1219 1808 γῆμαι
1238 1773 1376 1808 ῆφθεῖραι
1391 1773 1476 1804 αὑτὰς
1492 1772 1688 1807 τολμήσαντες,
1710 1771 1834 1798 ὑπεύθυ-

1041 1817 1081 1844 νοί
1097 1818 1151 1844 εὶσι
1166 1817 1249 1852 ξίφει,
1266 1817 1315 1844 κα)⁸
1328 1817 1376 1853 τὴν
1390 1817 1483 1844 οὐσίαν
1495 1817 1585 1843 αὐτῶν
1596 1816 1626 1843 τὸ
1639 1816 1769 1852 δημόσιον
1781 1816 1834 1852 λή-

1039 1863 1130 1898 ψεται.

1076 1910 1131 1937 Καὶ
1146 1911 1163 1946 ὴ
1175 1910 1197 1945 β’
1211 1910 1282 1938 διάτ.
1295 1910 1342 1936 τοῦ
1361 1909 1443 1937 αὐτοῦ
1454 1909 1519 1941 τίτ.,
1537 1910 1578 1937 ὅτι
1592 1909 1639 1936 ὲὰν
1656 1909 1802 1945 βουλευτὴς
1815 1911 1835 1946 ἢ

1041 1956 1192 1991 ταξεώτης,
1209 1957 1256 1982 ἐπὶ
1287 1955 1317 1983 ιε’
1345 1956 1464 1991 μονάσας
1492 1956 1539 1991 ἐτη
1560 1955 1673 1990 γένηται
1688 1955 1835 1991 κληρικός,

1040 1999 1100 2028 εἶτα
1115 2002 1239 2037 γαμήσῃ,
1262 2001 1417 2028 ἀποδίδοται
1437 2002 1470 2036 τῇ
1498 2000 1551 2035 ἰδίᾳ
1570 2001 1650 2036 τύχῃ·
1668 2001 1701 2027 τά
1714 2001 1786 2028 αὐτὰ
1803 2001 1836 2028 δὲ

1041 2047 1088 2073 καὶ
1105 2048 1168 2082 περὶ
1195 2047 1249 2074 τῶν
1267 2047 1354 2074 ἄλλων
1384 2046 1523 2082 κληρικῶν
1545 2047 1600 2073 τῶν
1615 2046 1669 2073 ἀπὸ
1693 2047 1835 2082 μοναχῶν,

1040 2093 1092 2118 κᾶν
1106 2093 1142 2127 μὴ
1164 2093 1292 2126 γεγόνασι
1311 2092 1452 2128 βουλευταὶ
1475 2092 1491 2127 ἢ
1520 2092 1668 2124 ταξεῶται·
1696 2093 1743 2119 καὶ
1756 2093 1800 2119 ὅτι
1822 2094 1838 2119 ὀ

1040 2137 1200 2173 χειροτονῶν
1211 2138 1328 2172 ἄγαμον,
1342 2137 1471 2174 ἐρωτάτω
1484 2136 1565 2164 αὐτὸν
1580 2138 1604 2163 εἰ
1614 2137 1725 2164 δύναται
1745 2138 1837 2173 χωρὶς

1039 2182 1155 2218 νομίμου
1169 2183 1291 2218 γαμετῆς
1309 2183 1415 2218 σεμνῶς
1436 2183 1528 2218 βιοῦν·
1546 2184 1560 2210 ὁ
1585 2183 1612 2209 δὲ
1624 2183 1662 2218 τῷ
1673 2183 1762 2219 καιρῷ
1781 2183 1838 2218 τῆς

1041 2229 1207 2264 χειροτονίας
1223 2230 1378 2265 ἐπιτρέπων
1389 2229 1505 2264 διακόνῳ
1520 2229 1536 2265 ἦ
1553 2230 1723 2265 ὕποδιακόνῳ
1738 2229 1840 2264 γαμῆ-

1043 2284 1088 2302 σαι
1103 2275 1174 2310 μετὰ
1181 2276 1230 2310 τὴν
1243 2276 1420 2310 χειροτονίαν,
1432 2275 1481 2310 τῆς
1492 2275 1646 2310 ἐπισκοπῆς
1657 2275 1838 2302 ὲκόάλλεταιυ

1041 2322 1268 2357 πρεσϐύτερος,ῆ
1285 2321 1417 2353 διάκονος,
1442 2322 1458 2356 ἢ
1482 2321 1667 2354 ὑποδιάκονος,
1697 2321 1767 2356 μετὰ
1782 2321 1839 2357 τὴν

1042 2369 1208 2403 χειροτονίαν
1223 2367 1319 2403 γαμῶν
1334 2367 1494 2394 ἐκϐάλλεται
1505 2368 1551 2394 τοῦ
1567 2368 1679 2403 κλήρου,
1695 2368 1741 2394 καὶ
1760 2368 1841 2402 μετὰ

1042 2414 1095 2440 τῶν
1113 2413 1195 2439 αὑτοῦ
1212 2413 1383 2448 πραγμάτων
1397 2413 1498 2440 δίδοται
1515 2415 1548 2449 τῇ
1565 2413 1646 2449 βουλῇ
1661 2413 1710 2448 τῆς
1724 2413 1840 2446 πόλεως

1042 2456 1103 2496 ὲνῇ
1134 2459 1263 2495 κληρικος
1277 2457 1328 2495 ἦν’
1358 2459 1565 2494 δευτερογαμῶν
1591 2459 1619 2486 δὲ
1641 2459 1841 2494 ἀναγνώστης,

1042 2505 1058 2540 ἢ
1075 2506 1161 2540 χήραν
1187 2505 1409 2540 ἦδιεξευγμένην
1433 2504 1587 2540 λαμϐάνων,
1604 2504 1620 2539 ἢ
1635 2505 1691 2535 τοῖς
1705 2504 1805 2538 νόμοις
1822 2505 1842 2539 ἢ

1042 2552 1097 2582 τοῖς
1111 2550 1220 2577 κανόσιν
1243 2551 1484 2586 ἀπηγορευμένην,
1506 2551 1545 2581 εις
1564 2550 1642 2576 ἄλλον
1662 2549 1699 2585 μὴ
1719 2550 1846 2585 προϐαι-

1043 2596 1113 2622 νὲτω
1128 2596 1242 2631 βαθμὸν,
1260 2596 1327 2622 ἀλλὰ
1351 2596 1398 2622 καὶ
1417 2596 1522 2631 προϐὰς
1546 2595 1765 2622 ἀποκαθίσταται
1797 2597 1845 2632 τῷ

1042 2641 1178 2676 προτέρῳ.
1208 2642 1213 2646 ”

1078 2730 1160 2764 Λέγει
1175 2731 1203 2757 δὲ
1219 2731 1258 2757 ὅτι
1288 2731 1312 2757 οἱ
1337 2731 1515 2767 ἁρπαζόντες,
1544 2731 1561 2766 ἢ
1576 2730 1806 2763 ὑπονοοεύοντες,
1824 2732 1845 2766 ἢ

1043 2776 1245 2812 διαφθείροντες
1253 2777 1428 2814 ἀσκήτριανῆ
1438 2777 1636 2812 μονάστριαν,ἢ
1646 2777 1846 2808 διακόνισσαν,

1043 2822 1059 2857 ἢ
1075 2822 1137 2849 ἄλλο
1152 2823 1265 2854 εὐλαϐὲς
1286 2823 1400 2858 ἔχουσαν
1421 2823 1523 2858 σχῆμα,
1539 2824 1586 2849 καὶ
1599 2824 1623 2849 οἱ
1639 2823 1847 2857 μετασχόντες,

1043 2869 1197 2902 κεφαλικῶς
1210 2869 1404 2905 τιμωροῦνται,
1430 2870 1476 2896 καὶ
1488 2870 1522 2896 τὰ
1535 2870 1684 2905 πράγματα
1694 2869 1789 2896 αὐτῶν
1806 2871 1847 2904 τῇ

1050 2915 1195 2950 Ἐκκλησία
1210 2916 1226 2950 ἢ
1244 2916 1283 2951 τῷ
1298 2919 1470 2952 μοναστηρίῳ
1490 2917 1538 2951 τῆς
1561 2915 1736 2951 ὑϐρισθείσης
1754 2924 1849 2950 περι-
