1951 3071
120 173 165 204 785

551 174 750 206 SYNTAGMA
769 170 961 205 CANONUM.
976 174 1050 206 TIT.
1065 173 1117 212 IX,
1130 174 1208 206 CAP.
1220 160 1336 207 XXXI,

1691 176 1744 208 786
1752 181 1765 185 “

123 230 253 258 ποιοῦνται
267 229 312 257 διὰ
326 229 373 256 τοῦ
385 229 535 256 ἐπισκόπου
564 231 581 266 ἢ
609 231 657 257 τοῦ
684 231 827 266 οἰκονόμου
851 230 899 257 καὶ
915 231 931 260 Α

980 230 1100 266 nulieris]
1112 230 1234 258 ecclesiae
1245 234 1293 257 aut
1306 229 1475 258 monasterio
1490 237 1540 264 per
1557 237 1741 264 teconomum,

121 276 167 304 τῶν
182 276 321 311 ἀρχόντων
337 276 383 302 καὶ
411 276 465 302 τῶν
481 276 594 308 τάξεων·
615 276 686 311 αὕτη
708 277 737 304 δὲ
755 277 823 312 μετά
848 276 902 303 τῶν

122 324 200 358 αὐτῆς
231 323 414 358 πραγμάτων,
432 323 607 359 μοναστηρίῳ
631 323 797 357 ὲμὸάλλεται
813 324 902 358 ἀσφα-

122 369 170 401 λῶς
184 368 411 404 φυλαχθησομένη
422 377 428 385 ·
448 369 471 395 εἰ
495 369 524 395 δὲ
548 369 703 396 διακόνισσά
716 370 790 395 ἐστιν
803 368 903 404 ἔχουσα

123 415 246 450 νομίμους
271 415 378 446 παῖδας,
412 415 442 441 τὸ
470 415 585 450 νόμιμον
604 415 685 450 μέρος
697 414 882 450 λαμϐάνουσιν
895 422 901 429 ·

123 463 144 488 εἰ
156 461 234 488 δὲ-ὲπὶ
246 460 368 487 ἐνιαυτὸν
397 460 466 494 μετὰ
493 461 524 486 τὺ
551 460 706 495 γνωσθῆναι
723 459 753 486 τδ
766 460 850 495 μῦσος
866 460 903 495 μὴ

124 507 289 542 ὲκδικήσουσι
300 507 334 534 τὰ
347 506 498 542 πράγματα
514 507 539 534 οι
562 507 670 540 εὖαγεῖς
683 504 762 538 οἶκοι,
777 507 791 533 ὁ
808 507 905 541 φίσκος

124 552 186 579 αὐτὰ
201 551 346 586 λαμϐάνει,
373 551 420 577 τοῦ
446 550 611 585 ἀμελοῦντος
627 550 697 577 αὐτὰ
727 550 905 585 ἐκδικηθῆναι

123 598 246 634 ἄρχοντος
257 597 494 632 ἀποζωννυμένου,
516 596 563 624 καὶ
587 595 608 622 ε’
626 596 719 631 λίτρας
738 597 795 627 τοῖς
808 596 905 631 πριὸά-

123 652 175 674 τοις
188 643 425 679 προστιμωμένου.

158 735 280 761 ΚΕΦΑΛ.
297 735 337 761 A'.
351 748 384 755 -οε
397 734 467 768 Περὶ
493 732 553 760 τῶν
574 733 622 760 ἐπὶ
650 734 731 769 γάμῳ
760 734 906 768 γυναῖκας

125 779 321 815 ἁρπαζόντων.

338 826 526 853 Ἀποστόλων
540 825 641 852 κανὼν
659 825 707 859 EQ".

159 872 205 904 EC’.
219 872 253 899 Et
265 881 307 903 τις
320 871 452 906 παρθένον
462 871 647 906 ἀμνήστευτον
664 870 827 906 βιασάμενος
838 870 904 906 ἔχει,

126 927 185 946 κ.τ.
206 918 232 945 λ.

248 963 382 991 Συνόδου
400 963 540 998 Ἀγκύρας
554 963 654 990 κανὼν
667 966 711 995 ια’,
731 963 780 990 κε’.

161 1013 203 1037 ια’.
219 1009 276 1041 Τὰς
295 1008 508 1045 μνηστευθείσας
536 1008 630 1044 κόρας,
660 1010 707 1035 καὶ
738 1000 808 1044 μετὰ
825 1007 913 1036 ταῦτα

128 1056 177 1083 ὑπὸ
209 1056 297 1083 ἄλλων
321 1056 506 1091 ἁρπαγείσας,
528 1054 617 1087 ἔδοξεν
646 1054 817 1082 ἀποδίδοσθαι
857 1056 914 1086 τοῖς

129 1101 442 1137 προμνηστευσαμένοις,
472 1101 497 1127 εὶ
515 1101 561 1127 καὶ
591 1099 652 1136 βίαν
682 1100 727 1127 ὑπ’
749 1099 840 1127 αὐτῶν
862 1099 914 1127 πά-

129 1147 208 1174 θοιεν.

164 1193 472 1228 κε’.Μνηστευσάμενύς
486 1201 528 1225 τις
559 1192 654 1227 κόρην,
681 1191 859 1227 προσεφθάρη
881 1193 914 1227 τῇ

131 1238 229 1274 ἀδελφῇ
248 1239 343 1274 αὐτῆς,
361 1239 398 1270 ὡς
411 1239 457 1265 καὶ
470 1238 638 1274 ὲπιφορῆσαι
665 1237 750 1276 αὑτήν
762 1246 769 1252 ·
787 1236 874 1272 ἔγημε
888 1237 915 1263 δὲ

130 1287 178 1321 τὴν
191 1286 312 1320 μνηστὴν
324 1286 394 1320 μετά
403 1285 500 1316 ταῦτα,
518 1286 534 1320 ἠ
549 1285 578 1312 δὲ
600 1285 734 1320 φθαρεῖσα
753 1285 897 1320 ἀπήγξατο
907 1292 914 1300 '

131 1333 154 1359 ot
171 1332 322 1363 συνειδότες
349 1331 550 1366 ἐκελεύσθησαν
572 1332 600 1357 ὲν
629 1331 758 1367 δεκαετίᾳ
786 1330 916 1366 δεχθῆναι

132 1379 171 1409 εἰς
193 1378 257 1410 τοὺς
276 1378 456 1409 συνεστῶτας,
478 1377 549 1403 κατὰ
570 1377 633 1409 τοὺς
659 1376 828 1412 ὡρισμένους

134 1421 228 1457 θμούς.

868 1376 918 1411 βα-

274 1468 406 1496 Συνόδου
415 1468 606 1502 Χαλκηδόνος
613 1467 715 1494 κανὼν
725 1468 776 1500 κζ’.

169 1515 220 1547 κζ’.
249 1515 317 1546 Τοὺς
335 1515 505 1550 ἁρπάζοντας
520 1515 663 1545 γυναῖκας,
677 1522 706 1540 κ.
723 1522 750 1540 τ.
767 1513 791 1540 λ.

199 1561 334 1588 Συνόδου
362 1560 570 1596 οὶκουμενικῆς
586 1560 674 1593 ἕκτης
685 1559 785 1586 κανὼν
798 1559 851 1594 ῑιβ’.

170 1606 222 1642 ιιβι.
237 1607 306 1638 Τοὺς
325 1607 497 1641 ἁρπάζοντας
512 1607 645 1640 γυναῖκας
661 1605 704 1632 ἐπ’
724 1605 836 1640 ὀνόματι
859 1614 922 1632 συν-

135 1653 263 1686 οικεσίου,
286 1653 302 1688 ἢ
325 1652 561 1687 συμπράττοντας,
588 1652 602 1687 ἢ
638 1650 851 1686 συναιρομένους
866 1652 922 1682 τοῖς

137 1699 317 1734 ἁρπάζουσιν,
333 1699 432 1733 ὥρισεν
459 1698 475 1733 ἠ
492 1698 557 1732 ἁγία
586 1697 704 1729 σύνοδος,
725 1698 749 1724 εἰ
765 1697 814 1731 μὲν
826 1697 922 1732 κληρι-

137 1746 181 1772 κο).
196 1743 259 1777 εἷεν,
278 1744 422 1772 ἐκπιπτειν
434 1743 481 1771 τοῦ
496 1744 596 1770 οἰκείου
614 1743 729 1779 βαθμοῦ·
742 1744 766 1770 εἰ
780 1743 807 1770 δὲ
821 1743 921 1776 λαϊκοὶ,

136 1790 394 1826 ἀναθεματίζεσθαι.

193 1836 340 1870 Θεοφίλου
351 1836 385 1862 ἐκ
409 1832 709 1869 τοῦὙπομνηστικοῦ
724 1834 824 1861 κανὼν
838 1834 870 1869 β’.

177 1883 208 1919 β’.
222 1883 290 1918 Περὶ
314 1883 419 1917 Βήστου
440 1881 623 1912 καταστάντος
641 1881 668 1907 ἐν
690 1880 788 1916 Ἐρέϐῃ
810 1880 927 1915 πρεσϐυ-

139 1930 223 1964 τέρου
255 1929 396 1964 ζητητέον,
433 1929 480 1955 καὶ
508 1928 532 1954 εἱ
563 1927 611 1962 μὲν
637 1926 848 1961 ἀποταξαμένην
866 1927 927 1953 τινὰ

141 1976 244 2008 ζῶντος
262 1975 307 2002 τοῦ
325 1975 420 2010 ἀνδρὸς
437 1974 576 2005 ἐϐιάσατο,
594 1972 631 2007 μὴ
654 1972 848 2007 συγχωρεῖσθω
859 1971 928 2000 εἶναι

140 2021 340 2057 πρεσϐύτερος·
353 2021 419 2047 ὅπου
437 2029 469 2055 γε
493 2019 554 2047 οὐδὲ
569 2019 606 2050 ὡς
628 2018 720 2050 λαῖκὸς
735 2019 836 2052 ὀφείλει
864 2028 929 2046 συν-

140 2067 270 2101 άγεσθαι,
296 2067 346 2102 τῆς
374 2065 536 2100 Ἐκκλησίας
552 2063 680 2094 εἰωθυίας
704 2063 768 2094 τοὺς
792 2063 930 2095 τοιούτους

140 2112 281 2148 χωρίζειν·
309 2112 338 2138 οὐ
352 2111 430 2146 φέρει
445 2111 498 2146 γὰρ
514 2111 592 2136 τοῦτο
610 2109 752 2144 πρόκριμα
765 2108 803 2144 τῷ
818 2109 931 2136 ἐπισκό-

141 2157 353 2192 πῳἌπόλλωνι,
369 2157 393 2182 εἰ
409 2156 439 2188 ἐξ
464 2156 573 2189 ἀγνοίας
601 2155 682 2182 αὑτὸν
707 2155 931 2190 κατέστησε,τῆς

141 2203 227 2237 ἁγίας
239 2202 348 2229 συνόδου
373 2202 541 2237 κελευσάσης
567 2202 630 2234 τοὺς
654 2202 781 2234 ἀναξίους
800 2201 869 2237 μετὰ
882 2201 932 2236 τὴν

141 2249 313 2286 χειροτονίαν
338 2248 533 2284 ἐλεγχομένους
554 2249 600 2275 ἐπὶ
627 2248 800 2291 ἐγκλήμασιν
827 2248 930 2275 ὲκϐάλ-
945 2237 971 2266 Ῑ)

141 2295 252 2322 λεσθαι.

183 2343 256 2377 Βιβλ.
273 2345 308 2373 α’,
322 2342 375 2369 τίτ.
386 2345 421 2377 γ’,
435 2342 505 2369 διάτ.
520 2345 550 2374 ε’,
575 2342 622 2369 ὲάν
635 2351 676 2374 τις
691 2342 811 2378 ἁρπάσῃ.
823 2342 839 2377 ἢ
853 2342 932 2377 μόνον

142 2390 265 2424 πειραθῇ
284 2388 375 2414 λαϐεῖν
390 2387 514 2423 γαμετὴν
537 2387 671 2422 παρθένον
705 2387 790 2422 ἱερὰν,
820 2386 932 2421 κεφαλι‹

143 2435 204 2466 κῶς
223 2435 393 2469 τιμωρεῖται·
425 2434 472 2460 καὶ
496 2433 566 2459 διάτ.
581 2435 620 2467 νγ¹
635 2432 680 2459 τοῦ
705 2432 787 2458 αὐτοῦ
797 2432 863 2464 τίτ.,
878 2432 934 2463 τοῖς

143 2479 271 2516 γονεῦσι,
291 2481 338 2506 καὶ
359 2481 417 2516 τοῖς
448 2479 583 2513 ἀδελφοῖς,
602 2479 648 2505 καὶ
660 2480 716 2510 τοῖς
737 2478 867 2513 κηδεμόσι
882 2478 935 2504 τῶν

145 2527 304 2563 παρθένων,
322 2527 367 2553 καὶ
381 2525 568 2556 διακονισσῶν,
598 2526 646 2552 καὶ
668 2525 722 2552 τῶν
737 2524 886 2560 ἀνειμένων
898 2524 936 2559 τῷ

145 2574 211 2608 θεῷ
225 2573 327 2609 χηρῶν,
343 2572 430 2605 ἔξεστι
455 2572 517 2603 τοὺς
546 2572 674 2606 ἅρπαγας
696 2571 795 2604 αὐτῶν,
812 2572 859 2598 καὶ
874 2571 938 2603 τοὺς

146 2622 180 2646 ἐν
197 2618 285 2654 καιρῷ
298 2619 347 2652 τῆς
362 2618 457 2652 ἐφόδου
485 2617 650 2652 βοηθοῦντας
680 2618 783 2650 αὐτοῖς,
801 2618 844 2644 ἐπ’
859 2617 938 2644 αὖτο-

147 2665 237 2701 φὼρῳ
251 2665 385 2700 φονεύειν·
403 2666 426 2691 εἰ
443 2664 470 2690 δὲ
485 2664 664 2698 διαφύγωσιν,
687 2663 867 2699 ἀναζητοῡσιν
881 2664 939 2697 ,αὐ-

146 2712 227 2745 τοὺς,
243 2712 272 2738 ὲν
294 2710 579 2738 Κωνσταντινουπόλει
605 2709 653 2745 μὲν
679 2710 704 2736 οἱ
722 2710 839 2746 ὕπαρχοι
854 2710 899 2736 καὶ
926 2711 939 2736 ὁ

148 2760 285 2794 ἔπαρχος,
302 2759 330 2785 ὲν
344 2759 372 2784 δὲ
386 2761 444 2789 ταῖς
459 2757 614 2792 ἐπαρχίαις,
641 2757 740 2789 πάντες
753 2757 778 2783 οἱ
800 2757 940 2792 ἄρχοντες,

149 2805 290 2832 πολιτικοί
315 2814 344 2832 τε
361 2805 406 2831 καὶ
435 2802 637 2838 στρατιωτικοὶ,
663 2804 709 2830 καὶ
725 2803 792 2838 μετά
814 2804 942 2830 σύστασιν

192 2884 214 2900 ⁵⁸
235 2883 317 2911 Basil.
336 2890 423 2912 canon
439 2882 487 2918 50;
501 2881 627 2910 Clialccd.
642 2881 686 2908 27,

956 275 1038 311 308
1050 276 1208 311 episcopum
1221 275 1353 311 praesides
1366 280 1393 303 et
1410 276 1537 304 cohortes
1552 276 1741 304 vindicantur:

956 320 1016 355 ipsa
1031 327 1096 348 vero
1111 328 1173 347 cum
1189 321 1272 348 rebus
1287 320 1344 348 suis
1364 320 1390 347 in
1405 320 1603 348 monasterium
1627 321 1743 356 conjici-

957 370 1011 398 tur,
1030 364 1153 401 [ibidem]
1167 370 1247 393 caute
1261 366 1437 393 asservanda.
1452 365 1536 392 Plane
1551 366 1574 393 si
1587 366 1742 394 diaconissa

957 412 1003 443 sit,
1029 415 1055 437 et
1083 410 1222 445 legitimos
1246 410 1347 438 liberos
1375 410 1482 443 habeat,
1507 410 1567 446 [illi]
1596 411 1743 446 legitimam

956 459 1061 490 partem
1076 456 1196 490 capiunt.
1213 455 1292 488 Quod
1317 456 1339 482 si
1359 455 1429 482 intra
1450 463 1551 482 annum
1569 463 1623 491 quo
1648 457 1743 484 istius-

958 501 1030 529 modi
1055 502 1145 530 scelus
1162 501 1297 533 inuotuit,
1324 501 1394 537 [eas]
1413 501 1557 529 facultates
1574 502 1744 530 venerabiles

957 546 1055 573 domus
1069 553 1123 573 non
1138 545 1275 573 vindicent
1290 555 1296 572 :
1314 545 1396 573 ﬁscus
1411 546 1472 573 illas
1491 546 1600 581 accipit.
1625 546 1699 580 Quas
1721 549 1744 576 si

957 600 1057 627 praeses
1069 593 1208 621 vindicare
1224 593 1388 627 neglexerit,
1401 593 1508 628 singulo
1521 594 1652 628 privatur,
1665 599 1746 629 atque

957 639 1078 673 quinque
1095 638 1172 666 libris
1195 637 1266 674 [auri
1283 638 1364 665 rebus
1385 637 1530 674 principis]
1548 639 1661 674 privatis
1684 639 1746 674 [ap-

958 683 1101 720 plicandis]
1118 683 1257 712 multatur.

990 730 1065 758 CAP.
1080 729 1167 758 XXX.
1182 746 1217 750 —
1237 731 1275 758 De
1291 731 1324 758 iis
1336 731 1380 766 qui
1402 731 1565 758 matrimonii
1585 739 1667 758 causa
1688 739 1748 758 mu-

959 776 1034 802 lieres
1053 776 1171 810 rapiunt.

1178 821 1366 856 Apostolorum
1382 830 1466 849 canon
1486 822 1532 849 67.

993 867 1027 895 67
1043 867 1111 903 [66].
1127 867 1156 895 Si
1171 868 1233 902 quis
1253 868 1385 902 virginem
1414 875 1468 895 non
1499 868 1701 904 desponsatam,
1723 877 1748 897 vi

963 913 1042 941 allata
1059 913 1150 946 habet,
1167 917 1219 940 etc.
1239 918 1266 940 ut
1281 921 1341 948 pag.
1356 913 1417 940 858.

1105 958 1218 986 Concilii
1231 958 1364 993 Aucymni
1382 966 1494 985 canones
1510 959 1552 991 11,
1565 958 1611 986 25.

1002 1005 1046 1032 Η.
1065 1004 1248 1039 Desponsatas
1264 1004 1324 1031 aliis
1340 1004 1456 1039 puellas,
1478 1009 1506 1031 et
1524 1005 1559 1031 ab
1581 1005 1641 1032 aliis
1657 1009 1750 1040 postea

966 1055 1056 1086 raptas
1069 1071 1076 1083 ,
1101 1050 1188 1077 visum
1214 1053 1256 1078 est
1285 1049 1339 1082 iis,
1356 1050 1456 1085 quibus
1481 1051 1649 1085 despOusataa
1662 1056 1753 1084 erant,

966 1097 1058 1130 reddi,
1075 1097 1156 1124 etiam
1173 1097 1196 1124 si
1211 1097 1265 1124 vim
1283 1104 1372 1131 passa:
1385 1101 1458 1124 sunt.

1003 1202 1048 1229 25.
1066 1201 1182 1234 Quidam
1204 1201 1247 1229 cui
1263 1205 1322 1228 erat
1339 1201 1428 1235 puella
1441 1201 1615 1235 desponsata,
1636 1202 1694 1235 ejus
1708 1209 1754 1229 so-

968 1249 1023 1276 rori
1035 1248 1130 1275 vilium
1145 1247 1246 1279 attulit,
1259 1247 1296 1275 ita
1310 1251 1340 1274 ut
1353 1255 1383 1275 ea
1397 1247 1478 1274 etiam
1493 1247 1657 1282 conciperet.
1669 1248 1755 1283 Spon-

968 1301 1026 1321 sam
1045 1297 1135 1321 autem
1151 1297 1244 1328 postea
1257 1300 1369 1320 uxorem
1384 1293 1470 1320 duxit.
1488 1293 1526 1320 Ea
1547 1298 1636 1320 autem
1656 1294 1699 1320 cui
1716 1293 1755 1320 vi-

969 1340 1037 1367 tium
1059 1345 1117 1367 erat
1139 1340 1262 1372 allatum,
1284 1347 1313 1367 se
1336 1339 1487 1367 suﬁ'ocavit.
1508 1340 1559 1372 Qui
1576 1340 1678 1367 conscii
1696 1339 1756 1367 fue-

969 1391 1040 1418 rant,
1052 1387 1122 1421 jussi
1142 1390 1206 1413 sunt
1219 1385 1352 1413 decennio
1368 1385 1395 1412 in
1409 1393 1456 1413 eos
1472 1386 1519 1420 qui
1534 1386 1697 1416 consistunt.
1715 1393 1757 1413 re-

970 1433 1023 1468 cipi
1037 1441 1085 1468 per
1097 1433 1197 1467 gradus
1210 1432 1344 1459 deiiuitos.

1112 1477 1224 1505 Cancilii
1240 1477 1460 1505 Chalcedonensis
1476 1485 1560 1504 canon
1573 1478 1618 1505 ‘27.

1008 1525 1053 1551 27.
1074 1523 1128 1551 Eos
1141 1523 1187 1558 qui
1203 1523 1314 1551 nomine
1332 1523 1451 1558 conjugii
1463 1543 1470 1556 ,
1487 1527 1554 1556 etc.,
1574 1527 1603 1550 ut
1618 1531 1678 1558 pay.
1693 1523 1757 1551 750.

1119 1567 1230 1595 Concilii
1249 1568 1402 1594 meumem‘ci
1419 1575 1446 1594 v1
1468 1575 1552 1594 canon
1572 1568 1617 1595 92.

1007 1615 1052 1643 92.
1074 1615 1126 1642 Eos
1153 1614 1200 1649 qui
1227 1614 1337 1641 nomine
1368 1614 1534 1641 matrimonii
1561 1614 1687 1642 mulieres
1717 1622 1761 1641 ra-

973 1661 1052 1696 piunt
1066 1660 1099 1691 ⁶⁰,
1120 1660 1222 1695 quique
1244 1667 1327 1694 opera
1349 1666 1456 1694 opeque
1478 1667 1526 1686 sua
1544 1664 1666 1694 raptores
1685 1660 1761 1693 adju-

975 1711 1055 1740 vant,
1076 1706 1170 1734 statuit
1186 1710 1281 1733 sancta
1296 1705 1437 1741 synodus:
1457 1705 1479 1732 si
1504 1705 1559 1732 sint
1575 1705 1683 1739 quidem
1706 1706 1761 1732 cle-

976 1751 1036 1782 rici,
1049 1751 1159 1786 proprio
1173 1750 1258 1786 gradu
1276 1749 1401 1777 excidere
1415 1758 1422 1782 ;
1435 1749 1459 1777 si
1475 1756 1539 1777 vero
1556 1749 1627 1782 laici,
1649 1751 1763 1777 anathe-

977 1802 1049 1824 mate
1063 1797 1176 1831 percuti.

1030 1842 1111 1878 309
1129 1842 1263 1877 Theophili
1294 1850 1326 1870 ea;
1348 1842 1552 1869 Commam'torio
1571 1851 1654 1869 canon
1671 1843 1697 1868 2.

1013 1889 1040 1915 2.
1061 1889 1099 1916 De
1121 1888 1206 1920 Bislo,
1223 1889 1269 1923 qui
1295 1888 1321 1915 in
1346 1888 1433 1916 Ercba
1451 1889 1619 1916 constitutus
1634 1892 1676 1915 est
1691 1895 1767 1922 pres-

979 1931 1065 1966 byter,
1081 1931 1259 1966 quzureudum
1274 1935 1315 1958 est
1331 1939 1339 1963 ;
1357 1928 1384 1958 et
1399 1931 1421 1958 si
1441 1930 1523 1958 alicui
1535 1931 1643 1965 quidem
1658 1930 1766 1957 mulieri

980 1982 1120 2012 scparatm.
1144 1978 1253 2005 vivente
1270 1978 1378 2011 marito,
1397 1979 1450 2005 vim
1477 1979 1578 2011 attulit,
1597 1986 1649 2005 non
1662 1979 1768 2006 sinatur

980 2031 1041 2052 esse
1074 2024 1236 2059 presbyter;
1258 2031 1319 2051 nam
1341 2031 1375 2051 ne
1401 2029 1430 2051 ut
1453 2024 1539 2051 laicus
1565 2024 1671 2058 quidem
1690 2025 1770 2052 debet

981 2069 1194 2101 communicare,
1217 2077 1279 2096 rum
1307 2076 1354 2096 eos
1390 2070 1436 2104 qui
1459 2070 1528 2096 tales
1555 2075 1619 2097 sunt
1643 2077 1770 2104 separare

981 2115 1157 2142 consueverit
1179 2115 1312 2142 Ecclesia.
1328 2115 1384 2142 Hoc
1399 2120 1489 2143 autem
1506 2116 1608 2142 nullum
1625 2115 1770 2150 aﬁ'ertepi-

983 2168 1066 2196 scopo
1093 2161 1211 2195 Apollini
1240 2161 1438 2196 prtejudicium,
1465 2162 1487 2189 si
1501 2169 1627 2197 cumper
1641 2161 1769 2196 ignorau-

984 2209 1049 2235 tiam
1076 2208 1236 2240 constituit;
1257 2215 1319 2234 cum
1334 2213 1427 2235 sancta
1453 2209 1573 2244 synodus
1591 2208 1770 2243 jusseritcos,

984 2254 1030 2288 qui
1048 2257 1108 2289 post
1138 2253 1338 2280 ordinationem
1355 2258 1464 2288 propter
1477 2254 1580 2281 crimen
1598 2253 1773 2288 indignirssc

984 2298 1192 2329 convincuntur,
1204 2298 1312 2333 expelli.

1021 2341 1127 2369 Textus.
1144 2342 1204 2369 Lib.
1224 2350 1243 2374 ι,
1257 2341 1298 2369 ιίι.
1314 2342 1340 2375 5,
1356 2346 1445 2370 Const.
1460 2342 1486 2370 5.
1507 2342 1535 2369 Si
1556 2342 1618 2377 quis
1640 2343 1774 2381 rapuerit.

984 2392 1031 2415 aut
1047 2387 1143 2415 saltem
1169 2388 1196 2414 in
1223 2395 1337 2414 uxorem
1363 2395 1460 2422 capere
1485 2392 1619 2415 sacratam
1641 2388 1774 2422 virginem

985 2438 1099 2461 conatus
1124 2434 1179 2465 sit,
1215 2433 1326 2468 capitali
1349 2441 1431 2468 puella
1449 2433 1555 2460 feritur.
1574 2433 1606 2460 Et
1624 2438 1713 2461 const.
1730 2434 1775 2465 55,

989 2481 1111 2516 ejusdem
1128 2481 1169 2508 til.
1184 2480 1346 2508 Parentibus
1363 2480 1505 2512 fratribus,
1521 2485 1547 2507 et
1564 2481 1700 2508 tutoribus
1720 2481 1776 2508 sive

991 2527 1164 2555 curatoribus
1179 2527 1324 2561 virginum,
1342 2527 1573 2559 diaconissarunt,
1591 2531 1618 2554 et
1633 2535 1770 2555 consecrat.

993 2578 1082 2600 larum
1097 2572 1153 2600 Deo
1166 2573 1320 2604 viduarum,
1338 2572 1401 2599 licet
1421 2576 1546 2606 raptores
1562 2580 1669 2605 earum,
1684 2576 1711 2599 et
1732 2572 1777 2606 qui

993 2619 1032 2646 eis
1053 2618 1185 2646 auxilium
1210 2623 1331 2653 tempore
1351 2618 1502 2645 invasionis
1525 2619 1657 2653 praebent,
1674 2618 1701 2644 in
1720 2618 1778 2652 ipso

993 2671 1054 2692 actu
1067 2665 1249 2699 deprehensos
1262 2664 1397 2692 occidere.
1413 2663 1460 2691 Sin
1482 2670 1572 2691 autem
1598 2663 1660 2698 fuga
1684 2670 1777 2690 evase-

984 2711 1058 2742 rint,
1093 2711 1258 2745 investigarit
1293 2711 1367 2745 ipsos
1397 2709 1631 2744 Constantinopoli
1661 2707 1779 2742 praefecti

993 2756 1145 2793 [praetorio]
1164 2761 1191 2784 et
1207 2756 1353 2792 praefectus
1369 2755 1469 2792 [urbis]
1483 2765 1489 2782 :
1508 2756 1534 2782 in
1552 2754 1699 2790 provinciis
1716 2761 1780 2781 vero

993 2803 1151 2838 quicunque
1169 2803 1345 2839 magistratus
1369 2806 1396 2830 et
1420 2801 1513 2829 civiles
1530 2805 1555 2827 rt
1578 2800 1732 2828 militares:
1755 2804 1782 2826 et
