1951 3071
211 165 262 197 787

751 178 755 181 ν
770 162 901 192 ΡΗΟἹἹΙ
921 159 1175 191 PATRIARCH/E
1187 159 1240 188 CP.

1789 152 1845 183 788

213 227 274 256 post
289 219 424 256 [testium]
442 218 610 247 coaetionem
627 217 688 245 illos
706 217 780 244 nulla
803 217 924 244 admissa
946 216 997 243 l‘ori

1053 215 1089 251 μὴ
1109 215 1268 250 χρωμένους
1287 212 1468 249 παραγραφῇ,
1496 209 1680 256 τιμωροῦνται
1706 209 1841 243 ὲσχάτως⁶

212 267 417 303 praescriptione
439 266 536 293 ultimo
560 264 695 299 supplicio
717 263 838 291 aﬂiciunt
856 271 908 290 :ac
927 265 998 290 bona

215 314 342 348 raptoris,
360 312 475 347 ejusque
495 311 540 346 qui
559 310 600 346 (ut
618 310 720 337 dictum
735 310 787 343 est)
806 309 844 336 illi
860 309 999 344 suppetias

213 360 286 393 tulit,
300 359 373 394 capit
396 357 594 385 monasterium
618 361 666 383 aut
687 356 861 387 asceterium,
886 360 915 382 ut
936 355 1000 382 inde

213 405 269 432 vim
285 412 366 440 passa
381 404 436 431 illic
455 403 554 430 alatur.
573 402 601 429 Si
617 409 681 429 vero
697 409 758 436 quae
774 402 826 428 vim
844 409 924 436 passa
944 405 998 433 est,

214 450 369 478 diaconissa
383 450 515 476 duntaxat
530 448 576 480 sit,
593 455 646 474 nou
660 451 751 474 autem
769 446 897 478 ascetria,
910 453 999 480 neque

214 496 363 524 mouastria
380 504 387 522 :
406 494 597 530 proprietatem
618 493 704 529 ipsius
718 493 848 526 ecclesia,
863 493 920 528 ipsa
935 499 999 519 vero

214 542 416 570 ttsumfruclum
440 541 523 575 capit.
542 539 678 568 Caeterum
698 540 744 574 qui
766 539 820 566 alio
837 539 917 566 tnodo
931 539 999 574 ipsis

214 589 371 623 adjumento
397 586 517 618 fuerunt,
538 592 585 613 aut
603 585 786 613 ministerium
812 585 997 620 praebuerunt,

213 639 259 662 aut
276 633 380 662 conscii
405 633 526 665 fuerunt,
549 636 596 659 aut
619 636 810 666 susceperunt,
833 636 880 659 aut
900 639 999 666 quam-

213 686 322 713 cunque
339 686 417 713 opem
434 677 594 709 attulerunt,
610 677 707 704 ultimo
724 676 915 704 tantummodo
931 683 997 710 sup—

212 725 295 760 plicio
309 724 464 758 subiacent.
480 723 582 751 Locum
607 727 697 750 autem
713 722 841 757 praedicta
863 720 997 757 [liabeut,]

213 770 322 798 tametsi
338 770 431 797 volens
449 769 583 796 uictarum
597 769 742 795 mulierum
757 768 847 803 aliqua
863 772 939 801 rapta
952 767 997 794 sit.

213 815 274 843 Lib.
292 824 311 848 ι,
329 815 370 842 tit.
387 815 413 847 4,
426 814 507 849 310
521 819 609 841 const.
625 815 649 844 5.
666 814 696 841 Et
708 815 734 840 in
748 814 844 841 diebus
857 812 999 840 Paschalis

213 859 350 894 virginum
379 863 502 893 raptores
531 858 570 894 [in
598 857 750 893 carcerem]
776 858 953 884 includuntur
971 861 998 884 et

1051 261 1098 288 καὶ
1108 261 1142 287 τὰ
1152 260 1303 295 πράγματα
1318 259 1365 285 τοῦ
1379 258 1514 294 ἅρπαγος,
1530 257 1576 283 καὶ
1593 255 1652 288 τοῦ,
1667 255 1705 288 ὡς
1719 255 1842 291 εἴρηται,

1051 307 1236 342 βοηθήσαντος
1251 305 1336 339 αὐτῷ,
1362 304 1496 340 λαμϐάνει
1523 303 1554 330 τὺ
1579 302 1760 338 μοναστήριον
1780 301 1844 337 ἣτὸ

1051 352 1229 386 ἁσκητήριον,
1248 351 1290 385 ἐφ’
1302 347 1324 384 ᾧ
1337 349 1439 384 καὶτὴν
1457 347 1615 384 βιασθεῖσαν
1630 346 1660 378 ἐξ
1673 346 1763 373 αὐτῶν
1784 346 1845 372 ἐκεῖ

1050 398 1209 434 τρέφεσθαι·
1227 398 1250 423 εί
1264 397 1292 423 δὲ
1308 396 1387 430 μόνον
1401 394 1557 421 διακόνισσά
1569 394 1643 420 ἐστιν
1660 393 1677 428 ἡ
1701 392 1844 427 βιασθεῖσα

1050 444 1098 470 καὶ
1112 443 1162 469 οὐκ
1178 442 1343 478 ἀσκήτριαῆ
1359 441 1520 476 μονάστρια,
1537 439 1586 475 τὴν
1605 439 1658 474 μὴν
1681 437 1843 464 δεσποτείαν

1051 490 1067 524 ἡ
1084 488 1145 515 κατ’
1159 487 1246 522 αὐτὴν
1263 485 1411 520 Ἐκκλησία
1420 484 1566 520 λαμϐάνει,
1583 484 1653 518 αὐτὴ
1667 483 1696 510 δὲ
1708 482 1756 518 τὴν
1772 483 1843 517 χρῆ-

1051 542 1105 561 σιν·
1121 535 1147 560 οι
1167 534 1196 560 δὲ
1211 533 1298 564 ἄλλως
1312 533 1381 567 αὐτῇ
1407 531 1631 566 βοηθήσαντες,ἢ
1649 529 1843 564 ὑπούργήσαν-

1050 588 1108 611 τες,
1122 578 1139 606 ii
1158 579 1320 611 συνειδότες,
1336 578 1353 613 ἦ
1366 577 1573 612 ὑποδεξάμενοι,
1596 576 1612 610 ἢ
1630 575 1748 610 σπουδὴν
1767 575 1842 601 οἱαν-

1049 626 1150 659 δήποτε
1176 624 1432 660 συνεισαγαγόντες,
1455 623 1524 659 μόνῃ
1547 624 1580 658 τῇ
1592 624 1695 658 ἐσχάτῃ
1720 622 1843 658 τιμωρίᾳ

1050 671 1218 698 ὑπόκεινται’
1240 671 1316 706 χώρα
1342 670 1370 697 δὲ
1383 671 1440 701 τοῖς
1470 670 1637 704 εἰρημένοις,
1663 669 1716 695 κᾶν
1739 668 1843 695 ἑκοῦσά

1049 716 1149 749 τιςτῶν
1162 717 1316 752 εἰρημένων
1329 715 1467 750 γυναικῶν
1478 715 1637 751 ἁμαρτηθῇ,
1652 715 1724 749 pter.
1740 712 1776 747 α’,
1786 714 1841 740 τίτ.

1049 763 1081 794 δ’.
1097 762 1166 789 διάτ.
1178 765 1214 797 γ’·
1234 762 1282 789 καὶ
1310 763 1338 788 ὲν
1349 763 1408 794 ταῖς
1436 762 1554 797 ἡμέραις
1567 761 1615 787 τοῦ
1636 761 1732 795 Πάσχα
1751 760 1775 786 οἱ
1789 759 1844 786 τῶν

1050 809 1191 844 παρθένων
1221 808 1348 843 ἅρπαγες
1384 807 1554 842 ἑγκλείονται
1592 807 1640 834 καὶ
1667 806 1843 841 διεσμοῦνιπι⁹

1051 853 1120 889 βιϐλ.
1132 852 1168 888 γ’,
1181 853 1234 881 τίτ.
1249 854 1299 887 κδ’,
1316 853 1388 880 διάτ.
1408 857 1445 886 α’,
1462 854 1476 879 ὁ
1492 853 1530 888 μὴ
1544 853 1581 880 ὢν
1598 852 1762 887 ίλλούοτριος
1775 851 1845 878 ἀλλὰ

213 905 382 932 vinciuntur.
398 905 458 932 Lib.
477 913 517 937 ιιι,
533 905 574 932 tit.
590 905 636 936 21,
655 908 746 931 const.
763 903 787 930 Ι.
809 902 860 936 Qui
881 902 996 930 illustris

1053 900 1133 936 μόνον
1142 900 1344 935 λαμπρότατος,
1374 901 1504 935 ἁρπαγὴν
1524 901 1553 926 ὲν
1569 899 1691 935 ἐπαρχίᾳ
1705 898 1843 934 παρθένου

213 958 268 978 non
284 955 335 983 est,
358 951 404 978 sed
427 951 617 978 tantummodo
640 949 821 980 clarissimus.
844 948 868 975 si
891 953 998 983 raptttm

212 996 327 1031 virginis
341 996 368 1024 in
385 997 526 1030 provincia
541 996 729 1023 commiserit:
747 996 801 1022 illic
815 995 919 1029 legibus
936 994 1000 1022 sub-

212 1043 334 1076 iugatur,
350 1049 400 1069 nec
412 1041 462 1069 fori
480 1042 685 1077 prazscriptioue
701 1041 796 1068 utitur.

250 1086 358 1115 Textus.
372 1087 426 1115 Tit.
440 1088 486 1119 ΔΙ,
504 1092 591 1115 const.
607 1087 634 1114 4.
652 1087 705 1120 Qui
722 1087 788 1115 dicit
803 1095 819 1114 ιι
837 1094 916 1114 servo
933 1095 1000 1114 uxo-

212 1139 271 1164 rem
288 1139 365 1160 suam
382 1138 487 1167 raptam
502 1140 574 1164 esse,
591 1140 646 1160 non
662 1133 816 1165 domiuutn,
842 1133 888 1160 sed
910 1133 999 1167 ipsum

214 1185 346 1204 accusare
358 1177 446 1204 debet.
462 1177 521 1204 Lib.
534 1185 582 1210 vtt,
595 1177 637 1204 tit.
654 1178 681 1208 5,
709 1183 797 1205 const.
814 1177 840 1204 5.
858 1177 886 1203 Si
904 1185 1000 1204 servus

213 1221 340 1248 detulerit
357 1221 471 1256 virginis
487 1226 605 1256 raptum,
619 1226 698 1256 pacto
715 1226 763 1248 aut
783 1221 1001 1249 dissimulatione

213 1267 344 1302 celatum,
359 1267 485 1295 libertate
501 1267 628 1295 donatur.
642 1267 701 1294 Lib.
719 1276 757 1301 ιχ,
773 1268 813 1295 tit.
828 1268 854 1299 9.
872 1272 958 1295 const.
971 1268 998 1295 '7.

213 1312 327 1340 Maritus
340 1312 373 1340 de
394 1312 512 1339 violenta
537 1311 651 1347 virginis
677 1311 911 1346 constupratione.
937 1316 1001 1338 ante

213 1358 417 1385 matrimonium
439 1357 546 1394 [facta].
560 1358 613 1386 nisi
627 1357 698 1394 [illa]
711 1365 810 1393 sponsa
825 1357 885 1392 ejus
900 1357 999 1390 fuerat,

212 1401 374 1439 [actionem]
393 1410 513 1434 movere.
534 1407 663 1438 tanquatu
684 1403 808 1436 maritus,
827 1411 881 1430 non
901 1407 998 1437 potest.

213 1449 272 1483 ipsa
290 1453 380 1476 autem
399 1457 452 1476 uua
475 1457 537 1477 eum
558 1450 732 1477 curatoribus
755 1454 856 1477 m0vet.
879 1449 933 1477 Tit.
955 1450 999 1483 10,

213 1497 302 1520 const.
317 1494 343 1520 1.
361 1493 389 1520 Si
410 1494 471 1528 quis
490 1502 550 1521 eam
565 1494 645 1529 cujus
661 1499 733 1522 tutor
745 1495 808 1527 fuit,
823 1495 1000 1529 stupraverit,

213 1540 382 1579 deportatur,
397 1540 512 1575 ejttsque
536 1541 670 1568 universae
694 1540 838 1568 facultates
857 1541 1000 1575 publican-

213 1590 267 1612 tur.
294 1584 349 1612 Tit.
369 1586 410 1616 11,
427 1590 517 1614 const.
533 1587 560 1613 5.
581 1585 608 1613 Si
626 1592 704 1622 rapta
725 1587 808 1614 fuerit
833 1595 934 1622 sponsa
951 1587 998 1614 lilii

213 1631 278 1662 mei.
293 1631 379 1666 legem
396 1631 520 1667 [Juliam]
540 1633 574 1660 de
588 1633 613 1660 vi
627 1640 734 1660 moveo.
750 1633 809 1660 Lib.
825 1641 863 1666 Ix,
889 1633 930 1660 tit.
954 1633 1000 1665 15,

212 1682 302 1705 const.
319 1678 345 1712 1,
363 1682 390 1705 et
411 1679 503 1706 unica.
522 1679 551 1705 Si
570 1679 632 1713 quis
659 1679 878 1714 qualemcunque
902 1679 1000 1706 mulie-

213 1731 281 1756 rcm,
297 1724 355 1751 sive
373 1724 516 1759 ingenuam
543 1724 601 1752 sive
625 1732 742 1758 servam,
767 1725 889 1759 rapuerit
913 1734 920 1751 :
947 1730 1000 1752 tam

216 1769 269 1796 etsi
298 1769 348 1803 ipsi
373 1769 508 1803 desponsa
537 1769 628 1803 fuerit,
645 1771 751 1805 capitali
776 1771 912 1798 sententia
936 1777 1002 1798 con-

213 1816 358 1841 uetunatus
383 1815 510 1846 moritur,
530 1819 558 1842 et
574 1815 676 1849 pariter
695 1823 756 1842 cum
777 1823 809 1843 eo
825 1817 870 1850 qui
883 1817 909 1842 iu
922 1821 1001 1851 raptu

213 1858 344 1885 auxilium
362 1859 484 1887 tulerint.
502 1860 650 1895 Raptarum
677 1867 767 1888 autem
786 1862 920 1896 patribus,
943 1861 1000 1888 fra-

213 1906 312 1937 tribus,
325 1906 462 1933 tutoribus
478 1907 520 1934 vel
537 1907 720 1940 curatoribus,
736 1908 860 1942 patronis
874 1912 901 1935 et
912 1908 1002 1935 domi-

214 1951 256 1978 uis
281 1951 430 1979 iuvasionis
453 1956 575 1986 tempore
599 1952 647 1980 bos
671 1952 825 1980 interﬁcere
852 1952 924 1980 licet.
953 1951 1001 1979 Sin

212 2000 304 2023 autem
328 1996 391 2030 fuga
414 1997 563 2028 evaserint,
589 1997 754 2032 iuvestigant
778 1997 853 2032 ipsos
878 1997 1001 2033 Byzantii

213 2041 332 2076 praefecti
345 2041 496 2078 [praetorio]
511 2046 538 2069 et
550 2042 694 2077 praefectus
709 2041 797 2078 [urbis
813 2042 832 2078 :]
851 2043 878 2070 ιιι
891 2043 1001 2078 provin-

213 2088 263 2115 ciis
276 2096 341 2115 vero
355 2088 513 2122 quicunque
530 2088 716 2123 magistratus,
726 2088 850 2123 magistri
872 2089 1000 2119 militum,

212 2139 239 2161 et
255 2134 337 2161 duces
355 2142 363 2161 ε
383 2138 465 2169 atque
483 2140 545 2169 post
563 2133 698 2170 [testium]
715 2135 886 2161 coactiouem
902 2134 999 2161 interi-

211 2185 302 2211 ιιιιιιιι,
324 2179 376 2207 fori
393 2181 582 2215 prmsciptione
608 2184 656 2208 aut
678 2180 872 2215 provocatione
885 2181 923 2208 uti
947 2189 1001 2209 non

212 2230 356 2260 queuutes.

248 2270 282 2298 Et
297 2271 320 2298 si
338 2272 446 2306 quidem
472 2271 571 2299 ancilla
596 2272 638 2299 vel
658 2273 785 2300 libertina
810 2278 886 2308 rapta
908 2273 1001 2306 fuerit,

212 2317 414 2346 interﬁciuntur
443 2323 566 2352 raptores
593 2326 600 2344 :
631 2318 678 2345 sed
707 2318 810 2345 nullam
842 2319 1002 2346 substantia:

213 2362 433 2390 imminutionem
449 2363 598 2391 sustinent.
617 2363 651 2391 At
666 2364 688 2391 si
715 2366 831 2399 ingenua
856 2370 932 2399 rapta
956 2366 1000 2397 sit,

213 2417 310 2437 omnes
322 2417 365 2437 res
383 2410 511 2444 raptoris,
531 2410 610 2444 311
629 2418 781 2446 eorumque
796 2412 842 2446 qui
856 2411 906 2446 ipsi
923 2412 1001 2438 auxi--

212 2456 279 2483 lium
293 2456 468 2491 praebuerunt
480 2456 653 2491 applicantur
673 2462 756 2492 raptae
771 2466 778 2484 :
796 2466 857 2492 quae
880 2466 913 2484 ne
934 2465 1001 2484 cou-

213 2499 347 2527 sentiente
370 2501 479 2535 quidem
495 2507 572 2536 patre
590 2503 693 2536 raptori
709 2510 760 2530 suo
781 2503 884 2530 nubere
901 2508 1000 2538 potest.

213 2546 343 2573 Eamdetn
363 2553 452 2574 autent
476 2555 583 2581 poenam
606 2552 633 2575 et.
655 2549 750 2577 tnortis
772 2554 798 2576 ct
821 2550 1001 2586 [amissionisj

212 2601 303 2620 rerum
329 2593 476 2628 excipiunt.
511 2594 557 2629 qui
593 2594 626 2622 ad
647 2602 835 2629 aggressuraut
865 2602 1001 2630 raptorem

213 2641 335 2668 comitati
357 2647 430 2668 sunt.
448 2641 500 2669 Sed
525 2643 641 2673 conscii.
657 2647 685 2670 et
708 2643 836 2675 ministri,
862 2648 889 2670 et
908 2651 1002 2671 susce-

212 2693 316 2722 ptores,
343 2691 371 2715 et
394 2689 439 2722 qui
468 2689 716 2723 quomodocunque
742 2690 896 2724 raptoribus
921 2697 1000 2724 opem

212 2735 334 2766 tulerint,
354 2734 575 2771 [utriuscuuquc]
591 2743 683 2767 sextis,
699 2741 725 2762 et
748 2736 937 2770 cujuscunque
954 2741 1002 2762 aut

211 2780 338 2812 formum,
355 2785 403 2807 aut
423 2781 535 2816 gradus,
553 2785 600 2807 aut
621 2780 760 2815 dignitatis
781 2781 836 2808 sint
858 2791 863 2807 :
892 2789 1000 2816 pmnam

213 2827 402 2854 tantummodo
428 2827 570 2862 capitalem
598 2827 727 2859 subeunt,
758 2827 862 2863 [idque]
891 2828 998 2855 etiamsi

214 2871 312 2898 mulier
336 2872 427 2901 volens
452 2878 526 2907 rapta
551 2873 596 2900 sit.
615 2872 697 2900 Plane
722 2873 744 2900 si
769 2879 894 2908 parentes
917 2878 1000 2908 raptu:

1050 945 1262 981 πλημμελήσας,
1293 946 1352 972 ἐκεῖ
1376 946 1433 977 τοῖς
1459 946 1555 981 νόμοις
1577 945 1770 977 ὑποϐάλλεται,
1805 944 1845 980 μὴ

1049 991 1190 1027 χρώμενος
1211 992 1295 1026 φόρου
1311 993 1492 1027 παραγραφῇ.

1085 1083 1144 1109 Tit.
1162 1087 1219 1117 μα’,
1235 1083 1305 1110 διάτ.
1320 1082 1351 1114 δ’,
1380 1083 1394 1109 ὸ
1413 1082 1501 1116 λέγων
1514 1082 1590 1117 παρὰ
1606 1080 1700 1108 δούλου
1713 1080 1763 1113 τὴν
1784 1081 1839 1107 αὗ-

1050 1128 1097 1155 τοῢ
1110 1128 1234 1163 γαμετὴν
1243 1128 1419 1163 ἀρπαγῆναι,
1434 1129 1464 1154 οὐ
1479 1127 1527 1154 τοῦ
1547 1127 1676 1154 δεσπότου
1687 1126 1745 1153 ἀλλ’
1758 1125 1843 1152 αὑτοῦ

1051 1175 1215 1210 κατηγορεῖν
1223 1175 1335 1208 ὀφείλει·
1346 1173 1416 1209 βιὸλ.
1427 1173 1460 1207 ζ’,
1468 1174 1520 1201 τίτ.
1531 1176 1566 1208 γ’.
1575 1173 1645 1200 διάτ.
1654 1176 1690 1208 γ’,
1697 1173 1744 1200 ἐὰν
1751 1172 1844 1204 δοῦλος

1051 1219 1233 1255 καταμηνύσῃ
1262 1220 1391 1255 ἁρπαγὴν
1409 1219 1543 1255 παρθένου
1557 1218 1808 1253 λαθοῦσαν,πάκτῳ
1825 1218 1842 1253 ἢ

1049 1265 1284 1300 ἁποπροσποιήσει
1302 1263 1503 1299 ἐλευθεροῦται·
1516 1263 1586 1299 βιϐλ.
1606 1263 1640 1296 θ’,
1656 1263 1708 1291 τίτ.
1723 1262 1756 1294 θ’,
1770 1263 1842 1289 διάτ.

1051 1310 1084 1342 ζ’,
1096 1312 1110 1336 ό
1126 1309 1197 1346 ἀνὴρ
1213 1310 1244 1336 οὐ
1257 1309 1370 1336 δύναται
1385 1311 1471 1336 κινεῖν
1486 1310 1524 1341 ὡς
1542 1310 1611 1345 ἀνὴρ
1638 1310 1701 1344 περὶ
1719 1310 1770 1344 τῆς
1788 1309 1843 1343 πρὸ

1050 1355 1097 1382 τοῦ
1110 1355 1200 1391 γάμου
1227 1355 1317 1390 βιαίας
1332 1356 1382 1390 τῆς
1413 1355 1549 1391 παρθένου
1580 1355 1694 1391 φθορᾶς,
1710 1356 1734 1382 ει
1755 1355 1793 1390 μὴ
1806 1352 1842 1389 ἦν

1051 1411 1133 1438 αὐτοῦ
1152 1411 1269 1446 μνηστήν
1286 1410 1355 1446 αὑτὴ
1366 1411 1394 1437 δὲ
1413 1412 1484 1437 κινεί
1504 1411 1638 1437 συνόντων
1663 1410 1718 1436 τῶν
1744 1418 1843 1444 κουρα-

1050 1455 1155 1491 τώρωνο
1181 1456 1236 1482 τίτ.
1268 1459 1294 1488 t',
1310 1455 1380 1482 διάτ.
1397 1459 1433 1487 α’,
1460 1456 1509 1482 ἐάν
1535 1464 1578 1487 τις
1590 1455 1689 1491 φθείρῃ
1708 1454 1758 1490 τὴν
1776 1455 1842 1489 παρ’

1050 1501 1133 1529 αὑτοῦ
1145 1502 1388 1538 ἐπιτροπευθεῖσαν
1401 1502 1640 1537 δεπορτατεύεται,
1660 1502 1706 1528 καὶ
1724 1502 1764 1532 εἰς
1787 1502 1845 1528 ὁλό-

1051 1547 1151 1581 κληρον
1167 1546 1328 1580 δημεύεται·
1345 1547 1397 1573 ’τί-ἔ.
1412 1547 1457 1578 ια’,
1476 1547 1547 1574 διάτ.
1570 1549 1605 1580 γ’,
1630 1547 1679 1573 ἐὰν
1696 1546 1809 1581 ἁρπαγῇ
1825 1547 1842 1581 ἡ

1054 1592 1161 1627 μνηστὴ
1175 1592 1222 1618 τοῦ
1241 1591 1302 1618 υἱοῦ
1316 1601 1378 1628 μου,
1392 1592 1459 1618 κινῶ
1470 1592 1515 1619 τὸν
1523 1593 1587 1626 περὶ
1597 1592 1657 1627 βίας
1667 1591 1757 1626 νόμον·
1769 1591 1844 1626 βιελ.

1053 1638 1086 1670 θ’,
1098 1638 1150 1665 τίτ.
1167 1641 1212 1671 ιγ’,
1227 1638 1298 1665 διάτ.
1317 1641 1341 1663 α’
1369 1638 1416 1664 καὶ
1431 1639 1511 1673 μόνη,
1527 1639 1574 1665 ὲάν
1602 1647 1644 1669 τις
1666 1638 1778 1672 ἁρπάσῃ
1802 1639 1845 1664 οἱ·

1053 1683 1187 1718 ανδήποτε
1206 1684 1324 1717 γυναῖκα
1337 1683 1432 1718 δούλην
1447 1684 1464 1718 ἢ
1477 1683 1633 1719 ἐλευθέραν,
1655 1683 1705 1710 κᾶν
1720 1681 1754 1719 ἦν
1768 1683 1845 1718 αὐτῷ

1054 1729 1297 1764 μεμνηπευμένη,
1318 1729 1475 1763 κεφαλικῶς
1500 1730 1750 1764 καταδικαζόμενος
1777 1730 1845 1756 ἀπο-

1053 1775 1175 1810 θνήσκει,
1188 1775 1234 1801 καὶ
1246 1775 1269 1801 οἱ
1284 1775 1313 1801 ὲν
1340 1776 1373 1810 τῇ
1399 1775 1511 1810 ἁρπαγῇ
1536 1775 1720 1810 βοηθήσαντες
1744 1775 1820 1810 αὐτῷ
1834 1794 1842 1801 .

1053 1821 1099 1847 καὶ
1128 1822 1184 1852 τοῖς
1212 1821 1331 1855 πατράσι
1346 1821 1399 1847 τῶν
1414 1821 1591 1856 ἁρπαγεισῶν
1608 1821 1707 1854 ἔξεστι,
1723 1822 1770 1848 καὶ
1787 1823 1846 1853 τοῖς

1053 1867 1178 1901 ἀδελφοῖς
1193 1867 1240 1893 καὶ
1254 1869 1311 1898 τοῖς
1331 1867 1460 1902 κηδεμόσι
1479 1867 1526 1894 καὶ
1545 1867 1670 1902 πάτρωσι
1684 1868 1731 1894 καλ¹
1746 1868 1845 1895 δεσπό-

1052 1921 1122 1945 ταις,
1138 1913 1166 1939 ὲν
1177 1912 1217 1948 τῷ
1234 1913 1323 1948 καιρῷ
1337 1913 1386 1948 τῆς
1416 1913 1510 1945 ἐφόδου
1535 1913 1647 1945 τούτους
1667 1913 1801 1947 φονεύειν·
1819 1915 1845 1940 εξ

1052 1959 1080 1985 δὲ
1089 1959 1268 1993 διαφύγωσιν,
1282 1959 1463 1993 ἀναζητοῦσιν
1477 1959 1587 1991 αὐτοὺς,
1601 1961 1630 1986 ὲν
1643 1959 1692 1994 μὲν
1704 1959 1845 1995 Βυζαντίῳ

1050 2004 1077 2029 οἱ
1095 2003 1214 2038 ὕπαρχοι
1228 2004 1276 2030 καὶ
1292 2003 1445 2039 ὀέπαρχος,
1461 2005 1490 2030 ὲν
1500 2003 1528 2030 δὲ
1537 2005 1598 2034 ταῖς
1612 2004 1759 2039 ἐπαρχίαις
1775 2005 1845 2031 πὰν-

1052 2058 1096 2080 τες
1115 2050 1139 2075 οἰ
1172 2049 1313 2084 ἄρχοντες,
1329 2050 1376 2076 καὶ
1390 2050 1594 2084 στρατηλάται,
1614 2050 1661 2076 καὶ
1672 2050 1779 2082 δοῦκες,
1797 2050 1846 2077 καὶ

1055 2095 1123 2129 μετὰ
1137 2095 1266 2121 σύστασιν
1283 2095 1436 2131 ἀναιροῦσι,
1456 2095 1494 2131 μὴ
1509 2095 1673 2131 δυναμένους
1688 2096 1846 2132 χρήσασθαι

1054 2143 1137 2176 φόρου
1151 2143 1321 2177 παραγραφῇ
1337 2141 1354 2176 ἢ
1367 2142 1502 2177 ἐκκλήτῳ.

1090 2278 1145 2304 Καὶ
1167 2278 1192 2304 εἰ
1217 2278 1266 2312 μὲν
1290 2277 1370 2314 δούλη
1400 2277 1416 2312 ἢ
1443 2277 1615 2313 ἀπελευθέρα
1629 2278 1753 2313 ἁρπαγῇ,
1766 2277 1844 2304 ἀναι-

1055 2323 1164 2358 ροῦνται
1179 2324 1202 2350 οἱ
1213 2323 1348 2359 ἅρπαγες,
1364 2324 1394 2349 οὐ
1409 2323 1462 2358 μὴν
1479 2323 1526 2349 καὶ
1543 2323 1654 2357 μείωσιν
1678 2323 1730 2358 τῆς
1749 2324 1847 2355 οὐσίας

1054 2370 1225 2405 ὑφίστανται·
1241 2371 1266 2396 εί
1283 2370 1311 2396 δὲ
1326 2369 1440 2404 εὐγενὴς
1460 2370 1585 2404 ἡρπάγη,
1606 2370 1695 2396 πάντα
1718 2370 1753 2396 τὰ
1773 2370 1849 2405 πρά-

1053 2425 1146 2452 γματα
1159 2415 1206 2442 τοῦ
1223 2416 1398 2450 ἁρπάσαντος
1413 2415 1460 2442 καὶ
1475 2415 1531 2442 τῶν
1547 2415 1739 2450 βοηθησάντων
1754 2416 1845 2452 αὐτῷ,

1054 2461 1272 2497 προσκυροῦνται
1286 2462 1318 2496 τῇ
1344 2461 1510 2499 ἁρπαγείσπ
1536 2460 1597 2487 οὗτε
1613 2461 1641 2487 δὲ
1654 2461 1847 2494 συναινοῦντος

1053 2507 1099 2534 τοῦ
1117 2507 1230 2542 πατρὸς,
1242 2506 1369 2533 δύνανται
1389 2507 1537 2541 γαμεῖσθαι
1553 2506 1593 2541 τῷ
1608 2507 1764 2542 ἁρπάσαντι
1775 2515 1781 2523 ⁸
1795 2507 1847 2543 τὴν

1054 2552 1138 2588 αὐτὴν
1157 2553 1186 2579 δὲ
1201 2553 1297 2587 ποινὴν
1324 2553 1371 2578 τοῦ
1387 2552 1504 2579 θανάτου
1528 2553 1574 2579 καὶ
1592 2552 1648 2578 τῶν
1671 2553 1847 2588 πραγμάτων

1054 2599 1226 2632 ὑφίστανται,
1255 2599 1280 2624 οἱ
1294 2598 1362 2633 πρὸς
1379 2598 1428 2633 τὴν
1444 2598 1536 2632 ἔφοδον
1551 2599 1635 2632 αὐτῆς
1646 2599 1846 2633 ἀκολουθήσαν-

1052 2651 1108 2675 τες
1124 2644 1148 2669 οἱ
1172 2643 1201 2670 δὲ
1230 2643 1386 2677 συνίστορες
1412 2643 1459 2669 καὶ
1471 2643 1641 2678 οι-ὺπουργοὶ
1656 2643 1701 2670 καὶ
1728 2645 1752 2669 οι
1782 2644 1846 2671 ὐπο-

1053 2691 1151 2726 δοχεῖς,
1168 2690 1214 2716 καὶ
1227 2690 1251 2715 οἱ
1267 2690 1390 2716 ὁπωσοῦν
1405 2690 1497 2721 αὐτοῖς
1510 2690 1722 2722 σπουδάσαντες,
1737 2690 1794 2722 οἵας
1810 2690 1845 2717 ἂν

1052 2735 1106 2763 εἶεν
1124 2736 1231 2770 φύσεως
1244 2736 1292 2762 κα)⁴
1312 2734 1396 2769 τύχης
1414 2735 1459 2761 καὶ
1478 2735 1612 2770 βαθμοῦῆ
1640 2736 1730 2768 ἀξίας,
1757 2736 1844 2770 μόνην

1051 2783 1101 2818 τὴν
1117 2783 1268 2818 κεφαλικὴν
1287 2782 1448 2817 ὑφίστανται
1467 2782 1612 2816 τιμωρίαν,
1636 2783 1661 2808 εἰ
1678 2782 1725 2808 καὶ
1742 2782 1842 2809 ἑκοῦσα

1053 2831 1068 2864 ἡ
1083 2830 1151 2863 γυνὴ
1166 2829 1291 2864 ἡρπάγη·
1307 2830 1331 2855 εἰ
1346 2829 1374 2855 δὲ
1386 2830 1410 2855 οἱ
1430 2830 1517 2863 γονεῖς
1528 2830 1578 2862 τῆς
1589 2829 1761 2864 ἁρπαγείσης
1777 2829 1844 2854 ἀνά-

1054 2883 1170 2910 σχωνται
1185 2876 1230 2901 καὶ
1243 2876 1484 2910 παρα-χωρήσουσι,
1503 2873 1754 2909 δεπορτατεύονταισ
1770 2875 1794 2900 οἰ
1811 2873 1841 2900 δὲ
