1951 3071
175 82 229 114 789

578 85 775 117 SYNTAGMA
792 86 982 117 CANONUM.
1000 99 1035 105 —
1050 87 1112 117 ΤΠ·
1146 85 1194 125 lx,
1211 87 1291 121 CAP.
1300 75 1406 118 XXXI.

1748 84 1811 116 790t-

178 137 400 173 ῦπουργὴσαντες
414 138 502 165 δοῦλοι
519 140 652 167 καίονται·
677 142 725 168 καὶ
736 142 817 176 ἀργεῖ
831 142 919 169 πάντα
930 142 961 168 τὰ

1016 140 1161 177 [mulieris]
1186 142 1344 176 patientiam
1367 139 1534 176 prtebuerint
1560 144 1586 167 et
1613 139 1797 173 conniverint,

180 182 246 217 περὶ
267 182 395 218 ἁρπαγῆς
417 185 559 217 γυναικῶν
581 185 698 221 ἀλλαχοῦ
719 186 964 222 νενομοθετημένα,

179 228 229 263 τῆς
248 228 389 264 παρούσης
408 229 556 263 διατάξεως
573 231 712 268 ἀρκούσης
739 233 785 259 ἐπὶ
815 233 904 260 αὐτῶν
919 233 966 260 καὶ

181 273 263 308 ἱερῶν
280 274 328 301 καὶ
342 274 445 310 χηρῶν.

216 410 272 438 Καὶ
287 411 339 446 μζ,
351 412 404 440 τίτ.
425 412 459 448 β’,
475 412 527 447 δίγ.
544 413 593 447 λθ’,
607 415 622 441 ό
633 414 729 450 δούλην
743 415 884 452 ἀλλοτρίαν
900 418 965 453 πόρ-

181 465 230 490 νην
242 453 325 483 οὗσαν
352 458 482 492 ἁρπάζων
504 459 520 494 ἢ
537 459 679 494 κρύπτων,
709 461 771 487 οὔτε
787 462 825 493 ὡς
835 463 963 498 κλέπτης,

180 501 243 528 οὔτε
271 502 308 534 ῶς
334 503 548 540 ἀνδραποδιστὴς
573 505 712 540 ἐνέχεται·
735 507 765 533 οὐ
782 507 835 543 γὰρ
862 508 964 545 κλοπῆς

181 548 238 575 ἀλλ’
255 549 351 584 ἡδονῆς
364 550 445 585 χάριν
461 551 539 578 τοῦτο
556 553 681 588 ἐποίησε·
706 553 776 588 βιϐλ.
793 555 848 590 μη¹,
863 557 916 585 τίτ.
932 561 963 589 ε’,

180 593 234 628 δίγ.
249 593 300 627 κο’,
321 595 335 621 ό
356 595 508 630 ὡρισμένος
537 598 577 628 εἰς
602 599 770 634 κατηγορίαν
780 600 830 636 τῆς
843 602 964 637 μοιχείας

174 639 276 674 ,χρόνος
290 641 341 675 τῆς
357 641 581 674 πενταετίας,οὒκ
592 642 648 678 ἔχει
661 643 752 679 χώραν
769 645 815 672 ἐπὶ
831 645 881 681 τῆς
895 647 965 674 κατὰ

181 683 241 717 βίαν
255 685 404 719 γενομένης
416 686 519 721 φθορᾶς
529 693 536 701 ·
560 688 793 724 ἀπροσδιορίστως
816 691 871 726 γὰρ
882 693 965 719 κινεῖ-

179 737 234 763 ται,
252 731 344 766 ἐπειδὴ
357 732 404 758 καὶ
417 733 532 768 δημοσία
554 734 600 768 βία
619 735 830 770 πλημμελεῖται.
849 737 964 772 Ὁμοίως

180 774 234 809 δίγ.
246 775 266 802 ε’
282 776 329 802 τοῦ
342 777 368 809 ς’
395 779 446 805 τίτ.
465 779 511 805 τοῦ
527 780 610 806 αὑτοῦ
628 780 699 815 βιὸλ.
730 782 759 809 ἐν
773 779 795 816 ᾧ
816 791 908 818 φησιν,
924 785 965 811 ὅτι

1017 187 1206 222 deportantur.
1225 187 1302 214 Servi
1313 190 1340 214 et
1354 186 1467 218 ancillae,
1485 185 1532 221 qui
1547 185 1586 221 [in
1606 185 1698 222 raptu]
1718 185 1800 212 mini-

1017 232 1130 260 sterium
1146 232 1322 267 praebuerint,
1335 236 1557 259 concremantur.
1568 231 1653 258 Porro
1667 239 1729 258 cum
1741 231 1799 258 hate

1016 277 1176 304 constitutio
1201 277 1235 305 de
1261 281 1341 312 raptu
1362 276 1508 304 mulierum
1530 280 1558 304 et
1578 280 1747 304 sacratarum
1771 280 1800 303 et

1016 322 1158 349 viduarum
1177 321 1293 350 sulIiciat
1308 331 1314 349 :
1331 326 1440 350 cessant
1461 330 1522 357 quae
1543 323 1576 350 de
1597 329 1630 350 eo
1649 321 1713 349 alibi
1731 329 1798 349 con-

1016 367 1110 395 stituta
1127 373 1190 395 sunt
1206 368 1309 395 omnia.

1051 412 1160 440 Textus.
1177 412 1210 440 Et
1221 413 1269 440 lib.
1290 420 1363 445 xLVI,
1374 413 1415 440 tit.
1429 413 1457 446 2,
1469 413 1567 448 digest.
1583 412 1627 440 59.
1646 411 1699 445 Qui
1711 419 1799 439 mere-

1015 458 1109 486 tricem
1118 459 1233 486 alienam
1248 458 1373 486 ancillam
1380 459 1479 493 rapuit,
1490 458 1531 485 vel
1542 458 1638 485 celavit
1647 467 1654 484 :
1663 464 1751 492 neque
1768 460 1799 484 ut

1015 503 1060 531 l'nr
1070 511 1157 538 neque
1170 508 1199 530 nt
1210 504 1357 539 plagiarius
1371 509 1485 532 tenetur.
1501 503 1559 542 Non
1571 504 1643 531 enim
1657 503 1733 536 furti,
1749 503 1798 530 sed

1015 548 1133 576 libidinis
1147 556 1229 576 causa
1249 549 1300 576 hoc
1316 548 1388 578 fecit.
1406 548 1464 576 Lib.
1480 556 1574 581 vaut,
1589 549 1629 576 tit.
1646 549 1673 581 5,
1699 548 1797 584 digest.

1014 596 1058 624 26.
1069 596 1253 631 Quinquennii
1263 602 1367 631 tempus
1376 596 1670 624 accusationiadulterii
1682 596 1799 631 praeﬁni-

1015 647 1083 675 tum,
1100 643 1126 670 in
1145 647 1240 677 stupro
1254 650 1302 677 per
1314 642 1367 669 vim
1382 642 1452 670 facto
1462 642 1550 670 locum
1563 650 1616 670 non
1631 643 1720 670 habet.
1730 642 1796 669 Nam

1015 693 1077 714 cum
1093 687 1134 714 vis
1150 686 1257 721 publica
1273 687 1471 720 committatur,
1492 688 1559 714 citra
1575 687 1703 722 temporis
1726 693 1797 721 prre-

1015 731 1164 759 ﬁnitionem
1180 731 1248 767 [illa]
1265 732 1425 759 instituitur.
1444 731 1577 759 Similiter
1591 732 1689 767 digest.
1707 731 1733 765 5,
1750 732 1792 759 tit.

1015 778 1041 812 6,
1056 778 1176 814 ejusdem
1192 778 1266 809 libri,
1285 785 1346 805 cum
1361 777 1438 810 dicit,
1457 777 1528 812 quod
1552 781 1646 812 raptus
1660 777 1798 804 enormior

186 821 219 848 Ἦ
231 823 343 859 ἁρπαγὴ
358 825 457 858 μείζων
470 826 528 852 ἐστὶ
536 827 585 862 τῆς
606 827 738 862 μοιχείας,
753 829 799 854 καὶ
815 829 961 865 ὁὰρπάσας

1016 825 1049 852 sit
1070 823 1214 851 adulterio.
1238 822 1280 856 Et,
1301 823 1373 858 quod
1395 823 1441 857 qui
1466 827 1579 857 nuptam
1596 827 1643 850 aut
1657 823 1796 857 innuptam

179 869 410 905 γεγαμημένηνῆ
439 871 476 906 μὴ
504 873 712 908 γεγαμημένην,
746 875 868 909 ἐσχάτως
883 884 964 911 τιμωε

180 914 278 948 ρεῖται,
294 915 340 942 καὶ
354 916 482 948 ὲξωτικοῦ
500 918 724 953 κατηγοροῦντος,
738 920 784 946 ἐὰν
795 921 809 947 ό
820 921 868 956 τῆς
881 922 963 957 κόρης

179 958 271 994 πατὴρ
288 961 474 996 παρακληθεὶς
489 964 667 1000 συγχωρήσῃ,

213 1004 296 1039 Λέγει
308 1006 336 1032 δὲ
353 1007 400 1033 καὶ
416 1007 486 1035 διάτ.
505 1012 530 1035 α’
546 1009 592 1036 τοῦ
605 1010 628 1038 α’
647 1011 702 1040 τίτ.
718 1013 772 1039 τῶν
787 1014 911 1049 Νεαρῶν,
923 1016 963 1042 ὅτι

178 1050 203 1076 οἱ
218 1050 374 1087 φθείροντες
388 1053 571 1088 διακόνισσαν,
592 1057 800 1086 ὑπεύθυνοίείσι
819 1060 901 1095 Είφει,
917 1063 964 1089 καὶ

179 1095 229 1127 τὰς
247 1097 341 1129 οὐσίας
353 1099 443 1126 αὐτῶν
465 1100 597 1136 λαμϐάνει
611 1103 641 1130 τὸ
659 1104 798 1139 δημόσιον·
813 1107 829 1141 ὴ
855 1107 883 1133 δὲ
899 1108 963 1142 περὶ

180 1143 323 1177 μανδάτων
333 1145 387 1172 τῶν
402 1145 538 1180 ἀρχόντων
548 1148 726 1186 διαλεγομένη
736 1150 768 1183 ιζ’
783 1151 887 1187 Νεαρὰ,
912 1152 963 1179 ἀπ-

181 1189 309 1224 αγορεύει
325 1190 404 1226 ὅρους
412 1191 524 1224 ἀσυλίας
532 1193 712 1227 φυλάττεσθαι
724 1198 778 1227 τοῖς
793 1196 894 1232 ἄρπαξι
908 1197 963 1224 τῶν

182 1234 325 1269 παρθένων
339 1244 345 1251 ·
359 1237 409 1264 καὶ
436 1239 452 1273 ἡ
472 1237 494 1273 β’
518 1239 566 1265 τοῦ
583 1240 664 1267 αὐτοῦ
689 1241 798 1275 διατάγ.
814 1243 907 1278 φησὶν,
921 1243 962 1270 ὄτι

178 1281 204 1307 οί
226 1280 405 1316 ἁρπάζοντες,
431 1284 447 1319 ἢ
475 1284 696 1319 ὑπονοθεύοντες,
719 1287 736 1323 ἢ
760 1288 962 1324 διαφθείροντες

177 1327 340 1363 ἁσκήτριαν,
372 1329 388 1364 ἢ
416 1330 631 1367 διακόνισσαν,ἧ
653 1333 826 1369 μονάστριαν,
845 1334 861 1370 ἢ
879 1335 962 1370 ἄλλην

177 1373 291 1405 εὐλαϐὲς
297 1374 410 1409 ἔχουσαν
423 1377 525 1411 σχῆμα,
533 1378 579 1403 καὶ
591 1378 616 1404 οἱ
628 1378 798 1414 μετέχοντες,
807 1381 962 1414 κεφαλικῶς

176 1419 371 1454 τιμωροῦνται·
388 1421 435 1448 καὶ
447 1422 481 1448 τὰ
496 1422 646 1457 πράγματα
660 1424 750 1452 αὐτῶν
761 1426 794 1460 τῇ
814 1425 961 1462 Ἐκκλησία

178 1464 195 1499 ἢ
267 1467 440 1518 μοναστηρίῳ
454 1468 689 1518 τῆς-ὑϐρισθείσης
702 1471 905 1506 περιποιοῦνται
918 1472 962 1498 διὰ
974 1487 996 1518 C

177 1509 226 1536 τοῦ
241 1511 401 1543 ἐπισκόπου,
420 1513 519 1540 καὶτοῦ
532 1514 684 1550 οἰκονόμου,
700 1516 747 1542 καὶ
761 1516 814 1542 τῶν
824 1516 962 1552 ἀρχόντων

177 1556 226 1582 καὶ
243 1556 295 1583 τῶν
316 1557 419 1589 τάξεων
435 1566 441 1573 ·
467 1559 535 1594 αὑτὴ
565 1560 593 1586 δὲ
623 1561 760 1595 μετὰτῶν
786 1563 959 1598 πραγμάτων

177 1601 263 1636 αὐτῆς
275 1602 440 1636 ἐμϐάλλεται
464 1605 638 1640 μοναστηρίῳ
664 1606 793 1639 ἀσφαλῶς
819 1608 960 1643 φυλαχθη-

179 1645 293 1681 σομένηθ
319 1647 343 1673 εί
366 1646 395 1673 δὲ
414 1647 572 1676 διακόνισσά
601 1651 675 1677 ἐστιν
700 1650 798 1686 ἔχουσα
819 1653 949 1688 νομίμους

179 1691 289 1723 παῖδας,
306 1692 337 1718 τὸ
359 1692 475 1727 νόμιμον
505 1695 588 1728 μέρος
613 1695 808 1730 λαμϐάνουσινη
832 1698 856 1724 εἰ
872 1697 900 1724 δὲ
915 1698 962 1725 ἐπὶ

178 1737 300 1763 ἐνιαυτὸν
315 1737 384 1772 μετὰ
413 1738 443 1764 τὺ
463 1739 616 1774 γνωσθῆναι
633 1741 664 1767 τὸ
690 1740 784 1776 μῦσος,
800 1742 837 1777 μὴ
855 1742 962 1778 ἐκδική-

178 1788 255 1807 σουσι
274 1781 308 1807 τὰ
328 1781 477 1816 πράγματα
492 1783 516 1808 oi
529 1783 637 1816 εὐαγεῖς
646 1781 725 1816 οἶκοι,
747 1784 762 1810 ὁ
785 1785 882 1819 φίσκος
892 1785 962 1813 αὺτά

178 1827 321 1861 λαμϐάνει·
336 1827 383 1854 τοῦ
406 1827 570 1862 ἀμελοῦντος
586 1830 655 1856 αὐτὰ
674 1830 848 1866 ἐκδικηθῆναι
865 1832 961 1867 ἄρχον-

177 1881 224 1904 τος
252 1872 477 1908 ἀποζωννυμένου
505 1874 550 1900 καὶ
574 1873 595 1900 ε’
618 1874 711 1910 λίτρας
735 1877 793 1907 τοῖς
820 1877 961 1911 πριϐάτοις

178 1918 414 1953 προστιμωμένου·
432 1919 449 1954 ἡ
464 1919 492 1945 δὲ
505 1918 569 1955 ρμα’
598 1920 683 1955 νεαρὰ
700 1920 878 1956 διαλεγομένη
896 1922 960 1957 περὶ

179 1963 307 1997 γυναικὸς
315 1965 494 2001 ἁρπαγείσης,
505 1967 551 1992 καὶ
561 1965 731 2001 γαμηθείσης
743 1966 780 2001 τῷ
789 1967 956 2002 ἁρπάσαντι,

179 2009 255 2044 φησὶ,
268 2010 317 2044 τὴν
331 2010 457 2046 τοιαυτὴν
469 2012 507 2046 μὴ
519 2011 647 2039 δύνασθαι
660 2011 752 2039 λαϐεῖν
762 2012 796 2039 τὰ
809 2013 958 2048 πράγματα

178 2055 272 2087 αὑτοῦ,
293 2056 361 2091 μήτε
376 2066 429 2083 των
450 2057 637 2091 μετασχόντων
659 2056 706 2083 τοῦ
732 2056 844 2092 μύσους,
867 2058 959 2085 ἀλλ’οί

177 2100 267 2132 γονεῖς
283 2100 366 2134 αὐτῆς
386 2100 568 2135 λαμϐάνουσιν
588 2101 674 2134 αὐτὰ,
700 2103 724 2128 εί
754 2102 791 2137 μὴ
815 2103 854 2137 τῷ
878 2103 958 2139 γάμῳ

1014 870 1115 904 rapuit,
1132 869 1228 896 ultimo
1239 869 1372 903 supplicio
1386 867 1515 903 puniatur
1529 877 1534 895 :
1553 867 1656 904 [idque]
1667 872 1797 895 extraneo

1013 916 1093 943 etiam
1114 915 1279 951 postulante,
1298 915 1319 942 si
1334 919 1410 949 pater
1421 914 1543 941 mulieris
1557 918 1685 940 exoratus
1702 913 1797 940 conni-

1014 961 1092 987 xerit.

1050 1005 1122 1033 Dixit
1135 1013 1199 1033 νει-ο
1214 1006 1295 1034 etiam
1308 1006 1418 1033 constit.
1433 1013 1452 1038 I,
1468 1006 1510 1033 tit.
1526 1005 1711 1038 Novellarum,
1724 1005 1796 1039 quod

1013 1054 1059 1088 qui
1080 1054 1262 1081 diaconissam
1277 1056 1466 1087 constuprant,
1486 1052 1600 1080 obnoxii
1626 1052 1681 1080 sitit
1694 1051 1794 1086 gladio,

1013 1107 1163 1133 eorumque
1176 1099 1318 1128 facultates
1342 1098 1423 1126 tiscus
1435 1098 1534 1132 capiat.
1550 1097 1657 1125 Novella
1675 1097 1718 1130 l7,
1735 1103 1797 1131 quae

1013 1145 1047 1172 de
1061 1144 1197 1172 mandatis
1221 1143 1366 1178 praesidum
1384 1143 1504 1176 disserit,
1521 1143 1668 1174 interdicit,
1692 1150 1725 1169 ne
1739 1141 1796 1169 vir-

1012 1190 1105 1224 ginum
1122 1189 1276 1224 raptoribus
1299 1188 1367 1224 asyli
1390 1189 1498 1216 termini
1518 1192 1670 1215 serventur.
1685 1187 1717 1215 Et
1730 1195 1796 1215 con-

1013 1235 1069 1263 stit.
1085 1234 1112 1267 2,
1136 1234 1257 1269 ejusdem
1274 1233 1354 1269 312
1378 1235 1421 1261 tit.
1446 1234 1483 1261 ait
1503 1233 1577 1266 :Qui
1600 1233 1794 1266 diaconissam,

1013 1286 1059 1308 aut
1085 1281 1280 1312 monastriam,
1306 1285 1353 1307 aut
1376 1281 1456 1307 aliam
1487 1280 1643 1315 religiosum
1670 1280 1794 1306 habitum

1012 1331 1160 1362 gestantem
1191 1325 1365 1362 [mulierem]
1390 1326 1516 1360 rapiunt,
1540 1329 1735 1359 corrumpunt,
1753 1324 1806 1351 veli

1012 1376 1191 1407 constuprant
1209 1372 1330 1407 :quique
1347 1371 1414 1407 [illis
1432 1370 1502 1405 sese]
1518 1371 1669 1405 associant,
1687 1370 1797 1405 capitali

1013 1419 1144 1454 supplicio
1160 1419 1324 1451 alliciuntur,
1339 1426 1370 1445 ae
1387 1425 1431 1445 res
1452 1418 1559 1444 illorum
1581 1417 1679 1451 injuria
1695 1417 1795 1444 aﬂ‘ectae

1014 1464 1146 1501 [mulieris
1158 1464 1280 1492 ecclesia:
1298 1469 1345 1491 aut
1360 1464 1527 1491 monasterio
1541 1471 1589 1498 per
1611 1471 1797 1496 meonemum,

1013 1511 1181 1546 episcopum,
1196 1510 1325 1545 praesides
1342 1515 1368 1537 et
1391 1510 1517 1537 cohortes
1533 1509 1716 1536 vindicantur.
1734 1509 1795 1543 lpsa

1012 1565 1077 1585 vero
1102 1564 1164 1584 cum
1189 1556 1270 1583 rebus
1292 1556 1350 1584 suis
1375 1556 1401 1583 in
1429 1555 1625 1583 monasterium
1652 1555 1796 1588 coniicitur

1013 1602 1137 1639 [ibidem]
1155 1607 1233 1630 caute
1248 1602 1423 1630 asservanda.
1441 1601 1524 1629 Plane
1539 1601 1561 1629 si
1581 1601 1733 1628 diaconissa
1749 1600 1794 1633 sit,

1013 1655 1039 1676 et
1053 1648 1188 1684 legitimos
1201 1648 1301 1675 liberos
1319 1646 1426 1678 habeat,
1447 1645 1508 1682 [illi]
1524 1646 1670 1680 legitimam
1691 1650 1794 1680 partem

1013 1696 1134 1730 capiunt.
1146 1693 1223 1727 Quod
1238 1693 1260 1721 si
1277 1693 1346 1720 intra
1360 1700 1460 1719 annum
1474 1699 1554 1727 quam
1569 1691 1722 1719 istiusmodi
1735 1699 1794 1719 sce-

1013 1741 1054 1768 lus
1082 1739 1210 1772 innotuit,
1232 1737 1314 1774 [eas]
1343 1738 1484 1766 facultates
1511 1737 1678 1765 venerabiles
1698 1737 1795 1764 domus

1015 1793 1070 1813 non
1086 1785 1242 1812 vindicent:
1259 1784 1341 1811 liscus
1358 1783 1419 1810 illas
1438 1783 1546 1818 accipit.
1573 1781 1646 1815 Quas
1659 1782 1680 1809 si
1696 1789 1795 1817 praeses

1013 1831 1153 1858 vindicare
1172 1829 1331 1863 neglexerit,
1349 1828 1459 1863 cingulo
1474 1828 1606 1863 privatur,
1622 1831 1702 1862 atque
1713 1827 1793 1862 quin-

1013 1883 1065 1909 que
1079 1875 1154 1902 libris
1169 1873 1239 1909 [auri
1257 1873 1338 1901 rebus
1364 1872 1505 1908 principis]
1523 1873 1635 1908 privatis
1647 1872 1789 1908 [applican-

1011 1920 1064 1956 dis]
1081 1920 1221 1947 multatur.
1239 1919 1349 1946 Novella
1375 1924 1464 1946 autem
1482 1919 1542 1952 Ml,
1559 1926 1619 1953 quin
1636 1919 1669 1945 de
1684 1918 1793 1945 muliere

1011 1972 1098 2002 rapta,
1113 1975 1173 2001 quae
1187 1966 1289 2001 raptori
1304 1966 1407 2000 nupsit,
1418 1965 1537 1997 disserit,
1555 1964 1707 1992 istiusmodi
1726 1965 1791 2000 [mu-

1011 2012 1116 2048 lierem]
1132 2019 1176 2039 res
1192 2011 1309 2045 raptoris
1327 2018 1414 2045 neque
1425 2018 1455 2037 ex
1476 2011 1543 2045 lege,
1559 2017 1646 2044 neque
1661 2017 1694 2036 ex
1709 2010 1793 2044 ipsius

1011 2062 1183 2089 testamento,
1202 2065 1251 2084 nec
1265 2055 1340 2092 [item
1354 2055 1409 2091 res]
1423 2063 1518 2083 eorum
1536 2055 1584 2090 qui
1604 2055 1715 2082 sceleris
1726 2055 1793 2082 socii

1011 2104 1131 2136 fuerunt,
1158 2110 1255 2137 capere
1271 2110 1351 2137 posse
1367 2102 1434 2129 :sed
1460 2102 1522 2129 illas
1546 2106 1672 2136 parentes
1696 2101 1792 2136 ipsius,

179 2143 272 2174 ίδικῶς
295 2145 454 2180 συνῄνεσαν·
471 2146 496 2172 εί
510 2145 564 2181 γὰρ
590 2146 749 2182 συνῄνεσαν,
779 2149 803 2174 εί
819 2148 858 2185 μὴ
885 2149 956 2185 περί·

1019 2148 1061 2176 iisi
1078 2148 1230 2182 speciaiitcr
1239 2146 1415 2174 matrimonio
1424 2147 1623 2178 consenserint,
1637 2147 1792 2181 percipere:

177 2197 241 2222 εισι,
255 2190 414 2224 φισκοῦνται
432 2191 467 2218 τὰ
479 2192 591 2219 τοιαῦτα
604 2192 764 2228 πράγματα.

212 2279 337 2307 ΚΕΦΑΛ.
357 2280 457 2308 AA’.-—
471 2282 540 2315 Περὶ
554 2281 708 2315 Ιερατικῶν
723 2283 960 2318 συλλουομένωγ

176 2325 328 2360 γυναιξίν.

329 2372 462 2399 Συνόὸου
481 2373 654 2406 Λαοδικείας
666 2372 765 2399 κανὼν
779 2372 811 2399 λ’.

211 2417 243 2442 λ’.
260 2417 322 2444 Ὅτι
337 2418 367 2444 οὺ
391 2418 432 2444 δεῖ
445 2419 597 2453 ίερατικοὺς
613 2418 630 2453 ἢ
645 2418 791 2454 κληρικοὺς
805 2418 822 2453 ἥ
837 2419 960 2454 ἀσκητάς

175 2463 205 2489 ὲν
219 2462 350 2498 βαλανείῳ
366 2463 436 2497 μετὰ
448 2464 584 2498 γυναικῶν
595 2464 784 2498 ἀπολούεσθαι,
806 2465 875 2500 μήτε
889 2465 959 2497 ὅλως

174 2508 337 2544 Χριστιανὸν
355 2509 370 2544 ἢ
383 2509 486 2536 λαῖκόν·
518 2509 587 2545 αὕτη
607 2510 660 2545 γὰρ
673 2510 771 2546 πρώτη
783 2510 958 2545 κατάγνωσις

175 2554 251 2590 παρὰ
266 2556 321 2587 τοῖς
335 2555 449 2583 ἔθνεσιν.

245 2647 379 2674 Συνόδου
389 2648 598 2682 οἱκουμενιλιῆς
613 2648 702 2682 ἕκτης
715 2657 814 2676 κανων
829 2658 857 2682 οι,
870 2669 876 2677 .

209 2690 258 2723 οξ.
276 2693 336 2719 Ὅτι
351 2693 380 2719 οὐ
395 2693 433 2720 δεῖ
451 2694 613 2728 ίερατικοὺς,
632 2694 648 2729 ἢ
665 2695 823 2729 κληρικοὺς,
842 2696 957 2730 ἢάσκη-

175 2737 234 2770 τὰς,
256 2737 285 2764 ὲν
303 2738 435 2773 βαλανείῳ
449 2738 517 2773 μετὰ
533 2738 668 2776 γυναικῶν
682 2739 872 2773 ἀπολούεσθαι,
889 2741 956 2775 μηδὲ

175 2782 263 2810 πάντα
280 2784 441 2817 Χριστιανὸν
458 2784 474 2819 ἢ
491 2784 591 2812 λαῖκόν·
608 2783 675 2818 αὕτη
691 2784 747 2819 γὰρ.
761 2785 856 2821 πρώτη
873 2787 956 2814 κατά-

1011 2200 1037 2222 et
1050 2195 1073 2221 si
1088 2192 1286 2225 consenserint,
1299 2197 1345 2220 aut
1357 2192 1599 2228 [nOnJ-‘supersint,
1609 2193 1717 2220 easdem
1728 2199 1788 2220 con-

1011 2240 1099 2268 liscari
1114 2240 1189 2267 dicit.

1045 2286 1122 2312 CAP.
1140 2285 1235 2313 XXXI.
1248 2285 1322 2312 —-De
1335 2286 1406 2311 sacri
1422 2284 1522 2311 ordinis
1539 2283 1687 2311 hommibus
1702 2283 1746 2318 qui
1766 2291 1790 2309 se

1012 2340 1069 2358 cum
1087 2331 1241 2358 mulieribus
1255 2331 1357 2358 ίαυαηι.

1187 2375 1300 2403 Concilii
1314 2374 1457 2401 Laudiceni
1473 2381 1556 2400 canon
1571 2373 1615 2400 50.

1045 2422 1089 2449 50.
1110 2421 1188 2454 Quod
1204 2429 1257 2449 non
1273 2425 1380 2455 oportet
1392 2428 1453 2448 eum
1470 2419 1516 2454 qui
1528 2423 1570 2446 est
1592 2422 1726 2451 sacratus,
1750 2422 1791 2445 vel

1010 2467 1136 2499 clericus,
1158 2467 1201 2494 vel
1222 2467 1363 2499 excitator,
1381 2466 1408 2492 in
1433 2466 1532 2493 balneo
1549 2472 1609 2492 cum
1632 2464 1791 2491 mulieribus

1009 2512 1115 2545 lavari,
1139 2519 1228 2547 neque
1252 2519 1360 2539 omnem
1390 2512 1498 2546 penitus
1528 2510 1714 2538 Christianum
1750 2509 1790 2535 vel

1010 2558 1120 2584 laicum.
1141 2556 1201 2584 lla-c
1218 2562 1260 2584 est
1278 2557 1350 2584 enim
1376 2556 1461 2590 prima
1484 2556 1554 2590 apud
1573 2560 1666 2591 gentes
1690 2554 1784 2582 conde-

1010 2603 1124 2630 mnatio.

1161 2648 1273 2675 Cancilii
1284 2649 1434 2675 mcumenici
1450 2656 1473 2675 vt
1491 2655 1574 2674 canon
1589 2647 1632 2673 77.

1044 2693 1088 2719 77.
1103 2691 1180 2725 Quod
1198 2700 1251 2719 non
1273 2696 1380 2726 oportet
1405 2692 1489 2719 sacris
1509 2691 1640 2721 initiatos,
1657 2687 1698 2715 vel
1712 2688 1787 2714 elcriv

1009 2747 1065 2771 eos,
1089 2740 1130 2766 vel
1144 2745 1260 2771 ascetas,
1288 2739 1315 2766 id
1340 2742 1391 2769 Cal.
1417 2737 1609 2765 cxcrcitatores
1631 2742 1677 2762 seu
1699 2741 1779 2760 mona

1009 2786 1085 2818 chos,
1100 2785 1185 2812 lavari
1198 2793 1259 2812 cum
1275 2784 1445 2816 mulieribus,
1464 2790 1513 2810 nec
1531 2789 1639 2809 omttetn
1655 2779 1774 2808 Cltristia
