1951 3071
89 146 131 178 793
365 144 564 175 SYNTAGMA
584 142 777 176 CANONUM.
791 144 911 174 —T[T-
927 143 986 180 IX,
1004 143 1083 174 CAP.
1100 143 1343 175 XXXII-XXXV.

1642 145 1694 177 79.1

89 198 183 234 δεσπότῃ
193 197 274 224 αὑτοῦ
290 198 330 230 εἰς
342 197 464 225 δουλείαν
481 207 488 214 ·
511 199 559 226 καὶ
573 201 613 226 ὅτι
627 200 641 226 ὁ
654 200 698 226 διὰ
730 198 777 226 τοῦ
803 208 843 232 μοι

906 197 1047 224 uncinatum
1073 196 1141 224 liber
1159 196 1248 224 factus
1272 202 1325 228 est,
1343 197 1498 225 mundanus
1522 197 1580 230 ﬁat,
1599 205 1646 226 aut
1666 202 1692 228 in

88 247 153 274 νάσαι
176 246 375 280 ἐλευθερωθεὶς,
400 246 448 272 ἐὰν
471 247 603 281 κοσμικδς
630 247 753 282 γένηται,
777 247 793 281 ἢ
820 247 849 273 ἐν

88 295 165 329 ἀγροῖς
178 291 530 327 περιέρχηται,ἀποδίδοται
552 294 584 328 τῇ
614 293 666 328 ίδίᾳ
686 292 756 328 τύχῃ
771 301 777 308 ·
802 293 849 318 καὶ

87 338 140 375 ήιγ¹
151 338 189 364 τοῦ
210 337 293 364 αὑτοῦ
320 337 373 364 τίτ.
402 337 471 364 διάτ.
505 339 596 373 φησιν,
613 338 653 365 ὅτι
666 339 758 370 δοῦλος
779 339 849 365 κατὰ

86 384 128 419 τὴν
137 384 159 409 ἐν
171 382 240 418 αὑτῴ
257 383 449 418 παρατήρησιν
465 383 595 418 μονάσας,
609 383 658 410 ἐὰν
677 384 794 420 πειραθῇ
819 385 849 410 τὸ

86 431 242 466 μοναστήριον
256 429 408 461 ἀπολιπεῖν,
429 430 475 456 καὶ
497 429 554 464 βίον
564 431 658 464 ἐτέρου
673 430 766 465 σχῆμα
782 439 848 464 μετ-

85 476 166 507 ελθεῖν,
189 475 276 508 ἔξεστι
304 474 343 509 τῷ
368 475 424 510 ἰδίῳ
438 475 555 510 δεσπότῃ
570 475 620 511 τὴν
640 475 725 511 τύχην
741 477 850 503 ἀποδειη

85 520 173 552 κνύντι,
189 519 275 546 ἕλκειν
289 519 369 546 αὑτὸν
385 520 432 546 καὶ
443 521 483 551 είς
494 519 605 550 οἰκέτας
620 521 736 555 ὑπάγειν
753 530 759 537 ·
774 522 848 556 λέγει

83 566 108 593 δὲ
131 566 196 600 καὶὴ
211 565 233 600 β’
246 565 315 592 διὰτ.
331 564 378 592 τοῦ
407 568 431 591 α’
445 566 499 592 τίτ.
525 566 580 592 τῶν
595 566 720 601 Νεαρῶν,
738 567 780 594 ὅτι
801 567 848 594 ἐὰν

84 611 182 647 μοναχὸς
201 611 314 646 γένηται
337 611 439 643 λαῖκὸς,
458 612 609 646 γυμνοῦται
626 613 676 647 τῆς
704 612 848 647 στρατείας

81 658 122 684 καὶ
145 658 187 692 τῆς
218 658 312 692 τιμῆς,
339 657 386 684 καὶ
411 657 454 684 διὰ
466 657 513 684 τοῦ
543 658 705 691 ἐπισκόπου,
727 658 786 693 μεθ’
811 655 848 685 ὧν

81 704 243 738 ἐπεκτήσατο,
259 704 298 734 εἰς
315 703 496 738 μοναστήριον
515 702 657 738 βάλλεται·
679 703 704 729 εί
722 704 751 730 δὲ
767 696 848 731 πάλιν

81 748 205 775 καταλίποι
219 748 248 775 τὺ
265 749 458 783 μοναστήριον,
478 750 492 775 ὁ
517 749 608 784 ἄρχων
636 749 685 783 τῆς
713 750 848 785 ἐπαρχίας

79 795 105 820 ἐν
144 793 298 829 συνελήφθη,
317 794 371 820 ἑνοῖ
384 794 465 820 αὑτὸν
474 795 506 829 τῇ
523 794 662 829 ἐπιχωρίῳ
671 794 758 827 τάξει.

110 840 221 867 ΚΕΦΛΛ.
254 838 313 866 AI".
330 855 366 861 -
399 840 468 874 Περὶ
496 839 555 866 τῶν
583 841 849 875 συνεπισταμένων

77 884 262 920 ἁμαρτάνουσι
280 885 443 922 κληρικοῖς.
464 885 513 912 καὶ
535 885 575 920 μὴ
591 887 810 920 φανεροῦν-των.

283 931 408 957 Βασιλεῖ
410 939 445 957 ου
458 931 559 958 κανὼν
574 931 623 958 οα¹.

104 976 149 1004 οα¹.
168 977 195 1004 '0
221 977 398 1011 συνεγνωκὼς
424 978 531 1012 ἑκάστῳ
564 977 618 1004 τῶν
640 980 847 1014 προειρημένων

75 1023 89 1048 ἁ
93 1031 125 1056 μα
129 1031 172 1057 ρτη
177 1022 277 1056 μάτων,
288 1022 334 1048 καὶ
344 1023 379 1057 μὴ
388 1023 566 1058 ὁμολογήσας,
576 1024 633 1050 ἀλλ’
645 1024 792 1060 ἐλεγχθεὶς,
800 1026 846 1052 τοῦ

73 1067 187 1094 τοσούτου
199 1068 294 1103 χρόνου
307 1069 348 1100 είς
363 1067 392 1094 ὃν
406 1069 419 1095 ὁ
433 1069 552 1104 ἐργάτης
583 1070 637 1096 τῶν
651 1070 744 1097 κακῶν
757 1072 847 1098 ἐπιτε-

72 1114 183 1149 τίμηται,
201 1114 246 1140 καὶ
262 1114 342 1146 αὐτὸς
359 1114 435 1141 ἔσται
452 1116 481 1141 ἐν
493 1116 633 1150 ἐπιτιμίῳ.

103 1160 165 1195 Περὶ
178 1160 230 1187 τῶν
248 1161 451 1197 ὑποδεχομένων
473 1162 489 1197 ἦ
507 1163 681 1196 κρυπτόντων
698 1163 809 1200 λῃττὰς,
827 1164 843 1200 ἢ

68 1206 212 1242 δυναμένων
221 1208 265 1233 καὶ
276 1207 312 1242 μὴ
322 1208 533 1243 παραδιδόντων,
543 1209 559 1244 ἢ
567 1210 669 1245 ἑτέροις
677 1211 844 1247 ἐγκλήμασιν

67 1253 254 1288 ὑποκειμένων,
268 1253 444 1288 διαλοιμὸἀνει
459 1255 473 1280 ὁ
490 1255 589 1282 λθ⁷τίτ.
607 1255 653 1282 τοῦ
668 1256 689 1282 θ’
708 1257 778 1291 βιϐλ.
796 1258 843 1285 τοῦ

66 1300 125 1326 κώδ.
134 1301 196 1327 καὶὸ
207 1301 301 1332 ις’τίτ.
313 1300 359 1327 τοῦ
370 1301 411 1335 μζ¹
420 1301 489 1336 βιΰλ.
502 1303 556 1328 τῶν
565 1304 624 1337 Διγ.
636 1304 673 1338 πῆ
684 1304 733 1338 μὲν
745 1305 844 1336 αὐτοὺς

65 1346 253 1380 ὑποβάλλοντες
265 1348 324 1378 ταῖς
339 1348 399 1373 κατ’
422 1347 535 1374 ἐκείνων
556 1349 741 1384 ἁρμοζούσαις
755 1359 842 1385 τιμω-

65 1391 144 1424 ρίαις,
159 1392 195 1426 πῆ
213 1391 240 1418 δὲ
253 1392 397 1427 διαφόρους
410 1393 505 1424 ποινὰς
520 1394 669 1427 ἐπάγοντες
681 1402 688 1409 ·
715 1395 762 1421 καὶ
784 1395 843 1426 πῶς

61 1437 234 1464 ἀποσπῶνται
261 1438 286 1464 cl
305 1438 451 1465 ὑπεύθυνοι
472 1438 613 1472 διάγοντες
636 1440 664 1465 ἐν
680 1439 792 1474 χωρίοις
810 1448 817 1454 ·
829 1441 843 1467 ὁ

60 1483 87 1508 δὲ
103 1483 217 1517 συγγενῆ
234 1483 250 1518 ἢ
268 1484 398 1519 ἀγχιστέα
413 1485 515 1519 λῃστὴν
545 1485 665 1519 φυλάξας
681 1486 729 1512 καὶ
742 1486 841 1512 διασὼ-

904 242 1063 269 civitatibus
1084 242 1124 269 vel
1143 242 1168 268 in
1186 242 1260 277 agris
1285 242 1473 275 circumerret,
1499 251 1555 271 sum
1576 244 1692 272 fortuna:

903 288 1067 315 restituitur.
1095 289 1127 315 Et
1140 292 1229 316 const.
1244 289 1288 321 t5,
1306 289 1428 324 ejusdem
1446 290 1487 316 tit.
1504 290 1542 316 ait
1559 299 1564 317 ε
1583 289 1612 317 Si
1637 298 1694 318 ser-

906 341 955 359 vus
969 334 1118 360 secundum
1129 334 1347 361 observationem
1362 334 1389 371 i_n
1408 335 1453 361 illa
1467 335 1618 371 [traditam]
1635 344 1693 363 mo—

900 379 1005 406 naehus
1021 379 1120 412 factus,
1143 380 1340 407 monasterium
1367 381 1532 415 relinquere,
1558 382 1693 417 aliamque

900 426 961 453 vita:
982 427 1113 454 rationem
1129 427 1228 454 sectari
1253 428 1396 455 tentaverit
1413 437 1421 456 :
1437 429 1517 464 315
1537 429 1629 457 licebit
1642 430 1692 457 do-

902 473 988 504 mino,
1005 478 1181 507 posteaquam
1197 473 1334 500 fortunam
1348 475 1542 509 eomprobarit,
1559 480 1589 502 ut
1601 476 1690 510 ipsum

900 519 1000 550 trahat.
1012 522 1039 545 et
1054 519 1125 546 inter
1135 526 1228 547 servos
1241 519 1377 553 subjiciat.
1389 519 1440 547 Sed
1455 525 1481 548 et
1491 525 1577 548 canst.
1592 529 1610 554 I,
1625 521 1668 548 tit.
1683 531 1690 549 l

903 563 1076 591 Novellarum
1097 564 1163 591 dicit
1179 574 1185 591 :
1202 564 1230 591 Si
1254 566 1405 592 monachus
1426 566 1511 593 laicus
1528 566 1616 594 factus
1630 567 1689 594 fue-

901 609 950 641 rit,
962 609 1117 637 denudatur
1128 609 1226 636 militia
1242 619 1248 636 :
1264 614 1291 637 et
1306 618 1368 638 cum
1382 611 1415 639 iis
1427 619 1486 646 quae
1501 612 1688 646 acquisiverit,

900 661 947 688 per
961 654 1118 689 episcopum
1132 655 1158 681 in
1172 656 1368 683 monasterium
1383 657 1509 684 mittitur.
1522 658 1625 685 Pracses
1640 665 1689 685 au-

900 703 953 727 tem
972 700 1120 734 provincia:
1132 701 1159 728 in
1175 709 1228 735 qua
1240 703 1454 736 comprehensus
1469 702 1564 736 fuerit,
1582 703 1682 738 adjun-

899 746 938 780 git
952 747 1040 781 ipsum
1060 747 1222 781 provinciali
1237 747 1355 776 cohorti.

934 840 1008 868 CAP.
1022 840 1142 868 XXXIII.
1157 857 1193 861 —
1204 841 1240 868 De
1253 842 1365 869 consciis
1377 842 1504 870 scelerum
1515 842 1685 876 clericorum,

899 895 979 921 neque
993 887 1167 914 revelantibus
1174 907 1180 914 .

1154 933 1251 960 Basilii
1276 941 1360 959 canon
1379 933 1394 958 7
1401 933 1409 959 ι
1417 953 1424 959 .

934 978 977 1005 7t.
998 978 1049 1012 Qui
1067 978 1284 1012 uniuscujusque
1299 978 1491 1013 praedictorum
1510 983 1685 1013 peccatorum

897 1025 1023 1052 conscius
1036 1029 1087 1056 est,
1103 1031 1152 1051 nec
1161 1024 1314 1056 confessus,
1325 1024 1371 1050 sed
1387 1024 1528 1051 convictus
1543 1028 1597 1057 est,
1610 1029 1685 1052 tanto

897 1074 1028 1103 tempore,
1045 1073 1148 1103 quanto
1164 1069 1299 1096 malorum
1316 1073 1412 1095 auctor
1428 1069 1541 1103 punitus
1557 1073 1611 1102 est,
1626 1069 1686 1104 ipse

896 1122 1007 1149 quoque
1023 1114 1161 1149 punietur.

929 1160 1036 1187 Textus.
1053 1161 1091 1187 De
1107 1160 1199 1195 iis-qui
1214 1160 1298 1193 fures,
1312 1160 1407 1187 aliisve
1422 1160 1584 1187 criminibus
1596 1161 1684 1188 obno-

897 1207 969 1237 xios.
988 1212 1035 1234 aut
1050 1207 1196 1242 rccipiunt,
1213 1211 1260 1233 aut
1272 1207 1423 1239 occultant,
1442 1211 1559 1233 autenm
1573 1212 1687 1241 possunt

897 1262 949 1280 non
964 1255 1084 1287 tradunt,
1103 1258 1220 1282 tractant
1236 1255 1276 1281 tit.
1294 1254 1337 1284 59,
1356 1254 1402 1280 lib.
1419 1261 1444 1280 Ix
1467 1253 1528 1280 cod.
1547 1258 1573 1280 et
1586 1254 1626 1281 tit.
1641 1254 1684 1285 16,

895 1299 943 1326 lib.
959 1307 1029 1325 XLVII
1043 1299 1145 1334 Digest.
1167 1300 1223 1333 jam
1242 1299 1316 1333 ipsos
1328 1299 1416 1333 pugnis
1430 1306 1491 1332 qua:
1507 1303 1601 1325 contra
1625 1299 1685 1326 illos

894 1349 1064 1379 competunt.
1083 1344 1261 1379 sulijicientcs
1280 1345 1354 1378 :jam
1380 1344 1503 1371 diversas
1526 1352 1621 1378 poenas
1642 1345 1685 1370 in»

894 1389 1023 1416 ferentes.
1042 1389 1116 1425 [Qui]
1135 1390 1216 1416 etiam
1244 1388 1400 1424 [tractant],
1425 1383 1563 1423 quomodo
1583 1389 1621 1415 rei
1638 1390 1683 1423 qui

894 1436 920 1462 in
936 1437 1009 1470 agris
1025 1437 1133 1470 degunt,
1157 1436 1362 1462 abstrahamur.
1381 1434 1433 1467 Qui
1457 1443 1522 1462 vero
1549 1435 1683 1462 latronem

894 1483 1040 1513 cognatum
1062 1486 1108 1506 aut
1134 1479 1316 1514 propinquum
1336 1478 1456 1505 custodit
1481 1483 1507 1505 et
1530 1482 1683 1510 conservat,

60 1536 118 1559 σας,
131 1528 219 1562 μέσως
234 1536 291 1559 πως
306 1530 478 1564 τιμωρεῖται,
491 1529 529 1561 ὡς
555 1530 608 1564 δίγ.
630 1529 653 1564 β’
666 1529 713 1556 τοῦ
728 1534 766 1562 ις’
785 1530 838 1559 τίτ.

906 1525 981 1551 nedio
998 1525 1114 1559 quodam
1142 1525 1222 1552 modo
1247 1525 1359 1559 punitur
1376 1533 1381 1550 :
1399 1528 1428 1550 ut
1443 1523 1498 1559 dig.
1526 1524 1553 1556 2,
1571 1524 1634 1551 dlt‘ll
1654 1525 1685 1550 ‘Iti

58 1572 104 1598 τοῦ
116 1573 260 1608 είρημένου
274 1573 320 1599 τοῦ
337 1574 380 1608 μζ¹
396 1573 466 1608 βιὸλ.

91 1627 216 1653 ΚΕΦΑΛ.
234 1626 292 1652 ΑΔΓ
309 1642 343 1647 —
360 1628 430 1661 Περὶ
458 1628 511 1655 τοῦ
542 1630 746 1663 καθαιρεῖσθαι
771 1630 842 1663 τοὺς

55 1672 216 1706 κληρικοὺς
233 1672 372 1705 διδόντας
391 1673 510 1708 ἐγγύας.

272 1718 463 1746 ’Δποστόλων
473 1720 573 1746 κανὼν
596 1724 630 1747 κ’.

87 1764 122 1792 κ’.
134 1765 274 1801 Κληρικὸς
286 1765 389 1799 ἐγγύας
406 1765 504 1797 διδοὺς,
523 1766 717 1799 καθαιρείσθω.

90 1810 123 1837 Ἦ
140 1814 178 1837 κε’
194 1811 241 1836 καὶ
262 1811 278 1844 ἡ
289 1810 328 1844 λβ’
348 1810 417 1837 διάτ.
431 1810 477 1837 τοῦ
492 1814 517 1844 γ’
531 1811 583 1837 τίτ.
598 1811 645 1837 τοῦ
669 1815 693 1838 α’
711 1812 782 1845 βιόλ.
794 1811 840 1838 τοῦ

51 1857 126 1884 Κώδ.
153 1856 264 1890 λέγουσι
277 1856 340 1887 τοὺς
356 1856 504 1892 κληρικοὺς
530 1857 724 1891 δικαζομένους
741 1859 842 1885 διδόναι

48 1903 156 1937 ἐγγύας
174 1911 182 1918 ·
199 1904 212 1938 ἡ
228 1903 255 1929 δὲ
274 1902 295 1937 β’
307 1902 377 1928 διάτ.
390 1903 436 1935 τοδὶ
453 1903 476 1929 α’
491 1903 544 1931 τίτ.
559 1904 613 1931 τῶν
629 1904 743 1938 Νεαρῶν
757 1904 840 1938 λέγει,

46 1951 114 1980 τοὺς
132 1949 183 1984 μὲν
208 1949 356 1984 κληρικοὺς
378 1949 585 1984 δικαζομένους,
610 1950 647 1985 μὴ
676 1950 776 1977 διδόναι
793 1953 840 1985 ἑγ-

46 1995 167 2030 γυητὴν,
185 1994 243 2021 ἀλλ’
256 1994 401 2029 ὁμολογίαν
419 1995 585 2029 ἐνυπόθηκον
599 1996 684 2021 ποιεῖν
712 1994 775 2021 ἄνευ
795 1995 841 2030 ὄρ-

44 2050 95 2068 κου
114 2049 122 2056 ’
137 2041 204 2072 τοὺς
219 2040 247 2067 δὲ
259 2040 423 2071 ἐπισκόπους
435 2040 638 2075 δικαζομένους,
656 2041 725 2076 μήτε
735 2041 839 2076 ἐγγύας

41 2087 159 2119 διδόναι,
175 2087 245 2122 μήτε
262 2089 347 2114 ποιεῖν
358 2087 514 2122 ὁμολογίαν.

78 2145 215 2172 ΚΕΦΑΛ.
241 2144 304 2171 AE’.
320 2159 355 2164 —
368 2144 439 2178 Περὶ
451 2143 604 2178 κληρικῶν
617 2143 781 2170 ἐσθιόντων
807 2144 842 2170 ἐν

38 2191 208 2225 καπηλείῳ
221 2190 240 2225 ἢ
250 2191 428 2224 πανδοκείῳ,

271 2237 300 2264 Ἀ
305 2238 463 2263 ποστόλων
474 2236 573 2262 κανὼν
581 2236 625 2262 γε’.

75 2281 126 2310 νδ’.
146 2283 180 2309 Et
193 2291 236 2315 τις
245 2283 374 2318 κληριχὺς
384 2284 411 2308 ἐν
424 2282 565 2318 καπηλείῳ
582 2283 721 2318 φωραθείη
731 2283 840 2315 ἐσθίων,

34 2339 63 2357 κ.
82 2339 113 2356 τ.
129 2330 159 2358 λ.

182 2384 319 2411 Συνόδου
335 2385 508 2418 Λαοδικείας
519 2385 620 2412 κανὼν
635 2386 683 2413 κδ’.

70 2430 127 2457 κδ’.
150 2431 217 2457 ’Ὁτι
230 2431 260 2457 οὺ
271 2431 311 2457 δεῖ
334 2432 487 2466 ἱερατικοὺς
504 2432 558 2458 ἀπὸ
572 2432 766 2469 πρεσϐυτέρων
786 2433 839 2465 ἓως

26 2476 190 2508 διακόνων,
206 2477 253 2502 καὶ
270 2475 343 2510 ἑξῆς.

184 2533 322 2560 Συνόδου
337 2534 546 2569 Καρθαγέννης
562 2535 662 2561 κανὼν
679 2539 715 2570 μ’.

61 2579 145 2613 Περὶ
165 2579 224 2606 τοῦ
236 2579 279 2614 μὴ
298 2581 522 2613 καπηλεύεσθαι
543 2581 612 2614 τοὺς
625 2581 798 2615 κληρικοὺς,
815 2583 840 2609 εὶ

19 2625 68 2658 μὴ
90 2625 375 2659 ἐπιξενουμένους.

60 2669 106 2706 μ’.
125 2671 220 2697 ’Ὥστε
235 2671 299 2702 τοὺς
313 2672 461 2706 κληρικοὺς
472 2673 552 2707 χάριν
569 2673 615 2699 τοῦ
626 2673 742 2709 τρώγειν
755 2674 770 2709 ἢ
790 2674 837 2700 πί-

855 2207 879 2235 D
892 2197 931 2224 rio
948 2195 1120 2223 nascentibus.

895 1569 934 1597 tit.
953 1571 999 1598 lib.
1016 1579 1086 1598 XLVII
1098 1570 1211 1607 [doeeL]

928 1626 1003 1654 CAP.
1018 1626 1138 1653 XXXIV.
1154 1642 1189 1647 —-
1211 1627 1245 1654 Ut
1262 1628 1427 1662 deponantur
1446 1627 1535 1655 clerici
1554 1627 1599 1661 qui
1612 1626 1684 1658 ﬁdei-

889 1673 1021 1708 jussiones
1037 1673 1174 1699 dederunt.

1105 1718 1292 1753 Apostolorum
1310 1727 1393 1745 canon
1408 1719 1454 1744 “20.

930 1763 965 1790 ΞΟ
977 1763 1047 1800 [19].
1061 1764 1183 1792 Clericus
1197 1764 1345 1798 lideiubens
1357 1764 1522 1798 deportatur.

928 1819 1009 1855 316
1019 1822 1124 1846 Tenus.
1137 1820 1232 1848 Const.
1243 1821 1277 1847 ΞΗ
1286 1826 1312 1847 et
1321 1821 1367 1853 52,
1376 1821 1417 1848 tit.
1428 1822 1454 1854 ’5,
1462 1821 1509 1848 lib.
1520 1820 1595 1848 lcod.
1605 1820 1685 1847 cleri-

892 1873 940 1893 cos
949 1866 1085 1900 litigantes
1097 1866 1288 1901 tidejussiones
1298 1867 1363 1894 dare
1372 1867 1476 1894 dicunt.
1488 1867 1521 1894 Et
1535 1867 1646 1894 constit.
1655 1866 1684 1897 2,

894 1913 934 1939 tit.
951 1921 959 1939 ι
978 1911 1162 1944 Novellarum.
1189 1913 1302 1940 clericos
1326 1913 1462 1948 litigantes
1496 1913 1684 1947 fideiussorem

894 1966 948 1986 non
967 1959 1044 1989 dare.
1063 1960 1108 1986 sed
1127 1959 1328 1986 confessionem
1341 1960 1548 1994 pignoraticiam
1562 1961 1622 1987 sine
1641 1959 1685 1994 ju-

895 2009 1020 2032 ramento
1036 2004 1125 2032 facere
1145 2014 1151 2032 :
1171 2006 1315 2040 episcopos
1326 2010 1417 2032 autem
1443 2005 1582 2040 litigantes
1595 2013 1684 2039 neque

893 2050 1083 2084 ﬁtlejussioncs
1116 2050 1204 2084 dare,
1239 2059 1327 2086 neque
1353 2051 1555 2079 confessionem
1595 2051 1684 2078 facere

892 2096 968 2123 dicit.

927 2149 1004 2178 CAP.
1020 2149 1130 2178 XXXV.
1149 2166 1184 2171 —
1200 2151 1237 2179 De
1248 2152 1351 2179 clericis
1367 2153 1392 2178 in
1405 2152 1503 2187 popina
1518 2151 1556 2179 vel
1566 2153 1682 2179 diverso-

1106 2243 1294 2278 Apostolorum
1309 2252 1393 2270 canon
1406 2243 1450 2271 51.

928 2289 1032 2325 5565].
1043 2290 1070 2317 Si
1080 2290 1143 2325 quis
1155 2290 1269 2317 cleriCus
1284 2290 1311 2316 in
1324 2298 1445 2325 caupona
1462 2289 1618 2321 comedens,
1628 2295 1681 2318 etc.

890 2339 918 2362 ut
937 2344 998 2371 pag.
1012 2336 1075 2364 858.
1575 2347 1579 2350 ⁷

1068 2393 1181 2421 Concilii
1203 2393 1346 2420 Laudiceni
1359 2401 1444 2420 canon
1460 2393 1506 2420 24.

922 2439 966 2466 24.
982 2438 1060 2472 Quod
1074 2448 1127 2466 non
1141 2444 1246 2474 oportet
1257 2444 1377 2466 sacratos
1389 2447 1402 2466 a
1415 2440 1580 2475 presbyteris
1594 2447 1680 2474 usque

889 2486 923 2512 ad
939 2485 1078 2518 diaconos,
1094 2489 1147 2512 etc.
1164 2489 1192 2511 ut
1206 2493 1267 2519 pag.
1284 2485 1347 2512 555.

1032 2541 1145 2569 Concilii
1162 2541 1377 2575 Cart/myincnsis
1390 2549 1473 2567 cotton
1487 2541 1532 2568 40.

929 2586 963 2613 Ut
978 2587 1067 2614 clerici
1100 2588 1234 2619 tabernas,
1250 2587 1303 2614 nisi
1318 2588 1345 2613 in
1359 2588 1515 2622 peregrinis,
1532 2595 1583 2615 non
1596 2588 1681 2623 ingrev

890 2633 1011 2659 dianlur.

926 2678 971 2705 40.
992 2678 1028 2705 Ut
1054 2677 1146 2705 clerici
1173 2677 1271 2705 edendi
1301 2678 1339 2705 vel
1357 2678 1465 2705 bibendi
1482 2679 1504 2694 “
1529 2686 1608 2706 causa
1638 2682 1678 2705 ta-

894 2723 994 2751 bernas
1011 2730 1063 2750 non
1090 2723 1286 2758 ingrediantur,
1309 2723 1361 2751 nisi
1387 2723 1614 2758 peregrinationis
1631 2731 1679 2750 nc-

895 2770 1022 2798 cessitate
1038 2770 1171 2806 compulsi
1187 2769 1249 2806 [ms.
1269 2769 1394 2804 compulsi
1409 2769 1491 2805 sunt].

17 2725 97 2748 νειν,
124 2716 171 2752 μὴ
194 2716 310 2743 εἰσιέναι
336 2718 376 2749 είς
393 2718 540 2753 καπηλεῖα,
555 2719 578 2745 εί
596 2720 632 2755 μή
645 2720 669 2754 γ’
693 2719 726 2747 ἂν
752 2720 841 2752 ξενίας

16 2764 143 2800 ἀνάγκη
162 2764 400 2800 συνωθουμένους.

55 2855 82 2872 ⁸⁸
107 2855 212 2886 Cone.
225 2854 312 2883 Afric.
329 2863 353 2883 c.
370 2856 395 2882 7.
