1959 3060
246 125 300 157 ’195

412 181 525 209 Concilii
542 181 696 208 aecumenict'
707 188 732 207 vt
747 188 830 207 canon
852 180 879 207 9.

283 229 308 255 9.
329 227 399 254 Nulli
413 227 495 254 licere
504 226 604 253 clerico
619 225 812 260 cauponariam
829 225 929 252 habere
947 224 1039 251 taber-

248 281 324 305 nam,
335 278 400 304 etc..
417 277 445 299 ut
460 281 522 307 pug.
540 272 601 301 750.

287 318 395 345 Τεςιιιιε.
421 318 516 345 Const.
542 319 586 350 Μ,
604 318 671 344 tit.t
695 317 868 344 Novellarum
894 317 941 348 ait,
967 317 1040 351 quod

250 364 415 391 monachum
450 364 476 390 in
511 371 633 398 caupona
669 368 876 389 conversantem
912 363 1039 397 castigari

251 413 385 444 oporteat,
402 409 429 435 in
447 409 597 443 previnciis
611 408 719 442 quidem
732 416 747 434 a
757 408 897 434 civitatum
915 407 1042 435 defenso-

250 457 340 489 ribus,
357 455 593 488 Constantinopoli
613 461 678 481 vero
694 461 708 480 a
730 453 920 488 prastoriortnn
946 452 1041 487 prmfe-

251 508 317 529 elo:
336 505 363 528 et
387 509 402 528 a
426 501 506 535 317
524 500 754 526 monasteriorum
777 499 899 526 antistite
930 498 1041 533 expelli.

251 546 343 582 [Tunc
364 547 445 573 etiam
464 545 548 580 Italic]
576 545 662 580 legem
690 545 792 578 ubique
808 544 907 575 valere,
922 551 1041 578 eamque

254 592 451 620 observandam
465 591 610 626 przefectos
628 597 710 625 atque
724 590 854 624 praesides
873 597 970 617 curare
983 590 1041 625 [de-

252 637 338 674 bere]

287 694 365 722 CAP.
381 693 502 721 XXXVI.
517 708 552 714 —
569 692 607 719 De
618 692 720 719 clericis
732 693 929 719 contumeliosis
949 693 975 719 in
990 692 1040 718 im-

253 745 411 774 peratorem,
429 744 475 766 aut
495 739 659 773 episcopum,
688 743 734 764 aut
765 739 969 773 magistratum,
996 744 1041 766 aut

255 786 447 821 presbyterum.

398 840 582 875 Apeslolorum
599 847 721 871 canones,
738 839 782 870 55.
800 840 844 870 5t},
859 840 904 866 84.

288 888 323 915 55
337 887 404 923 [54].
423 887 450 913 Si
464 889 525 921 quis
554 887 669 913 clericus
694 886 849 920 episcopum
877 885 1041 913 contumelia

255 932 384 964 alleceiit,
411 933 572 967 deponatur.
590 931 711 966 Principi
729 933 798 958 enim
816 932 907 966 populi
934 932 972 958 tui
990 939 1041 958 non

257 977 408 1004 maledicas.

291 1022 326 1048 56
339 1021 408 1057 [55].
433 1022 459 1048 Si
473 1023 534 1056 quis
549 1023 664 1050 clericus
687 1022 876 1057 presbyterum
891 1022 932 1049 vel
950 1022 1043 1049 iliaco-

257 1075 321 1094 num
337 1068 436 1102 injuria
449 1068 578 1101 all‘ceerit,
595 1073 761 1103 scgrcgetur.

290 1113 324 1139 84
337 1113 405 1148 [83].
423 1113 553 1148 Quisquis
565 1121 666 1148 regem,
687 1119 738 1140 etc.
754 1118 782 1140 ut
796 1121 857 1148 pag.
877 1113 940 1141 759.

460 1170 496 1196 De
508 1169 603 1196 Plzotio
622 1170 716 1204 synodi
733 1178 816 1196 canon
831 1171 858 1197 5.

293 1225 320 1252 3.
341 1224 369 1252 Si
393 1226 454 1260 quis
484 1226 570 1252 laicus
600 1226 691 1253 divina
721 1233 753 1252 ac
774 1227 847 1260 regia
871 1230 1047 1253 contemnens

260 1271 400 1304 mandata,
437 1272 645 1306 tremendasquc
676 1272 884 1299 constitutiones
914 1279 941 1299 et
974 1273 1047 1308 leges

260 1315 389 1343 Ecclesize
418 1321 606 1348 contemnens,
632 1317 742 1351 propria
772 1317 936 1344 auctoritate
963 1325 1048 1345 ausus

259 1362 342 1389 fuerit
363 1362 520 1396 episcopum
540 1363 685 1389 verberare
701 1367 748 1389 aut
763 1363 788 1389 in
802 1371 940 1390 carcerem
960 1365 1047 1398 conji-

261 1417 340 1443 cere,
361 1409 402 1436 vel
425 1410 484 1436 siue
509 1417 612 1442 causa,
631 1411 672 1437 vel
694 1410 755 1438 ficta
778 1418 878 1443 causa,
903 1412 1049 1438 anathema

260 1461 318 1483 08ιο
324 1476 330 1483 .

835 123 968 153 ΡΗΟΤΙΙ
987 122 1237 153 PATRLARCH/E
1250 121 1303 151 CP.

1825 119 1872 151 7‘36

1169 178 1305 205 Συνόδου
1320 178 1533 212 οὶκουμενικῆς
1546 177 1635 211 ἕκτης
1650 178 1749 204 κανὼν
1763 179 1796 206 θ’.

1123 224 1157 252 θ’.
1168 224 1270 260 Μηδενὶ
1287 224 1386 255 ἐξεῖναι
1403 222 1524 258 κληρικῷ
1546 223 1698 258 καπηλικὸν
1709 224 1779 259 ἔχειν
1795 225 1871 261 ἐργα-

1092 272 1210 305 στήριον,
1224 279 1250 298 κ.
1266 279 1292 297 τ.
1303 269 1328 296 λ.

1134 316 1166 342 Ἦ
1190 316 1218 341 ιδ’
1234 315 1303 342 διάτ.
1319 314 1366 342 τοῦ
1383 314 1406 340 α’
1421 314 1474 341 τῐτ.
1503 314 1558 341 τῶν
1579 314 1694 350 Νεαρῶν
1716 318 1809 351 φησιν,
1823 317 1870 349 ὅτι,

1092 361 1137 387 τὸν
1168 360 1285 395 μοναχὸν
1311 359 1549 394 ἀναστρεφόμενον
1571 360 1599 385 ὲν
1617 360 1758 395 καπηλείῳ
1770 361 1810 387 δεῖ
1823 370 1872 388 σω-

1091 405 1276 441 φρονίζεσθαι,
1293 405 1322 431 ὲν
1335 405 1383 440 μὲν
1395 405 1452 436 ταῖς
1466 406 1614 440 ἐπαρχίαις
1648 407 1724 441 παρὰ
1750 407 1804 433 τῶν
1829 409 1872 435 Ex-

1091 451 1183 483 δὶκων,
1210 451 1239 477 ἐν
1260 450 1289 476 δὲ
1310 451 1596 477 Κωνσταντινουπόλει
1611 452 1686 488 παρὰ
1699 453 1745 478 τοῦ
1758 453 1872 488 ἐπάρχου

1090 496 1144 522 τῶν
1176 496 1368 531 πραιτωρίων,
1399 497 1585 532 ἐξωθούμενον
1607 497 1661 523 τῶν
1688 500 1872 534 μοναστηρὶων

1092 542 1167 576 παρὰ
1187 542 1242 568 τῶν
1270 541 1429 576 ἡγουμένων
1449 550 1456 557 ·
1486 543 1623 577 πανταχοῦ
1642 543 1671 570 δὲ
1695 545 1815 579 κρατεῖὸ
1830 545 1871 571 νό-

1092 596 1142 623 μος
1159 595 1165 602 ’
1184 588 1231 615 καὶ
1248 587 1392 622 προνοοῦσι
1415 588 1464 622 τῆς
1477 588 1598 623 φυλακῆς
1621 589 1702 616 αὑτοῦ
1718 590 1743 615 οι
1760 589 1871 625 ὕπαρχοι

1092 634 1139 661 καὶ
1153 634 1177 660 οἱ
1191 634 1330 669 ἄρχοντες.

1125 690 1251 718 ΚΕΦΛΛ.
1279 691 1349 724 aq'.
1377 705 1411 712 -—
1428 692 1496 726 Περὶ
1532 692 1682 726 κληρικῶν
1706 693 1876 726 ὑϐριζόντων

1088 735 1221 767 βασιλέα
1236 736 1255 770 ἢ
1269 730 1448 769 ἐπίσκοπον,
1474 737 1493 772 ἢ
1522 737 1663 772 ἄρχοντα,
1681 738 1700 773 ἢ
1717 740 1874 773 πρεσϐύτε-

1087 789 1155 815 ρον.

1241 839 1430 866 Ἀποστόλων
1447 841 1603 870 κανὼν,νε¹.
1619 841 1674 873 νς’,
1688 840 1738 868 τπδ’.

1127 884 1174 911 γε’.
1192 884 1227 911 Εἴ
1255 893 1296 916 τις
1310 885 1439 919 κληρικὺς
1455 886 1616 920 ὑὸρὶσειτὴν
1641 886 1798 916 ἐπίσκοπον,
1815 886 1879 912 καί)⁴

1092 929 1222 964 αιρείσθω
1235 938 1241 944 ·
1258 930 1405 964 Ἄρχοντα
1416 930 1471 965 γὰρ
1486 931 1538 957 τοῦ
1559 931 1636 958 λαοῦ
1658 939 1716 958 σου
1740 933 1794 958 οὐκ
1805 932 1879 967 ἐρεῖς

1093 975 1202 1009 κακῶς.

1129 1021 1183 1053 νς’.
1198 1022 1232 1049 Εἴ
1241 1031 1284 1054 τις
1297 1022 1426 1058 κληρικδς
1441 1022 1545 1057 ὑϐρίσει
1563 1023 1746 1058 πρεσϐύτερον
1763 1024 1779 1059 ἢ
1794 1024 1880 1051 διάκο-

1095 1076 1149 1100 νον,
1166 1068 1349 1103 ἀφοριζέσοω.

1131 1113 1182 1141 πδ’.
1203 1115 1298 1145 Ὅστις
1314 1114 1419 1150 ὑὸρίσει
1436 1114 1557 1149 βασιλέα,
1575 1123 1602 1140 κ.
1621 1115 1684 1142 τ.λ.

1217 1170 1274 1204 Τῆς
1293 1170 1342 1197 ἐπὶ
1358 1172 1456 1205 Φωτίῳ
1468 1171 1603 1198 συνόδου
1619 1172 1719 1198 κανὼν
1732 1176 1766 1206 γ’.

1126 1227 1160 1262 γ’.
1173 1227 1205 1254 Εἴ
1221 1235 1263 1258 τις
1278 1227 1332 1254 τῶν
1344 1227 1445 1253 λαῖκῶν
1463 1227 1640 1262 αὑοεντήοας,
1655 1227 1702 1254 καὶ
1717 1229 1884 1264 καταφροιήι

1099 1282 1147 1305 σας
1158 1273 1206 1308 μὲν
1218 1273 1271 1299 τῶν
1287 1272 1366 1299 Θεῑων
1377 1273 1422 1298 καὶ
1438 1272 1582 1307 βασιλικῶν
1597 1274 1822 1309 προσταγμάτων,
1837 1283 1885 1301 κα-

1098 1318 1251 1353 ταγελάσας
1276 1317 1303 1343 δὲ
1325 1318 1372 1344 καὶ
1408 1317 1461 1344 τῶν
1493 1319 1614 1353 φρικτῶν
1643 1319 1692 1353 τῆς
1721 1319 1884 1354 Ἐκκλησίας

1099 1354 1207 1398 θεσμῶν
1226 1371 1255 1389 τε
1279 1363 1326 1388 καὶ
1349 1362 1449 1397 νόμων,
1466 1363 1626 1397 τολμήσειεν
1649 1363 1797 1390 ἐπίσκοπόν
1824 1372 1886 1390 τινα

1099 1411 1192 1444 τύψαι,
1214 1409 1230 1444 ἢ
1249 1408 1440 1443 φυλακισαι,ἢ
1467 1409 1551 1444 χωρὶς
1577 1409 1677 1442 αἰτίας,
1709 1410 1788 1444 ﬁnal
1816 1418 1887 1445 συμ-

1100 1455 1272 1490 πλασάμενος
1285 1454 1384 1486 αἰτίαν,
1400 1455 1413 1480 ό
1430 1453 1549 1485 τοιοῦτος
1563 1454 1687 1488 ἀνάθεμα
1701 1455 1781 1482 ἔστω.

297 1501 405 1528 Tenus.
422 1501 459 1528 De
472 1501 579 1528 clericis
591 1502 757 1529 contumelia
767 1501 945 1530 allicientibus
959 1503 1048 1530 civilis

1142 1502 1242 1532 Ἰδικῶς
1270 1501 1318 1536 μὲν
1334 1500 1380 1526 καὶ
1394 1500 1457 1535 περὶ
1483 1500 1622 1535 κληρικῶν
1634 1501 1800 1536 ὑϐριζόντων
1812 1503 1826 1528 ὁ
1841 1511 1889 1529 πο-

262 1548 304 1575 ch
320 1547 474 1582 specialiter
488 1548 554 1574 nihil
568 1552 681 1575 tractat.
704 1548 772 1575 Dicit
790 1553 881 1576 autem
897 1550 924 1576 in
940 1549 988 1576 lib.
1008 1558 1046 1582 ix,

263 1594 323 1621 cod.
341 1593 383 1621 tit.
400 1594 426 1625 7,
449 1594 559 1622 constit.
578 1602 596 1626 I,
619 1602 705 1628 eaque
732 1595 824 1627 unica,
844 1595 918 1630 quod
937 1595 985 1630 qui
999 1596 1049 1622 im-

265 1644 417 1674 peratorem
437 1639 569 1666 conviciis
592 1639 745 1672 incesserit,
774 1648 827 1667 non
845 1641 982 1675 puniatur,
1000 1649 1049 1669 nc-

263 1694 316 1720 que
344 1687 444 1712 durum
470 1686 572 1720 aliquid
603 1694 653 1713 nec
677 1694 805 1721 asperum
823 1687 969 1716 sustineat.
996 1688 1050 1715 Aut

262 1731 335 1758 enim
362 1730 475 1766 [inquit]
496 1738 527 1758 ex
552 1731 661 1758 levitate
683 1731 764 1763 dixit,
792 1737 820 1759 et
841 1733 1048 1760 contemnitur:

267 1769 357 1804 att‘tev
372 1777 489 1808 insania,
503 1781 529 1803 et
550 1776 725 1803 miseratione
741 1777 838 1811 dignus
856 1777 970 1804 habetur
985 1787 991 1805 :
1004 1782 1051 1805 aut

266 1827 394 1856 tanquam
420 1821 548 1855 iniuriam
574 1829 684 1856 passus,
709 1826 736 1848 et
754 1822 934 1849 condonatur.
960 1823 1049 1860 [Eam]

265 1873 355 1895 autem
371 1867 452 1902 [rem]
473 1867 507 1894 ad
529 1867 722 1902 imperatorem
750 1867 860 1901 referri,
882 1876 1000 1900 eumque
1018 1877 1051 1896 ex

265 1912 395 1946 qualitate
413 1919 535 1946 persona;
548 1911 684 1946 judicare,
705 1912 821 1939 veniane
840 1912 987 1946 dignanda,
1005 1918 1052 1940 aut

266 1964 330 1984 vero
353 1956 488 1991 punienda
515 1957 559 1984 sit.
582 1956 651 1983 Nam
668 1956 769 1983 dicitur
789 1957 871 1984 etiam
894 1957 942 1984 lib.
959 1965 1051 1991 xum,

266 2004 309 2030 tit.
325 2004 352 2036 4,
365 2003 461 2038 digest.
480 2003 505 2036 7,
518 2003 624 2037 judices
640 2002 798 2038 principalis
814 2002 989 2039 [maiestatis]
1011 2011 1052 2030 ve-

268 2051 407 2078 neratione
419 2050 494 2077 abuti
511 2057 567 2076 non
581 2049 689 2081 debere,
704 2050 749 2077 sed
761 2050 901 2076 veritatem
919 2055 1052 2084 spectare,

267 2104 301 2123 an
315 2095 462 2132 [videlicet]
476 2095 558 2130 318
569 2103 685 2130 persona
700 2094 757 2130 [illa
767 2094 805 2130 id]
824 2094 913 2122 faecre
923 2096 1052 2129 potuerit,

267 2147 295 2171 et
318 2150 351 2169 an
368 2147 430 2170 ante
453 2142 558 2173 fecerit,
587 2146 613 2168 et
630 2148 664 2167 an
686 2141 862 2175 cogitaverit,
885 2146 912 2168 et
928 2149 962 2168 an
981 2149 1053 2169 sanae

1100 1547 1200 1578 λιτικδς
1214 1547 1295 1581 νόμος
1313 1546 1343 1572 οὑ
1354 1546 1531 1581 διαλαμϐάνει
1548 1555 1554 1561 ⁸
1573 1546 1647 1580 λέγει
1662 1546 1690 1572 δὲ
1715 1547 1786 1582 βιῆλ.
1806 1547 1828 1573 θ’
1842 1547 1889 1574 τοῦ

1106 1593 1184 1624 κώδ.,
1205 1593 1258 1619 τὶτ,
1279 1590 1312 1624 ζ’,
1327 1591 1395 1617 διάτ.
1412 1594 1436 1617 α’
1450 1593 1495 1617 καὶ
1513 1592 1592 1626 μόνη,
1620 1592 1660 1618 ὅτι
1673 1593 1687 1619 ὁ
1713 1592 1759 1618 τὸν
1776 1592 1889 1627 βασιλέα

1100 1639 1218 1674 ὑϐρίζων
1244 1638 1272 1664 οὐ
1295 1638 1468 1673 τιμωρεῖται,
1497 1637 1559 1663 οὕτε
1584 1646 1609 1664 τι
1641 1638 1757 1673 σκληρὸν
1778 1639 1794 1674 ἢ
1821 1641 1890 1674 ταχῦ

1100 1684 1251 1719 ὑπομένει·
1268 1683 1284 1718 ἢ
1302 1683 1355 1717 γὰρ
1373 1683 1426 1709 ἀπὸ
1440 1683 1604 1718 κουφότητος
1629 1680 1688 1709 εἷπε
1702 1703 1709 1715 ,
1734 1684 1779 1709 καὶ
1811 1692 1891 1718 περι-

1101 1731 1239 1765 φρονείται
1253 1736 1259 1742 ·
1275 1729 1290 1763 ἢ
1307 1728 1335 1762 ἐξ
1353 1728 1454 1760 ἀνοίας,
1472 1729 1519 1754 καὶ
1540 1728 1654 1755 ὲλεεῐται
1670 1737 1677 1744 ”
1697 1729 1714 1761 ἢ
1728 1729 1766 1759 ὡς
1784 1729 1892 1756 ἀδικού-

1103 1783 1192 1809 μενος,
1206 1775 1252 1801 ml.
1267 1775 1450 1809 συγχωρεῖται
1465 1781 1471 1788 ·
1499 1773 1664 1809 ἀναφέρεται
1680 1774 1708 1800 δὲ
1723 1774 1762 1809 τῷ
1773 1774 1889 1809 βασιλεῖ,

1102 1820 1148 1847 καὶ
1164 1820 1245 1851 αὐτὸς
1261 1820 1292 1846 ὲκ
1311 1820 1362 1854 τῆς
1388 1819 1530 1853 ποιότητος
1552 1819 1598 1845 τοῦ
1626 1819 1773 1854 προσώπου
1802 1821 1891 1856 κρίνει

1102 1868 1126 1893 εἰ
1142 1866 1244 1900 ὀφείλει
1263 1865 1475 1900 συγχωρηθῆναι
1497 1865 1513 1900 ἣ
1542 1866 1731 1901 τιμωρηθῆναι
1748 1874 1754 1881 ·
1781 1867 1892 1902 εἴρηται

1102 1911 1157 1947 γὰρ
1171 1912 1218 1937 καὶ
1235 1910 1305 1945 βιϐλ.
1336 1913 1391 1945 μη’,
1407 1911 1460 1936 τίτ.
1477 1909 1498 1936 δ’
1508 1930 1515 1942 ,
1530 1909 1583 1943 δίγ.
1601 1909 1623 1941 ζ’
1633 1930 1640 1942 ,
1653 1910 1694 1936 ὅτι
1706 1910 1736 1936 οὑ
1748 1911 1801 1945 χρὴ
1829 1913 1893 1943 τοὺς

1102 1957 1231 1988 δικαστὰς
1249 1956 1454 1991 ἁποκεχρῆσοαι
1466 1957 1498 1991 τῇ
1514 1955 1639 1991 βασιλικῇ
1656 1957 1733 1991 τιμῇ,
1760 1957 1830 1983 ἀλλὰ
1860 1958 1890 1983 τὺ

1103 2003 1202 2038 ἀληθὲς
1231 2004 1353 2035 σκοπεῖν,
1376 2003 1423 2029 καὶ
1447 2003 1470 2028 εἰ
1500 2002 1611 2028 δυνατὸν
1631 1999 1664 2037 ἦν
1685 2002 1715 2028 τὸ
1745 2002 1893 2037 πρόσωπον

1105 2049 1225 2084 ποιῆσαι,
1243 2049 1290 2074 καὶ
1309 2050 1332 2074 εἰ
1357 2048 1410 2084 πρὸ
1421 2047 1517 2074 τούτου
1533 2048 1657 2083 ἐποίησε,
1683 2049 1729 2075 καὶ
1754 2048 1778 2074 ει
1799 2049 1892 2075 ἐνεθψ

1106 2094 1191 2130 μήθη,
1219 2095 1266 2121 καὶ
1282 2095 1306 2120 εἰ
1336 2094 1434 2128 ἕνηφεν
1452 2102 1458 2109 ·
1485 2093 1547 2120 οὕτε
1566 2094 1621 2129 γὰρ
1647 2093 1767 2129 εὐχερῶς
1788 2095 1893 2128 ὀφείλει

1105 2140 1281 2176 τιμωρεῖσοαι
1310 2141 1323 2166 ό
1347 2139 1486 2176 φλύαρος·
1516 2141 1540 2166 εἰ
1567 2139 1605 2175 μὴ
1633 2140 1752 2167 τοιοῦτόν
1783 2142 1844 2167 ἐστι
1863 2142 1894 2167 τδ

268 2188 368 2216 mentis
384 2187 475 2215 fuerit.
498 2187 594 2222 Neque
604 2187 677 2214 enim
699 2186 780 2214 facile
803 2187 943 2222 garrulum
963 2188 1049 2222 puniri

1105 2187 1266 2222 ἁμάρτημα,
1282 2186 1350 2220 ὅπερ
1363 2186 1377 2212 ό
1394 2185 1475 2220 νόμος
1504 2185 1594 2221 ῥητῶς
1611 2185 1640 2218 ἐξ
1654 2186 1745 2221 ὁμοίου
1760 2187 1895 2222 τιμωρεῖ--

267 2235 366 2262 debere
378 2234 430 2262 nisi
444 2234 467 2261 si
480 2233 534 2260 tale
549 2233 680 2260 delictum
695 2234 740 2266 sit,
757 2232 830 2267 quod
841 2241 876 2260 ex
894 2239 968 2260 certa
984 2233 1052 2268 lege,

268 2284 316 2307 aut
333 2280 367 2307 ad
380 2280 534 2314 exemplum
551 2280 689 2313 puniatur.
705 2279 837 2306 Acerbins
852 2283 942 2306 autem
961 2279 988 2306 in
1004 2279 1055 2306 mi-

272 2326 334 2353 lites
355 2325 471 2360 insurgi.
485 2325 654 2353 Generaliter
670 2324 757 2360 [vero]
783 2325 815 2352 de
837 2325 870 2352 iis
885 2325 931 2360 qui
956 2329 1056 2352 contu-

269 2372 349 2399 melia
363 2371 494 2403 alliciunt,
506 2371 548 2398 vel
562 2371 719 2401 verberant.
735 2371 776 2398 vel
790 2370 911 2399 famosos
927 2370 1056 2407 [libellos]

269 2416 427 2449 conﬁciunt,
446 2415 487 2443 vel
515 2416 607 2450 legunt
625 2419 652 2443 et
665 2423 721 2442 non
745 2416 938 2451 disrumpunt,
961 2421 1058 2443 tractat

269 2462 430 2495 libervan,
441 2462 483 2489 tit.
494 2469 522 2493 x,
536 2461 584 2493 10;
603 2465 629 2488 et
641 2460 688 2487 lib.
700 2469 737 2493 lx,
753 2461 814 2488 cod.
831 2461 872 2488 tit.
883 2461 917 2488 55
933 2466 960 2488 et
971 2461 1020 2495 '56;
1032 2465 1057 2488 et

270 2508 359 2536 lnstit.
380 2506 440 2544 [lib]
457 2514 495 2539 ιν,
512 2507 554 2533 tit.
570 2507 598 2540 ι,
620 2507 647 2533 in
663 2507 762 2542 quibus
788 2507 896 2540 dicitur,
915 2508 987 2542 quod
1004 2507 1059 2542 [iu-

268 2553 407 2588 juriarum
428 2551 510 2587 actio]
535 2555 591 2578 tum
617 2551 775 2586 pecuniaria
796 2556 852 2579 tum
879 2552 1059 2579 criminaliter

271 2603 424 2626 moveatur.
453 2599 486 2626 Et
503 2598 575 2633 quod
595 2597 757 2632 injuriarum
782 2598 927 2624 damnatus
949 2597 1059 2624 infamis

271 2646 337 2672 tiat:
358 2643 465 2672 tametsi
482 2652 590 2671 servum
614 2644 731 2670 alienum
750 2643 848 2677 injuria
866 2642 995 2675 alfccerit,
1014 2649 1061 2671 aut

272 2691 361 2718 amice
389 2690 460 2716 (latis
477 2689 600 2724 pecuniis
626 2688 671 2724 [de
691 2697 721 2716 ea
748 2688 866 2724 actione]
889 2689 1059 2724 transegerit,

274 2737 312 2764 uti
331 2737 379 2763 lib.
398 2744 439 2768 ιιι,
466 2736 508 2763 tit.
538 2736 570 2769 ‘2,
596 2735 691 2770 digest.
712 2735 730 2761 2
757 2739 784 2762 et
806 2736 822 2761 6
839 2734 991 2771 [traditur].
1017 2735 1060 2766 Et,

275 2783 348 2818 quod
364 2787 440 2810 atrox
465 2782 563 2816 injuria
586 2781 632 2814 sit,
657 2789 717 2816 qua:
742 2782 924 2816 magistratui,
941 2781 1059 2814 consuli,

276 2829 419 2861 sacerdon,
438 2827 560 2864 [alioqui]
576 2827 616 2855 vel
633 2827 735 2854 honore
754 2827 866 2861 praedito
885 2828 922 2854 tit.
940 2827 970 2854 Et
985 2828 1058 2862 quan

1104 2240 1175 2259 ται·
1205 2233 1371 2267 τραχύτερον
1392 2231 1421 2257 δὲ
1449 2231 1521 2257 κατὰ
1546 2231 1721 2267 στρατιωτῶν
1747 2233 1870 2259 κινεῖται
1890 2241 1896 2247 '

1105 2278 1221 2313 γενικῶς
1247 2278 1275 2304 δὲ
1298 2277 1362 2313 περὶ
1397 2277 1451 2303 τῶν
1470 2277 1666 2312 ὑϐριζόντωνῆ
1695 2278 1856 2304 τυπτόντων
1883 2279 1900 2312 ἦ

1106 2323 1254 2351 ποιούντων
1282 2324 1401 2358 φὰμοσα,
1429 2322 1544 2349 καὶτῶν
1558 2323 1742 2358 εὑρισκόντων
1754 2323 1825 2350 αὐτὰ
1851 2325 1903 2350 κα)⁵

1107 2369 1357 2404 ἀναγινωσκόντων,
1373 2369 1420 2395 καὶ
1440 2368 1477 2404 μὴ
1500 2368 1724 2404 διαῤῥηγνύντων
1742 2369 1903 2404 διαλαμϐά-

1108 2424 1147 2442 νει
1163 2415 1233 2449 βιϐλ.
1256 2414 1310 2449 μζ,
1329 2414 1382 2441 τιτ.
1397 2417 1423 2447 ι’,
1439 2413 1487 2440 καὶ
1499 2413 1569 2448 βιϐλ.
1587 2413 1609 2439 θ’
1621 2413 1668 2440 τοῦ
1684 2413 1762 2446 κώδ.,
1779 2414 1834 2441 τίτ.
1863 2415 1903 2440 λε’

1109 2461 1156 2488 καὶ
1166 2461 1220 2492 λς¹”
1237 2460 1466 2487 καὶίνστιτυτίων
1480 2459 1501 2486 δ’
1517 2459 1569 2487 τίτ.
1582 2459 1602 2486 δ’
1615 2480 1622 2492 ,
1633 2457 1710 2491 ὲνοῖς
1726 2460 1848 2495 εἴρηται,
1859 2461 1904 2487 ὅτι

1109 2507 1156 2532 καὶ
1174 2505 1352 2541 χρηματικῶς
1367 2506 1414 2532 καὶ
1428 2505 1639 2540 ὲγκληματικῶς
1653 2506 1777 2537 κινεῖται,
1797 2506 1850 2532 καὶ
1860 2507 1905 2532 ὅτι

1109 2553 1122 2578 ὁ
1138 2552 1202 2586 περὶ
1214 2551 1319 2586 ὕϐρεως
1335 2550 1580 2584 καταδικαζόμενος
1603 2551 1699 2585 ἄτιμος
1711 2551 1828 2584 γίνεται,
1848 2551 1905 2578 κᾶν

1110 2597 1248 2632 ἀλλότριον
1271 2596 1363 2622 δοῦλον
1389 2595 1510 2630 ὕϐρισεν,
1530 2595 1545 2630 ἢ
1564 2595 1689 2629 φιλικῶς,
1710 2595 1726 2630 ἢ
1757 2595 1801 2621 ἐπὶ
1826 2595 1907 2622 δόσει

1111 2643 1259 2679 χρημάτων
1276 2641 1433 2677 ἀπηλλάγη,
1447 2641 1484 2672 ὡς
1510 2640 1580 2675 βιὸλ.
1591 2644 1614 2674 γ’
1625 2661 1632 2672 ,
1647 2641 1699 2667 τετ.
1713 2641 1735 2675 β’
1745 2662 1753 2672 ,
1780 2641 1844 2675 δίγ.-
1857 2642 1880 2676 β’
1899 2662 1906 2673 ,

1112 2689 1160 2715 καὶ
1175 2691 1201 2719 ς’
1215 2695 1222 2702 ’
1239 2687 1286 2713 καὶ
1301 2687 1341 2713 ὅτι
1352 2687 1466 2722 τραχεῖα
1481 2685 1560 2720 ὕϐρις
1578 2685 1651 2711 ἐστὶν
1672 2685 1688 2719 ὴ
1703 2686 1839 2720 γινομένη
1854 2686 1910 2722 ἆρ-

1113 2742 1186 2769 χοντι
1203 2733 1219 2768 ἢ
1236 2733 1341 2768 ὑπάτῳ,
1362 2732 1409 2758 καὶ
1424 2732 1490 2766 ἱερεῖ
1510 2731 1558 2757 καὶ
1573 2730 1749 2765 ἀξιωματικῷ
1763 2738 1770 2746 '
1791 2732 1844 2758 καὶ
1866 2733 1911 2758 ὅτι

1114 2781 1178 2807 εἴσω
1209 2779 1256 2806 τοῦ
1284 2778 1408 2806 ἐνιαυτοῦ
1438 2777 1518 2812 μόνου
1545 2777 1684 2803 κινεῖται·
1710 2777 1852 2811 κεφαλικὴ
1883 2777 1911 2803 δὲ

1115 2828 1232 2860 τιμωρεα
1250 2824 1362 2858 ὥρισται
1375 2824 1444 2851 κατὰ
1472 2824 1525 2850 τῶν
1540 2821 1686 2849 ποιούντων
1706 2822 1831 2857 φάμοσα,
1864 2824 1912 2849 x1"
