1951 3071
117 164 164 195 797

425 170 625 203 SYNTAGMA
634 173 826 206 CANONUM-
842 189 877 194 -

949 179 965 203 ‘-
982 179 1032 216 IX,
1044 181 1121 211 CAP.
1139 183 1409 216 XXXVI-XXXIX.

1689 189 1739 221 798

115 220 166 247 ιιῶν
181 221 421 255 ἀναγινωσκόντων
444 227 523 260 αὐτὰ,
544 229 590 255 καὶ
604 230 653 265 τὴν
670 230 783 266 δύναμιν
808 233 882 259 αὺτῶ

115 265 139 275 εκ
165 266 172 275 I
300 270 306 275 -
361 270 368 275 -
406 271 416 275 λ
436 272 454 275 --
493 273 499 275 -

951 234 1020 262 intra
1034 244 1135 263 annum
1149 237 1281 266 duntaxat
1293 238 1361 274 [haec
1383 239 1465 275 actio]
1483 247 1634 269 moveatur.
1650 243 1738 271 Cante-

115 265 242 300 λεγόντων
256 270 336 302 τισὶν,
353 270 390 302 ὡς
404 271 473 306 βιὸλ.
490 273 528 306 θ’,
543 275 595 301 τίτ.
615 275 668 308 λς’.

115 310 171 360 illos
188 312 289 360 tegunt,
300 316 381 349 quive
395 318 448 345 vim
461 326 554 347 eorum
580 321 716 356 aliquibus
749 323 854 357 dicunt,
868 324 936 360 capit

115 356 154 383 tit.
172 357 206 384 56
222 357 334 395 [tloceL]

146 404 270 432 ΚΕΦΑΛ.
287 405 347 434 ΛΖ’.
363 409 478 443 -Περὶ
494 410 554 437 τῶν
567 413 734 441 ποιούντων
755 422 893 450 συνωμο-

112 450 176 482 σίας
189 450 208 483 ἢ
223 452 359 484 φατρίας.

241 497 377 525 Συνόὃου
393 500 587 535 Χαλκηδόνος
600 503 702 530 κανὼν
715 508 761 540 ιη’.

144 540 188 577 ιη’.
206 542 242 569 Τὸ
255 542 306 577 τῆς
323 545 516 582 συνωμοσίαςῆ
526 548 642 583 φατρίας
650 549 787 586 ἔγκλημα,
797 560 824 578 κ.
833 561 858 579 τ.
867 552 893 579 1.

223 636 359 663 Συνόδου
378 639 589 674 Κπρθσιγέννης
606 642 709 669 κανῶν
725 643 774 677 νγ’.

142 680 229 707 Ὥστε
245 680 299 714 τὰς
309 681 483 716 διοικήσεις,
498 686 524 711 ει
547 685 588 719 μὴ
611 688 686 714 κατὰ
709 689 893 717 συναίνεσιν

109 725 159 752 τοῦ
187 725 265 753 ιὸίου
300 726 488 762 ἐπισκόπου,
529 730 701 759 ἐπίσκοπον
727 733 829 768 ἕτερον
849 735 892 770 μὴ

109 770 256 805 δέχεσθαι.

142 815 191 851 νγ’.
213 818 365 852 Ἐπιγόνιος
377 819 526 852 ἐπίσκοπος
539 819 626 848 εἷπεν·
645 823 689 850 Ἐν
707 823 817 856 πολλαῖς
832 834 895 852 συν-

110 861 176 894 ύδοις
187 861 300 898 ὥρισται
314 865 444 901 συνεδρίῳ
459 866 598 902 ἱερατικῷ,
611 876 637 894 κ.
653 875 679 895 τ.
690 868 715 896 1.

140 959 271 995 Αὐρήλιος
287 960 435 993 ἐπίσκοπος
454 960 539 990 εἶπεν
556 963 609 990 Τοῦ
624 964 740 999 ἀδελφοῦ
753 966 799 993 καὶ
825 975 891 994 συν-

107 1001 253 1032 επισκόπου
269 1007 347 1041 ἡμῶν
362 1009 395 1043 τῇ
406 1007 604 1044 ὲξακολουϐήσε
614 1019 633 1041 ι,
649 1019 677 1037 κ.
691 1019 716 1038 τ.
735 1011 759 1038 1.

146 1051 293 1085 Ὁνωράτος
325 1052 372 1078 καὶ
399 1052 536 1088 Οὑρὸανὺς
571 1054 716 1081 ἐπίσκοποι
743 1054 830 1083 εἷπον
861 1057 892 1084 Ἦ

108 1094 219 1130 μεγίστη
232 1095 344 1130 πρόνοια
357 1096 407 1130 τῆς
433 1098 567 1133 ὑμετέρας
599 1099 763 1135 ἁγιωσύνης,
778 1109 806 1127 κ.
822 1110 846 1128 τ.
865 1101 890 1129 1.

136 1140 293 1176 Σύμπαντες
308 1142 451 1169 ἐπίσκοποι
465 1141 552 1170 εἷπον.
567 1144 742 1180 -Ἀρέσκει,
768 1147 890 1182 ἀρέσκει.

172 1233 308 1260 Συνόὸου
327 1234 535 1268 οῖκουμενικῆς
551 1235 640 1269 ἕκτης
656 1237 759 1263 κανὼν
772 1237 818 1265 λδ’.

136 1276 182 1304 λδ’.
198 1279 250 1304 Καὶ
266 1279 344 1305 τοῦτο
357 1279 385 1305 δὲ
399 1280 444 1305 τοῦ
459 1280 594 1315 ἱερατικοῦ
610 1282 720 1314 κανόνος
733 1283 826 1316 σαφῶς
834 1284 891 1310 δια-

103 1324 268 1358 γορεύοντος,
280 1326 317 1355 ὡς
325 1325 355 1351 τὸ
366 1327 414 1360 τῆς
424 1327 617 1362 συνωμοσίαςῆ
628 1329 741 1364 φατρίας
754 1330 888 1364 ἔγκλημα,

103 1369 150 1396 καὶ
161 1370 236 1404 παρὰ
250 1370 304 1397 τῶν
316 1370 367 1404 ἔξω
381 1372 470 1406 νόμων
490 1373 578 1407 πάντη
602 1373 765 1406 κεκώλυται,
800 1376 889 1411 πολλῷ

102 1416 134 1451 δὴ
148 1417 247 1452 μᾶλλον
267 1419 296 1445 ὲν
309 1420 341 1454 τῇ
354 1419 400 1445 τοῦ
417 1419 484 1446 Θεοῦ
506 1420 656 1456 Ἐκκλησία
673 1421 751 1448 τοῦτο
766 1421 888 1455 γίνεσθαι

102 1463 286 1498 ἀπαγορεύειν
322 1466 466 1500 προσήκει,
495 1467 542 1493 καὶ
566 1468 646 1502 ἡμεῖς
665 1469 888 1503 παραφυλάττειν

100 1508 304 1543 σπουδάζομεν·
334 1510 403 1536 ὥστε
433 1512 459 1538 ετ
481 1520 553 1543 τινες
577 1513 704 1547 κληρικιῆ¹
728 1514 744 1548 ἢ
773 1515 886 1549 μοναχοὶ

99 1551 245 1586 εὑρεθεῖεν,
265 1554 506 1590 ἢσυνομνύμενοι,
524 1556 539 1590 ἢ
567 1558 771 1592 φατριάζοντες,
793 1559 809 1594 ἥ
837 1568 886 1586 κα-

97 1597 233 1629 τασκευὰς
264 1599 421 1634 τυρεύοντες
446 1602 615 1635 ἐπισκόπων,
645 1603 882 1639 ἢσυγκληρικῶν,

97 1641 303 1669 ὲκπιπτέτωσαν
316 1645 402 1680 πάντη
419 1646 465 1672 τοῦ
477 1647 577 1672 οἰκείου
591 1647 706 1682 βαθμοῦ.

131 1686 187 1712 Καὶ
211 1687 226 1712 ὁ
249 1688 386 1720 πολιτικὸς
412 1690 492 1724 νόμος
517 1692 680 1725 τιμωρεῖται
698 1691 747 1723 τὰς
765 1692 881 1727 φατρίας

95 1732 144 1758 καὶ
159 1733 207 1765 τὰς
224 1735 404 1769 συνωμοσίας,
419 1735 457 1767 ὡς
479 1736 549 1770 βιϐλ.
577 1740 622 1772 μη¹
638 1738 690 1764 τίτ.
704 1737 740 1770 δ’,
760 1738 812 1771 δίγ.
839 1739 858 1765 δ’
873 1758 880 1771 ,

95 1778 143 1805 καὶ
160 1778 211 1805 τίτ.
230 1779 262 1805 LO’
273 1799 280 1810 ,
291 1780 345 1813 δὶγ.
360 1784 383 1806 α’
396 1781 444 1807 καὶ
457 1785 506 1814 ις’.

130 1824 254 1851 ΚΕΦΑΛ.
270 1824 371 1853 ΛΗ’.-
387 1827 460 1853 Ποῖα
473 1827 666 1862 ἁμαρτήματα
676 1829 695 1863 ἡ
714 1830 881 1864 χειροθεσίίι

91 1868 169 1897 λύει.

216 1915 350 1942 Συνόὸου
369 1917 602 1952 Νεοκαισαρείας
613 1919 712 1946 κανὼν
723 1919 755 1946 θ’.

129 1959 163 1987 θ’.
184 1961 370 1997 Πρεσῦύτερος
386 1963 433 1989 ἐὰν
448 1964 682 2000 προημαρτηκὼς,
696 1974 723 1992 κ.
739 1974 764 1992 τ.
782 1965 808 1992 1.

127 2054 252 2081 ΚΕΦΑΛ.
273 2053 338 2082 ΛΘ’.
366 2069 401 2074 -
426 2056 496 2090 Περὶ
526 2057 695 2091 μετανοίας,
719 2057 766 2084 καὶ
798 2058 877 2092 τίνες

87 2100 194 2128 ἄδειαν
210 2101 315 2134 ἔχουσι
326 2101 441 2128 διδόναι
452 2103 515 2134 τοῖς
528 2103 710 2137 μετανοοῦσι
724 2105 875 2130 καταλλα-

86 2147 159 2180 τὴν,
172 2147 220 2173 καί
232 2146 275 2173 ὅτι
285 2146 387 2179 ἔξεστι
400 2147 439 2181 τῷ
450 2149 523 2182 ἱερεῖ
534 2149 638 2183 μειοῦν
648 2149 697 2176 καί
711 2149 817 2182 αὔξειν
839 2150 876 2177 τὰ

85 2192 232 2227 ἐπιτίμια.

300 2240 491 2270 ’Λποσζόλων
512 2241 613 2268 κανὼν
624 2241 673 2276 νβ’.

121 2283 174 2310 ν6’.
187 2284 221 2311 Εἴ
233 2294 273 2317 τις
289 2287 436 2317 ἐπίσκοπος
451 2287 467 2320 ἢ
483 2286 666 2322 πρεσϐύτερος
689 2287 732 2313 τὸν
749 2287 876 2322 ἐπιστρέ-

84 2337 174 2362 φοντα.
184 2330 239 2356 ἀπὸ
251 2331 389 2366 ἁμαρτίας
405 2332 435 2358 οὺ
444 2332 629 2367 προσδέχεται,
647 2332 715 2359 ἀλλὰ
730 2332 878 2359 ἀποϐάλλε-

83 2375 338 2411 ται,καοαιρεὶσθω.
357 2378 398 2404 ὅτι
407 2378 486 2404 λυπεῖ
494 2379 610 2412 Χριστὸν
618 2379 662 2405 τδν
669 2379 790 2405 εἰπόντα⁸
798 2375 879 2412 Χὰρὰ

82 2421 199 2453 γίνεται
209 2422 244 2448 ἐν
255 2422 372 2456 οὐρανῷ
382 2424 430 2450 ἐπὶ
446 2424 491 2450 ὲν).
500 2423 660 2458 ἀμαρτωλῷ
670 2424 877 2458 μετανοοῦντι.

231 2513 365 2540 Συνόὸου
378 2515 500 2548 Νικαίας
512 2514 612 2542 κανὼν
626 2519 669 2549 ια’,
689 2514 732 2551 ιβ’.

121 2555 169 2583 ια’.
183 2558 249 2592 Περὶ
262 2558 316 2584 τῶν
329 2560 509 2594 παραῦἀντων
518 2561 602 2595 χωρὶς
611 2561 742 2596 ἀνάγκης,
759 2561 775 2598 ἢ
791 2562 875 2597 χωρὶς

81 2603 261 2638 ἀφαιρέσεως
277 2605 462 2639 ὑπαρχόντων,
482 2606 497 2640 ἣ
516 2607 599 2641 χωρὶς
615 2607 748 2639 κινδύνου,
765 2608 782 2643 ἦ
804 2617 874 2640 τινος

80 2649 221 2680 τοιούτου,
249 2649 263 2675 ὂ
285 2650 394 2683 γέγονεν
414 2651 460 2677 ἐπὶ
489 2651 539 2684 τῆς
553 2652 707 2685 τυραννίδος
725 2653 872 2686 Λικιννίου,

79 2694 159 2726 ἔδοξε
174 2696 206 2729 τῇ
225 2695 336 2730 συνόδῳ,
353 2697 376 2722 εἰ
392 2697 438 2722 καὶ
455 2696 556 2728 ἀνάξιοι
570 2695 639 2732 ἦσαν
658 2698 874 2733 φιλανθρωπίας,

79 2739 162 2772 ὅμως
177 2741 396 2774 χρηστεύστισθαι
416 2742 454 2773 εἰς
470 2742 566 2773 ait-Ir};
584 2750 591 2757 '
616 2743 673 2770 ὅσοι
700 2744 745 2771 οὖν
757 2745 874 2779 γνησίως

79 2785 312 2820 μεταμελοῦνται,
328 2790 351 2821 γ’
364 2787 409 2823 ἔτη
436 2788 463 2814 ἐν
477 2788 661 2824 ἀκροωμένοις
679 2790 830 2825 ποιήσουσιν
845 2792 869 2817 οἱ

119 2861 146 2877 ι’
167 2861 250 2889 Cone.
264 2863 391 2890 Calcltcd.
410 2872 434 2891 ε.
462 2865 500 2892 l8.
540 2866 561 2881 θη
578 2865 642 2893 Luc.
662 2874 704 2899 .vv,
723 2867 747 2892 7.

955 287 1016 308 rum
1030 282 1056 308 in
1069 289 1115 310 eos
1129 283 1174 318 qui
1186 283 1308 312 famosos
1320 285 1449 321 [lihellos]
1463 293 1640 322 componunt.
1658 291 1739 324 quive

941 327 991 354 alis
1024 335 1103 362 pcena
1119 330 1267 357 constituta
1299 335 1360 359 est:
1379 333 1606 367 quemadmodum
1633 335 1737 362 lib.”-

983 418 1058 446 CAP.
1074 419 1205 449 XXXVII.
1225 437 1261 442 —
1278 423 1318 450 Dc
1330 423 1531 458 conjurantibus
1559 430 1584 452 et
1610 427 1737 454 sedo/ilia

950 465 1117 500 facientibus.

1083 512 1195 540 Concilii
1211 513 1428 542 Chalcedonensis
1441 524 1525 543 canon
1552 517 1594 546 18.

984 554 1028 582 18.
1056 555 1258 590 Conjurationis
1282 559 1324 585 vel
1339 559 1492 588 sodalitatis
1516 561 1631 594 crimen,
1666 568 1708 590 etc
1726 583 1733 595 .

947 604 975 626 ut
990 608 1051 635 pag.
1069 600 1131 628 750.

1089 646 1201 674 (Σοιιεὶίὶἰ
1221 647 1426 683 Cartltaginenis
1442 659 1526 678 canon
1550 651 1594 680 55.

984 689 1018 717 Ut
1033 691 1165 723 (Iiwccses,
1182 692 1233 718 nisi
1247 701 1279 719 επ
1292 701 1418 721 consensu
1429 696 1542 730 episcopi
1553 697 1664 731 proprii,
1678 698 1733 732 epi-

946 743 1052 770 scopum
1070 745 1120 763 non
1135 737 1279 772 accipiant.

985 827 1030 854 55.
1058 827 1205 863 Epigonius
1221 829 1365 863 episcopus
1391 830 1480 860 dixit:
1501 831 1592 859 Multis
1610 833 1733 860 conciliis

910 870 996 900 Bhoc
1025 877 1158 900 statutum
1188 878 1230 901 est
1250 882 1265 901 a
1302 880 1374 902 coetu
1406 878 1576 910 sacerdotali,
1607 884 1674 911 etc.,
1704 885 1732 905 ut

942 927 1003 955 pag.
1027 919 1092 946 650.

976 965 1059 1000 319
1074 965 1200 993 Aurelius
1214 967 1360 1001 episcopus
1381 967 1450 995 dixit
1466 977 1472 995 :
1491 968 1601 996 Fratres
1623 974 1648 996 et
1663 978 1730 997 con-

942 1012 1095 1038 sacerdotes
1109 1012 1192 1038 nostri
1210 1013 1405 1046 prosecutioni,
1416 1018 1480 1046 om,
1495 1019 1522 1040 ut
1535 1023 1595 1049 pag.
1612 1014 1675 1042 650.

976 1057 1132 1084 Honoratus
1142 1063 1169 1084 et
1184 1057 1312 1085 Urbanus
1323 1059 1442 1093 episcopi
1457 1059 1602 1087 dixerunt:
1617 1061 1729 1088 Summa

942 1103 1062 1138 provisio
1074 1103 1225 1130 sanctitatis
1242 1109 1304 1136 tuae,
1318 1109 1381 1137 ete.,
1398 1109 1425 1130 ut
1438 1113 1500 1139 paq.
1513 1106 1576 1133 651.

982 1147 1108 1177 Universi
1120 1149 1238 1184 episcopi
1253 1149 1381 1177 dixerunt
1397 1159 1403 1177 :
1420 1149 1523 1183 Placet,
1541 1152 1638 1186 placet.

1093 1242 1204 1270 Concilii
1221 1243 1372 1269 azemnenici
1388 1250 1414 1269 vt
1428 1251 1512 1270 canon
1526 1243 1571 1270 5i.

976 1288 1020 1316 54.
1046 1287 1132 1316 Porro
1153 1293 1245 1315 autem
1256 1288 1279 1304 ε’
1303 1293 1404 1315 cumet
1422 1288 1472 1316 hoc
1486 1297 1574 1315 canon
1601 1291 1727 1317 sacerdo-

941 1336 1003 1362 talis
1026 1339 1118 1368 aperte
1131 1335 1228 1365 edit-at,
1252 1335 1323 1369 quod
1337 1334 1535 1368 conjurationis
1566 1336 1607 1362 vel
1625 1337 1726 1363 sodali-

941 1381 1003 1408 tatis
1017 1381 1120 1407 crimen
1135 1380 1215 1406 etiam
1245 1379 1279 1406 ab
1311 1380 1430 1406 externis
1461 1380 1566 1414 legibus
1592 1381 1702 1408 vetitum
1719 1402 1727 1414 ,

939 1426 1023 1452 mullo
1053 1430 1142 1452 autem
1159 1425 1244 1460 magis
1257 1425 1307 1452 hoc
1332 1425 1388 1451 ﬁeri
1406 1425 1432 1451 in
1448 1425 1567 1452 Ecclesia
1584 1427 1728 1460 prohibere

938 1475 1068 1506 oportet:
1091 1478 1140 1498 nos
1158 1477 1267 1505 quoque
1290 1470 1436 1497 observare
1463 1471 1605 1498 studemus
1622 1492 1629 1504 ,
1652 1477 1680 1499 ut
1703 1473 1726 1500 si

939 1517 983 1551 qui
1002 1516 1092 1544 clerici
1118 1520 1165 1542 aut.
1194 1515 1317 1542 monachi
1346 1515 1448 1542 inventi
1479 1517 1533 1543 sint
1563 1518 1602 1544 vel
1630 1518 1726 1553 conju-

899 1551 920 1580 ο
936 1565 1036 1593 rantes,
1053 1561 1094 1588 vel
1106 1561 1263 1588 sodalitates
1283 1560 1418 1591 ineuntes.
1448 1561 1489 1588 vel
1511 1562 1642 1589 adversus
1667 1563 1726 1597 epi-

935 1614 1032 1641 scopos
1047 1607 1089 1634 vel
1105 1607 1273 1634 conclericos
1302 1605 1407 1640 aliquid
1423 1611 1570 1640 struentes,
1588 1616 1603 1635 a
1617 1609 1726 1643 proprio

934 1653 1018 1688 gradu
1035 1654 1148 1680 omnino
1165 1653 1303 1681 excidant.

969 1699 1074 1726 Textuc.
1093 1699 1186 1727 Civilis
1206 1701 1289 1728 etiam
1308 1702 1349 1729 lex
1372 1701 1506 1728 factiones
1529 1706 1611 1735 atque
1624 1701 1723 1735 conju—

933 1744 1053 1770 rationes
1079 1745 1158 1778 punit
1177 1754 1183 1772 :
1199 1746 1426 1779 quemadmodum
1448 1747 1494 1773 lil).
1516 1754 1611 1777 xt.vnt,
1638 1746 1678 1772 tit.
1694 1747 1722 1778 4,

931 1789 986 1823 dig.
1009 1789 1035 1820 Δ,
1057 1795 1083 1816 et
1107 1789 1146 1816 tit.
1165 1790 1206 1817 19.
1236 1791 1332 1826 digest.
1354 1792 1380 1823 l,
1404 1797 1431 1819 et
1447 1792 1494 1818 lib.
1521 1800 1575 1823 XVI,
1594 1791 1724 1827 [thCt‘llL]

965 1833 1041 1860 CAP.
1059 1833 1203 1861 XXXVI“.
1228 1851 1263 1855 —
1279 1836 1406 1869 Quantam
1430 1842 1537 1870 peccata
1553 1845 1599 1871 per
1615 1836 1723 1863 ordina-

932 1880 1029 1906 tionem
1041 1880 1187 1908 solvantur.

1068 1925 1184 1953 Concilii
1202 1926 1431 1954 Neoctvsarcensis
1453 1936 1537 1954 canon
1551 1929 1578 1955 9.

964 1970 990 1997 9.
1007 1970 1035 1997 Si
1049 1972 1191 2007 presbyter
1205 1973 1249 2007 qui
1263 1981 1378 2008 corpore
1391 1974 1466 2008 prius
1474 1978 1642 2008 peccaverat,
1655 1978 1719 2003 εις.»

931 2020 959 2042 ιιι
972 2023 1032 2049 pag.
1057 2016 1121 2042 547.

962 2060 1044 2094 320
1058 2061 1133 2088 CAP.
1149 2061 1271 2088 XXXIX.
1287 2076 1319 2082 --
1336 2061 1373 2089 De
1389 2063 1560 2096 pmnitentia;
1573 2067 1596 2089 et
1612 2062 1718 2096 quinam

929 2105 1042 2132 habeant
1057 2111 1213 2140 potestatem
1227 2107 1379 2141 pmnitentes
1398 2108 1601 2138 reconciliandi;
1613 2113 1636 2134 et
1649 2108 1718 2142 quod

928 2152 1061 2178 sacerdoti
1087 2152 1166 2180 liceat
1191 2153 1308 2179 minuere
1332 2153 1371 2180 vel
1396 2161 1491 2188 augere
1515 2161 1616 2188 pomum
1637 2161 1717 2180 cano—

930 2197 1027 2225 nicam.

1141 2242 1325 2277 Apostolorum
1339 2252 1423 2270 canon
1441 2245 1486 2272 5'2.

967 2288 1000 2315 5'2
1010 2287 1079 2324 [51].
1094 2288 1122 2315 Si
1136 2289 1198 2322 quis
1209 2290 1363 2323 episcopus,
1373 2291 1512 2325 presbyter
1533 2291 1573 2317 vel
1587 2290 1718 2318 diaconus

931 2341 993 2361 eum
1009 2335 1055 2369 qui
1068 2342 1083 2361 a
1095 2335 1211 2368 peccatis
1219 2336 1386 2363 convertitur
1395 2344 1447 2363 non
1461 2336 1565 2370 recipit,
1576 2337 1621 2364 sed
1632 2337 1716 2371 ejicit,

932 2380 1102 2415 deponatur;
1117 2381 1246 2415 quoniam
1264 2382 1404 2409 Christum
1423 2383 1547 2410 molestia
1561 2383 1653 2415 allicit,
1668 2383 1715 2418 qni

933 2426 1000 2453 dixit
1014 2435 1021 2452 :
1039 2425 1171 2453 Gaudium
1186 2428 1262 2454 estin
1276 2428 1339 2454 caelo
1354 2433 1460 2463 propter
1485 2436 1565 2455 unum
1593 2434 1715 2463 peccato-

927 2479 979 2497 rem
991 2472 1171 2504 pwttitentiam
1183 2478 1300 2506 agentem
1314 2473 1346 2488 ⁸³·

1077 2517 1189 2545 Concilii
1206 2519 1310 2546 Nicwni
1326 2528 1438 2546 canoan
1454 2520 1497 2551 ll,
1517 2520 1560 2546 12.

965 2562 1008 2589 Η.
1031 2563 1066 2589 De
1083 2564 1127 2597 iis,
1151 2563 1196 2598 qui
1214 2564 1273 2590 sine
1297 2565 1456 2591 necessitate
1471 2565 1507 2597 Μ,
1535 2565 1577 2591 vel
1599 2565 1658 2592 sine
1674 2565 1714 2592 fa-

927 2608 1056 2635 cultatum
1074 2617 1185 2636 suarum
1203 2610 1352 2640 ablatione.
1369 2610 1410 2637 vel
1430 2611 1489 2637 sine
1510 2610 1565 2637 ullo
1579 2611 1712 2645 periculo,

926 2655 966 2682 vel
992 2656 1082 2690 aliquo
1105 2655 1251 2689 ejusmodi,
1280 2657 1442 2691 transgressi
1469 2661 1542 2688 sunt,
1567 2657 1640 2691 quod
1664 2657 1716 2683 sub

927 2700 1023 2727 Licinii
1045 2703 1187 2736 tyrannide
1205 2703 1306 2730 faclttm
1326 2709 1377 2736 est,
1392 2704 1495 2739 synodo
1512 2704 1599 2731 visunt
1617 2708 1668 2736 est,
1683 2710 1710 2730 et

928 2746 950 2772 si
977 2746 1146 2773 humanitate
1168 2747 1271 2783 indigni
1297 2753 1369 2779 sunt,
1402 2749 1542 2776 clementia
1574 2753 1662 2775 tamen
1686 2754 1712 2775 et

933 2791 1098 2826 benignitate
1114 2793 1140 2819 in
1157 2801 1202 2821 eos
1221 2794 1268 2821 uti.
1288 2793 1450 2828 Quicunque
1463 2802 1526 2829 ergo
1543 2801 1670 2828 germane
1687 2799 1714 2821 et

788 2868 808 2884 ‘l
822 2869 919 2903 ,λιιι-γι.
937 2868 954 2894 2
969 2873 995 2896 et
1009 2869 1041 2902 5;
1061 2869 1146 2904 Syric.
1164 2871 1190 2897 3.
