1951 3071
215 175 269 209 799

775 179 907 210 PIIOTII
926 181 1179 212 ΡΑΤΒῙΛΗΟΗᾹΞ
1199 184 1255 214 CP.

1797 182 1850 214 800

214 240 279 259 vere
293 232 453 267 paenitentia
470 233 621 266 ducuntur,
640 238 695 262 tres
708 242 795 262 annos
813 236 883 262 inter
898 236 1006 263 audito-

1069 239 1160 271 πιστοὶ,
1179 239 1226 266 καὶ
1244 239 1313 266 ἑπτὰ
1328 239 1375 275 ἔτη
1394 239 1594 266 ὑποπεσοῦνται
1609 246 1616 252 ·
1631 238 1678 265 δύο
1689 238 1717 264 δὲ
1737 236 1784 272 ἔτη
1795 247 1850 272 χω-

215 284 261 305 res
272 278 391 313 exigent,
405 284 435 306 ut
454 280 559 312 ﬁdeles,
572 285 598 307 et
612 285 714 315 septem
731 281 811 308 annis
828 287 1004 315 prosternen-

215 328 260 350 tur
280 325 417 359 supplicas
432 334 438 358 ;
453 325 561 353 duobus
587 331 678 353 autem
703 328 782 354 annis
803 329 907 362 absque
929 328 1005 355 obla-

216 367 290 395 tione
301 374 382 397 erunt
401 370 555 397 orationum
571 378 632 397 cum
646 372 745 405 populo
763 372 921 406 participes.

248 414 293 441 12.
311 415 363 448 Qui
384 421 475 443 autem
501 424 516 444 a
531 417 618 452 gratia
631 418 740 452 quidem
765 418 881 451 evocati,
901 423 955 447 etc.
975 423 1005 446 ut

216 469 277 496 pag.
291 462 353 489 751.

219 517 332 546 Cancilii
344 519 480 555 Ancyram'
494 528 606 548 canones
622 522 648 554 l,
664 521 692 553 ἓ,
706 522 733 555 5,
752 522 779 555 4,
800 522 825 555 5,
846 521 874 554 6,
893 522 918 555 7,
935 522 962 557 8,
979 523 1006 551 9.

253 623 280 650 1.
289 622 473 659 Presbyteros.
484 624 530 659 qui
544 624 743 656 sacriﬁcarunt,
751 624 850 651 deinde
858 629 952 652 contra
964 632 1008 652 re-

218 667 312 696 luctali
326 673 401 702 sunt,
417 674 482 702 etc.,
497 674 525 696 ut
539 679 601 705 pag.
619 669 683 697 595.

252 713 280 740 2.
298 714 433 743 Diaconos
461 716 596 748 similiter,
621 716 667 750 qui
690 715 892 748 sacriﬁcarunt,
908 721 960 744 etc.
979 722 1008 743 ut

217 767 278 796 pag.
293 761 356 789 755.

253 807 280 834 5.
294 806 347 835 Eos
362 808 409 844 qui
428 808 563 842 fugientes
585 810 775 844 comprehensi
800 813 881 842 sunt,
904 813 955 837 etc.
980 813 1008 836 ut

217 860 280 888 pag.
297 853 359 882 758.

1058 283 1099 318 ρὶς
1112 285 1270 319 προσφορᾶς
1282 286 1396 321 κοινωνή
1402 293 1447 312 σου
1453 293 1479 312 σι
1491 285 1531 321 τῷ
1540 283 1597 320 λαῷ
1611 284 1665 311 τῶν
1676 282 1847 319 προσευχῶν.

1095 426 1138 454 ιϐ’.
1145 426 1211 453 Οίδὲ
1217 425 1432 461 προσκληθέντες
1444 425 1494 461 μὲν
1503 425 1554 452 ὑπὸ
1561 425 1610 460 τῆς
1618 424 1739 461 χάριτος,
1749 433 1775 451 κ.
1788 433 1812 451 τ.
1822 424 1848 450 λ.

1059 528 1193 556 Συνόδου
1208 529 1348 564 Ἀγκύρας
1361 527 1460 555 κανὼν
1468 531 1503 560 α’,
1516 527 1548 563 β’,
1557 531 1592 562 γ’,
1602 527 1632 560 δ’,
1642 530 1673 560 ε’,
1684 531 1720 560 ς’,
1729 526 1761 559 ζ’,
1771 531 1806 561 η’,
1817 527 1848 554 θ’.

1094 629 1127 658 α’.
1142 629 1345 666 Πρεσΰυτὲρους
1355 630 1418 660 τοὺς
1430 628 1622 659 ὲπιθύσαντας,
1630 626 1690 654 εἶτα
1700 626 1850 654 ἀναπαλαί-

1059 686 1168 708 σαντας,
1189 685 1215 703 κ.
1231 685 1255 702 τ.
1272 676 1296 703 λ.

1095 722 1125 757 β’.
1144 721 1288 753 Διακόνους
1301 721 1401 756 ὁμοίως
1415 720 1562 752 θύσαντας,
1576 728 1602 746 κ.
1617 727 1643 747 τ.
1661 719 1687 746 λ.

1095 815 1129 847 γ’.
1144 813 1213 844 Τοὺς
1228 811 1377 847 φεύγοντας
1393 811 1440 838 καὶ
1456 810 1668 845 συλληφθέντας,
1687 819 1713 838 κ.
1735 819 1761 838 τ.
1777 812 1802 837 λ.

253 912 280 939 ri.
300 912 338 939 De
361 912 394 940 iis
419 912 465 947 qui
488 913 513 940 vi
537 913 745 946 sacriﬁcarunt,
774 918 801 941 et
817 917 946 948 praeterea
971 913 1004 941 ad

1090 917 1111 945 δ’
1115 938 1121 944 .
1133 917 1199 953 Περὶ
1209 917 1263 944 τῶν
1274 917 1344 952 πρδς
1355 917 1415 952 βίαν
1428 916 1578 949 θυσάντων,
1593 917 1639 943 ἐπὶ
1650 916 1677 943 δὲ
1686 916 1790 947 τούτοις
1805 915 1853 942 καὶ

217 955 289 983 idola
312 957 405 992 pransi
427 961 502 988 sunt,
518 957 676 993 quicunque
695 958 815 991 abducti,
840 959 963 993 quidem,
982 963 1009 986 et

217 1001 320 1030 laetiore
343 1003 436 1030 habitu
454 1007 642 1035 accesserunt,
665 1008 692 1031 et
707 1010 781 1032 veste
806 1004 1010 1039 sumptuosiore

217 1048 260 1075 usi
284 1053 359 1081 sunt,
382 1053 409 1076 et
433 1049 520 1083 parati
534 1049 653 1084 prandii,
677 1057 731 1077 non
745 1057 815 1085 aegre
833 1050 858 1077 id
881 1050 1009 1083 ferentes,

217 1094 364 1129 participes
378 1095 498 1126 fuerunt,
523 1095 612 1122 visum
637 1100 679 1123 est
703 1103 776 1123 anno
791 1096 897 1126 audire.
923 1096 1009 1123 tribus

218 1144 308 1167 autem
325 1140 405 1168 annis
429 1141 566 1168 substerni
584 1149 616 1168 ac
632 1142 768 1176 supplices
780 1141 940 1176 esse,321
959 1141 1009 1169 soli

218 1189 310 1212 autem
327 1186 445 1213 orationi
458 1186 565 1214 duobus
581 1187 661 1214 annis
677 1188 892 1219 communicare.
906 1191 933 1215 et
947 1193 1011 1215 tunc

218 1229 252 1256 ad
267 1230 290 1257 id
308 1231 379 1265 quod
392 1235 435 1259 εει
449 1231 599 1266 perfectum
613 1232 755 1260 accedere.

254 1277 282 1304 5.
303 1277 465 1313 Quicunque
494 1278 550 1314 (15)
564 1283 654 1306 autem
671 1287 731 1306 cum
747 1283 824 1307 veste
840 1279 948 1314 lugubri
966 1287 1011 1307 ac-

219 1328 372 1356 cesserunt,
386 1329 412 1351 et
425 1325 617 1353 accumbentes
633 1325 821 1358 comederunt,
839 1326 943 1353 interea
955 1330 1011 1354 toto

219 1371 365 1398 accubitus
393 1375 514 1406 tempore
532 1372 668 1407 lacrymas
696 1371 852 1404 fundentes,
878 1372 899 1399 si
928 1371 1011 1399 trien-

219 1417 282 1444 nale
305 1417 503 1445 substrationis
520 1422 628 1452 tempus
653 1418 847 1452 impleverunt,
865 1418 925 1445 sine
938 1417 1012 1444 obla-

221 1463 294 1491 tione
314 1464 491 1499 recipientur.
514 1464 543 1491 Si
559 1468 718 1491 autemnon
737 1464 927 1496 comederunt,
949 1471 1010 1491 cum

220 1510 329 1538 duobus
344 1511 424 1538 annis
441 1511 578 1545 supplices
595 1511 781 1546 snbstratique
797 1510 910 1541 fuerint.
930 1510 1011 1537 tertio

221 1564 294 1583 anno
311 1556 515 1584 communicent
528 1557 587 1584 sine
602 1557 752 1588 oblatione,
773 1560 804 1583 ut
819 1556 847 1583 id
863 1556 935 1590 quod
948 1563 1011 1590 per-

1059 963 1116 991 τῶν
1128 963 1329 998 δειπνησάντων
1345 964 1385 994 εἰς
1392 962 1426 989 τὰ
1439 962 1546 995 εἴδωλα,
1562 963 1620 989 ὅσοι
1643 962 1691 997 μὲν
1711 962 1854 996 ἀπαγόμε-

1062 1018 1102 1036 νοι
1128 1009 1175 1035 καὶ
1195 1009 1316 1044 σχήματι
1344 1007 1515 1044 φαιδροτέρῳ
1537 1007 1665 1042 ἀνῆλθον,
1694 1007 1741 1033 καὶ
1757 1006 1853 1042 ἐσθῆτι

1061 1055 1214 1091 ἐχρήσαντο
1229 1053 1457 1089 πολυτελεστέρα,
1472 1053 1520 1080 καὶ
1551 1053 1682 1087 μετέσχον
1697 1051 1744 1078 τοῦ
1763 1060 1854 1086 παρα·

1063 1100 1258 1131 σκευασθέντος
1281 1099 1390 1126 δείπνου
1421 1099 1585 1133 ἀδιαφόρως,
1612 1098 1700 1131 ἔδοξεν
1730 1097 1855 1125 ἐνιαυτδν

1061 1145 1224 1180 ἀκροᾶσθαι,
1238 1145 1385 1171 ὑποπεσεῖν
1398 1144 1426 1171 δὲ
1451 1143 1515 1178 τρία
1527 1143 1585 1178 ἔτη,
1600 1143 1684 1178 εὐχῆς
1713 1143 1741 1169 δὲ
1769 1142 1854 1177 μόνης

1063 1190 1227 1225 κοινωνῆσαι
1241 1189 1288 1226 ἐτη
1301 1190 1359 1223 δύο,
1375 1190 1423 1217 καὶ
1449 1189 1510 1216 τότε
1526 1189 1612 1216 ὲλθεῖν
1635 1189 1683 1216 ἐπὶ
1696 1189 1726 1215 τδ
1738 1188 1853 1215 τέλειον.

1096 1285 1127 1310 ε’.
1142 1281 1219 1308 Ὅσοι
1242 1281 1271 1308 δὲ
1291 1281 1405 1316 ἀνῆλθον
1427 1279 1496 1316 μετὰ
1515 1280 1628 1316 ἐσθῆτος
1649 1279 1790 1315 πενθικῆς,
1805 1280 1854 1306 καὶ

1063 1328 1244 1359 ἀναπεσόντες
1260 1327 1371 1362 ἔφαγον,
1386 1327 1486 1363 μεταξὺ
1498 1327 1530 1353 δι’
1545 1327 1608 1361 ὅλης
1618 1326 1669 1361 τῆς
1684 1325 1854 1356 ἀνακλίσεως

1062 1374 1243 1410 δακρύοντες,
1273 1374 1296 1400 εἰ
1326 1373 1490 1408 ἐπλήρωσαν
1511 1373 1558 1399 τὸν
1589 1372 1639 1407 τῆς
1669 1370 1856 1402 ὑποπτώσεως

1063 1421 1157 1456 τριετῆ
1172 1420 1284 1456 χρόνον,
1305 1419 1390 1456 χωρὶς
1405 1418 1563 1454 προσφορᾶς
1580 1418 1752 1453 δεχθήτωσαν
1764 1426 1771 1432 ·
1791 1417 1857 1443 εἰδὲ

1066 1467 1102 1502 μὴ
1118 1467 1233 1501 ἔφαγον,
1250 1466 1296 1493 δύο
1320 1465 1504 1496 ὑποπεσόντες
1527 1464 1586 1499 ἐτη,
1600 1464 1640 1500 τῷ
1662 1464 1746 1499 τρίτῳ
1760 1472 1858 1490 κοινω-

1064 1513 1224 1548 νησάτωσαν
1251 1513 1336 1547 χωρὶς
1361 1511 1536 1547 προσφορᾶς,
1565 1510 1609 1536 ἵνα
1635 1510 1665 1537 τὸ
1692 1510 1796 1536 τέλειον
1824 1511 1858 1544 τῇ

1063 1558 1209 1593 τετραετίᾳ
1243 1556 1362 1584 λάϐωσι·
1392 1557 1455 1587 τοὺς
1480 1556 1508 1582 δὲ
1536 1555 1706 1586 ἐπισκόπους
1731 1554 1861 1587 ἐξουσίαν

222 1601 322 1628 lectum
338 1606 390 1635 est,
405 1601 524 1629 triennio
545 1601 692 1636 accipiant.
707 1600 862 1628 Statuimus
873 1605 965 1628 autem
982 1603 1012 1628 ut

1069 1605 1136 1640 ἔχειν
1147 1605 1193 1630 τὸν
1206 1604 1306 1639 τρόπον
1315 1604 1366 1638 τῆς
1380 1603 1550 1638 ἐπιστροφῆς
1563 1603 1778 1638 δοκιμάσαντας,
1793 1602 1859 1636 φιλ-

222 1646 355 1682 episcopi,
380 1647 461 1674 modo
480 1646 697 1673 conversationis
721 1643 935 1680 [conversionis]
949 1651 1014 1672 eaa-

223 1691 336 1724 minato,
365 1696 528 1726 potestatem
551 1691 669 1718 habeant
683 1691 725 1718 vel
741 1690 833 1718 utendi
857 1690 1013 1721 clementia,

223 1737 265 1764 vel
281 1738 341 1772 plus
355 1737 486 1771 temporis
511 1736 672 1770 adjiciendi.
686 1735 756 1763 Ante
776 1735 868 1763 omnia
882 1741 972 1763 autem
988 1739 1015 1762 et

223 1784 381 1819 praecedens
392 1784 458 1815 vita,
473 1787 501 1810 et
522 1789 582 1816 qum
595 1786 743 1809 consecuta
760 1786 812 1814 est,
829 1781 1013 1814 examinetur,

224 1837 251 1860 ct
260 1832 300 1860 sic
316 1833 357 1860 eis
373 1831 518 1859 clementia
532 1830 714 1865 impertiatur.

260 1889 286 1916 θ.
308 1887 347 1915 De
366 1887 410 1920 iis,
429 1887 475 1922 qui
493 1887 618 1921 supplicii
633 1886 715 1913 minis
728 1905 734 1917 .
754 1890 782 1913 et
801 1886 932 1913 bonorum
944 1887 1015 1914 abla-

226 1935 320 1967 tionis,
344 1935 388 1962 vel
408 1933 645 1961 exterminationis
674 1937 780 1960 tantum
808 1937 963 1963 cesserunt,
989 1937 1016 1959 et

227 1980 463 2012 sacriﬁcaverunt,
477 1981 503 2005 et
515 1978 548 2005 ad
565 1985 685 2013 prmsens
700 1985 787 2012 usque
804 1981 911 2011 tempus
929 1976 1016 2011 poeni-

227 2026 338 2053 tentiam
354 2033 408 2053 non
431 2029 557 2059 egerunt,
574 2032 623 2051 nec
638 2023 763 2051 conversi
777 2028 857 2055 sunt;
872 2030 944 2050 nunc
967 2030 1016 2049 au-

226 2079 280 2100 tetu
296 2072 367 2099 circa
390 2076 496 2106 tempus
511 2070 607 2105 synodi
627 2073 830 2104 processerunt,
851 2073 878 2096 et
900 2076 1015 2096 conver-

226 2117 310 2145 sionis
347 2116 540 2151 cogitationem
578 2115 745 2142 induerunt:
776 2114 865 2141 visum
901 2117 943 2140 est
981 2113 1016 2141 ad

227 2170 355 2198 magnum
373 2169 460 2197 usque
473 2161 545 2189 diem
559 2168 606 2188 eos
623 2161 655 2187 ad
671 2159 838 2187 auditionem
851 2158 972 2191 admitti,
987 2162 1016 2186 et

226 2215 288 2246 post
309 2217 438 2245 magnum
455 2208 528 2236 diem
554 2208 642 2234 tribus
655 2207 735 2234 annis
753 2215 814 2234 esse
829 2206 966 2241 supplices
989 2210 1017 2233 et

227 2256 376 2287 substerni,
396 2260 422 2282 et
445 2258 506 2289 post
527 2253 596 2280 alios
619 2253 688 2280 duos
709 2260 797 2280 annos
807 2251 1016 2279 communicare

226 2303 286 2329 sine
303 2301 450 2333 oblatione,
463 2304 490 2327 et
505 2300 545 2327 sic
561 2299 594 2326 ad
612 2299 638 2326 id
655 2298 727 2333 quod
749 2297 900 2333 perfectum
913 2302 954 2324 est
970 2304 1014 2324 ve-

227 2349 294 2379 nire.
316 2351 345 2374 ut
365 2352 449 2375 totum
474 2345 637 2374 sexennium
653 2345 801 2380 impleant:
827 2344 849 2371 si
866 2344 911 2378 qui
925 2348 1015 2370 autem

227 2399 291 2421 ante
312 2393 384 2421 hanc
402 2393 538 2429 synodum
556 2392 589 2419 ad
604 2391 791 2426 paenitentiam
810 2389 923 2416 admissi
940 2392 1015 2419 sunt,

228 2443 262 2469 ab
276 2441 323 2468 illo
343 2445 466 2475 tempore
480 2440 520 2467 eis
538 2438 698 2466 sexennium
714 2436 844 2469 reputari.
859 2435 911 2463 Sed
929 2435 953 2462 si
970 2442 1018 2469 pe-

227 2488 356 2520 riculum,
377 2487 531 2521 mortisque
549 2484 717 2520 exspectatio
739 2491 770 2511 ex
786 2482 889 2514 morbo,
903 2481 946 2509 vel
968 2480 1016 2507 ali-

227 2541 282 2570 qua
303 2534 357 2561 alia
374 2533 520 2561 occasione
539 2531 671 2563 everterit,
695 2530 714 2558 ii
730 2530 781 2558 sub
798 2528 958 2556 deﬁnitione
974 2535 1018 2556 rc-

228 2579 372 2614 cipiantur.

265 2639 291 2667 7.
311 2639 349 2666 Dc
368 2638 402 2666 iis
416 2637 463 2673 qui
486 2637 513 2664 in
529 2636 599 2665 festo
619 2636 728 2664 ctlmico
755 2635 783 2661 in
800 2634 860 2661 loco
872 2633 1019 2668 gentilibus

229 2689 369 2723 dcputato,
395 2685 532 2714 convivali
550 2689 624 2716 sunt,
641 2688 668 2711 et
689 2682 814 2718 proprios
831 2681 907 2709 cibos
927 2679 1021 2707 attule-

231 2739 306 2766 runt,
324 2739 351 2762 et
361 2733 556 2762 comederunt:
572 2731 662 2758 visum
677 2733 729 2761 est,
747 2736 808 2756 cum
829 2727 939 2754 biennio
953 2726 1018 2753 sub—

231 2783 309 2811 strati
322 2781 433 2814 fuerint,
459 2787 521 2808 esse
545 2777 726 2813 recipiendos.
745 2774 826 2810 322
855 2773 895 2800 An
924 2779 1021 2800 unum-

1065 1649 1288 1684 ανθρωπεύεσθαι
1305 1650 1321 1685 ἢ
1346 1649 1457 1675 πλείονα
1474 1647 1651 1682 προστιθέναι
1665 1647 1778 1682 χρόνονο
1805 1647 1863 1678 πρὸ

1064 1696 1173 1722 πάντων
1187 1695 1217 1722 δὲ
1229 1695 1277 1722 καὶ.
1289 1696 1303 1722 ὁ
1317 1695 1440 1730 προέχων
1452 1694 1508 1730 βίος
1519 1694 1567 1721 καὶ
1578 1695 1592 1720 ὁ
1609 1693 1678 1728 μετὰ
1695 1692 1781 1719 ταῦτα
1814 1692 1862 1725 ἐξ-

1065 1741 1219 1774 εταζέσθω,
1238 1741 1286 1768 καὶ
1300 1740 1387 1773 οὕτως
1402 1741 1419 1775 ἡ
1436 1740 1627 1775 φιλανθρωπία
1645 1737 1861 1774 ὲπιμετρείσθω.

1102 1891 1139 1924 ς’.
1154 1891 1221 1927 Περὶ
1234 1891 1287 1918 τῶν
1300 1890 1399 1925 ἀπειλῇ
1418 1889 1498 1925 μόνον
1510 1889 1640 1921 εἰξάντων
1655 1887 1803 1919 κολάσεως,
1814 1890 1865 1913 καὶ

1065 1939 1235 1975 ἀφαιρέσεως
1249 1938 1425 1973 ὑπαρχόντων
1440 1937 1457 1972 ἢ
1474 1935 1627 1972 μετοικίας,
1646 1935 1693 1961 καὶ
1708 1935 1863 1967 ουσαν-των,

1066 1986 1113 2013 καὶ
1134 1985 1214 2020 μέχρι
1233 1983 1281 2010 τοῦ
1299 1983 1432 2017 παρόντος
1457 1981 1555 2017 καιροῦ
1572 1982 1609 2016 μὴ
1625 1980 1864 2016 μετανοησάντων,

1068 2031 1135 2066 μηδὲ
1160 2029 1394 2065 ἐπιστρεψάντων,
1407 2028 1454 2054 νῦν
1476 2027 1506 2054 δὲ
1531 2027 1608 2062 παρὰ
1631 2027 1677 2052 τὸν
1697 2025 1794 2060 καιρὺν
1812 2025 1866 2059 τῆς

1067 2076 1176 2103 συνόδου
1190 2074 1405 2110 προσελθόντων,
1420 2073 1467 2100 καὶ
1483 2074 1522 2105 εἰς
1533 2073 1651 2099 διάνοιαν
1667 2071 1717 2106 τῆς
1734 2071 1865 2107 ἐπιστρο-

1066 2122 1119 2156 φῆς
1137 2121 1302 2156 γενομένων,
1320 2119 1393 2151 ἔδοξε
1410 2120 1491 2155 μέχρι
1504 2120 1552 2154 τῆς
1569 2118 1690 2154 μεγάλης
1702 2117 1812 2153 ἡμέρας
1825 2118 1866 2149 εἰς

1066 2167 1197 2202 ἀκρόασιν
1212 2166 1352 2200 δεχθῆναι,
1364 2165 1411 2191 καὶ
1425 2165 1494 2199 μετὰ
1512 2164 1562 2199 τὴν
1577 2164 1698 2199 μεγάλην
1713 2163 1865 2190 ὑποπεσεῖν

1066 2213 1129 2248 τρία
1141 2212 1200 2247 ἐτη,
1217 2212 1263 2238 καὶ
1284 2211 1355 2246 μετὰ
1380 2210 1447 2237 ἄλλα
1462 2210 1509 2236 δύο
1532 2209 1579 2244 ἐτη
1598 2209 1762 2243 κοινωνῆσαι
1778 2208 1866 2243 χωρὶς

1068 2259 1236 2295 προσφορᾶς,
1254 2257 1302 2284 καὶ
1325 2256 1412 2287 οὕτως
1433 2255 1520 2282 ἐλθεῖν
1537 2255 1583 2281 ἐπὶ
1606 2254 1636 2281 τὸ
1655 2254 1775 2280 τέλειον⁸
1792 2253 1867 2280 ὥστε

1068 2305 1119 2340 τὴν
1140 2303 1228 2330 πᾶσαν
1245 2302 1369 2336 ἑξαετίαν
1392 2301 1552 2337 πληρῶσαιν
1574 2301 1598 2326 εί
1615 2299 1644 2326 δέ
1659 2308 1731 2330 τινες
1745 2299 1800 2334 πρὸ
1817 2300 1868 2333 τῆς

1071 2350 1181 2377 συνόδου
1192 2349 1294 2384 ταύτης
1309 2348 1457 2383 ἐδέχθησαν
1473 2347 1512 2378 εἰς
1526 2346 1670 2382 μετάνοιαν
1685 2346 1732 2371 ἀπ’
1757 2345 1869 2371 ἐκείνου

1069 2396 1116 2424 τοῦ
1137 2396 1232 2432 χρόνου
1249 2395 1404 2429 λελογίσθαι
1433 2394 1525 2425 αὐτοϊς
1554 2393 1604 2428 τὴν
1629 2391 1716 2428 ἀρχὴν
1733 2392 1783 2426 τῆς
1804 2391 1869 2423 ἐξα-

1070 2442 1158 2473 ετίας·
1174 2442 1199 2468 εί
1222 2440 1313 2475 μέντοι
1330 2439 1462 2471 κίνδυνος,
1475 2437 1646 2464 καὶθανάτου
1673 2434 1824 2470 προσδοκία
1836 2435 1870 2459 ἐγ

1070 2489 1147 2515 νόσου
1167 2487 1184 2523 ἢ
1203 2486 1286 2521 ἄλλης
1310 2486 1383 2517 τινὸς
1404 2484 1567 2520 προφάσεως
1595 2481 1730 2517 συμϐαίη,
1751 2479 1868 2510 τούτους

1070 2535 1117 2561 ἐπὶ
1130 2534 1187 2569 ὅρῳ
1198 2532 1337 2568 δεχθῆναι.

1109 2631 1141 2664 ζ’.
1163 2631 1231 2665 Περὶ
1249 2629 1303 2657 τῶν
1326 2628 1556 2656 συνεστιαθέντων
1574 2627 1602 2654 ἐν
1618 2627 1698 2662 ἑορτῇ
1713 2623 1827 2659 ὲθνικῇ,’
1839 2625 1868 2650 ἐν

1072 2680 1146 2713 τόπῳ
1161 2677 1347 2712 ἀφωρισμένῳ
1361 2676 1418 2706 τοῖς
1438 2674 1566 2705 ὲθνικοῖς,
1583 2673 1637 2699 Eata.
1660 2671 1792 2706 βρώματα
1806 2671 1867 2694 ἐπ’.-

1074 2724 1265 2761 κομισαμένων
1286 2723 1335 2750 καὶ
1345 2723 1497 2757 φαγόντων,
1512 2721 1583 2753 ἔδοξε
1595 2720 1696 2746 διετίαν
1712 2718 1867 2745 ὑποπεσόν-

1075 2781 1124 2804 τας
1146 2771 1291 2807 δεχθῆναι·
1308 2770 1338 2796 τὸ
1365 2770 1393 2796 δὲ
1414 2770 1438 2796 εἰ
1457 2769 1510 2804 χρὴ
1538 2768 1607 2803 μετὰ
1630 2767 1679 2802 τῆς
1697 2764 1868 2800 προσφορᾶς,

269 2874 324 2908 (Ιὸ)
345 2873 374 2900 In
393 2873 486 2902 codice
500 2869 627 2899 Ecclesiae
644 2868 774 2896 Romana:
787 2866 864 2894 ‘cdito
880 2863 1025 2899 Moguntiae
1045 2862 1089 2890 hic
1132 2868 1219 2890 canon
1238 2860 1396 2888 Graecorum
1419 2868 1444 2893 v,
1482 2866 1534 2886 non
1561 2856 1712 2893 sejungitur
1729 2863 1742 2882 a
1768 2859 1870 2889 quarto

235 2909 385 2943 superiore.
