1951 3071
102 193 151 226 801

489 188 689 220 SYNTAGMA
714 187 908 218 CANONUM.
921 199 957 206 -
975 187 1049 218 ΤΙΤ-
1064 189 1116 225 ΙΧ,
1130 189 1208 218 CAP.
1228 189 1362 219 XXXIX.

1677 189 1729 222 802

103 247 210 282 ἑκάστῳ
233 246 286 273 τῶν
311 244 475 272 ἐπισκόπων
496 244 597 277 ἐξέστω
615 243 771 278 δοκιμάσαι,
789 242 893 270 καὶτὸν

958 250 1081 278 [αθηιῳιθ
1106 249 1196 271 autem
1217 252 1279 271 cum
1294 244 1430 272 oblatione
1456 245 1576 280 recipere
1592 251 1727 280 oporteat,

101 292 179 319 ἄλλον
192 291 250 326 βίον
267 290 310 324 ἐφ’
326 290 441 317 ἑκάστου
456 288 593 320 ἐξετάσαι.

136 386 172 418 η’.
188 383 220 409 Οι
241 381 270 408 δὲ
287 380 410 415 δεύτερον
422 379 470 406 καὶ
480 379 570 414 τρίτον
588 378 719 410 θύσαντες
738 377 807 412 μετὰ
819 376 890 412 βίας,

101 428 261 463 τετραετίαν
275 426 499 459 ὑποπεσέτωσαν,
511 424 558 451 δύο
571 424 600 450 δὲ
611 424 658 459 ἔτη
674 423 759 459 χωρὶς
773 431 892 458 προσφο-

104 476 154 510 ρᾶς
168 473 424 509 κοινωνησάτωσαν,
442 471 490 498 κει.)⁴
506 471 545 507 τῷ
558 471 664 506 ἑϐδόμῳ
678 469 788 501 τελείως
797 469 893 504 δεχθή-

103 529 203 547 τωσαν.

142 565 173 592 θ’.
185 565 263 591 Ὅσοι
279 564 306 590 δὲ
324 563 361 599 μὴ
382 563 461 598 μόνον
488 562 646 597 ἀπέστησαν
660 561 727 588 ἀλλὰ
745 561 792 588 καὶ
810 561 893 587 ὲπαν-

104 611 220 646 ἔστησαν
233 611 279 637 καὶ
294 609 451 644 ἠνάγκασαν
467 608 607 642 ἀδελφοὺς,
618 607 665 634 καὶ
681 607 761 634 αἴτιοι
772 606 893 640 ἐγένοντο

103 656 150 684 τοῦ
166 657 381 691 ἀναγκασθῆναι,
390 651 462 681 οὗτοι
474 654 521 688 ἐτη
533 655 581 689 μὲν
594 654 656 689 τρία
667 653 713 679 τὸν
727 654 777 687 τῆς
791 651 894 687 ἀκροά-

106 710 174 732 σεως
200 700 372 733 δεξάσθωσαν
407 700 509 725 τόπον·
534 699 563 724 ἐν
585 698 613 724 δε
636 697 705 734 ἄλλῃ
723 696 830 731 ἐξαετίςι
848 695 894 722 τὸν

105 748 154 782 τῆς
168 745 365 776 ὑποπτὼσεως·
380 744 458 772 ἄλλον
472 744 500 770 δὲ
512 744 633 770 ἐνιαυτὸν
651 743 894 778 κοινωνησάτωσαν

108 793 192 827 χωρὶς
215 791 387 826 προσφορᾶς’
402 790 445 815 ἴνα
457 789 506 824 τὴν
525 788 666 815 δεκαετίαν
690 786 892 822 πληρώσαντες,

107 837 155 864 τοῦ
169 837 270 863 τελείου
284 836 470 871 μετάσχωσιν·
482 836 511 861 ὲν
527 835 616 869 μέντοι
632 833 718 868 τούτῳ
737 832 775 867 τῷ
796 831 892 867 χρόνῳ,

106 883 153 910 καὶ
167 884 212 909 τὸν
226 882 304 909 ἄλλον
318 881 407 908 αὐτῶν
420 880 608 916 ἐπιτηρεῖσθαι
622 879 691 914 βίον.

218 927 353 955 Συνέδου
377 927 608 960 Νεοκαισιῖρείας
623 925 723 952 κανὼν
749 924 781 959 β’.

143 974 175 1009 β’.
183 974 255 1009 Γυνὴ
267 974 313 1000 ἐὰν
325 973 447 1008 γήμηται
458 972 503 998 δύο
511 972 644 1005 ἀδελφοῖς,
655 970 806 1003 ἐξωθείσθω
815 970 894 1005 μέχρι

109 1020 240 1047 θανάτου·
271 1019 341 1054 πλὴν
372 1019 401 1045 ὲν
425 1018 464 1054 τῷ
484 1018 591 1052 θανάτῳ
619 1017 663 1043 διὰ
690 1017 894 1051 φιλανθρωπίαν

109 1064 224 1091 εἰποῦσα
254 1063 292 1095 ὡς
318 1063 453 1098 ὕγιάνασα
485 1063 560 1089 λύσει
580 1062 625 1088 τὸν
651 1061 751 1097 γάμον,
764 1061 818 1094 ἕξει
848 1061 896 1096 τὴν

110 1110 264 1145 μετάνοιανο
279 1109 326 1135 ἐὰν
340 1109 368 1135 δὲ
382 1108 530 1143 τελευτήσῃ
545 1108 561 1143 ἡ
575 1107 643 1142 γυνὴ
658 1108 687 1133 ὲν
695 1106 806 1141 τοιούτῳ
816 1106 897 1142 γάμῳ

109 1154 187 1186 οὖσα,
208 1155 267 1190 ἤτοι
285 1154 299 1180 ὁ
318 1153 397 1189 ἀνὴρ,
422 1153 557 1188 δυσχερὴς
579 1152 617 1187 τῷ
633 1152 753 1188 μείναντι
771 1152 788 1188 ἠ
817 1153 898 1187 μετά-

108 1208 177 1227 νοια.

259 1244 394 1272 Σιυνόδου
409 1244 585 1276 Λαοδικείας
600 1243 701 1271 κανὼν
717 1243 749 1278 β’.

148 1290 181 1326 β’.
206 1290 274 1325 Περὶ
295 1289 342 1317 τοῦ
367 1290 431 1321 τοὺς
454 1289 691 1324 ἐξαμαρτάνοντας
712 1288 897 1324 ὲν.διαφόροις

111 1338 284 1371 πταίσμασι,
305 1337 353 1362 καὶ
367 1334 639 1370 προσκαρτεροῦντας
650 1335 683 1369 τῇ
699 1336 835 1370 προσευχῇ
851 1336 900 1370 τῆς

111 1383 332 1418 ὲξομολογήσεως
355 1381 403 1408 καὶ
429 1380 581 1416 μετανοίας,
598 1380 644 1406 καί¹
664 1379 712 1415 τὴν
727 1380 899 1415 ἀποστροφὴν

110 1429 166 1456 τῶν
180 1428 272 1454 κακῶν
284 1427 389 1454 τελείαν
404 1426 594 1461 ποιουμένους,
607 1425 678 1452 κατὰ
694 1425 744 1459 τὴν
757 1425 899 1458 ἀναλογίαν

111 1474 160 1501 τοῦ
185 1474 354 1508 πταίσματος
378 1471 475 1508 καιροῦ
500 1472 643 1506 μετανοίας
677 1471 815 1503 δοθέντος,
838 1471 901 1503 τοὺς

113 1519 250 1550 τοιούτους
271 1518 316 1545 διὰ
342 1518 404 1549 τοὺς
426 1517 584 1552 οίκτιρμοὺς
606 1516 652 1543 καὶ
674 1515 723 1551 τὴν
743 1515 901 1550 ἀγαθότητα

112 1565 160 1592 τοῦ
178 1563 245 1592 Θεοῦ
263 1563 448 1600 προσάγεσθαι
460 1564 493 1598 τῇ
510 1562 648 1597 κοινωνίᾳ.

114 1621 248 1650 Συνόδου
267 1620 471 1655 Καρθαγέννης
496 1618 650 1655 κανὼννςκ
667 1617 688 1651 ζ’
698 1619 753 1655 κζ’,
777 1616 831 1653 μγ’,
849 1620 901 1652 με’.

151 1657 240 1683 Ὥστε
255 1653 374 1690 χρίσμα
384 1655 442 1682 ἀπὸ
457 1654 664 1688 πρεσϐυτέρων
671 1653 711 1690 μὴ
723 1654 868 1689 γίνεσθαι.

153 1706 190 1734 ς’.
200 1701 398 1737 Φουρτουνάτος
415 1701 562 1731 ἐπίσκοπος
576 1699 714 1726 εἶπεν-Ἐν
730 1701 788 1730 ταῖς
803 1699 903 1732 προλα-

116 1748 228 1778 ϐούσαις
247 1746 365 1778 συνόδοις
391 1746 553 1781 μεμνήμεθα
568 1753 649 1780 usque
668 1745 703 1772 ad
719 1745 773 1771 ἀπὸ
793 1745 901 1771 πάντων

116 1793 273 1822 ἐπισκόπων
286 1792 382 1828 ἐλέχθη
391 1801 397 1808 ·
417 1793 501 1819 Πᾶσιν
514 1791 636 1828 ἀρέσκει.
654 1791 811 1826 Χρίσματος
823 1790 901 1825 ποίη-

117 1850 160 1873 σις
175 1841 222 1867 καὶ
233 1839 321 1874 κορῶν
334 1838 506 1873 καθιέρωσις,
517 1837 600 1866 κ.τ.λ.

116 1886 188 1921 Περὶ
219 1884 272 1919 τῆς
292 1884 351 1912 τῶν
380 1884 415 1911 ἐν
433 1883 561 1945 maiori-1:9)
579 1883 771 1910 καθεστώτων
794 1884 902 1909 καταλ-

484 1928 569 1945 amo.

484 1928 569 1953 σιγης-

153 1968 186 2000 ζν.
202 1966 334 2003 Αὐρήλιος
350 1964 496 1996 ἐπίσκοπος
515 1962 600 1991 εἶπεν·
610 1963 671 1990 Ἐάν
683 1972 724 1994 τις
741 1963 769 1990 ὲν
790 1963 904 1999 κινδύνῳ

117 2012 268 2045 καθεστὼς,
282 2012 381 2047 αἰτήσῃ
406 2011 502 2037 ἑαυτὸν
515 2009 717 2045 καταλλαγῆναι
741 2010 797 2040 τοῖς
823 2009 903 2043 ἱεροῖς

117 2058 334 2093 θυσιαστηρίρις,
351 2057 396 2084 τοῦ
410 2056 559 2083 ἐπισκόπου
575 2055 700 2087 ἀπόντος,
719 2054 818 2089 ὀφείλει
833 2054 903 2081 εἰκό-

117 2113 172 2136 τως
195 2105 209 2130 ὁ
229 2101 414 2138 πρεσὸύτερος
443 2102 579 2137 ἐρωτῆσαι
606 2101 652 2128 τὸν
675 2101 840 2134 ἐπίσκοπον,
858 2101 904 2128 καὶ

117 2150 206 2180 οὕτως
225 2149 268 2175 τδν
289 2149 318 2175 ἐν
333 2147 447 2182 κινδύνῳ
459 2146 622 2180 καταλλάξαι
640 2146 710 2173 κατὰ
734 2146 782 2182 τὴν
800 2147 903 2173 ἐκείνου

119 2195 322 2230 παραγγελίαν
337 2194 413 2220 τοῦτο
433 2194 460 2220 δὲ
475 2193 505 2219 τὸ
520 2194 634 2228 πρᾶγμα
656 2192 799 2228 ὀφείλομεν
819 2201 906 2228 σωτη-

942 293 983 316 est
996 288 1184 324 episcoporum
1197 290 1365 324 examinare,
1380 295 1408 318 et
1420 290 1501 318 aliam
1515 291 1598 318 vitam
1614 291 1642 318 in
1656 299 1726 319 uno-

941 341 1052 368 quoque
1070 334 1221 369 inquirere.

977 379 1004 407 8.
1030 379 1082 412 Qui
1104 385 1194 407 autem
1210 380 1253 407 bis
1271 380 1312 407 vel
1329 385 1369 408 ter
1389 380 1580 408 sacrificarunt
1592 388 1640 415 per
1655 381 1728 414 vim‘,

944 426 1060 453 triennio
1082 426 1311 460 substernantur,
1330 427 1436 453 duobus
1456 431 1546 453 autem
1564 426 1643 453 anuis
1670 427 1730 454 sine

943 472 1078 499 oblatione
1094 472 1315 505 communicent,
1333 477 1360 500 et
1375 472 1489 507 septimo
1503 471 1621 506 perfecte
1643 472 1731 499 susci-

942 517 1062 552 piantur.

979 562 1005 589 9.
1026 562 1189 597 Quicunque
1202 567 1292 590 autem
1311 571 1365 590 non
1379 563 1466 591 solum
1483 564 1668 596 desciverunt,
1682 563 1729 591 sed

944 607 1025 635 etiam
1043 608 1269 640 insurrexerunt,
1289 613 1315 636 et
1333 607 1430 636 fratres
1444 616 1509 636 suos
1521 613 1668 644 coegerunt
1679 628 1687 640 ,
1703 612 1730 636 et

944 660 1033 680 causa:
1050 653 1157 680 fuerunt
1179 658 1208 681 ιιι
1224 659 1402 689 cogerentur.
1424 655 1440 681 ii
1457 655 1536 682 annis
1550 655 1658 689 quidem
1681 654 1730 682 tri-

944 698 995 725 bus
1009 698 1157 725 auditionis
1172 698 1262 725 locum
1278 699 1450 732 suscipiant,
1467 707 1513 726 sex
1529 700 1729 731 substrationis,

944 744 997 770 alio
1020 748 1110 770 autem
1135 751 1208 771 anno
1229 745 1288 771 sine
1308 745 1446 772 oblatione
1467 746 1684 778 communicent,
1702 750 1731 772 ut

944 789 1076 816 decennio
1101 790 1227 824 expleto,
1255 790 1314 824 ejus
1332 791 1405 825 quod
1430 795 1472 818 est
1488 791 1635 826 perfectum
1649 811 1656 823 ,
1678 791 1731 818 sint

944 835 1099 869 participes.
1120 834 1220 862 Eorum
1252 839 1342 862 autem
1371 837 1399 863 in
1423 844 1455 864 eo
1478 845 1586 872 quoque
1613 842 1732 872 tempore

945 880 1026 907 vitam
1041 880 1197 907 examinare
1212 886 1328 916 oportet.

1087 924 1200 951 Concilii
1216 925 1441 953 Neoca’sariensis
1456 935 1550 954 canon.
1563 927 1591 954 ἓ.

981 971 1010 997 2.
1029 971 1140 998 Femina
1160 972 1183 999 si
1201 972 1308 1000 duobus
1332 973 1463 1000 fratribus
1482 974 1616 1007 nupserit,
1638 977 1731 1001 extru-

949 1017 1029 1044 dalur
1045 1025 1130 1052 usque
1146 1018 1178 1044 ad
1195 1022 1316 1045 mortem.
1335 1018 1387 1045 Sed
1404 1019 1430 1045 in
1446 1024 1540 1050 morte,
1560 1023 1667 1053 propter
1681 1019 1732 1046 ltu—

949 1064 1116 1095 manitatcni,
1128 1063 1151 1090 si
1166 1064 1275 1096 dixerit,
1290 1064 1363 1098 quod
1384 1065 1428 1092 ubi
1449 1065 1625 1098 convaluerit,
1647 1066 1733 1092 solvet

947 1109 1162 1142 matrimonium,
1184 1109 1293 1136 habebit
1309 1109 1504 1145 pwnitentiam.
1521 1110 1571 1137 Sed
1589 1111 1612 1138 si
1627 1117 1732 1138 mortua

948 1153 1030 1181 fuerit
1055 1155 1152 1181 mulier
1177 1155 1322 1187 exsistens,
1345 1155 1387 1183 vel
1415 1155 1475 1190 ejus
1499 1156 1622 1189 maritus,
1637 1156 1663 1183 in
1686 1157 1734 1184 tali

947 1199 1075 1234 conjugio
1092 1199 1209 1227 difﬁcilis
1225 1205 1266 1227 est
1281 1201 1452 1234 pmnitentia.

1133 1246 1246 1273 Concilii
1261 1245 1402 1274 Laodiceni
1420 1255 1503 1274 canon
1520 1247 1561 1283 2.7

984 1291 1012 1319 2.
1033 1290 1084 1319 Eos
1111 1292 1157 1326 qui
1181 1292 1207 1319 in
1234 1292 1353 1320 diversis
1377 1293 1484 1320 delictis
1508 1297 1632 1327 peccant,
1654 1297 1682 1320 et
1707 1292 1734 1319 in

949 1337 1072 1364 oratione
1103 1337 1331 1372 confessioneqne
1370 1342 1396 1365 el
1435 1339 1597 1372 paenitentia
1627 1338 1735 1365 fortiter

950 1386 1134 1416 perseverant,
1156 1386 1183 1409 et
1211 1390 1241 1410 se
1266 1390 1281 1409 a
1309 1383 1387 1409 malis
1416 1382 1537 1417 perfecte
1563 1388 1733 1416 convertunt,

951 1433 1072 1462 tempore
1102 1428 1269 1462 poenitentire
1299 1429 1338 1455 eis
1373 1436 1420 1462 pro
1449 1428 1540 1456 delicti
1560 1430 1735 1464 proportione

950 1473 1024 1507 dato,
1041 1477 1152 1508 propter
1171 1473 1219 1501 Dei
1242 1474 1434 1502 miserationes
1453 1479 1479 1502 et
1504 1475 1665 1507 bonitatem,
1693 1476 1735 1502 ofs

951 1518 1000 1546 feri
1016 1519 1213 1546 communioni.

967 1618 1080 1646 Concilii
1099 1619 1315 1654 Carthaginiensis
1331 1627 1442 1646 canones
1457 1619 1483 1652 6,
1509 1620 1534 1652 7,
1551 1620 1596 1653 27,
1614 1621 1658 1654 45,
1678 1621 1723 1648 45.

1099 1653 1133 1680 Ut
1152 1655 1264 1681 chrisma
1282 1662 1298 1680 α
1318 1654 1472 1689 presbyteris
1487 1663 1536 1681 non
1549 1656 1607 1689 ﬁat.

990 1698 1017 1726 6.
1034 1699 1202 1726 Fortunatus
1215 1700 1360 1734 episcopus
1376 1700 1461 1727 dixit:
1472 1700 1500 1726 ln
1514 1702 1659 1735 praeteritis
1673 1709 1740 1729 con-

956 1745 1036 1778 ciliis,
1060 1750 1110 1773 etc.
1129 1746 1209 1780 323
1231 1755 1312 1781 usque
1329 1747 1362 1773 ad
1379 1753 1390 1773 :
1404 1747 1445 1774 Ab
1456 1748 1592 1775 universis
1606 1748 1740 1783 episcopis

956 1791 1058 1818 dictum
1074 1797 1136 1819 est:
1152 1792 1283 1819 Omnibus
1304 1793 1401 1827 placet.
1418 1792 1584 1821 Chrismalis
1604 1795 1740 1823 confectio

955 1843 982 1865 et
995 1838 1146 1872 puellarum
1160 1838 1400 1870 consecratio,etc.
1413 1843 1443 1865 at
1456 1848 1517 1875 pag.
1533 1840 1595 1867 562.

1029 1883 1065 1910 I)e
1075 1884 1114 1910 Itis
1126 1884 1172 1918 qui
1186 1884 1213 1910 in
1227 1884 1342 1918 pericula
1356 1885 1437 1919 positi
1453 1886 1668 1914 reconciliantur.

992 1962 1019 1990 7.
1037 1962 1163 1989 Aurelius
1189 1962 1246 1997 (Μ)
1268 1962 1414 1997 episcopus
1437 1963 1524 1990 dixit:
1544 1963 1571 1990 Si
1594 1965 1739 1999 quisquam

957 2010 983 2036 in
997 2010 1116 2044 periculo
1131 2009 1212 2036 fuerit
1225 2011 1401 2041 constitutus,
1417 2014 1445 2037 et.
1459 2018 1489 2038 se
1499 2012 1670 2039 reconciliari
1683 2013 1739 2048 (15)

957 2054 1057 2083 divinis
1073 2055 1204 2082 altaribus
1225 2055 1352 2090 petierit:
1369 2056 1391 2082 si
1413 2056 1557 2090 episcopus
1569 2056 1668 2084 absens
1679 2056 1740 2085 fue-

957 2102 1002 2131 rit.
1027 2101 1106 2128 debet
1129 2101 1221 2134 utique
1241 2100 1382 2135 presbyter
1402 2100 1545 2127 consulere
1567 2101 1739 2136 episcopum,

957 2151 984 2174 ct
1009 2147 1049 2174 sic
1070 2147 1265 2181 pcl'iclilnllletlt
1293 2146 1352 2180 ejus
1379 2150 1516 2181 praecepto
1542 2147 1738 2174 reconciliare:

957 2201 1038 2227 quam
1077 2200 1132 2220 rem
1163 2193 1293 2219 debemus
1320 2191 1422 2219 salubri
1453 2191 1567 2218 consilio
1599 2192 1739 2220 roborarc.

121 2241 212 2277 ριὼδει
231 2241 310 2276 βουλῇ
324 2241 455 2276 κυρμίσαι.
474 2239 540 2265 ’Λπὸ
554 2239 661 2264 πάντων
679 2238 731 2264 τῶν
748 2238 900 2264 ἐπισκόπων

958 2239 998 2266 Ab
1019 2238 1154 2265 universis
1179 2239 1314 2272 episcopis
1341 2238 1444 2265 dictum
1467 2242 1529 2264 est:
1553 2237 1643 2265 Placet
1669 2239 1741 2272 quod

120 2287 229 2322 ἐλέχθη·
247 2287 371 2322 ’Δρὲσκει
393 2285 461 2319 ὅπερ
486 2285 502 2318 ἠ
517 2284 637 2319 ὑμετέρα
664 2284 803 2319 ἁγιωσύνῃ
823 2284 907 2318 ἀναγ-

120 2334 208 2364 καίως
222 2333 294 2368 ἡμᾶς
310 2331 447 2366 ὠφελῆσαι
462 2330 639 2365 κατηξίωσεν.

120 2389 318 2424 Πρεσϐύτεροι
348 2386 399 2424 καί
415 2385 547 2413 διάκονοι
577 2385 793 2424 ἑπίβαρρτέρῳ
819 2386 909 2424 tymp-

157 2424 264 2458 σήματι
272 2421 479 2457 ἐλεγχθέντες,
493 2421 680 2456 χειροθεσίαν
689 2421 728 2453 ὠς
737 2421 834 2448 λαῖκοὶ
850 2430 908 2456 μη-

158 2458 257 2494 δαμῶς
275 2458 482 2490 ὑποδέξονται.

158 2513 211 2546 κζ’.
231 2514 345 2549 Ὁμοίως
363 2513 515 2549 ὲὸεόαιώθη
531 2513 568 2545 ὼς
584 2513 632 2540 ἐάν
653 2522 717 2540 ποτε
729 2512 908 2548 πρεσβύτεροι

122 2561 139 2596 ἢ
156 2560 285 2591 διάκονοι,
301 2560 346 2586 ἐπί
358 2568 411 2586 τινι
427 2559 562 2595 βαρυτέρᾳ
574 2558 696 2594 ἁμαρτίᾳ
707 2559 864 2593 ἐλεγχθῶσι,
876 2559 908 2594 τῇ

123 2606 232 2642 ἀνάγκῃ
245 2607 342 2638 αὐτοὺς
358 2606 406 2641 τῆς
421 2605 590 2640 λειτουργίας
601 2605 779 2640 ἁποκινοῦσῃ,
793 2605 830 2640 μὴ
851 2606 910 2631 ὲπι-

121 2652 247 2679 τίθεσθαι
264 2652 356 2684 αὐτοῖς
372 2652 465 2687 χεῖρας
492 2652 529 2683 ὡς
555 2650 738 2686 μετανοοῦσιν,
772 2648 841 2686 ἢὼς
865 2659 910 2677 πι-

160 2743 189 2759 ⁶⁵
207 2741 338 2778 Cartbag.
355 2750 383 2775 v,
404 2749 427 2770 c.
444 2742 488 2769 ‘25.

162 2815 359 2856 (IMGeiietlilii
369 2822 530 2849 sententiam
543 2821 678 2853 Aurelius,
692 2826 716 2848 et
730 2821 769 2848 sic
780 2821 824 2848 alii
845 2823 910 2850 alio-

124 2866 187 2884 rum
210 2858 398 2892 episcoporum
420 2865 435 2883 c
451 2856 637 2891 superioribus
654 2857 777 2884 conciliis
796 2862 905 2884 senten-

123 2895 178 2920 tias
195 2894 298 2927 synodo
314 2893 459 2920 lirmandas
474 2892 582 2919 nomine
593 2899 643 2918 suo
663 2899 813 2926 proponere
835 2900 906 2920 nunc

958 2284 1088 2312 sanctitas
1113 2288 1203 2311 vestra
1229 2282 1385 2310 necessario
1411 2290 1460 2310 nos
1476 2283 1610 2310 inStruere
1631 2283 1740 2318 dignata

956 2336 1007 2359 (35L

960 2386 1106 2422 Presbyteri
1133 2391 1156 2413 et
1186 2386 1291 2413 diaconi
1317 2386 1342 2413 in
1368 2386 1487 2422 graviore
1507 2386 1584 2418 culpa
1618 2387 1739 2419 convicti,

992 2421 1085 2449 maaas
1097 2421 1287 2457 impositionent
1299 2426 1424 2457 tanquam
1435 2421 1497 2447 laici
1509 2430 1672 2457 nequaquam
1683 2431 1741 2449 sus-

993 2457 1100 2491 cipiaut.

992 2513 1036 2540 97.
1056 2513 1120 2540 ltem
1139 2512 1327 2540 confirmatum
1342 2518 1383 2541 est
1397 2514 1430 2544 “.
1448 2518 1477 2541 ut
1494 2514 1516 2541 si
1533 2515 1643 2549 quando
1665 2520 1742 2548 pres-

958 2559 1044 2594 byteri
1063 2559 1103 2585 vel
1116 2559 1222 2586 diaconi
1243 2559 1269 2585 in
1291 2559 1381 2594 aliqua
1396 2560 1511 2594 graviori
1531 2560 1610 2594 culpa
1625 2560 1741 2587 convicti

959 2605 1071 2638 fuerint,
1087 2613 1139 2639 qua
1157 2613 1203 2632 eos
1217 2612 1231 2631 a
1251 2605 1404 2633 ministerio
1421 2614 1531 2634 necesse
1542 2607 1578 2634 sit
1593 2607 1739 2638 removeri,

960 2660 1014 2680 non
1027 2651 1066 2679 eis
1083 2659 1180 2679 manus
1192 2656 1320 2687 tanquam
1339 2654 1532 2688 paenitentibus
1547 2653 1635 2686 laicis,
1651 2652 1739 2687 impo-

963 2823 1098 2849 ridentur.

998 2858 1051 2893 (15)
1068 2857 1121 2885 MS.
1143 2867 1150 2884 ι
1170 2862 1195 2886 et
1211 2866 1238 2886 sc
1251 2858 1404 2886 comiliare.
1422 2867 1430 2883 ι
