1951 3071
201 214 253 247 803

787 210 917 241 ΡΙῙΟΤΠ
936 209 1189 240 ΡΑΤΒΙΑΒΕΙΜΞ.
1203 209 1260 238 CP.

1781 207 1836 238 804

203 276 301 303 natur;
328 266 418 304 neque
447 267 674 303 permittendum,
707 272 735 294 ut
766 266 926 302 rebaptizati
953 266 985 293 ad

1053 266 1150 297 τικοῖς,
1169 265 1236 300 μηδὲ
1261 264 1459 299 ἐπιτρέπεσθαι
1479 263 1572 296 αὐτοῖς
1585 263 1655 291 ὥστε
1681 263 1834 290 ἀναὸαπτισ

201 316 347 345 clericatus
368 316 480 351 gradum
496 318 708 349 promoveantur
724 312 792 348 (l6).

462 360 500 386 De
516 360 708 394 paenitentibus.

235 409 281 435 45.
311 406 347 434 Ut
369 406 564 442 pmniteutibus
594 406 617 422 “
642 405 791 433 secundum
813 405 993 433 differentiam

202 458 376 489 peccatorum
395 452 516 487 episcopi
532 451 648 478 arbitrio
671 452 840 486 pmnitentize
869 457 992 487 tempora

203 501 387 528 decerrrantur
403 508 410 525 :
426 503 453 526 et
468 504 497 525 ut
513 498 656 533 presbyter
681 497 837 525 inconsulto
863 498 993 533 episcopo

205 554 260 574 non
274 545 431 573 reconciliet
444 544 633 579 ptenitenlem,
651 543 704 571 nisi
720 543 845 571 absentia
869 543 993 578 episcopi

205 593 368 620 necessitate
397 595 522 626 cogente.
563 589 760 624 Cujuscunque
793 594 883 616 autem
912 588 994 624 324

204 638 364 673 paenitentis
380 637 519 672 publicum
537 640 564 662 et
585 635 801 670 vulgatissimum
822 635 925 662 crimen
940 640 992 665 est,

203 685 276 720 quod
303 684 458 710 universam
476 682 626 709 Eeclesiam
649 682 836 714 commoverit,
854 685 915 708 ante
936 681 993 717 (l7)

204 730 325 758 absidem
343 736 441 756 manus
459 728 484 755 ei
501 728 687 763 imponantur.

207 829 244 856 De
264 827 452 864 wgrotantibns
478 827 523 861 qui
546 833 654 860 prorsus
683 825 839 860 respondere
865 832 917 852 non
931 832 993 859 pos-

522 866 593 888 81H".

242 908 287 936 65.
303 907 340 936 Ut
358 911 531 942 aegrotantes,
549 911 576 932 ut
590 914 652 940 pag.
673 905 736 933 ϐω.

330 952 442 979 Concilii
461 951 613 978 wcumeuici
626 959 652 977 vr
668 959 752 977 canon
769 949 832 977 102.

244 999 304 1027 102.
332 999 444 1034 Oportet
461 1003 552 1025 autem
580 1005 627 1025 eos
641 998 676 1030 ",
694 997 740 1032 qui
764 997 888 1024 solvendi
912 1001 939 1025 et
962 996 995 1023 li—

207 1046 287 1082 gandi
308 1050 472 1081 potestatem
496 1052 511 1072 a
534 1044 589 1071 Deo
611 1051 752 1078 accepere,
777 1044 881 1078 peccati
910 1043 996 1078 quali-

207 1098 290 1120 tatem
314 1092 498 1124 considerare,
526 1094 553 1118 et
569 1090 627 1124 ejus
660 1090 706 1125 qui
723 1090 845 1124 peccavit
872 1090 906 1117 ad
929 1097 996 1117 con-

208 1138 361 1165 versionem
379 1141 534 1171 proruptum
555 1135 686 1168 studium,
721 1140 747 1162 et
762 1135 903 1162 sicmorbo
929 1143 996 1171 con—

209 1182 362 1209 venientem
388 1180 486 1208 all'erre
511 1180 700 1208 medicinam:
719 1188 753 1207 ne
780 1181 802 1207 si
830 1180 856 1206 in
880 1185 996 1214 utroque

209 1226 436 1254 imrnoderalione
458 1230 561 1257 utatur,
576 1225 610 1252 ab
622 1225 692 1259 ejus,
720 1225 766 1259 qui
782 1225 897 1257 laborat,
911 1226 997 1252 salute

208 1272 326 1300 excidat.
344 1271 402 1299 Non
422 1271 494 1298 enim
516 1271 630 1305 simplex
663 1275 705 1298 est
735 1271 845 1298 morbus
870 1271 995 1306 peccati,

209 1319 255 1345 sed
275 1318 368 1345 varius
398 1322 423 1344 et
452 1316 638 1349 multiformis,
660 1321 687 1344 et
710 1317 811 1344 multas
833 1317 997 1344 incommodi

208 1363 372 1398 propagines
385 1362 561 1397 germinans:
585 1371 618 1389 ex
639 1362 738 1397 quibus
766 1363 867 1389 malum
882 1363 996 1391 multum

209 1409 382 1440 diﬂ‘unditur,
409 1415 435 1436 et
461 1408 572 1435 ulterius
587 1408 767 1443 progreditur,
792 1408 879 1436 donec
894 1409 998 1436 viribus

210 1453 344 1481 medentis
370 1453 516 1484 consistat,
545 1452 636 1485 Quare
662 1453 708 1487 qui
737 1453 878 1480 medicina:
910 1454 998 1481 scien-

210 1500 275 1527 tiam
306 1499 332 1526 in
354 1499 450 1534 spiritu
483 1499 635 1533 proﬁtetur,
660 1503 765 1532 oportet
796 1507 857 1526 eum
881 1499 997 1534 primum

210 1547 270 1580 ejus
299 1545 345 1580 qui
375 1545 508 1580 peccavit,
521 1544 695 1572 allectioueut
711 1544 885 1572 considerare
900 1549 927 1572 et
941 1545 1000 1572 sive

211 1592 300 1626 vergit
327 1591 359 1618 ad
391 1591 549 1624 sanitatem,
578 1590 635 1617 sive
663 1595 769 1622 contra,
785 1590 901 1625 propriis
914 1590 999 1617 inuri-

211 1638 263 1666 bus
283 1642 414 1672 provocat
432 1639 458 1664 in
485 1646 513 1664 se
530 1637 667 1668 morbum,
695 1637 837 1671 aspicere,
864 1637 1000 1671 quomodo

211 1686 271 1720 ejus
302 1693 362 1719 qua:
386 1684 529 1712 intercedit
557 1684 617 1710 vitae
634 1683 747 1710 rationis
762 1684 1003 1718 eonversionisque

213 1740 306 1760 curam
340 1735 434 1766 gerat:
464 1735 490 1756 et
516 1730 539 1757 si
566 1729 664 1756 artiliei
684 1737 738 1756 non
771 1730 920 1757 reluctatur
940 1750 948 1761 ,
975 1735 1003 1757 et

213 1780 292 1807 ulcus
310 1779 407 1804 animae
420 1781 501 1811 auget
521 1783 568 1810 per
603 1775 793 1810 impositorum
820 1776 1003 1803 medicamen-

214 1831 304 1851 torum
321 1822 520 1856 adjectionem;
545 1825 571 1847 et
600 1821 639 1847 sic
662 1821 891 1853 misericordiam,
922 1826 1002 1855 prout

213 1869 312 1903 dignus
339 1872 392 1900 est,
414 1866 558 1900 impertiri.
581 1865 694 1892 Omnem
724 1867 797 1893 enim
808 1867 941 1894 rationem
952 1867 1002 1894 init

216 1915 297 1946 Deus,
314 1914 392 1948 isque
419 1913 462 1939 cui
486 1913 633 1946 pastoralis
650 1912 767 1940 traditus
799 1919 840 1941 est
865 1914 1000 1949 principa-

214 1967 268 1994 tus,
293 1964 323 1987 ut
345 1965 480 1987 errantem
511 1966 588 1986 ovem
604 1959 742 1991 reducat;
767 1964 795 1987 et
809 1960 846 1993 ei,
861 1960 935 1995 quod
960 1964 1003 1987 est

215 2016 229 2034 a
259 2010 384 2041 serpente
406 2006 589 2036 vulneratum,
611 2007 769 2040 medeatur;
795 2010 822 2033 et
845 2014 932 2040 neque
954 2015 1002 2042 per

213 2052 413 2088 desperationis
431 2053 579 2087 prrecipitia
611 2052 740 2085 impellat,
761 2060 812 2079 nec
828 2053 861 2080 ad
875 2053 936 2080 vita:
947 2054 1002 2081 dis-

214 2100 425 2131 solutionem,et
441 2103 625 2133 contemptum
647 2098 723 2126 frena
739 2098 841 2126 relaxet
858 2108 865 2126 :
880 2099 927 2126 sed
947 2106 1002 2126 una

213 2147 322 2181 quidem
335 2144 415 2180 325
434 2145 546 2172 omnino
565 2145 680 2177 ratione,
698 2145 755 2172 sive
778 2152 825 2179 per
852 2145 958 2172 acriora
977 2150 1003 2173 et

214 2194 403 2228 astringentia,
421 2193 479 2220 sire
505 2200 552 2227 per
582 2193 694 2219 meliora
709 2196 736 2218 et
757 2192 859 2219 leniora
889 2192 1004 2219 mediea-

214 2246 304 2268 menta
322 2238 458 2266 aﬂ‘ectioni
481 2238 602 2269 resistat,
632 2243 658 2264 et
684 2237 716 2264 ad
735 2237 835 2265 ulceris
862 2237 1004 2264 obductio-

1045 311 1176 346 ζομένους
1193 310 1262 346 πρὸς
1271 310 1317 337 τὸν
1329 310 1376 337 τοῦ
1387 309 1490 345 κλήρου
1506 309 1611 345 βαθμὸν
1622 309 1800 345 προκόπτειν.

1235 356 1305 390 Περὶ
1320 356 1380 383 τῶν
1389 356 1631 391 μετανοούντων.

1080 401 1136 438 μγ’.
1153 403 1236 429 Ὥστε
1255 403 1312 434 τοῖς
1330 402 1491 437 μετανοοῦσι
1516 401 1587 428 κατὰ
1608 402 1658 437 τὴν
1671 400 1727 428 τῶν
1744 401 1838 437 ἀμαρ-

1042 447 1173 482 τημάτων
1199 447 1331 482 διαφορὰν
1358 449 1391 483 τῇ
1416 447 1470 474 τῶν
1493 447 1653 473 ἐπισκόπων
1675 447 1767 482 κρίσει
1787 447 1838 478 τὰς

1049 493 1193 528 μετανοίας
1217 494 1247 520 ὲν
1274 493 1364 529 καιρῷ
1389 492 1575 528 ψηφίζεσθαι·
1604 493 1789 528 πρεσϐύτερος
1809 493 1839 519 δὲ

1044 539 1120 574 παρὰ
1133 538 1247 574 γνώμην
1263 538 1310 565 τοῦ
1325 539 1488 571 ἐπισκόπου,
1504 537 1541 574 μὴ
1559 538 1735 574 καταλλάσσῃ
1753 547 1837 574 μετα-

1043 583 1164 617 νοοῦντα,
1185 585 1208 610 εἰ
1233 584 1271 619 μή
1294 584 1321 618 γ’
1345 583 1378 610 ἂν
1405 584 1529 618 ἀνάγκης
1548 583 1730 618 συνωθούσης,
1752 585 1781 610 ὲν
1803 584 1837 618 τῇ

1044 630 1163 665 ἀπουσία
1196 630 1242 656 τοῦ
1270 630 1437 657 ὲπισκόπου’
1464 629 1675 664 οὑτινοσδήποτε
1700 629 1730 656 δὲ
1753 638 1838 664 μετα-

1043 675 1183 709 νοοῦντος,
1197 677 1221 702 εί
1249 676 1394 703 πούόλικον
1418 676 1465 702 καὶ⁸
1489 675 1706 711 τεθρυλλημένον
1731 676 1790 702 ἐστὶ
1808 676 1840 702 τδ

1044 721 1171 756 ἔγκλημα
1183 722 1214 748 τὸ
1227 722 1374 758 σύμπασαν
1387 722 1436 758 τὴν
1449 721 1597 757 ἐκκλησίαν
1612 721 1714 756 κινοῦν,
1724 721 1778 756 πρὸ
1789 721 1840 756 τῆς

1043 767 1140 802 ἀψίδος
1153 768 1239 803 τούτῳ
1252 769 1268 804 ὴ
1280 769 1341 804 χεὶρ
1359 767 1484 802 ὲπιτεθῇ.

1081 826 1151 860 Περὶ
1165 826 1225 853 τῶν
1239 826 1460 857 ἀσθενούντων,
1478 826 1527 853 καὶ
1541 825 1617 859 ὑπὲρ
1635 823 1749 852 ἑαυτῶν
1765 824 1841 851 ἀπο-

1240 862 1393 896 κρίνεσθαι
1409 861 1452 896 μὴ
1468 861 1651 896 δυναμένων.

1081 909 1134 942 με’.
1144 907 1226 933 Ὥστε
1241 907 1303 939 τοὺς
1317 906 1512 939 ἀσθενοῦντας,
1533 915 1560 933 κ.
1574 914 1600 934 τ.
1618 905 1642 932 λ.

1123 953 1258 980 Συνόδου
1272 952 1480 987 οικουμεγικῆς
1494 952 1584 986 ἕκτης
1598 950 1700 978 κανὼν
1710 949 1760 986 ρβ’.

1062 1002 1064 1017 ί
1081 998 1133 1035 ρβ’.
1156 1000 1203 1026 Δεῖ
1214 999 1242 1026 δὲ
1257 999 1321 1030 τοὺς
1340 999 1465 1031 ἐξουσίαν
1487 999 1561 1024 λύειν
1579 998 1626 1025 καὶ
1640 998 1749 1033 δεσμεῖν
1763 995 1843 1032 παρὰ.

1045 1045 1112 1073 Θεοῦ
1128 1045 1276 1078 λαὸόντας,
1290 1046 1400 1072 σκοπεῖν
1414 1045 1463 1080 τὴν
1483 1045 1532 1080 τῆς
1548 1044 1684 1080 ἁμαρτίας
1698 1043 1840 1078 ποιότητα,

1046 1091 1093 1118 καὶ
1103 1090 1153 1126 τὴν
1168 1090 1216 1117 τοῦ
1239 1090 1429 1126 ἡμαρτηκότος
1452 1090 1519 1124 πρὸς
1541 1088 1709 1124 ἐπιστροφὴν
1729 1089 1842 1122 ἑτοιμα-

1047 1136 1118 1168 σίαν,
1136 1137 1182 1162 καὶ
1195 1135 1266 1162 οὓτω
1279 1136 1446 1170 κατάλληλον
1461 1136 1510 1170 τὴν
1521 1134 1671 1170 θεραπείαν
1688 1134 1840 1169 προσάγειν

1046 1181 1086 1217 τῷ
1101 1182 1300 1217 ἀρῤωστήματι
1310 1189 1316 1196 ·
1333 1181 1376 1207 ἵνα
1397 1181 1434 1216 μὴ
1451 1182 1484 1217 τῇ
1502 1181 1620 1216 ἀμετρίᾳ
1635 1180 1697 1208 καθ’
1709 1181 1841 1215 ἑκάτερον

1046 1228 1203 1263 χρώμενος,
1219 1228 1390 1263 ἁποσφαλείη
1407 1227 1475 1263 πρὸς
1491 1228 1541 1261 τὴν
1556 1227 1694 1262 σωτηρίαν
1717 1226 1764 1252 τοῦ
1786 1226 1840 1252 κά-

1049 1281 1177 1308 μνοντος”
1199 1273 1229 1300 οὐ
1250 1273 1304 1307 γὰρ
1316 1272 1389 1308 ἁπλῆ
1405 1273 1455 1308 τῆς
1476 1273 1614 1308 ἁμαρτίας
1635 1273 1652 1308 ἡ
1668 1274 1755 1303 νόσος,
1772 1271 1842 1298 ἀλλα.

1047 1319 1170 1351 ποικίλος
1185 1319 1250 1355 καὶ
1272 1319 1424 1354 πολυειδὴς,
1456 1320 1504 1346 καὶ
1531 1319 1630 1350 πολλὰς
1655 1319 1705 1354 τῆς
1740 1318 1843 1353 βλάϐης

1048 1366 1227 1402 παραφυάδας
1235 1366 1428 1400 βλαστάνοντα,
1440 1367 1468 1398 ἐξ
1479 1363 1516 1392 ὧν
1526 1365 1554 1391 τὸ
1565 1365 1699 1392 κακδνὲπὶ
1707 1365 1774 1391 πολὺ
1786 1364 1844 1391 δια-

1048 1413 1135 1448 χεῖται
1149 1411 1196 1438 xui.
1210 1411 1304 1446 πρόσω
1321 1411 1418 1446 βαίνει.
1436 1411 1532 1446 μέχρις
1543 1410 1574 1437 ἂν
1590 1411 1670 1446 σταίη
1685 1411 1718 1446 τῇ
1729 1410 1843 1444 δυνάμει

1048 1458 1094 1484 τοῦ
1110 1457 1308 1492 θεραπεύοντος
1318 1465 1325 1473 ·
1338 1456 1408 1483 ὥστε
1424 1457 1469 1483 τὸν
1480 1456 1529 1492 τὴν
1545 1456 1668 1492 ἰατρικὴν
1682 1455 1844 1491 ἐπιστήμην

1049 1503 1078 1530 ἐν
1095 1503 1230 1538 πνεύματι
1255 1502 1487 1536 ἐπιδεικνύμενον,
1501 1501 1633 1536 πρότερον
1658 1501 1710 1536 χρὴ
1732 1500 1781 1535 τὴν
1794 1500 1844 1527 τοῦ

1050 1549 1241 1584 ἡμαρτηκότος
1266 1548 1386 1575 διάθεσιν
1402 1548 1623 1578 ἐπισκέπτεσθαι,
1642 1548 1688 1573 καὶ
1704 1547 1759 1573 εἴτε
1774 1546 1846 1581 πρὸς

1050 1595 1100 1630 τὴν
1123 1595 1227 1628 ὑγίειαν
1255 1593 1345 1626 νεύει,
1367 1592 1385 1628 ἣ
1416 1593 1568 1619 τούναντίον
1591 1592 1636 1618 διὰ
1658 1592 1711 1618 τῶν
1732 1591 1845 1617 οἰκείων

1053 1641 1160 1676 τρόπων
1190 1640 1384 1675 προσκαλεῖται
1410 1639 1471 1665 καθ’
1497 1638 1595 1665 ἑαυτοῦ
1617 1638 1647 1665 τὺ
1671 1637 1846 1673 ἀρρώστημα

1055 1686 1166 1721 ἐφορᾷν,
1184 1686 1259 1717 ὅπως
1283 1694 1314 1711 τε
1336 1684 1384 1719 τῆς
1402 1685 1430 1711 ἐν
1443 1684 1482 1718 τῷ
1497 1683 1599 1719 μεταξὺ
1613 1685 1764 1718 προνοεῖται
1780 1683 1847 1709 ἀνα-

1055 1732 1184 1766 στροφῆς,
1200 1731 1247 1758 καὶ
1267 1731 1291 1757 εἰ
1309 1730 1347 1765 μὴ
1360 1730 1399 1766 τῷ
1412 1731 1520 1765 τεχνίτῃ
1544 1729 1733 1761 ἁντιπαλαίει,
1751 1729 1798 1756 καὶ
1813 1730 1847 1755 τὶ

1052 1777 1102 1812 τῆς
1122 1776 1212 1811 ψυχῆς
1231 1776 1309 1808 ἕλκος
1325 1776 1368 1802 διὰ
1383 1776 1432 1810 τῆς
1445 1776 1499 1802 τῶν
1516 1774 1713 1809 ἐπιτιθεμένων
1733 1775 1846 1810 φαρμά-

1053 1831 1108 1849 κων
1135 1822 1245 1855 αὐξάνει
1275 1821 1469 1856 προσαγωγῆς,
1498 1820 1544 1847 καὶ
1575 1820 1647 1846 οὕτω
1683 1819 1730 1846 τὸν
1770 1820 1847 1846 ἔλεον

1053 1868 1116 1895 κατ’
1132 1869 1211 1901 ἀξίαν
1226 1869 1397 1903 ὲπιμετρεῖν·
1415 1868 1468 1898 πᾶς
1481 1867 1535 1900 γὰρ
1551 1865 1630 1900 λόγος
1651 1865 1711 1900 Θεῷ
1739 1865 1788 1892 καὶ
1806 1866 1847 1900 τῷ

1051 1915 1102 1950 τὴν
1117 1915 1300 1950 ποιμαντικὴν
1314 1914 1510 1950 ὲγχειρισθέντι
1524 1912 1681 1948 ἡγεμονίαν,
1697 1913 1728 1939 τὸ
1740 1913 1847 1939 πλανώ-

1055 1969 1135 1995 μενον
1153 1960 1289 1996 πρόὸατον
1306 1961 1503 1994 ἐπαναγαγεῖν,
1515 1959 1602 1987 καὶτὸ
1615 1958 1717 1994 τρωθὲν
1733 1958 1786 1984 ὑπὸ
1797 1958 1846 1984 τοῦ

1052 2007 1140 2041 ὄφεως
1168 2007 1337 2039 ὲξιάσασθαι,
1353 2007 1400 2033 καὶ
1421 2007 1490 2042 μήτε
1504 2007 1575 2033 κατὰ
1592 2004 1724 2041 κρημνῶν
1739 2004 1847 2039 ὼθῆσαι

1052 2053 1104 2088 τῆς
1129 2053 1322 2087 ἀπογνώσεως,
1351 2053 1420 2088 μήτε
1434 2053 1480 2079 τὸν
1500 2052 1608 2087 χαλινὸν
1632 2051 1753 2078 ἐνδοῦναι
1776 2051 1847 2086 πρὸς

1052 2100 1101 2134 τὴν
1121 2099 1178 2134 βίου
1200 2099 1311 2126 ἕλκυσίν
1323 2108 1353 2126 τε
1381 2100 1427 2126 καὶ
1452 2099 1669 2134 καταφρόνησιν·
1687 2097 1744 2125 ἀλλ’
1761 2097 1802 2124 ἑνί
1813 2105 1847 2131 γε

1053 2145 1146 2181 τρόπῳ
1169 2145 1288 2176 πάντως,
1311 2145 1365 2171 εἴτε
1386 2145 1430 2171 διὰ
1448 2145 1502 2172 τῶν
1520 2143 1727 2179 αὐστηροτέρων
1749 2152 1780 2169 τε
1798 2143 1848 2169 καὶ

1055 2190 1218 2223 στυφόντων,
1233 2191 1288 2217 εἴτε
1301 2190 1344 2217 διὰ
1359 2191 1411 2216 τῶν
1427 2190 1612 2225 ἁπαλωτέρων
1619 2198 1650 2216 τε
1666 2189 1713 2216 καὶ
1728 2189 1847 2224 πραοτέ-

1056 2243 1109 2269 ρων
1127 2235 1293 2270 φαρμάκων,
1310 2235 1380 2262 κατὰ
1403 2235 1449 2261 τοῦ
1467 2235 1581 2268 πάθους,
1597 2235 1645 2261 καὶ
1666 2234 1734 2270 πρὸς
1751 2234 1848 2261 συνού-

215 2294 276 2314 rtem
293 2285 440 2317 animatur,
461 2284 568 2311 fructus
593 2284 759 2318 pteniteutize
775 2284 947 2315 examinans,
975 2288 998 2310 cl

1054 2281 1136 2307 λωσιν
1149 2280 1196 2306 τοῦ
1207 2281 1302 2311 ἕλκους
1314 2280 1559 2315 ἀνταγωνίσασθαι,
1569 2281 1630 2311 τοὺς
1641 2280 1690 2315 τῆς
1703 2279 1848 2314 μετανοίας

215 2332 351 2367 sapienter
367 2331 528 2366 dispensans
556 2335 582 2357 et
597 2330 752 2365 gubernans
784 2330 935 2361 hominem,
952 2330 1000 2365 qui

215 2379 248 2405 ad
275 2377 446 2411 superiorem
477 2375 704 2402 illuminationem
719 2380 841 2402 vocatur.
854 2374 908 2402 Nos
926 2375 999 2402 enim

217 2428 331 2456 utraque
346 2423 416 2448 seire
436 2425 560 2455 oportet,
579 2425 606 2447 et
636 2428 697 2455 qua:
714 2426 778 2447 sunt
801 2420 979 2454 surnmijuris
994 2442 1001 2452 ,

215 2474 317 2503 etquae
342 2473 405 2495 sunt
435 2467 641 2494 consuetudinis
669 2475 676 2492 :
704 2467 729 2492 in
767 2467 801 2493 iis
821 2471 923 2498 autem,
953 2467 1000 2501 qui

216 2520 336 2542 extrema
355 2522 406 2541 non
435 2513 589 2546 admittant,
620 2513 695 2547 sequi
716 2512 830 2539 formam
849 2513 974 2539 traditam
992 2533 1000 2546 ,

217 2560 445 2596 quemadmodum
462 2563 572 2586 sancttrs
584 2566 634 2585 nos
646 2559 724 2585 docet
735 2557 861 2585 Basilius.

295 2647 389 2673 Basilii
403 2654 515 2672 canones
531 2645 558 2678 5,
574 2645 618 2678 54,
639 2645 683 2676 Ἰ-ί,
703 2645 746 2677 75,
762 2644 806 2676 76,
826 2645 871 2678 8'2,
891 2645 936 2672 84.

253 2691 279 2718 5.
301 2691 447 2718 llzureticos
462 2693 489 2717 in
504 2691 578 2718 exitu
595 2691 781 2724 pmlritentiam
805 2696 916 2725 agentes
931 2690 1002 2718 rcci-

219 2745 282 2774 pere
306 2741 423 2772 oportet.
450 2737 582 2771 Recipere
606 2741 708 2768 autem,
727 2743 780 2762 non
805 2737 864 2763 sine
885 2737 1000 2771 judicio,

1056 2327 1179 2359 καρποὺς
1198 2327 1386 2362 δοκιμάζοντι,
1411 2327 1459 2353 καὶ
1483 2325 1667 2360 οἰκονομοῦντι
1696 2325 1785 2359 σοφῶς
1799 2325 1849 2352 τὸν

1053 2371 1122 2405 πρὸς
1135 2371 1185 2404 τὴν
1201 2371 1257 2397 ἄνω
1277 2371 1486 2406 λαμπροφορίαν
1502 2371 1667 2406 καλούμενον
1686 2370 1830 2405 ἄνθρωπον
1841 2379 1847 2386 ·

1052 2417 1196 2452 ἀμφότερα
1215 2417 1303 2444 τοίνυν
1317 2418 1414 2444 εἰδέναι
1429 2419 1503 2453 ἡμᾶς
1517 2418 1580 2453 χρὴ,
1596 2418 1643 2444 καὶ
1661 2417 1694 2444 τὰ
1708 2417 1757 2451 τῆς
1772 2417 1850 2452 ἀκρι.

1053 2463 1141 2495 ϐείας,
1159 2464 1206 2489 καὶ
1226 2464 1260 2490 τὰ
1278 2464 1327 2499 τῆς
1345 2464 1533 2499 συμπαθείας·
1551 2463 1666 2491 ἕπεσθαι
1678 2463 1717 2496 δὲ,
1732 2464 1778 2489 ἐπὶ
1793 2463 1852 2490 τῶν

1054 2507 1280 2544 καταδεξαμένων
1292 2510 1340 2544 τὴν
1347 2509 1487 2544 ἀκρότητα
1498 2508 1701 2544 παραδέξασθαι
1710 2508 1748 2544 τῷ
1756 2517 1835 2544 παρα
1845 2524 1852 2529 -

1058 2554 1163 2580 δοθέντι
1194 2554 1271 2590 τύπῳ
1284 2575 1291 2588 ,
1312 2547 1404 2587 καθὼς
1425 2555 1439 2581 ὁ
1454 2555 1525 2591 ἱερὸς
1538 2555 1610 2590 ἡμᾶς
1628 2554 1782 2581 ἐκδιδάσκει
1796 2554 1853 2581 Βα-

1059 2599 1168 2632 σέλειος.

1088 2647 1249 2674 Βασιλείου
1270 2646 1369 2674 κανὼν
1384 2646 1415 2680 ε’,
1432 2647 1480 2679 λδ’,
1497 2646 1543 2680 (ιδ’,
1559 2646 1606 2679 σε’,
1621 2650 1674 2679 ος¹,
1692 2646 1749 2681 πβ’,
1764 2645 1818 2672 πεδ’.

1091 2695 1121 2718 ε’.
1132 2692 1202 2723 Τοὺς
1213 2692 1242 2718 δὲ
1256 2693 1302 2719 ἐπὶ
1314 2692 1397 2727 ἐξόδῳ
1410 2693 1606 2727 μετανοοῦντας
1619 2692 1674 2718 τῶν
1685 2690 1834 2726 αἱρετικῶν
1844 2710 1852 2723 ,

1055 2737 1181 2772 δέχεσθαι
1208 2738 1278 2772 χρή⁴
1308 2737 1433 2772 δέχεσθαι
1453 2738 1482 2764 δὲ
1507 2737 1627 2773 δηλονότι
1648 2738 1698 2763 οὐκ
1718 2736 1853 2772 ἀκρίτως,

253 2815 275 2830 ⁸⁸
291 2814 374 2841 Cone.
389 2813 473 2842 Afrie.
488 2821 548 2848 cap.
564 2813 606 2840 10.
643 2813 664 2829 ⁸⁷
685 2812 745 2840 Vid.
764 2820 823 2847 cap.
845 2813 871 2847 7,
888 2821 966 2841 eone.
986 2814 1171 2847 \‘orrnatien.;
1191 2814 1272 2842 Basil.
1290 2823 1351 2842 can.
1371 2815 1405 2842 '74
1421 2820 1449 2844 et
1465 2815 1516 2849 εις
1533 2815 1650 2851 Nyssen.
1667 2815 1694 2844 8.

221 2891 312 2951 ωυρέ
333 2890 487 2919 Fcrrandus
504 2898 565 2926 cap.
601 2891 662 2923 “3,
688 2898 719 2919 cx
750 2891 848 2919 concil.
878 2891 1006 2927 Cartlrag.

1099 2892 1156 2927 (7|)
1177 2892 1263 2925 Absis,
1285 2892 1328 2920 Vt'l
1349 2893 1456 2928 ubsida,
1483 2894 1670 2922 sanctuarium
1691 2898 1758 2926 est;
1775 2893 1855 2929 vulg:

1057 2929 1171 2955 el.orum
1186 2929 1312 2956 dierutus.
