1951 3071
72 218 124 250 805

463 202 662 246 δΫΝΤΑϐΜΛ
675 214 868 245 CANONUM.
886 227 920 232 —
933 215 1008 246 TIT.
1023 216 1073 252 IX,
1091 217 1170 246 CAP.
1188 217 1323 247 XXXIX.

1657 216 1709 248 806

71 273 139 300 ἀλλὰ
163 272 361 308 δοκιμάζοντας
391 272 415 298 εἰ
435 272 565 308 ἀληθινὴν
594 272 795 298 ἐπιδείκνυνται
820 273 869 306 τὴν

936 274 1171 301 οιίυκοιιιιηοιιιοε
1188 282 1221 301 an
1237 281 1330 302 veram
1345 273 1535 309 paenitentiam
1551 275 1709 307 ostendant,

72 319 283 351 ειετάνοιαν,καὶ
297 319 321 345 εἰ
335 318 398 350 τοὺς
411 319 533 353 καρποὺς
549 318 643 353 ἔχουσι
660 318 868 354 μαρτυροῦντας

74 366 107 400 τῇ
123 364 192 399 πρὸς
206 364 237 390 τὸ
252 363 372 399 σωθῆναι
385 363 498 398 σπουδῇ.

106 410 152 436 λδ.
172 409 228 440 Τὰς
243 408 434 444 μοιχευθείσας
450 409 497 435 καὶ
513 408 729 443 ἐξαγορευούσας
739 409 773 435 δι’
787 409 868 436 εὐλά-

73 456 161 488 ϐειαν,
176 456 192 489 ἦ
209 455 334 481 ὁπωσοῦν
347 455 539 489 ἐλεγχομένας,
551 454 725 489 δημοσιεύειν
742 455 792 489 μὲν
803 454 872 480 ἐκώο

73 501 158 528 λυσαν
189 501 214 526 oi
243 500 364 535 Πατέρες
385 499 464 534 ἡμῶν
485 499 552 532 ,ἵνα
582 499 620 534 μὴ
642 499 756 526 θανάτου
784 499 872 526 αἰτίαν

73 547 262 582 παρὰσχωμεν
283 545 484 580 ὲλεγχθείσαις·
502 545 625 571 ἵστασθαι
643 545 670 571 δὲ
699 545 784 576 αὑτὰς
808 545 871 572 ἄνευ

74 592 216 623 κοινωνίας
228 591 408 627 προσέταξαν,
420 591 501 626 μέχρι
521 590 567 617 τοῦ
581 590 811 626 συμπληροῦσθαι
826 591 872 617 τὸν

74 636 168 672 χρόνον
181 636 230 670 τῆς
246 636 400 672 μετανοίας.

111 681 229 710 οδ¹.“Εὰν
244 682 366 716 μέντοιγε
378 681 492 713 ἕκαστος
505 680 560 708 τῶν
575 682 603 708 ὲν
615 681 672 711 τοῖς
687 689 872 717 προγεγραμ-

78 728 169 764 μένοις
186 728 368 762 ἁμαρτήμασι
390 727 564 762 γενομένων,
593 727 736 758 σπουδαῖος
761 727 873 762 γένηται

77 773 333 808 ἐξομολογούμενος,
349 774 363 799 ὁ
389 772 545 804 πιστευθεὶς
560 773 635 808 παρὰ
658 773 708 807 τῆς
733 773 781 799 τοῦ
805 772 873 799 Θεοῦ

78 818 284 854 φιλανθρωπίας
300 818 375 844 λύειν
402 818 450 844 καὶ
476 818 603 853 δεσμεῖν,
617 818 873 854 φιλανθρωπότερος

79 866 194 900 γένοιτο,
207 865 238 892 τὸ
253 864 423 900 ὑπερϐάλλον
436 864 486 900 τῆς
502 864 723 900 ὲξομολογήσεως
741 864 812 900 ὁρῶν
826 864 873 891 τοῦ

79 912 281 947 ἡμαρτηκότος,
297 912 338 943 είς
352 912 382 937 τὸ
395 910 548 937 ἐλαττῶσαι
563 911 610 937 τὸν
627 911 723 946 χρόνον
741 911 795 937 τῶν
811 911 872 937 ὲπι-

79 957 187 991 τιμίων,
202 957 252 983 οὐκ
276 957 352 983 ἔσται
378 956 576 990 καταγνώσεως
594 956 668 989 ἄξιος
680 963 687 970 ·
706 956 755 991 τῆς
769 957 798 982 ὲν
814 957 873 987 ταῖς
892 944 901 972 ί

80 1002 202 1037 Γραφαίς
218 1001 337 1036 ἱστορίας
352 1000 538 1036 γνωριζούσης
554 1001 637 1035 ἡμῖν,Δ
647 1001 710 1032 τοὺς
726 1000 795 1036 μετὰ
810 1000 875 1035 μεί-

81 1049 156 1081 ζονος
177 1049 257 1074 πόνου
273 1048 547 1082 ἐξομολογουμένους,
565 1047 670 1082 ταχέως
680 1047 729 1082 τὴν
746 1046 793 1073 τοῦ
808 1047 876 1073 Θεοῦ

81 1093 285 1128 φιλανθρωπίαν
300 1093 529 1128 καταλαμϐάνειν.

114 1184 162 1208 os’.
186 1181 213 1208 '0
234 1181 335 1217 ἀδελφῇ
354 1181 407 1217 ἰδίᾳ
435 1182 468 1208 ὲκ
499 1181 623 1217 πατρδςῆ
637 1182 668 1208 ὲκ
698 1181 799 1217 μητρὸς
811 1189 879 1215 συμ-

83 1228 217 1262 μιανθεὶς,
227 1229 266 1259 εἰς
275 1225 348 1254 οἷκον
363 1227 517 1262 προσευχῆς
533 1228 570 1262 μὴ
585 1228 775 1262 ὲπιτρεπέσθω
783 1229 879 1262 παρεῖ-

82 1283 138 1305 ναι,
150 1274 202 1305 ἓως
214 1274 246 1300 ἂν
259 1274 364 1309 ἀποστῇ
375 1274 424 1308 τῆς
437 1274 595 1309 παρανόμου
607 1273 654 1300 καὶ
667 1273 796 1307 ἀθεμίτου
808 1273 879 1308 πρά-

83 1320 152 1352 ξεως
161 1327 168 1334 ”
183 1320 251 1354 μετὰ
267 1319 295 1346 δὲ
308 1319 338 1346 τὸ
349 1319 436 1346 ἐλθεῖν
448 1321 488 1350 εἰς
503 1318 678 1354 συναίσθησιν
691 1320 739 1354 τῆς
761 1319 879 1354 φοϐερᾶς

82 1365 231 1400 ἁμαρτίας,
248 1364 368 1399 τριετίαν
382 1364 581 1400 προσκλαιέτω,
591 1365 625 1399 τῇ
638 1363 708 1400 θύρᾳ
717 1364 771 1390 τῶν
783 1365 878 1399 εὐκτη-

84 1412 151 1447 ρίων
166 1412 248 1438 οἴκων
265 1410 460 1446 παρεστηκὼς,
485 1412 532 1438 καὶ
543 1411 670 1443 δεόμενος
683 1411 730 1437 τοῦ
743 1410 809 1437 λαοῦ
828 1411 881 1437 εἰσ-

85 1457 170 1488 ιὸντος
190 1457 237 1482 ἐπὶ
255 1457 304 1491 τὴν
326 1457 479 1492 προσευχήν
493 1465 499 1471 ·
512 1456 582 1482 ὥστε
597 1455 711 1482 ἕκαστον
729 1455 796 1490 μετὰ
813 1464 881 1490 συμ-

85 1503 202 1534 παθείας
219 1503 288 1538 ὑπὲρ
305 1502 388 1530 αὑτοῦ
403 1503 523 1534 ἐκτενεῖς
543 1501 681 1528 ποιεῖσθαι
695 1502 764 1536 πρὸς
779 1501 881 1537 Κύριον

85 1551 241 1587 προσευχάς
250 1558 256 1566 ⁸
268 1549 344 1585 παρὰ
358 1549 386 1576 δὲ
403 1550 489 1581 τοῦτο,
505 1549 588 1583 ἄλλην
598 1548 717 1584 τριετίαν
728 1549 768 1580 είς
780 1548 882 1583 ἀκρόα-

87 1605 130 1623 σιν
152 1596 236 1632 μόνην
263 1595 475 1631 παραδεχθήτω,
497 1597 544 1622 καὶ
567 1595 674 1621 ἀκούων
698 1594 751 1621 τῶν
766 1594 882 1629 Γραφῶν

87 1643 135 1669 καὶ
153 1642 202 1676 τῆς
225 1641 410 1673 διδασκαλίας,
428 1641 602 1667 ἐκϐαλλέσθω
621 1641 668 1666 καὶ
686 1640 722 1675 μὴ
739 1638 882 1671 καταξιού-

89 1687 149 1714 σθω
174 1687 329 1722 προσευχῆς
341 1695 347 1702 ·
363 1686 458 1713 ἔπειτα
474 1688 551 1722 εἴπερ
567 1687 636 1721 μετὰ
649 1685 774 1720 δακρύων
787 1685 881 1720 ἐξεζή-

88 1742 172 1769 τησεν
187 1733 266 1759 αὐτὸν
279 1733 326 1759 καὶ
341 1732 494 1768 προσέπεσε
507 1732 545 1767 τῷ
559 1732 655 1767 Κυρίῳ
672 1732 741 1768 μετὰ
754 1740 883 1767 συντριμ-

91 1778 145 1814 μοῦ
172 1778 284 1813 καρδίας
313 1778 361 1805 καὶ
389 1777 580 1809 ταπεινώσεως
618 1778 742 1813 ἰσχυρᾶς,
771 1777 883 1804 διδόσθω

91 1824 167 1858 αὐτῷ
181 1825 197 1859 ὴ
212 1824 368 1854 omnem;
381 1824 409 1849 ἐν
425 1823 513 1854 ἄλλοις
526 1823 615 1858 τρισὶν
635 1823 724 1854 ἕτεσιλ·
740 1822 786 1849 και¹
797 1822 884 1854 οὓτως

91 1868 204 1895 ἐπειδὰν
226 1869 288 1899 τοὺς
307 1868 430 1903 καρποὺς
451 1868 505 1901 τῆς
518 1868 660 1902 μετανοίας
674 1866 765 1899 ἀξίους
782 1866 881 1893 ἐπιδεί-

93 1915 185 1950 ξηται,
204 1914 243 1949 τῷ
256 1914 362 1949 δεκάτῳ
381 1914 437 1940 ἔτει
460 1914 500 1945 είς
527 1914 577 1947 τὴν
600 1913 654 1940 τῶν
677 1913 779 1939 πιστῶν
803 1913 884 1948 εὐχὴν

92 1960 217 1995 δεχθήτω
232 1960 316 1996 χωρὶς
334 1960 508 1995 προσφορᾶς’
524 1959 572 1985 καὶ
595 1958 643 1986 δύο
661 1959 707 1993 ἔτη
731 1958 831 1989 συστὰς
845 1960 885 1991 εἰς

92 2007 144 2042 τὴν
168 2006 248 2041 εὐχὴν
274 2007 330 2038 τοῖς
356 2007 471 2037 πιστοῖς,
487 2004 572 2037 οὕτως
593 2005 685 2031 λοιπὸν
700 2004 886 2038 καταξιούσθω

93 2052 146 2086 τῆς
164 2051 211 2077 τοῦ
228 2051 331 2085 ἀγαθοῦ
346 2050 500 2082 κοινωνίας.

130 2100 184 2129 οςδ.
201 2096 231 2123 Ὀ
246 2097 325 2128 αὐτὸς
335 2098 418 2130 τύπος
432 2099 478 2124 καὶ
495 2099 558 2134 περὶ
571 2099 625 2125 τῶν
637 2107 686 2130 τας
701 2098 807 2134 νύμφας
825 2099 887 2126 ἐαυ-

93 2144 150 2170 τῶν
161 2143 363 2178 λαμϐανόντων.

132 2190 188 2224 πβν.
206 2190 260 2216 Καὶ
277 2191 340 2226 περὶ
352 2190 405 2217 τῶν
423 2190 658 2226 ὲπιορκησάντων,
671 2193 696 2218 εἰ
714 2192 763 2226 μὲν
779 2192 811 2218 ὲκ
826 2191 887 2227 βίας

94 2236 143 2262 καὶ
166 2236 289 2271 ἀνάγκης
307 2236 468 2272 παρέϐησαν
499 2238 563 2269 τοὺς
588 2238 695 2273 ὅρκους,
713 2239 887 2274 κουφοτέροις

95 2283 254 2311 ὑπόκεινται
273 2285 329 2315 τοῖς
352 2284 512 2319 ἐπιτιμίοις,
531 2284 602 2312 ὥστε
617 2286 686 2320 μετὰ
705 2285 734 2318 ἒξ
749 2285 796 2320 ἔτη
815 2284 885 2312 εἶναι

93 2327 196 2358 αὐτοὺς
225 2327 350 2359 δεκτούς·
368 2329 392 2354 εί
409 2328 438 2354 δὲ
461 2328 526 2355 ἄνευ
541 2330 664 2364 ἁναγκης
681 2331 824 2365 προδόντες
837 2331 886 2366 τὴν

94 2375 202 2402 ἑαυτῶν
228 2376 329 2408 πίστιν,
350 2377 379 2402 ὲν
396 2375 472 2402 δυσὶν
485 2375 558 2403 ἔτεσι
575 2376 824 2412 προσκλαύσαντες,
839 2378 887 2404 καὶ

94 2422 125 2448 ἐν
144 2421 219 2447 δυσίν
235 2421 446 2456 ἀκροασάμενοι,
463 2422 509 2448 καὶ
527 2423 555 2449 ὲν
579 2423 660 2449 πέντε
682 2423 710 2449 ὲν
731 2422 887 2450 ὐποπτώσει

94 2467 255 2501 εὐξάμενοι,
273 2468 321 2493 καὶ
341 2469 369 2494 ἐν
392 2467 468 2494 δυσὶν
481 2468 570 2500 ἄλλοι,
592 2468 655 2494 ἄνευ
674 2470 832 2504 προσφορᾶς
848 2470 888 2501 εἰς

92 2513 145 2547 τὴν
165 2513 308 2539 κοινωνίαν
323 2513 372 2548 τῆς
399 2514 551 2548 προσευχῆς
566 2514 781 2549 παραδεχθέντες
792 2535 799 2547 ,
816 2514 888 2541 οὕτω

94 2559 254 2586 τελευταῖον
273 2560 413 2594 ἀξιόλογον
431 2560 531 2596 δηλαδὴ
553 2560 601 2595 τὴν
624 2562 767 2594 μετάνοιαν
788 2561 888 2588 ἐπιδει-

96 2606 222 2641 ξάμενοι,
240 2605 548 2641 ἀποκατασταθήσονται
563 2606 604 2637 είς
617 2606 666 2639 τὴν
685 2606 825 2633 κοινωνίαν
840 2605 887 2632 τοῦ

95 2651 224 2686 σώματος
237 2650 284 2677 τοῦ
299 2650 429 2686 Χριστοῦ.

132 2695 184 2724 πδ’.
199 2697 292 2723 Πάντα
306 2697 334 2723 δὲ
348 2696 434 2723 ταῦτα
443 2699 594 2732 γράςομεν,
603 2696 674 2723 ὣστε
687 2697 750 2727 τοὺς
764 2697 888 2732 καρποὺς

94 2742 294 2779 δοκιμάζεσθαι
320 2742 368 2777 τῆς
387 2742 546 2776 μετανοίας·
571 2742 601 2768 οὺ
630 2742 683 2777 γὰρ
707 2742 818 2774 πάντως
849 2742 888 2778 τῷ

95 2790 188 2826 χρόνῳ
219 2790 348 2824 κρίνομεν
376 2788 409 2814 τὰ
425 2788 549 2819 τοιαῦτα,
573 2787 642 2814 ἀλλὰ
671 2788 710 2822 ’ιῴ
732 2788 826 2822 τρόπῳ
840 2788 889 2822 τῆς

97 2836 244 2871 μετανοίας
253 2835 422 2870 προσέχομεν
432 2843 439 2849 ·
453 2835 500 2861 ἐαν
520 2835 548 2860 δὲ
560 2834 792 2866 δυσαποσπάστως
805 2834 887 2869 ἔχωσι

94 2882 152 2908 ’τῶν
180 2881 252 2908 ἰδίων
277 2881 356 2912 ἐθῶν,
371 2881 417 2907 καὶ
432 2882 491 2912 ταῖς
506 2880 615 2915 ἡδοναῖς
631 2880 681 2914 τῆς
697 2879 798 2915 σαρκὸς
817 2881 886 2915 μᾶλ-

95 2928 143 2955 λον
155 2927 290 2955 δουλεύειν
307 2927 433 2954 ἐθέλωσιν
448 2927 463 2964 ἦ
477 2927 516 2962 τῷ
531 2926 635 2962 Κυρίῳ,
648 2926 695 2954 καὶ
708 2926 757 2962 τὴν
774 2926 843 2954 κατὰ
858 2927 888 2954 τὸ

923 319 1083 354 fructusque
1113 320 1242 354 habeam,
1269 320 1316 355 qui
1338 320 1435 348 salutis
1459 320 1580 348 studium
1615 320 1711 348 testili-

922 367 1028 390 centur.

957 410 1002 438 34.
1023 410 1151 438 Mulieres
1179 411 1316 439 adulterio
1349 411 1479 445 pollutas,
1506 416 1534 440 et
1562 412 1598 439 ob
1627 412 1711 447 pieta-

922 460 977 482 tem
1002 456 1173 489 conﬁtentes,
1204 462 1251 483 aut
1274 457 1469 491 quoquomodo
1500 458 1639 484 convictas
1662 465 1712 491 pn-

922 502 1017 529 blicari
1040 502 1136 530 Patres
1152 503 1239 529 nostri
1263 503 1420 534 noluerunt,
1436 511 1471 530 ne
1482 511 1593 530 causam
1615 503 1711 531 mortis

923 549 1093 583 praebeamus
1116 550 1264 582 convictis;
1286 550 1438 577 consistere
1456 555 1546 577 autem
1572 551 1632 578 illas
1649 551 1710 578 sine

924 595 1118 622 communione
1134 595 1290 629 jusserunt,
1313 595 1402 623 donec
1426 597 1572 631 impleatur
1602 601 1710 632 tempus

923 641 1099 676 pwnitentiaa.

959 687 1003 714 74.
1024 687 1102 720 Quod
1132 687 1155 715 si
1180 688 1373 723 unusquisque
1403 697 1499 716 eorum
1522 691 1569 725 qui
1590 689 1617 717 in
1643 697 1713 724 prae-

925 732 1006 760 dictis
1028 733 1150 767 peccatis
1174 732 1261 766 fuere,
1290 734 1480 768 paenitentiam
1503 743 1598 769 agens.
1624 735 1713 763 bonus

924 779 1053 811 evaserit,
1071 779 1094 806 is
1106 779 1150 805 cui
1167 787 1182 805 a
1201 779 1248 806 Dei
1265 779 1431 814 benignitate
1450 780 1550 813 ligandi
1565 785 1646 816 atque
1658 782 1712 808 sol-

924 824 1005 852 vendi
1020 825 1121 852 credita
1133 830 1265 860 potestas,
1283 826 1305 853 si
1323 826 1485 853 clementior
1499 826 1556 859 tiat,
1571 832 1713 861 perspecta

926 872 999 899 illius
1021 872 1067 906 qui
1106 872 1228 906 peccavit
1268 872 1434 906 paenitentiae
1458 872 1655 907 magnitudine,
1681 872 1714 898 ad

926 917 1133 945 diminuendum
1158 925 1301 952 pmnarum
1323 923 1442 953 tempus,
1466 926 1519 945 non
1542 919 1594 945 erit
1616 918 1715 953 dignus

927 963 1167 994 condemnatione,
1185 971 1247 990 cum
1261 971 1291 990 ea
1307 971 1367 998 qua:
1380 969 1422 991 est
1448 964 1475 990 in
1495 963 1643 998 Scripturis
1658 964 1714 990 his-

929 1009 996 1037 toria
1013 1016 1064 1036 nos
1077 1009 1183 1040 doceat,
1202 1016 1250 1036 eos
1266 1009 1313 1043 qui
1338 1016 1399 1035 cum
1417 1010 1519 1042 majore
1542 1009 1635 1035 labore
1655 1015 1715 1042 pa:-

928 1055 1072 1083 nitentiam
1097 1059 1191 1090 agunt,
1215 1055 1271 1082 cito
1294 1054 1339 1081 Dei
1364 1055 1584 1083 misericordiam
1616 1061 1714 1082 conse-

928 1103 986 1137 qui.

964 1191 1007 1218 75.
1027 1191 1079 1224 Qui
1101 1199 1163 1218 cum
1183 1199 1231 1218 sua
1256 1198 1289 1218 ex
1310 1195 1387 1225 patre
1408 1190 1450 1217 vel
1468 1198 1500 1217 ex
1516 1194 1604 1217 matre
1623 1197 1718 1218 sorore

929 1237 1050 1272 pollutus
1072 1242 1124 1268 est,
1145 1237 1171 1263 in
1200 1237 1311 1264 domum
1333 1237 1467 1263 orationis
1493 1244 1528 1263 ne
1547 1236 1720 1270 permittatur

930 1283 1070 1315 accedere,
1092 1283 1178 1310 donec
1189 1283 1270 1318 326
1285 1283 1320 1310 ab
1336 1283 1430 1317 iniqua
1448 1287 1476 1309 et
1491 1283 1595 1310 nefaria
1611 1284 1720 1310 actione

930 1328 1055 1356 desistat.
1070 1328 1218 1364 Postquam
1235 1333 1326 1355 autem
1344 1329 1370 1354 in
1389 1329 1518 1355 horrendi
1538 1329 1641 1363 peccati
1656 1336 1720 1356 sen-

930 1382 990 1401 sum
1018 1380 1046 1402 et
1073 1374 1336 1401 animadversionem
1369 1374 1484 1405 venerit,
1501 1374 1617 1401 triennio
1646 1374 1718 1406 ﬂeat,

931 1425 1007 1447 stans
1026 1424 1136 1454 propter
1151 1420 1222 1446 fores
1239 1419 1338 1446 domus
1351 1419 1497 1450 orationis,
1513 1423 1541 1445 et
1558 1427 1656 1453 rogans
1671 1427 1719 1453 po-

932 1467 1026 1502 pulum
1042 1467 1238 1501 ingredientem
1255 1467 1288 1493 ad
1302 1467 1465 1497 orationem.
1482 1470 1512 1493 ut
1532 1466 1720 1500 unusquisque

932 1511 1145 1538 misericorditer
1172 1518 1222 1545 pro
1255 1510 1315 1544 ipso
1347 1510 1469 1536 intonsas
1508 1509 1542 1536 ad
1575 1509 1719 1536 hominum

933 1565 1026 1592 preces
1042 1556 1148 1583 fundat.
1160 1555 1259 1583 Postea
1281 1560 1370 1583 autem
1387 1555 1441 1582 alio
1455 1555 1571 1582 triennio
1584 1555 1617 1582 ad
1634 1555 1720 1582 solam

932 1602 1100 1629 auditionem
1132 1601 1302 1634 admittatur,
1321 1605 1347 1628 et
1369 1600 1518 1634 Seripluris
1544 1600 1722 1635 doctrinaque

932 1647 1033 1675 auditis
1055 1647 1190 1681 ejiciatur,
1219 1654 1269 1673 nec,
1299 1646 1398 1681 dignus
1428 1646 1561 1672 habeatur
1585 1646 1720 1672 oratione.

934 1693 1045 1725 Deinde,
1062 1694 1084 1720 si
1104 1693 1187 1719 modo
1199 1693 1272 1719 illam
1289 1700 1352 1720 cum
1369 1693 1498 1727 lacrymis
1512 1692 1682 1727 exquisierit,
1695 1697 1721 1718 et.

933 1739 1048 1766 Domino
1065 1746 1128 1765 cum
1155 1738 1245 1765 cordis
1261 1738 1424 1765 contritione
1438 1742 1465 1764 et
1481 1738 1569 1765 valida
1593 1738 1721 1764 humilia-

935 1785 1008 1812 tione
1037 1783 1149 1818 supplex
1176 1783 1334 1818 prociderit,
1357 1784 1439 1810 detur
1463 1785 1486 1810 ei
1509 1783 1658 1810 substratio
1675 1791 1723 1818 per

935 1831 1003 1857 alios
1020 1834 1074 1857 tres
1084 1837 1183 1857 annos.
1203 1829 1234 1856 Et
1262 1834 1405 1864 postquam
1427 1830 1596 1864 poenitentiae
1613 1829 1721 1857 fruntus

935 1875 1033 1909 digitos
1046 1875 1207 1906 ostenderit,
1225 1881 1298 1901 anno
1316 1875 1423 1900 decimo
1441 1875 1467 1900 in
1484 1874 1602 1901 lidelium
1623 1875 1724 1901 oratio-

936 1929 983 1947 nes
998 1920 1163 1955 suscipiatur
1175 1920 1234 1946 sine
1245 1919 1384 1947 oblatione
1398 1929 1404 1946 :
1419 1924 1447 1947 et
1465 1920 1512 1946 ubi
1528 1919 1607 1946 annis
1618 1919 1725 1947 duobus

937 1975 990 1994 una
1015 1975 1078 1994 cum
1107 1966 1231 1993 lidelibus
1247 1967 1353 1993 steterit
1372 1966 1405 1993 ad
1432 1966 1596 1998 orationem,
1622 1966 1658 1993 ita
1679 1966 1726 1993 de-

936 2019 1012 2038 mum
1026 2011 1124 2046 dignus
1140 2011 1272 2038 habeatur
1288 2011 1349 2038 boni
1362 2011 1562 2038 communione.

974 2100 1018 2128 76.
1039 2101 1139 2128 Eadem
1157 2105 1198 2128 est
1211 2100 1280 2127 ratio
1291 2099 1324 2127 de
1338 2099 1370 2126 iis
1384 2107 1493 2135 quoque
1505 2108 1550 2135 qm
1565 2108 1629 2127 suas
1640 2108 1727 2128 nurus

938 2148 1088 2182 accipiunt.

973 2195 1018 2221 82.
1039 2193 1077 2221 De
1101 2193 1134 2220 iis
1155 2193 1237 2220 etiam
1253 2193 1298 2228 qui
1319 2192 1489 2228 pejerarunt,
1512 2193 1535 2219 si
1563 2191 1588 2219 vi
1610 2192 1722 2226 quidem

939 2245 1020 2276 atque
1034 2239 1196 2267 necessitate
1207 2240 1362 2274 juramenta
1373 2239 1535 2273 transgressi
1550 2242 1623 2271 sunt,
1638 2238 1727 2272 poenis

899 2296 925 2327 ι)
940 2288 1087 2315 levioribus
1102 2283 1296 2321 subjiciuntur,
1311 2286 1351 2313 sic
1370 2290 1397 2312 ut
1419 2289 1481 2320 post
1494 2293 1542 2312 sex
1560 2292 1648 2311 annos
1665 2292 1728 2319 pos-

940 2335 995 2361 sint
1010 2334 1122 2368 suscipi.
1142 2332 1190 2359 Sin
1207 2337 1309 2364 autem,
1325 2331 1350 2358 vi
1366 2340 1418 2358 non
1438 2332 1524 2363 illata,
1544 2332 1623 2358 iidem
1649 2338 1727 2363 suam

940 2380 1130 2415 prodiderunt,
1149 2379 1194 2405 ubi
1212 2378 1320 2406 duobus
1348 2378 1426 2404 annis
1441 2377 1564 2404 ﬂeverint
1580 2382 1607 2404 et
1623 2377 1729 2405 duobus

939 2427 1019 2453 annis
1032 2426 1176 2457 audierint.
1200 2429 1227 2452 et
1249 2432 1294 2459 per
1317 2425 1439 2459 quinque
1460 2424 1599 2451 oraverint
1615 2424 1641 2451 iit
1663 2425 1728 2452 sub-

939 2471 1082 2503 stratione,
1099 2475 1124 2498 et
1142 2478 1190 2505 per
1210 2470 1277 2497 alios
1291 2470 1360 2497 duos
1383 2470 1443 2497 sine
1465 2470 1603 2497 oblatione
1617 2470 1650 2497 ad
1666 2478 1729 2505 pre-

939 2516 1055 2543 cationis
1081 2515 1302 2542 communionem
1333 2515 1435 2542 fuerint
1466 2515 1590 2547 admissi,
1618 2516 1655 2542 ita
1681 2515 1729 2542 de-

939 2569 1025 2594 mum,
1048 2562 1127 2596 digna
1145 2561 1270 2588 videlicot
1293 2561 1455 2596 poenitentia
1478 2567 1600 2595 ostensa,
1623 2562 1650 2589 in
1667 2569 1729 2589 cor-

938 2609 1012 2644 poris
1023 2607 1125 2635 Christi
1137 2607 1360 2635 communionem
1378 2608 1568 2635 restituentur.

975 2697 1020 2724 84.
1040 2696 1102 2725 Haec
1115 2703 1205 2725 autem
1219 2697 1311 2725 omnia
1328 2697 1485 2731 scribimus,
1503 2702 1532 2725 ut
1546 2698 1650 2725 l'ruetus
1665 2705 1728 2732 pro-

939 2743 1039 2770 bentur
1071 2744 1246 2778 pmnitenlitn.
1279 2743 1339 2770 Non
1365 2744 1438 2771 enim
1466 2744 1579 2770 omnino
1607 2748 1728 2778 tempore

939 2789 1021 2824 327
1045 2789 1231 2824 dijudicamus
1250 2798 1294 2817 res
1318 2790 1466 2824 ejusmodi,
1485 2790 1531 2816 sed
1556 2789 1588 2815 ad
1614 2789 1726 2816 modum

940 2836 1108 2870 paenitentiae
1133 2837 1310 2863 attendimus.
1331 2836 1408 2868 Quod
1424 2835 1446 2862 si
1462 2835 1508 2869 qui
1536 2834 1643 2861 diﬂicile
1655 2834 1728 2861 avel-

939 2882 1030 2909 lantur
1045 2890 1060 2908 a
1078 2882 1199 2916 propriis
1223 2882 1356 2912 muribus,
1377 2880 1522 2915 carnisque
1545 2880 1729 2915 voluptatibus

941 2928 1044 2956 servire
1069 2928 1164 2955 malint
1183 2935 1265 2963 quant
1293 2927 1418 2959 Domino,
1435 2930 1462 2954 et
1479 2926 1560 2953 vitam
1579 2925 1728 2955 secundum
