1951 3071
229 211 280 244 807

813 210 944 241 PHOTIl
964 211 1215 241 PATRIARCH/E
1233 211 1288 243 ΕΡ.

1817 214 1872 246 803

231 268 408 303 Evangelium
437 268 583 296 instituere
598 267 697 301 nolint,
714 267 787 294 nulla
804 273 846 295 est
859 268 939 296 nobis
961 275 1020 295 cum

1077 267 1243 302 Εὑαγγέλιον
1275 267 1348 304 ζωὴν
1377 268 1414 303 μὴ
1443 268 1660 304 καταδέχωνται,
1685 269 1773 302 οὐδεὶς
1802 272 1873 306 ἡμῖν

230 315 285 342 illis
296 314 451 343 communis
479 315 560 342 ratio.
574 314 630 342 Nos
652 314 726 342 enim
750 314 776 341 in
798 314 898 350 populo
913 314 1022 341 inobse-

231 361 324 395 quenti
349 365 376 387 et
393 360 592 388 contradicenti
612 360 701 387 edocti
717 368 814 387 sumus
830 360 946 387 audire:
960 359 1023 387 Ser-

230 415 293 434 vans
303 415 378 438 serua
391 407 510 433 animum
525 411 598 433 tuam
615 406 651 432 ⁵⁸.
663 404 702 433 Ne
717 406 799 441 igitur
808 405 1021 436 committamus,

233 458 262 479 ut
280 459 342 478 cttm
361 451 462 479 talibus
478 459 642 486 pereamus:
659 451 705 478 sed
721 458 804 485 grave
819 450 954 484 judicium
969 449 1023 476 for-

232 497 377 528 midantcs,
392 502 420 525 et
443 497 591 524 terribilem
614 497 802 524 retributionis
822 495 929 522 Domini
951 495 1021 522 diem

230 543 265 570 ob
291 543 386 570 oculos
410 543 556 576 habentes,
583 551 616 569 ne
639 543 758 570 velimus
777 549 830 568 una
847 549 910 568 cum
927 540 1024 568 alienis

232 589 351 624 peccatis
377 589 479 623 perire.
502 587 530 615 Si
548 589 620 615 cuitu
637 596 687 615 nos
702 596 755 615 non
769 587 929 614 erudierunt
943 586 1024 612 terri-

233 635 295 662 bilia
311 635 430 665 Domini,
449 642 500 662 nec
513 635 581 661 tales
595 635 681 669 plagzc
700 634 885 664 adduxerunt,
903 637 934 660 ut
947 639 996 659 nos
1009 639 1023 658 a

231 679 347 706 Domino
370 685 482 714 propter
516 684 638 707 nostram
671 679 842 713 iniquitatem
869 677 1023 707 derelictos.

231 724 468 760 Barbarorumque
485 726 512 751 in
533 732 631 751 manus
655 725 770 752 traditos
790 724 966 754 sentiremus,
998 728 1026 750 et

231 770 359 803 populum
380 770 451 803 apud
472 770 566 797 hestes
582 770 721 804 captivum
737 769 884 797 abductum
902 775 973 800 esse,
992 774 1025 794 ac

229 815 392 849 dispersioni
408 815 546 846 traditum.
561 815 625 850 quia
640 816 697 842 haec
706 815 844 842 audebant
858 816 905 849 qui
919 812 1025 840 Christi

231 867 329 887 nomen
344 861 564 895 circumierunt:
592 861 615 888 si
637 869 691 888 non
708 865 854 892 noverunt,
873 867 958 894 neque
982 859 1025 886 in-

231 906 402 938 tellexerunt.
427 911 569 941 propterea
593 907 702 934 venisse
726 907 753 933 in
781 914 832 933 nos
859 907 927 932 iram
954 904 1023 933 Dei:

230 960 291 987 quae
304 960 348 979 res
362 953 441 980 nobis
459 960 521 980 cum
548 953 590 980 his
606 953 761 980 communis
785 952 845 980 est?
862 951 914 979 Sed
923 956 1016 978 tamen

229 997 361 1024 obtestari
383 1005 431 1025 eos
451 1003 479 1025 et
496 1002 577 1025 noctu
604 1003 631 1025 et
656 999 786 1030 interdiu,
812 1003 838 1025 et
862 998 970 1033 publice
990 1002 1018 1024 et

229 1042 355 1077 privatim
371 1042 502 1071 debemus
517 1052 525 1076 ;
544 1052 593 1071 nos
604 1048 695 1071 autem
712 1044 792 1071 simul
809 1044 896 1078 abripi
921 1050 1017 1070 eorum

230 1088 467 1123 improbitatibus,
507 1096 543 1116 ne
586 1089 718 1120 feramus,
754 1090 872 1116 maxime
907 1089 1017 1122 quidem

229 1139 355 1168 optantes
374 1141 422 1161 eos
445 1134 620 1168 lucrifacere,
639 1139 666 1161 et
685 1143 700 1162 ει
725 1135 837 1169 maligni
852 1135 949 1169 laqueo
965 1134 1018 1161 cri-

229 1187 310 1213 pere;
328 1179 375 1207 sed
402 1179 424 1206 si
450 1179 502 1207 hoc
522 1188 575 1207 non
599 1188 756 1214 possumus,
783 1180 942 1207 studeamus
965 1180 1019 1207 sal-

229 1231 282 1252 tem
296 1226 400 1252 animas
417 1230 525 1253 nostras
544 1226 577 1253 ab
594 1232 696 1253 aeterna
712 1226 940 1254 condemnatione
960 1233 1018 1253 ser-

232 1278 305 1298 νοω.

352 1361 470 1397 Gregorii
487 1361 602 1398 Nysseni
616 1369 728 1390 canones
744 1364 770 1394 5.
784 1363 811 1396 ι,
826 1363 854 1396 7,
866 1363 893 1390 R.

263 1405 280 1432 5
295 1405 346 1442 14].
363 1406 462 1434 Eorum
479 1412 570 1434 autem
585 1415 646 1441 qua:
662 1407 693 1434 ad
709 1408 886 1442 cupiditatem
900 1414 927 1436 et
941 1409 1020 1436 volu~

229 1455 328 1486 ptatem
343 1452 412 1479 fiunt
426 1458 611 1487 peccatorum,
626 1454 683 1481 hare
697 1459 738 1481 est
750 1454 848 1482 divisio
864 1464 870 1482 :
884 1455 936 1482 hoc
948 1455 1019 1482 enitn

229 1503 341 1525 vocatur
357 1499 538 1531 adulterium,
556 1500 621 1526 illttd
641 1507 704 1527 vero
722 1500 878 1528 fornicatio.
896 1501 935 1529 Ac
952 1509 1020 1528 tton-

230 1543 309 1570 nullis
327 1543 437 1578 quidem
461 1551 556 1571 eorum
576 1544 622 1578 qui
646 1549 711 1572 sunt
730 1546 896 1580 subtiliores,
921 1546 1022 1581 placuit

228 1589 310 1616 etiam
329 1588 520 1616 fornicationis
540 1594 684 1624 peccatum
701 1591 866 1618 adulterium
883 1599 944 1618 esse
961 1591 1021 1618 exi-

229 1635 351 1667 stitnare,
365 1634 449 1669 328
460 1636 591 1669 quoniam
610 1642 662 1661 una
676 1639 717 1662 est
731 1635 850 1670 legitima
865 1635 1022 1670 conjunctio

228 1685 255 1707 ct
267 1680 389 1707 mulieris
405 1688 466 1707 eum
485 1681 555 1713 viro,
567 1685 594 1707 et
606 1681 655 1707 viri
672 1688 733 1707 cum
751 1681 875 1708 n'mlicre.
887 1681 1024 1715 Quidquid

227 1733 293 1759 ergo
315 1733 369 1752 non
392 1731 434 1752 est
455 1720 622 1760 legitimum,
641 1729 683 1753 est
706 1726 820 1753 omnino
842 1726 974 1760 iniustum
999 1731 1026 1753 et

229 1771 279 1806 legi
294 1772 462 1798 contrarium
479 1780 485 1798 :
502 1775 529 1797 et
543 1771 593 1805 qui
612 1779 665 1798 non
682 1771 763 1799 habet
776 1772 928 1807 proprium,
944 1772 1025 1799 habet

229 1816 346 1842 omnino
363 1816 493 1843 alienum.
506 1816 616 1843 Homini
629 1817 701 1844 enim
718 1825 772 1844 una
789 1822 892 1844 tantum
907 1818 969 1845 data
982 1822 1024 1845 est

229 1861 382 1887 auxiliatrix
399 1869 414 1888 a
433 1861 501 1893 Deo.
518 1866 544 1889 ct
566 1863 675 1889 mulieri
699 1870 785 1890 unum
807 1864 961 1899 appositutn
983 1869 1024 1892 est

228 1910 319 1939 caput.
335 1905 405 1940 Ergo
421 1907 444 1933 si
461 1907 529 1941 quis,
545 1907 663 1942 quidem,
678 1909 815 1942 proprium
833 1917 878 1936 vas
893 1917 980 1941 suum,
993 1913 1024 1936 ut

229 1951 338 1978 divinus
353 1951 500 1986 Apostolus
516 1953 651 1986 nominat,
667 1955 809 1987 possederit
819 1954 854 1987 ⁸⁸,
869 1955 894 1983 ei
911 1955 953 1982 lex
971 1963 1022 1982 na-

229 2001 297 2024 tura:
316 1996 420 2031 justum
444 2005 523 2025 usum
547 2000 682 2026 concedit.
700 1999 728 2027 Si
748 2000 809 2035 quis
830 2005 920 2028 autem
945 2006 1021 2029 extra

227 2042 367 2076 proprium
384 2050 534 2071 conversus
551 2044 646 2078 fuerit,
661 2045 712 2072 erit
729 2047 843 2074 omnino
860 2047 887 2073 in
906 2047 995 2074 alieno
1012 2057 1019 2075 :

226 2093 270 2116 est
282 2093 375 2116 autem
390 2090 538 2124 unicuique
553 2091 672 2118 alienum
687 2092 818 2127 quidquid
833 2101 886 2120 non
903 2097 944 2121 est
958 2101 1021 2128 pro-

226 2137 331 2169 prium,
345 2135 449 2162 etiamsi
468 2135 495 2162 id
514 2143 567 2163 non
585 2137 747 2164 conliteatur
762 2138 808 2172 qui
825 2142 867 2165 est
881 2138 1018 2166 dominus.

225 2179 284 2207 Non
299 2181 378 2216 longe
390 2188 454 2216 ergo
467 2189 482 2208 a
496 2187 608 2217 peccato
625 2183 752 2210 adulterii
767 2184 922 2217 l'ornicatio,
936 2185 970 2211 ab
986 2185 1019 2212 iis

225 2228 272 2262 qui
287 2236 343 2255 rem
359 2229 438 2263 paulo
453 2230 608 2257 accuratius
623 2231 797 2262 examinant,
818 2236 944 2266 suscepta
959 2235 1016 2260 est.

225 2282 287 2301 cum
313 2275 349 2301 dit
359 2279 386 2302 at
407 2275 488 2303 etiam
511 2275 653 2310 Scriptura
680 2285 686 2303 :

225 2319 361 2353 aliena";
378 2321 424 2347 sed
442 2326 508 2347 cum
520 2321 742 2349 imbecillioribus
755 2322 923 2358 indulgenter
935 2331 1015 2359 agen-

226 2364 290 2392 dum
313 2370 480 2393 censuerunt
500 2366 610 2399 Patres,
627 2367 786 2395 distinctum
810 2373 852 2396 est
874 2375 1013 2404 peCcatum

227 2411 278 2438 hac
295 2411 413 2445 generali
432 2411 582 2445 divisione,
597 2414 670 2448 quod
688 2414 830 2442 fornicatio
845 2416 953 2450 quidem
972 2417 1015 2443 di-

226 2462 303 2484 catur
317 2457 473 2492 cupiditatis
491 2466 537 2485 seu
556 2458 677 2487 libidinis
694 2461 825 2496 expletio,
839 2470 900 2496 qua:
916 2463 945 2490 lit
957 2464 1015 2490 sine

226 2502 279 2530 alia
303 2502 419 2537 alicujus
440 2503 556 2538 injuria;
581 2505 745 2533 adulterium
768 2514 846 2540 vero,
861 2508 966 2536 insidiae
989 2515 1017 2537 et

226 2547 326 2583 injuria
339 2556 400 2583 quae
416 2549 493 2576 alteri
508 2550 629 2577 all‘ertur.
642 2551 670 2578 ln
686 2560 719 2579 eo
735 2558 826 2580 autem
842 2559 868 2581 et
882 2562 944 2581 cum
960 2556 1017 2582 ani-

227 2593 344 2621 malibus
356 2594 459 2622 coitum
474 2600 501 2622 et
516 2596 676 2630 pardicalutn
690 2605 752 2626 esse
763 2599 936 2633 existimant;
950 2609 1018 2636 quo-

226 2641 299 2667 niam
316 2641 372 2667 haec
387 2645 451 2668 sunt
465 2646 569 2669 natura:
583 2643 758 2674 adulterium.
772 2645 801 2672 In
818 2646 844 2673 id
858 2647 929 2674 enitn
943 2649 1016 2683 quod

225 2691 268 2715 est
281 2687 411 2720 alienum,
423 2692 450 2715 et
463 2689 536 2723 quod
552 2693 595 2716 est
607 2695 704 2724 prarter
720 2696 857 2725 naturam,
870 2694 899 2721 ﬁt
913 2695 1018 2730 injusti-

226 2733 273 2760 tia.
287 2732 355 2759 Cum
369 2733 427 2761 haec
440 2741 505 2769 ergo
520 2735 617 2762 divisio
631 2735 658 2762 in
675 2736 725 2764 hac
739 2738 821 2764 etiam
836 2740 938 2773 peccati
958 2749 1018 2775 spe-

227 2779 269 2805 cie
286 2779 342 2812 liat,
358 2780 511 2807 universale
527 2786 567 2808 est
582 2782 742 2811 remedium.
760 2787 789 2810 ut
804 2791 819 2811 a
837 2786 970 2813 concitata
989 2787 1015 2813 in

230 2824 386 2858 huiusmodi
404 2827 549 2861 voluptatis
564 2827 647 2859 rabie,
664 2836 711 2863 per
725 2830 911 2864 pontitentiam
935 2833 1015 2859 homo

1074 315 1165 346 κοινὸς
1182 315 1251 350 πρὸς
1265 315 1364 346 αὐτοὺς
1379 315 1458 349 λόγος
1469 322 1476 328 ·
1493 316 1574 350 ἡμεῖς
1586 316 1640 351 γὰρ
1652 317 1681 342 ἐν
1693 316 1750 351 λαῷ
1763 318 1875 344 ἀπειθεῖ

1073 360 1120 386 καὶ
1131 360 1299 394 ἁντιλέγοντι
1308 360 1488 395 δεδιδάγμεθα
1499 361 1620 393 ἀκούειν,
1629 361 1669 388 ὅτι
1684 361 1787 392 Σώζων
1796 362 1872 393 σῶζε

1073 405 1132 438 τὴν
1147 406 1283 433 σεαυτοῦ
1294 405 1410 440 ψυχήν·
1427 406 1464 442 μὴ
1479 407 1567 434 τοίνυν
1577 408 1789 443 καταδεξώμεθα
1805 418 1870 436 συν-

1073 451 1238 478 απόλλυσθαι
1252 453 1308 483 τοῖς
1319 451 1450 483 τοιούτοις
1460 461 1466 468 ·
1484 453 1552 480 ἀλλὰ
1571 453 1736 489 φοϐηθέντες
1755 454 1785 481 τὸ
1799 455 1871 490 βαρὺ

1074 497 1181 530 κρῖμα,
1198 496 1245 523 καὶ
1270 496 1319 532 τὴν
1344 497 1463 533 φοϐερὰν
1475 498 1583 534 ἡμέραν
1598 499 1648 534 τῆς
1663 500 1872 531 ἁνταποδόσεως

1073 542 1120 569 τοῦ
1144 543 1246 578 Κυρίου
1262 543 1315 578 πρὸ
1331 543 1480 579 ὀφθαλμῶν
1495 544 1634 576 λαῦόντες,
1653 545 1690 580 μὴ
1708 545 1871 582 θελήσωμεν

1074 589 1222 624 ἁμαρτίαις
1253 589 1409 626 ἀλλοτρίαις
1436 591 1673 619 συναπόλλυσθαι·
1699 593 1724 619 εί
1747 594 1801 628 γὰρ
1830 593 1870 628 μὴ

1075 635 1235 662 ἐπαίδευσεν
1252 637 1325 671 ἡμᾶς
1348 637 1382 664 τὰ
1408 638 1514 673 φοϐερὰ
1535 638 1583 665 τοῦ
1610 639 1725 672 Κυρίου,
1751 640 1818 675 μηδὲ
1839 641 1869 666 αἱ

1073 681 1235 715 τηλικαῦται
1255 682 1358 717 πληγαὶ
1387 684 1427 715 εἰς
1457 684 1584 720 αῐσθησιν
1601 686 1674 721 ἡμᾶς
1689 686 1804 721 ἤγαγον,
1825 687 1867 713 ὅτι

1075 728 1119 755 διὰ
1141 729 1190 764 τὴν
1209 729 1323 765 ἀνομίαν
1343 731 1422 766 ἡμῶν
1434 732 1613 766 ἐγκατέλιπεν
1629 733 1702 767 ἡμας
1723 734 1737 760 ὁ
1753 734 1867 770 Κύριος.

1075 775 1122 800 καὶ¹
1148 774 1307 810 παρέδωκεν
1332 777 1372 807 είς
1392 778 1485 812 χεῖρας
1503 778 1664 813 Βαρῆάρων,
1680 780 1728 806 καὶ
1755 781 1868 815 ἀπήχθη

1076 820 1248 855 αἰχμάλωτος
1262 822 1302 852 είς
1316 823 1380 854 τοὺς
1396 824 1541 858 πολεμίους
1553 825 1567 850 ὁ
1580 823 1653 858 λαὸς,
1666 825 1711 851 καὶ
1727 826 1866 862 παρεδόθη

1074 868 1108 900 τῇ
1124 867 1268 902 διασπορᾷ,
1284 867 1351 894 διότι
1378 868 1466 895 ταῦτα
1488 869 1609 904 ἐτόλμων
1625 870 1649 896 οἱ
1670 870 1699 895 τὸ
1715 870 1799 905 ὄνομα
1817 870 1868 896 τοῦ

1077 912 1195 947 Χριστοῦ
1222 913 1432 948 περιφέροντες
1450 915 1473 940 εὶ
1497 914 1534 950 μὴ
1557 914 1678 949 ἔγνωσαν
1712 916 1778 951 μηδὲ
1803 925 1870 942 συν-

1073 957 1155 992 ῆκαν,
1172 958 1211 984 ὅτι
1226 958 1271 985 διὰ
1287 959 1373 986 ταῦτα
1387 957 1469 994 ἦλθεν
1479 960 1520 994 ἐφ’
1531 961 1605 996 ἡμᾶς
1619 961 1711 997 ηόργὴ
1719 962 1764 988 rei
1778 962 1848 988 Θεοῦ
1859 982 1867 995 ,

1071 1002 1111 1034 τίς
1127 1003 1194 1037 ἡμῖν
1207 1004 1296 1036 κοινὸς
1309 1005 1378 1039 πρὸς
1393 1005 1504 1037 τούτους
1522 1006 1611 1039 λόγος,
1628 1007 1686 1033 ἀλλ’
1712 1007 1727 1041 ἧ
1749 1007 1869 1042 διαμαρ-

1070 1048 1204 1084 τύρασθαι
1221 1049 1312 1082 αὐτοῖς
1328 1051 1375 1077 καὶ
1389 1051 1485 1083 νυκτὸς
1500 1052 1545 1077 καὶ
1562 1052 1668 1087 ἡμέρας
1687 1053 1733 1079 καὶ
1748 1053 1868 1089 δημοσίᾳ

1071 1093 1119 1120 καὶ
1147 1093 1200 1129 ίδίᾳ
1226 1094 1387 1129 ὸςρείλομεν;
1408 1097 1618 1130 συναπάγεσθαι
1640 1098 1668 1123 δὲ
1695 1098 1786 1124 αὐτῶν
1804 1100 1868 1129 ταῖς

1073 1139 1216 1174 πονηρίαις
1230 1140 1267 1175 μὴ
1280 1141 1503 1176 καταδεχώμεθα,
1520 1143 1734 1178 προσευχόμενοι
1747 1145 1867 1179 μάλιστα

1074 1184 1123 1219 μὲν
1138 1185 1268 1220 κερδῆσαι
1286 1186 1384 1218 αὐτοὺς
1398 1188 1445 1214 καὶ
1459 1188 1599 1220 ἐξελέσθαι
1620 1190 1670 1224 τῆς
1689 1190 1804 1224 παγίδος
1816 1191 1866 1217 τοῦ

1073 1231 1207 1266 πονηροῦ·
1224 1230 1271 1258 ἐὰν
1288 1231 1316 1258 δὲ
1332 1233 1412 1259 τοῦτο
1431 1234 1468 1267 μὴ
1485 1234 1644 1269 δυνηθῶμεν
1669 1235 1866 1270 σπουδάσωμεν

1072 1274 1122 1306 τὰς
1143 1274 1208 1309 γοῦν
1235 1276 1342 1302 ἑαυτῶν
1364 1276 1454 1312 ψυχὰς
1476 1278 1526 1313 τῆς
1542 1279 1652 1305 αἰωνίου
1676 1281 1866 1316 κατακρίσεως

1073 1322 1290 1357 περισώσασοαι.

1161 1369 1327 1403 Γρηγορίου
1338 1370 1466 1403 Νύσσης
1480 1370 1581 1397 κανὼν
1597 1374 1632 1405 γ’,
1651 1371 1682 1403 δ’,
1699 1371 1731 1404 ζ’,
1747 1374 1782 1406 η’.

1109 1417 1144 1448 γ’.
1163 1415 1223 1440 Τῶν
1237 1415 1265 1441 δέ
1280 1415 1314 1442 δι’
1332 1415 1480 1451 ἐπιθυμίαν
1494 1426 1523 1443 τε
1543 1418 1588 1443 καὶ
1609 1418 1704 1453 ἡδονὴν
1716 1417 1868 1452 γινομένων

1074 1459 1291 1495 ἁμαρτημάτων,
1300 1461 1412 1496 τοιαύτη
1427 1462 1500 1488 ἐστὶν
1514 1463 1529 1497 ἠ
1540 1462 1672 1497 διαίρεσις
1683 1471 1689 1478 ·
1706 1464 1736 1490 τὸ
1750 1463 1800 1497 μὲν
1812 1463 1868 1498 γὰρ

1075 1506 1197 1532 καλεῖται
1216 1507 1333 1541 μοιχεία,
1345 1507 1376 1534 τὸ
1399 1507 1427 1534 δὲ
1457 1510 1586 1543 πορνεία·
1601 1509 1657 1534 τισὶ
1680 1509 1728 1542 μὲν
1750 1507 1797 1535 οὖν
1811 1509 1869 1535 τῶν

1075 1553 1278 1588 ἀκριϐεστέρων
1303 1554 1396 1590 ἤρεσε,
1413 1555 1460 1581 καὶ
1484 1555 1514 1581 τὸ
1536 1557 1606 1582 κατὰ
1630 1557 1758 1591 πορνείαν
1774 1556 1868 1592 πλημ-

1077 1598 1196 1634 μέλημα,
1216 1598 1340 1634 μόιχείαν
1356 1599 1426 1627 εἶναι
1447 1601 1578 1636 νομίζειν,
1596 1602 1664 1628 διότι
1683 1603 1732 1636 μία
1749 1603 1825 1629 ἐστὶν
1851 1604 1868 1637 ἡ

1075 1643 1190 1678 νόμιμος
1205 1644 1329 1678 συζυγία,
1347 1646 1392 1672 καὶ
1407 1646 1517 1679 γυναικὶ
1536 1646 1603 1682 πρὸς
1618 1647 1712 1682 ἄνδρα,
1730 1649 1776 1673 καὶ
1787 1648 1866 1683 ἀειδρῖ

1075 1689 1143 1723 πρὸς
1156 1691 1272 1723 γυναῖκα
1284 1699 1291 1705 ·
1309 1692 1363 1717 πᾶν
1383 1691 1429 1718 οὖν
1452 1692 1482 1718 τὸ
1512 1692 1549 1727 μὴ
1564 1692 1689 1727 νόμιμον,
1706 1694 1867 1728 παράνομον

1075 1735 1197 1767 πάντως·
1214 1736 1262 1762 καὶ
1275 1737 1289 1762 ό
1304 1736 1341 1772 μὴ
1355 1737 1385 1763 τὸ
1402 1737 1467 1765 ἴδιον
1482 1737 1562 1773 ἔχων,
1575 1738 1674 1774 δηλαδὴ
1685 1739 1714 1765 τὸ
1724 1739 1866 1775 ἀλλότριον

1074 1780 1147 1815 ἔχει·
1161 1781 1199 1816 τῷ
1222 1782 1275 1818 γὰρ
1289 1783 1425 1818 ἀνθρώπῳ
1441 1783 1489 1819 μία
1507 1783 1609 1810 δέδοται
1634 1785 1709 1820 παρὰ
1731 1786 1777 1812 τοῦ
1796 1786 1866 1813 Θεοῦ

1074 1826 1181 1862 βοηθὸς,
1200 1828 1248 1854 καὶ
1273 1830 1304 1864 τῇ
1329 1829 1440 1863 γυναικὶ
1469 1829 1518 1864 μία
1541 1830 1713 1865 ἐῳήρμοσται
1738 1831 1865 1867 κεφαλή·

1072 1872 1169 1899 οὐκοῦν
1177 1875 1202 1900 εὶ
1212 1873 1269 1907 μέν
1280 1875 1364 1907 τιςὶό
1376 1875 1454 1902 ιδιον
1460 1875 1569 1903 ἑαυτοῦ
1581 1876 1702 1909 ε-κεῦος,
1711 1877 1800 1909 καθὼς
1806 1878 1865 1904 ὄνοι

1077 1918 1157 1952 μάζει
1169 1919 1183 1945 ὁ
1197 1919 1266 1951 θεῖος
1275 1920 1444 1952 Ἀπόστολος,
1457 1921 1553 1953 ἑαυτῷ
1560 1921 1713 1955 κτήσαιτο,
1727 1925 1865 1958 συγχωρεῖ

1071 1963 1086 1989 ὁ
1110 1963 1191 1998 νόμος
1214 1964 1263 1998 τῆς
1291 1964 1399 1998 φύσεως
1420 1965 1468 2000 τὴν
1484 1965 1590 1992 δικαίαν
1606 1967 1705 2001 χρῆσιν
1717 1976 1723 1982 ·
1738 1968 1762 1994 εί
1777 1968 1806 1994 δέ
1821 1977 1864 2000 τις

1071 2008 1123 2041 ἐξω
1137 2008 1184 2035 τοῦ
1208 2009 1274 2036 ἰδίου
1297 2010 1425 2046 τραπείη,
1442 2011 1470 2037 ἐν
1493 2011 1626 2048 ἀλλοτρίῳ
1651 2013 1760 2044 πάντως
1778 2014 1864 2048 γενή-

1071 2063 1161 2080 σεται·
1178 2055 1316 2090 ἀλλότριον
1334 2056 1362 2082 δὲ
1377 2057 1484 2091 ἑκάστῳ
1500 2058 1553 2084 πᾶν
1566 2059 1596 2084 τὸ
1614 2059 1650 2093 μὴ
1664 2059 1738 2091 ἴδιον,
1751 2059 1802 2085 κᾶν
1825 2060 1864 2094 μὴ

1070 2100 1285 2136 ὁμολογούμενον
1298 2101 1347 2137 ἔχῃ
1360 2103 1405 2128 τὸν
1420 2103 1580 2138 κυριεύοντα
1589 2112 1595 2119 ·
1608 2104 1706 2131 οὐκοῦν
1722 2105 1752 2131 οὺ
1766 2105 1864 2141 ττὸρῤω

1069 2145 1116 2171 τοῦ
1139 2146 1208 2172 κατὰ
1231 2146 1280 2182 τὴν
1305 2148 1428 2182 μοιχείαν
1447 2149 1681 2186 πλημμελήματος
1698 2151 1775 2186 καὶὴ
1792 2160 1863 2187 πορ-

1069 2191 1144 2224 νεία,
1172 2194 1227 2225 τοῖς
1256 2194 1301 2220 τὸν
1332 2195 1527 2230 ἀκριϐέστερον
1552 2196 1708 2229 ἐξετάζουσι
1729 2197 1863 2233 λογισμὸν

1069 2237 1184 2272 ἐδείχθη.
1202 2238 1334 2273 λεγούσης
1362 2240 1472 2275 καὶτῆς
1497 2240 1572 2272 Θείας
1603 2241 1725 2277 Γραφῆς,
1750 2243 1792 2269 δτι
1809 2245 1861 2278 Μὴ

713 2276 753 2304 Ne
776 2278 874 2304 mullus
895 2279 932 2304 sis
957 2286 1015 2305 cum

1072 2283 1166 2316 πολὺς
1177 2284 1240 2310 ἴσθι
1251 2285 1506 2320 πριῗςὰλλοτρίαν·
1525 2286 1594 2322 πλὴν
1610 2287 1665 2313 ἀλλ’
1680 2276 1790 2314 ἐπειδὰν
1804 2276 1862 2322 τοῖς

1069 2328 1275 2364 ἀσθενεστέροις
1292 2330 1400 2364 ἐγένετό
1423 2339 1465 2362 τις
1486 2331 1561 2366 παρὰ
1576 2332 1630 2358 τῶν
1645 2332 1773 2367 Πατέρων
1788 2343 1861 2369 συμ-

1070 2376 1217 2412 περιφορὰ,
1239 2376 1360 2412 διεκρίθη
1381 2377 1411 2404 τὸ
1428 2378 1616 2414 πλημμέλημα
1633 2381 1664 2415 τῇ
1681 2382 1774 2416 γενικῇ
1790 2381 1862 2408 διαι-

1072 2422 1145 2457 ρέσει
1159 2422 1263 2458 ταύτῃ·
1279 2423 1317 2453 ὡς
1340 2423 1469 2458 πορνείαν
1482 2424 1532 2459 μὲν
1551 2424 1687 2459 λέγεσθαι,
1705 2425 1753 2461 τὴν
1773 2428 1862 2462 χωρὶς

1070 2466 1176 2498 ἀδικίας
1190 2468 1284 2502 ἐτέρου
1300 2468 1446 2504 γινομένην
1463 2470 1516 2496 τινὶ
1530 2470 1580 2505 τῆς
1593 2471 1740 2506 ἐπιθυμίας
1754 2473 1861 2509 ἐκπλή-

1072 2520 1168 2547 ρωσιν·
1196 2513 1318 2548 μοιχείαν
1334 2514 1381 2547 δὲ,
1402 2515 1450 2550 τὴν
1473 2516 1620 2552 ἐπιϐουλήν
1639 2525 1668 2543 τε
1688 2519 1734 2545 καὶ
1752 2518 1861 2546 ἀδικίαν

1066 2558 1111 2585 τοῦ
1126 2559 1269 2596 ἀλλοτρίου
1282 2567 1290 2576 ⁸
1305 2561 1333 2586 ὲν
1346 2561 1433 2597 ταύτῃ
1449 2562 1477 2588 δέ
1491 2562 1540 2598 τὴν
1561 2563 1730 2600 ζωοφθορίαν
1748 2566 1796 2592 καὶ
1810 2566 1861 2602 τὴν

1067 2604 1260 2639 παιδεραστίαν
1280 2603 1349 2632 εἶναι
1366 2606 1522 2641 λογίζονται
1535 2616 1542 2623 ·
1560 2608 1626 2635 διότι
1641 2610 1688 2636 καὶ
1707 2609 1794 2638 ταῦτα
1810 2613 1856 2646 ιρις.

1067 2649 1135 2681 σεώς
1151 2651 1210 2677 ἐστι
1223 2652 1331 2686 μοιχεία
1342 2661 1348 2667 ·
1363 2653 1403 2684 εἰς
1418 2654 1472 2689 γὰρ
1484 2655 1514 2680 τὸ
1525 2655 1664 2691 ἀλλότριόν
1679 2665 1708 2682 τε
1721 2657 1770 2683 καὶ
1785 2659 1861 2694 παρὰ

1067 2696 1147 2731 φύσιν
1156 2697 1260 2731 γίνεται
1271 2699 1287 2734 ὴ
1300 2699 1406 2726 ἀδικίου
1418 2701 1520 2736 ταύτης
1534 2702 1623 2729 τοίνυν
1637 2703 1685 2736 τῆς
1700 2703 1864 2739 διαιρέσεως

1069 2743 1114 2769 καὶ
1137 2744 1165 2769 ἐν
1188 2743 1276 2779 τούτῳ
1289 2745 1327 2780 τῷ
1353 2745 1418 2772 εῖδει
1436 2747 1485 2781 τῆς
1500 2747 1637 2783 ἁμαρτίας
1656 2750 1862 2786 γεγενημένης,

1069 2789 1197 2824 καθολικὴ
1212 2791 1260 2824 μέν
1275 2792 1331 2818 ἐστι
1345 2791 1477 2827 θεραπεία
1490 2793 1519 2820 τὸ
1530 2795 1578 2829 τῆς
1592 2796 1734 2830 ἐμπαθοῦς
1745 2797 1862 2832 λύσσης,

1069 2835 1117 2870 τῆς
1135 2837 1197 2871 περὶ
1214 2839 1261 2869 τὰς
1278 2840 1405 2877 τοιαύτας
1426 2841 1532 2876 ἡδονὰς,
1552 2842 1670 2877 καθαρὸν
1686 2843 1718 2869 ὲκ
1738 2853 1865 2880 μεταμε-

266 2901 289 2916 ⁶⁸
308 2903 373 2930 Gen.
390 2912 445 2936 χιι,
461 2905 503 2932 l7.
543 2907 564 2923 "
578 2906 588 2934 l
602 2906 723 2935 Thcssal.
745 2916 780 2942 ιν,
803 2910 828 2937 4.
862 2910 883 2925 ⁷⁰
902 2911 1006 2940 Eccles.
1028 2920 1065 2947 1x,
1087 2914 1127 2940 12.
