1951 3071
76 193 119 226 809

436 192 637 222 SYNTAGMA
654 189 849 222 CANONUM.
864 201 899 207 -
912 190 987 220 TIT.
1005 190 1057 227 IX,
1077 191 1158 222 CAP.
1173 178 1309 223 XXXIX:

1638 191 1692 227 8‘10

76 247 137 278 Λείας
149 245 276 280 γενέσθαι
289 244 335 271 τὸν
349 244 492 280 ἄνθρωπον
500 254 506 260 ·
517 245 578 271 ἐπεὶ
589 246 618 272 δὲ
630 244 685 272 τῶν
694 245 722 271 ὲν
737 244 851 279 πορνείᾳ

915 253 988 273 uirus
1000 245 1149 280 eﬁiciatur;
1163 247 1209 274 sed
1223 248 1285 282 quia
1298 255 1395 275 eorum
1409 247 1456 282 qui
1470 247 1497 275 in
1512 247 1693 278 fornicatione

75 292 250 328 μολυνθέντων
262 312 269 324 ,
285 291 376 318 ἀδικία
391 300 432 323 τις
456 293 489 327 τῇ
515 291 636 327 ἁμαρτίᾳ
652 291 738 326 ταύτῃ
755 290 785 317 οὑ
802 298 852 316 κα-

76 338 232 373 ταμέμικται
244 346 250 352 ·
265 336 310 363 διὰ
333 336 412 362 τοῦτο
436 336 585 363 διπλασίων
609 335 715 370 ὡρίσθη
729 336 778 370 τῆς
794 336 854 361 ἐπι-

75 383 185 418 στροφῆς
210 382 225 408 ὸ
249 382 344 417 χρόνος
357 383 413 413 τοῖς
428 383 456 408 ἐν
473 382 581 417 μοιχείᾳ
605 381 740 416 μιανθεῖσι
757 381 805 407 καὶ
824 381 853 406 ὲν

75 431 122 460 τοῖς
143 428 378 463 ἁπηγορευμένοις
398 429 504 460 κακοῖς,
523 427 677 462 ζωοφθορίᾳ
699 435 729 452 τε
754 426 801 452 καὶ
820 426 852 461 τῇ

74 475 137 502 κατὰ
149 474 195 500 τοῦ
209 474 324 509 ἆρρενος
339 473 425 510 λύσσῃ
437 482 444 488 ·
464 472 671 505 διπλασιάζεται
683 472 749 507 γὰρ,
766 472 803 503 ὼς
816 469 855 497 εἷ-

74 529 128 552 πον,
141 521 187 546 ἐπὶ
211 519 265 546 τῶν
286 519 416 546 τοιούτων
431 520 448 554 ἠ
466 519 604 554 ἁμαρτία,
622 519 671 554 μία
687 518 736 553 μὲν
751 519 767 553 ἡ
784 518 854 545 κατὰ

75 565 116 600 τὴν
127 565 245 599 ἄθεσμον
259 564 365 599 ἡδονὴν,
381 564 463 598 ἑτέρα
477 564 505 591 δὲ
528 565 545 598 ἡ
565 563 637 590 κατὰ
650 564 699 599 τὴν
714 563 761 590 τοῦ
775 564 854 590 ἀλλο-

73 611 141 645 τρίου
163 610 270 637 ἀδικίαν
292 611 490 645 συνισταμένη·
508 610 627 645 διαφορὰ
639 610 667 636 δέ
683 609 724 640 τίς
739 611 813 635 ἐστιν
826 610 855 635 ὲν

73 657 108 691 τῷ
127 656 196 690 λόγῳ
222 656 273 690 τῆς
299 657 440 690 μετανοίας
465 656 511 682 καὶ
535 656 582 683 ἐπὶ
608 655 662 682 τῶν
685 655 745 681 καθ’
759 655 856 690 ἡδονὴν

73 701 299 736 πλημμελούντων
311 701 454 736 τοιαύτην
467 701 481 726 ὁ
495 701 544 736 μὲν
558 701 612 736 γὰρ
623 700 670 735 ἀφ’
680 700 778 727 ἑαυτοῦ
790 699 858 734 πρὸς

73 747 118 781 τὴν
139 746 314 781 ὲξαγόρευσιν
337 746 387 781 τῆς
410 746 547 781 ἁμαρτίας
570 745 711 782 ὁρμήσας,
729 745 804 780 αὐτῷ
819 745 857 779 τῷ

72 792 265 824 καταδέξασθαι
279 792 313 818 δι’
326 792 429 824 οἰκείας
451 791 540 827 ὁρμῆς
565 791 692 825 γενέσθαι
713 790 768 817 τῶν
789 799 858 825 κρυο

73 839 138 873 φίων
151 838 313 872 κατήγορος,
330 837 367 869 ὡς
383 838 433 872 ἤδη
456 837 504 871 τῆς
530 836 678 872 θεραπείας
694 837 739 862 τοῦ
756 836 858 866 πάθους

72 883 230 919 ἀρξάμενος,
245 883 293 910 καὶ
308 884 418 917 σημεῖον
434 883 483 917 τῆς
500 882 568 917 πρὸς
589 882 620 908 τὸ
641 883 764 917 κρεῖττον
780 889 860 916 μετα-

72 928 151 963 ϐολῆς
177 928 393 962 ἐπιδειξάμενος,
409 928 438 954 ὲν
464 927 730 962 φιλανθρωποτέροις
755 919 895 960 γίνεταιΒ

71 976 123 1006 τοῖς
138 974 299 1009 ἐπιτιμίοις·
316 975 330 1000 ὁ
345 973 372 1000 δὲ
388 973 523 1007 φωραθεὶς
545 973 591 999 ἐπὶ
612 973 650 1007 τῷ
669 971 756 1006 κακῷ,
778 972 795 1006 ἢ
815 971 860 997 διά

71 1030 140 1053 τινος
161 1021 290 1054 ὑποψίας,
307 1020 323 1055 ἢ
337 1019 505 1054 κατηγορίας
520 1018 654 1050 ἀκουσίως
668 1017 816 1052 ἐλεγχθεὶς,
831 1017 860 1042 ἐν

70 1066 272 1101 ὲτιιτεταγμὲνῃ
295 1066 399 1099 γίνεται
416 1067 448 1100 τῇ
465 1066 632 1100 ἔπεια-τροφῇ⁸
651 1064 720 1090 ὥστε
744 1063 858 1097 καθαρι-

71 1113 168 1140 σθέντα
183 1113 216 1139 δι’
231 1111 374 1147 ἁκριῦείας
389 1111 483 1142 αὑτὸν,
495 1111 581 1142 οὕτως
593 1111 638 1136 ἐπὶ
654 1112 702 1144 τὴν
717 1109 772 1135 τῶν
784 1110 861 1140 ἁγια-

70 1158 184 1193 σμάτων
203 1156 347 1183 κοινωνίαν
364 1155 584 1191 παραῶχθῆναι·
605 1154 662 1180 ἔστι
677 1154 766 1180 τοίνυν
781 1154 794 1179 ὀ
810 1161 861 1179 κα-

68 1204 124 1231 νὼν
142 1203 279 1233 τοιοῦτος,
294 1202 364 1228 ὥστε
378 1202 441 1233 τοὺς
455 1202 484 1227 ὲν
501 1201 614 1236 πορνεία
628 1200 818 1235 μολυνθέντας,
832 1200 861 1225 ἐν

67 1249 145 1284 τρισὶ
160 1249 220 1283 μὲν,
233 1249 282 1283 τῆς
295 1247 452 1282 ἀκροάσεως
469 1246 593 1282 μετέχειν
610 1246 709 1280 μόνης·
730 1246 759 1272 ἐν
773 1245 862 1276 ἄλλοις

66 1297 99 1322 δὲ
110 1297 198 1331 τρισὶν
209 1295 290 1321 ἔτεσι,
302 1294 369 1328 μετὰ
383 1293 435 1320 τῶν
446 1295 475 1319 ὲν
487 1294 520 1328 τῇ
529 1293 679 1327 ἐπιστροφῇ
695 1291 862 1318 ὑποπιπτόν-

66 1349 125 1368 των
143 1340 354 1376 προσεύχεσθαι,
374 1339 421 1365 καὶ
435 1339 495 1365 τότε
514 1338 639 1374 μετέχειν
655 1337 710 1363 τῶν
725 1336 863 1370 ἁγιασμά-

66 1395 140 1413 των·
159 1385 205 1411 ἐπὶ
220 1385 248 1410 δὲ
264 1384 318 1411 τῶν
338 1383 546 1418 σπουδαιότερον
561 1381 738 1417 κεχρημένων
754 1382 786 1416 τῇ
803 1382 863 1406 ἑπι-

66 1432 189 1466 στροφῇ,
206 1431 253 1456 καὶ
270 1429 309 1464 τῷ
325 1429 375 1464 βίῳ
390 1428 552 1455 δεικνύντων
565 1427 614 1462 τὴν
631 1426 699 1462 πρὸς
715 1426 745 1452 τὸ
762 1425 864 1459 ἀγαθὸν

64 1477 212 1507 ἐπάνοδον,
227 1475 315 1508 ἔξεστι
330 1474 368 1509 τῷ
384 1473 568 1508 οἰκονομοῦντι
589 1472 656 1507 πρὸς
678 1471 709 1498 τὸ
726 1471 864 1506 συμφέρον

64 1524 104 1558 τῇ
121 1522 335 1556 ὲκκλησιαστικῇ
348 1520 488 1555 οἱκονομίᾳ
501 1519 642 1553 συντεμείν
653 1517 698 1543 τὸν
709 1517 803 1552 χρόνον
815 1516 864 1551 τῆς

62 1568 243 1603 ἀκροάσεως,
259 1567 306 1593 καὶ
320 1566 413 1602 τάχιον
427 1566 467 1597 εις
484 1564 650 1600 ἐπιστροφὴν
663 1564 776 1597 ἀγαγεῖν
787 1570 795 1577 ·
817 1563 864 1589 καὶ

63 1613 157 1640 πάλιν
181 1613 227 1639 καὶ
248 1612 342 1638 τοῦτον
363 1611 504 1645 συντεμεῖν
519 1610 565 1637 τὸν
579 1609 684 1645 χρόνον,
700 1609 748 1635 καὶ
770 1607 864 1642 τάχιον

61 1656 223 1686 ἀποδοῦναι
237 1657 287 1690 τὴν
301 1655 455 1686 κοινωνίαν,
470 1655 543 1684 ὅπως
565 1653 598 1679 ἂν
621 1653 654 1687 τῇ
670 1650 768 1678 ἑαυτοῦ
789 1650 864 1676 δοκι-

60 1703 164 1740 μασίᾳ
180 1703 301 1738 ὲγκρίνοι
320 1701 369 1736 τὴν
383 1700 430 1727 τοῦ
447 1698 665 1734 θεραπευομένου
682 1696 864 1724 κατάστασιντ

58 1750 173 1784 ὥσπερ
188 1748 242 1783 γὰρ
261 1748 292 1773 τὸ
307 1748 363 1777 τοῖς
381 1746 482 1781 χοίροις
499 1744 605 1781 ῥίπτειν
625 1743 670 1770 τὸν
692 1741 866 1778 μαργαρίτην

57 1795 235 1830 ἀπείρηται,
250 1792 335 1824 οὕτως
351 1792 382 1818 τὸ
397 1791 558 1826 ἀποστερεῖν
571 1789 617 1815 τοῦ
628 1788 719 1822 τιμίου
732 1785 868 1822 μαργαρί-

55 1850 122 1869 του
145 1840 192 1866 τὸν
212 1838 262 1873 ήδη
281 1837 423 1872 ἄνθρωπον
437 1836 481 1863 διὰ
503 1835 553 1870 τῆς
575 1832 760 1869 καθαρότητός
774 1840 804 1858 τε
821 1831 868 1858 καὶ

54 1885 214 1916 ἀπαθείας
234 1884 389 1918 γενόμενον,
407 1882 462 1909 τῶν
481 1881 589 1908 ἀτόπων
613 1879 701 1906 ἐστίν’
718 1879 735 1913 ἡ
754 1877 783 1903 δὲ
798 1876 869 1904 κατὰ

54 1931 205 1970 μοιχείαν
229 1931 288 1966 ἦτοι
311 1930 382 1956 κατὰ
399 1929 433 1956 τὰ
451 1928 532 1955 λοιπὰ
551 1927 608 1961 εἴδη
627 1926 676 1960 τῆς
697 1924 868 1960 ἀκαθαρσίας

51 1978 212 2014 γενομένη
228 1976 396 2011 παρανομία,
408 1975 500 2005 καθὼς
512 1971 770 2014 προείρηταιηκατὰ
781 1971 869 1996 πάντα

47 2012 92 2053 έν
116 2023 161 2058 τῷ
176 2022 249 2057 αὑτῴ
261 2022 375 2057 κρίματι
389 2019 634 2055 θεραπευθήσεται,
643 2017 672 2042 ὲν
684 2012 705 2050 ᾧ
716 2015 763 2042 καὶ
779 2014 808 2040 τὸ
820 2016 868 2049 τῆς

48 2068 208 2106 πορνείας
231 2068 295 2102 ἄγος
308 2075 314 2082 ·
338 2066 376 2101 τῷ
397 2066 426 2092 δὲ
449 2065 536 2100 χρόνῳ
556 2063 629 2098 μόνῳ
645 2060 867 2106 διπλασιάζεται--

44 2104 343 2149 παρατηρηθήσεται
356 2111 384 2136 δὲ
399 2110 445 2136 καὶ
456 2109 498 2135 ἐπ’
509 2108 584 2142 αὐτῷ
599 2108 615 2142 ἡ
629 2106 675 2133 τοῦ
689 2104 870 2140 θεραπευομέ-

40 2170 116 2189 νου
142 2158 272 2190 διάθεσις,
283 2157 311 2183 ὃν
323 2157 421 2192 τρόπον
435 2155 481 2182 καὶ
499 2154 545 2180 ἐπὶ
562 2153 615 2180 τῶν
630 2152 668 2187 τῷ
681 2151 811 2187 μολυσμῴ
822 2150 870 2184 τῆς

38 2204 209 2241 πορνεία;
232 2202 443 2237 συνενεχθέντων
453 2208 460 2214 ·
478 2200 548 2227 ὥστε
563 2199 580 2235 ἢ
596 2199 692 2225 θᾶττον
707 2198 723 2233 ἢ
741 2196 870 2232 βραδύτε-

41 2262 119 2290 ρον
138 2250 270 2285 γενέσθαι
284 2250 374 2280 αὐτοῖς
387 2247 435 2283 τὴν
453 2245 500 2273 τοῦ
517 2244 618 2280 ἀγαθοῦ
632 2243 787 2280 μετουσίαν.

96 2298 146 2324 δ’.
164 2296 296 2329 Λείπεται
310 2294 378 2330 πρὸς
391 2293 494 2324 τούτοις
513 2292 544 2318 τὸ
560 2291 700 2326 θυμοειδὲς
719 2289 768 2323 τῆς
781 2288 869 2323 ψυχῆς

35 2343 226 2381 προθεῖναι
254 2341 294 2372 εις
329 2339 464 2371 ἐξέτασιν,
488 2337 552 2364 ὅταν
582 2334 790 2371 παρασιραλεῐσα
807 2334 871 2381 ⁸τῆς,-

903 291 1000 326 polluti
1021 297 1100 324 sunt,
1117 292 1216 327 injuria
1238 293 1328 327 aliqua
1351 301 1413 320 cum
1434 294 1487 321 hoc
1507 300 1618 329 peccato
1639 304 1693 323 non

904 337 1047 365 commista
1061 343 1118 370 est,
1133 344 1274 373 propterea
1290 339 1403 374 duplum
1419 341 1607 368 conversionis
1624 345 1693 368 tem-

905 389 955 416 pus
977 382 1012 410 iis
1032 383 1219 418 praescriptum
1237 389 1279 411 est
1296 385 1343 418 qui
1360 384 1387 411 in
1405 385 1540 412 adulterio
1558 385 1693 420 inquinati

905 432 982 461 sunt;
1008 432 1035 456 et
1058 429 1085 455 in
1108 429 1169 456 aliis
1190 429 1283 456 itidem
1308 429 1396 457 vetitis
1421 430 1513 462 malis,
1533 430 1692 458 animalium

907 474 991 507 initu,
1005 478 1033 501 et
1049 474 1125 501 rabie
1146 475 1173 501 in
1194 475 1342 502 masculos.
1359 474 1386 502 In
1410 475 1444 503 iis
1462 476 1551 508 enim,
1569 480 1598 502 ut
1613 476 1696 511 329

907 519 974 552 dixi,
987 523 1127 554 peccatum
1144 519 1311 554 duplicatur;
1326 527 1410 546 unum
1425 520 1534 554 quidem
1547 520 1587 556 [in
1602 521 1695 548 illicita

907 568 934 590 et
951 562 1053 590 nefaria
1071 564 1224 598 voluptate;
1244 564 1359 591 alterum
1377 563 1481 600 autem]
1501 565 1574 599 quod
1596 565 1695 600 injuria

908 615 969 643 quae
987 610 1016 635 lit
1032 608 1126 639 alteri,
1142 609 1278 636 consistit.
1295 609 1343 636 Est
1360 614 1450 636 autem
1473 610 1597 644 quaedam
1619 609 1696 636 dill‘e-

908 655 995 681 rentia
1018 654 1045 681 in
1068 655 1173 682 ratione
1194 654 1361 689 paenitentiae.
1381 655 1409 682 in
1435 655 1469 683 iis
1492 656 1539 690 qui
1559 656 1696 691 voluptate

908 704 1071 734 peccarunt,
1085 700 1231 734 ejusmodi.
1249 699 1301 732 Qui
1321 700 1393 727 enim
1414 708 1447 727 ex
1467 708 1496 728 sc
1518 701 1576 735 ipso
1595 701 1627 728 ad
1647 709 1696 728 sua

909 745 1069 780 proferenda
1081 750 1190 780 peccata
1202 746 1336 780 impulsus
1348 750 1400 778 est,
1409 754 1442 773 eo
1454 747 1527 781 quod
1540 739 1589 774 sua
1602 753 1697 781 sponte

909 792 1075 818 occultorum
1103 796 1246 819 accusator
1272 799 1334 819 esse
1359 792 1489 824 voluerit,
1516 796 1545 818 ut
1569 793 1614 826 qui
1639 792 1696 826 jam

909 837 1043 864 aﬂ'ectioni
1065 837 1228 864 medicinam
1251 837 1380 864 adhibere
1400 837 1529 872 coeperit,
1546 842 1573 864 et
1589 839 1697 872 signum

910 881 1069 908 mutationis
1087 881 1114 907 in
1130 881 1156 907 id
1173 881 1246 915 quod
1262 886 1304 908 est
1318 881 1413 908 melius
1426 882 1589 914 ostenderit,
1605 883 1632 909 in
1648 883 1699 910 mi-

910 927 1026 954 tioribus
1040 926 1130 961 paanis
1145 931 1280 955 versatur.
1296 926 1349 960 Qui
1364 931 1454 954 autem
1473 928 1499 954 in
1516 928 1586 954 malo
1600 928 1696 963 depre-

911 972 1014 999 hensus
1036 976 1093 1005 est,
1111 972 1152 998 vel
1178 977 1286 1007 propter
1306 973 1424 1007 aliquam
1451 973 1635 1008 suspicionem
1656 975 1699 1001 νιιι

911 1018 1113 1044 accusationem
1131 1018 1159 1045 in
1181 1018 1276 1053 gratiis
1290 1019 1432 1045 convictus
1455 1025 1511 1052 est,
1530 1019 1637 1054 longius
1660 1019 1698 1046 illi

911 1064 1098 1091 conversionis
1115 1068 1222 1098 tempus
1237 1064 1331 1096 datur,
1348 1068 1378 1091 ut
1392 1065 1450 1098 ipse
1465 1065 1582 1100 perfecte
1598 1073 1698 1100 purga-

912 1114 971 1142 tus,
985 1110 1026 1137 sic
1041 1110 1074 1136 ad
1088 1114 1320 1137 sacramentorum
1336 1111 1555 1137 communionem
1571 1111 1700 1138 admitta-

912 1159 967 1182 tur.
979 1154 1027 1182 Est
1040 1162 1105 1190 ergo
1117 1162 1204 1182 canon
1221 1155 1366 1190 ejusmodi,
1378 1161 1408 1183 ut
1420 1156 1466 1190 qui
1480 1156 1506 1183 in
1520 1156 1700 1184 fornicatione

912 1201 1009 1236 polluti
1031 1205 1109 1232 sunt,
1129 1201 1157 1227 in
1178 1201 1266 1229 tribus
1289 1201 1399 1236 quidem
1421 1202 1501 1229 annis
1521 1203 1555 1229 ab
1577 1204 1701 1230 oratione

913 1246 1025 1272 omnino
1048 1245 1233 1280 expellantur;
1261 1246 1287 1272 in
1313 1246 1401 1273 tribus
1424 1251 1514 1274 autem
1539 1248 1594 1274 sint
1615 1249 1702 1276 solius

913 1291 1059 1318 auditionis
1077 1291 1232 1326 participes,
1246 1291 1272 1318 in
1290 1292 1376 1319 tribus
1392 1297 1482 1320 autem
1499 1293 1570 1327 aliis,
1586 1302 1648 1321 cum
1667 1295 1701 1322 iis

913 1338 959 1372 qui
987 1337 1014 1364 in
1039 1338 1219 1364 conversione
1245 1337 1473 1370 substernuntur,
1496 1345 1653 1373 precentur,
1676 1345 1703 1367 et

914 1387 978 1410 tunc
1002 1383 1058 1410 sint
1079 1388 1311 1410 sacramentorum
1334 1384 1487 1418 participes.
1505 1384 1534 1411 In
1556 1385 1590 1412 iis
1612 1390 1702 1412 autem

914 1429 960 1463 qui
975 1428 1141 1463 diligentiori
1155 1428 1335 1456 conversione
1351 1430 1392 1456 usi
1409 1429 1524 1461 fuerint,
1541 1435 1567 1456 et
1583 1431 1652 1461 vita,
1668 1431 1704 1458 ad

916 1474 941 1501 id
964 1474 1036 1508 quod
1055 1474 1156 1501 bonum
1176 1478 1233 1507 est,
1251 1475 1367 1501 reditum
1391 1475 1575 1507 ostenderint,
1593 1476 1656 1503 licet
1677 1477 1703 1503 ei

916 1519 962 1553 qui
974 1519 1122 1553 dispensat,
1134 1526 1183 1553 pro
1197 1519 1390 1546 ecclesiasticae
1402 1522 1562 1547 oeconomiae
1576 1522 1703 1555 utilitate,

919 1569 1025 1599 tempus
1042 1565 1206 1597 auditionis,
1221 1565 1398 1597 contrahere,
1413 1569 1440 1592 et
1454 1566 1570 1593 celerius
1586 1567 1620 1594 ad
1637 1575 1704 1594 con-

917 1610 1069 1636 versionem
1085 1610 1216 1637 deducere
1232 1618 1238 1636 :
1254 1616 1281 1637 et
1294 1617 1390 1638 rursus
1406 1611 1458 1638 hoc
1472 1619 1580 1646 quoque
1597 1617 1704 1646 tempus

916 1655 1094 1686 contrahere,
1108 1660 1136 1682 et
1153 1655 1270 1682 celerius
1290 1656 1510 1683 communionem
1531 1658 1657 1689 reddere,
1675 1663 1706 1686 ut

916 1708 965 1728 sua
981 1700 1149 1734 probatione,
1162 1700 1222 1734 ejus
1233 1701 1277 1726 cui
1291 1701 1393 1727 medela
1406 1702 1558 1733 adhibetur,
1573 1704 1707 1731 constitu-

917 1746 1018 1773 tionem
1032 1745 1175 1780 dijudicet.
1189 1745 1423 1778 Quemadmodum
1438 1748 1511 1774 enim
1528 1750 1618 1782 porcis
1633 1757 1706 1777 mar-

918 1792 1022 1826 garitas
1035 1792 1169 1827 projicere
1182 1797 1224 1820 est
1239 1793 1362 1824 vetitum,
1377 1793 1412 1819 ita
1427 1799 1454 1820 et
1469 1794 1585 1828 pretiosa
1601 1803 1707 1829 marga-

919 1837 969 1865 rita
991 1838 1098 1872 privare
1120 1845 1182 1865 eum
1200 1838 1246 1872 qui
1262 1837 1318 1872 jam
1338 1846 1384 1873 per
1399 1838 1589 1867 alienationem
1608 1848 1623 1867 a
1641 1841 1707 1868 vitio

919 1888 945 1910 et
959 1884 1145 1918 purgationem
1160 1884 1242 1911 homo
1256 1885 1291 1912 sit
1304 1884 1404 1917 factus,
1416 1885 1565 1912 absurdum
1578 1890 1629 1913 est.
1642 1886 1708 1919 Qua:

919 1932 1009 1954 autem
1025 1928 1052 1954 in
1068 1928 1202 1955 adulterio
1217 1933 1244 1955 et
1259 1929 1285 1955 in
1302 1930 1414 1963 reliquis
1431 1930 1609 1957 immunditia:
1624 1939 1708 1965 gene-

919 1973 996 2000 ribus
1011 1972 1040 1999 ﬁt
1055 1973 1195 2008 iniquitas,
1210 1977 1239 2000 ut
1252 1973 1354 2001 dictum
1369 1979 1421 2006 est,
1435 1975 1530 2002 eodem
1543 1975 1707 2010 330judi-

920 2020 962 2046 cio
975 2020 1100 2053 punietur
1112 2027 1165 2054 quo
1178 2024 1205 2046 et
1217 2019 1403 2047 fornicationis
1413 2021 1513 2053 scelus,
1526 2022 1572 2048 sed
1586 2025 1707 2056 tempore

919 2063 1112 2098 duplicabitur.
1128 2063 1157 2090 ln
1177 2071 1211 2091 eo
1231 2067 1338 2094 autem,
1354 2063 1413 2097 ejus
1435 2064 1516 2091 etiam
1537 2064 1581 2091 cui
1603 2065 1707 2092 medela

920 2109 1075 2141 adhibetur,
1091 2108 1198 2137 affectio
1217 2109 1443 2141 considerabitur,
1458 2117 1512 2144 quo
1534 2109 1615 2136 modo
1636 2115 1663 2136 et
1679 2110 1707 2137 in

920 2155 954 2182 iis
971 2156 1016 2189 qui
1036 2155 1225 2182 fornicationis
1243 2155 1451 2189 inquinamento
1471 2155 1608 2189 illaqueali
1628 2161 1706 2189 sunt,

921 2206 951 2229 ut
965 2202 1006 2228 vel
1021 2201 1102 2229 citius
1118 2201 1159 2228 vel
1175 2201 1280 2229 tardius
1293 2203 1334 2229 eis
1350 2201 1385 2228 sit
1398 2201 1462 2228 boni
1479 2201 1661 2236 participatio.

885 2256 906 2283 D

955 2291 972 2318 Δ
987 2289 1037 2327 [5].
1051 2290 1145 2318 Restat
1158 2290 1190 2317 ad
1205 2291 1264 2318 hanc
1278 2294 1307 2317 ut
1322 2290 1482 2318 irascentem
1495 2291 1593 2318 animm
1607 2296 1709 2327 partem

921 2337 1130 2364 examinandam
1154 2343 1355 2371 proponamus,
1374 2337 1483 2370 quando
1504 2337 1578 2371 lapsa
1601 2346 1617 2365 a
1638 2338 1711 2365 bono

31 2379 188 2427 ἀ-ίκαθῆς
215 2386 262 2413 τοῦ
279 2385 365 2420 θυμοῦ
381 2385 513 2419 χρήσεως,
528 2383 569 2414 είς
595 2380 732 2427 ἁμαρτίαν
743 2379 866 2427 εκπεσῃ·

31 2424 188 2465 πόλλῶν
200 2431 228 2458 δὲ
241 2431 326 2457 ὄντων
339 2429 393 2455 τῶν
406 2428 477 2454 κατὰ
495 2427 577 2462 θυμὸν
593 2427 632 2458 εἰς
647 2424 783 2460 ἁμαρτίαν
799 2424 871 2459 ἐνερ-

922 2383 969 2410 irre
984 2390 1034 2410 usu
1052 2383 1078 2409 in
1095 2387 1234 2417 peccatum
1261 2381 1400 2409 ceciderit.
1429 2381 1498 2409 Cum
1520 2387 1609 2410 autem
1627 2384 1711 2412 multa

922 2429 978 2456 Sint
998 2436 1058 2462 quae
1080 2435 1127 2462 per
1145 2427 1213 2453 iram
1232 2427 1301 2453 ﬁunt
1316 2432 1426 2460 peccata
1446 2433 1473 2454 et
1492 2427 1582 2454 omnis
1604 2430 1712 2463 generis

27 2491 112 2521 γον
120 2479 234 2516 μένων,
257 2476 305 2503 καὶ
319 2475 427 2502 πάντων
444 2473 546 2504 κακῶν,
573 2471 657 2506 ἡρεσέ
673 2478 730 2501 πως
745 2471 799 2500 τοῖς
813 2468 854 2495 II:

923 2475 1003 2506 mala,
1017 2473 1119 2508 placuit
1135 2473 1263 2500 omnibus
1279 2474 1380 2501 nostris
1391 2472 1519 2501 Patrihus
1535 2473 1561 2500 in
1576 2474 1637 2501 aliis
1651 2476 1713 2508 qui-

21 2516 180 2567 épaiatv
204 2523 295 2557 ἡμῶν,
321 2522 350 2547 ὲν
374 2521 431 2551 τοῖς
446 2519 535 2549 ἄλλοις
559 2518 597 2552 μὴ
611 2517 672 2543 λίαν
687 2516 872 2567 ἀκριϐολογεῖ-

23 2561 156 2605 abas,
184 2568 253 2604 μηδὲ
278 2567 378 2601 πολλῆς
398 2566 472 2598 ἄξιον
496 2564 620 2600 ἡγεῖσθαι
637 2563 763 2597 σπουδῆς,
779 2563 808 2588 τὸ
826 2561 871 2587 θε-

16 2615 216 2661 ραπεύειν
230 2614 318 2640 πάντα
329 2613 362 2639 τὰ
376 2613 407 2639 ὲκ
417 2611 463 2638 τοῦ
478 2610 563 2646 θυμοῦ
578 2607 799 2644 παραπτώματω
813 2607 873 2658 καιί-

13 2651 89 2699 ἔοι
115 2671 168 2698 γε
185 2660 235 2694 τῆς
254 2658 367 2694 Γραφῆς
382 2657 412 2683 οὺ
430 2655 509 2691 μόνον
524 2655 573 2689 τὴν
586 2653 666 2699 ψιλὴν
681 2651 870 2699 ἀπαγορευού-

9 2697 71 2745 ὲη
80 2722 106 2744 ς
129 2697 136 2698 7
160 2705 281 2740 πληγὴν,
309 2702 378 2731 ἀλλὰ
401 2701 449 2729 καὶ
464 2702 553 2727 πᾶσαν
569 2698 701 2733 λοιδορίαν
717 2697 734 2733 ἢ
753 2697 873 2745 βλασφη-

6 2741 158 2802 ἷλ-ξέν,
188 2753 236 2779 καὶ
252 2751 276 2777 εἴ
288 2759 314 2776 τι
329 2749 393 2777 ἄλλο
407 2748 526 2774 τοιοῦτον
539 2747 554 2772 ὁ
568 2745 651 2780 θυμὸς
670 2743 871 2779 ἀπεργάζεται-

183 2799 203 2802 --
258 2797 269 2801 -
344 2797 348 2802 -
385 2795 392 2802 ι
456 2794 461 2802 ι
525 2793 586 2802 ea".
597 2799 604 2802 Α
616 2790 662 2802 -1...
679 2789 871 2802 ---μηδι-..ιη

5 2789 165 2848 ἱζάνειν
181 2799 210 2824 δὲ
225 2797 271 2823 τοῦ
285 2797 356 2823 κατὰ
368 2795 413 2822 τὸν
429 2794 509 2828 φόνον
522 2793 604 2826 ἄγους
615 2790 662 2825 τὴν
678 2789 873 2825 παραφυλακὴν

282 2843 293 2848 μ
312 2843 316 2848 1
371 2843 382 2848 -
438 2842 444 2848 ι
537 2839 542 2847 Ι
595 2847 598 2848 ν
633 2837 644 2848 ἑ
657 2837 670 2848 .l
680 2845 755 2848 -..__.
787 2836 812 2848 2‘.
847 2837 870 2848 _l

922 2520 982 2548 dem
997 2527 1051 2547 non
1066 2519 1180 2546 nimium
1197 2519 1334 2546 subtiliter
1347 2527 1435 2554 agere,
1449 2527 1498 2546 nec
1510 2519 1625 2547 nimium
1641 2521 1667 2547 in
1681 2529 1714 2548 eo

923 2565 1004 2593 studii
1017 2573 1162 2600 opelazquc
1176 2573 1286 2600 ponere,
1298 2571 1328 2592 ut
1339 2565 1429 2592 ornuia
1443 2573 1503 2600 qua:
1518 2574 1549 2592 ex
1565 2566 1602 2593 ira
1619 2574 1715 2593 nasce-

924 2616 1018 2639 rentur
1042 2612 1139 2638 dclicta
1168 2617 1312 2644 curarent;
1338 2611 1462 2646 quamvis
1490 2611 1630 2646 Scriptura
1660 2621 1713 2639 non

924 2656 1012 2684 solum
1027 2656 1125 2682 vulnus
1140 2655 1291 2690 prohibeat,
1304 2655 1351 2682 sed
1367 2655 1448 2681 etiam
1465 2660 1544 2681 omne
1559 2655 1713 2681 cnnvicinm

923 2700 966 2727 vel
985 2699 1175 2732 maledictum,
1187 2704 1214 2726 et
1230 2699 1252 2726 si
1271 2700 1335 2734 quid
1353 2699 1424 2726 aliud
1442 2699 1576 2734 ejusmodi
1597 2700 1633 2726 ita
1657 2699 1715 2726 elli—

925 2745 977 2778 cil;
997 2745 1044 2772 scd
1063 2745 1148 2772 solam
1167 2744 1249 2771 caedis
1264 2744 1420 2772 cautionem
1443 2746 1500 2772 suis
1520 2744 1607 2779 pinnis
1628 2744 1716 2770 intro-

925 2790 1069 2817 duxerunt.
1088 2789 1220 2816 Dividitur
1243 2794 1333 2816 autem
1356 2789 1408 2816 hoc
1430 2789 1543 2820 malum,
1558 2788 1718 2815 dill‘erentitc

2 2833 250 2888 ξτξοιὴσαντο
280 2843 324 2869 διὰ
350 2843 411 2888 τῶν,
436 2839 600 2888 Europam:
628 2837 756 2888 διῄρηται
785 2836 814 2863 δὲ
844 2846 857 2863 τ

925 2836 1085 2863 voluntaria:
1105 2839 1132 2862 et
1149 2835 1339 2863 involuntaria:
1361 2844 1368 2862 :
1389 2839 1416 2862 ct
1436 2839 1479 2862 est
1498 2834 1587 2862 cztdes
1605 2833 1717 2868 quidem

79 2911 99 2927 ε
109 2881 205 2924 ῦίεον
230 2889 314 2917 κακὸν
340 2890 373 2924 τῇ
404 2887 520 2921 διαφορᾷ
545 2884 593 2912 τοῦ
625 2883 750 2910 ἑκουσίου
765 2891 795 2910 τε
827 2891 857 2909 κα

926 2882 1091 2916 voluntaria,
1103 2889 1164 2917 quae
1177 2882 1365 2917 praemeditata
1379 2886 1508 2916 suscepta
1522 2885 1562 2908 est
1575 2881 1609 2908 ab
1623 2887 1657 2909 eo
1671 2881 1718 2916 qui

244 2936 380 2967 Pnaon.
397 2933 455 2965 Gn.
475 2932 553 2964 CIV.
1522 2927 1562 2957 26
