  <div class='ocr_page' id='page_1' title='image "/cluster/home/n/w/nwhite01/storage/ocr_20150623/104/njp.32101077772885/413.png"; bbox 0 0 1951 3071; ppageno 0'>
   <div class='ocr_carea' id='block_1_1' title="bbox 250 188 299 222">
    <p class='ocr_par' dir='ltr' id='par_1_1' title="bbox 250 188 299 222">
     <span class='ocr_line' id='line_1_1' title="bbox 250 188 299 222; baseline -0.041 0"><span class='ocrx_word' id='word_1_1' title='bbox 250 188 299 222; x_wconf 85' lang='grc'><strong>811</strong></span> 
     </span>
    </p>
   </div>
   <div class='ocr_carea' id='block_1_2' title="bbox 253 240 1083 278">
    <p class='ocr_par' dir='ltr' id='par_1_2' title="bbox 253 240 1083 278">
     <span class='ocr_line' id='line_1_2' title="bbox 253 240 1083 278; baseline -0.01 -6"><span class='ocrx_word' id='word_1_2' title='bbox 253 253 282 272; x_wconf 78' lang='lat' dir='ltr'><strong>se</strong></span> <span class='ocrx_word' id='word_1_3' title='bbox 296 244 329 271; x_wconf 86' lang='lat' dir='ltr'><strong>ad</strong></span> <span class='ocrx_word' id='word_1_4' title='bbox 347 244 397 271; x_wconf 78' lang='lat' dir='ltr'><strong>hoc</strong></span> <span class='ocrx_word' id='word_1_5' title='bbox 413 246 620 278; x_wconf 79' lang='lat' dir='ltr'><strong>comparaverat</strong></span> <span class='ocrx_word' id='word_1_6' title='bbox 634 246 663 269; x_wconf 91' lang='lat' dir='ltr'><strong>ut</strong></span> <span class='ocrx_word' id='word_1_7' title='bbox 677 242 729 269; x_wconf 81' lang='lat' dir='ltr'><strong>hoc</strong></span> <span class='ocrx_word' id='word_1_8' title='bbox 742 240 848 268; x_wconf 81' lang='lat' dir='ltr'><strong>facinus</strong></span> <span class='ocrx_word' id='word_1_9' title='bbox 865 243 1042 275; x_wconf 89' lang='lat' dir='ltr'><strong>perpetraret.</strong></span> <span class='ocrx_word' id='word_1_10' title='bbox 1060 242 1083 269; x_wconf 77' lang='grc' dir='ltr'><strong>Α</strong></span> 
     </span>
    </p>
   </div>
   <div class='ocr_carea' id='block_1_3' title="bbox 254 287 1047 324">
    <p class='ocr_par' dir='ltr' id='par_1_3' title="bbox 254 287 1047 324">
     <span class='ocr_line' id='line_1_3' title="bbox 254 287 1047 324; baseline -0.006 -7"><span class='ocrx_word' id='word_1_11' title='bbox 254 289 355 317; x_wconf 85' lang='lat' dir='ltr'><strong>Deinde</strong></span> <span class='ocrx_word' id='word_1_12' title='bbox 368 288 433 316; x_wconf 89' lang='lat' dir='ltr'><strong>illud</strong></span> <span class='ocrx_word' id='word_1_13' title='bbox 446 295 556 324; x_wconf 81' lang='lat' dir='ltr'><strong>quoque</strong></span> <span class='ocrx_word' id='word_1_14' title='bbox 572 288 597 315; x_wconf 94' lang='lat' dir='ltr'><strong>in</strong></span> <span class='ocrx_word' id='word_1_15' title='bbox 613 287 774 315; x_wconf 83' lang='lat' dir='ltr'><strong>voluntariis</strong></span> <span class='ocrx_word' id='word_1_16' title='bbox 790 287 977 314; x_wconf 79' lang='lat' dir='ltr'><strong>existimatum</strong></span> <span class='ocrx_word' id='word_1_17' title='bbox 995 290 1047 317; x_wconf 82' lang='lat' dir='ltr'><strong>est,</strong></span> 
     </span>
    </p>
   </div>
   <div class='ocr_carea' id='block_1_4' title="bbox 255 333 1048 372">
    <p class='ocr_par' dir='ltr' id='par_1_4' title="bbox 255 333 1048 372">
     <span class='ocr_line' id='line_1_4' title="bbox 255 333 1048 372; baseline -0.008 -9"><span class='ocrx_word' id='word_1_18' title='bbox 255 335 366 372; x_wconf 86' lang='lat' dir='ltr'><strong>quando</strong></span> <span class='ocrx_word' id='word_1_19' title='bbox 381 335 443 370; x_wconf 86' lang='lat' dir='ltr'><strong>quis</strong></span> <span class='ocrx_word' id='word_1_20' title='bbox 462 335 490 362; x_wconf 94' lang='lat' dir='ltr'><strong>in</strong></span> <span class='ocrx_word' id='word_1_21' title='bbox 508 342 657 369; x_wconf 82' lang='lat' dir='ltr'><strong>congressu</strong></span> <span class='ocrx_word' id='word_1_22' title='bbox 674 333 821 361; x_wconf 78' lang='lat' dir='ltr'><strong>verberans</strong></span> <span class='ocrx_word' id='word_1_23' title='bbox 837 337 864 360; x_wconf 90' lang='lat' dir='ltr'><strong>et</strong></span> <span class='ocrx_word' id='word_1_24' title='bbox 880 333 1048 360; x_wconf 62' lang='lat' dir='ltr'><strong>verberatus.</strong></span> 
     </span>
    </p>
   </div>
   <div class='ocr_carea' id='block_1_5' title="bbox 252 377 1048 415">
    <p class='ocr_par' dir='ltr' id='par_1_5' title="bbox 252 377 1048 415">
     <span class='ocr_line' id='line_1_5' title="bbox 252 377 1048 415; baseline -0.006 -7"><span class='ocrx_word' id='word_1_25' title='bbox 252 389 336 409; x_wconf 87' lang='lat' dir='ltr'><strong>manu</strong></span> <span class='ocrx_word' id='word_1_26' title='bbox 359 381 466 415; x_wconf 73' lang='lat' dir='ltr'><strong>plagam</strong></span> <span class='ocrx_word' id='word_1_27' title='bbox 490 379 658 407; x_wconf 73' lang='lat' dir='ltr'><strong>mortiferam</strong></span> <span class='ocrx_word' id='word_1_28' title='bbox 683 378 817 406; x_wconf 86' lang='lat' dir='ltr'><strong>intulerit.</strong></span> <span class='ocrx_word' id='word_1_29' title='bbox 833 378 885 411; x_wconf 77' lang='lat' dir='ltr'><strong>Qui</strong></span> <span class='ocrx_word' id='word_1_30' title='bbox 911 377 983 405; x_wconf 91' lang='lat' dir='ltr'><strong>enim</strong></span> <span class='ocrx_word' id='word_1_31' title='bbox 1007 377 1048 404; x_wconf 91' lang='lat' dir='ltr'><strong>ira</strong></span> 
     </span>
    </p>
   </div>
   <div class='ocr_carea' id='block_1_6' title="bbox 251 421 1049 458">
    <p class='ocr_par' dir='ltr' id='par_1_6' title="bbox 251 421 1049 458">
     <span class='ocr_line' id='line_1_6' title="bbox 251 421 1049 458; baseline -0.008 -4"><span class='ocrx_word' id='word_1_32' title='bbox 251 426 336 455; x_wconf 86' lang='lat' dir='ltr'><strong>semel</strong></span> <span class='ocrx_word' id='word_1_33' title='bbox 356 426 445 452; x_wconf 87' lang='lat' dir='ltr'><strong>victus</strong></span> <span class='ocrx_word' id='word_1_34' title='bbox 471 429 528 457; x_wconf 87' lang='lat' dir='ltr'><strong>est,</strong></span> <span class='ocrx_word' id='word_1_35' title='bbox 543 428 569 451; x_wconf 88' lang='lat' dir='ltr'><strong>et</strong></span> <span class='ocrx_word' id='word_1_36' title='bbox 589 423 672 450; x_wconf 88' lang='lat' dir='ltr'><strong>animi</strong></span> <span class='ocrx_word' id='word_1_37' title='bbox 696 423 857 458; x_wconf 86' lang='lat' dir='ltr'><strong>appetitioni</strong></span> <span class='ocrx_word' id='word_1_38' title='bbox 877 422 964 454; x_wconf 84' lang='lat' dir='ltr'><strong>cedit,</strong></span> <span class='ocrx_word' id='word_1_39' title='bbox 980 421 1049 448; x_wconf 83' lang='lat' dir='ltr'><strong>nihil</strong></span> 
     </span>
    </p>
   </div>
   <div class='ocr_carea' id='block_1_7' title="bbox 252 465 1047 503">
    <p class='ocr_par' dir='ltr' id='par_1_7' title="bbox 252 465 1047 503">
     <span class='ocr_line' id='line_1_7' title="bbox 252 465 1047 503; baseline -0.006 -7"><span class='ocrx_word' id='word_1_40' title='bbox 252 477 347 497; x_wconf 87' lang='lat' dir='ltr'><strong>eorum</strong></span> <span class='ocrx_word' id='word_1_41' title='bbox 362 476 423 503; x_wconf 62' lang='lat' dir='ltr'><strong>quae</strong></span> <span class='ocrx_word' id='word_1_42' title='bbox 436 468 537 495; x_wconf 88' lang='lat' dir='ltr'><strong>malum</strong></span> <span class='ocrx_word' id='word_1_43' title='bbox 553 472 665 502; x_wconf 83' lang='lat' dir='ltr'><strong>possent</strong></span> <span class='ocrx_word' id='word_1_44' title='bbox 678 471 832 501; x_wconf 83' lang='lat' dir='ltr'><strong>amputare,</strong></span> <span class='ocrx_word' id='word_1_45' title='bbox 845 465 869 493; x_wconf 90' lang='lat' dir='ltr'><strong>ei</strong></span> <span class='ocrx_word' id='word_1_46' title='bbox 887 467 913 492; x_wconf 93' lang='lat' dir='ltr'><strong>in</strong></span> <span class='ocrx_word' id='word_1_47' title='bbox 929 469 1047 493; x_wconf 84' lang='lat' dir='ltr'><strong>mentem</strong></span> 
     </span>
    </p>
   </div>
   <div class='ocr_carea' id='block_1_8' title="bbox 252 511 1048 548">
    <p class='ocr_par' dir='ltr' id='par_1_8' title="bbox 252 511 1048 548">
     <span class='ocr_line' id='line_1_8' title="bbox 252 511 1048 548; baseline -0.005 -6"><span class='ocrx_word' id='word_1_48' title='bbox 252 515 337 543; x_wconf 87' lang='lat' dir='ltr'><strong>venit.</strong></span> <span class='ocrx_word' id='word_1_49' title='bbox 355 515 446 548; x_wconf 77' lang='lat' dir='ltr'><strong>Quare</strong></span> <span class='ocrx_word' id='word_1_50' title='bbox 467 518 495 541; x_wconf 90' lang='lat' dir='ltr'><strong>et</strong></span> <span class='ocrx_word' id='word_1_51' title='bbox 514 513 571 540; x_wconf 92' lang='lat' dir='ltr'><strong>illic</strong></span> <span class='ocrx_word' id='word_1_52' title='bbox 592 521 701 548; x_wconf 88' lang='lat' dir='ltr'><strong>quoque</strong></span> <span class='ocrx_word' id='word_1_53' title='bbox 723 513 770 548; x_wconf 91' lang='lat' dir='ltr'><strong>qui</strong></span> <span class='ocrx_word' id='word_1_54' title='bbox 791 520 825 539; x_wconf 81' lang='lat' dir='ltr'><strong>ex</strong></span> <span class='ocrx_word' id='word_1_55' title='bbox 845 511 1048 539; x_wconf 85' lang='lat' dir='ltr'><strong>concertatione</strong></span> 
     </span>
    </p>
   </div>
   <div class='ocr_carea' id='block_1_9' title="bbox 253 558 1046 595">
    <p class='ocr_par' dir='ltr' id='par_1_9' title="bbox 253 558 1046 595">
     <span class='ocr_line' id='line_1_9' title="bbox 253 558 1046 595; baseline -0.005 -7"><span class='ocrx_word' id='word_1_56' title='bbox 253 560 391 595; x_wconf 79' lang='lat' dir='ltr'><strong>profectus</strong></span> <span class='ocrx_word' id='word_1_57' title='bbox 404 564 455 591; x_wconf 88' lang='lat' dir='ltr'><strong>est,</strong></span> <span class='ocrx_word' id='word_1_58' title='bbox 469 559 552 586; x_wconf 64' lang='lat' dir='ltr'><strong>caedis</strong></span> <span class='ocrx_word' id='word_1_59' title='bbox 563 562 688 592; x_wconf 86' lang='lat' dir='ltr'><strong>eventus,</strong></span> <span class='ocrx_word' id='word_1_60' title='bbox 698 558 724 585; x_wconf 93' lang='lat' dir='ltr'><strong>in</strong></span> <span class='ocrx_word' id='word_1_61' title='bbox 738 558 839 584; x_wconf 82' lang='lat' dir='ltr'><strong>factum</strong></span> <span class='ocrx_word' id='word_1_62' title='bbox 851 558 1046 589; x_wconf 82' lang='lat' dir='ltr'><strong>voluntarium,</strong></span> 
     </span>
    </p>
   </div>
   <div class='ocr_carea' id='block_1_10' title="bbox 254 603 1048 633">
    <p class='ocr_par' dir='ltr' id='par_1_10' title="bbox 254 603 1048 633">
     <span class='ocr_line' id='line_1_10' title="bbox 254 603 1048 633; baseline -0.005 0"><span class='ocrx_word' id='word_1_63' title='bbox 254 613 308 633; x_wconf 91' lang='lat' dir='ltr'><strong>non</strong></span> <span class='ocrx_word' id='word_1_64' title='bbox 324 605 351 632; x_wconf 85' lang='lat' dir='ltr'><strong>in</strong></span> <span class='ocrx_word' id='word_1_65' title='bbox 365 612 459 632; x_wconf 89' lang='lat' dir='ltr'><strong>casum</strong></span> <span class='ocrx_word' id='word_1_66' title='bbox 473 604 625 632; x_wconf 82' lang='lat' dir='ltr'><strong>confertur.</strong></span> <span class='ocrx_word' id='word_1_67' title='bbox 637 603 828 631; x_wconf 73' lang='lat' dir='ltr'><strong>lnvoluntaria:</strong></span> <span class='ocrx_word' id='word_1_68' title='bbox 842 608 933 630; x_wconf 89' lang='lat' dir='ltr'><strong>autem</strong></span> <span class='ocrx_word' id='word_1_69' title='bbox 946 603 1048 630; x_wconf 77' lang='lat' dir='ltr'><strong>habent</strong></span> 
     </span>
    </p>
   </div>
   <div class='ocr_carea' id='block_1_11' title="bbox 255 647 1046 685">
    <p class='ocr_par' dir='ltr' id='par_1_11' title="bbox 255 647 1046 685">
     <span class='ocr_line' id='line_1_11' title="bbox 255 647 1046 685; baseline -0.008 -6"><span class='ocrx_word' id='word_1_70' title='bbox 255 651 400 679; x_wconf 80' lang='lat' dir='ltr'><strong>manifesta</strong></span> <span class='ocrx_word' id='word_1_71' title='bbox 420 651 538 682; x_wconf 88' lang='lat' dir='ltr'><strong>indicia,</strong></span> <span class='ocrx_word' id='word_1_72' title='bbox 554 650 663 685; x_wconf 87' lang='lat' dir='ltr'><strong>quando</strong></span> <span class='ocrx_word' id='word_1_73' title='bbox 685 649 748 683; x_wconf 90' lang='lat' dir='ltr'><strong>quis</strong></span> <span class='ocrx_word' id='word_1_74' title='bbox 767 649 846 684; x_wconf 83' lang='lat'><strong>331</strong></span> <span class='ocrx_word' id='word_1_75' title='bbox 868 648 949 675; x_wconf 87' lang='lat' dir='ltr'><strong>alicui</strong></span> <span class='ocrx_word' id='word_1_76' title='bbox 970 647 1046 674; x_wconf 77' lang='lat' dir='ltr'><strong>alteri</strong></span> 
     </span>
    </p>
   </div>
   <div class='ocr_carea' id='block_1_12' title="bbox 254 692 1047 731">
    <p class='ocr_par' dir='ltr' id='par_1_12' title="bbox 254 692 1047 731">
     <span class='ocr_line' id='line_1_12' title="bbox 254 692 1047 731; baseline -0.009 -5"><span class='ocrx_word' id='word_1_77' title='bbox 254 698 292 726; x_wconf 88' lang='lat' dir='ltr'><strong>rei</strong></span> <span class='ocrx_word' id='word_1_78' title='bbox 312 697 432 725; x_wconf 84' lang='lat' dir='ltr'><strong>studium</strong></span> <span class='ocrx_word' id='word_1_79' title='bbox 455 696 610 731; x_wconf 85' lang='lat' dir='ltr'><strong>applicans,</strong></span> <span class='ocrx_word' id='word_1_80' title='bbox 629 702 695 722; x_wconf 86' lang='lat' dir='ltr'><strong>casu</strong></span> <span class='ocrx_word' id='word_1_81' title='bbox 719 694 912 730; x_wconf 80' lang='lat' dir='ltr'><strong>gravissimum</strong></span> <span class='ocrx_word' id='word_1_82' title='bbox 936 692 1047 727; x_wconf 81' lang='lat' dir='ltr'><strong>aliquod</strong></span> 
     </span>
    </p>
   </div>
   <div class='ocr_carea' id='block_1_13' title="bbox 253 737 1048 777">
    <p class='ocr_par' dir='ltr' id='par_1_13' title="bbox 253 737 1048 777">
     <span class='ocr_line' id='line_1_13' title="bbox 253 737 1048 777; baseline -0.009 -6"><span class='ocrx_word' id='word_1_83' title='bbox 253 744 356 771; x_wconf 88' lang='lat' dir='ltr'><strong>malum</strong></span> <span class='ocrx_word' id='word_1_84' title='bbox 379 742 538 777; x_wconf 89' lang='lat' dir='ltr'><strong>patraverit.</strong></span> <span class='ocrx_word' id='word_1_85' title='bbox 556 740 584 767; x_wconf 91' lang='lat' dir='ltr'><strong>ln</strong></span> <span class='ocrx_word' id='word_1_86' title='bbox 612 740 655 768; x_wconf 91' lang='lat' dir='ltr'><strong>his</strong></span> <span class='ocrx_word' id='word_1_87' title='bbox 676 747 741 774; x_wconf 78' lang='lat' dir='ltr'><strong>ergo</strong></span> <span class='ocrx_word' id='word_1_88' title='bbox 779 739 866 767; x_wconf 62' lang='lat' dir='ltr'><strong>caedes</strong></span> <span class='ocrx_word' id='word_1_89' title='bbox 887 738 996 773; x_wconf 84' lang='lat' dir='ltr'><strong>quidem</strong></span> <span class='ocrx_word' id='word_1_90' title='bbox 1020 737 1048 764; x_wconf 89' lang='lat' dir='ltr'><strong>in</strong></span> 
     </span>
    </p>
   </div>
   <div class='ocr_carea' id='block_1_14' title="bbox 257 784 1046 824">
    <p class='ocr_par' dir='ltr' id='par_1_14' title="bbox 257 784 1046 824">
     <span class='ocr_line' id='line_1_14' title="bbox 257 784 1046 824; baseline -0.009 -7"><span class='ocrx_word' id='word_1_91' title='bbox 257 789 353 824; x_wconf 86' lang='lat' dir='ltr'><strong>triplex</strong></span> <span class='ocrx_word' id='word_1_92' title='bbox 369 793 476 823; x_wconf 85' lang='lat' dir='ltr'><strong>tempus</strong></span> <span class='ocrx_word' id='word_1_93' title='bbox 493 787 649 815; x_wconf 83' lang='lat' dir='ltr'><strong>extenditur</strong></span> <span class='ocrx_word' id='word_1_94' title='bbox 664 787 698 814; x_wconf 92' lang='lat' dir='ltr'><strong>iis</strong></span> <span class='ocrx_word' id='word_1_95' title='bbox 712 786 758 821; x_wconf 90' lang='lat' dir='ltr'><strong>qui</strong></span> <span class='ocrx_word' id='word_1_96' title='bbox 775 793 823 820; x_wconf 88' lang='lat' dir='ltr'><strong>per</strong></span> <span class='ocrx_word' id='word_1_97' title='bbox 839 784 1046 812; x_wconf 82' lang='lat' dir='ltr'><strong>conversionem</strong></span> 
     </span>
    </p>
   </div>
   <div class='ocr_carea' id='block_1_15' title="bbox 255 830 1047 865">
    <p class='ocr_par' dir='ltr' id='par_1_15' title="bbox 255 830 1047 865">
     <span class='ocr_line' id='line_1_15' title="bbox 255 830 1047 865; baseline -0.008 -3"><span class='ocrx_word' id='word_1_98' title='bbox 255 835 409 865; x_wconf 86' lang='lat' dir='ltr'><strong>voluntario</strong></span> <span class='ocrx_word' id='word_1_99' title='bbox 427 833 539 861; x_wconf 86' lang='lat' dir='ltr'><strong>facinori</strong></span> <span class='ocrx_word' id='word_1_100' title='bbox 560 832 708 860; x_wconf 87' lang='lat' dir='ltr'><strong>remedium</strong></span> <span class='ocrx_word' id='word_1_101' title='bbox 734 831 863 858; x_wconf 83' lang='lat' dir='ltr'><strong>aﬂ&#39;erunt.</strong></span> <span class='ocrx_word' id='word_1_102' title='bbox 881 830 934 857; x_wconf 90' lang='lat' dir='ltr'><strong>Ter</strong></span> <span class='ocrx_word' id='word_1_103' title='bbox 951 836 1047 856; x_wconf 89' lang='lat' dir='ltr'><strong>novem</strong></span> 
     </span>
    </p>
   </div>
   <div class='ocr_carea' id='block_1_16' title="bbox 256 875 1046 912">
    <p class='ocr_par' dir='ltr' id='par_1_16' title="bbox 256 875 1046 912">
     <span class='ocr_line' id='line_1_16' title="bbox 256 875 1046 912; baseline -0.009 -4"><span class='ocrx_word' id='word_1_104' title='bbox 256 881 338 908; x_wconf 87' lang='lat' dir='ltr'><strong>etiam</strong></span> <span class='ocrx_word' id='word_1_105' title='bbox 361 885 426 907; x_wconf 90' lang='lat' dir='ltr'><strong>sunt</strong></span> <span class='ocrx_word' id='word_1_106' title='bbox 445 881 524 912; x_wconf 80' lang='lat' dir='ltr'><strong>antri,</strong></span> <span class='ocrx_word' id='word_1_107' title='bbox 541 878 709 906; x_wconf 85' lang='lat' dir='ltr'><strong>novennario</strong></span> <span class='ocrx_word' id='word_1_108' title='bbox 726 884 862 904; x_wconf 90' lang='lat' dir='ltr'><strong>annorum</strong></span> <span class='ocrx_word' id='word_1_109' title='bbox 881 883 994 902; x_wconf 89' lang='lat' dir='ltr'><strong>numero</strong></span> <span class='ocrx_word' id='word_1_110' title='bbox 1019 875 1046 901; x_wconf 94' lang='lat' dir='ltr'><strong>in</strong></span> 
     </span>
    </p>
   </div>
   <div class='ocr_carea' id='block_1_17' title="bbox 258 912 1084 962">
    <p class='ocr_par' dir='ltr' id='par_1_17' title="bbox 258 912 1084 962">
     <span class='ocr_line' id='line_1_17' title="bbox 258 912 1084 962; baseline -0.008 -8"><span class='ocrx_word' id='word_1_111' title='bbox 258 933 421 962; x_wconf 89' lang='lat' dir='ltr'><strong>unoquoque</strong></span> <span class='ocrx_word' id='word_1_112' title='bbox 437 925 523 960; x_wconf 80' lang='lat' dir='ltr'><strong>gradu</strong></span> <span class='ocrx_word' id='word_1_113' title='bbox 541 924 691 959; x_wconf 59' lang='lat' dir='ltr'><strong>praeﬁnito,</strong></span> <span class='ocrx_word' id='word_1_114' title='bbox 707 929 737 950; x_wconf 90' lang='lat' dir='ltr'><strong>ut</strong></span> <span class='ocrx_word' id='word_1_115' title='bbox 753 923 779 949; x_wconf 92' lang='lat' dir='ltr'><strong>in</strong></span> <span class='ocrx_word' id='word_1_116' title='bbox 798 922 917 957; x_wconf 86' lang='lat' dir='ltr'><strong>perfecta</strong></span> <span class='ocrx_word' id='word_1_117' title='bbox 936 921 1046 956; x_wconf 84' lang='lat' dir='ltr'><strong>quidem</strong></span> <span class='ocrx_word' id='word_1_118' title='bbox 1064 912 1084 939; x_wconf 70' lang='grc' dir='ltr'><strong>Β</strong></span> 
     </span>
    </p>
   </div>
   <div class='ocr_carea' id='block_1_18' title="bbox 257 967 1049 1009">
    <p class='ocr_par' dir='ltr' id='par_1_18' title="bbox 257 967 1049 1009">
     <span class='ocr_line' id='line_1_18' title="bbox 257 967 1049 1009; baseline -0.01 -8"><span class='ocrx_word' id='word_1_119' title='bbox 257 973 443 1009; x_wconf 78' lang='lat' dir='ltr'><strong>segregatione</strong></span> <span class='ocrx_word' id='word_1_120' title='bbox 462 979 560 999; x_wconf 88' lang='lat' dir='ltr'><strong>novem</strong></span> <span class='ocrx_word' id='word_1_121' title='bbox 577 978 712 999; x_wconf 88' lang='lat' dir='ltr'><strong>annorutu</strong></span> <span class='ocrx_word' id='word_1_122' title='bbox 731 974 860 1004; x_wconf 88' lang='lat' dir='ltr'><strong>tempore</strong></span> <span class='ocrx_word' id='word_1_123' title='bbox 875 972 1000 995; x_wconf 87' lang='lat' dir='ltr'><strong>versetur</strong></span> <span class='ocrx_word' id='word_1_124' title='bbox 1015 967 1049 994; x_wconf 87' lang='lat' dir='ltr'><strong>ab</strong></span> 
     </span>
    </p>
   </div>
   <div class='ocr_carea' id='block_1_19' title="bbox 257 1012 1048 1054">
    <p class='ocr_par' dir='ltr' id='par_1_19' title="bbox 257 1012 1048 1054">
     <span class='ocr_line' id='line_1_19' title="bbox 257 1012 1048 1054; baseline -0.009 -8"><span class='ocrx_word' id='word_1_125' title='bbox 257 1019 378 1048; x_wconf 81' lang='lat' dir='ltr'><strong>Ecclesia</strong></span> <span class='ocrx_word' id='word_1_126' title='bbox 394 1018 564 1054; x_wconf 87' lang='lat' dir='ltr'><strong>prohibitus;</strong></span> <span class='ocrx_word' id='word_1_127' title='bbox 582 1017 651 1045; x_wconf 86' lang='lat' dir='ltr'><strong>alios</strong></span> <span class='ocrx_word' id='word_1_128' title='bbox 667 1020 755 1043; x_wconf 88' lang='lat' dir='ltr'><strong>autem</strong></span> <span class='ocrx_word' id='word_1_129' title='bbox 770 1020 810 1042; x_wconf 86' lang='lat' dir='ltr'><strong>tot</strong></span> <span class='ocrx_word' id='word_1_130' title='bbox 823 1022 910 1042; x_wconf 85' lang='lat' dir='ltr'><strong>annos</strong></span> <span class='ocrx_word' id='word_1_131' title='bbox 926 1014 953 1040; x_wconf 94' lang='lat' dir='ltr'><strong>in</strong></span> <span class='ocrx_word' id='word_1_132' title='bbox 969 1012 1048 1040; x_wconf 88' lang='lat' dir='ltr'><strong>audi-</strong></span> 
     </span>
    </p>
   </div>
   <div class='ocr_carea' id='block_1_20' title="bbox 257 1060 1044 1100">
    <p class='ocr_par' dir='ltr' id='par_1_20' title="bbox 257 1060 1044 1100">
     <span class='ocr_line' id='line_1_20' title="bbox 257 1060 1044 1100; baseline -0.01 -7"><span class='ocrx_word' id='word_1_133' title='bbox 257 1066 332 1094; x_wconf 88' lang='lat' dir='ltr'><strong>tione</strong></span> <span class='ocrx_word' id='word_1_134' title='bbox 352 1068 525 1100; x_wconf 84' lang='lat' dir='ltr'><strong>permaneat,</strong></span> <span class='ocrx_word' id='word_1_135' title='bbox 542 1064 601 1090; x_wconf 88' lang='lat' dir='ltr'><strong>sola</strong></span> <span class='ocrx_word' id='word_1_136' title='bbox 623 1063 765 1090; x_wconf 88' lang='lat' dir='ltr'><strong>doctorum</strong></span> <span class='ocrx_word' id='word_1_137' title='bbox 788 1065 816 1088; x_wconf 92' lang='lat' dir='ltr'><strong>et</strong></span> <span class='ocrx_word' id='word_1_138' title='bbox 839 1060 1044 1094; x_wconf 87' lang='lat' dir='ltr'><strong>Scripturarum</strong></span> 
     </span>
    </p>
   </div>
   <div class='ocr_carea' id='block_1_21' title="bbox 258 1103 1049 1140">
    <p class='ocr_par' dir='ltr' id='par_1_21' title="bbox 258 1103 1049 1140">
     <span class='ocr_line' id='line_1_21' title="bbox 258 1103 1049 1140; baseline -0.011 -2"><span class='ocrx_word' id='word_1_139' title='bbox 258 1110 398 1138; x_wconf 88' lang='lat' dir='ltr'><strong>auditione</strong></span> <span class='ocrx_word' id='word_1_140' title='bbox 410 1114 437 1136; x_wconf 92' lang='lat' dir='ltr'><strong>et</strong></span> <span class='ocrx_word' id='word_1_141' title='bbox 448 1107 655 1136; x_wconf 85' lang='lat' dir='ltr'><strong>conversatione</strong></span> <span class='ocrx_word' id='word_1_142' title='bbox 667 1113 730 1134; x_wconf 91' lang='lat' dir='ltr'><strong>cum</strong></span> <span class='ocrx_word' id='word_1_143' title='bbox 746 1105 846 1140; x_wconf 87' lang='lat' dir='ltr'><strong>populo</strong></span> <span class='ocrx_word' id='word_1_144' title='bbox 858 1104 957 1139; x_wconf 78' lang='lat' dir='ltr'><strong>dignus</strong></span> <span class='ocrx_word' id='word_1_145' title='bbox 973 1103 1049 1130; x_wconf 87' lang='lat' dir='ltr'><strong>habi-</strong></span> 
     </span>
    </p>
   </div>
   <div class='ocr_carea' id='block_1_22' title="bbox 258 1148 1047 1187">
    <p class='ocr_par' dir='ltr' id='par_1_22' title="bbox 258 1148 1047 1187">
     <span class='ocr_line' id='line_1_22' title="bbox 258 1148 1047 1187; baseline -0.01 -5"><span class='ocrx_word' id='word_1_146' title='bbox 258 1159 318 1187; x_wconf 83' lang='lat' dir='ltr'><strong>tus,</strong></span> <span class='ocrx_word' id='word_1_147' title='bbox 336 1155 364 1181; x_wconf 90' lang='lat' dir='ltr'><strong>in</strong></span> <span class='ocrx_word' id='word_1_148' title='bbox 386 1153 466 1181; x_wconf 87' lang='lat' dir='ltr'><strong>tertio</strong></span> <span class='ocrx_word' id='word_1_149' title='bbox 487 1157 579 1180; x_wconf 86' lang='lat' dir='ltr'><strong>autem</strong></span> <span class='ocrx_word' id='word_1_150' title='bbox 601 1150 770 1179; x_wconf 89' lang='lat' dir='ltr'><strong>novennario</strong></span> <span class='ocrx_word' id='word_1_151' title='bbox 783 1157 845 1177; x_wconf 89' lang='lat' dir='ltr'><strong>cum</strong></span> <span class='ocrx_word' id='word_1_152' title='bbox 860 1149 1004 1176; x_wconf 89' lang='lat' dir='ltr'><strong>substratis</strong></span> <span class='ocrx_word' id='word_1_153' title='bbox 1020 1148 1047 1175; x_wconf 90' lang='lat' dir='ltr'><strong>in</strong></span> 
     </span>
    </p>
   </div>
   <div class='ocr_carea' id='block_1_23' title="bbox 258 1195 1048 1232">
    <p class='ocr_par' dir='ltr' id='par_1_23' title="bbox 258 1195 1048 1232">
     <span class='ocr_line' id='line_1_23' title="bbox 258 1195 1048 1232; baseline -0.009 -4"><span class='ocrx_word' id='word_1_154' title='bbox 258 1200 436 1228; x_wconf 91' lang='lat' dir='ltr'><strong>conversione</strong></span> <span class='ocrx_word' id='word_1_155' title='bbox 456 1207 554 1232; x_wconf 87' lang='lat' dir='ltr'><strong>orans,</strong></span> <span class='ocrx_word' id='word_1_156' title='bbox 570 1203 600 1226; x_wconf 90' lang='lat' dir='ltr'><strong>ut</strong></span> <span class='ocrx_word' id='word_1_157' title='bbox 619 1197 757 1232; x_wconf 84' lang='lat' dir='ltr'><strong>perveniat</strong></span> <span class='ocrx_word' id='word_1_158' title='bbox 775 1196 809 1224; x_wconf 90' lang='lat' dir='ltr'><strong>ad</strong></span> <span class='ocrx_word' id='word_1_159' title='bbox 828 1195 1048 1223; x_wconf 88' lang='lat' dir='ltr'><strong>communionem</strong></span> 
     </span>
    </p>
   </div>
   <div class='ocr_carea' id='block_1_24' title="bbox 259 1241 1048 1278">
    <p class='ocr_par' dir='ltr' id='par_1_24' title="bbox 259 1241 1048 1278">
     <span class='ocr_line' id='line_1_24' title="bbox 259 1241 1048 1278; baseline -0.008 -5"><span class='ocrx_word' id='word_1_160' title='bbox 259 1245 422 1273; x_wconf 86' lang='lat' dir='ltr'><strong>sacramenti</strong></span> <span class='ocrx_word' id='word_1_161' title='bbox 437 1245 556 1278; x_wconf 90' lang='lat' dir='ltr'><strong>scilicet;</strong></span> <span class='ocrx_word' id='word_1_162' title='bbox 575 1248 602 1272; x_wconf 89' lang='lat' dir='ltr'><strong>et</strong></span> <span class='ocrx_word' id='word_1_163' title='bbox 618 1245 645 1271; x_wconf 95' lang='lat' dir='ltr'><strong>in</strong></span> <span class='ocrx_word' id='word_1_164' title='bbox 662 1243 758 1271; x_wconf 88' lang='lat' dir='ltr'><strong>eodem</strong></span> <span class='ocrx_word' id='word_1_165' title='bbox 774 1243 868 1270; x_wconf 87' lang='lat' dir='ltr'><strong>eadem</strong></span> <span class='ocrx_word' id='word_1_166' title='bbox 886 1241 938 1269; x_wconf 86' lang='lat' dir='ltr'><strong>erit</strong></span> <span class='ocrx_word' id='word_1_167' title='bbox 954 1241 1048 1268; x_wconf 87' lang='lat' dir='ltr'><strong>obser-</strong></span> 
     </span>
    </p>
   </div>
   <div class='ocr_carea' id='block_1_25' title="bbox 258 1289 1049 1325">
    <p class='ocr_par' dir='ltr' id='par_1_25' title="bbox 258 1289 1049 1325">
     <span class='ocr_line' id='line_1_25' title="bbox 258 1289 1049 1325; baseline -0.008 -6"><span class='ocrx_word' id='word_1_168' title='bbox 258 1291 332 1319; x_wconf 88' lang='lat' dir='ltr'><strong>vatio</strong></span> <span class='ocrx_word' id='word_1_169' title='bbox 350 1292 383 1318; x_wconf 88' lang='lat' dir='ltr'><strong>ab</strong></span> <span class='ocrx_word' id='word_1_170' title='bbox 400 1298 432 1318; x_wconf 86' lang='lat' dir='ltr'><strong>eo</strong></span> <span class='ocrx_word' id='word_1_171' title='bbox 449 1291 494 1325; x_wconf 90' lang='lat' dir='ltr'><strong>qui</strong></span> <span class='ocrx_word' id='word_1_172' title='bbox 511 1290 661 1318; x_wconf 85' lang='lat' dir='ltr'><strong>Ecclesiam</strong></span> <span class='ocrx_word' id='word_1_173' title='bbox 694 1289 883 1321; x_wconf 79' lang='lat' dir='ltr'><strong>administrat,</strong></span> <span class='ocrx_word' id='word_1_174' title='bbox 899 1292 926 1314; x_wconf 93' lang='lat' dir='ltr'><strong>et</strong></span> <span class='ocrx_word' id='word_1_175' title='bbox 941 1294 990 1322; x_wconf 88' lang='lat' dir='ltr'><strong>pro</strong></span> <span class='ocrx_word' id='word_1_176' title='bbox 1006 1294 1049 1313; x_wconf 85' lang='lat' dir='ltr'><strong>ra-</strong></span> 
     </span>
    </p>
   </div>
   <div class='ocr_carea' id='block_1_26' title="bbox 259 1331 1049 1371">
    <p class='ocr_par' dir='ltr' id='par_1_26' title="bbox 259 1331 1049 1371">
     <span class='ocr_line' id='line_1_26' title="bbox 259 1331 1049 1371; baseline -0.008 -7"><span class='ocrx_word' id='word_1_177' title='bbox 259 1337 333 1364; x_wconf 85' lang='lat' dir='ltr'><strong>tione</strong></span> <span class='ocrx_word' id='word_1_178' title='bbox 345 1336 531 1364; x_wconf 84' lang='lat' dir='ltr'><strong>conversionis</strong></span> <span class='ocrx_word' id='word_1_179' title='bbox 542 1336 581 1363; x_wconf 90' lang='lat' dir='ltr'><strong>illi</strong></span> <span class='ocrx_word' id='word_1_180' title='bbox 593 1343 702 1371; x_wconf 90' lang='lat' dir='ltr'><strong>quoquc</strong></span> <span class='ocrx_word' id='word_1_181' title='bbox 714 1341 802 1370; x_wconf 58' lang='lat' dir='ltr'><strong>paenae</strong></span> <span class='ocrx_word' id='word_1_182' title='bbox 813 1332 936 1361; x_wconf 82' lang='lat' dir='ltr'><strong>extensio</strong></span> <span class='ocrx_word' id='word_1_183' title='bbox 948 1331 1049 1360; x_wconf 85' lang='lat' dir='ltr'><strong>rescin-</strong></span> 
     </span>
    </p>
   </div>
   <div class='ocr_carea' id='block_1_27' title="bbox 258 1377 1049 1416">
    <p class='ocr_par' dir='ltr' id='par_1_27' title="bbox 258 1377 1049 1416">
     <span class='ocr_line' id='line_1_27' title="bbox 258 1377 1049 1416; baseline -0.009 -6"><span class='ocrx_word' id='word_1_184' title='bbox 258 1382 347 1415; x_wconf 90' lang='lat' dir='ltr'><strong>detur,</strong></span> <span class='ocrx_word' id='word_1_185' title='bbox 363 1387 392 1409; x_wconf 89' lang='lat' dir='ltr'><strong>ut</strong></span> <span class='ocrx_word' id='word_1_186' title='bbox 404 1389 452 1416; x_wconf 90' lang='lat' dir='ltr'><strong>pro</strong></span> <span class='ocrx_word' id='word_1_187' title='bbox 468 1389 563 1409; x_wconf 85' lang='lat' dir='ltr'><strong>novem</strong></span> <span class='ocrx_word' id='word_1_188' title='bbox 578 1381 657 1408; x_wconf 89' lang='lat' dir='ltr'><strong>annis</strong></span> <span class='ocrx_word' id='word_1_189' title='bbox 674 1381 701 1407; x_wconf 91' lang='lat' dir='ltr'><strong>in</strong></span> <span class='ocrx_word' id='word_1_190' title='bbox 717 1386 882 1413; x_wconf 88' lang='lat' dir='ltr'><strong>unoquoque</strong></span> <span class='ocrx_word' id='word_1_191' title='bbox 896 1377 994 1412; x_wconf 82' lang='lat' dir='ltr'><strong>gradu,</strong></span> <span class='ocrx_word' id='word_1_192' title='bbox 1007 1377 1049 1403; x_wconf 83' lang='lat' dir='ltr'><strong>vel</strong></span> 
     </span>
    </p>
   </div>
   <div class='ocr_carea' id='block_1_28' title="bbox 258 1423 1048 1464">
    <p class='ocr_par' dir='ltr' id='par_1_28' title="bbox 258 1423 1048 1464">
     <span class='ocr_line' id='line_1_28' title="bbox 258 1423 1048 1464; baseline -0.008 -8"><span class='ocrx_word' id='word_1_193' title='bbox 258 1433 335 1462; x_wconf 87' lang='lat' dir='ltr'><strong>octo,</strong></span> <span class='ocrx_word' id='word_1_194' title='bbox 351 1430 393 1457; x_wconf 88' lang='lat' dir='ltr'><strong>vel</strong></span> <span class='ocrx_word' id='word_1_195' title='bbox 411 1433 531 1464; x_wconf 81' lang='lat' dir='ltr'><strong>septem,</strong></span> <span class='ocrx_word' id='word_1_196' title='bbox 545 1428 587 1455; x_wconf 85' lang='lat' dir='ltr'><strong>vel</strong></span> <span class='ocrx_word' id='word_1_197' title='bbox 604 1427 725 1463; x_wconf 86' lang='lat' dir='ltr'><strong>quinque</strong></span> <span class='ocrx_word' id='word_1_198' title='bbox 741 1426 828 1453; x_wconf 87' lang='lat' dir='ltr'><strong>solum</strong></span> <span class='ocrx_word' id='word_1_199' title='bbox 847 1424 911 1452; x_wconf 88' lang='lat' dir='ltr'><strong>anui</strong></span> <span class='ocrx_word' id='word_1_200' title='bbox 930 1424 1008 1455; x_wconf 77' lang='lat' dir='ltr'><strong>(iant.</strong></span> <span class='ocrx_word' id='word_1_201' title='bbox 1024 1423 1048 1450; x_wconf 84' lang='lat' dir='ltr'><strong>si</strong></span> 
     </span>
    </p>
   </div>
   <div class='ocr_carea' id='block_1_29' title="bbox 258 1472 1049 1510">
    <p class='ocr_par' dir='ltr' id='par_1_29' title="bbox 258 1472 1049 1510">
     <span class='ocr_line' id='line_1_29' title="bbox 258 1472 1049 1510; baseline -0.008 -8"><span class='ocrx_word' id='word_1_202' title='bbox 258 1475 424 1510; x_wconf 64' lang='lat' dir='ltr'><strong>paenitentia:</strong></span> <span class='ocrx_word' id='word_1_203' title='bbox 448 1474 608 1510; x_wconf 76' lang='lat' dir='ltr'><strong>magnitudo</strong></span> <span class='ocrx_word' id='word_1_204' title='bbox 634 1478 742 1508; x_wconf 82' lang='lat' dir='ltr'><strong>tempus</strong></span> <span class='ocrx_word' id='word_1_205' title='bbox 763 1472 870 1504; x_wconf 87' lang='lat' dir='ltr'><strong>vincat,</strong></span> <span class='ocrx_word' id='word_1_206' title='bbox 888 1474 916 1497; x_wconf 91' lang='lat' dir='ltr'><strong>et</strong></span> <span class='ocrx_word' id='word_1_207' title='bbox 939 1473 1049 1504; x_wconf 89' lang='lat' dir='ltr'><strong>superet</strong></span> 
     </span>
    </p>
   </div>
   <div class='ocr_carea' id='block_1_30' title="bbox 258 1519 1049 1555">
    <p class='ocr_par' dir='ltr' id='par_1_30' title="bbox 258 1519 1049 1555">
     <span class='ocr_line' id='line_1_30' title="bbox 258 1519 1049 1555; baseline -0.004 -8"><span class='ocrx_word' id='word_1_208' title='bbox 258 1520 437 1548; x_wconf 87' lang='lat' dir='ltr'><strong>correctionis</strong></span> <span class='ocrx_word' id='word_1_209' title='bbox 455 1520 546 1547; x_wconf 90' lang='lat' dir='ltr'><strong>studio</strong></span> <span class='ocrx_word' id='word_1_210' title='bbox 562 1527 610 1548; x_wconf 90' lang='lat' dir='ltr'><strong>eos</strong></span> <span class='ocrx_word' id='word_1_211' title='bbox 627 1520 674 1554; x_wconf 91' lang='lat' dir='ltr'><strong>qui</strong></span> <span class='ocrx_word' id='word_1_212' title='bbox 693 1521 719 1547; x_wconf 93' lang='lat' dir='ltr'><strong>in</strong></span> <span class='ocrx_word' id='word_1_213' title='bbox 737 1519 819 1555; x_wconf 76' lang='lat' dir='ltr'><strong>longo</strong></span> <span class='ocrx_word' id='word_1_214' title='bbox 837 1524 959 1553; x_wconf 87' lang='lat' dir='ltr'><strong>tempore</strong></span> <span class='ocrx_word' id='word_1_215' title='bbox 979 1525 1049 1552; x_wconf 74' lang='lat' dir='ltr'><strong>prae-</strong></span> 
     </span>
    </p>
   </div>
   <div class='ocr_carea' id='block_1_31' title="bbox 259 1564 1082 1606">
    <p class='ocr_par' dir='ltr' id='par_1_31' title="bbox 259 1564 1082 1606">
     <span class='ocr_line' id='line_1_31' title="bbox 259 1564 1082 1606; baseline -0.004 -13"><span class='ocrx_word' id='word_1_216' title='bbox 259 1566 353 1593; x_wconf 83' lang='lat' dir='ltr'><strong>stituto</strong></span> <span class='ocrx_word' id='word_1_217' title='bbox 370 1570 512 1600; x_wconf 83' lang='lat' dir='ltr'><strong>susceptas</strong></span> <span class='ocrx_word' id='word_1_218' title='bbox 529 1573 545 1592; x_wconf 87' lang='lat' dir='ltr'><strong>a</strong></span> <span class='ocrx_word' id='word_1_219' title='bbox 561 1573 590 1592; x_wconf 88' lang='lat' dir='ltr'><strong>se</strong></span> <span class='ocrx_word' id='word_1_220' title='bbox 608 1565 730 1592; x_wconf 86' lang='lat' dir='ltr'><strong>maculas</strong></span> <span class='ocrx_word' id='word_1_221' title='bbox 747 1565 866 1599; x_wconf 78' lang='lat' dir='ltr'><strong>segniter</strong></span> <span class='ocrx_word' id='word_1_222' title='bbox 882 1564 987 1591; x_wconf 88' lang='lat' dir='ltr'><strong>eluunt.</strong></span> <span class='ocrx_word' id='word_1_223' title='bbox 1005 1564 1048 1590; x_wconf 94' lang='lat' dir='ltr'><strong>ln-</strong></span> <span class='ocrx_word' id='word_1_224' title='bbox 1061 1577 1082 1606; x_wconf 68' lang='grc' dir='ltr'>α</span> 
     </span>
    </p>
   </div>
   <div class='ocr_carea' id='block_1_32' title="bbox 260 1610 1048 1646">
    <p class='ocr_par' dir='ltr' id='par_1_32' title="bbox 260 1610 1048 1646">
     <span class='ocr_line' id='line_1_32' title="bbox 260 1610 1048 1646; baseline -0.001 -8"><span class='ocrx_word' id='word_1_225' title='bbox 260 1611 443 1638; x_wconf 86' lang='lat' dir='ltr'><strong>voluntarium</strong></span> <span class='ocrx_word' id='word_1_226' title='bbox 458 1616 548 1639; x_wconf 90' lang='lat' dir='ltr'><strong>autem</strong></span> <span class='ocrx_word' id='word_1_227' title='bbox 565 1611 643 1638; x_wconf 86' lang='lat' dir='ltr'><strong>venia</strong></span> <span class='ocrx_word' id='word_1_228' title='bbox 660 1611 769 1645; x_wconf 89' lang='lat' dir='ltr'><strong>quidem</strong></span> <span class='ocrx_word' id='word_1_229' title='bbox 784 1612 912 1646; x_wconf 74' lang='lat' dir='ltr'><strong>dignum,</strong></span> <span class='ocrx_word' id='word_1_230' title='bbox 929 1610 977 1638; x_wconf 85' lang='lat' dir='ltr'><strong>sed</strong></span> <span class='ocrx_word' id='word_1_231' title='bbox 993 1618 1048 1637; x_wconf 89' lang='lat' dir='ltr'><strong>non</strong></span> 
     </span>
    </p>
   </div>
   <div class='ocr_carea' id='block_1_33' title="bbox 260 1656 1051 1692">
    <p class='ocr_par' dir='ltr' id='par_1_33' title="bbox 260 1656 1051 1692">
     <span class='ocr_line' id='line_1_33' title="bbox 260 1656 1051 1692; baseline -0.001 -8"><span class='ocrx_word' id='word_1_232' title='bbox 260 1657 395 1685; x_wconf 85' lang='lat' dir='ltr'><strong>laudabile</strong></span> <span class='ocrx_word' id='word_1_233' title='bbox 417 1657 570 1692; x_wconf 87' lang='lat' dir='ltr'><strong>judicatum</strong></span> <span class='ocrx_word' id='word_1_234' title='bbox 594 1662 646 1685; x_wconf 88' lang='lat' dir='ltr'><strong>est.</strong></span> <span class='ocrx_word' id='word_1_235' title='bbox 671 1656 728 1684; x_wconf 87' lang='lat' dir='ltr'><strong>Hoc</strong></span> <span class='ocrx_word' id='word_1_236' title='bbox 753 1661 843 1684; x_wconf 91' lang='lat' dir='ltr'><strong>autem</strong></span> <span class='ocrx_word' id='word_1_237' title='bbox 866 1657 937 1690; x_wconf 86' lang='lat' dir='ltr'><strong>dixi,</strong></span> <span class='ocrx_word' id='word_1_238' title='bbox 960 1661 990 1683; x_wconf 90' lang='lat' dir='ltr'><strong>ut</strong></span> <span class='ocrx_word' id='word_1_239' title='bbox 1015 1656 1051 1683; x_wconf 87' lang='lat' dir='ltr'><strong>sit</strong></span> 
     </span>
    </p>
   </div>
   <div class='ocr_carea' id='block_1_34' title="bbox 261 1698 1049 1737">
    <p class='ocr_par' dir='ltr' id='par_1_34' title="bbox 261 1698 1049 1737">
     <span class='ocr_line' id='line_1_34' title="bbox 261 1698 1049 1737; baseline -0.005 -8"><span class='ocrx_word' id='word_1_240' title='bbox 261 1707 402 1737; x_wconf 90' lang='lat' dir='ltr'><strong>apertum,</strong></span> <span class='ocrx_word' id='word_1_241' title='bbox 418 1701 491 1736; x_wconf 91' lang='lat' dir='ltr'><strong>quod</strong></span> <span class='ocrx_word' id='word_1_242' title='bbox 509 1702 589 1728; x_wconf 87' lang='lat' dir='ltr'><strong>etiam</strong></span> <span class='ocrx_word' id='word_1_243' title='bbox 608 1702 630 1728; x_wconf 89' lang='lat' dir='ltr'><strong>si</strong></span> <span class='ocrx_word' id='word_1_244' title='bbox 648 1701 711 1736; x_wconf 88' lang='lat' dir='ltr'><strong>quis</strong></span> <span class='ocrx_word' id='word_1_245' title='bbox 728 1700 910 1727; x_wconf 78' lang='lat' dir='ltr'><strong>iuvoluntaric</strong></span> <span class='ocrx_word' id='word_1_246' title='bbox 925 1699 1006 1726; x_wconf 88' lang='lat' dir='ltr'><strong>fuerit</strong></span> <span class='ocrx_word' id='word_1_247' title='bbox 1023 1698 1049 1725; x_wconf 93' lang='lat' dir='ltr'><strong>in</strong></span> 
     </span>
    </p>
   </div>
   <div class='ocr_carea' id='block_1_35' title="bbox 261 1744 1048 1780">
    <p class='ocr_par' dir='ltr' id='par_1_35' title="bbox 261 1744 1048 1780">
     <span class='ocr_line' id='line_1_35' title="bbox 261 1744 1048 1780; baseline -0.005 -5"><span class='ocrx_word' id='word_1_248' title='bbox 261 1748 363 1775; x_wconf 81' lang='lat' dir='ltr'><strong>scelere</strong></span> <span class='ocrx_word' id='word_1_249' title='bbox 385 1747 523 1775; x_wconf 89' lang='lat' dir='ltr'><strong>homicidii</strong></span> <span class='ocrx_word' id='word_1_250' title='bbox 548 1755 554 1772; x_wconf 73' lang='grc' dir='ltr'>ε</span> <span class='ocrx_word' id='word_1_251' title='bbox 577 1754 638 1773; x_wconf 90' lang='lat' dir='ltr'><strong>eum</strong></span> <span class='ocrx_word' id='word_1_252' title='bbox 661 1751 792 1780; x_wconf 85' lang='lat' dir='ltr'><strong>tanquam</strong></span> <span class='ocrx_word' id='word_1_253' title='bbox 813 1745 868 1780; x_wconf 89' lang='lat' dir='ltr'><strong>jam</strong></span> <span class='ocrx_word' id='word_1_254' title='bbox 890 1744 1048 1780; x_wconf 87' lang='lat' dir='ltr'><strong>profanum,</strong></span> 
     </span>
    </p>
   </div>
   <div class='ocr_carea' id='block_1_36' title="bbox 261 1791 1049 1828">
    <p class='ocr_par' dir='ltr' id='par_1_36' title="bbox 261 1791 1049 1828">
     <span class='ocr_line' id='line_1_36' title="bbox 261 1791 1049 1828; baseline -0.005 -7"><span class='ocrx_word' id='word_1_255' title='bbox 261 1794 399 1828; x_wconf 89' lang='lat' dir='ltr'><strong>piaculum</strong></span> <span class='ocrx_word' id='word_1_256' title='bbox 415 1793 565 1826; x_wconf 78' lang='lat' dir='ltr'><strong>redditum,</strong></span> <span class='ocrx_word' id='word_1_257' title='bbox 579 1801 594 1819; x_wconf 88' lang='lat' dir='ltr'><strong>a</strong></span> <span class='ocrx_word' id='word_1_258' title='bbox 609 1792 771 1820; x_wconf 83' lang='lat' dir='ltr'><strong>sacerdotali</strong></span> <span class='ocrx_word' id='word_1_259' title='bbox 785 1792 871 1826; x_wconf 75' lang='lat' dir='ltr'><strong>gratia</strong></span> <span class='ocrx_word' id='word_1_260' title='bbox 885 1791 1049 1826; x_wconf 84' lang='lat' dir='ltr'><strong>ejiciendum</strong></span> 
     </span>
    </p>
   </div>
   <div class='ocr_carea' id='block_1_37' title="bbox 262 1837 1051 1876">
    <p class='ocr_par' dir='ltr' id='par_1_37' title="bbox 262 1837 1051 1876">
     <span class='ocr_line' id='line_1_37' title="bbox 262 1837 1051 1876; baseline -0.004 -9"><span class='ocrx_word' id='word_1_261' title='bbox 262 1840 447 1876; x_wconf 86' lang='lat' dir='ltr'><strong>pronuntiavit</strong></span> <span class='ocrx_word' id='word_1_262' title='bbox 459 1847 558 1866; x_wconf 88' lang='lat' dir='ltr'><strong>canon.</strong></span> <span class='ocrx_word' id='word_1_263' title='bbox 573 1838 710 1872; x_wconf 87' lang='lat' dir='ltr'><strong>Quantum</strong></span> <span class='ocrx_word' id='word_1_264' title='bbox 727 1843 817 1865; x_wconf 89' lang='lat' dir='ltr'><strong>autem</strong></span> <span class='ocrx_word' id='word_1_265' title='bbox 832 1842 874 1865; x_wconf 89' lang='lat' dir='ltr'><strong>est</strong></span> <span class='ocrx_word' id='word_1_266' title='bbox 887 1837 1051 1872; x_wconf 83' lang='lat' dir='ltr'><strong>expiationis</strong></span> 
     </span>
    </p>
   </div>
   <div class='ocr_carea' id='block_1_38' title="bbox 261 1884 1050 1921">
    <p class='ocr_par' dir='ltr' id='par_1_38' title="bbox 261 1884 1050 1921">
     <span class='ocr_line' id='line_1_38' title="bbox 261 1884 1050 1921; baseline -0.005 -7"><span class='ocrx_word' id='word_1_267' title='bbox 261 1891 369 1921; x_wconf 85' lang='lat' dir='ltr'><strong>tempus</strong></span> <span class='ocrx_word' id='word_1_268' title='bbox 386 1887 422 1914; x_wconf 92' lang='lat' dir='ltr'><strong>ob</strong></span> <span class='ocrx_word' id='word_1_269' title='bbox 439 1885 590 1920; x_wconf 83' lang='lat' dir='ltr'><strong>simplicem</strong></span> <span class='ocrx_word' id='word_1_270' title='bbox 608 1884 830 1916; x_wconf 83' lang='lat' dir='ltr'><strong>fornicationem,</strong></span> <span class='ocrx_word' id='word_1_271' title='bbox 847 1889 950 1911; x_wconf 88' lang='lat' dir='ltr'><strong>tantum</strong></span> <span class='ocrx_word' id='word_1_272' title='bbox 968 1884 1050 1911; x_wconf 90' lang='lat' dir='ltr'><strong>etiam</strong></span> 
     </span>
    </p>
   </div>
   <div class='ocr_carea' id='block_1_39' title="bbox 261 1929 1052 1964">
    <p class='ocr_par' dir='ltr' id='par_1_39' title="bbox 261 1929 1052 1964">
     <span class='ocr_line' id='line_1_39' title="bbox 261 1929 1052 1964; baseline -0.008 -4"><span class='ocrx_word' id='word_1_273' title='bbox 261 1937 334 1960; x_wconf 86' lang='lat' dir='ltr'><strong>recte</strong></span> <span class='ocrx_word' id='word_1_274' title='bbox 349 1932 449 1959; x_wconf 82' lang='lat' dir='ltr'><strong>habere</strong></span> <span class='ocrx_word' id='word_1_275' title='bbox 461 1931 646 1958; x_wconf 85' lang='lat' dir='ltr'><strong>existimatum</strong></span> <span class='ocrx_word' id='word_1_276' title='bbox 661 1935 702 1957; x_wconf 81' lang='lat' dir='ltr'><strong>est</strong></span> <span class='ocrx_word' id='word_1_277' title='bbox 716 1929 742 1956; x_wconf 97' lang='lat' dir='ltr'><strong>in</strong></span> <span class='ocrx_word' id='word_1_278' title='bbox 757 1930 791 1957; x_wconf 90' lang='lat' dir='ltr'><strong>iis</strong></span> <span class='ocrx_word' id='word_1_279' title='bbox 803 1929 849 1964; x_wconf 91' lang='lat' dir='ltr'><strong>qui</strong></span> <span class='ocrx_word' id='word_1_280' title='bbox 863 1929 964 1956; x_wconf 61' lang='lat' dir='ltr'><strong>easdem</strong></span> <span class='ocrx_word' id='word_1_281' title='bbox 979 1929 1052 1954; x_wconf 82' lang='lat' dir='ltr'><strong>invo-</strong></span> 
     </span>
    </p>
   </div>
   <div class='ocr_carea' id='block_1_40' title="bbox 261 1974 1052 2010">
    <p class='ocr_par' dir='ltr' id='par_1_40' title="bbox 261 1974 1052 2010">
     <span class='ocr_line' id='line_1_40' title="bbox 261 1974 1052 2010; baseline -0.006 -5"><span class='ocrx_word' id='word_1_282' title='bbox 261 1978 408 2006; x_wconf 83' lang='lat' dir='ltr'><strong>luntariam</strong></span> <span class='ocrx_word' id='word_1_283' title='bbox 427 1977 572 2010; x_wconf 84' lang='lat' dir='ltr'><strong>fecissent;</strong></span> <span class='ocrx_word' id='word_1_284' title='bbox 592 1976 709 2009; x_wconf 83' lang='lat' dir='ltr'><strong>scilicet,</strong></span> <span class='ocrx_word' id='word_1_285' title='bbox 728 1976 753 2002; x_wconf 93' lang='lat' dir='ltr'><strong>in</strong></span> <span class='ocrx_word' id='word_1_286' title='bbox 774 1975 807 2002; x_wconf 92' lang='lat' dir='ltr'><strong>iis</strong></span> <span class='ocrx_word' id='word_1_287' title='bbox 824 1982 948 2010; x_wconf 88' lang='lat' dir='ltr'><strong>quoque,</strong></span> <span class='ocrx_word' id='word_1_288' title='bbox 965 1974 1052 2009; x_wconf 83' lang='lat' dir='ltr'><strong>pceni-</strong></span> 
     </span>
    </p>
   </div>
   <div class='ocr_carea' id='block_1_41' title="bbox 262 2019 1050 2054">
    <p class='ocr_par' dir='ltr' id='par_1_41' title="bbox 262 2019 1050 2054">
     <span class='ocr_line' id='line_1_41' title="bbox 262 2019 1050 2054; baseline -0.009 -3"><span class='ocrx_word' id='word_1_289' title='bbox 262 2024 344 2051; x_wconf 90' lang='lat' dir='ltr'><strong>tentis</strong></span> <span class='ocrx_word' id='word_1_290' title='bbox 364 2023 503 2050; x_wconf 88' lang='lat' dir='ltr'><strong>voluntate</strong></span> <span class='ocrx_word' id='word_1_291' title='bbox 521 2023 694 2054; x_wconf 85' lang='lat' dir='ltr'><strong>examinata;</strong></span> <span class='ocrx_word' id='word_1_292' title='bbox 720 2025 748 2048; x_wconf 92' lang='lat' dir='ltr'><strong>ut</strong></span> <span class='ocrx_word' id='word_1_293' title='bbox 769 2021 793 2048; x_wconf 92' lang='lat' dir='ltr'><strong>si</strong></span> <span class='ocrx_word' id='word_1_294' title='bbox 812 2021 847 2047; x_wconf 85' lang='lat' dir='ltr'><strong>sit</strong></span> <span class='ocrx_word' id='word_1_295' title='bbox 872 2020 923 2047; x_wconf 86' lang='lat' dir='ltr'><strong>Iide</strong></span> <span class='ocrx_word' id='word_1_296' title='bbox 942 2019 1050 2054; x_wconf 88' lang='lat' dir='ltr'><strong>quidem</strong></span> 
     </span>
    </p>
   </div>
   <div class='ocr_carea' id='block_1_42' title="bbox 262 2070 1050 2105">
    <p class='ocr_par' dir='ltr' id='par_1_42' title="bbox 262 2070 1050 2105">
     <span class='ocr_line' id='line_1_42' title="bbox 262 2070 1050 2105; baseline -0.008 -8"><span class='ocrx_word' id='word_1_297' title='bbox 262 2071 343 2105; x_wconf 79' lang='lat' dir='ltr'><strong>digna</strong></span> <span class='ocrx_word' id='word_1_298' title='bbox 365 2070 524 2101; x_wconf 84' lang='lat' dir='ltr'><strong>conversio,</strong></span> <span class='ocrx_word' id='word_1_299' title='bbox 541 2076 593 2095; x_wconf 91' lang='lat' dir='ltr'><strong>non</strong></span> <span class='ocrx_word' id='word_1_300' title='bbox 612 2072 736 2095; x_wconf 87' lang='lat' dir='ltr'><strong>servetur</strong></span> <span class='ocrx_word' id='word_1_301' title='bbox 753 2073 886 2093; x_wconf 87' lang='lat' dir='ltr'><strong>annorum</strong></span> <span class='ocrx_word' id='word_1_302' title='bbox 904 2072 1050 2098; x_wconf 83' lang='lat' dir='ltr'><strong>numerus;</strong></span> 
     </span>
    </p>
   </div>
   <div class='ocr_carea' id='block_1_43' title="bbox 262 2112 1052 2151">
    <p class='ocr_par' dir='ltr' id='par_1_43' title="bbox 262 2112 1052 2151">
     <span class='ocr_line' id='line_1_43' title="bbox 262 2112 1052 2151; baseline -0.008 -7"><span class='ocrx_word' id='word_1_303' title='bbox 262 2118 308 2144; x_wconf 87' lang='lat' dir='ltr'><strong>sed</strong></span> <span class='ocrx_word' id='word_1_304' title='bbox 323 2116 455 2151; x_wconf 72' lang='lat' dir='ltr'><strong>temporis</strong></span> <span class='ocrx_word' id='word_1_305' title='bbox 469 2115 625 2150; x_wconf 82' lang='lat' dir='ltr'><strong>prolixitalc</strong></span> <span class='ocrx_word' id='word_1_306' title='bbox 638 2118 771 2146; x_wconf 88' lang='lat' dir='ltr'><strong>resecata,</strong></span> <span class='ocrx_word' id='word_1_307' title='bbox 783 2113 815 2139; x_wconf 88' lang='lat' dir='ltr'><strong>ad</strong></span> <span class='ocrx_word' id='word_1_308' title='bbox 830 2112 910 2147; x_wconf 78' lang='lat'><strong>332</strong></span> <span class='ocrx_word' id='word_1_309' title='bbox 925 2112 1052 2139; x_wconf 71' lang='lat' dir='ltr'><strong>Ecclesiae</strong></span> 
     </span>
    </p>
   </div>
   <div class='ocr_carea' id='block_1_44' title="bbox 262 2158 1052 2195">
    <p class='ocr_par' dir='ltr' id='par_1_44' title="bbox 262 2158 1052 2195">
     <span class='ocr_line' id='line_1_44' title="bbox 262 2158 1052 2195; baseline -0.006 -5"><span class='ocrx_word' id='word_1_310' title='bbox 262 2163 461 2191; x_wconf 88' lang='lat' dir='ltr'><strong>restitutionem</strong></span> <span class='ocrx_word' id='word_1_311' title='bbox 483 2166 511 2189; x_wconf 86' lang='lat' dir='ltr'><strong>et</strong></span> <span class='ocrx_word' id='word_1_312' title='bbox 535 2161 597 2188; x_wconf 91' lang='lat' dir='ltr'><strong>boni</strong></span> <span class='ocrx_word' id='word_1_313' title='bbox 626 2160 862 2195; x_wconf 81' lang='lat' dir='ltr'><strong>participationem</strong></span> <span class='ocrx_word' id='word_1_314' title='bbox 890 2158 1052 2193; x_wconf 88' lang='lat' dir='ltr'><strong>compendio</strong></span> 
     </span>
    </p>
   </div>
   <div class='ocr_carea' id='block_1_45' title="bbox 262 2210 417 2237">
    <p class='ocr_par' dir='ltr' id='par_1_45' title="bbox 262 2210 417 2237">
     <span class='ocr_line' id='line_1_45' title="bbox 262 2210 417 2237; baseline -0.006 0"><span class='ocrx_word' id='word_1_315' title='bbox 262 2210 417 2237; x_wconf 88' lang='lat' dir='ltr'><strong>reducatur.</strong></span> 
     </span>
    </p>
   </div>
   <div class='ocr_carea' id='block_1_46' title="bbox 821 185 1299 217">
    <p class='ocr_par' dir='ltr' id='par_1_46' title="bbox 821 185 1299 217">
     <span class='ocr_line' id='line_1_46' title="bbox 821 185 1299 217; baseline -0.002 0"><span class='ocrx_word' id='word_1_316' title='bbox 821 186 952 217; x_wconf 83' lang='lat' dir='ltr'><strong>PHOTII</strong></span> <span class='ocrx_word' id='word_1_317' title='bbox 970 185 1221 216; x_wconf 76' lang='lat' dir='ltr'><strong>PATRlARCH/E</strong></span> <span class='ocrx_word' id='word_1_318' title='bbox 1245 186 1299 216; x_wconf 67' lang='grc' dir='ltr'><strong>(ΖΡ.</strong></span> 
     </span>
    </p>
   </div>
   <div class='ocr_carea' id='block_1_47' title="bbox 1823 185 1866 218">
    <p class='ocr_par' dir='ltr' id='par_1_47' title="bbox 1823 185 1866 218">
     <span class='ocr_line' id='line_1_47' title="bbox 1823 185 1866 218; baseline 0.047 -2"><span class='ocrx_word' id='word_1_319' title='bbox 1823 185 1866 218; x_wconf 68' lang='lat'><strong>812</strong></span> 
     </span>
    </p>
   </div>
   <div class='ocr_carea' id='block_1_48' title="bbox 1097 237 1865 277">
    <p class='ocr_par' dir='ltr' id='par_1_48' title="bbox 1097 237 1865 277">
     <span class='ocr_line' id='line_1_48' title="bbox 1097 237 1865 277; baseline 0.004 -12"><span class='ocrx_word' id='word_1_320' title='bbox 1097 239 1226 266; x_wconf 80' lang='grc' dir='ltr'><strong>ἀκουσίου</strong></span> <span class='ocrx_word' id='word_1_321' title='bbox 1238 249 1244 255; x_wconf 91' lang='grc'><strong>·</strong></span> <span class='ocrx_word' id='word_1_322' title='bbox 1260 241 1288 266; x_wconf 81' lang='grc' dir='ltr'><strong>ἐν</strong></span> <span class='ocrx_word' id='word_1_323' title='bbox 1296 237 1336 272; x_wconf 70' lang='grc' dir='ltr'><strong>οἷς</strong></span> <span class='ocrx_word' id='word_1_324' title='bbox 1347 239 1470 272; x_wconf 76' lang='grc' dir='ltr'><strong>ἑκούσιος</strong></span> <span class='ocrx_word' id='word_1_325' title='bbox 1487 241 1536 275; x_wconf 82' lang='grc' dir='ltr'><strong>μέν</strong></span> <span class='ocrx_word' id='word_1_326' title='bbox 1547 240 1605 267; x_wconf 75' lang='grc' dir='ltr'><strong>ἐστι</strong></span> <span class='ocrx_word' id='word_1_327' title='bbox 1616 239 1706 277; x_wconf 62' lang='grc' dir='ltr'><strong>φόνος)</strong></span> <span class='ocrx_word' id='word_1_328' title='bbox 1717 240 1814 275; x_wconf 84' lang='grc' dir='ltr'><strong>πρῶτον</strong></span> <span class='ocrx_word' id='word_1_329' title='bbox 1825 243 1865 277; x_wconf 81' lang='grc' dir='ltr'><strong>μὲν</strong></span> 
     </span>
    </p>
   </div>
   <div class='ocr_carea' id='block_1_49' title="bbox 1101 285 1868 321">
    <p class='ocr_par' dir='ltr' id='par_1_49' title="bbox 1101 285 1868 321">
     <span class='ocr_line' id='line_1_49' title="bbox 1101 285 1868 321; baseline 0.003 -10"><span class='ocrx_word' id='word_1_330' title='bbox 1101 285 1115 310; x_wconf 90' lang='grc'>6</span> <span class='ocrx_word' id='word_1_331' title='bbox 1132 285 1164 311; x_wconf 76' lang='grc' dir='ltr'><strong>ἐκ</strong></span> <span class='ocrx_word' id='word_1_332' title='bbox 1191 287 1366 321; x_wconf 82' lang='grc' dir='ltr'><strong>παρασκευῆς</strong></span> <span class='ocrx_word' id='word_1_333' title='bbox 1382 285 1585 321; x_wconf 84' lang='grc' dir='ltr'><strong>τετολμημένος</strong></span> <span class='ocrx_word' id='word_1_334' title='bbox 1597 286 1644 312; x_wconf 82' lang='grc' dir='ltr'><strong>τοῦ</strong></span> <span class='ocrx_word' id='word_1_335' title='bbox 1662 285 1702 317; x_wconf 72' lang='grc' dir='ltr'><strong>εἷς</strong></span> <span class='ocrx_word' id='word_1_336' title='bbox 1724 286 1785 313; x_wconf 76' lang='grc' dir='ltr'><strong>αὐτὸ</strong></span> <span class='ocrx_word' id='word_1_337' title='bbox 1800 287 1868 314; x_wconf 80' lang='grc' dir='ltr'><strong>τοῦτο</strong></span> 
     </span>
    </p>
   </div>
   <div class='ocr_carea' id='block_1_50' title="bbox 1101 331 1868 367">
    <p class='ocr_par' dir='ltr' id='par_1_50' title="bbox 1101 331 1868 367">
     <span class='ocr_line' id='line_1_50' title="bbox 1101 331 1868 367; baseline 0.004 -11"><span class='ocrx_word' id='word_1_338' title='bbox 1101 331 1327 367; x_wconf 82' lang='grc' dir='ltr'><strong>εὐτρεπισμὲνου,</strong></span> <span class='ocrx_word' id='word_1_339' title='bbox 1340 333 1413 364; x_wconf 78' lang='grc' dir='ltr'><strong>ὅπως</strong></span> <span class='ocrx_word' id='word_1_340' title='bbox 1424 332 1456 358; x_wconf 83' lang='grc' dir='ltr'><strong>ἂν</strong></span> <span class='ocrx_word' id='word_1_341' title='bbox 1465 332 1496 358; x_wconf 78' lang='grc' dir='ltr'><strong>τὸ</strong></span> <span class='ocrx_word' id='word_1_342' title='bbox 1505 332 1570 366; x_wconf 79' lang='grc' dir='ltr'><strong>ἄγος</strong></span> <span class='ocrx_word' id='word_1_343' title='bbox 1579 332 1728 366; x_wconf 83' lang='grc' dir='ltr'><strong>ἐργάσηται</strong></span> <span class='ocrx_word' id='word_1_344' title='bbox 1737 339 1744 347; x_wconf 67' lang='grc' dir='ltr'><strong>ο</strong></span> <span class='ocrx_word' id='word_1_345' title='bbox 1754 332 1837 359; x_wconf 79' lang='grc' dir='ltr'><strong>ἔπειτα</strong></span> <span class='ocrx_word' id='word_1_346' title='bbox 1845 333 1868 359; x_wconf 76' lang='grc' dir='ltr'><strong>δὲ</strong></span> 
     </span>
    </p>
   </div>
   <div class='ocr_carea' id='block_1_51' title="bbox 1101 376 1870 413">
    <p class='ocr_par' dir='ltr' id='par_1_51' title="bbox 1101 376 1870 413">
     <span class='ocr_line' id='line_1_51' title="bbox 1101 376 1870 413; baseline 0.003 -11"><span class='ocrx_word' id='word_1_347' title='bbox 1101 376 1226 409; x_wconf 73' lang='grc' dir='ltr'><strong>κάκεῖνος</strong></span> <span class='ocrx_word' id='word_1_348' title='bbox 1236 378 1265 404; x_wconf 82' lang='grc' dir='ltr'><strong>ἐν</strong></span> <span class='ocrx_word' id='word_1_349' title='bbox 1275 379 1331 409; x_wconf 83' lang='grc' dir='ltr'><strong>τοῖς</strong></span> <span class='ocrx_word' id='word_1_350' title='bbox 1342 378 1475 409; x_wconf 78' lang='grc' dir='ltr'><strong>ἑκουσίοις</strong></span> <span class='ocrx_word' id='word_1_351' title='bbox 1485 377 1627 412; x_wconf 86' lang='grc' dir='ltr'><strong>ἐνομίσθη,</strong></span> <span class='ocrx_word' id='word_1_352' title='bbox 1639 377 1702 403; x_wconf 79' lang='grc' dir='ltr'><strong>ὅταν</strong></span> <span class='ocrx_word' id='word_1_353' title='bbox 1717 385 1757 408; x_wconf 88' lang='grc' dir='ltr'><strong>τις</strong></span> <span class='ocrx_word' id='word_1_354' title='bbox 1768 378 1794 404; x_wconf 79' lang='grc' dir='ltr'><strong>ἐν</strong></span> <span class='ocrx_word' id='word_1_355' title='bbox 1810 387 1870 413; x_wconf 85' lang='grc' dir='ltr'><strong>συμ-</strong></span> 
     </span>
    </p>
   </div>
   <div class='ocr_carea' id='block_1_52' title="bbox 1101 421 1869 459">
    <p class='ocr_par' dir='ltr' id='par_1_52' title="bbox 1101 421 1869 459">
     <span class='ocr_line' id='line_1_52' title="bbox 1101 421 1869 459; baseline 0.003 -11"><span class='ocrx_word' id='word_1_356' title='bbox 1101 421 1187 457; x_wconf 83' lang='grc' dir='ltr'><strong>πλοκῇ</strong></span> <span class='ocrx_word' id='word_1_357' title='bbox 1202 423 1249 449; x_wconf 76' lang='grc' dir='ltr'><strong>καὶ</strong></span> <span class='ocrx_word' id='word_1_358' title='bbox 1265 423 1339 459; x_wconf 87' lang='grc' dir='ltr'><strong>μάχῃ</strong></span> <span class='ocrx_word' id='word_1_359' title='bbox 1354 425 1463 450; x_wconf 81' lang='grc' dir='ltr'><strong>τύπτων</strong></span> <span class='ocrx_word' id='word_1_360' title='bbox 1476 431 1505 449; x_wconf 88' lang='grc' dir='ltr'><strong>τε</strong></span> <span class='ocrx_word' id='word_1_361' title='bbox 1526 424 1575 449; x_wconf 74' lang='grc' dir='ltr'><strong>καὶ</strong></span> <span class='ocrx_word' id='word_1_362' title='bbox 1594 423 1766 458; x_wconf 80' lang='grc' dir='ltr'><strong>τυπτόμενος,</strong></span> <span class='ocrx_word' id='word_1_363' title='bbox 1783 424 1869 459; x_wconf 76' lang='grc' dir='ltr'><strong>ἐνέγκῃ</strong></span> 
     </span>
    </p>
   </div>
   <div class='ocr_carea' id='block_1_53' title="bbox 1100 468 1869 504">
    <p class='ocr_par' dir='ltr' id='par_1_53' title="bbox 1100 468 1869 504">
     <span class='ocr_line' id='line_1_53' title="bbox 1100 468 1869 504; baseline 0.001 -10"><span class='ocrx_word' id='word_1_364' title='bbox 1100 468 1171 495; x_wconf 84' lang='grc' dir='ltr'><strong>κατά</strong></span> <span class='ocrx_word' id='word_1_365' title='bbox 1178 477 1248 498; x_wconf 76' lang='grc' dir='ltr'><strong>τινος</strong></span> <span class='ocrx_word' id='word_1_366' title='bbox 1261 469 1367 504; x_wconf 81' lang='grc' dir='ltr'><strong>καιρίου</strong></span> <span class='ocrx_word' id='word_1_367' title='bbox 1379 469 1427 504; x_wconf 86' lang='grc' dir='ltr'><strong>τὴν</strong></span> <span class='ocrx_word' id='word_1_368' title='bbox 1438 468 1482 495; x_wconf 79' lang='grc' dir='ltr'><strong>διὰ</strong></span> <span class='ocrx_word' id='word_1_369' title='bbox 1495 469 1545 503; x_wconf 82' lang='grc' dir='ltr'><strong>τῆς</strong></span> <span class='ocrx_word' id='word_1_370' title='bbox 1562 469 1652 503; x_wconf 77' lang='grc' dir='ltr'><strong>χειρὸς</strong></span> <span class='ocrx_word' id='word_1_371' title='bbox 1666 469 1770 503; x_wconf 82' lang='grc' dir='ltr'><strong>πληγήν</strong></span> <span class='ocrx_word' id='word_1_372' title='bbox 1781 478 1786 484; x_wconf 92' lang='grc'>·</span> <span class='ocrx_word' id='word_1_373' title='bbox 1801 470 1869 504; x_wconf 80' lang='grc' dir='ltr'><strong>ὁγὰρ</strong></span> 
     </span>
    </p>
   </div>
   <div class='ocr_carea' id='block_1_54' title="bbox 1100 513 1872 550">
    <p class='ocr_par' dir='ltr' id='par_1_54' title="bbox 1100 513 1872 550">
     <span class='ocr_line' id='line_1_54' title="bbox 1100 513 1872 550; baseline 0 -10"><span class='ocrx_word' id='word_1_374' title='bbox 1100 513 1173 546; x_wconf 77' lang='grc' dir='ltr'><strong>ἅπαξ</strong></span> <span class='ocrx_word' id='word_1_375' title='bbox 1184 514 1222 549; x_wconf 84' lang='grc' dir='ltr'><strong>τῷ</strong></span> <span class='ocrx_word' id='word_1_376' title='bbox 1231 514 1308 549; x_wconf 81' lang='grc' dir='ltr'><strong>θυμῷ</strong></span> <span class='ocrx_word' id='word_1_377' title='bbox 1317 513 1473 548; x_wconf 81' lang='grc' dir='ltr'><strong>κρατηθεὶς,</strong></span> <span class='ocrx_word' id='word_1_378' title='bbox 1483 514 1529 540; x_wconf 78' lang='grc' dir='ltr'><strong>καὶ</strong></span> <span class='ocrx_word' id='word_1_379' title='bbox 1539 515 1571 549; x_wconf 82' lang='grc' dir='ltr'><strong>τῇ</strong></span> <span class='ocrx_word' id='word_1_380' title='bbox 1581 515 1652 549; x_wconf 81' lang='grc' dir='ltr'><strong>ὁρμῇ</strong></span> <span class='ocrx_word' id='word_1_381' title='bbox 1661 514 1710 548; x_wconf 86' lang='grc' dir='ltr'><strong>τῆς</strong></span> <span class='ocrx_word' id='word_1_382' title='bbox 1719 513 1799 549; x_wconf 80' lang='grc' dir='ltr'><strong>ὀργῆς</strong></span> <span class='ocrx_word' id='word_1_383' title='bbox 1807 523 1872 550; x_wconf 71' lang='grc' dir='ltr'><strong>χαριη</strong></span> 
     </span>
    </p>
   </div>
   <div class='ocr_carea' id='block_1_55' title="bbox 1100 560 1873 595">
    <p class='ocr_par' dir='ltr' id='par_1_55' title="bbox 1100 560 1873 595">
     <span class='ocr_line' id='line_1_55' title="bbox 1100 560 1873 595; baseline 0 -9"><span class='ocrx_word' id='word_1_384' title='bbox 1100 560 1222 595; x_wconf 71' lang='grc' dir='ltr'><strong>ξάμενος,</strong></span> <span class='ocrx_word' id='word_1_385' title='bbox 1234 560 1311 586; x_wconf 81' lang='grc' dir='ltr'><strong>οὐδὲν</strong></span> <span class='ocrx_word' id='word_1_386' title='bbox 1319 560 1352 587; x_wconf 85' lang='grc' dir='ltr'><strong>ἂν</strong></span> <span class='ocrx_word' id='word_1_387' title='bbox 1364 560 1438 595; x_wconf 86' lang='grc' dir='ltr'><strong>παρὰ</strong></span> <span class='ocrx_word' id='word_1_388' title='bbox 1450 560 1494 586; x_wconf 83' lang='grc' dir='ltr'><strong>τὸν</strong></span> <span class='ocrx_word' id='word_1_389' title='bbox 1507 560 1602 595; x_wconf 75' lang='grc' dir='ltr'><strong>καιρὸν</strong></span> <span class='ocrx_word' id='word_1_390' title='bbox 1630 560 1678 586; x_wconf 81' lang='grc' dir='ltr'><strong>τοῦ</strong></span> <span class='ocrx_word' id='word_1_391' title='bbox 1705 560 1802 592; x_wconf 80' lang='grc' dir='ltr'><strong>πάθους</strong></span> <span class='ocrx_word' id='word_1_392' title='bbox 1827 561 1873 586; x_wconf 75' lang='grc' dir='ltr'><strong>τῶν</strong></span> 
     </span>
    </p>
   </div>
   <div class='ocr_carea' id='block_1_56' title="bbox 1099 605 1873 640">
    <p class='ocr_par' dir='ltr' id='par_1_56' title="bbox 1099 605 1873 640">
     <span class='ocr_line' id='line_1_56' title="bbox 1099 605 1873 640; baseline -0.001 -8"><span class='ocrx_word' id='word_1_393' title='bbox 1099 605 1234 640; x_wconf 77' lang='grc' dir='ltr'><strong>ἀνακόψαι</strong></span> <span class='ocrx_word' id='word_1_394' title='bbox 1250 606 1280 632; x_wconf 80' lang='grc' dir='ltr'><strong>τὸ</strong></span> <span class='ocrx_word' id='word_1_395' title='bbox 1293 606 1376 632; x_wconf 82' lang='grc' dir='ltr'><strong>κακὸν</strong></span> <span class='ocrx_word' id='word_1_396' title='bbox 1387 606 1555 640; x_wconf 84' lang='grc' dir='ltr'><strong>δυναμένων.</strong></span> <span class='ocrx_word' id='word_1_397' title='bbox 1568 605 1614 632; x_wconf 78' lang='grc' dir='ltr'><strong>ἐπὶ</strong></span> <span class='ocrx_word' id='word_1_398' title='bbox 1625 605 1688 632; x_wconf 81' lang='grc' dir='ltr'><strong>νοῦν</strong></span> <span class='ocrx_word' id='word_1_399' title='bbox 1704 605 1778 632; x_wconf 77' lang='grc' dir='ltr'><strong>λάδοι</strong></span> <span class='ocrx_word' id='word_1_400' title='bbox 1787 612 1794 619; x_wconf 92' lang='grc'><strong>·</strong></span> <span class='ocrx_word' id='word_1_401' title='bbox 1812 605 1873 631; x_wconf 78' lang='grc' dir='ltr'><strong>ὥστε</strong></span> 
     </span>
    </p>
   </div>
   <div class='ocr_carea' id='block_1_57' title="bbox 1099 651 1874 687">
    <p class='ocr_par' dir='ltr' id='par_1_57' title="bbox 1099 651 1874 687">
     <span class='ocr_line' id='line_1_57' title="bbox 1099 651 1874 687; baseline -0.001 -9"><span class='ocrx_word' id='word_1_402' title='bbox 1099 651 1146 678; x_wconf 68' lang='grc' dir='ltr'><strong>καὶ</strong></span> <span class='ocrx_word' id='word_1_403' title='bbox 1160 651 1189 678; x_wconf 73' lang='grc' dir='ltr'><strong>τὸ</strong></span> <span class='ocrx_word' id='word_1_404' title='bbox 1203 652 1235 678; x_wconf 85' lang='grc' dir='ltr'><strong>ὲκ</strong></span> <span class='ocrx_word' id='word_1_405' title='bbox 1247 653 1297 686; x_wconf 80' lang='grc' dir='ltr'><strong>τῆς</strong></span> <span class='ocrx_word' id='word_1_406' title='bbox 1308 651 1468 687; x_wconf 83' lang='grc' dir='ltr'><strong>συμπλοκῆς</strong></span> <span class='ocrx_word' id='word_1_407' title='bbox 1483 652 1657 687; x_wconf 80' lang='grc' dir='ltr'><strong>ἀποτέλεσμα</strong></span> <span class='ocrx_word' id='word_1_408' title='bbox 1672 651 1720 677; x_wconf 82' lang='grc' dir='ltr'><strong>τοῦ</strong></span> <span class='ocrx_word' id='word_1_409' title='bbox 1736 651 1824 685; x_wconf 87' lang='grc' dir='ltr'><strong>φόνου,</strong></span> <span class='ocrx_word' id='word_1_410' title='bbox 1839 652 1874 682; x_wconf 79' lang='grc' dir='ltr'><strong>εἰς</strong></span> 
     </span>
    </p>
   </div>
   <div class='ocr_carea' id='block_1_58' title="bbox 1100 697 1874 732">
    <p class='ocr_par' dir='ltr' id='par_1_58' title="bbox 1100 697 1874 732">
     <span class='ocr_line' id='line_1_58' title="bbox 1100 697 1874 732; baseline -0.001 -9"><span class='ocrx_word' id='word_1_411' title='bbox 1100 697 1180 732; x_wconf 85' lang='grc' dir='ltr'><strong>έργον</strong></span> <span class='ocrx_word' id='word_1_412' title='bbox 1193 697 1380 732; x_wconf 78' lang='grc' dir='ltr'><strong>προαιρέσεως</strong></span> <span class='ocrx_word' id='word_1_413' title='bbox 1395 698 1442 724; x_wconf 75' lang='grc' dir='ltr'><strong>καὶ</strong></span> <span class='ocrx_word' id='word_1_414' title='bbox 1457 699 1508 724; x_wconf 85' lang='grc' dir='ltr'><strong>οὐκ</strong></span> <span class='ocrx_word' id='word_1_415' title='bbox 1525 699 1566 729; x_wconf 88' lang='grc' dir='ltr'><strong>είς</strong></span> <span class='ocrx_word' id='word_1_416' title='bbox 1577 699 1729 732; x_wconf 79' lang='grc' dir='ltr'><strong>ἀποτυχίαν</strong></span> <span class='ocrx_word' id='word_1_417' title='bbox 1744 698 1874 731; x_wconf 81' lang='grc' dir='ltr'><strong>ἀνάγεται·</strong></span> 
     </span>
    </p>
   </div>
   <div class='ocr_carea' id='block_1_59' title="bbox 1100 743 1878 779">
    <p class='ocr_par' dir='ltr' id='par_1_59' title="bbox 1100 743 1878 779">
     <span class='ocr_line' id='line_1_59' title="bbox 1100 743 1878 779; baseline -0.001 -10"><span class='ocrx_word' id='word_1_418' title='bbox 1100 745 1122 770; x_wconf 79' lang='grc' dir='ltr'><strong>οἱ</strong></span> <span class='ocrx_word' id='word_1_419' title='bbox 1138 743 1166 770; x_wconf 80' lang='grc' dir='ltr'><strong>δὲ</strong></span> <span class='ocrx_word' id='word_1_420' title='bbox 1183 743 1305 770; x_wconf 79' lang='grc' dir='ltr'><strong>ἀκούσιοι</strong></span> <span class='ocrx_word' id='word_1_421' title='bbox 1320 744 1425 779; x_wconf 76' lang='grc' dir='ltr'><strong>φανερὰ</strong></span> <span class='ocrx_word' id='word_1_422' title='bbox 1444 743 1537 778; x_wconf 74' lang='grc' dir='ltr'><strong>ἔχουσι</strong></span> <span class='ocrx_word' id='word_1_423' title='bbox 1562 744 1597 770; x_wconf 78' lang='grc' dir='ltr'><strong>τὰ</strong></span> <span class='ocrx_word' id='word_1_424' title='bbox 1612 743 1800 779; x_wconf 80' lang='grc' dir='ltr'><strong>γνωρίσματα,</strong></span> <span class='ocrx_word' id='word_1_425' title='bbox 1822 743 1878 769; x_wconf 82' lang='grc' dir='ltr'><strong>’ὁταν</strong></span> 
     </span>
    </p>
   </div>
   <div class='ocr_carea' id='block_1_60' title="bbox 1099 787 1877 824">
    <p class='ocr_par' dir='ltr' id='par_1_60' title="bbox 1099 787 1877 824">
     <span class='ocr_line' id='line_1_60' title="bbox 1099 787 1877 824; baseline -0.004 -9"><span class='ocrx_word' id='word_1_426' title='bbox 1099 797 1142 820; x_wconf 81' lang='grc' dir='ltr'><strong>τις</strong></span> <span class='ocrx_word' id='word_1_427' title='bbox 1158 789 1227 824; x_wconf 80' lang='grc' dir='ltr'><strong>πρὸς</strong></span> <span class='ocrx_word' id='word_1_428' title='bbox 1243 788 1337 822; x_wconf 70' lang='grc' dir='ltr'><strong>ἕτερόν</strong></span> <span class='ocrx_word' id='word_1_429' title='bbox 1352 796 1378 815; x_wconf 86' lang='grc' dir='ltr'><strong>τι</strong></span> <span class='ocrx_word' id='word_1_430' title='bbox 1392 789 1441 822; x_wconf 84' lang='grc' dir='ltr'><strong>τὴν</strong></span> <span class='ocrx_word' id='word_1_431' title='bbox 1456 788 1573 821; x_wconf 82' lang='grc' dir='ltr'><strong>σπουδὴν</strong></span> <span class='ocrx_word' id='word_1_432' title='bbox 1594 787 1675 822; x_wconf 72' lang='grc' dir='ltr'><strong>ἔχων,</strong></span> <span class='ocrx_word' id='word_1_433' title='bbox 1694 787 1723 819; x_wconf 78' lang='grc' dir='ltr'><strong>ἐξ</strong></span> <span class='ocrx_word' id='word_1_434' title='bbox 1737 787 1877 821; x_wconf 81' lang='grc' dir='ltr'><strong>ἀποτυχίας</strong></span> 
     </span>
    </p>
   </div>
   <div class='ocr_carea' id='block_1_61' title="bbox 1099 832 1881 870">
    <p class='ocr_par' dir='ltr' id='par_1_61' title="bbox 1099 832 1881 870">
     <span class='ocr_line' id='line_1_61' title="bbox 1099 832 1881 870; baseline -0.004 -9"><span class='ocrx_word' id='word_1_435' title='bbox 1099 843 1126 861; x_wconf 90' lang='grc' dir='ltr'><strong>τι</strong></span> <span class='ocrx_word' id='word_1_436' title='bbox 1138 835 1192 861; x_wconf 85' lang='grc' dir='ltr'><strong>τῶν</strong></span> <span class='ocrx_word' id='word_1_437' title='bbox 1209 834 1367 870; x_wconf 77' lang='grc' dir='ltr'><strong>ἀνηκέστων</strong></span> <span class='ocrx_word' id='word_1_438' title='bbox 1381 834 1468 869; x_wconf 83' lang='grc' dir='ltr'>δράσῃ</span> <span class='ocrx_word' id='word_1_439' title='bbox 1479 843 1486 850; x_wconf 89' lang='grc'>·</span> <span class='ocrx_word' id='word_1_440' title='bbox 1505 834 1550 860; x_wconf 77' lang='grc' dir='ltr'><strong>ἐπὶ</strong></span> <span class='ocrx_word' id='word_1_441' title='bbox 1566 834 1670 860; x_wconf 86' lang='grc' dir='ltr'><strong>τούτων</strong></span> <span class='ocrx_word' id='word_1_442' title='bbox 1692 833 1792 864; x_wconf 83' lang='grc' dir='ltr'><strong>τοίνυν,</strong></span> <span class='ocrx_word' id='word_1_443' title='bbox 1808 833 1822 858; x_wconf 81' lang='grc' dir='ltr'><strong>ὁ</strong></span> <span class='ocrx_word' id='word_1_444' title='bbox 1836 832 1881 866; x_wconf 83' lang='grc' dir='ltr'><strong>μέν</strong></span> 
     </span>
    </p>
   </div>
   <div class='ocr_carea' id='block_1_62' title="bbox 1099 877 1882 915">
    <p class='ocr_par' dir='ltr' id='par_1_62' title="bbox 1099 877 1882 915">
     <span class='ocr_line' id='line_1_62' title="bbox 1099 877 1882 915; baseline -0.003 -9"><span class='ocrx_word' id='word_1_445' title='bbox 1099 879 1180 914; x_wconf 84' lang='grc' dir='ltr'><strong>φόνος</strong></span> <span class='ocrx_word' id='word_1_446' title='bbox 1201 880 1241 911; x_wconf 83' lang='grc' dir='ltr'><strong>είς</strong></span> <span class='ocrx_word' id='word_1_447' title='bbox 1258 879 1436 915; x_wconf 80' lang='grc' dir='ltr'><strong>τριπλασίονα</strong></span> <span class='ocrx_word' id='word_1_448' title='bbox 1457 879 1551 915; x_wconf 78' lang='grc' dir='ltr'><strong>χρόνον</strong></span> <span class='ocrx_word' id='word_1_449' title='bbox 1572 879 1768 914; x_wconf 85' lang='grc' dir='ltr'><strong>παρατείνεται</strong></span> <span class='ocrx_word' id='word_1_450' title='bbox 1787 879 1840 910; x_wconf 79' lang='grc' dir='ltr'><strong>τοῖς</strong></span> <span class='ocrx_word' id='word_1_451' title='bbox 1852 877 1882 904; x_wconf 85' lang='grc' dir='ltr'><strong>δι’</strong></span> 
     </span>
    </p>
   </div>
   <div class='ocr_carea' id='block_1_63' title="bbox 1101 924 1884 961">
    <p class='ocr_par' dir='ltr' id='par_1_63' title="bbox 1101 924 1884 961">
     <span class='ocr_line' id='line_1_63' title="bbox 1101 924 1884 961; baseline -0.001 -10"><span class='ocrx_word' id='word_1_452' title='bbox 1101 925 1268 961; x_wconf 79' lang='grc' dir='ltr'><strong>ἐπιστροφῆς</strong></span> <span class='ocrx_word' id='word_1_453' title='bbox 1284 925 1513 961; x_wconf 74' lang='grc' dir='ltr'><strong>θεραπευομένοις</strong></span> <span class='ocrx_word' id='word_1_454' title='bbox 1529 925 1559 951; x_wconf 87' lang='grc' dir='ltr'><strong>τδ</strong></span> <span class='ocrx_word' id='word_1_455' title='bbox 1573 925 1699 951; x_wconf 75' lang='grc' dir='ltr'><strong>ἑκούσιον</strong></span> <span class='ocrx_word' id='word_1_456' title='bbox 1725 925 1790 958; x_wconf 79' lang='grc' dir='ltr'><strong>άγος</strong></span> <span class='ocrx_word' id='word_1_457' title='bbox 1804 932 1812 940; x_wconf 89' lang='grc'><strong>·</strong></span> <span class='ocrx_word' id='word_1_458' title='bbox 1829 924 1884 959; x_wconf 73' lang='grc' dir='ltr'><strong>ἰρις</strong></span> 
     </span>
    </p>
   </div>
   <div class='ocr_carea' id='block_1_64' title="bbox 1100 970 1884 1006">
    <p class='ocr_par' dir='ltr' id='par_1_64' title="bbox 1100 970 1884 1006">
     <span class='ocr_line' id='line_1_64' title="bbox 1100 970 1884 1006; baseline -0.001 -8"><span class='ocrx_word' id='word_1_459' title='bbox 1100 971 1179 999; x_wconf 78' lang='grc' dir='ltr'><strong>ἐννέα</strong></span> <span class='ocrx_word' id='word_1_460' title='bbox 1197 972 1252 1006; x_wconf 91' lang='grc' dir='ltr'><strong>γάρ</strong></span> <span class='ocrx_word' id='word_1_461' title='bbox 1266 972 1335 998; x_wconf 79' lang='grc' dir='ltr'><strong>εἰσιν</strong></span> <span class='ocrx_word' id='word_1_462' title='bbox 1353 971 1484 1003; x_wconf 71' lang='grc' dir='ltr'><strong>ἐνιαυτοὶ,</strong></span> <span class='ocrx_word' id='word_1_463' title='bbox 1506 971 1569 997; x_wconf 88' lang='grc' dir='ltr'><strong>καθ’</strong></span> <span class='ocrx_word' id='word_1_464' title='bbox 1584 971 1703 998; x_wconf 76' lang='grc' dir='ltr'><strong>ἕκαστον</strong></span> <span class='ocrx_word' id='word_1_465' title='bbox 1717 971 1820 1006; x_wconf 81' lang='grc' dir='ltr'><strong>βαθμὸν</strong></span> <span class='ocrx_word' id='word_1_466' title='bbox 1838 970 1884 1004; x_wconf 78' lang='grc' dir='ltr'><strong>τῆς</strong></span> 
     </span>
    </p>
   </div>
   <div class='ocr_carea' id='block_1_65' title="bbox 1100 1016 1885 1052">
    <p class='ocr_par' dir='ltr' id='par_1_65' title="bbox 1100 1016 1885 1052">
     <span class='ocr_line' id='line_1_65' title="bbox 1100 1016 1885 1052; baseline -0.003 -8"><span class='ocrx_word' id='word_1_467' title='bbox 1100 1017 1208 1049; x_wconf 79' lang='grc' dir='ltr'><strong>ὲννάδος</strong></span> <span class='ocrx_word' id='word_1_468' title='bbox 1227 1017 1281 1044; x_wconf 86' lang='grc' dir='ltr'><strong>τῶν</strong></span> <span class='ocrx_word' id='word_1_469' title='bbox 1294 1017 1364 1044; x_wconf 76' lang='grc' dir='ltr'><strong>ἐτῶν</strong></span> <span class='ocrx_word' id='word_1_470' title='bbox 1373 1017 1530 1052; x_wconf 81' lang='grc' dir='ltr'><strong>ὁρισθείσης</strong></span> <span class='ocrx_word' id='word_1_471' title='bbox 1542 1026 1548 1032; x_wconf 92' lang='grc'><strong>·</strong></span> <span class='ocrx_word' id='word_1_472' title='bbox 1563 1016 1634 1043; x_wconf 84' lang='grc' dir='ltr'><strong>ὥστε</strong></span> <span class='ocrx_word' id='word_1_473' title='bbox 1655 1018 1684 1044; x_wconf 85' lang='grc' dir='ltr'><strong>ἐν</strong></span> <span class='ocrx_word' id='word_1_474' title='bbox 1709 1018 1757 1051; x_wconf 76' lang='grc' dir='ltr'><strong>μὲν</strong></span> <span class='ocrx_word' id='word_1_475' title='bbox 1773 1017 1812 1052; x_wconf 80' lang='grc' dir='ltr'><strong>τῷ</strong></span> <span class='ocrx_word' id='word_1_476' title='bbox 1824 1024 1885 1042; x_wconf 66' lang='grc' dir='ltr'><strong>παν-</strong></span> 
     </span>
    </p>
   </div>
   <div class='ocr_carea' id='block_1_66' title="bbox 1099 1062 1888 1099">
    <p class='ocr_par' dir='ltr' id='par_1_66' title="bbox 1099 1062 1888 1099">
     <span class='ocr_line' id='line_1_66' title="bbox 1099 1062 1888 1099; baseline -0.004 -9"><span class='ocrx_word' id='word_1_477' title='bbox 1099 1064 1173 1090; x_wconf 81' lang='grc' dir='ltr'><strong>τελεῖ</strong></span> <span class='ocrx_word' id='word_1_478' title='bbox 1191 1063 1349 1099; x_wconf 81' lang='grc' dir='ltr'><strong>ἁφορισμῷ,</strong></span> <span class='ocrx_word' id='word_1_479' title='bbox 1365 1064 1477 1098; x_wconf 86' lang='grc' dir='ltr'><strong>ἐνναετῆ</strong></span> <span class='ocrx_word' id='word_1_480' title='bbox 1488 1063 1583 1098; x_wconf 85' lang='grc' dir='ltr'><strong>χρόνον</strong></span> <span class='ocrx_word' id='word_1_481' title='bbox 1599 1062 1776 1096; x_wconf 84' lang='grc' dir='ltr'><strong>διαγενέσθαι</strong></span> <span class='ocrx_word' id='word_1_482' title='bbox 1794 1063 1888 1096; x_wconf 81' lang='grc' dir='ltr'><strong>ἀπειρ-</strong></span> 
     </span>
    </p>
   </div>
   <div class='ocr_carea' id='block_1_67' title="bbox 1099 1108 1888 1145">
    <p class='ocr_par' dir='ltr' id='par_1_67' title="bbox 1099 1108 1888 1145">
     <span class='ocr_line' id='line_1_67' title="bbox 1099 1108 1888 1145; baseline -0.004 -9"><span class='ocrx_word' id='word_1_483' title='bbox 1099 1110 1214 1145; x_wconf 90' lang='grc' dir='ltr'><strong>γόμενον</strong></span> <span class='ocrx_word' id='word_1_484' title='bbox 1228 1109 1278 1145; x_wconf 87' lang='grc' dir='ltr'><strong>τῆς</strong></span> <span class='ocrx_word' id='word_1_485' title='bbox 1298 1109 1473 1144; x_wconf 83' lang='grc' dir='ltr'><strong>Ἐκκλησίας·</strong></span> <span class='ocrx_word' id='word_1_486' title='bbox 1488 1108 1555 1136; x_wconf 82' lang='grc' dir='ltr'><strong>ἄλλα</strong></span> <span class='ocrx_word' id='word_1_487' title='bbox 1570 1109 1598 1135; x_wconf 70' lang='grc' dir='ltr'><strong>δὲ</strong></span> <span class='ocrx_word' id='word_1_488' title='bbox 1615 1109 1739 1136; x_wconf 84' lang='grc' dir='ltr'><strong>τοσαῦτα</strong></span> <span class='ocrx_word' id='word_1_489' title='bbox 1754 1108 1802 1143; x_wconf 85' lang='grc' dir='ltr'><strong>ἐτη</strong></span> <span class='ocrx_word' id='word_1_490' title='bbox 1816 1108 1843 1134; x_wconf 77' lang='grc' dir='ltr'><strong>ὲν</strong></span> <span class='ocrx_word' id='word_1_491' title='bbox 1857 1108 1888 1142; x_wconf 78' lang='grc' dir='ltr'><strong>τῇ</strong></span> 
     </span>
    </p>
   </div>
   <div class='ocr_carea' id='block_1_68' title="bbox 1099 1153 1890 1190">
    <p class='ocr_par' dir='ltr' id='par_1_68' title="bbox 1099 1153 1890 1190">
     <span class='ocr_line' id='line_1_68' title="bbox 1099 1153 1890 1190; baseline -0.004 -9"><span class='ocrx_word' id='word_1_492' title='bbox 1099 1155 1231 1190; x_wconf 79' lang='grc' dir='ltr'><strong>ἀκροάσει</strong></span> <span class='ocrx_word' id='word_1_493' title='bbox 1256 1156 1437 1190; x_wconf 85' lang='grc' dir='ltr'><strong>παραμεῖναι,</strong></span> <span class='ocrx_word' id='word_1_494' title='bbox 1464 1155 1549 1190; x_wconf 72' lang='grc' dir='ltr'><strong>μόνης</strong></span> <span class='ocrx_word' id='word_1_495' title='bbox 1574 1154 1630 1181; x_wconf 84' lang='grc' dir='ltr'><strong>τῶν</strong></span> <span class='ocrx_word' id='word_1_496' title='bbox 1650 1154 1825 1180; x_wconf 76' lang='grc' dir='ltr'><strong>διδασκάλων</strong></span> <span class='ocrx_word' id='word_1_497' title='bbox 1848 1153 1890 1178; x_wconf 80' lang='grc' dir='ltr'><strong>καὶ</strong></span> 
     </span>
    </p>
   </div>
   <div class='ocr_carea' id='block_1_69' title="bbox 1099 1196 1889 1235">
    <p class='ocr_par' dir='ltr' id='par_1_69' title="bbox 1099 1196 1889 1235">
     <span class='ocr_line' id='line_1_69' title="bbox 1099 1196 1889 1235; baseline -0.005 -8"><span class='ocrx_word' id='word_1_498' title='bbox 1099 1199 1149 1234; x_wconf 85' lang='grc' dir='ltr'><strong>τῆς</strong></span> <span class='ocrx_word' id='word_1_499' title='bbox 1164 1200 1217 1227; x_wconf 84' lang='grc' dir='ltr'><strong>τῶν</strong></span> <span class='ocrx_word' id='word_1_500' title='bbox 1230 1200 1346 1235; x_wconf 83' lang='grc' dir='ltr'><strong>Γραφῶν</strong></span> <span class='ocrx_word' id='word_1_501' title='bbox 1361 1200 1530 1235; x_wconf 82' lang='grc' dir='ltr'><strong>ἀκροάσεως,</strong></span> <span class='ocrx_word' id='word_1_502' title='bbox 1548 1199 1596 1225; x_wconf 72' lang='grc' dir='ltr'><strong>καὶ</strong></span> <span class='ocrx_word' id='word_1_503' title='bbox 1617 1200 1691 1233; x_wconf 80' lang='grc' dir='ltr'><strong>μετὰ</strong></span> <span class='ocrx_word' id='word_1_504' title='bbox 1708 1199 1759 1233; x_wconf 83' lang='grc' dir='ltr'><strong>τῆς</strong></span> <span class='ocrx_word' id='word_1_505' title='bbox 1773 1198 1820 1224; x_wconf 82' lang='grc' dir='ltr'><strong>τοῦ</strong></span> <span class='ocrx_word' id='word_1_506' title='bbox 1831 1196 1889 1224; x_wconf 73' lang='grc' dir='ltr'><strong>λαοῦ</strong></span> 
     </span>
    </p>
   </div>
   <div class='ocr_carea' id='block_1_70' title="bbox 1100 1243 1892 1280">
    <p class='ocr_par' dir='ltr' id='par_1_70' title="bbox 1100 1243 1892 1280">
     <span class='ocr_line' id='line_1_70' title="bbox 1100 1243 1892 1280; baseline -0.005 -8"><span class='ocrx_word' id='word_1_507' title='bbox 1100 1247 1254 1277; x_wconf 79' lang='grc' dir='ltr'><strong>συστάσεως</strong></span> <span class='ocrx_word' id='word_1_508' title='bbox 1281 1246 1458 1280; x_wconf 72' lang='grc' dir='ltr'><strong>ἀξιούμενονσ</strong></span> <span class='ocrx_word' id='word_1_509' title='bbox 1479 1246 1508 1272; x_wconf 85' lang='grc' dir='ltr'><strong>ἐν</strong></span> <span class='ocrx_word' id='word_1_510' title='bbox 1522 1245 1552 1271; x_wconf 79' lang='grc' dir='ltr'><strong>δὲ</strong></span> <span class='ocrx_word' id='word_1_511' title='bbox 1568 1246 1601 1280; x_wconf 81' lang='grc' dir='ltr'><strong>τῇ</strong></span> <span class='ocrx_word' id='word_1_512' title='bbox 1618 1244 1705 1280; x_wconf 82' lang='grc' dir='ltr'><strong>τρίτῃ</strong></span> <span class='ocrx_word' id='word_1_513' title='bbox 1721 1244 1813 1271; x_wconf 79' lang='grc' dir='ltr'><strong>ἐννάδι</strong></span> <span class='ocrx_word' id='word_1_514' title='bbox 1829 1243 1892 1278; x_wconf 74' lang='grc' dir='ltr'><strong>μετὰ</strong></span> 
     </span>
    </p>
   </div>
   <div class='ocr_carea' id='block_1_71' title="bbox 1099 1290 1892 1326">
    <p class='ocr_par' dir='ltr' id='par_1_71' title="bbox 1099 1290 1892 1326">
     <span class='ocr_line' id='line_1_71' title="bbox 1099 1290 1892 1326; baseline -0.005 -7"><span class='ocrx_word' id='word_1_515' title='bbox 1099 1293 1154 1319; x_wconf 84' lang='grc' dir='ltr'><strong>τῶν</strong></span> <span class='ocrx_word' id='word_1_516' title='bbox 1181 1292 1389 1319; x_wconf 85' lang='grc' dir='ltr'><strong>ὑποπιπτόντων</strong></span> <span class='ocrx_word' id='word_1_517' title='bbox 1419 1293 1448 1318; x_wconf 80' lang='grc' dir='ltr'><strong>ἐν</strong></span> <span class='ocrx_word' id='word_1_518' title='bbox 1476 1292 1634 1326; x_wconf 83' lang='grc' dir='ltr'><strong>ἐπιστροφῇ</strong></span> <span class='ocrx_word' id='word_1_519' title='bbox 1667 1290 1892 1326; x_wconf 70' lang='grc' dir='ltr'><strong>προσευχόμενον,</strong></span> 
     </span>
    </p>
   </div>
   <div class='ocr_carea' id='block_1_72' title="bbox 1099 1336 1894 1372">
    <p class='ocr_par' dir='ltr' id='par_1_72' title="bbox 1099 1336 1894 1372">
     <span class='ocr_line' id='line_1_72' title="bbox 1099 1336 1894 1372; baseline -0.005 -8"><span class='ocrx_word' id='word_1_520' title='bbox 1099 1337 1185 1369; x_wconf 78' lang='grc' dir='ltr'><strong>οὕτως</strong></span> <span class='ocrx_word' id='word_1_521' title='bbox 1214 1337 1302 1364; x_wconf 78' lang='grc' dir='ltr'><strong>ἐλθεῖν</strong></span> <span class='ocrx_word' id='word_1_522' title='bbox 1321 1337 1368 1363; x_wconf 80' lang='grc' dir='ltr'><strong>ἐπὶ</strong></span> <span class='ocrx_word' id='word_1_523' title='bbox 1383 1337 1432 1372; x_wconf 84' lang='grc' dir='ltr'><strong>τὴν</strong></span> <span class='ocrx_word' id='word_1_524' title='bbox 1465 1336 1611 1371; x_wconf 84' lang='grc' dir='ltr'><strong>μετουσίαν</strong></span> <span class='ocrx_word' id='word_1_525' title='bbox 1634 1336 1684 1362; x_wconf 84' lang='grc' dir='ltr'><strong>τοῦ</strong></span> <span class='ocrx_word' id='word_1_526' title='bbox 1712 1336 1894 1369; x_wconf 76' lang='grc' dir='ltr'><strong>ἁγιάσματος·</strong></span> 
     </span>
    </p>
   </div>
   <div class='ocr_carea' id='block_1_73' title="bbox 1098 1381 1896 1420">
    <p class='ocr_par' dir='ltr' id='par_1_73' title="bbox 1098 1381 1896 1420">
     <span class='ocr_line' id='line_1_73' title="bbox 1098 1381 1896 1420; baseline -0.005 -10"><span class='ocrx_word' id='word_1_527' title='bbox 1098 1383 1198 1420; x_wconf 81' lang='grc' dir='ltr'><strong>δηλαδὴ</strong></span> <span class='ocrx_word' id='word_1_528' title='bbox 1229 1384 1276 1410; x_wconf 80' lang='grc' dir='ltr'><strong>καὶ</strong></span> <span class='ocrx_word' id='word_1_529' title='bbox 1303 1384 1350 1409; x_wconf 74' lang='grc' dir='ltr'><strong>ἐπὶ</strong></span> <span class='ocrx_word' id='word_1_530' title='bbox 1361 1382 1409 1409; x_wconf 81' lang='grc' dir='ltr'><strong>τοῦ</strong></span> <span class='ocrx_word' id='word_1_531' title='bbox 1426 1383 1548 1409; x_wconf 88' lang='grc' dir='ltr'><strong>τοιούτου</strong></span> <span class='ocrx_word' id='word_1_532' title='bbox 1570 1383 1587 1416; x_wconf 86' lang='grc' dir='ltr'><strong>ή</strong></span> <span class='ocrx_word' id='word_1_533' title='bbox 1613 1381 1690 1417; x_wconf 81' lang='grc' dir='ltr'><strong>αὐτὴ</strong></span> <span class='ocrx_word' id='word_1_534' title='bbox 1706 1381 1896 1416; x_wconf 80' lang='grc' dir='ltr'><strong>παρατήρησις</strong></span> 
     </span>
    </p>
   </div>
   <div class='ocr_carea' id='block_1_74' title="bbox 1099 1427 1900 1466">
    <p class='ocr_par' dir='ltr' id='par_1_74' title="bbox 1099 1427 1900 1466">
     <span class='ocr_line' id='line_1_74' title="bbox 1099 1427 1900 1466; baseline -0.005 -9"><span class='ocrx_word' id='word_1_535' title='bbox 1099 1431 1176 1456; x_wconf 75' lang='grc' dir='ltr'><strong>ἔσται</strong></span> <span class='ocrx_word' id='word_1_536' title='bbox 1193 1430 1269 1465; x_wconf 81' lang='grc' dir='ltr'><strong>παρὰ</strong></span> <span class='ocrx_word' id='word_1_537' title='bbox 1284 1429 1332 1457; x_wconf 78' lang='grc' dir='ltr'><strong>τοῦ</strong></span> <span class='ocrx_word' id='word_1_538' title='bbox 1349 1429 1554 1466; x_wconf 72' lang='grc' dir='ltr'><strong>οἱκονομοῦντος</strong></span> <span class='ocrx_word' id='word_1_539' title='bbox 1568 1429 1622 1464; x_wconf 82' lang='grc' dir='ltr'><strong>τὴν</strong></span> <span class='ocrx_word' id='word_1_540' title='bbox 1641 1429 1816 1465; x_wconf 80' lang='grc' dir='ltr'><strong>Ἐκκλησίαν</strong></span> <span class='ocrx_word' id='word_1_541' title='bbox 1828 1437 1834 1443; x_wconf 88' lang='grc'>·</span> <span class='ocrx_word' id='word_1_542' title='bbox 1855 1427 1900 1454; x_wconf 75' lang='grc' dir='ltr'><strong>καὶ</strong></span> 
     </span>
    </p>
   </div>
   <div class='ocr_carea' id='block_1_75' title="bbox 1100 1472 1896 1511">
    <p class='ocr_par' dir='ltr' id='par_1_75' title="bbox 1100 1472 1896 1511">
     <span class='ocr_line' id='line_1_75' title="bbox 1100 1472 1896 1511; baseline -0.005 -9"><span class='ocrx_word' id='word_1_543' title='bbox 1100 1475 1167 1510; x_wconf 83' lang='grc' dir='ltr'><strong>πρὸς</strong></span> <span class='ocrx_word' id='word_1_544' title='bbox 1184 1475 1263 1509; x_wconf 87' lang='grc' dir='ltr'><strong>λόγον</strong></span> <span class='ocrx_word' id='word_1_545' title='bbox 1276 1475 1326 1510; x_wconf 86' lang='grc' dir='ltr'><strong>τῆς</strong></span> <span class='ocrx_word' id='word_1_546' title='bbox 1351 1475 1532 1511; x_wconf 72' lang='grc' dir='ltr'><strong>ἐπιστροφῆς,</strong></span> <span class='ocrx_word' id='word_1_547' title='bbox 1563 1475 1801 1509; x_wconf 82' lang='grc' dir='ltr'><strong>συντμηθήσεται</strong></span> <span class='ocrx_word' id='word_1_548' title='bbox 1825 1472 1896 1507; x_wconf 85' lang='grc' dir='ltr'><strong>αὑτῷ</strong></span> 
     </span>
    </p>
   </div>
   <div class='ocr_carea' id='block_1_76' title="bbox 1099 1518 1902 1556">
    <p class='ocr_par' dir='ltr' id='par_1_76' title="bbox 1099 1518 1902 1556">
     <span class='ocr_line' id='line_1_76' title="bbox 1099 1518 1902 1556; baseline -0.005 -9"><span class='ocrx_word' id='word_1_549' title='bbox 1099 1520 1146 1547; x_wconf 74' lang='grc' dir='ltr'><strong>καὶ</strong></span> <span class='ocrx_word' id='word_1_550' title='bbox 1160 1522 1177 1556; x_wconf 85' lang='grc' dir='ltr'><strong>ἡ</strong></span> <span class='ocrx_word' id='word_1_551' title='bbox 1205 1520 1252 1547; x_wconf 82' lang='grc' dir='ltr'><strong>τοῦ</strong></span> <span class='ocrx_word' id='word_1_552' title='bbox 1272 1521 1410 1556; x_wconf 84' lang='grc' dir='ltr'><strong>ἐπιτιμίου</strong></span> <span class='ocrx_word' id='word_1_553' title='bbox 1442 1519 1617 1555; x_wconf 86' lang='grc' dir='ltr'><strong>παράτασις·</strong></span> <span class='ocrx_word' id='word_1_554' title='bbox 1647 1520 1725 1546; x_wconf 78' lang='grc' dir='ltr'><strong>ὥστε</strong></span> <span class='ocrx_word' id='word_1_555' title='bbox 1746 1519 1808 1546; x_wconf 74' lang='grc' dir='ltr'><strong>ἀντὶ</strong></span> <span class='ocrx_word' id='word_1_556' title='bbox 1828 1518 1902 1544; x_wconf 78' lang='grc' dir='ltr'><strong>ἐννέα</strong></span> 
     </span>
    </p>
   </div>
   <div class='ocr_carea' id='block_1_77' title="bbox 1099 1563 1901 1602">
    <p class='ocr_par' dir='ltr' id='par_1_77' title="bbox 1099 1563 1901 1602">
     <span class='ocr_line' id='line_1_77' title="bbox 1099 1563 1901 1602; baseline -0.002 -10"><span class='ocrx_word' id='word_1_557' title='bbox 1099 1567 1167 1593; x_wconf 82' lang='grc' dir='ltr'><strong>ἐτῶν</strong></span> <span class='ocrx_word' id='word_1_558' title='bbox 1185 1567 1227 1602; x_wconf 79' lang='grc' dir='ltr'><strong>ἐφ’</strong></span> <span class='ocrx_word' id='word_1_559' title='bbox 1257 1567 1366 1602; x_wconf 77' lang='grc' dir='ltr'><strong>ἑκάστῳ</strong></span> <span class='ocrx_word' id='word_1_560' title='bbox 1399 1566 1505 1602; x_wconf 80' lang='grc' dir='ltr'><strong>βαθμῷ,</strong></span> <span class='ocrx_word' id='word_1_561' title='bbox 1536 1565 1612 1592; x_wconf 84' lang='grc' dir='ltr'><strong>ὀκτὼ</strong></span> <span class='ocrx_word' id='word_1_562' title='bbox 1640 1566 1659 1601; x_wconf 84' lang='grc' dir='ltr'>ἢ</span> <span class='ocrx_word' id='word_1_563' title='bbox 1689 1566 1773 1598; x_wconf 70' lang='grc' dir='ltr'><strong>ἐπτὰ,</strong></span> <span class='ocrx_word' id='word_1_564' title='bbox 1791 1564 1860 1600; x_wconf 79' lang='grc' dir='ltr'><strong>ἣέξ,</strong></span> <span class='ocrx_word' id='word_1_565' title='bbox 1886 1563 1901 1598; x_wconf 87' lang='grc' dir='ltr'>ἢ</span> 
     </span>
    </p>
   </div>
   <div class='ocr_carea' id='block_1_78' title="bbox 1101 1611 1905 1649">
    <p class='ocr_par' dir='ltr' id='par_1_78' title="bbox 1101 1611 1905 1649">
     <span class='ocr_line' id='line_1_78' title="bbox 1101 1611 1905 1649; baseline -0.004 -9"><span class='ocrx_word' id='word_1_566' title='bbox 1101 1613 1181 1640; x_wconf 86' lang='grc' dir='ltr'><strong>πέντε</strong></span> <span class='ocrx_word' id='word_1_567' title='bbox 1197 1614 1267 1649; x_wconf 89' lang='grc' dir='ltr'><strong>μόνα</strong></span> <span class='ocrx_word' id='word_1_568' title='bbox 1306 1613 1444 1648; x_wconf 82' lang='grc' dir='ltr'><strong>γενέσθαι,</strong></span> <span class='ocrx_word' id='word_1_569' title='bbox 1470 1612 1550 1647; x_wconf 83' lang='grc' dir='ltr'><strong>είπερ</strong></span> <span class='ocrx_word' id='word_1_570' title='bbox 1569 1611 1601 1638; x_wconf 85' lang='grc' dir='ltr'><strong>τὸ</strong></span> <span class='ocrx_word' id='word_1_571' title='bbox 1623 1611 1750 1647; x_wconf 80' lang='grc' dir='ltr'><strong>μεγέθος</strong></span> <span class='ocrx_word' id='word_1_572' title='bbox 1780 1613 1829 1647; x_wconf 81' lang='grc' dir='ltr'><strong>τῆς</strong></span> <span class='ocrx_word' id='word_1_573' title='bbox 1848 1613 1905 1638; x_wconf 78' lang='grc' dir='ltr'><strong>ἐπι-</strong></span> 
     </span>
    </p>
   </div>
   <div class='ocr_carea' id='block_1_79' title="bbox 1103 1657 1905 1696">
    <p class='ocr_par' dir='ltr' id='par_1_79' title="bbox 1103 1657 1905 1696">
     <span class='ocr_line' id='line_1_79' title="bbox 1103 1657 1905 1696; baseline -0.005 -10"><span class='ocrx_word' id='word_1_574' title='bbox 1103 1660 1224 1696; x_wconf 77' lang='grc' dir='ltr'><strong>στροφῆς</strong></span> <span class='ocrx_word' id='word_1_575' title='bbox 1249 1659 1333 1694; x_wconf 77' lang='grc' dir='ltr'><strong>νικῴη</strong></span> <span class='ocrx_word' id='word_1_576' title='bbox 1360 1659 1406 1685; x_wconf 74' lang='grc' dir='ltr'><strong>τὸν</strong></span> <span class='ocrx_word' id='word_1_577' title='bbox 1429 1658 1534 1694; x_wconf 77' lang='grc' dir='ltr'><strong>χρόνον,</strong></span> <span class='ocrx_word' id='word_1_578' title='bbox 1562 1659 1613 1685; x_wconf 72' lang='grc' dir='ltr'><strong>καὶ</strong></span> <span class='ocrx_word' id='word_1_579' title='bbox 1641 1659 1850 1693; x_wconf 75' lang='grc' dir='ltr'><strong>ὑπερϐάλλοιτο</strong></span> <span class='ocrx_word' id='word_1_580' title='bbox 1875 1657 1905 1690; x_wconf 79' lang='grc' dir='ltr'><strong>τῇ</strong></span> 
     </span>
    </p>
   </div>
   <div class='ocr_carea' id='block_1_80' title="bbox 1101 1703 1907 1742">
    <p class='ocr_par' dir='ltr' id='par_1_80' title="bbox 1101 1703 1907 1742">
     <span class='ocr_line' id='line_1_80' title="bbox 1101 1703 1907 1742; baseline -0.004 -10"><span class='ocrx_word' id='word_1_581' title='bbox 1101 1705 1203 1740; x_wconf 82' lang='grc' dir='ltr'><strong>σπουδῇ</strong></span> <span class='ocrx_word' id='word_1_582' title='bbox 1222 1706 1272 1739; x_wconf 82' lang='grc' dir='ltr'><strong>τῆς</strong></span> <span class='ocrx_word' id='word_1_583' title='bbox 1299 1705 1471 1740; x_wconf 78' lang='grc' dir='ltr'><strong>διορθώσεως</strong></span> <span class='ocrx_word' id='word_1_584' title='bbox 1498 1706 1561 1736; x_wconf 80' lang='grc' dir='ltr'><strong>τοὺς</strong></span> <span class='ocrx_word' id='word_1_585' title='bbox 1592 1707 1625 1731; x_wconf 83' lang='grc' dir='ltr'><strong>ἐν</strong></span> <span class='ocrx_word' id='word_1_586' title='bbox 1642 1707 1678 1741; x_wconf 81' lang='grc' dir='ltr'><strong>τῇ</strong></span> <span class='ocrx_word' id='word_1_587' title='bbox 1699 1706 1799 1742; x_wconf 79' lang='grc' dir='ltr'><strong>μακρᾷ</strong></span> <span class='ocrx_word' id='word_1_588' title='bbox 1814 1703 1907 1740; x_wconf 74' lang='grc' dir='ltr'><strong>προθε-</strong></span> 
     </span>
    </p>
   </div>
   <div class='ocr_carea' id='block_1_81' title="bbox 1102 1748 1906 1787">
    <p class='ocr_par' dir='ltr' id='par_1_81' title="bbox 1102 1748 1906 1787">
     <span class='ocr_line' id='line_1_81' title="bbox 1102 1748 1906 1787; baseline -0.004 -10"><span class='ocrx_word' id='word_1_589' title='bbox 1102 1752 1170 1786; x_wconf 77' lang='grc' dir='ltr'><strong>σμίᾳ</strong></span> <span class='ocrx_word' id='word_1_590' title='bbox 1187 1751 1373 1786; x_wconf 73' lang='grc' dir='ltr'><strong>ῥᾳθυμότερον</strong></span> <span class='ocrx_word' id='word_1_591' title='bbox 1390 1751 1503 1782; x_wconf 77' lang='grc' dir='ltr'><strong>ἑαυτοὺς</strong></span> <span class='ocrx_word' id='word_1_592' title='bbox 1519 1751 1574 1778; x_wconf 79' lang='grc' dir='ltr'><strong>ἀπὸ</strong></span> <span class='ocrx_word' id='word_1_593' title='bbox 1601 1752 1656 1787; x_wconf 82' lang='grc' dir='ltr'><strong>τῆς</strong></span> <span class='ocrx_word' id='word_1_594' title='bbox 1675 1752 1793 1787; x_wconf 77' lang='grc' dir='ltr'><strong>κηλῖδος</strong></span> <span class='ocrx_word' id='word_1_595' title='bbox 1813 1748 1906 1777; x_wconf 83' lang='grc' dir='ltr'><strong>καθαί-</strong></span> 
     </span>
    </p>
   </div>
   <div class='ocr_carea' id='block_1_82' title="bbox 1103 1795 1910 1833">
    <p class='ocr_par' dir='ltr' id='par_1_82' title="bbox 1103 1795 1910 1833">
     <span class='ocr_line' id='line_1_82' title="bbox 1103 1795 1910 1833; baseline -0.002 -11"><span class='ocrx_word' id='word_1_596' title='bbox 1103 1804 1207 1832; x_wconf 87' lang='grc' dir='ltr'><strong>ροντας·</strong></span> <span class='ocrx_word' id='word_1_597' title='bbox 1219 1796 1248 1822; x_wconf 75' lang='grc' dir='ltr'><strong>τὸ</strong></span> <span class='ocrx_word' id='word_1_598' title='bbox 1258 1796 1285 1822; x_wconf 76' lang='grc' dir='ltr'><strong>δὲ</strong></span> <span class='ocrx_word' id='word_1_599' title='bbox 1295 1795 1431 1827; x_wconf 75' lang='grc' dir='ltr'><strong>ἀκούσιον,</strong></span> <span class='ocrx_word' id='word_1_600' title='bbox 1445 1797 1626 1830; x_wconf 79' lang='grc' dir='ltr'><strong>συγγνωστὸν</strong></span> <span class='ocrx_word' id='word_1_601' title='bbox 1642 1799 1708 1832; x_wconf 78' lang='grc' dir='ltr'><strong>μὲν,</strong></span> <span class='ocrx_word' id='word_1_602' title='bbox 1720 1799 1753 1824; x_wconf 81' lang='grc' dir='ltr'><strong>οὺ</strong></span> <span class='ocrx_word' id='word_1_603' title='bbox 1768 1798 1825 1833; x_wconf 79' lang='grc' dir='ltr'><strong>μὴν</strong></span> <span class='ocrx_word' id='word_1_604' title='bbox 1837 1797 1910 1823; x_wconf 72' lang='grc' dir='ltr'><strong>ἐπαι-</strong></span> 
     </span>
    </p>
   </div>
   <div class='ocr_carea' id='block_1_83' title="bbox 1101 1840 1909 1877">
    <p class='ocr_par' dir='ltr' id='par_1_83' title="bbox 1101 1840 1909 1877">
     <span class='ocr_line' id='line_1_83' title="bbox 1101 1840 1909 1877; baseline -0.001 -11"><span class='ocrx_word' id='word_1_605' title='bbox 1101 1841 1176 1867; x_wconf 80' lang='grc' dir='ltr'><strong>νετδν</strong></span> <span class='ocrx_word' id='word_1_606' title='bbox 1184 1840 1291 1876; x_wconf 58' lang='lat' dir='ltr'><strong>exple-(1&#39;</strong></span> <span class='ocrx_word' id='word_1_607' title='bbox 1304 1841 1383 1867; x_wconf 82' lang='grc' dir='ltr'><strong>τοῦτο</strong></span> <span class='ocrx_word' id='word_1_608' title='bbox 1397 1841 1425 1867; x_wconf 86' lang='grc' dir='ltr'><strong>δέ</strong></span> <span class='ocrx_word' id='word_1_609' title='bbox 1436 1840 1521 1874; x_wconf 84' lang='grc' dir='ltr'><strong>εἷπον,</strong></span> <span class='ocrx_word' id='word_1_610' title='bbox 1534 1841 1611 1868; x_wconf 85' lang='grc' dir='ltr'><strong>ὥστε</strong></span> <span class='ocrx_word' id='word_1_611' title='bbox 1623 1843 1711 1877; x_wconf 82' lang='grc' dir='ltr'><strong>δῆλον</strong></span> <span class='ocrx_word' id='word_1_612' title='bbox 1728 1843 1862 1877; x_wconf 76' lang='grc' dir='ltr'><strong>γενέσθαι</strong></span> <span class='ocrx_word' id='word_1_613' title='bbox 1873 1841 1909 1867; x_wconf 82' lang='grc' dir='ltr'><strong>ὅτι</strong></span> 
     </span>
    </p>
   </div>
   <div class='ocr_carea' id='block_1_84' title="bbox 1101 1886 1912 1925">
    <p class='ocr_par' dir='ltr' id='par_1_84' title="bbox 1101 1886 1912 1925">
     <span class='ocr_line' id='line_1_84' title="bbox 1101 1886 1912 1925; baseline 0.002 -13"><span class='ocrx_word' id='word_1_614' title='bbox 1101 1887 1155 1913; x_wconf 72' lang='grc' dir='ltr'><strong>κᾶν</strong></span> <span class='ocrx_word' id='word_1_615' title='bbox 1167 1887 1301 1918; x_wconf 78' lang='grc' dir='ltr'><strong>ἀκουσίως</strong></span> <span class='ocrx_word' id='word_1_616' title='bbox 1311 1895 1353 1918; x_wconf 80' lang='grc' dir='ltr'><strong>τις</strong></span> <span class='ocrx_word' id='word_1_617' title='bbox 1366 1886 1479 1922; x_wconf 83' lang='grc' dir='ltr'><strong>γένηται</strong></span> <span class='ocrx_word' id='word_1_618' title='bbox 1494 1888 1523 1914; x_wconf 79' lang='grc' dir='ltr'><strong>ὲν</strong></span> <span class='ocrx_word' id='word_1_619' title='bbox 1539 1887 1581 1923; x_wconf 84' lang='grc' dir='ltr'><strong>τῷ</strong></span> <span class='ocrx_word' id='word_1_620' title='bbox 1593 1888 1648 1915; x_wconf 82' lang='grc' dir='ltr'><strong>τοῦ</strong></span> <span class='ocrx_word' id='word_1_621' title='bbox 1663 1890 1753 1924; x_wconf 83' lang='grc' dir='ltr'><strong>φόνου</strong></span> <span class='ocrx_word' id='word_1_622' title='bbox 1770 1889 1912 1925; x_wconf 79' lang='grc' dir='ltr'><strong>μιάσματι,</strong></span> 
     </span>
    </p>
   </div>
   <div class='ocr_carea' id='block_1_85' title="bbox 1101 1930 1912 1968">
    <p class='ocr_par' dir='ltr' id='par_1_85' title="bbox 1101 1930 1912 1968">
     <span class='ocr_line' id='line_1_85' title="bbox 1101 1930 1912 1968; baseline 0.006 -11"><span class='ocrx_word' id='word_1_623' title='bbox 1101 1931 1139 1963; x_wconf 79' lang='grc' dir='ltr'><strong>ὡς</strong></span> <span class='ocrx_word' id='word_1_624' title='bbox 1155 1931 1204 1966; x_wconf 78' lang='grc' dir='ltr'><strong>ἥδη</strong></span> <span class='ocrx_word' id='word_1_625' title='bbox 1233 1930 1346 1965; x_wconf 76' lang='grc' dir='ltr'><strong>βέϐηλον</strong></span> <span class='ocrx_word' id='word_1_626' title='bbox 1376 1932 1458 1958; x_wconf 76' lang='grc' dir='ltr'><strong>αὐτὸν</strong></span> <span class='ocrx_word' id='word_1_627' title='bbox 1489 1932 1544 1959; x_wconf 84' lang='grc' dir='ltr'><strong>ἀπὸ</strong></span> <span class='ocrx_word' id='word_1_628' title='bbox 1560 1934 1613 1959; x_wconf 85' lang='grc' dir='ltr'><strong>τοῦ</strong></span> <span class='ocrx_word' id='word_1_629' title='bbox 1641 1934 1735 1968; x_wconf 79' lang='grc' dir='ltr'><strong>ἄγους</strong></span> <span class='ocrx_word' id='word_1_630' title='bbox 1757 1934 1912 1968; x_wconf 80' lang='grc' dir='ltr'><strong>γενόμενον.</strong></span> 
     </span>
    </p>
   </div>
   <div class='ocr_carea' id='block_1_86' title="bbox 1102 1977 1914 2015">
    <p class='ocr_par' dir='ltr' id='par_1_86' title="bbox 1102 1977 1914 2015">
     <span class='ocr_line' id='line_1_86' title="bbox 1102 1977 1914 2015; baseline 0.001 -11"><span class='ocrx_word' id='word_1_631' title='bbox 1102 1977 1255 2011; x_wconf 77' lang='grc' dir='ltr'><strong>ἀπόϐλητον</strong></span> <span class='ocrx_word' id='word_1_632' title='bbox 1284 1977 1424 2013; x_wconf 78' lang='grc' dir='ltr'><strong>ἱερατικῆς</strong></span> <span class='ocrx_word' id='word_1_633' title='bbox 1447 1978 1559 2013; x_wconf 86' lang='grc' dir='ltr'><strong>χάριτος</strong></span> <span class='ocrx_word' id='word_1_634' title='bbox 1575 1980 1591 2005; x_wconf 81' lang='grc' dir='ltr'>ὁ</span> <span class='ocrx_word' id='word_1_635' title='bbox 1616 1981 1719 2007; x_wconf 83' lang='grc' dir='ltr'><strong>κανὼν</strong></span> <span class='ocrx_word' id='word_1_636' title='bbox 1736 1981 1914 2015; x_wconf 74' lang='grc' dir='ltr'><strong>ἀπεφήνατο·</strong></span> 
     </span>
    </p>
   </div>
   <div class='ocr_carea' id='block_1_87' title="bbox 1102 2023 1917 2062">
    <p class='ocr_par' dir='ltr' id='par_1_87' title="bbox 1102 2023 1917 2062">
     <span class='ocr_line' id='line_1_87' title="bbox 1102 2023 1917 2062; baseline 0.001 -13"><span class='ocrx_word' id='word_1_637' title='bbox 1102 2023 1164 2054; x_wconf 83' lang='grc' dir='ltr'><strong>ὅσος</strong></span> <span class='ocrx_word' id='word_1_638' title='bbox 1181 2023 1209 2049; x_wconf 78' lang='grc' dir='ltr'><strong>δέ</strong></span> <span class='ocrx_word' id='word_1_639' title='bbox 1220 2023 1294 2049; x_wconf 84' lang='grc' dir='ltr'><strong>ἐστιν</strong></span> <span class='ocrx_word' id='word_1_640' title='bbox 1312 2024 1359 2049; x_wconf 78' lang='grc' dir='ltr'><strong>ἐπὶ</strong></span> <span class='ocrx_word' id='word_1_641' title='bbox 1377 2025 1410 2059; x_wconf 84' lang='grc' dir='ltr'><strong>τῇ</strong></span> <span class='ocrx_word' id='word_1_642' title='bbox 1422 2023 1487 2059; x_wconf 77' lang='grc' dir='ltr'><strong>ψιλῇ</strong></span> <span class='ocrx_word' id='word_1_643' title='bbox 1505 2025 1631 2060; x_wconf 82' lang='grc' dir='ltr'><strong>πορνείᾳ</strong></span> <span class='ocrx_word' id='word_1_644' title='bbox 1651 2027 1705 2052; x_wconf 83' lang='grc' dir='ltr'><strong>τοῦ</strong></span> <span class='ocrx_word' id='word_1_645' title='bbox 1723 2026 1882 2062; x_wconf 82' lang='grc' dir='ltr'><strong>καθαρσίου</strong></span> <span class='ocrx_word' id='word_1_646' title='bbox 1904 2026 1917 2051; x_wconf 78' lang='grc' dir='ltr'>ὁ</span> 
     </span>
    </p>
   </div>
   <div class='ocr_carea' id='block_1_88' title="bbox 1102 2068 1920 2108">
    <p class='ocr_par' dir='ltr' id='par_1_88' title="bbox 1102 2068 1920 2108">
     <span class='ocr_line' id='line_1_88' title="bbox 1102 2068 1920 2108; baseline 0.005 -14"><span class='ocrx_word' id='word_1_647' title='bbox 1102 2068 1207 2104; x_wconf 83' lang='grc' dir='ltr'><strong>χρόνος.</strong></span> <span class='ocrx_word' id='word_1_648' title='bbox 1220 2068 1346 2100; x_wconf 78' lang='grc' dir='ltr'><strong>τοσοῦτος</strong></span> <span class='ocrx_word' id='word_1_649' title='bbox 1365 2070 1412 2095; x_wconf 74' lang='grc' dir='ltr'><strong>κα)⁴</strong></span> <span class='ocrx_word' id='word_1_650' title='bbox 1433 2069 1479 2096; x_wconf 69' lang='grc' dir='ltr'><strong>ἐπὶ</strong></span> <span class='ocrx_word' id='word_1_651' title='bbox 1506 2069 1562 2096; x_wconf 86' lang='grc' dir='ltr'><strong>τῶν</strong></span> <span class='ocrx_word' id='word_1_652' title='bbox 1583 2071 1740 2105; x_wconf 83' lang='grc' dir='ltr'><strong>ἀκουσίως</strong></span> <span class='ocrx_word' id='word_1_653' title='bbox 1758 2071 1920 2108; x_wconf 69' lang='grc' dir='ltr'><strong>πεφονευκῦ</strong></span> 
     </span>
    </p>
   </div>
   <div class='ocr_carea' id='block_1_89' title="bbox 1102 2115 1919 2156">
    <p class='ocr_par' dir='ltr' id='par_1_89' title="bbox 1102 2115 1919 2156">
     <span class='ocr_line' id='line_1_89' title="bbox 1102 2115 1919 2156; baseline 0.005 -14"><span class='ocrx_word' id='word_1_654' title='bbox 1102 2125 1156 2143; x_wconf 87' lang='grc' dir='ltr'><strong>των</strong></span> <span class='ocrx_word' id='word_1_655' title='bbox 1169 2115 1334 2151; x_wconf 82' lang='grc' dir='ltr'><strong>ἐδοκιμάσθη</strong></span> <span class='ocrx_word' id='word_1_656' title='bbox 1359 2115 1450 2147; x_wconf 87' lang='grc' dir='ltr'><strong>καλῶς</strong></span> <span class='ocrx_word' id='word_1_657' title='bbox 1463 2116 1536 2151; x_wconf 79' lang='grc' dir='ltr'><strong>ἔχειν</strong></span> <span class='ocrx_word' id='word_1_658' title='bbox 1549 2124 1556 2132; x_wconf 92' lang='grc'><strong>·</strong></span> <span class='ocrx_word' id='word_1_659' title='bbox 1575 2117 1693 2156; x_wconf 85' lang='grc' dir='ltr'><strong>δηλαδὴ</strong></span> <span class='ocrx_word' id='word_1_660' title='bbox 1712 2121 1764 2148; x_wconf 80' lang='grc' dir='ltr'><strong>καὶ</strong></span> <span class='ocrx_word' id='word_1_661' title='bbox 1794 2122 1824 2147; x_wconf 78' lang='grc' dir='ltr'><strong>ἐν</strong></span> <span class='ocrx_word' id='word_1_662' title='bbox 1839 2119 1919 2152; x_wconf 76' lang='grc' dir='ltr'><strong>τούτῳ</strong></span> 
     </span>
    </p>
   </div>
   <div class='ocr_carea' id='block_1_90' title="bbox 1103 2161 1920 2202">
    <p class='ocr_par' dir='ltr' id='par_1_90' title="bbox 1103 2161 1920 2202">
     <span class='ocr_line' id='line_1_90' title="bbox 1103 2161 1920 2202; baseline 0.01 -15"><span class='ocrx_word' id='word_1_663' title='bbox 1103 2162 1152 2196; x_wconf 82' lang='grc' dir='ltr'><strong>τῆς</strong></span> <span class='ocrx_word' id='word_1_664' title='bbox 1169 2161 1355 2197; x_wconf 86' lang='grc' dir='ltr'><strong>προαιρέσεως</strong></span> <span class='ocrx_word' id='word_1_665' title='bbox 1368 2162 1416 2188; x_wconf 83' lang='grc' dir='ltr'><strong>τοῦ</strong></span> <span class='ocrx_word' id='word_1_666' title='bbox 1443 2162 1657 2197; x_wconf 75' lang='grc' dir='ltr'><strong>μετανοοῦντος</strong></span> <span class='ocrx_word' id='word_1_667' title='bbox 1675 2166 1920 2202; x_wconf 73' lang='grc' dir='ltr'><strong>δοκιμαζομὲνης.</strong></span> 
     </span>
    </p>
   </div>
   <div class='ocr_carea' id='block_1_91' title="bbox 1103 2207 1921 2248">
    <p class='ocr_par' dir='ltr' id='par_1_91' title="bbox 1103 2207 1921 2248">
     <span class='ocr_line' id='line_1_91' title="bbox 1103 2207 1921 2248; baseline 0.004 -15"><span class='ocrx_word' id='word_1_668' title='bbox 1103 2207 1173 2234; x_wconf 84' lang='grc' dir='ltr'><strong>ὥστε</strong></span> <span class='ocrx_word' id='word_1_669' title='bbox 1186 2207 1342 2238; x_wconf 81' lang='grc' dir='ltr'><strong>ἀξιόπιστος</strong></span> <span class='ocrx_word' id='word_1_670' title='bbox 1368 2207 1474 2241; x_wconf 82' lang='grc' dir='ltr'><strong>γένοιτο</strong></span> <span class='ocrx_word' id='word_1_671' title='bbox 1492 2208 1509 2242; x_wconf 83' lang='grc' dir='ltr'><strong>ὴ</strong></span> <span class='ocrx_word' id='word_1_672' title='bbox 1534 2208 1724 2247; x_wconf 80' lang='grc' dir='ltr'><strong>ἐπιστροφὴ,</strong></span> <span class='ocrx_word' id='word_1_673' title='bbox 1749 2212 1792 2248; x_wconf 86' lang='grc' dir='ltr'><strong>μὴ</strong></span> <span class='ocrx_word' id='word_1_674' title='bbox 1819 2213 1921 2240; x_wconf 80' lang='grc' dir='ltr'><strong>πάντως</strong></span> 
     </span>
    </p>
   </div>
   <div class='ocr_carea' id='block_1_92' title="bbox 262 2251 1923 2294">
    <p class='ocr_par' dir='ltr' id='par_1_92' title="bbox 262 2251 1923 2294">
     <span class='ocr_line' id='line_1_92' title="bbox 262 2251 1923 2294; baseline -0.002 -12"><span class='ocrx_word' id='word_1_675' title='bbox 262 2255 511 2290; x_wconf 82' lang='grc' dir='ltr'><strong>παραφυλαχθῆναι</strong></span> <span class='ocrx_word' id='word_1_676' title='bbox 544 2253 588 2280; x_wconf 70' lang='grc' dir='ltr'><strong>τὸν</strong></span> <span class='ocrx_word' id='word_1_677' title='bbox 604 2252 720 2288; x_wconf 81' lang='grc' dir='ltr'><strong>ἀριθμὸν</strong></span> <span class='ocrx_word' id='word_1_678' title='bbox 743 2251 798 2279; x_wconf 86' lang='grc' dir='ltr'><strong>τῶν</strong></span> <span class='ocrx_word' id='word_1_679' title='bbox 825 2251 907 2285; x_wconf 83' lang='grc' dir='ltr'><strong>ὲτῶν,</strong></span> <span class='ocrx_word' id='word_1_680' title='bbox 923 2251 990 2279; x_wconf 82' lang='grc' dir='ltr'><strong>ἀλλὰ</strong></span> <span class='ocrx_word' id='word_1_681' title='bbox 1003 2252 1048 2280; x_wconf 87' lang='grc' dir='ltr'><strong>διὰ</strong></span> <span class='ocrx_word' id='word_1_682' title='bbox 1085 2253 1231 2288; x_wconf 85' lang='grc' dir='ltr'><strong>συντομίας</strong></span> <span class='ocrx_word' id='word_1_683' title='bbox 1262 2254 1377 2288; x_wconf 75' lang='grc' dir='ltr'><strong>ἀγαγεῖν</strong></span> <span class='ocrx_word' id='word_1_684' title='bbox 1403 2252 1484 2279; x_wconf 79' lang='grc' dir='ltr'><strong>αὑτὸν</strong></span> <span class='ocrx_word' id='word_1_685' title='bbox 1512 2254 1555 2284; x_wconf 81' lang='grc' dir='ltr'><strong>είς</strong></span> <span class='ocrx_word' id='word_1_686' title='bbox 1595 2256 1654 2292; x_wconf 70' lang='grc' dir='ltr'><strong>τὴν</strong></span> <span class='ocrx_word' id='word_1_687' title='bbox 1686 2258 1742 2294; x_wconf 80' lang='grc' dir='ltr'><strong>τῆς</strong></span> <span class='ocrx_word' id='word_1_688' title='bbox 1763 2256 1923 2293; x_wconf 66' lang='grc' dir='ltr'><strong>Ἐκκλησίας</strong></span> 
     </span>
    </p>
   </div>
   <div class='ocr_carea' id='block_1_93' title="bbox 262 2297 1051 2335">
    <p class='ocr_par' dir='ltr' id='par_1_93' title="bbox 262 2297 1051 2335">
     <span class='ocr_line' id='line_1_93' title="bbox 262 2297 1051 2335; baseline -0.004 -6"><span class='ocrx_word' id='word_1_689' title='bbox 262 2302 495 2333; x_wconf 81' lang='grc' dir='ltr'><strong>ἀποκατάστασιν,</strong></span> <span class='ocrx_word' id='word_1_690' title='bbox 512 2301 558 2327; x_wconf 79' lang='grc' dir='ltr'><strong>καὶ</strong></span> <span class='ocrx_word' id='word_1_691' title='bbox 583 2301 623 2330; x_wconf 73' lang='grc' dir='ltr'><strong>εἰς</strong></span> <span class='ocrx_word' id='word_1_692' title='bbox 639 2300 689 2335; x_wconf 84' lang='grc' dir='ltr'><strong>τὴν</strong></span> <span class='ocrx_word' id='word_1_693' title='bbox 712 2297 760 2325; x_wconf 84' lang='grc' dir='ltr'><strong>τοῦ</strong></span> <span class='ocrx_word' id='word_1_694' title='bbox 779 2298 880 2332; x_wconf 79' lang='grc' dir='ltr'><strong>ἀγαθοῦ</strong></span> <span class='ocrx_word' id='word_1_695' title='bbox 895 2299 1051 2333; x_wconf 85' lang='grc' dir='ltr'><strong>μετουσίαν.</strong></span> 
     </span>
    </p>
   </div>
   <div class='ocr_carea' id='block_1_94' title="bbox 300 2345 1049 2388">
    <p class='ocr_par' dir='ltr' id='par_1_94' title="bbox 300 2346 1049 2383">
     <span class='ocr_line' id='line_1_94' title="bbox 300 2346 1049 2383; baseline -0.004 -8"><span class='ocrx_word' id='word_1_696' title='bbox 300 2347 326 2375; x_wconf 88' lang='grc'><strong>7,</strong></span> <span class='ocrx_word' id='word_1_697' title='bbox 341 2349 536 2383; x_wconf 87' lang='lat' dir='ltr'><strong>Sepulcrorum</strong></span> <span class='ocrx_word' id='word_1_698' title='bbox 552 2351 642 2374; x_wconf 90' lang='lat' dir='ltr'><strong>autem</strong></span> <span class='ocrx_word' id='word_1_699' title='bbox 657 2346 777 2378; x_wconf 71' lang='lat' dir='ltr'><strong>emissio,</strong></span> <span class='ocrx_word' id='word_1_700' title='bbox 790 2346 846 2381; x_wconf 88' lang='lat' dir='ltr'><strong>ipsa</strong></span> <span class='ocrx_word' id='word_1_701' title='bbox 862 2353 971 2381; x_wconf 86' lang='lat' dir='ltr'><strong>quoque</strong></span> <span class='ocrx_word' id='word_1_702' title='bbox 985 2346 1049 2373; x_wconf 91' lang='lat' dir='ltr'><strong>divi-</strong></span> 
     </span>
    </p>
   </div>
   <div class='ocr_carea' id='block_1_95' title="bbox 1099 2345 1927 2388">
    <p class='ocr_par' dir='ltr' id='par_1_95' title="bbox 1141 2345 1927 2388">
     <span class='ocr_line' id='line_1_95' title="bbox 1141 2345 1927 2388; baseline 0.004 -16"><span class='ocrx_word' id='word_1_703' title='bbox 1141 2346 1172 2378; x_wconf 82' lang='grc' dir='ltr'><strong>ζ’.</strong></span> <span class='ocrx_word' id='word_1_704' title='bbox 1193 2346 1267 2372; x_wconf 81' lang='grc' dir='ltr'><strong>Ἡδὲ</strong></span> <span class='ocrx_word' id='word_1_705' title='bbox 1287 2345 1466 2380; x_wconf 75' lang='grc' dir='ltr'><strong>τυμϐωρυχία</strong></span> <span class='ocrx_word' id='word_1_706' title='bbox 1495 2347 1544 2373; x_wconf 79' lang='grc' dir='ltr'><strong>καὶ</strong></span> <span class='ocrx_word' id='word_1_707' title='bbox 1575 2348 1657 2386; x_wconf 72' lang='grc' dir='ltr'><strong>αὕτη</strong></span> <span class='ocrx_word' id='word_1_708' title='bbox 1693 2350 1831 2388; x_wconf 65' lang='grc' dir='ltr'><strong>διῄρηται</strong></span> <span class='ocrx_word' id='word_1_709' title='bbox 1849 2351 1888 2382; x_wconf 72' lang='grc' dir='ltr'><strong>εἰς</strong></span> <span class='ocrx_word' id='word_1_710' title='bbox 1901 2349 1927 2377; x_wconf 69' lang='grc' dir='ltr'><strong>το</strong></span> 
     </span>
    </p>
   </div>
   <div class='ocr_carea' id='block_1_96' title="bbox 263 2392 1053 2428">
    <p class='ocr_par' dir='ltr' id='par_1_96' title="bbox 263 2392 1053 2428">
     <span class='ocr_line' id='line_1_96' title="bbox 263 2392 1053 2428; baseline -0.003 -8"><span class='ocrx_word' id='word_1_711' title='bbox 263 2393 338 2421; x_wconf 89' lang='lat' dir='ltr'><strong>ditur</strong></span> <span class='ocrx_word' id='word_1_712' title='bbox 355 2394 382 2420; x_wconf 94' lang='lat' dir='ltr'><strong>in</strong></span> <span class='ocrx_word' id='word_1_713' title='bbox 403 2393 429 2420; x_wconf 90' lang='lat' dir='ltr'><strong>id</strong></span> <span class='ocrx_word' id='word_1_714' title='bbox 450 2393 522 2428; x_wconf 88' lang='lat' dir='ltr'><strong>quod</strong></span> <span class='ocrx_word' id='word_1_715' title='bbox 539 2393 646 2420; x_wconf 79' lang='lat' dir='ltr'><strong>veniam</strong></span> <span class='ocrx_word' id='word_1_716' title='bbox 669 2397 799 2424; x_wconf 82' lang='lat' dir='ltr'><strong>meretur,</strong></span> <span class='ocrx_word' id='word_1_717' title='bbox 815 2396 841 2418; x_wconf 87' lang='lat' dir='ltr'><strong>et</strong></span> <span class='ocrx_word' id='word_1_718' title='bbox 859 2392 885 2418; x_wconf 92' lang='lat' dir='ltr'><strong>id</strong></span> <span class='ocrx_word' id='word_1_719' title='bbox 905 2392 977 2426; x_wconf 90' lang='lat' dir='ltr'><strong>quod</strong></span> <span class='ocrx_word' id='word_1_720' title='bbox 1000 2399 1053 2418; x_wconf 94' lang='lat' dir='ltr'><strong>non</strong></span> 
     </span>
    </p>
   </div>
   <div class='ocr_carea' id='block_1_97' title="bbox 263 2437 1052 2473">
    <p class='ocr_par' dir='ltr' id='par_1_97' title="bbox 263 2437 1052 2473">
     <span class='ocr_line' id='line_1_97' title="bbox 263 2437 1052 2473; baseline -0.004 -6"><span class='ocrx_word' id='word_1_721' title='bbox 263 2444 395 2467; x_wconf 86' lang='lat' dir='ltr'><strong>meretur.</strong></span> <span class='ocrx_word' id='word_1_722' title='bbox 413 2439 442 2466; x_wconf 86' lang='lat' dir='ltr'><strong>Si</strong></span> <span class='ocrx_word' id='word_1_723' title='bbox 458 2439 531 2465; x_wconf 90' lang='lat' dir='ltr'><strong>enim</strong></span> <span class='ocrx_word' id='word_1_724' title='bbox 547 2438 609 2473; x_wconf 90' lang='lat' dir='ltr'><strong>quis</strong></span> <span class='ocrx_word' id='word_1_725' title='bbox 625 2443 794 2465; x_wconf 89' lang='lat' dir='ltr'><strong>mortuorum</strong></span> <span class='ocrx_word' id='word_1_726' title='bbox 810 2445 924 2472; x_wconf 75' lang='lat' dir='ltr'><strong>parcens</strong></span> <span class='ocrx_word' id='word_1_727' title='bbox 937 2437 1052 2465; x_wconf 82' lang='lat' dir='ltr'><strong>faculta-</strong></span> 
     </span>
    </p>
   </div>
   <div class='ocr_carea' id='block_1_98' title="bbox 264 2484 1054 2519">
    <p class='ocr_par' dir='ltr' id='par_1_98' title="bbox 264 2484 1054 2519">
     <span class='ocr_line' id='line_1_98' title="bbox 264 2484 1054 2519; baseline -0.003 -7"><span class='ocrx_word' id='word_1_728' title='bbox 264 2485 339 2513; x_wconf 90' lang='lat' dir='ltr'><strong>tibus</strong></span> <span class='ocrx_word' id='word_1_729' title='bbox 354 2488 381 2512; x_wconf 70' lang='lat' dir='ltr'><strong>et</strong></span> <span class='ocrx_word' id='word_1_730' title='bbox 396 2489 500 2512; x_wconf 87' lang='lat' dir='ltr'><strong>tectum</strong></span> <span class='ocrx_word' id='word_1_731' title='bbox 514 2492 613 2519; x_wconf 91' lang='lat' dir='ltr'><strong>corpus</strong></span> <span class='ocrx_word' id='word_1_732' title='bbox 627 2485 757 2511; x_wconf 86' lang='lat' dir='ltr'><strong>intactum</strong></span> <span class='ocrx_word' id='word_1_733' title='bbox 773 2484 944 2518; x_wconf 80' lang='lat' dir='ltr'><strong>relinquens,</strong></span> <span class='ocrx_word' id='word_1_734' title='bbox 962 2489 991 2511; x_wconf 87' lang='lat' dir='ltr'><strong>ut</strong></span> <span class='ocrx_word' id='word_1_735' title='bbox 1006 2491 1054 2511; x_wconf 92' lang='lat' dir='ltr'><strong>uec</strong></span> 
     </span>
    </p>
   </div>
   <div class='ocr_carea' id='block_1_99' title="bbox 263 2529 1055 2566">
    <p class='ocr_par' dir='ltr' id='par_1_99' title="bbox 263 2529 1055 2566">
     <span class='ocr_line' id='line_1_99' title="bbox 263 2529 1055 2566; baseline -0.003 -7"><span class='ocrx_word' id='word_1_736' title='bbox 263 2531 315 2559; x_wconf 90' lang='lat' dir='ltr'><strong>soli</strong></span> <span class='ocrx_word' id='word_1_737' title='bbox 328 2531 487 2558; x_wconf 87' lang='lat' dir='ltr'><strong>ostendatur</strong></span> <span class='ocrx_word' id='word_1_738' title='bbox 499 2530 638 2566; x_wconf 88' lang='lat' dir='ltr'><strong>turpitudo</strong></span> <span class='ocrx_word' id='word_1_739' title='bbox 650 2530 788 2564; x_wconf 88' lang='lat' dir='ltr'><strong>corporis;</strong></span> <span class='ocrx_word' id='word_1_740' title='bbox 802 2529 938 2564; x_wconf 89' lang='lat' dir='ltr'><strong>lapidibus</strong></span> <span class='ocrx_word' id='word_1_741' title='bbox 951 2529 1055 2564; x_wconf 84' lang='lat' dir='ltr'><strong>aliquot</strong></span> 
     </span>
    </p>
   </div>
   <div class='ocr_carea' id='block_1_100' title="bbox 264 2575 1054 2612">
    <p class='ocr_par' dir='ltr' id='par_1_100' title="bbox 264 2575 1054 2612">
     <span class='ocr_line' id='line_1_100' title="bbox 264 2575 1054 2612; baseline -0.005 -7"><span class='ocrx_word' id='word_1_742' title='bbox 264 2586 297 2606; x_wconf 82' lang='lat' dir='ltr'><strong>ex</strong></span> <span class='ocrx_word' id='word_1_743' title='bbox 315 2577 348 2605; x_wconf 89' lang='lat' dir='ltr'><strong>iis</strong></span> <span class='ocrx_word' id='word_1_744' title='bbox 364 2577 411 2612; x_wconf 91' lang='lat' dir='ltr'><strong>qui</strong></span> <span class='ocrx_word' id='word_1_745' title='bbox 426 2583 488 2604; x_wconf 88' lang='lat' dir='ltr'><strong>ante</strong></span> <span class='ocrx_word' id='word_1_746' title='bbox 501 2577 657 2612; x_wconf 88' lang='lat' dir='ltr'><strong>sepulcrum</strong></span> <span class='ocrx_word' id='word_1_747' title='bbox 675 2576 786 2611; x_wconf 73' lang='lat' dir='ltr'><strong>proiecti</strong></span> <span class='ocrx_word' id='word_1_748' title='bbox 800 2579 878 2608; x_wconf 86' lang='lat' dir='ltr'><strong>sunt,</strong></span> <span class='ocrx_word' id='word_1_749' title='bbox 893 2575 926 2602; x_wconf 87' lang='lat' dir='ltr'><strong>ad</strong></span> <span class='ocrx_word' id='word_1_750' title='bbox 944 2575 1054 2610; x_wconf 87' lang='lat' dir='ltr'><strong>aliquod</strong></span> 
     </span>
    </p>
   </div>
   <div class='ocr_carea' id='block_1_101' title="bbox 264 2621 1054 2657">
    <p class='ocr_par' dir='ltr' id='par_1_101' title="bbox 264 2621 1054 2657">
     <span class='ocr_line' id='line_1_101' title="bbox 264 2621 1054 2657; baseline -0.004 -7"><span class='ocrx_word' id='word_1_751' title='bbox 264 2631 334 2657; x_wconf 85' lang='lat' dir='ltr'><strong>opus</strong></span> <span class='ocrx_word' id='word_1_752' title='bbox 355 2621 568 2649; x_wconf 87' lang='lat' dir='ltr'><strong>construendum</strong></span> <span class='ocrx_word' id='word_1_753' title='bbox 588 2628 655 2648; x_wconf 86' lang='lat' dir='ltr'><strong>usus</strong></span> <span class='ocrx_word' id='word_1_754' title='bbox 675 2625 730 2654; x_wconf 85' lang='lat' dir='ltr'><strong>est;</strong></span> <span class='ocrx_word' id='word_1_755' title='bbox 750 2628 784 2647; x_wconf 92' lang='lat' dir='ltr'><strong>ne</strong></span> <span class='ocrx_word' id='word_1_756' title='bbox 805 2621 858 2648; x_wconf 91' lang='lat' dir='ltr'><strong>hoc</strong></span> <span class='ocrx_word' id='word_1_757' title='bbox 879 2621 989 2655; x_wconf 86' lang='lat' dir='ltr'><strong>quidem</strong></span> <span class='ocrx_word' id='word_1_758' title='bbox 1012 2624 1054 2648; x_wconf 87' lang='lat' dir='ltr'><strong>est</strong></span> 
     </span>
    </p>
   </div>
   <div class='ocr_carea' id='block_1_102' title="bbox 264 2661 1053 2701">
    <p class='ocr_par' dir='ltr' id='par_1_102' title="bbox 264 2661 1053 2701">
     <span class='ocr_line' id='line_1_102' title="bbox 264 2661 1053 2701; baseline -0.004 -6"><span class='ocrx_word' id='word_1_759' title='bbox 264 2667 419 2700; x_wconf 84' lang='lat' dir='ltr'><strong>laudabile;</strong></span> <span class='ocrx_word' id='word_1_760' title='bbox 443 2661 489 2694; x_wconf 70' lang='lat' dir='ltr'><strong>sed</strong></span> <span class='ocrx_word' id='word_1_761' title='bbox 511 2671 540 2694; x_wconf 91' lang='lat' dir='ltr'><strong>ut</strong></span> <span class='ocrx_word' id='word_1_762' title='bbox 556 2672 629 2694; x_wconf 85' lang='lat' dir='ltr'><strong>esset</strong></span> <span class='ocrx_word' id='word_1_763' title='bbox 644 2667 756 2701; x_wconf 82' lang='lat' dir='ltr'><strong>dignum</strong></span> <span class='ocrx_word' id='word_1_764' title='bbox 772 2665 865 2698; x_wconf 89' lang='lat' dir='ltr'><strong>venia,</strong></span> <span class='ocrx_word' id='word_1_765' title='bbox 882 2665 970 2692; x_wconf 68' lang='lat' dir='ltr'><strong>effecit</strong></span> <span class='ocrx_word' id='word_1_766' title='bbox 986 2673 1053 2692; x_wconf 84' lang='lat' dir='ltr'><strong>con-</strong></span> 
     </span>
    </p>
   </div>
   <div class='ocr_carea' id='block_1_103' title="bbox 265 2711 1056 2748">
    <p class='ocr_par' dir='ltr' id='par_1_103' title="bbox 265 2711 1056 2748">
     <span class='ocr_line' id='line_1_103' title="bbox 265 2711 1056 2748; baseline -0.004 -7"><span class='ocrx_word' id='word_1_767' title='bbox 265 2714 396 2745; x_wconf 87' lang='lat' dir='ltr'><strong>suetudo,</strong></span> <span class='ocrx_word' id='word_1_768' title='bbox 413 2712 523 2748; x_wconf 80' lang='lat' dir='ltr'><strong>quando</strong></span> <span class='ocrx_word' id='word_1_769' title='bbox 548 2712 580 2739; x_wconf 90' lang='lat' dir='ltr'><strong>ad</strong></span> <span class='ocrx_word' id='word_1_770' title='bbox 604 2712 707 2746; x_wconf 89' lang='lat' dir='ltr'><strong>aliquid</strong></span> <span class='ocrx_word' id='word_1_771' title='bbox 732 2711 831 2738; x_wconf 84' lang='lat' dir='ltr'><strong>melius</strong></span> <span class='ocrx_word' id='word_1_772' title='bbox 855 2715 882 2738; x_wconf 91' lang='lat' dir='ltr'><strong>et</strong></span> <span class='ocrx_word' id='word_1_773' title='bbox 902 2711 1056 2745; x_wconf 74' lang='lat' dir='ltr'><strong>reipublicae</strong></span> 
     </span>
    </p>
   </div>
   <div class='ocr_carea' id='block_1_104' title="bbox 264 2756 1055 2788">
    <p class='ocr_par' dir='ltr' id='par_1_104' title="bbox 264 2756 1055 2788">
     <span class='ocr_line' id='line_1_104' title="bbox 264 2756 1055 2788; baseline -0.006 0"><span class='ocrx_word' id='word_1_774' title='bbox 264 2760 358 2788; x_wconf 91' lang='lat' dir='ltr'><strong>utilius</strong></span> <span class='ocrx_word' id='word_1_775' title='bbox 378 2759 491 2786; x_wconf 87' lang='lat' dir='ltr'><strong>materia</strong></span> <span class='ocrx_word' id='word_1_776' title='bbox 514 2758 639 2785; x_wconf 87' lang='lat' dir='ltr'><strong>traducta</strong></span> <span class='ocrx_word' id='word_1_777' title='bbox 658 2758 703 2785; x_wconf 89' lang='lat' dir='ltr'><strong>sit.</strong></span> <span class='ocrx_word' id='word_1_778' title='bbox 720 2757 774 2784; x_wconf 88' lang='lat' dir='ltr'><strong>Sed</strong></span> <span class='ocrx_word' id='word_1_779' title='bbox 795 2757 884 2784; x_wconf 85' lang='lat' dir='ltr'><strong>carnis</strong></span> <span class='ocrx_word' id='word_1_780' title='bbox 906 2756 932 2783; x_wconf 93' lang='lat' dir='ltr'><strong>in</strong></span> <span class='ocrx_word' id='word_1_781' title='bbox 955 2761 1055 2784; x_wconf 90' lang='lat' dir='ltr'><strong>terram</strong></span> 
     </span>
    </p>
   </div>
   <div class='ocr_carea' id='block_1_105' title="bbox 265 2804 1056 2841">
    <p class='ocr_par' dir='ltr' id='par_1_105' title="bbox 265 2804 1056 2841">
     <span class='ocr_line' id='line_1_105' title="bbox 265 2804 1056 2841; baseline -0.004 -8"><span class='ocrx_word' id='word_1_782' title='bbox 265 2807 383 2834; x_wconf 68' lang='lat' dir='ltr'><strong>redacta:</strong></span> <span class='ocrx_word' id='word_1_783' title='bbox 398 2806 536 2841; x_wconf 88' lang='lat' dir='ltr'><strong>pulverem</strong></span> <span class='ocrx_word' id='word_1_784' title='bbox 555 2804 733 2839; x_wconf 87' lang='lat' dir='ltr'><strong>perscrutari,</strong></span> <span class='ocrx_word' id='word_1_785' title='bbox 752 2807 779 2831; x_wconf 92' lang='lat' dir='ltr'><strong>et</strong></span> <span class='ocrx_word' id='word_1_786' title='bbox 793 2811 854 2831; x_wconf 88' lang='lat' dir='ltr'><strong>ossa</strong></span> <span class='ocrx_word' id='word_1_787' title='bbox 869 2811 992 2836; x_wconf 83' lang='lat' dir='ltr'><strong>movere;</strong></span> <span class='ocrx_word' id='word_1_788' title='bbox 1010 2811 1056 2838; x_wconf 88' lang='lat' dir='ltr'><strong>spe</strong></span> 
     </span>
    </p>
   </div>
   <div class='ocr_carea' id='block_1_106' title="bbox 266 2850 1054 2886">
    <p class='ocr_par' dir='ltr' id='par_1_106' title="bbox 266 2850 1054 2886">
     <span class='ocr_line' id='line_1_106' title="bbox 266 2850 1054 2886; baseline -0.003 -8"><span class='ocrx_word' id='word_1_789' title='bbox 266 2852 381 2886; x_wconf 82' lang='lat' dir='ltr'><strong>aliquem</strong></span> <span class='ocrx_word' id='word_1_790' title='bbox 396 2859 427 2878; x_wconf 78' lang='lat' dir='ltr'><strong>ex</strong></span> <span class='ocrx_word' id='word_1_791' title='bbox 441 2851 555 2878; x_wconf 85' lang='lat' dir='ltr'><strong>defossis</strong></span> <span class='ocrx_word' id='word_1_792' title='bbox 569 2850 756 2878; x_wconf 86' lang='lat' dir='ltr'><strong>lucrifacicndi</strong></span> <span class='ocrx_word' id='word_1_793' title='bbox 770 2855 908 2881; x_wconf 84' lang='lat' dir='ltr'><strong>ornatum,</strong></span> <span class='ocrx_word' id='word_1_794' title='bbox 921 2850 946 2876; x_wconf 90' lang='lat' dir='ltr'><strong>iu</strong></span> <span class='ocrx_word' id='word_1_795' title='bbox 961 2850 1054 2876; x_wconf 77' lang='lat' dir='ltr'><strong>eodem</strong></span> 
     </span>
    </p>
   </div>
   <div class='ocr_carea' id='block_1_107' title="bbox 266 2895 1052 2931">
    <p class='ocr_par' dir='ltr' id='par_1_107' title="bbox 266 2895 1052 2931">
     <span class='ocr_line' id='line_1_107' title="bbox 266 2895 1052 2931; baseline -0.001 -8"><span class='ocrx_word' id='word_1_796' title='bbox 266 2897 367 2931; x_wconf 83' lang='lat' dir='ltr'><strong>judicio</strong></span> <span class='ocrx_word' id='word_1_797' title='bbox 384 2897 592 2925; x_wconf 85' lang='lat' dir='ltr'><strong>condemnatum</strong></span> <span class='ocrx_word' id='word_1_798' title='bbox 609 2902 664 2930; x_wconf 78' lang='lat' dir='ltr'><strong>est,</strong></span> <span class='ocrx_word' id='word_1_799' title='bbox 682 2904 737 2931; x_wconf 93' lang='lat' dir='ltr'><strong>quo</strong></span> <span class='ocrx_word' id='word_1_800' title='bbox 759 2896 873 2931; x_wconf 76' lang='lat' dir='ltr'><strong>simplex</strong></span> <span class='ocrx_word' id='word_1_801' title='bbox 892 2895 1052 2929; x_wconf 87' lang='lat' dir='ltr'><strong>foruicatio,</strong></span> 
     </span>
    </p>
   </div>
   <div class='ocr_carea' id='block_1_108' title="bbox 1107 2391 1928 2432">
    <p class='ocr_par' dir='ltr' id='par_1_108' title="bbox 1107 2391 1928 2432">
     <span class='ocr_line' id='line_1_108' title="bbox 1107 2391 1928 2432; baseline 0.002 -14"><span class='ocrx_word' id='word_1_802' title='bbox 1107 2391 1281 2426; x_wconf 85' lang='grc' dir='ltr'><strong>συγγνωστόν</strong></span> <span class='ocrx_word' id='word_1_803' title='bbox 1310 2400 1340 2418; x_wconf 89' lang='grc' dir='ltr'><strong>τε</strong></span> <span class='ocrx_word' id='word_1_804' title='bbox 1364 2391 1413 2418; x_wconf 75' lang='grc' dir='ltr'><strong>καὶ</strong></span> <span class='ocrx_word' id='word_1_805' title='bbox 1437 2391 1651 2426; x_wconf 82' lang='grc' dir='ltr'><strong>άσύγγνωστον</strong></span> <span class='ocrx_word' id='word_1_806' title='bbox 1665 2404 1674 2413; x_wconf 72' lang='grc' dir='ltr'><strong>ο</strong></span> <span class='ocrx_word' id='word_1_807' title='bbox 1712 2398 1740 2424; x_wconf 77' lang='grc' dir='ltr'><strong>εἰ</strong></span> <span class='ocrx_word' id='word_1_808' title='bbox 1758 2399 1811 2432; x_wconf 74' lang='grc' dir='ltr'><strong>μὲν</strong></span> <span class='ocrx_word' id='word_1_809' title='bbox 1825 2399 1878 2432; x_wconf 77' lang='grc' dir='ltr'><strong>γάρ</strong></span> <span class='ocrx_word' id='word_1_810' title='bbox 1891 2404 1928 2426; x_wconf 81' lang='grc' dir='ltr'><strong>τις</strong></span> 
     </span>
    </p>
   </div>
   <div class='ocr_carea' id='block_1_109' title="bbox 1106 2435 1927 2480">
    <p class='ocr_par' dir='ltr' id='par_1_109' title="bbox 1106 2435 1927 2480">
     <span class='ocr_line' id='line_1_109' title="bbox 1106 2435 1927 2480; baseline 0.007 -18"><span class='ocrx_word' id='word_1_811' title='bbox 1106 2437 1155 2471; x_wconf 81' lang='grc' dir='ltr'><strong>τῆς</strong></span> <span class='ocrx_word' id='word_1_812' title='bbox 1175 2436 1251 2467; x_wconf 79' lang='grc' dir='ltr'><strong>ὁσίας</strong></span> <span class='ocrx_word' id='word_1_813' title='bbox 1268 2435 1437 2470; x_wconf 79' lang='grc' dir='ltr'><strong>φειδόμενος,</strong></span> <span class='ocrx_word' id='word_1_814' title='bbox 1452 2437 1500 2463; x_wconf 81' lang='grc' dir='ltr'><strong>καὶ</strong></span> <span class='ocrx_word' id='word_1_815' title='bbox 1519 2437 1637 2467; x_wconf 82' lang='grc' dir='ltr'><strong>ἄσυλον</strong></span> <span class='ocrx_word' id='word_1_816' title='bbox 1655 2441 1747 2476; x_wconf 81' lang='grc' dir='ltr'><strong>ἀφεὶς</strong></span> <span class='ocrx_word' id='word_1_817' title='bbox 1763 2443 1797 2470; x_wconf 83' lang='grc' dir='ltr'><strong>τὸ</strong></span> <span class='ocrx_word' id='word_1_818' title='bbox 1812 2451 1927 2480; x_wconf 72' lang='grc' dir='ltr'><strong>κεκρυμ-</strong></span> 
     </span>
    </p>
   </div>
   <div class='ocr_carea' id='block_1_110' title="bbox 1108 2482 1927 2525">
    <p class='ocr_par' dir='ltr' id='par_1_110' title="bbox 1108 2482 1927 2525">
     <span class='ocr_line' id='line_1_110' title="bbox 1108 2482 1927 2525; baseline 0 -17"><span class='ocrx_word' id='word_1_819' title='bbox 1108 2483 1188 2518; x_wconf 75' lang='grc' dir='ltr'><strong>μένον</strong></span> <span class='ocrx_word' id='word_1_820' title='bbox 1219 2482 1308 2517; x_wconf 84' lang='grc' dir='ltr'><strong>σῶμα,</strong></span> <span class='ocrx_word' id='word_1_821' title='bbox 1342 2483 1379 2514; x_wconf 86' lang='grc' dir='ltr'><strong>ὼς</strong></span> <span class='ocrx_word' id='word_1_822' title='bbox 1397 2483 1434 2518; x_wconf 81' lang='grc' dir='ltr'><strong>μὴ</strong></span> <span class='ocrx_word' id='word_1_823' title='bbox 1444 2482 1661 2521; x_wconf 73' lang='grc' dir='ltr'><strong>ἀναδειχθῆναι</strong></span> <span class='ocrx_word' id='word_1_824' title='bbox 1679 2489 1755 2524; x_wconf 72' lang='grc' dir='ltr'><strong>ἡλίῳ</strong></span> <span class='ocrx_word' id='word_1_825' title='bbox 1776 2491 1830 2525; x_wconf 74' lang='grc' dir='ltr'><strong>τὴν</strong></span> <span class='ocrx_word' id='word_1_826' title='bbox 1850 2491 1927 2524; x_wconf 68' lang='grc' dir='ltr'><strong>ἀσχη.</strong></span> 
     </span>
    </p>
   </div>
   <div class='ocr_carea' id='block_1_111' title="bbox 1108 2527 1925 2573">
    <p class='ocr_par' dir='ltr' id='par_1_111' title="bbox 1108 2527 1925 2573">
     <span class='ocr_line' id='line_1_111' title="bbox 1108 2527 1925 2573; baseline -0.001 -19"><span class='ocrx_word' id='word_1_827' title='bbox 1108 2527 1228 2563; x_wconf 74' lang='grc' dir='ltr'><strong>μοσύνην</strong></span> <span class='ocrx_word' id='word_1_828' title='bbox 1241 2529 1289 2562; x_wconf 86' lang='grc' dir='ltr'><strong>τῆς</strong></span> <span class='ocrx_word' id='word_1_829' title='bbox 1307 2527 1424 2563; x_wconf 80' lang='grc' dir='ltr'><strong>φύσεως,</strong></span> <span class='ocrx_word' id='word_1_830' title='bbox 1440 2528 1524 2560; x_wconf 81' lang='grc' dir='ltr'><strong>λίθοις</strong></span> <span class='ocrx_word' id='word_1_831' title='bbox 1539 2531 1608 2558; x_wconf 73' lang='grc' dir='ltr'><strong>τισὶ</strong></span> <span class='ocrx_word' id='word_1_832' title='bbox 1623 2533 1687 2561; x_wconf 83' lang='grc' dir='ltr'><strong>τῶν</strong></span> <span class='ocrx_word' id='word_1_833' title='bbox 1701 2535 1745 2572; x_wconf 80' lang='grc' dir='ltr'><strong>τῷ</strong></span> <span class='ocrx_word' id='word_1_834' title='bbox 1766 2537 1849 2573; x_wconf 74' lang='grc' dir='ltr'><strong>τάφῳ</strong></span> <span class='ocrx_word' id='word_1_835' title='bbox 1864 2543 1925 2570; x_wconf 75' lang='grc' dir='ltr'><strong>προ-</strong></span> 
     </span>
    </p>
   </div>
   <div class='ocr_carea' id='block_1_112' title="bbox 1107 2573 1929 2613">
    <p class='ocr_par' dir='ltr' id='par_1_112' title="bbox 1107 2573 1929 2613">
     <span class='ocr_line' id='line_1_112' title="bbox 1107 2573 1929 2613; baseline 0 -14"><span class='ocrx_word' id='word_1_836' title='bbox 1107 2573 1281 2609; x_wconf 75' lang='grc' dir='ltr'><strong>ϐεϐλημένων</strong></span> <span class='ocrx_word' id='word_1_837' title='bbox 1313 2573 1506 2609; x_wconf 81' lang='grc' dir='ltr'><strong>συγχρήσαιτο,</strong></span> <span class='ocrx_word' id='word_1_838' title='bbox 1537 2576 1585 2606; x_wconf 83' lang='grc' dir='ltr'><strong>εἰς</strong></span> <span class='ocrx_word' id='word_1_839' title='bbox 1623 2577 1718 2613; x_wconf 80' lang='grc' dir='ltr'><strong>ἔργου</strong></span> <span class='ocrx_word' id='word_1_840' title='bbox 1741 2582 1820 2613; x_wconf 70' lang='grc' dir='ltr'><strong>τινος</strong></span> <span class='ocrx_word' id='word_1_841' title='bbox 1850 2588 1929 2608; x_wconf 65' lang='grc' dir='ltr'><strong>κατα.</strong></span> 
     </span>
    </p>
   </div>
   <div class='ocr_carea' id='block_1_113' title="bbox 1108 2618 1932 2664">
    <p class='ocr_par' dir='ltr' id='par_1_113' title="bbox 1108 2618 1932 2664">
     <span class='ocr_line' id='line_1_113' title="bbox 1108 2618 1932 2664; baseline 0.012 -19"><span class='ocrx_word' id='word_1_842' title='bbox 1108 2619 1218 2654; x_wconf 85' lang='grc' dir='ltr'><strong>σκευὴν,</strong></span> <span class='ocrx_word' id='word_1_843' title='bbox 1235 2619 1377 2645; x_wconf 73' lang='grc' dir='ltr'><strong>ἐπαινετὸν</strong></span> <span class='ocrx_word' id='word_1_844' title='bbox 1400 2619 1450 2653; x_wconf 80' lang='grc' dir='ltr'><strong>μὲν</strong></span> <span class='ocrx_word' id='word_1_845' title='bbox 1474 2618 1540 2645; x_wconf 73' lang='grc' dir='ltr'><strong>οὐδὲ</strong></span> <span class='ocrx_word' id='word_1_846' title='bbox 1565 2622 1661 2651; x_wconf 83' lang='grc' dir='ltr'><strong>τοῦτό</strong></span> <span class='ocrx_word' id='word_1_847' title='bbox 1692 2626 1769 2660; x_wconf 86' lang='grc' dir='ltr'><strong>ἐστι,</strong></span> <span class='ocrx_word' id='word_1_848' title='bbox 1786 2627 1859 2664; x_wconf 82' lang='grc' dir='ltr'><strong>πλὴν</strong></span> <span class='ocrx_word' id='word_1_849' title='bbox 1870 2624 1932 2653; x_wconf 72' lang='grc' dir='ltr'><strong>ἀλλᾶ</strong></span> 
     </span>
    </p>
   </div>
   <div class='ocr_carea' id='block_1_114' title="bbox 1109 2665 1931 2708">
    <p class='ocr_par' dir='ltr' id='par_1_114' title="bbox 1109 2665 1931 2708">
     <span class='ocr_line' id='line_1_114' title="bbox 1109 2665 1931 2708; baseline -0.002 -16"><span class='ocrx_word' id='word_1_850' title='bbox 1109 2665 1281 2700; x_wconf 79' lang='grc' dir='ltr'><strong>συγγνωστὸν</strong></span> <span class='ocrx_word' id='word_1_851' title='bbox 1297 2666 1424 2700; x_wconf 87' lang='grc' dir='ltr'><strong>ἐποίησεν</strong></span> <span class='ocrx_word' id='word_1_852' title='bbox 1438 2666 1455 2700; x_wconf 85' lang='grc' dir='ltr'>ὴ</span> <span class='ocrx_word' id='word_1_853' title='bbox 1474 2667 1635 2702; x_wconf 83' lang='grc' dir='ltr'><strong>συνήθεια,</strong></span> <span class='ocrx_word' id='word_1_854' title='bbox 1650 2671 1724 2699; x_wconf 79' lang='grc' dir='ltr'><strong>ὅταν</strong></span> <span class='ocrx_word' id='word_1_855' title='bbox 1744 2674 1790 2706; x_wconf 87' lang='grc' dir='ltr'><strong>εἰς</strong></span> <span class='ocrx_word' id='word_1_856' title='bbox 1803 2671 1931 2708; x_wconf 79' lang='grc' dir='ltr'><strong>προτιμό.</strong></span> 
     </span>
    </p>
   </div>
   <div class='ocr_carea' id='block_1_115' title="bbox 1109 2711 1932 2756">
    <p class='ocr_par' dir='ltr' id='par_1_115' title="bbox 1109 2711 1932 2756">
     <span class='ocr_line' id='line_1_115' title="bbox 1109 2711 1932 2756; baseline -0.001 -19"><span class='ocrx_word' id='word_1_857' title='bbox 1109 2711 1187 2747; x_wconf 86' lang='grc' dir='ltr'><strong>τερόν</strong></span> <span class='ocrx_word' id='word_1_858' title='bbox 1205 2720 1231 2737; x_wconf 87' lang='grc' dir='ltr'><strong>τι</strong></span> <span class='ocrx_word' id='word_1_859' title='bbox 1243 2712 1291 2737; x_wconf 80' lang='grc' dir='ltr'><strong>καὶ</strong></span> <span class='ocrx_word' id='word_1_860' title='bbox 1307 2711 1563 2745; x_wconf 77' lang='grc' dir='ltr'><strong>κοινωφελέστερον</strong></span> <span class='ocrx_word' id='word_1_861' title='bbox 1580 2715 1600 2750; x_wconf 76' lang='grc' dir='ltr'>ἡ</span> <span class='ocrx_word' id='word_1_862' title='bbox 1625 2717 1682 2752; x_wconf 71' lang='grc' dir='ltr'><strong>τῆς</strong></span> <span class='ocrx_word' id='word_1_863' title='bbox 1698 2718 1772 2755; x_wconf 64' lang='grc' dir='ltr'><strong>ὕλης</strong></span> <span class='ocrx_word' id='word_1_864' title='bbox 1791 2719 1932 2756; x_wconf 63' lang='grc' dir='ltr'><strong>μετάθεσις</strong></span> 
     </span>
    </p>
   </div>
   <div class='ocr_carea' id='block_1_116' title="bbox 1106 2756 1932 2800">
    <p class='ocr_par' dir='ltr' id='par_1_116' title="bbox 1106 2756 1932 2800">
     <span class='ocr_line' id='line_1_116' title="bbox 1106 2756 1932 2800; baseline -0.004 -18"><span class='ocrx_word' id='word_1_865' title='bbox 1106 2757 1214 2791; x_wconf 85' lang='grc' dir='ltr'><strong>γίνηται</strong></span> <span class='ocrx_word' id='word_1_866' title='bbox 1226 2765 1233 2772; x_wconf 70' lang='grc' dir='ltr'><strong>ι</strong></span> <span class='ocrx_word' id='word_1_867' title='bbox 1248 2757 1279 2783; x_wconf 78' lang='grc' dir='ltr'><strong>τὸ</strong></span> <span class='ocrx_word' id='word_1_868' title='bbox 1289 2756 1318 2784; x_wconf 79' lang='grc' dir='ltr'><strong>δὲ</strong></span> <span class='ocrx_word' id='word_1_869' title='bbox 1332 2757 1527 2792; x_wconf 78' lang='grc' dir='ltr'><strong>διερευνᾶσθαι</strong></span> <span class='ocrx_word' id='word_1_870' title='bbox 1541 2759 1600 2794; x_wconf 81' lang='grc' dir='ltr'><strong>τὴν</strong></span> <span class='ocrx_word' id='word_1_871' title='bbox 1617 2763 1705 2790; x_wconf 67' lang='grc' dir='ltr'><strong>κόνιν</strong></span> <span class='ocrx_word' id='word_1_872' title='bbox 1728 2766 1788 2793; x_wconf 68' lang='grc' dir='ltr'><strong>ἀπὸ</strong></span> <span class='ocrx_word' id='word_1_873' title='bbox 1805 2767 1858 2800; x_wconf 65' lang='grc' dir='ltr'><strong>τῆς</strong></span> <span class='ocrx_word' id='word_1_874' title='bbox 1867 2774 1932 2799; x_wconf 67' lang='grc' dir='ltr'><strong>γεω,</strong></span> 
     </span>
    </p>
   </div>
   <div class='ocr_carea' id='block_1_117' title="bbox 1107 2804 1935 2847">
    <p class='ocr_par' dir='ltr' id='par_1_117' title="bbox 1107 2804 1935 2847">
     <span class='ocr_line' id='line_1_117' title="bbox 1107 2804 1935 2847; baseline 0.004 -16"><span class='ocrx_word' id='word_1_875' title='bbox 1107 2804 1200 2839; x_wconf 81' lang='grc' dir='ltr'><strong>θείσης</strong></span> <span class='ocrx_word' id='word_1_876' title='bbox 1232 2805 1343 2840; x_wconf 85' lang='grc' dir='ltr'><strong>σαρκὸς,</strong></span> <span class='ocrx_word' id='word_1_877' title='bbox 1369 2805 1417 2831; x_wconf 70' lang='grc' dir='ltr'><strong>καὶ</strong></span> <span class='ocrx_word' id='word_1_878' title='bbox 1434 2805 1589 2835; x_wconf 81' lang='grc' dir='ltr'><strong>ἀνακινεῖν</strong></span> <span class='ocrx_word' id='word_1_879' title='bbox 1614 2811 1656 2838; x_wconf 79' lang='grc' dir='ltr'><strong>τὰ</strong></span> <span class='ocrx_word' id='word_1_880' title='bbox 1674 2812 1763 2847; x_wconf 61' lang='grc' dir='ltr'><strong>ὀστᾶ,</strong></span> <span class='ocrx_word' id='word_1_881' title='bbox 1791 2814 1880 2842; x_wconf 58' lang='grc' dir='ltr'><strong>ἑλπίδι</strong></span> <span class='ocrx_word' id='word_1_882' title='bbox 1895 2811 1935 2840; x_wconf 65' lang='grc' dir='ltr'><strong>τηῦ</strong></span> 
     </span>
    </p>
   </div>
   <div class='ocr_carea' id='block_1_118' title="bbox 1105 2850 1933 2897">
    <p class='ocr_par' dir='ltr' id='par_1_118' title="bbox 1105 2850 1933 2897">
     <span class='ocr_line' id='line_1_118' title="bbox 1105 2850 1933 2897; baseline 0.013 -21"><span class='ocrx_word' id='word_1_883' title='bbox 1105 2850 1207 2885; x_wconf 77' lang='grc' dir='ltr'><strong>κόσμον</strong></span> <span class='ocrx_word' id='word_1_884' title='bbox 1223 2851 1284 2877; x_wconf 77' lang='grc' dir='ltr'><strong>τινὰ</strong></span> <span class='ocrx_word' id='word_1_885' title='bbox 1295 2850 1348 2877; x_wconf 84' lang='grc' dir='ltr'><strong>τῶν</strong></span> <span class='ocrx_word' id='word_1_886' title='bbox 1363 2853 1670 2888; x_wconf 82' lang='grc' dir='ltr'><strong>συγκατορυχθέντων</strong></span> <span class='ocrx_word' id='word_1_887' title='bbox 1692 2862 1845 2897; x_wconf 76' lang='grc' dir='ltr'><strong>κερδᾶναι,</strong></span> <span class='ocrx_word' id='word_1_888' title='bbox 1860 2862 1933 2888; x_wconf 71' lang='grc' dir='ltr'><strong>τοῦτο</strong></span> 
     </span>
    </p>
   </div>
   <div class='ocr_carea' id='block_1_119' title="bbox 1104 2896 1933 2946">
    <p class='ocr_par' dir='ltr' id='par_1_119' title="bbox 1104 2896 1933 2946">
     <span class='ocr_line' id='line_1_119' title="bbox 1104 2896 1933 2946; baseline 0.005 -24"><span class='ocrx_word' id='word_1_889' title='bbox 1104 2896 1142 2931; x_wconf 85' lang='grc' dir='ltr'><strong>τῷ</strong></span> <span class='ocrx_word' id='word_1_890' title='bbox 1162 2896 1236 2932; x_wconf 77' lang='grc' dir='ltr'><strong>αὐτῷ</strong></span> <span class='ocrx_word' id='word_1_891' title='bbox 1251 2896 1365 2932; x_wconf 75' lang='grc' dir='ltr'><strong>κρίματι</strong></span> <span class='ocrx_word' id='word_1_892' title='bbox 1382 2897 1593 2937; x_wconf 66' lang='grc' dir='ltr'><strong>κατεδικάσθη,</strong></span> <span class='ocrx_word' id='word_1_893' title='bbox 1611 2899 1638 2930; x_wconf 76' lang='grc' dir='ltr'><strong>ὦ</strong></span> <span class='ocrx_word' id='word_1_894' title='bbox 1666 2907 1720 2934; x_wconf 58' lang='grc' dir='ltr'>καὶ</span> <span class='ocrx_word' id='word_1_895' title='bbox 1786 2909 1856 2946; x_wconf 47' lang='grc' dir='ltr'><strong>ψιλὴ</strong></span> <span class='ocrx_word' id='word_1_896' title='bbox 1876 2915 1933 2935; x_wconf 63' lang='grc' dir='ltr'><strong>του.</strong></span> 
     </span>
     <span class='ocr_line' id='line_1_120' title="bbox 1621 2928 1916 2943; baseline 0.003 -5"><span class='ocrx_word' id='word_1_897' title='bbox 1621 2930 1628 2938; x_wconf 93' lang='grc'>.</span> <span class='ocrx_word' id='word_1_898' title='bbox 1887 2928 1894 2935; x_wconf 83' lang='lat'>-</span> <span class='ocrx_word' id='word_1_899' title='bbox 1911 2934 1916 2943; x_wconf 55' lang='grc' dir='ltr'>λ</span> 
     </span>
    </p>
   </div>
  </div>
