1951 3071
152 136 203 168 813

534 128 734 160 SYNTAGMA
748 127 941 159 CANONUMo
954 138 989 144 ’-
1004 128 1078 158 ΤΙΤ.
1098 128 1151 165 ΙΧ,
1168 129 1247 159 CAP-
1267 129 1402 160 XXXIX.

1722 130 1774 162 814

154 192 220 224 θεία,
234 189 326 221 καθὼς
342 190 370 216 ἑν
381 187 420 224 τῷ
448 187 610 222 προλαϐόντι
623 186 749 222 διῄρηται
764 184 836 219 λόγῳ
852 192 859 200 ·
875 184 934 210 ἐπι-

997 183 1217 217 luemadmodum
1234 185 1262 212 in
1278 186 1447 221 praecedente
1459 187 1583 213 oratione
1595 185 1692 213 divisio
1704 185 1774 213 facta

153 236 316 267 σκοποῦντος
327 234 428 269 δηλαδὴ
439 233 486 260 τοῦ
500 232 653 267 οἰκονόμου,
668 232 697 264 ἐξ
710 230 794 258 αὑτοῦ
810 230 857 257 τοῦ
873 229 934 265 βίου

154 283 200 318 τὴν
214 281 335 317 ἰατρείαν
346 279 393 307 τοῦ
407 277 639 313 θεραπευομένου,
651 276 721 303 ὥστε
733 276 875 312 συντεμεῖν
885 275 934 310 τὴν

154 331 182 357 ὲκ
204 327 258 353 τῶν
287 325 409 353 κανόνων
436 323 591 360 ὁρισθεῖσαν
615 321 662 349 τοῦ
695 321 832 356 ἐπιτιμίου
870 329 937 356 προ-

154 372 276 407 δεσμίαν.

186 418 220 454 η’.
245 418 276 444 'H
298 417 327 444 δὲ
345 416 483 452 ῑεροσυλία
509 415 585 451 παρὰ
602 415 650 450 μὲν
666 415 700 450 τῇ
724 413 826 449 ἀρχαίᾳ
842 413 937 448 Γραφῇ

155 465 228 492 δύδὲν
242 462 372 498 ἐνομίσθη
385 462 435 497 τῆς
451 462 567 497 φονικῆς
582 460 776 495 κατακρίσεως
794 458 938 485 ἀνεκτοτέ-

154 518 188 545 ρα
200 517 206 524 ·
221 509 320 544 ὁμοίως
333 508 387 542 γὰρ
404 508 448 534 ὅτε
463 507 509 533 ἐπὶ
527 506 600 541 φόνῳ
626 505 717 537 ἁλοὺς,
731 503 826 530 καὶτὰ
841 503 938 530 ἀνατε-

155 555 233 581 θέντα
265 553 304 588 τῷ
340 552 399 587 Θεῷ
428 551 603 586 ὑφελόμενος,
636 550 686 584 τὴν
715 548 759 575 διὰ
773 548 827 574 τῶν
857 547 939 574 λίθων

156 599 289 635 τιμωρίαν
306 599 418 633 ὑπεῖχον
429 605 436 613 ⁸
450 597 496 623 ἐπὶ
508 597 536 623 δὲ
558 596 608 630 τῆς
623 593 855 630 ὲκκλησιαστικῆς
878 601 940 619 συν-

156 646 247 681 ηθείας
268 645 316 672 οὐκ
340 642 388 671 οἷδ’
401 644 476 675 ὅπως
494 641 698 676 συγκατάόασίς
712 649 754 672 τις
769 640 878 674 ἐγένετο
892 641 939 666 καὶ

156 689 358 725 συμπεριφορὰ,
373 688 444 715 ὥστε
463 687 638 721 ἀνεκτότερον
658 685 819 721 νομισθῆναι
834 684 864 711 τὸ
887 684 938 718 τῆς

156 735 281 770 τοιαύτης
294 735 372 761 νόσου
399 733 547 768 καθάρσιον
559 740 566 747 ·
581 733 609 758 ἐν
624 731 746 758 ὲλάττονι
770 730 825 766 γὰρ
852 731 940 766 χρόνῳ

156 781 230 815 παρὰ
245 780 293 814 τὴν
310 779 443 813 μοιχείαν,
469 779 526 809 τοῖς
547 776 678 807 τοιούτοις
692 776 724 802 τὺ
746 775 883 808 ἐπιτίμιον
899 775 940 801 δι-

156 825 267 858 ετάξατο
281 826 297 859 ἡ
313 824 365 850 τῶν
378 823 506 858 Πατέρων
521 821 669 857 παράδοσις
679 829 686 836 ·
709 820 847 855 πανταχοῦ
857 820 885 846 δὲ
910 820 939 846 ἐν

157 851 390 906 πληῖμμελιίιματος
409 851 474 895 εἴδει
495 851 574 894 τοῦτο
597 851 717 902 καθορᾷν
733 851 866 901 προσήκει
886 865 940 901 πρὸ
956 851 978 880 Β

158 915 275 948 πάντων,
289 915 332 942 οἵα
348 915 421 940 ἐστὶν
438 913 511 948 ἡτοῦ
524 911 744 947 θεραπευομένου
757 911 886 943 διάθεσις,
903 910 940 945 μὴ

156 961 202 987 τὸν
218 960 313 994 χρόνον
329 958 432 985 οἴεσθαι
458 958 526 993 πρὸς
546 957 696 991 θεραπείαν
711 957 816 991 ἀρκεῖν
833 956 874 988 τίς
887 959 941 992 γὰρ

158 1007 190 1034 iv
205 1007 237 1032 ὲκ
247 1005 294 1032 τοῦ
307 1006 405 1039 χρόνον
418 1004 489 1036 ἴασις
499 1004 622 1038 γένοιτο;
635 1003 703 1030 ἀλλὰ
717 1003 765 1038 τὴν
782 1001 942 1038 προαιρεσιν

160 1051 204 1080 τοῦ
214 1051 308 1079 ἑαυτὸν
324 1051 368 1078 διὰ
381 1051 430 1085 τῆς
443 1049 609 1084 ἐπιστροφῆς
624 1048 833 1084 θεραπεύοντος.

192 1097 285 1125 Ταῦτά
297 1105 349 1128 σοι,
366 1094 388 1123 ὦ
414 1095 540 1131 ἄνθρωπε
567 1094 615 1121 τοῦ
637 1094 716 1126 Θεοῦ,
733 1093 804 1121 κατὰ
825 1093 943 1129 σπουδὴν

160 1142 258 1176 πολλὴν
282 1143 314 1168 ὲκ
342 1141 396 1167 τῶν
423 1139 577 1175 προχείρων
599 1139 752 1172 συνθέντες,
778 1138 822 1166 διὰ
837 1138 868 1165 τὸ
888 1138 943 1165 δεῖν

161 1189 215 1218 τοῖς
247 1186 303 1213 τῶν
329 1185 451 1219 ἀδελφῶν
482 1183 651 1218 ἐπιτάγμασι
679 1183 841 1215 πείθεσθαι,
873 1183 944 1210 κατὰ

159 1231 278 1267 σπουδὴν
302 1229 517 1264 ἀπεστείλαμεν·
547 1229 580 1255 σὺ
604 1229 633 1255 δὲ
653 1229 702 1260 τὰς
727 1229 852 1265 συνήθεις
873 1229 944 1265 ὑπὲρ

161 1277 238 1313 ἡμῶν
249 1276 330 1311 εὐχὰς
342 1276 381 1311 τῷ
397 1275 457 1309 Θεῷ
469 1275 614 1309 προσάγων
630 1274 667 1309 μὴ
681 1274 822 1310 διαλείπῃς
833 1282 840 1290 ⁸
857 1283 944 1310 χρεω-

160 1323 232 1352 στείς
256 1321 320 1356 γὰρ,
349 1320 387 1351 ὡς
402 1318 551 1354 εὐγνώμων
578 1318 645 1350 υίὸς,
671 1318 710 1353 τῷ
738 1319 808 1345 κατὰ
824 1318 890 1345 Θεόν
915 1327 945 1345 σε

160 1368 319 1401 γεννήσαντι
347 1365 396 1400 τὴν
419 1364 463 1391 διὰ
490 1364 544 1390 τῶν
572 1363 730 1399 προσευχῶν
752 1364 943 1398 γηρωκομίαν·

160 1413 232 1440 κατὰ
244 1413 293 1447 τὴν
305 1413 414 1448 ἐντολὴν
428 1412 477 1447 τὴν
490 1410 654 1438 κελεύουσαν
664 1410 747 1445 τιμᾷν
764 1411 827 1441 τοὺς
839 1411 944 1444 γονέας,

160 1459 212 1486 ινα
224 1457 259 1487 εὖ
267 1466 318 1485 σοι
328 1458 460 1493 γένηται,
477 1458 527 1484 καὶ
540 1457 599 1490 Ean
611 1457 824 1491 μακροχρίνιος
836 1455 947 1490 ἐπίτῆς

161 1504 234 1539 γῆς·
250 1504 328 1539 δῆλον
359 1504 388 1530 δὲ
412 1504 453 1530 ὅτι
469 1505 506 1535 ὡς
530 1503 663 1538 σύμὸο).ον
690 1502 825 1536 ἱερατικὸν
837 1501 900 1537 δέξῃ
916 1501 945 1528 τὸ

161 1551 291 1585 γράμμα,
317 1551 364 1576 καὶ
382 1549 432 1575 οὐκ
447 1549 591 1583 ἀτιμάσεις
613 1547 643 1574 τὸ
660 1547 747 1581 ξένιον
763 1546 817 1575 κᾶν
832 1546 946 1582 σμικρό-

162 1603 242 1623 τατον
255 1596 304 1630 τῆς
319 1596 368 1630 σῆς
385 1595 571 1628 μεγαλοφυῖας

204 1641 236 1668 Ἦ
251 1645 275 1675 γ’
283 1642 354 1668 διάτ.
370 1643 417 1668 τοῦ
437 1642 458 1674 ζ’
474 1642 528 1668 τίτ.
541 1641 588 1667 τοῦ
601 1639 627 1667 α’
641 1639 705 1667 κώδ.
727 1639 816 1667 ἀνεῖλε
833 1639 881 1675 τὴν
898 1647 947 1674 με-

161 1689 275 1716 τάνοιαν
289 1690 328 1725 τῷ
345 1690 374 1722 ἐξ
389 1689 538 1724 ὀρθοδόξων
555 1689 594 1720 είς
612 1688 765 1723 αἱρετικοὺς
781 1686 945 1713 ἀποστάντι·

162 1735 180 1771 ἠ
208 1735 237 1762 δὲ
251 1734 289 1766 λζ’
315 1735 409 1770 νεαρὰ,
425 1736 442 1770 ἡ
460 1733 595 1769 περὶτῶν
614 1732 783 1768 Ἐκκλησιῶν
815 1731 947 1767 Ἀφρικῆς

161 1781 351 1815 διαλεγομένη,
369 1780 417 1807 «καὶ⁷
427 1781 483 1811 τοῖς
496 1778 626 1810 τοιούτοις
640 1779 735 1814 καιρὸν
747 1778 847 1805 δέδωκε
865 1785 947 1813 μετα-

163 1826 254 1857 νοίας·
271 1826 287 1860 ὴ
300 1826 328 1851 δὲ
342 1823 378 1851 λδ¹
389 1825 459 1852 διάτ.
474 1824 519 1850 τοῦ
533 1822 553 1850 δ’
566 1824 619 1850 τίτ.
635 1822 682 1850 τοῦ
706 1821 730 1849 α’
746 1822 816 1857 βιὸλ.
835 1823 880 1848 καὶ
892 1822 909 1856 ὴ
925 1820 946 1856 β’

162 1872 233 1898 διάτ.
249 1872 301 1899 τοῦ
318 1869 343 1898 α’
355 1871 408 1897 τίτ.
422 1870 476 1896 τῶν
492 1869 622 1905 Νεαρῶν,
641 1869 734 1896 ἄδειαν
748 1868 787 1903 τῷ
805 1868 947 1902 ὲπισκόπῳ

161 1917 272 1948 δέδωκε,
285 1916 430 1951 θεωροῦντι
446 1915 589 1950 μετάνοιαν
606 1913 652 1941 τοῦ
678 1914 858 1945 κυϐεύσαντος
880 1914 946 1949 κλη-

164 1962 254 1997 ρικοῦ,
271 1962 288 1996 ἢ
302 1961 378 1992 θέαις
390 1960 622 1995 παρεμϐαλόντος,
637 1959 730 1994 μειοῦν
749 1959 779 1985 τὸ
798 1959 946 1994 ἐπιτίμιον,

164 2009 214 2034 καὶ
228 2007 281 2042 πρὸ
296 2006 520 2042 συμπληρώσεως
537 2005 584 2031 τοῦ
599 2004 753 2041 ὁρισθέντος
767 2004 864 2039 χρόνου
877 2005 946 2031 ἀπο·

163 2053 296 2088 καθιστᾷν
322 2052 403 2079 αὑτὸν
420 2053 453 2087 τῇ
469 2052 529 2087 θείᾳ
553 2050 725 2086 λειτουργίᾳ.-
751 2050 829 2076 τοῦτο
842 2049 869 2076 δὲ
883 2050 947 2085 περὶ

164 2100 321 2126 ἐπισκόπων
335 2098 418 2125 ίδικόν
432 2099 506 2124 ἐστιν
518 2105 524 2112 ’
537 2098 562 2124 οἱ
570 2097 624 2132 γὰρ
635 2096 781 2127 πολιτικῶς
791 2095 947 2127 δικάζοντες

163 2145 257 2172 ἄδειαν
285 2144 387 2181 ἔχουσι,
416 2143 465 2179 τὴν
482 2143 570 2179 ἀρχὴν
586 2142 778 2178 ψηφιζόμενοι,
792 2140 884 2174 αὔξειν
899 2141 946 2168 καὶ

959 1522 980 1551 C

987 234 1044 262 est;
1069 230 1258 258 considerante
1279 232 1383 259 scilicet
1400 238 1545 259 mconomo
1568 238 1615 258 seu
1636 231 1775 266 dispensa-

987 277 1056 308 tore,
1070 282 1105 302 ex
1119 275 1177 310 ipsa
1189 276 1243 303 vita
1258 276 1329 311 ejus,
1343 277 1386 303 cui
1402 276 1505 304 medela
1519 276 1676 308 adhibetur,
1690 277 1776 303 medi-

988 321 1080 349 cinam
1093 342 1101 354 ,
1114 325 1144 348 ut
1162 322 1277 356 spatium
1293 329 1309 350 a
1322 322 1476 350 canonibus
1491 321 1676 357 praestitutum
1690 322 1775 356 pOSsit

987 366 1158 394 contrahere.

991 428 993 430 -
1026 411 1052 439 8.
1069 412 1247 447 Sacrilegium
1270 416 1361 440 autem
1382 412 1410 439 in
1431 413 1544 448 antiqua
1567 413 1676 448 quidem
1701 411 1776 439 Scri-

992 461 1085 490 ptura,
1103 464 1137 484 ne
1155 457 1236 485 caedis
1255 457 1363 492 quidem
1385 457 1612 485 condemnatione
1629 458 1717 484 visum
1736 461 1776 484 est

991 502 1172 530 tolerabilius.
1190 503 1321 530 Similiter
1335 503 1423 535 enim,
1437 509 1463 530 et
1477 504 1523 538 qui
1539 503 1621 530 caedis
1636 502 1777 530 convictus

988 550 1057 578 erat,
1071 550 1098 573 et
1113 547 1160 581 qui
1175 554 1220 574 res
1235 547 1290 574 Deo
1304 547 1444 574 dedicatas
1460 547 1618 578 abstulerat,
1634 546 1777 582 lapidatio-

989 591 1032 618 nis
1046 591 1210 626 supplicium
1226 592 1346 619 subibat.
1360 593 1389 619 in
1406 592 1589 620 ecclesiastica
1603 596 1692 619 autem
1709 600 1777 619 cou-

989 636 1149 669 sueludine,
1166 636 1200 663 de
1216 644 1303 671 paenae
1318 636 1449 671 gravitate
1467 637 1558 664 nescio
1574 637 1710 671 quomodo
1725 637 1778 664 ali-

989 682 1054 717 quid
1077 682 1244 714 detractum,
1258 687 1286 710 et
1302 689 1335 709 eo
1356 682 1475 709 lenitatis
1494 682 1655 710 descensum
1676 686 1733 715 est,
1749 687 1778 710 ut

990 728 1063 755 illius
1078 728 1163 755 morbi
1177 728 1379 757 existimaretur
1401 727 1567 755 tolerabilius
1581 728 1733 763 piaculum;
1750 729 1777 754 in

990 773 1088 800 minori
1102 773 1174 800 enim
1189 779 1310 808 tempore
1324 780 1406 808 quam
1422 773 1594 805 adulterium,
1608 773 1626 800 ii
1639 781 1653 799 ει
1667 772 1778 800 Patrum

992 818 1138 846 traditione
1157 825 1265 852 poenam
1288 823 1476 853 susceperunt.
1489 818 1595 854 Ubique
1616 823 1706 846 autent
1728 821 1780 847 hoc

992 863 1019 891 in
1036 864 1162 899 supplicii
1179 871 1278 899 genere
1292 868 1355 891 ante
1371 865 1463 892 omnia
1479 864 1623 892 videndum
1640 869 1697 898 est,
1710 873 1779 900 qua-

992 910 1025 937 lis
1039 911 1074 938 sit
1087 911 1146 945 ejus
1161 911 1205 938 cui
1220 911 1366 938 adhibetur
1377 910 1499 942 atl'ectio;
1514 915 1541 938 et
1554 919 1607 938 non
1622 912 1780 939 existimare

991 961 1099 990 tempus
1115 957 1148 983 ad
1165 957 1299 984 medriam
1316 956 1439 984 sufﬁcere
1456 957 1594 992 (quaenam
1610 957 1682 984 enim
1698 957 1780 984 fuerit

990 1009 1024 1028 ex
1036 1006 1155 1036 tempore
1171 1000 1303 1028 medicina
1312 1002 1345 1036 ?),
1363 1001 1410 1029 sed
1428 1002 1499 1036 ejus,
1516 1002 1563 1036 qui
1581 1002 1631 1030 sibi
1649 1009 1697 1037 per
1711 1010 1779 1030 cott-

991 1047 1145 1074 versionem
1162 1048 1294 1080 medetur,
1308 1047 1428 1074 animum
1444 1052 1471 1075 et
1486 1048 1653 1075 institutum.

1027 1093 1107 1128 333
1124 1092 1185 1120 Haec
1199 1093 1263 1126 tibi,
1277 1101 1293 1121 ο
1308 1093 1390 1120 homo
1405 1093 1468 1125 Dei,
1482 1101 1514 1121 ex
1531 1094 1564 1121 iis
1579 1102 1640 1128 quae
1653 1098 1730 1121 erant
1745 1096 1779 1122 ad

992 1148 1105 1167 manum
1122 1140 1245 1168 studiose
1259 1141 1409 1175 composita
1421 1160 1428 1172 ,
1441 1141 1511 1175 quod
1527 1145 1650 1175 oporteat
1663 1141 1780 1168 fratrum

994 1186 1130 1213 mandatis
1149 1193 1261 1220 parere,
1277 1185 1398 1213 studiose
1420 1185 1556 1212 misimus.
1569 1185 1609 1212 Tu
1625 1193 1690 1212 vero
1711 1193 1779 1212 con-

994 1236 1085 1260 suetas
1102 1239 1151 1266 pro
1168 1231 1246 1259 nobis
1262 1238 1356 1266 preces
1372 1230 1426 1258 Deo
1439 1230 1538 1257 oﬂ'erre
1555 1239 1589 1258 ne
1606 1231 1780 1258 intermittas.

996 1277 1081 1304 Debes
1101 1278 1172 1305 enim
1197 1281 1226 1304 ut
1248 1282 1341 1311 gratus
1364 1276 1449 1308 ﬁlius,
1464 1276 1489 1303 ei
1512 1276 1558 1310 qui
1583 1280 1608 1303 te
1630 1277 1780 1304 secundum

995 1322 1078 1350 Deum
1098 1323 1207 1358 genuit,
1223 1322 1250 1349 in
1269 1326 1407 1350 senectute
1424 1329 1472 1356 per
1491 1327 1551 1349 tuas
1571 1323 1707 1350 orationes
1729 1322 1780 1350 ali-

996 1373 1132 1400 mentum,
1150 1368 1342 1395 convenienter
1358 1373 1494 1402 przecepto
1511 1368 1583 1402 quod
1601 1367 1677 1402 jubet
1695 1368 1781 1395 hono-

997 1421 1057 1440 rare
1071 1417 1211 1447 parentes,
1225 1417 1252 1439 ut
1269 1412 1316 1439 tibi
1330 1413 1392 1440 bene
1407 1413 1439 1439 sit
1449 1433 1456 1445 ,
1469 1417 1494 1439 et
1509 1413 1544 1439 sis
1561 1412 1690 1446 longincus
1704 1420 1782 1447 super

997 1463 1094 1486 terram
1104 1460 1137 1486 "'.
1151 1459 1261 1487 Clarum
1277 1464 1320 1486 est
1335 1463 1423 1486 autem
1440 1458 1512 1493 quod
1528 1462 1558 1484 ut
1572 1458 1721 1492 symbolum
1737 1465 1782 1485 sa-

997 1507 1143 1540 cerdotale,
1155 1507 1259 1534 litteras
1274 1506 1402 1541 accipies.
1414 1513 1567 1540 munusque
1580 1505 1713 1539 hospitale
1727 1512 1782 1532 non

998 1557 1169 1583 contemnes,
1181 1553 1289 1580 etiamsi
1307 1552 1342 1580 sit
1355 1553 1447 1580 minus
1462 1559 1541 1587 quam
1560 1558 1609 1587 pro
1621 1559 1728 1579 summa
1743 1552 1782 1579 tui

997 1598 1097 1632 ingenii
1113 1598 1245 1624 bonitate.

1034 1642 1142 1670 Talus.
1172 1642 1288 1670 Constit.
1311 1643 1339 1674 5,
1364 1643 1407 1670 tit.
1432 1642 1458 1675 7,
1478 1642 1526 1669 lib.
1546 1650 1565 1676 ι,
1587 1642 1649 1670 cod.
1682 1642 1782 1670 sustuli

998 1688 1183 1724 paenitentiam
1208 1688 1422 1715 orthodoxorum
1440 1689 1472 1715 ad
1491 1688 1632 1716 haereticos
1655 1687 1783 1715 deiicien-

997 1735 1077 1762 tium.
1097 1733 1207 1762 Novella
1227 1739 1318 1761 autem
1342 1733 1386 1766 57,
1406 1741 1466 1769 qum
1487 1734 1520 1761 de
1532 1733 1669 1761 Africanis
1692 1733 1784 1760 Eccle-

997 1780 1047 1808 siis
1076 1780 1197 1813 disserit,
1231 1779 1330 1807 talibus
1368 1779 1533 1814 poenitentia:
1565 1783 1672 1814 tempus
1698 1779 1782 1806 dedit.

995 1826 1113 1854 Coastit.
1137 1834 1219 1860 porro
1245 1826 1289 1859 5L,
1313 1826 1353 1853 tit.
1369 1825 1396 1858 4,
1422 1826 1469 1852 lib.
1487 1833 1507 1858 ι,
1527 1825 1588 1853 cod.
1604 1831 1630 1852 et
1647 1830 1735 1852 const.
1754 1824 1782 1858 2,

997 1872 1039 1900 tit.
1068 1880 1087 1906 ι,
1104 1872 1290 1905 Novellarnm,
1316 1872 1447 1907 episcopo
1471 1872 1573 1899 videnti
1597 1871 1783 1907 paenitentiam

997 1918 1090 1945 clerici
1115 1918 1161 1952 qui
1176 1917 1232 1945 alea
1251 1918 1326 1951 lusit,
1352 1922 1399 1945 aut
1421 1918 1583 1951 spectaculis
1607 1916 1661 1952 [se]
1694 1916 1784 1944 immi-

996 1963 1078 1995 scuit,
1099 1967 1256 1996 potestatem
1278 1962 1353 1995 facit,
1369 1966 1400 1989 ut
1419 1970 1525 1997 poenam
1538 1963 1652 1994 minuat,
1666 1967 1693 1989 ct
1705 1967 1782 1989 ante-

996 2014 1077 2042 quam
1098 2012 1230 2035 statutunt
1255 2011 1363 2042 tempus
1389 2008 1553 2042 completum
1572 2008 1618 2038 sit,
1634 2007 1722 2042 ipsum
1738 2015 1784 2034 sa-

996 2059 1043 2078 cro
1069 2051 1221 2078 ministerio
1246 2052 1381 2079 restituat.
1405 2051 1505 2078 Verum
1529 2052 1581 2079 hoc
1603 2051 1630 2078 in
1643 2052 1783 2086 episcopis

997 2097 1113 2131 speciale
1126 2102 1177 2126 est.
1192 2097 1261 2125 Nam
1277 2098 1371 2126 civiles
1381 2098 1488 2132 judices
1502 2098 1658 2125 facultatem
1673 2097 1782 2130 habent,

998 2147 1027 2170 ut
1050 2143 1077 2171 in
1104 2144 1164 2179 ipsa
1191 2144 1326 2171 sententia
1355 2152 1463 2179 ptenam
1494 2149 1550 2171 tum
1575 2149 1701 2179 augeant,
1726 2148 1784 2172 tum

165 2190 260 2226 μειοῦν
283 2190 332 2225 τὴν
360 2190 455 2225 ποινήν
468 2197 474 2204 ·
488 2189 560 2216 ὥστε
585 2189 633 2224 μέν
648 2197 689 2215 τοι
705 2188 750 2214 ἐπὶ
765 2187 895 2222 ἑκατέρου
909 2187 944 2222 μὴ

1000 2188 1148 2216 minuant:
1165 2194 1195 2216 ut
1215 2193 1306 2217 tamen
1330 2190 1357 2216 in
1383 2195 1497 2224 utroque
1524 2189 1630 2226 [modo]
1651 2190 1784 2217 rationem

165 2234 325 2270 παρεξιέναι
346 2234 396 2269 τὴν
420 2233 603 2268 συμμετρίαν,
629 2232 666 2264 ὡς
685 2231 754 2267 ptem.
770 2233 835 2265 μη’,ί
847 2229 899 2256 τίτ.
915 2228 948 2262 θ’,

164 2281 236 2307 διάτ.
261 2279 305 2315 ιβ’,
332 2279 383 2314 ιγ’·
401 2280 426 2306 εί
448 2279 543 2306 καὶτὰ
563 2278 679 2313 μάλιστα
694 2277 801 2312 εἴρηται
819 2276 889 2310 βιϐλ.
911 2276 951 2311 τῷ

165 2326 242 2360 αὐτῷ
260 2325 313 2353 ¹ιίτ.
330 2324 369 2358 ς’,
384 2325 454 2352 διάτ.
469 2323 504 2356 α’,
519 2324 565 2351 καὶ
585 2321 754 2358 βιὸλ.ν’,τίτ.
770 2320 804 2352 α’,
818 2321 888 2348 διάτ.
909 2320 950 2352 ιε’,

165 2372 208 2399 ὅτι
221 2373 237 2406 ἡ
250 2371 298 2398 τοῦ
312 2372 415 2406 φάκτου
427 2370 551 2405 ζήτησις,
567 2369 762 2406 ἐπιτέτραπται
773 2367 812 2402 τῷ
824 2367 950 2402 δικαστῇ,

165 2418 198 2445 οὐ
227 2418 281 2453 μὴν
308 2418 324 2453 ἡ
349 2417 396 2443 τοῦ
424 2417 506 2451 νόμου
524 2414 708 2446 ὲπεξέλευσις’
742 2413 817 2446 ὅμως
835 2413 885 2447 μέν
911 2422 951 2439 τοι

166 2464 367 2499 ψηφισάμενος,
382 2463 474 2488 οὐκέτι
489 2461 600 2488 δύναται
610 2460 658 2494 τὴν
671 2459 760 2494 ψῆφον
776 2458 950 2494 ἀνατρέπειν·

167 2510 276 2544 ετρηται
306 2509 360 2543 γὰρ
385 2508 454 2543 βιθὶ..
471 2506 494 2539 ζ’
513 2506 560 2533 τοῦ
578 2506 643 2532 κὼὂ.
659 2505 711 2531 τίτ.
727 2504 758 2537 ν’,
774 2504 842 2531 διὰτ.
860 2503 895 2537 α’,
910 2505 952 2531 ὃτι

166 2554 232 2581 οὔτε
245 2554 294 2590 τὴν
309 2554 376 2581 ἰδίαν
391 2555 490 2589 ψῆφον,
504 2552 566 2579 οὔτε
587 2552 636 2587 τὴν
650 2550 698 2577 τοῦ
713 2550 898 2585 διαλεχθέντος
910 2551 952 2576 δύ-

167 2600 248 2627 ναταί
265 2608 308 2631 τις
319 2600 493 2634 ἀνατρέπειν⁸
509 2599 557 2625 καὶ
575 2597 644 2632 βιὸλ.
660 2595 681 2622 θ’
696 2596 747 2622 τίτ.
761 2595 804 2631 μζ¹
816 2596 886 2622 διὰτ.
909 2595 952 2629 ιε’,

168 2646 210 2672 ὅτι
223 2645 237 2670 ὸ
256 2645 348 2680 ἄρχων
361 2645 410 2680 τὴν
426 2644 490 2680 παρ’
513 2643 595 2670 αὐτοῦ
622 2641 785 2677 ἀνατρέπειν
799 2642 829 2668 οὐ
845 2642 953 2669 δύναται

169 2692 324 2726 ὁρισθεῖσαν
334 2693 440 2726 ποινήν.

212 2736 256 2762 Ἐν
272 2737 300 2763 δὲ
323 2737 363 2772 τῷ
387 2736 426 2772 με’
451 2736 558 2769 διατάγ.
576 2735 622 2762 τοῦ
638 2734 661 2762 α’
687 2735 740 2762 τίτ.
759 2735 806 2762 τοῦ
823 2734 865 2770 μβ]
883 2735 952 2771 βιὸὶ..

207 2825 229 2841 ⁷¹
243 2824 328 2854 Exod.
340 2833 385 2859 xx,
400 2826 445 2859 i2;
463 2825 540 2853 Dent.
552 2824 642 2857 v,16;
660 2823 753 2852 Matth.
768 2832 811 2857 xv,
824 2824 849 2852 4.

1002 2240 1056 2260 non
1081 2234 1235 2260 excedant:
1251 2234 1479 2269 quemadmodum
1501 2234 1548 2262 lib.
1565 2242 1657 2267 vant,
1683 2235 1725 2261 tit.
1742 2235 1784 2267 19,

1002 2279 1058 2314 dig.
1086 2279 1119 2305 12
1144 2278 1296 2316 [traditur],
1323 2280 1430 2307 tametsi
1454 2280 1576 2315 ejusdem
1594 2280 1653 2313 lib.,
1685 2280 1786 2313 tit.16,

1003 2325 1057 2360 dig.
1085 2325 1111 2358 1,
1127 2329 1153 2352 et
1172 2325 1218 2352 lib.
1251 2337 1276 2357 ι,
1291 2325 1333 2352 tit.
1356 2325 1382 2356 l,
1401 2325 1498 2360 digest.
1526 2325 1648 2362 15,[νεη
1670 2327 1789 2354 maxime

1003 2371 1119 2402 dicatur,
1133 2371 1206 2406 quod
1222 2370 1309 2405 judici
1323 2371 1387 2398 facti
1405 2373 1529 2406 quaestio,
1547 2380 1601 2399 non
1616 2378 1706 2400 autem
1722 2374 1788 2408 legis

1005 2416 1159 2449 persecutio
1173 2416 1318 2443 commissa
1333 2416 1378 2443 sit.
1394 2415 1474 2444 Certe
1489 2417 1597 2451 quidem
1618 2418 1663 2453 qui
1681 2415 1790 2453 judica-

1003 2461 1051 2493 vit,
1078 2461 1239 2488 sententiam
1264 2467 1388 2489 evertere
1399 2470 1452 2490 non
1467 2467 1566 2497 potest.
1591 2463 1695 2491 Dicitur
1712 2473 1790 2492 nam-

1003 2515 1056 2542 que
1079 2507 1126 2535 lib.
1150 2516 1196 2540 vu,
1222 2507 1282 2535 cod.
1307 2509 1350 2534 tit.
1371 2507 1415 2539 50,
1434 2510 1544 2537 constit.
1564 2510 1588 2543 l,
1610 2511 1682 2544 quod
1702 2519 1790 2546 neque

1004 2561 1082 2581 suam
1105 2560 1194 2588 neque
1219 2553 1372 2580 decessoris
1390 2553 1431 2581 sui
1455 2555 1617 2582 sententiam
1644 2556 1789 2590 quisquam

1005 2599 1159 2626 rescindere
1184 2600 1278 2633 possit.
1295 2598 1327 2625 Et
1343 2598 1388 2626 lib.
1409 2607 1445 2631 lx,
1467 2600 1508 2627 tit.
1527 2601 1571 2630 47,
1590 2600 1671 2637 334
1700 2607 1789 2629 const.

1008 2644 1052 2677 15,
1072 2643 1143 2678 quod
1162 2643 1268 2678 praesidi
1293 2650 1402 2677 poenam
1419 2652 1467 2672 sua
1482 2645 1581 2673 dictam
1602 2646 1735 2672 sententia
1748 2654 1788 2673 re-

1009 2696 1104 2715 vocare
1118 2696 1171 2716 non
1187 2689 1275 2716 licent.

1046 2734 1152 2763 Tcxtus.
1185 2735 1213 2762 ln
1239 2736 1334 2771 digest.
1363 2737 1409 2770 45,
1429 2736 1469 2764 tit.
1491 2737 1516 2770 ί,
1539 2737 1585 2764 lih.
1599 2745 1664 2770 XLII,
1683 2745 1788 2773 penam
