1951 3071
201 132 253 164 815

794 135 923 165 ΡΗΟΤΙΙ
944 135 1194 166 PATBIARCH/E
1216 136 1270 166 (ΣΡ.

1763 139 1811 170 816

197 187 330 214 sententia
348 185 459 220 dictam,
474 188 533 215 sine
549 188 692 223 principali
718 190 878 217 auctoritate
896 198 980 224 neque

1036 192 1128 226 φησιν,
1143 191 1184 217 ὅτι
1198 192 1247 226 τὴν
1261 191 1445 226 ψηφισθεῐσαν
1468 193 1563 228 ποινὴν
1589 193 1680 227 αὔξειν
1691 195 1708 230 ἢ
1723 198 1811 231 μειοῦν

195 232 322 267 ampliari
345 240 434 267 neque
454 234 540 260 minui
556 242 636 269 posse
651 235 763 262 dicitur.
781 235 870 262 Etlib.
885 243 980 268 nvm,

197 284 238 312 tit,
256 278 298 311 18,
320 277 376 312 dig.
400 279 426 306 1.
443 280 502 306 ait:
520 278 549 306 Si
567 287 665 306 servus
690 285 765 307 metu
781 280 815 307 ad
838 280 981 307 dominum

193 327 348 363 revertendi
381 325 495 363 [crimen
520 324 641 361 aliquod]
663 325 690 352 in
717 332 746 352 se
779 325 926 360 contingat,
957 330 984 353 et

195 379 258 410 post
273 371 525 401 condemnationem
542 377 574 396 eo
587 370 621 397 de
637 370 755 398 consciis
773 371 899 405 quaesito,
912 371 983 398 veri-

195 424 239 446 tas
254 420 383 452 appareat
399 424 405 441 :
422 415 553 442 liberatur
572 421 664 448 pcena,
676 421 763 448 eaque
777 415 933 442 conditione
947 422 983 442 ne

196 464 230 491 ad
255 463 394 490 dominum
420 463 573 487 revertatur
593 466 608 486 a
632 459 744 487 cohorte
769 460 934 491 divenditur,
957 464 984 487 et

195 509 314 545 pretium
337 505 562 533 domino-datur.
580 504 667 532 Iudex
685 510 776 532 autem
798 506 845 540 qui
863 506 981 540 aliquem

196 552 336 581 damnavit
351 556 479 585 tanquam
494 555 611 583 sontem.
625 550 741 577 liberare
755 551 889 578 insontem
909 559 984 578 com-

194 603 302 634 pertum
320 605 373 624 non
387 600 487 632 potest.
515 595 607 630 Neque
619 596 693 622 enim
715 596 859 630 quisquam
875 601 983 623 senten-

195 644 261 670 tiam
280 650 358 670 suam
380 647 501 673 revocat,
520 641 627 668 etiamsi
650 642 807 676 pecuniaria
824 642 868 668 sit.
883 642 912 668 In
929 642 983 668 cri-

195 690 314 717 minibus
326 689 409 723 igitur
423 688 455 715 de
471 695 503 714 eo
516 688 549 715 ad
565 689 714 722 principem
727 688 827 714 referre
840 686 980 723 [judicem]

194 739 312 769 oportet.
341 733 374 760 Et
390 734 487 768 digest.
508 734 524 760 9
540 738 566 760 et
586 733 632 760 27,
652 733 693 760 tit.
717 733 760 765 l9,
783 733 904 767 ejusdem
933 733 981 759 lih.

194 779 312 806 Decurio
326 786 414 812 neque
428 778 455 804 in
471 778 620 810 metallum,
648 785 736 812 neque
756 778 782 805 in
800 785 868 812 opus
880 777 981 804 metalli

194 825 350 855 damnatur,
372 831 420 850 nec
442 822 524 850 furcae
555 824 708 858 subjicitur,
733 832 821 858 neque
846 825 980 851 exuritur.

1036 237 1051 263 ὸ
1066 238 1157 272 ἄρχων
1175 239 1258 272 χωρὶς
1272 237 1416 272 βασιλικῆς
1428 237 1572 268 αὐθεντίας
1583 239 1613 265 οὐ
1625 239 1754 267 δύναται·
1771 244 1814 268 καὶ

1038 282 1108 317 βιϐλ.
1138 281 1262 318 μη’,τιτ.
1289 281 1333 317 ιη’,
1354 283 1422 310 διάτ,
1447 282 1471 310 α’
1496 284 1588 318 φησὶν,
1603 284 1645 310 ὅτι
1658 283 1708 311 ἐὰν
1729 286 1815 319 δοῦλος

1039 327 1205 362 φοὸούμενος
1234 327 1304 362 πρὸς
1330 327 1376 354 τδν
1402 329 1540 363 Δεσπότην
1558 330 1738 365 ὑποστρέψαι,
1755 333 1814 368 εἴπῃ

1038 371 1099 398 καθ’
1116 371 1212 397 ἑαυτοῦ
1228 371 1365 403 πλαστῶς,
1381 372 1429 398 καὶ
1450 372 1519 406 μετὰ
1535 373 1684 409 καταδίκην
1708 375 1814 409 ἐρωτω-

1039 418 1119 452 μένου
1135 417 1219 443 αὐτοῦ
1234 417 1365 452 περὶτῶν
1380 418 1553 452 συνιστόρων,
1578 421 1648 454 φανῇ
1663 421 1680 455 ή
1694 421 1815 455 ἀλήθεια,

1038 462 1226 497 ἐλευθεροῦται
1240 462 1291 497 τῆς
1301 464 1408 497 ποινῆς,
1423 464 1470 490 καὶ
1484 463 1528 490 διὰ
1538 464 1588 499 τῆς
1601 465 1703 498 τάξεως
1716 467 1815 502 πιπρὰ-

1037 517 1143 539 exerat,
1156 509 1199 542 ἐφ’
1215 505 1238 542 ᾧ
1269 508 1306 543 μὴ
1335 509 1504 543 ὑποστρέψαι
1521 510 1588 544 πρὸς
1605 511 1650 536 τὸν
1669 513 1814 547 Δεσπότην,

1036 554 1083 579 καὶ
1096 553 1127 579 τὸ
1141 552 1249 587 τίμημα.
1261 552 1300 586 τῷ
1312 552 1436 589 Δεσπότῃ
1449 553 1550 579 δίδοται
1561 560 1568 568 '
1579 553 1658 584 αὐτὸς
1670 554 1698 580 δὲ
1712 555 1725 581 ό
1736 563 1816 581 κατα-

1035 598 1148 629 δικάσας
1175 597 1213 629 ὡς
1239 597 1324 624 αῐτιόν
1355 606 1433 628 τινα,
1462 597 1494 624 οὐ
1524 597 1636 625 δύναται
1661 599 1817 635 ἐλευθεροῦν

1036 642 1156 668 ἀναίτιον
1183 641 1396 677 εὑρισκόμενον·
1422 643 1485 669 οὕτε
1513 643 1568 678 γάρ
1593 652 1635 675 τις
1648 643 1697 678 τὴν
1715 645 1816 671 οἰκείαν

1035 687 1124 721 ψῆφον
1155 686 1343 719 ἀνακαλεῖται,
1372 687 1426 714 κᾶν
1453 689 1611 724 χρηματικὴ
1636 690 1690 724 εἴη·
1721 690 1761 716 δεῖ
1773 689 1816 717 οὖν

1037 731 1100 766 περὶ
1131 729 1226 756 τούτου
1243 730 1348 765 βασιλεῖ
1362 731 1509 766 ἀναφέρειν
1524 732 1570 757 ὲπὶ
1595 733 1649 758 τῶν
1678 732 1816 766 ἐγκλημς-

1034 783 1107 802 τωνο
1130 775 1177 802 καὶ
1192 774 1262 802 διάτ.
1289 774 1321 808 θ’,
1345 775 1392 802 καὶ
1408 775 1449 807 κζ’
1470 776 1517 802 τοῦ
1539 776 1572 802 ιον
1600 776 1652 803 τίτ.
1675 776 1723 803 τοῦ
1738 777 1816 803 αὑτοῦ

1036 821 1106 856 βιϐλ.
1137 821 1179 848 ὅτι
1213 821 1358 856 βουλευτὴς
1388 820 1450 848 οὔτε
1480 822 1519 853 εις
1536 821 1666 856 μέταλλον
1681 843 1688 854 ,
1708 822 1769 849 οὔτε
1779 823 1816 853 εἰς

198 870 251 897 Sed
265 869 372 896 tametsi
387 869 439 896 tale
449 869 586 904 quidpiam
602 869 753 904 judicatum
769 870 814 901 sit,
833 869 979 896 liberatur:

1035 867 1112 902 ἔργον
1143 867 1274 902 μετάλλου
1301 867 1522 900 καταδικάζεται,
1545 867 1607 893 οὔτε
1635 867 1814 901 φουλκίζεται,

197 922 251 942 non
279 913 413 950 [quidem]
439 921 488 948 per
515 913 645 948 judicem,
672 914 718 941 sed
744 922 791 948 per
821 915 979 949 principem,

194 959 241 994 qui
269 959 339 995 [eam
356 958 425 994 rem]
440 958 552 986 edoctus
574 966 682 993 poenam
699 965 744 986 aut
765 964 912 994 permutat.
935 964 982 987 aut

194 1005 334 1036 remittit,
361 1007 389 1031 et
406 1003 539 1039 praesides
559 1004 708 1031 sententias
728 1012 792 1031 suas
803 1012 856 1031 non
879 1005 983 1032 rescin-

193 1050 271 1078 dunt.
287 1049 322 1076 Se
336 1053 426 1076 tamen
445 1049 472 1076 in
487 1057 515 1076 se
526 1049 588 1083 quis
607 1050 748 1082 mentitus,
771 1055 818 1077 aut
846 1051 882 1077 ob
899 1050 982 1078 ~defe-

193 1099 267 1122 etum
278 1094 497 1121 testiﬁcationum
507 1095 703 1122 condemnatus
714 1096 807 1129 fuerit,
822 1103 848 1124 et
862 1102 983 1132 postmo-

193 1139 259 1167 dum
281 1139 456 1174 probationes
479 1147 540 1173 quze
560 1139 649 1173 ipsum
675 1140 979 1174 juvent.inveniautur,

195 1185 323 1219 princeps
337 1188 385 1211 aut
395 1184 493 1211 liberat
505 1192 569 1211 cum
598 1189 646 1212 aut
660 1193 770 1220 poenam
786 1187 895 1215 minuit.

229 1314 337 1342 Tutus.
364 1313 475 1350 [Atque]
491 1314 548 1341 haec
571 1314 705 1350 [quidem]
722 1315 755 1342 de
770 1315 898 1349 perfectis
916 1323 979 1343 sen-

192 1362 285 1389 tentiis
309 1361 381 1388 dicta
407 1361 472 1388 sint.
498 1361 638 1396 Siquidem
663 1369 725 1396 quae
749 1362 832 1395 judex
853 1362 880 1388 in
903 1367 979 1396 parte

192 1407 294 1442 [aliqua
307 1405 413 1442 judicii]
429 1406 608 1434 interlocutus
633 1406 725 1439 fuerit,
745 1415 776 1433 ca
792 1414 904 1441 prorsus
925 1407 978 1434 tol-

189 1453 246 1480 lere
260 1456 287 1479 et
300 1452 445 1479 immutare
462 1457 550 1486 potest
565 1460 573 1478 :
590 1453 818 1486 quemadmodum
839 1452 887 1479 lib.
911 1460 977 1485 XLII,

188 1497 233 1524 tit.
258 1496 283 1522 t.
299 1495 398 1531 digest.
427 1496 472 1529 η,
487 1500 514 1523 et
525 1496 571 1523 lib.
587 1503 624 1528 ιν,
639 1497 681 1524 tit.
695 1497 721 1528 8,
738 1497 837 1531 digest.
867 1496 976 1529 19,20.

189 1540 340 1577 [traditur].
364 1539 398 1567 Et
422 1541 520 1568 merito
544 1540 690 1576 [quidem].
710 1539 778 1568 Nam
798 1541 843 1575 qui
864 1541 977 1568 interlo-
991 1535 1012 1565 ο

188 1591 269 1613 cutus
280 1589 333 1617 est,
351 1590 443 1612 manet
459 1585 541 1620 judex
561 1594 567 1612 :
583 1586 627 1620 qui
645 1594 711 1613 vero
727 1585 887 1613 sententiam
897 1586 976 1618 dixit,

187 1631 215 1659 in
238 1630 332 1658 eadem
356 1629 425 1666 [illa]
444 1639 473 1658 re
487 1631 571 1665 judex
590 1638 650 1658 esse
671 1631 769 1659 desiit:
786 1636 815 1658 ut
831 1631 878 1658 lib.
908 1638 974 1662 mi.

188 1677 232 1704 tit.
249 1677 276 1710 Ι,
294 1676 349 1711 dig.
367 1676 402 1702 55
415 1675 563 1712 [docetur].

1033 912 1096 939 οὔτε
1127 913 1245 945 καίεται,
1277 912 1335 938 ἀλλ’
1353 912 1378 938 ει
1411 912 1458 938 και
1479 921 1504 938 τι
1536 912 1656 939 τοιοῦτον
1684 913 1815 948 ψηφισθῇ,

1036 957 1238 992 ἐλευθεροῦται,
1255 957 1286 984 οὐ
1306 957 1351 983 διὰ
1383 956 1430 983 τοῦ
1458 957 1598 992 ἄρχοντος,
1622 958 1689 984 ἀλλὰ
1703 957 1746 984 διὰ
1769 958 1815 984 τοῦ

1040 1002 1173 1037 βασιλέως
1204 1002 1418 1036 διδασκομένου,
1445 1002 1495 1037 τὴν
1521 1003 1657 1038 τιμωρίαν
1690 1003 1816 1029 ἐναλλάσ-

1033 1056 1126 1079 σοντος
1162 1048 1179 1083 ἢ
1218 1048 1444 1083 ἑλευθεροῦντος·
1473 1048 1521 1074 καὶ
1553 1049 1578 1074 οι
1608 1047 1737 1082 ἄρχοντες
1765 1049 1816 1074 οὐκ

1032 1094 1214 1129 ἀνατρέπουσι
1231 1094 1281 1125 τὰς
1307 1094 1375 1124 ιδίας
1389 1093 1510 1128 ψήφουςε
1527 1094 1551 1120 ει
1571 1094 1663 1127 μέντοι
1689 1103 1731 1125 τις
1755 1094 1816 1120 καθ’

1032 1139 1128 1165 ἑαυτοῦ
1153 1139 1334 1173 ψευσάμενος,
1355 1138 1371 1172 ἢ
1399 1139 1502 1173 ἀπορίᾳ
1525 1138 1682 1170 συστάσεως
1704 1139 1815 1165 καταδι-

1032 1183 1131 1218 κασθῇ,
1143 1183 1190 1209 καὶ
1203 1182 1265 1208 ﬁcte
1270 1190 1315 1215 ρον
1325 1181 1458 1217 εὑρεθῶσι
1468 1181 1615 1217 βοηθοῦντα
1625 1181 1700 1216 αὐτῷ
1706 1181 1816 1208 δικαιώ-

1033 1235 1116 1262 ματα,
1147 1227 1162 1252 ὁ
1190 1225 1351 1260 βασιλεῖ)ςῆ
1377 1226 1516 1261 ἐλευθεροῖ
1540 1226 1621 1252 αὒτδν
1639 1226 1656 1261 ἢ
1684 1227 1755 1261 μειοῖ
1766 1226 1814 1261 τὴν

1031 1272 1137 1304 ποινήν.
1396 1265 1406 1274 ”

1065 1316 1157 1343 Ταῦτα
1182 1316 1249 1351 περὶ
1278 1316 1430 1343 αὐτοτελῶν
1446 1317 1553 1352 εἴρηται
1577 1316 1693 1352 ψήφων*
1712 1317 1746 1344 τὰ
1760 1317 1813 1351 γὰρ

1029 1363 1098 1390 κατὰ
1120 1363 1203 1398 μέρος
1232 1362 1439 1397 διαλαλούμενα,
1454 1363 1565 1390 δύναται
1583 1363 1598 1390 ὁ
1613 1363 1743 1396 δικαστὴς
1766 1364 1813 1389 καὶ

1028 1408 1137 1440 τελείως
1150 1409 1272 1443 ἀναιρεῖν
1289 1409 1336 1434 καὶ
1350 1408 1534 1440 ὲναλλάσσειν,
1547 1408 1584 1440 ὡς
1599 1409 1670 1443 βισλ.
1698 1409 1812 1443 μβ¹,τίτ.

1029 1453 1142 1486 α’,διάτ.
1171 1454 1213 1486 ιδ’,
1242 1454 1290 1480 καὶ
1313 1453 1385 1488 βιὸλ.
1413 1452 1502 1484 δ’,τίτ.
1529 1453 1644 1488 η’,διάτ.
1668 1453 1713 1483 ιο“,
1742 1451 1777 1479 κ’·
1799 1454 1814 1479 ὁ

1031 1499 1080 1534 μὲν
1095 1498 1150 1534 γὰρ
1171 1499 1345 1534 διαλαλήσας,
1365 1498 1440 1534 μένει
1459 1499 1590 1533 δικαστής
1603 1507 1611 1514 ·
1627 1499 1642 1525 ὀ
1652 1498 1680 1525 δὲ
1692 1499 1814 1533 ψηφισά-

1030 1551 1118 1578 μενος,
1138 1543 1275 1570 πέπαυται
1289 1544 1334 1570 ἐπ’
1347 1543 1421 1578 αὺτῷ
1438 1542 1478 1578 τῷ
1493 1543 1637 1578 πράγματι
1650 1540 1721 1569 εἶναι
1737 1543 1814 1569 δικα-

1030 1588 1105 1622 στὴς,
1126 1587 1164 1619 ὡς
1188 1588 1258 1622 βιϐλ.
1286 1588 1379 1623 μ’,τιτ.
1402 1587 1439 1623 η’,
1451 1588 1520 1615 διὰτ.
1542 1587 1578 1620 κ’,
1598 1587 1646 1615 καὶΙ
1673 1587 1745 1623 pta.
1757 1585 1813 1621 μβ’,

1027 1632 1082 1659 τιτ.
1100 1632 1215 1664 α’,διάτ.
1228 1632 1276 1659 vs'.

861 1861 1066 1905 ΤΙΤΛΟΣ
1103 1863 1145 1904 I'.

186 1964 266 1991 ΠΕΡΙ
284 1964 487 1992 ΔΙΟΙΚΗΣΕΩΣ
514 1963 820 1992 ΕΚΚΑΗΣΙΑΣΤΙΚΩΝ
838 1963 1071 1996 ΠΡΔΓΜΑΤΩΝ,
1092 1963 1154 1990 ΚΑΙ
1181 1963 1262 1990 ΠΕΡΙ
1280 1963 1350 1991 ἸὨΝ
1369 1963 1486 1990 ῙΔΙΚΩΝ
1512 1963 1582 1991 ΤΟΥ
1599 1961 1810 1990 ΕΠΙΣΚΟΠΟΥ.

840 2135 1073 2174 'l‘l'l‘ULUS
1108 2134 1154 2172 X.

251 2227 331 2263 335
348 2226 391 2253 DE
411 2223 730 2253 ADMINISTRATIONE
748 2221 949 2250 PATRIMONII
969 2221 980 2248 Ε

1036 2219 1238 2254 LESIASTICI,
1251 2219 1293 2247 ΕΤ
1308 2220 1352 2247 DE
1369 2219 1414 2246 RE
1431 2219 1575 2248 PROPRIA
1590 2219 1754 2248 EPlSCOPl.

203 2313 317 2342 CAPUT
330 2313 355 2349 .l.
370 2330 404 2335 ——
427 2313 553 2348 Oporlere
585 2320 747 2339 reconomum
775 2311 807 2338 de
821 2311 945 2339 Ecclesia:

1059 2309 1182 2336 ΚΕΦΑΛ.
1198 2308 1241 2338 A'.
1254 2325 1289 2330 —
1303 2309 1374 2344 Περὶ
1387 2309 1440 2336 τοῦ
1456 2309 1566 2344 χρῆναι
1581 2310 1634 2336 τὸν
1649 2310 1812 2344 οἰκονόμον

509 2356 578 2383 clero
588 2356 646 2390 βαι.
1020 2353 1054 2380 ἐκ
1071 2354 1124 2381 τοῦ
1141 2353 1256 2388 κλήρου
1270 2354 1325 2388 τῆς
1346 2355 1529 2388 Ἐκκλησίας
1543 2353 1630 2382 εἶναι.

1145 2400 1281 2427 Συνόδου
1295 2400 1488 2434 Χαλκηδόνος
1504 2400 1605 2428 κανὼν
1620 2404 1677 2433 κς’.

215 2448 260 2475 ΞΒ.
280 2447 416 2481 Quoniam
446 2448 473 2474 in
490 2447 629 2475 nonnullis
644 2446 784 2478 Ecclesiis,
812 2449 925 2479 utsmpe
951 2453 966 2472 ιι

1054 2445 1110 2478 κς’.
1141 2445 1250 2480 Ἐπειδὴ
1281 2446 1309 2471 ἐν
1329 2454 1400 2472 τισιν
1413 2445 1595 2481 Ἐκκλησίαις,
1615 2447 1653 2478 ὼς
1672 2447 1810 2481 περιηχή-

180 2495 259 2522 nobis
288 2494 411 2520 auditum
437 2498 489 2526 cst,
519 2494 638 2528 episcopi
654 2498 736 2528 atque
757 2492 891 2520 ceconomi
913 2498 967 2518 tra-

1035 2500 1115 2526 ημεν,
1135 2491 1196 2526 δίχα
1221 2492 1370 2526 οἰκονόμων
1398 2491 1423 2517 ol
1439 2491 1582 2518 ἐπίσκοποι
1603 2492 1638 2518 τὰ
1659 2492 1811 2526 ἐκκλησια-

180 2545 255 2568 ctant
279 2547 322 2567 res
346 2539 556 2571 ecclesiasticas,
572 2540 795 2575 placuitomuem
817 2537 965 2566 Ecclesiam

1035 2538 1101 2564 τικὰ
1131 2537 1280 2572 χειρίᾷουσι
1301 2537 1460 2572 πράγματα,
1476 2537 1550 2569 ἔδοξε
1568 2538 1660 2564 πᾶσαν
1689 2537 1811 2572 Ἐκκλη-

179 2586 338 2621 episcopum
366 2585 523 2618 habentem,
553 2593 584 2612 ex
612 2585 723 2620 proprio
752 2585 837 2617 clero,
855 2591 965 2612 mcono—

1035 2583 1081 2609 πίαν
1095 2583 1246 2608 ἐπίσκοπον
1260 2582 1385 2617 ἔχουσαν,
1403 2583 1450 2609 καὶ
1465 2583 1607 2618 οἰκονόμον
1623 2582 1696 2617 ἔχειν
1711 2583 1743 2609 ὲκ
1757 2582 1809 2609 τοῦ

178 2639 254 2659 mum
271 2631 382 2664 habere,
415 2635 445 2658 ut
461 2631 520 2658 sine
537 2631 651 2658 testibus
675 2631 710 2658 sit
726 2630 858 2658 Ecclesia:
874 2629 962 2657 admi-

1035 2627 1085 2653 Ξίου
1100 2626 1213 2662 κλήρου,
1229 2627 1423 2662 οἱκονομοῦντα
1442 2627 1476 2654 τὰ
1500 2627 1714 2663 summam
1733 2626 1811 2654 κατὰ

178 2677 315 2709 uistratio,
335 2684 386 2704 nec
419 2676 480 2704 ideo
497 2684 542 2703 res
557 2676 617 2711 ejus
643 2676 823 2711 dissipentur,
852 2680 879 2702 et
903 2682 962 2710 pro-

1036 2672 1129 2707 νώμην
1156 2673 1204 2698 τοῦ
1237 2672 1302 2699 ἰδίου
1317 2673 1467 2699 ἐπισκόπου
1486 2681 1492 2687 ·
1505 2673 1575 2700 ὥστε
1593 2673 1630 2708 μὴ
1645 2674 1809 2708 ἀμάρτυρον

176 2723 255 2751 brum
269 2730 302 2750 ac
311 2722 429 2750 dedecus
441 2722 596 2750 sacerdotio
614 2723 750 2750 inuratur.
770 2721 797 2749 Si
811 2726 900 2749 autem
912 2722 962 2748 hoc

1035 2716 1087 2745 ἶναι
1105 2717 1153 2753 τὴν
1181 2718 1337 2753 οἰκονομίαν
1359 2717 1409 2754 τῆς
1441 2718 1615 2754 Ἐκκλησίας,
1632 2720 1679 2745 καὶ
1699 2720 1731 2745 ἐκ
1743 2719 1808 2745 τού-

177 2776 231 2795 non
247 2768 352 2801 fecerit,
377 2775 440 2796 eum
458 2767 557 2795 divinis
582 2768 664 2795 etiam
690 2767 841 2794 canonibus
852 2766 961 2801 subjici.

1035 2774 1063 2792 ου
1074 2765 1308 2801 σκορπίζεσθαιτὰ
1321 2767 1369 2801 τῆς
1378 2767 1461 2802 αὐτῆς
1469 2767 1632 2801 Ἐκκλησίας
1639 2768 1808 2802 πράγματα,

176 2815 223 2842 καὶ
256 2814 389 2850 λοιδορίαν
408 2817 441 2850 τῇ
468 2814 602 2850 ἱερωσύνῃ
629 2813 839 2850 προστρίϐεσθαι
857 2821 864 2828 ·
881 2813 906 2840 εἰ
920 2813 948 2839 δὲ
967 2812 1004 2848 μὴ
1020 2812 1098 2839 toﬁ-to
1122 2814 1196 2848 ποιῇ,
1214 2813 1374 2841 ὑποκεῖσθαι
1389 2813 1469 2840 αὐτὸν
1489 2815 1545 2845 τοῖς
1569 2813 1650 2844 θείοις
1680 2815 1807 2841 κανόσιν.

321 2401 424 2430 Οοηεὶι.
438 2402 657 2430 Chalcedonensis
670 2410 754 2429 canon
783 2401 828 2428 26.
