1959 3060
136 219 188 250 817

257 271 392 298 Συνόδου
405 270 528 303 Νικαίας
544 271 577 297 τὸ
588 270 629 303 β’,
639 270 740 297 κανὼν
755 270 800 298 ια’.

172 318 236 344 Ὅτι
249 315 296 342 δεῖ
301 315 477 349 οἰκονόμους
492 313 568 342 εἶναι
587 316 622 342 ἐν
635 315 697 349 τοῖς
717 316 919 349 ἐπισκοπείοις

135 363 184 390 καί
199 361 260 394 τοῖς
272 362 496 394 μοναστηρίοις.

172 407 216 434 ια’.
237 406 381 441 ’Υπόχρεοι
395 405 471 437 ὄντες
495 407 600 438 πάντας
609 407 672 438 τοὺς
687 406 776 438 θείους
805 407 920 438 κανόνας

135 453 291 486 φυλάττειν,
308 451 356 477 καὶ
366 451 411 476 τὸν
425 451 539 484 λέγοντα
552 452 710 486 οἰκονόμους
726 450 796 478 εἶναι
811 454 840 478 ὲν
855 452 920 478 ἐκά-

136 506 186 534 στῃ
199 497 358 532 Ἐκκλησία,
367 497 448 523 παντί
463 497 556 532 τρόπῳ
565 497 763 532 ἀπαράτρωτον
781 498 920 532 διατηρεῖν

135 542 279 576 ὀφείλομεν
292 550 299 557 ·
317 542 364 567 καὶ
379 542 402 568 εἰ
416 540 465 576 μὲν
486 542 601 573 ἕκαστος
616 542 816 577 μητροπολίτης
832 544 861 569 ὲν
884 543 918 577 τῇ

142 586 290 622 Ἐκκλησία
302 586 384 613 αὑτοῦ
401 587 515 622 καθιστᾷ
527 587 678 622 οἰκονόμον,
695 587 785 620 καλῶς
797 587 830 614 ἂν
842 587 898 623 ἔχοι
910 595 917 602 ·

135 633 162 658 εἰ
177 632 205 658 δί
224 632 262 667 μή
279 640 320 666 γε,
336 631 367 664 ὲξ
390 632 533 664 αὑθεντίας
550 633 617 664 ἰδίας
639 633 677 667 τῷ
699 634 919 660 Κωνσταντινου-

136 677 241 708 πόλεως
255 678 397 712 ὲπισκόπῳ
413 677 489 705 ᾶδειά
503 679 560 704 ἐστι
569 678 792 714 προχειρίζεσθαι
814 679 918 705 οἰκονό-

136 731 188 754 μον
194 723 223 749 ἐν
232 723 265 757 τῇ
279 722 362 749 αὐτοῦ
377 723 525 758 Ἐκκλησία
533 731 540 739 ο
550 723 680 755 ὡσαύτως
693 724 742 750 καὶ
749 725 805 756 τοῖς
815 733 919 759 μητρο-

135 767 271 799 πολίταις,
286 768 311 794 ει
327 768 352 794 οἰ
366 767 412 794 ὑπ’
428 768 525 799 αὐτοὺς
541 768 686 795 ἐπίσκοποι
699 769 730 795 οὐ
746 768 918 804 προαιροῦν-

135 813 343 848 ταιοίκονόμους
354 814 558 849 ιγκατιιοτῆσαι
571 813 599 840 ὲν
605 815 664 846 ταῖς
677 814 782 840 ἑαυτῶν
801 814 919 849 Ἐκκλη-

136 859 208 889 σίαις
225 866 232 874 -
244 858 275 885 τὸ
282 858 348 885 αὐτὸ
359 858 388 885 δὲ
401 858 581 893 φυλάττεσθαι
592 859 639 885 καὶ
655 859 702 885 ἐπὶ
716 859 772 886 τῶν
785 867 921 895 μοναστη-

138 903 217 939 ρίων.

188 948 335 982 Θεοφίλου
347 948 381 975 ἐκ
395 948 448 975 τοῦ
466 948 705 984 Ύπομνηστικοῦ
714 950 815 977 κανὼν
828 950 862 978 θ’.

171 992 205 1020 Θ’.
221 993 303 1019 Ὥστε
317 993 414 1031 γνώμῃ
435 994 536 1027 παντὸς
554 995 602 1021 τοῦ
615 995 761 1030 ἰερατείου,
777 997 920 1031 οἰκονόμον

135 1038 329 1073 ἀποδειχθῆναι
345 1039 449 1074 ἕτερον,
465 1039 508 1074 ἔφ’
517 1037 540 1074 ᾧ
556 1041 710 1067 συντίθεται
724 1042 793 1068 καὶὸ
807 1042 921 1069 ἐπισκο-

135 1092 186 1115 πος
207 1084 354 1116 Ἁπόλλων,
373 1085 442 1120 προς
454 1085 484 1112 τὺ
498 1086 533 1112 τὰ
551 1087 601 1121 τῆς
618 1086 783 1122 Ἐκκλησιας
796 1088 838 1119 εἰς
859 1087 919 1115 δέον

134 1129 330 1157 ἀναλίσκεσθαι
335 1150 342 1157 .

174 1174 208 1201 ῚΙ
224 1174 263 1209 λβ’
277 1175 349 1202 διάτ.
369 1175 417 1202 τοῦ
436 1175 460 1210 γ’
489 1177 542 1204 τιτ.
565 1177 613 1203 τοῦ
642 1176 667 1203 α’
691 1177 762 1212 βιὸλ.
779 1178 826 1205 τοῦ
853 1178 918 1206 κώδ.

134 1220 209 1254 λέγει
221 1220 266 1247 τὸν
276 1221 417 1256 οἰκονόμον
437 1222 535 1257 χρῆναι
562 1223 636 1258 παρὰ
652 1223 698 1249 τοῦ
713 1224 861 1251 ἐπισκόπου
876 1225 920 1258 γίο

135 1267 227 1292 νεσθαι
237 1274 244 1281 ·
259 1268 306 1293 καὶ
321 1268 337 1302 ἡ
350 1271 394 1302 μα’
408 1268 479 1294 διάτ.
494 1268 541 1294 τοῦ
556 1269 638 1295 αὐτοῦ
652 1269 706 1296 τιτ.
718 1269 838 1296 ὃτικατὰ
850 1270 922 1296 δοκι-

136 1313 239 1347 μασίαν
253 1312 357 1347 γίνεται
371 1321 379 1328 ·
396 1314 412 1349 ή
425 1314 453 1340 δὲ
463 1313 500 1340 κδ’
515 1314 563 1341 τοῦ
576 1313 598 1349 β’
611 1315 663 1341 τίτ.
675 1315 716 1341 ὅτι
730 1315 771 1341 δεῖ
781 1315 844 1346 τοὺς
851 1316 923 1342 οἱκο-

133 1359 234 1392 νόμους
260 1359 331 1385 κατὰ
349 1359 420 1394 μῆνα
435 1359 451 1395 ἢ
467 1359 498 1386 τὸ
523 1360 656 1394 μήκιστον
684 1360 753 1394 ὑπὲρ
769 1359 825 1392 δύο,
843 1360 922 1394 λογο-

134 1404 223 1430 ποιεῖν
240 1403 309 1439 πρδς
327 1406 389 1436 τοὺς
412 1405 572 1440 ἀρκαρίους,
584 1406 645 1431 ἐπεὶ
664 1405 859 1438 κινδυνεύουσι,
875 1406 922 1433 καὶ

135 1449 177 1474 ὃτι
193 1449 308 1480 ἕκαστος
326 1449 375 1484 μὲν
399 1450 540 1483 οἰκονόμος
565 1451 643 1486 ζητεῖ
653 1451 686 1477 τὰ
701 1452 750 1485 τῆς
765 1451 811 1485 ὑφ’
825 1451 922 1478 ἑαυτὸν

136 1493 306 1527 διοικήσεως.
322 1494 346 1520 οἰ
373 1494 402 1521 δὲ
425 1495 514 1521 λοιποὶ
537 1496 607 1522 κατὰ
628 1496 777 1530 πρόσταξιν
798 1496 923 1532 ἄγραφον

136 1537 185 1564 τοῦ
201 1538 371 1573 πατριάρχου
384 1540 440 1570 τοῖς
447 1538 587 1573 λογισμοῖς
605 1540 804 1575 ὑπογράφουσι,
823 1542 854 1568 τὸ
873 1542 921 1568 ἁν-

138 1583 225 1628 εγνῳν
240 1590 248 1598 ·
268 1583 315 1609 καὶ
341 1583 372 1609 τὸ
399 1584 484 1618 χωρὶς
497 1584 548 1618 τῆς
563 1584 690 1619 τοιαύτης
704 1587 921 1620 παρατηρήσεως
936 1598 959 1628 C

139 1627 321 1662 λογιζόμενον,
336 1627 442 1654 οἴκοθεν
456 1629 480 1654 οἰ
493 1629 630 1664 οἰκονόμοι
644 1629 745 1656 διδόασι
760 1637 767 1644 ·
783 1631 856 1666 καὶὴ
877 1630 922 1666 μα’

138 1673 187 1700 τοῦ
197 1673 281 1708 γ’τίτ.
294 1674 334 1700 ὅτι
346 1675 403 1700 κατ’
413 1675 535 1701 ἐνιαυτὸν
555 1675 569 1701 ό
579 1675 721 1710 οἰκονόμος
746 1676 926 1710 παρατίθεται

139 1719 218 1753 λόγον
229 1719 279 1754 τῆς
293 1719 376 1746 αὑτοῦ
395 1720 553 1756 διοικήσεως
567 1721 606 1755 τῷ
623 1722 777 1756 ὲπισκόπῳ,
799 1723 846 1748 καὶ
857 1723 926 1748 ἁπο-

139 1764 248 1792 δίδωσιν
262 1765 288 1791 s!
302 1773 329 1794 το
342 1767 413 1800 φανῇ
434 1765 537 1800 βλάψας
554 1765 570 1801 ἢ
588 1766 722 1802 κερδήσας
732 1776 739 1782 ·
754 1768 779 1794 εἰ
795 1767 823 1794 δὲ
835 1768 927 1796 τελευ-

140 1811 220 1846 τήσει
233 1810 286 1846 πρὸ
297 1810 351 1838 τῶν
363 1811 512 1845 λογισμῶν,
529 1812 686 1838 ὑπόκεινται
705 1813 810 1844 τούτοις
822 1814 846 1840 οἰ
862 1813 928 1849 κλη-

143 1856 251 1892 ρονόμοι
274 1856 357 1883 αὑτοῦ
370 1865 377 1871 “
395 1856 537 1883 ὑπόκειται
559 1856 614 1892 γὰρ
641 1858 689 1884 καὶ
704 1858 757 1884 ὐπὸ
781 1858 927 1894 ῥᾳθυμίας,

141 1903 191 1929 καὶ
211 1903 257 1928 ἐὰν
271 1902 384 1938 ἀπόροις
401 1902 513 1929 ἱκόὡσει
527 1910 533 1916 ·
554 1904 570 1938 ἠ
587 1903 614 1930 δὲ
627 1902 649 1938 β’
663 1903 734 1930 διάτ.
758 1904 806 1931 τοῦ
820 1904 842 1939 β’
873 1905 926 1933 τίτ.

142 1948 197 1974 τῶν
211 1948 336 1983 Νεαρῶν,
351 1948 518 1982 ἀπαγορεύει
538 1949 595 1980 τοῖς
605 1949 768 1984 οἰκονόμοις.
783 1950 831 1977 καὶ
841 1951 929 1986 ὀρφα-

142 1994 293 2028 νοτρόφοις,
308 1995 356 2021 καὶ
366 1994 514 2030 διοικηταῖς
528 1996 583 2021 τῶν
597 1995 699 2021 λοιπῶν
714 1996 821 2030 εὐαγῶν
835 1997 928 2030 οἴκων,

143 2041 185 2066 ἔτι
201 2040 254 2075 μὴν
269 2041 315 2066 καὶ
329 2041 385 2072 τοῖς
394 2040 502 2067 πάντων
509 2041 728 2076 χαρτουλαρίοις,
744 2042 789 2068 καὶ
802 2043 856 2073 τοῖς
866 2043 928 2070 τού-

142 2095 198 2113 ¹ιπων
219 2086 328 2120 γονεῦσι
350 2087 398 2113 καὶ
411 2086 501 2118 παισὶ,
519 2086 638 2118 καὶτοῖς
659 2087 729 2113 κατὰ
753 2087 831 2122 γένος
847 2087 863 2123 ἢ
878 2089 929 2122 γά-

144 2139 195 2165 μον
208 2131 299 2162 αὺτοῖς
315 2131 538 2165 συναπτομένοις,
557 2131 747 2165 ἑμφυτεύσεις.
765 2132 813 2159 καὶ
829 2132 930 2167 μισθώ-

144 2185 213 2208 σεις,
230 2176 277 2202 καὶ
288 2175 427 2211 ὑποθήκας
434 2175 605 2210 πραγμάτων
620 2175 674 2202 τῶν
687 2177 794 2210 εὐαγῶν
808 2176 900 2208 οἴκων,
913 2178 929 2213 ἢ

141 2222 177 2248 δι’
201 2221 317 2253 ἑαυτῶν,
335 2221 352 2256 ἢ
382 2221 426 2248 διὰ
450 2221 624 2256 παρενθέτων
642 2222 796 2256 προσώπων
823 2222 929 2257 λαμϐά-

542 217 743 247 SYNTAGMA
761 218 955 248 CANONUM.
970 229 1004 235 -
1019 217 1092 247 Tl'l‘.
1107 217 1145 252 Χ,
1161 216 1243 246 CAP.
1263 215 1288 250 Ῑ,
1311 215 1351 246 ΙΙ.

1703 211 1756 244 818

1141 269 1256 296 Consilii
1278 267 1383 294 Nica'm'
1397 276 1414 294 ιι
1431 277 1514 295 canon
1530 268 1574 296 Η.

1009 316 1116 348 Oportet
1135 322 1281 341 meonomos
1294 322 1348 342 esse
1369 316 1396 342 in
1417 315 1555 349 epistopiis
1576 319 1600 341 et
1620 315 1646 341 in
1665 318 1753 342 mena-

973 360 1073 387 ueriis.

1011 406 1056 432 ll.
1085 404 1152 432 Cum
1168 412 1264 432 omnes
1281 405 1303 420 "
1318 405 1424 432 divinos
1446 413 1565 433 canones
1590 413 1699 432 servare
1721 410 1760 432 te-

972 458 1097 482 neamur,
1117 458 1179 477 eum
1200 457 1320 484 quoque,
1345 451 1391 485 qui
1415 451 1492 485 jubet
1520 458 1678 478 (economos
1699 458 1760 478 esse

973 497 999 524 in
1014 495 1131 530 singulis
1147 496 1286 527 Ecclesiis,
1311 495 1424 522 illmsum
1445 495 1558 522 omnino
1580 503 1689 522 servare
1710 496 1758 522 de—

972 541 1078 569 bemus.
1096 540 1130 567 Et.
1151 541 1174 568 si
1189 541 1299 573 quidem
1316 541 1504 575 unusquisque
1520 540 1602 575 336
1620 544 1759 574 metropo~

972 587 1073 614 litanus
1084 587 1111 614 in
1125 594 1174 615 sua
1192 586 1314 614 Ecclesia
1335 594 1506 614 azconomum
1525 586 1676 618 constituit,
1691 585 1759 612 bene

973 633 1075 660 habet:
1106 633 1149 660 sin
1180 633 1282 664 minus,
1306 632 1609 666 Constantinopolitano
1630 632 1759 666 episcopo

973 677 1084 713 speciali
1102 677 1266 705 auctoritate
1289 677 1380 704 licebit
1396 684 1566 704 (nconomum
1583 677 1609 702 in
1627 676 1688 710 ejus
1709 675 1760 702 Ec-

973 722 1055 750 clesia
1076 722 1222 757 praeﬁcere.
1240 721 1373 748 Similiter
1387 726 1413 748 et
1431 721 1660 755 metropolitanis,
1676 720 1699 748 si
1713 720 1760 755 qui

972 767 1013 795 eis
1028 767 1145 794 subsunt
1160 767 1294 801 episcopi,
1314 766 1403 793 nolint
1426 767 1454 793 iu
1470 767 1529 794 suis
1542 766 1671 794 Ecclesiis
1684 773 1760 793 (eeo-

973 820 1069 841 nomos
1079 812 1258 841 constituere.
1278 811 1335 840 Hoc
1349 813 1440 847 ipsum
1457 817 1549 840 autem
1561 811 1666 840 servari
1677 811 1758 838 etiam

973 858 1001 886 in
1037 858 1220 886 monasteriis.

1092 941 1227 977 Theophili
1242 949 1275 968 ea:
1289 940 1498 969 Commonitorio
1522 947 1608 967 canon
1623 942 1652 967 9.

1005 987 1033 1016 9.
1051 985 1088 1015 Ut
1107 987 1190 1014 totius
1209 985 1387 1013 sacerdotalis
1409 985 1515 1012 ordinis
1532 983 1666 1012 sententia
1689 981 1759 1010 alius

971 1032 1143 1060 renuntietur
1159 1037 1334 1062 meonomus,
1353 1030 1379 1057 in
1395 1037 1450 1064 quo
1465 1029 1561 1064 Apollo
1578 1035 1686 1064 quoque
1698 1027 1757 1062 epi-

970 1085 1071 1113 scopus
1078 1076 1228 1107 consensit,
1241 1080 1272 1103 ut
1282 1075 1352 1102 bona
1368 1074 1496 1102 Ecclesiae
1511 1075 1538 1101 in
1557 1082 1588 1101 ea
1601 1081 1661 1102 quae
1677 1079 1759 1108 opor-

969 1128 1008 1151 tet
1025 1123 1229 1157 impendantur.

1006 1169 1114 1196 Tenus.
1131 1168 1225 1195 Const.
1244 1166 1289 1198 32,
1303 1167 1344 1194 tit.
1362 1167 1390 1198 3,
1405 1166 1452 1193 lib.
1471 1173 1491 1197 ι,
1505 1166 1568 1193 cod.
1584 1172 1758 1193 meonomum

971 1214 1005 1241 ab
1024 1214 1152 1248 episcopo
1169 1212 1226 1239 ﬁeri
1241 1216 1366 1246 oportere
1388 1211 1464 1239 dicit.
1481 1211 1514 1238 Et
1529 1215 1617 1238 const.
1635 1211 1665 1237 ιι
1686 1211 1760 1244 ejus-

971 1259 1032 1286 dem
1047 1258 1088 1285 tit.
1102 1265 1149 1293 per
1160 1257 1378 1292 explorationem
1442 1254 1512 1284 ﬁeri.
1526 1259 1535 1268 ‘
1560 1254 1653 1282 Const.
1700 1253 1735 1280 ει
1747 1273 1755 1286 .

975 1302 1018 1330 tit.
1046 1300 1080 1331 2.
1132 1303 1204 1336 quod
1229 1307 1354 1337 oporteat
1371 1308 1531 1328 teconomus
1558 1300 1691 1334 singulis,
1716 1300 1760 1326 vel

972 1355 1112 1374 summum
1131 1348 1244 1374 alternis
1260 1347 1402 1374 mensibus
1412 1345 1484 1380 apud
1500 1345 1621 1373 arcarios
1639 1345 1760 1373 rationes

972 1393 1128 1424 coniicere,
1155 1392 1257 1426 alioqui
1286 1392 1444 1426 periclitari.
1474 1391 1524 1423 Et,
1552 1390 1624 1424 quod
1643 1389 1761 1424 quisque

973 1445 1134 1466 cecouomus
1146 1442 1252 1473 quaerat
1265 1445 1326 1472 qua:
1343 1445 1399 1464 suae
1413 1436 1658 1464 administrationis
1674 1440 1737 1462 sunt
1752 1443 1760 1462 :

973 1484 1071 1519 reliqui
1090 1491 1156 1510 vero
1181 1482 1330 1510 secundum
1351 1482 1504 1517 jussionom
1528 1481 1690 1516 patriarchae
1705 1488 1761 1508 non

976 1530 1107 1564 scriptam
1125 1528 1295 1560 rationibus,
1320 1527 1514 1561 subscribam,
1544 1527 1593 1562 legi
1611 1536 1617 1554 :
1633 1526 1763 1562 quodque

977 1576 1045 1602 citra
1062 1575 1134 1602 hanc
1148 1574 1365 1601 observationem
1380 1574 1407 1600 in
1423 1574 1557 1600 rationem
1569 1573 1722 1604 deducitur,
1736 1573 1762 1599 id

1545 1618 1588 1645 tit.
1623 1619 1660 1653 ὅ,
1689 1618 1762 1653 quod

979 1666 1096 1700 singulis
1107 1673 1143 1700 qu
1153 1666 1259 1700 busque
1269 1665 1350 1692 annis
1363 1672 1521 1692 oeconomus
1533 1664 1653 1691 rationes
1669 1664 1764 1690 reddat

979 1714 1084 1738 tractus
1100 1711 1142 1738 sui
1155 1710 1293 1745 episcopo,
1309 1714 1338 1736 et
1351 1710 1488 1740 restituat.
1506 1709 1529 1736 si
1544 1709 1617 1743 quod
1633 1709 1763 1736 damnum

980 1757 1099 1790 dedisse,
1118 1761 1164 1783 aut
1176 1756 1283 1783 lucrum
1297 1755 1394 1782 fecisse
1417 1754 1552 1781 videatur.
1579 1753 1608 1781 Si
1623 1761 1687 1781 vero
1702 1759 1765 1780 ante

981 1800 1126 1838 [redditas]
1145 1801 1264 1828 rationes
1284 1801 1428 1832 moriatur,
1444 1799 1497 1827 illis
1510 1800 1631 1826 haeredes
1646 1799 1705 1833 ejus
1724 1802 1765 1825 te-

981 1848 1051 1875 neri.
1071 1847 1169 1874 Teneri
1183 1847 1255 1874 enim
1276 1846 1311 1874 ob
1325 1846 1533 1882 negligentiam,
1555 1849 1603 1872 aut
1629 1845 1651 1872 si
1676 1843 1764 1881 [quid]

981 1894 1015 1922 iis
1032 1893 1078 1928 qui
1094 1892 1225 1920 solvendo
1235 1899 1288 1919 non
1298 1891 1527 1919 suntelocaverit.
1537 1891 1622 1918 Porro
1635 1890 1652 1916 2
1664 1892 1764 1920 const.,

982 1939 1024 1967 tit.
1043 1947 1051 1966 ι
1077 1938 1265 1970 Novellarum,
1285 1937 1422 1964 interdicit
1438 1936 1599 1969 meonomis,
1623 1941 1650 1963 et
1665 1935 1766 1970 orpha-

983 1984 1144 2018 notropbis,
1172 1988 1198 2010 et
1215 1983 1382 2016 reliquarum
1410 1981 1606 2008 venerabilium
1634 1981 1766 2008 domuum

982 2026 1237 2062 dispensatoribus,
1270 2033 1351 2061 atque
1386 2026 1497 2060 insuper
1542 2033 1768 2059 quarumcunque

983 2072 1139 2109 [domuum]
1152 2072 1339 2103 cbartulariis.
1355 2076 1382 2098 et
1400 2071 1498 2098 borum
1514 2070 1672 2105 parentibus
1685 2069 1767 2097 simul

982 2125 1010 2147 et
1024 2120 1125 2152 liberis,
1138 2124 1166 2147 et
1180 2119 1242 2146 aliis
1256 2118 1336 2153 337
1353 2125 1453 2153 genere
1477 2117 1544 2152 ipsis
1570 2121 1617 2144 aut
1638 2116 1768 2144 afﬁnitate

983 2165 1148 2199 conjunctis,
1167 2172 1201 2191 ne
1211 2164 1413 2198 emphyteuses,
1429 2168 1475 2190 aut
1490 2163 1649 2194 locaticiies,
1663 2167 1708 2189 aut
1724 2162 1767 2197 Ity-

983 2211 1113 2245 potltecas
1126 2217 1217 2237 rerum
1234 2209 1435 2236 venerabilibus
1458 2208 1583 2236 domibus
1601 2209 1767 2244 [competen-

979 1621 1013 1649 de
1030 1629 1081 1648 suo
1095 1621 1230 1648 ceconomi
1271 1615 1347 1644 dent.
1385 1616 1419 1644 Et
1454 1617 1484 1644 Η
1499 1637 1508 1650 ,

143 2275 201 2293 νειν
216 2274 224 2282 ’
245 2266 305 2292 ἐπεὶ
317 2254 364 2292 καὶ
385 2265 415 2292 τὺ
425 2254 599 2300 συνάλλαγμα
615 2254 776 2300 ἀκυροῦται,
791 2267 838 2292 καὶ
853 2254 929 2294 πᾶσα

983 2255 1063 2292 tium]
1077 2256 1118 2283 vel
1133 2263 1181 2290 per
1189 2263 1219 2282 se
1234 2255 1276 2282 vel
1289 2262 1336 2289 per
1348 2255 1522 2290 interpositos
1535 2262 1666 2290 personas
1681 2254 1768 2281 susci-

142 2313 161 2346 ή
181 2311 324 2347 περιουσία
343 2311 398 2337 τῶν
413 2311 562 2346 οἰκονόμων
578 2313 625 2338 καὶ
653 2312 858 2347 χαρτουλαριων
880 2312 928 2339 καὶ

142 2357 288 2392 διοικητῶν
298 2354 338 2388 οἷς
352 2356 423 2383 κατὰ
436 2356 480 2383 τὸν
491 2357 636 2391 εἰρημένον
646 2356 746 2392 τρόπον
776 2357 928 2385 συνάπτον-

141 2411 199 2435 ται,
211 2404 252 2434 εἰς
265 2403 311 2429 τὸν
326 2402 414 2437 εὐαγῆ
427 2399 510 2434 οἰκον,
528 2401 559 2434 ἐξ
579 2398 610 2428 οὗ
636 2402 667 2428 τὸ
693 2403 808 2437 πρᾶγμα
825 2403 931 2438 λαμὸά-

142 2457 231 2482 γουσι,
246 2449 421 2484 περιέρχεται
437 2448 505 2483 μετὰ
519 2448 569 2483 τὴν
582 2447 671 2474 αὐτῶν
683 2448 820 2483 τελευτήν.

180 2581 308 2608 ΚΕΦΑΛ.
324 2581 361 2608 B’.
380 2595 415 2601 —
430 2581 499 2614 Περὶ
529 2579 705 2612 διοικήσεως
716 2578 774 2605 τῶν
788 2579 931 2613 ἐκκλησι-

143 2627 280 2656 αστικιῐνν
292 2627 481 2661 πραγμάτων.

293 2673 480 2700 Ἀποστόλων
495 2671 595 2699 κανὼν
608 2670 660 2706 λη’,
679 2674 716 2706 μ’,
734 2674 790 2706 μα’.

180 2723 232 2756 λη’.
249 2721 360 2747 Πάντων
384 2719 438 2746 τῶν
462 2718 696 2752 ὲκκλησιαστικῶν
721 2718 890 2753 πραγμάτων
917 2718 934 2743 ό

145 2768 293 2797 ἰπὶσκοπος
313 2765 397 2800 ἐχέτω
419 2765 468 2799 τὴν
493 2764 631 2799 φροντίδα,
648 2764 692 2790 καὶ
712 2764 847 2791 διοικείτω
862 2762 931 2790 αὐτὰ

147 2813 184 2844 ὡς
206 2811 252 2839 τοῦ
272 2811 340 2838 Θεοῦ
358 2810 510 2846 ἐφορῶντος
525 2818 532 2825 ·
553 2810 590 2845 μὴ
604 2810 703 2843 ἐξεῖναι
720 2809 748 2836 δὲ
765 2809 839 2844 αὑτῷ
865 2817 930 2843 σφε-

183 2901 207 2919 "
218 2901 306 2928 Cone.
319 2899 460 2932 Cltalccd.,
471 2906 531 2926 can.
553 2898 598 2926 26.

982 2303 1068 2337 piant.
1078 2301 1204 2336 Alioquin
1221 2299 1373 2336 [inquiens]
1387 2305 1415 2327 et
1426 2305 1583 2327 contractus
1599 2299 1691 2326 irritus
1706 2299 1769 2330 erit,

981 2352 1008 2375 et
1024 2354 1242 2378 mcunomorum,
1255 2350 1282 2373 et
1296 2346 1537 2378 cltartulariorum,
1557 2350 1585 2372 et
1597 2346 1769 2380 dispensato-

983 2402 1055 2426 rum,
1072 2393 1173 2428 quibus
1199 2391 1262 2428 [illi]
1278 2393 1408 2427 pnedicto
1425 2393 1507 2420 modo
1529 2392 1668 2426 cortjuncli
1693 2395 1768 2422 sunt,

984 2439 1144 2465 universum
1160 2437 1356 2473 patrimonium
1373 2442 1433 2472 post
1451 2437 1572 2470 ipsorum
1598 2440 1714 2463 mortem
1735 2436 1768 2462 ad

984 2485 1168 2512 venerabilem
1184 2484 1308 2516 domum,
1334 2483 1407 2510 unde
1423 2490 1481 2510 rem
1501 2486 1692 2517 susceperunt,
1708 2488 1769 2516 per-

983 2530 1082 2558 veniet.
1465 2553 1469 2558 .

1017 2575 1092 2603 CAP.
1109 2574 1140 2602 ll.
1153 2591 1185 2596 —-
1206 2574 1243 2602 De
1251 2575 1403 2609 patrimonii
1414 2574 1586 2602 ecclesiastici
1597 2574 1768 2601 administra-

983 2622 1063 2648 tione.

1123 2664 1311 2702 Apostolorum
1328 2673 1441 2692 canones
1462 2665 1508 2697 ‘58,
1525 2664 1571 2695 40,
1582 2663 1627 2690 Η.

1019 2715 1063 2742 '58.
1082 2713 1140 2750 [37]
1151 2713 1278 2740 Omnium
1295 2719 1385 2739 rerum
1396 2711 1642 2738 ecclesiasticarum
1662 2708 1769 2743 cpisco-

984 2768 1035 2796 pus
1050 2768 1143 2788 curam
1158 2763 1243 2795 gerat,
1267 2763 1351 2785 cteas
1373 2756 1545 2784 administret
1570 2760 1698 2789 tanquam
1715 2753 1770 2780 Deo

984 2809 1115 2835 intuente.
1130 2804 1168 2833 Nc
1181 2805 1261 2833 liceat
1274 2808 1364 2831 autent
1380 2810 1411 2830 ex
1428 2802 1466 2830 eis
1480 2800 1580 2834 aliquid
1604 2800 1656 2828 sibi
1682 2799 1765 2827 vindi-
