1951 3071
201 233 253 266 819

742 233 875 264 ΡΗΟΤῘΙ
892 234 1144 268 ΡΑΤΒΙΑΒΕΗιΕ
1160 238 1215 269 CP-

1777 236 1822 268 8‘20

201 297 274 322 care,
289 289 330 316 vel
354 289 472 324 propriis
489 289 622 324 cognatis,
648 296 709 324 qua:
730 288 777 316 Dei
794 294 868 322 sunt,
885 290 983 326 largiri.

1041 293 1198 328 τερίζεσθαί
1217 302 1244 320 τι
1269 293 1299 326 ἐξ
1322 293 1421 326 αὐτῶν,
1443 293 1460 328 ἢ
1477 291 1636 326 συγγενέσιν
1659 292 1676 327 ἢ
1703 292 1776 324 ίδίοις
1791 294 1822 320 τὰ

201 336 251 363 Sin
270 340 360 362 autem
392 340 456 363 sunt
479 342 622 370 pauperes,
644 340 673 362 ut
694 335 859 370 pauperibus
890 344 989 371 suppe-

201 382 284 409 ditet:
300 381 347 408 sed
359 388 413 408 non
426 388 520 408 eorum
532 384 664 416 praetextu
677 380 774 409 vendat
789 389 850 416 quae
864 386 928 410 sunt
938 382 988 411 Ec-

200 427 299 454 elesim.

234 473 279 501 40.
297 472 355 508 [39]
371 472 517 500 Manifesta!
536 473 590 500 sint
611 473 727 509 episcopi
748 482 790 502 res
804 476 930 510 propriae,
949 476 987 504 si-

199 519 308 554 quidem
333 527 377 546 res
396 519 475 546 habet
496 520 629 554 proprias.
651 525 678 548 et
703 521 851 549 manifestae
876 530 920 549 res
933 521 987 549 Do-

200 566 305 592 lllil'licm
325 575 332 592 ι
352 569 382 592 ut
411 567 444 592 sit
471 565 497 592 in
530 571 661 600 potestate
687 568 830 595 morientis
855 569 985 604 episcopi,

197 610 306 644 propria
323 610 422 644 quibus
438 611 495 637 vult
510 615 538 637 et
563 611 620 637 vult
637 611 799 646 relinquere.
819 615 846 639 et
874 621 925 639 non
944 621 987 640 re-

197 655 331 689 linquere,
353 660 380 682 et
401 663 456 682 non
481 664 571 683 rerum
596 657 842 685 ecclesiasticarum
854 663 986 693 przetextu

197 707 241 727 res
262 702 382 735 episcopi
396 701 580 736 intercipiunt,
598 703 644 737 qui
666 711 859 738 nonnunquam
874 712 985 732 uxorem

197 746 279 774 habet
290 751 316 773 et
333 747 443 778 liberos,
459 748 500 774 vel
508 753 647 783 cognatos,
659 750 700 776 vel
713 749 839 778 famulos.
853 751 899 778 Est
912 751 985 778 enim

195 791 300 826 justum
315 792 338 808 ⁷³
352 793 422 826 apud
446 792 528 819 Deum
543 796 570 820 et
599 794 735 826 homines,
751 799 780 822 ut
805 802 855 823 nec
863 795 985 824 Ecclesia

196 840 326 866 damnum
344 840 455 875 aliquod
475 842 592 876 accipiat
614 847 726 877 propter
743 851 835 870 rerum
863 844 985 879 episcopi

196 885 393 918 ignorationem
407 894 414 912 :
427 894 478 914 nec
492 887 636 921 episcopus
650 888 692 914 vel
703 888 763 922 ejus
775 890 881 923 cognati
894 889 986 918 Eccle-

195 931 242 956 sim
259 935 389 965 praetextu
406 932 624 966 proscribantur,
641 933 684 966 vel
699 934 724 960 in
746 935 852 969 negotia
871 935 985 970 litesque

1042 339 1089 366 τοῦ
1103 339 1170 366 Θεοῦ
1191 339 1349 374 χαρίζεσθαι
1367 347 1374 355 ο
1390 340 1414 366 εί
1441 339 1469 366 δέ
1492 339 1607 374 πένητες
1631 337 1698 370 εἷεν,
1719 338 1821 375 ἐπιχορ-

1042 385 1145 419 ηγείτω
1158 384 1195 417 ὡς
1210 385 1324 418 πένησιν
1341 393 1348 401 ·
1363 385 1432 412 ἀλλὰ
1450 384 1487 420 μὴ
1504 385 1641 420 προφάσει
1655 384 1769 417 τούτων,
1790 385 1822 411 τὰ

1041 431 1091 466 τῆς
1111 431 1272 465 Ἐκκλησίας
1289 430 1494 466 ἀπεμπολείτω.

1078 475 1116 510 μ’.
1135 475 1226 502 Ἔστω
1249 476 1353 511 φανερὰ
1371 475 1406 502 τὰ
1432 475 1486 502 ίδια
1514 475 1560 502 τοῦ
1585 474 1734 501 ἐπισκόπου
1757 473 1822 509 πρά-

1041 520 1178 555 γματα,εῐ
1191 529 1221 554 γε
1239 521 1286 547 καὶ
1301 520 1353 546 ῖδια
1370 519 1425 554 ἔχει
1439 527 1446 535 ·
1458 519 1506 546 καὶ
1521 519 1626 554 φανερὰ
1642 519 1676 545 τὰ
1692 519 1821 553 Κυριακὰ,

1042 566 1075 592 ἵν’
1083 567 1206 599 ἐξουσίαν
1222 566 1270 601 ἔχῃ
1285 566 1339 592 τῶν
1359 565 1430 592 ἰδίων
1441 564 1574 592 τελευτῶν
1585 565 1600 591 ό
1612 564 1769 597 ἐπίσκοπος,
1786 562 1822 595 οἷς

1043 611 1166 647 βούλεται
1181 613 1227 639 καὶ
1244 612 1281 644 ὡς
1299 611 1424 647 βούλεται
1444 610 1606 645 καταλεῖψαι
1621 618 1629 624 ”
1640 611 1687 637 καὶ
1708 610 1745 645 μὴ
1761 618 1822 645 προσ

1041 658 1122 692 φάσει
1146 658 1200 684 τῶν
1228 657 1462 692 ἐκκλησιαστικῶν
1477 656 1658 692 πραγμάτων,
1673 655 1822 682 διαπίπτειν

1040 704 1075 729 τὰ
1092 702 1138 729 τοῦ
1154 702 1316 735 ἐπισκόπου,
1330 701 1387 728 ἐσθ’
1403 702 1447 728 ὅτε
1470 701 1587 735 γυναῖκα
1603 699 1650 727 καὶ
1665 700 1761 730 παῖδας
1778 708 1821 726 κε-

1041 747 1189 782 κτημένου,
1204 747 1220 782 ἦ
1240 748 1381 781 συγγενεῖς
1396 745 1413 781 ἢ
1433 745 1552 777 οἰκέτας⁸
1569 745 1673 771 δίκαιον
1686 743 1822 779 γάρτοῦτο

1041 792 1118 827 παρὰ
1134 792 1194 827 Θεῷ
1213 792 1260 818 καὶ
1275 791 1439 826 ἀνθρώποις,
1455 791 1485 817 τὸ
1503 791 1571 825 μήτε
1587 790 1637 824 τὴν
1664 788 1822 823 Ἐκκλησίαν

1041 836 1142 872 ζημίαν
1162 837 1222 863 τινὰ
1247 836 1405 871 ὑπομένειν,
1419 835 1515 870 ἀγνοίᾳ
1530 834 1584 861 τῶν
1605 833 1653 860 τοῦ
1676 833 1822 860 ἐπισκόπου

1040 883 1222 919 πραγμάτων,
1240 883 1309 917 μήτε
1321 882 1367 908 τὸν
1377 881 1527 908 ἐπίσκοπον
1550 880 1567 915 ἢ
1582 880 1644 911 τοὺς
1661 879 1742 906 αὑτοῦ
1758 887 1822 912 συγ-

1040 929 1138 962 γενεῖς,
1156 927 1290 962 προφάσει
1301 927 1351 961 τῆς
1364 925 1535 961 Ἐκκλησίας,
1550 924 1717 959 δημεύεσθαι
1728 924 1761 959 ’ἢ
1777 923 1822 950 καὶ

195 976 328 1009 incidant,
347 977 394 1012 qui
410 977 442 1004 ad
457 985 519 1005 eum
537 979 665 1011 attinent,
678 983 703 1006 et
717 967 912 1014 ejusﬁmortem
924 989 983 1009 ma-

1038 975 1076 1005 είς
1101 973 1252 1008 πράγματα
1279 972 1427 1007 ἐμπίπτειν
1445 971 1509 1002 τοὺς
1536 970 1610 1005 αὐτῷ
1636 969 1821 1005 διαφέροντας,

194 1020 302 1048 ledictis
318 1020 501 1056 infaustisque
515 1023 607 1050 verbis
622 1027 833 1058 prosequantur.

229 1066 313 1101 338
324 1067 353 1094 Al
373 1066 441 1103 [40].
459 1067 590 1096 Jubcmus
606 1068 764 1103 episcopum
787 1078 876 1097 rerum
891 1071 985 1099 Eccle-

194 1111 242 1139 siae
263 1116 425 1146 poteStatem
451 1113 551 1140 habere
563 1113 597 1140 ⁷⁸.
623 1114 652 1142 Si
663 1115 735 1142 enim
754 1117 879 1150 pretiosae
897 1114 985 1144 homi-'

195 1165 260 1185 num
273 1157 371 1185 anima:
388 1161 453 1185 sunt
467 1159 492 1185 ei
509 1159 659 1192 credendze,
680 1161 766 1188 multo
781 1162 866 1196 magis
881 1163 904 1189 ei
922 1167 986 1190 sunt

194 1203 398 1230 committendae
411 1205 548 1238 pecuniae,
563 1209 589 1232 et
602 1205 627 1232 in
652 1206 713 1240 ejus
728 1206 762 1234 sit
783 1206 913 1235 facultate
925 1216 985 1236 om-

194 1248 239 1274 nia
257 1248 460 1282 administrare,
470 1254 497 1276 et
510 1250 545 1277 iis
561 1251 607 1285 qui
620 1256 698 1285 egent
709 1259 757 1285 per
772 1253 945 1288 presbyteros
959 1259 985 1281 et

195 1294 328 1322 diaconos
355 1295 552 1323 subministare
568 1304 629 1324 cum
657 1296 704 1323 Dei
729 1297 837 1331 timore,
861 1303 888 1325 et
909 1300 983 1327 omni

194 1340 336 1375 religione,
364 1345 390 1368 et
412 1341 506 1374 etiam,
529 1342 551 1369 si
579 1342 614 1369 sit
638 1350 722 1377 opus,
747 1344 773 1370 in
799 1345 983 1373 necessarium

195 1392 276 1412 suum
292 1393 371 1413 usum
387 1387 523 1421 accipere,
539 1391 566 1414 et
577 1387 691 1414 fratrum
711 1388 756 1423 qui
778 1389 897 1424 hospitio
911 1392 986 1419 exci-

193 1429 319 1463 piuntur,
348 1431 384 1458 ita
411 1435 441 1458 ut
460 1432 518 1466 ipse
542 1432 617 1459 nullo
635 1433 717 1460 modo
739 1438 826 1468 egeat.
842 1434 897 1462 Lex
912 1437 985 1463 enim

194 1473 242 1500 Dei
257 1474 308 1502 hoc
323 1474 416 1508 habet,
428 1476 514 1510 utqui
531 1476 610 1503 altari
627 1477 760 1510 assident,
776 1486 807 1505 ex
821 1479 898 1506 altari
910 1481 986 1507 alan-

195 1525 239 1547 tur
254 1520 276 1536 "
293 1530 299 1548 :
316 1522 537 1557 quandoquidem
551 1531 603 1551 nec
622 1524 701 1553 miles
722 1534 842 1562 unquam
863 1535 914 1555 suo
928 1528 986 1556 via-

194 1565 249 1594 tico
262 1567 395 1596 adversus
410 1569 503 1598 hostes
513 1570 695 1606 progreditur.

318 1698 432 1727 Concilii
448 1701 601 1729 Antiochem'
620 1711 732 1730 canones
750 1703 795 1737 24,
812 1704 858 1732 25.

229 1743 274 1772 24.
292 1745 375 1773 Recte
391 1747 482 1779 habet,
507 1752 535 1775 ut
550 1756 581 1775 ea
604 1757 665 1784 quat
680 1749 810 1778 Ecclesiae
823 1771 830 1782 ,
855 1751 983 1780 Ecclesiae

196 1795 339 1817 serventur
351 1798 413 1818 eum
440 1792 515 1819 omni
541 1793 603 1820 boni
621 1795 800 1826 conscientia.
823 1801 850 1823 et
877 1798 928 1825 [ide
955 1799 982 1826 in

195 1834 318 1860 omnium
337 1835 478 1869 prazsidem
507 1841 535 1864 et
554 1836 672 1871 judicem
692 1838 776 1866 Deum
792 1849 798 1867 :
816 1848 877 1874 qua
900 1842 983 1869 etiam

196 1878 519 1908 administrariconvenit
533 1890 593 1909 cum
607 1882 723 1917 judicio,
737 1889 764 1911 et
777 1890 910 1919 potestate
924 1888 983 1923 epi-

195 1923 292 1957 scopi,
317 1924 361 1951 cui
389 1931 431 1953 est
459 1926 548 1954 omnis
565 1928 683 1962 populus
697 1929 826 1962 creditus,
845 1936 871 1958 et
887 1940 982 1960 eorum

195 1968 294 1996 animae
311 1977 371 2004 qure
399 1970 426 1997 in
454 1970 604 2000 Ecclesiam
620 1975 795 2003 conveniunt.
817 1976 876 2005 Sint
891 1983 981 2006 autem

196 2014 342 2042 manifesta
356 2023 416 2050 quae
431 2017 464 2044 ad
475 2016 625 2046 Ecclesiam
643 2020 778 2053 pertinent
802 2030 864 2050 cum
891 2025 985 2059 cogni-

195 2058 270 2087 tione
281 2060 503 2096 presbyterorum
516 2067 543 2089 et
557 2063 746 2098 diaconorum,
765 2068 811 2102 qui
832 2074 897 2099 sunt
911 2058 983 2097 circa

194 2111 269 2136 eum,
282 2110 311 2132 ut
322 2105 410 2133 sciant
426 2111 452 2134 et
473 2115 525 2135 non
551 2108 678 2143 ignorent
705 2119 766 2146 qua:
783 2118 849 2140 sunt
873 2116 983 2149 propria

194 2150 334 2183 Ecclesiae,
353 2157 382 2179 ut
399 2152 467 2180 nihil
481 2153 556 2189 ipsos
571 2155 652 2182 lateat
666 2165 672 2183 :
690 2161 719 2184 ut
734 2158 755 2185 si
771 2159 912 2194 contingat
924 2161 983 2196 epi-

194 2203 309 2231 scopum
328 2205 343 2224 e
358 2198 413 2225 vita
433 2198 561 2234 migrare,
576 2200 608 2228 iis
621 2202 774 2230 manifestis
788 2204 982 2234 exsistentibus

194 2250 255 2276 quae
279 2243 311 2270 ad
331 2242 482 2271 Ecclesium
500 2246 644 2280 pertinent,
664 2255 698 2275 ne
722 2256 751 2276 ea
777 2250 940 2279 intercidant
955 2257 982 2280 et

193 2293 307 2323 pereant
322 2298 328 2316 :
343 2297 392 2338 nec
409 2298 469 2325 quae
492 2297 556 2319 sunt
570 2294 678 2327 propria
700 2295 830 2330 episcopi,
848 2303 979 2332 pratextu
995 2310 1019 2338 η

193 2341 285 2360 rerum
301 2334 549 2364 ecclesiasticarum
560 2343 703 2366 vexentur.
719 2339 767 2368 Est
779 2342 850 2369 enim
864 2343 979 2378 justum,

192 2384 220 2407 et
241 2381 312 2415 apud
330 2380 414 2409 Deum
434 2388 461 2410 et
477 2383 603 2412 homines
616 2392 760 2421 acceptum
772 2409 779 2419 .
795 2393 825 2415 ut
839 2390 983 2426 episcopus

193 2427 301 2461 propria
317 2429 415 2462 quibus
457 2428 523 2456 velit
556 2431 703 2466 relinquat.
738 2432 803 2466 Qua:
817 2439 981 2464 suntautem

192 2472 340 2506 Ecclesiae,
369 2474 421 2509 ipsi
450 2481 610 2508 serventur,
636 2482 662 2504 et
681 2477 764 2513 339
786 2487 837 2506 nec
860 2480 981 2510 Ecclesia

193 2518 325 2547 damnum
341 2520 452 2556 aliquod
469 2522 613 2555 sustineat,
628 2531 677 2550 nec
689 2524 834 2559 episcopus
853 2525 981 2556 Ecclesia:

190 2569 323 2600 prmtextu
335 2567 532 2601 proscribatur,
549 2568 590 2595 vel
613 2569 661 2603 qui
676 2570 710 2597 ad
726 2577 787 2597 eum
806 2571 931 2606 attinent,
951 2573 977 2601 in

190 2611 298 2645 negotia
317 2613 438 2641 incidant
454 2621 516 2641 cum
529 2622 571 2647 eo,
587 2615 658 2648 quod
674 2620 701 2642 et
722 2616 811 2651 ipsum
827 2623 889 2652 post
904 2627 979 2647 mor-

191 2661 245 2684 tem
260 2658 342 2687 malis
351 2660 479 2688 omnibus
491 2667 703 2696 prosequantur.

223 2791 270 2819 25.
293 2791 444 2828 Episcopus
456 2795 653 2824 habeatrernm
670 2796 796 2826 Ecclesiae
806 2803 977 2834 potestatem,

191 2841 221 2863 ut
235 2844 281 2865 eas
296 2839 323 2865 in
336 2846 431 2868 omnes
446 2847 556 2876 egentes
576 2843 716 2878 dispenset
730 2852 791 2872 cum
811 2846 896 2874 multa
913 2854 979 2874 cau-

1036 1018 1085 1045 καὶ
1096 1018 1141 1044 τὸν
1154 1017 1237 1044 αὑτοῦ
1251 1017 1365 1044 θάνατον
1377 1016 1518 1051 δυσφημίᾳ
1534 1014 1753 1050 περιϐάλλεσθαι.

1073 1066 1129 1098 μα’.
1147 1062 1359 1097 Προστάσσομεν
1371 1061 1417 1088 τὸν
1436 1061 1583 1088 ἐπίσκοπον
1606 1060 1678 1095 ἔχειν
1701 1059 1823 1092 ἐξουσίαν

1035 1108 1089 1135 τῶν
1106 1108 1156 1143 τῆς
1175 1107 1338 1142 Ἐκκλησίας
1351 1107 1522 1142 πραγμάτων
1537 1115 1544 1122 ·
1556 1107 1580 1132 εί
1597 1106 1652 1140 γὰρ
1668 1105 1718 1136 τὰς
1730 1105 1821 1140 τιμίας

1035 1153 1089 1180 τῶν
1102 1152 1253 1187 ἀνθρώπων
1281 1151 1369 1186 ψυχὰς
1393 1151 1467 1186 αὐτῷ
1488 1151 1657 1183 πιστευτέον,
1676 1150 1766 1185 πολλῷ
1789 1151 1821 1178 ἂν

1034 1198 1088 1225 δέοι
1103 1198 1232 1232 περὶτῶν
1248 1198 1395 1233 χρημάτων
1405 1196 1575 1223 ἐντέλλεσθαι
1587 1205 1595 1211 ·
1607 1196 1678 1223 ὥστε
1690 1196 1761 1223 κατὰ
1774 1195 1821 1231 τὴν

1035 1243 1116 1270 αὑτοῦ
1134 1242 1257 1275 ἐξουσίαν
1280 1243 1369 1269 πάντα
1385 1241 1544 1268 διοικεῖσθαι
1559 1243 1614 1274 τοῖς
1631 1241 1769 1276 δεομένοις
1780 1241 1822 1269 διὰ

1034 1288 1087 1314 τῶν
1103 1287 1295 1322 πρεσϐυτέρων
1311 1287 1358 1313 καὶ
1378 1286 1519 1317 διακόνων,
1535 1286 1583 1312 καὶ
1597 1285 1820 1321 ἐπιχορηγεῖσθαι

1037 1333 1106 1368 μετὰ
1127 1332 1211 1367 φόϐου
1228 1332 1295 1358 Θεοῦ
1317 1332 1364 1358 καὶ
1384 1332 1475 1366 πάσης
1490 1331 1632 1362 εὐλαϐείας
1648 1338 1655 1346 ·
1682 1331 1822 1366 μεταλαμ-

1035 1378 1126 1404 ϐάνειν
1142 1378 1170 1404 δὲ
1187 1377 1234 1404 καὶ
1254 1377 1335 1404 αὐτὸν
1350 1377 1405 1403 τῶν
1415 1376 1538 1409 δεόντων,
1550 1376 1608 1410 εἴγε
1625 1375 1710 1402 δέοιτο
1724 1376 1763 1407 είς
1774 1375 1822 1407 τὰς

1035 1424 1187 1458 ἀναγκαίας
1215 1423 1297 1451 αὑτοῦ
1323 1423 1428 1458 χρείας,
1455 1422 1502 1449 καὶ
1528 1422 1583 1449 τῶν
1607 1421 1823 1456 ἐπιξενουμὲνων

1035 1469 1167 1504 ἀδελφῶν,
1181 1469 1219 1501 ὡς
1243 1469 1314 1496 κατὰ
1332 1469 1434 1504 μηδένα
1458 1469 1557 1503 τρόπον
1576 1468 1675 1500 αὐτοὺς
1701 1469 1823 1503 ὑστερεί-

1036 1516 1113 1542 σθαι·
1126 1516 1141 1541 ὁ
1158 1516 1212 1551 γὰρ
1227 1515 1308 1550 νόμος
1322 1515 1368 1542 τοῦ
1389 1514 1457 1542 Θεσῦ
1472 1515 1622 1547 διετάξατο,
1637 1514 1701 1546 τοὺς
1723 1514 1764 1549 τῷ
1777 1513 1823 1540 θυ-

1036 1562 1189 1598 σιαστηρίῳ
1201 1561 1442 1596 προσεδρεύοντας,
1453 1562 1485 1588 ἐκ
1497 1560 1544 1587 τοῦ
1557 1560 1749 1595 θυσιαστηρίου
1758 1560 1823 1594 τρέ-

1037 1608 1132 1642 φεσθαι
1146 1616 1154 1623 ·
1176 1607 1292 1643 ἐπείπερ
1305 1607 1366 1633 οὑδέ
1384 1608 1554 1642 στρατιώτης
1567 1607 1633 1633 ποτέ
1655 1606 1730 1638 ίδίοις
1751 1606 1825 1641 ὀψω-

1035 1655 1111 1686 νίοις,
1127 1654 1196 1680 ὅπλα
1211 1653 1280 1680 κατὰ
1292 1653 1429 1688 πολεμίων
1443 1653 1614 1688 ἐπιφέρεται.

1141 1701 1276 1728 Συνόδου
1296 1701 1473 1735 Ἀντιοχείας
1484 1700 1584 1726 κανὼν
1599 1700 1648 1732 κδ’,
1665 1698 1715 1726 κε’.

1069 1748 1119 1775 κδ’.
1131 1747 1173 1773 Τὰ
1187 1747 1236 1782 τῆς
1251 1747 1424 1781 Ἐκκλησίας,
1434 1747 1468 1781 τῇ
1489 1745 1639 1781 Ἐκκλησία
1649 1745 1739 1776 καλῶς
1751 1744 1826 1779 ἔχειν

1037 1792 1219 1828 φυλάττεσθαι
1241 1792 1292 1825 δεῖ,
1311 1792 1379 1827 μετὰ
1404 1791 1494 1826 πάσης
1519 1790 1677 1826 ἐπιμελείας
1693 1790 1740 1817 καὶ
1756 1791 1826 1823 ἀγα-

1035 1839 1084 1874 θῆς
1104 1838 1282 1872 συνειδήσεως
1304 1837 1352 1863 καὶ
1378 1837 1497 1867 πίστεως
1513 1836 1563 1870 τῆς
1583 1836 1623 1866 εἰς
1637 1835 1684 1861 τὸν
1712 1834 1826 1860 πάντων

1034 1884 1130 1919 ἔφορον
1145 1884 1192 1910 καὶ
1208 1882 1305 1918 κριτὴν
1317 1882 1393 1909 Θεόν·
1409 1882 1488 1909 astat
1510 1881 1670 1908 διοικεῖσθαι
1685 1881 1825 1916 προσήκει

1036 1930 1104 1965 μετὰ
1113 1930 1229 1964 κρίσεως
1246 1928 1293 1955 καὶ
1316 1928 1440 1960 ἐξουσίας
1454 1926 1500 1954 τοῦ
1529 1927 1692 1958 ἐπισκόπου,
1708 1925 1755 1952 τοῦ
1773 1933 1826 1952 πε-

1035 1975 1215 2010 πιστευμένου
1232 1975 1320 2001 πάντα
1330 1975 1375 2000 τδν
1386 1974 1448 2000 λαὸν
1467 1974 1514 2000 καὶ
1527 1973 1578 2005 τὰς
1590 1972 1679 2008 ψυχὰς
1693 1972 1748 1998 τῶν
1761 1980 1827 1998 συν-

1034 2021 1174 2056 αγομένων
1187 2029 1194 2036 ·
1209 2020 1312 2056 φανερὰ
1336 2020 1365 2046 δὲ
1387 2018 1454 2046 εἶναι
1477 2020 1512 2046 τὰ
1528 2019 1691 2053 διαφέροντα
1711 2019 1743 2053 τῇ
1761 2017 1829 2043 Ἐκ-

1034 2066 1142 2102 κλησίᾳ,
1162 2066 1232 2101 μετὰ
1247 2065 1374 2100 γνώσεως
1389 2065 1443 2092 τῶν
1458 2065 1522 2100 περὶ
1537 2064 1617 2091 αὑτὸν
1628 2063 1827 2098 πρεσϐυτέρων

1033 2112 1079 2139 καὶ
1097 2112 1227 2138 διακόνων
1237 2120 1244 2128 ·
1265 2111 1335 2138 ὥστε
1346 2111 1458 2142 τούτους
1473 2111 1583 2141 ειδέναι,
1599 2111 1646 2137 καὶ
1659 2110 1696 2144 μὴ
1713 2111 1827 2144 ἀγνοεῖν

1032 2158 1092 2183 ’τίνα
1107 2157 1172 2183 ποτέ
1189 2157 1248 2183 ἐστι
1263 2156 1297 2182 τὰ
1311 2156 1365 2182 ἴδια
1380 2157 1430 2191 τῆς
1451 2156 1627 2188 Ἐκκλησίας,
1643 2154 1714 2181 ὥστε
1738 2154 1828 2189 μηδὲν

1032 2203 1132 2234 αὐτοὺς
1146 2202 1286 2229 λανθάνειν
1298 2210 1305 2217 ·
1316 2202 1349 2229 ἵν’
1361 2203 1386 2228 εἰ
1403 2202 1524 2237 συμϐαίη
1534 2201 1579 2228 τὸν
1593 2201 1740 2228 ἐπίσκοπον
1758 2209 1829 2234 μετ-

1032 2247 1173 2274 αλλάττειν
1193 2247 1239 2274 τὺν
1260 2247 1327 2282 βίον,
1347 2247 1473 2282 φανερῶν
1500 2246 1585 2274 όντων
1599 2247 1654 2273 τῶν
1677 2247 1829 2281 διαφερόν-

1033 2302 1085 2319 των
1098 2294 1130 2328 τῇ
1155 2292 1304 2329 Ἐκκλησία
1329 2293 1510 2328 πραγμάτιον,
1540 2294 1609 2328 μήτε
1642 2293 1710 2319 αὐτὰ
1732 2293 1831 2319 διαπί-

1034 2347 1112 2366 πτειν
1136 2339 1182 2365 καὶ
1198 2339 1377 2371 ἀπόλλυσθαι,
1395 2339 1463 2374 μήτε
1482 2339 1516 2365 τὰ
1534 2339 1587 2365 ῐδια
1602 2338 1649 2365 τοῦ
1670 2339 1829 2366 ἐπισκόπου

1033 2384 1210 2420 ἐνοχλεῖσθαι,
1224 2385 1359 2420 προφάσει
1373 2384 1427 2411 τῶν
1438 2384 1674 2418 ἐκκλησιαστικῶν
1694 2385 1831 2420 πραγμάο

1031 2438 1085 2457 των
1102 2438 1109 2446 ⁸
1127 2430 1230 2457 δίκαιον
1253 2431 1306 2466 γὰρ
1332 2430 1378 2458 καὶ
1397 2430 1512 2465 ἀρεστὸν
1532 2430 1605 2464 παρά
1634 2439 1663 2456 τε
1691 2430 1751 2465 Θεῷ
1775 2431 1831 2457 καὶ

1032 2475 1194 2510 ἀνθρώποις,
1224 2477 1258 2503 τὰ
1286 2476 1340 2503 ῐδια
1362 2476 1408 2502 τοῦ
1434 2476 1595 2506 ἐπισκόπου,
1618 2474 1660 2506 οἷς
1682 2476 1716 2502 ἂν
1740 2477 1830 2509 αὑτδς

1031 2525 1160 2560 βούληται
1185 2522 1449 2558 καταλιμπάνεσθαι,
1470 2523 1503 2549 τὰ
1528 2523 1621 2557 μέντοι
1640 2522 1688 2556 τῆς
1704 2522 1830 2558 Ἐκκλη-

1033 2571 1092 2602 sia;
1107 2570 1174 2604 αὐτῇ
1194 2568 1395 2603 φυλάττεσθαι·
1412 2568 1459 2595 καὶ
1492 2570 1560 2603 μήτε
1583 2567 1633 2602 τὴν
1657 2568 1831 2603 Ἐκκλησίαν

1033 2617 1178 2652 ὑπομένειν
1189 2616 1249 2642 τινὰ
1260 2615 1371 2650 ζημίαν,
1388 2615 1457 2649 μήτε
1467 2615 1511 2642 τὸν
1522 2614 1670 2641 ἐπίσκοπον
1684 2614 1831 2649 προφάσει

1032 2662 1081 2697 τῆς
1113 2661 1276 2695 Ἐκκλησίας
1302 2659 1506 2696 δημεύεσθαι,ἢ
1533 2661 1581 2687 καὶ
1605 2661 1646 2692 εἰς
1668 2661 1831 2695 πράγματα

1033 2708 1179 2744 ἐμπίπτειν
1189 2708 1251 2739 τοὺς
1265 2706 1338 2741 αὑτῷ
1349 2706 1534 2741 διαφέροντας,
1548 2706 1616 2741 μετὰ
1628 2706 1675 2732 τοῦ
1683 2707 1730 2732 καὶ
1739 2706 1832 2732 αὑτὸν

1031 2753 1099 2790 μετὰ
1118 2753 1231 2779 θάνατον
1259 2752 1401 2787 δυσφημίᾳ
1416 2752 1638 2787 περιϐάλλεσθαι.

1063 2800 1113 2827 κε’.
1130 2800 1293 2826 Ἐπίσκοπον
1304 2799 1375 2834 ἔχειν
1386 2799 1439 2825 τῶν
1448 2799 1497 2833 τῆς
1514 2798 1678 2834 Ἐκκλησίας
1688 2798 1832 2834 πραγμά-

1027 2855 1081 2873 των
1098 2846 1234 2880 ἐξουσίαν,
1249 2845 1319 2872 ὥστε
1331 2846 1442 2873 διοικεῖν
1457 2846 1497 2877 είς
1513 2845 1617 2876 πάντας
1634 2845 1698 2876 τοὺς
1719 2844 1830 2879 δεομέ-

227 2923 377 2954 “Antioch,
393 2936 454 2956 can.
466 2927 512 2955 24.
551 2929 574 2946 ⁷⁵
590 2929 701 2963 Quatsit.
719 2931 762 2965 l2,
779 2939 804 2959 ιι.
816 2930 983 2969 Ριτιπεῖρίηιιξι

1038 2932 1154 2961 lutioch.
1172 2940 1232 2961 can.
1248 2932 1293 2960 25.
1331 2933 1355 2950 "
1373 2933 1449 2961 Deut.
1467 2940 1543 2966 xvul,
1568 2932 1578 2960 Ι
1594 2941 1600 2963 :
1615 2931 1624 2958 1
1637 2931 1701 2960 Cor.
1718 2940 1758 2962 rx.
1775 2932 1830 2960 l3.
