1959 3060
111 172 160 204 821

519 170 718 201 SYNTAGMA
736 170 928 201 CANONUM.
945 183 979 189 —
993 171 1066 200 TIT.
1084 171 1124 208 Χ,
1141 171 1219 202 CAP-
1238 172 1295 202 lli.

1681 172 1734 204 822

111 235 173 259 νους
188 226 257 262 μετά
271 226 360 261 πάσης
381 225 534 258 εὐλαϐείας,
548 227 596 253 καὶ
613 227 696 261 φόὸου
710 225 778 253 Θεοῦ
793 234 800 242 ·
815 235 896 261 μετα-

955 227 1021 254 .ione
1037 232 1064 254 et
1083 228 1126 254 Dei
1150 227 1248 254 timore
1264 236 1271 254 :
1288 227 1345 262 ipse
1357 233 1446 255 autem
1462 235 1569 261 eorum,
1583 236 1643 263 quae
1664 237 1732 264 opus

112 271 261 308 λαμϐάνειν
279 272 307 299 δὲ
335 273 381 298 καὶ
397 272 478 298 αὑτὸν
500 272 554 304 τῶν
570 273 691 306 δεόντων,
711 272 739 299 ei
755 281 787 307 γε
803 273 898 306 δέοιτο,

111 320 152 351 εἰς
161 320 211 350 τὰς
224 317 375 352 ἀναγκαίας
390 317 470 344 αὑτοῦ
485 318 579 353 χρείας
608 320 654 345 καὶ
677 318 732 345 τῶν
746 318 811 353 παρ’
825 318 899 352 αὐτῷ

111 364 326 399 ὲπιξςνουμένων
349 363 471 398 ἀδελφῶν
485 372 492 378 ·
519 364 557 395 ὠς
581 364 652 390 κατά
677 364 779 399 μηδένα
800 364 900 399 τρόπον

111 410 211 440 αὐτοὺς
242 408 411 443 ὑστερεῖσθαι
428 427 435 439 .
460 408 531 435 κατὰ
555 409 600 435 τὸν
632 408 703 435 Θεῖον
740 408 900 435 Ἀπόστολον

111 454 234 488 λέγοντα⁷
240 455 383 487 Ἔχοντες
389 453 548 486 διατροφὰς
557 453 605 479 καὶ
615 452 826 486 σκεπάσματα,
834 453 901 479 τού-

111 508 175 532 tau;
189 498 437 533 ἀρκεσθησόμεθα
452 506 459 512 ·
475 499 500 524 εί
514 498 541 524 δὲ
557 497 593 533 μὴ
607 497 711 529 τούτοις
724 499 844 532 άρκοῖτο,
856 506 902 532 με·

111 544 240 571 τασάλλοι
253 543 282 569 δὲ
294 543 329 569 τὰ
343 543 496 578 πράγματα
510 544 550 574 είς
566 543 669 573 οἰκείας
680 542 777 569 ἑαυτοῦ
789 543 897 577 χρείας,

112 590 161 616 καὶ
176 589 240 621 τοὺς
252 589 351 624 πόρους
361 589 412 623 τῆς
429 588 628 623 Ἑκκλησίας,ἢ
652 588 715 619 τοὺς
732 587 786 614 τῶν
806 588 900 623 ἀγρῶν

111 634 247 669 καρποὺς,
264 633 301 668 μὴ
319 633 388 668 μετὰ
409 633 522 668 γνώμης
538 633 592 659 τῶν
606 633 799 668 πρεσϐυτέρων
812 633 828 668 ἢ
842 633 900 660 δια-

111 679 200 704 κόνων
213 678 338 712 χειρίζοι,
353 677 409 704 ἀλλ’
428 677 537 708 οἰκείοις
561 676 654 708 αὑτοῦ,
670 677 719 703 καὶ
730 677 898 710 συγγενέσιν,

110 724 129 758 ἢ
147 722 310 757 ἀδελφοῖς,ῆ
328 723 395 754 υἱοῖς
410 722 578 757 παράσχοιτο
592 722 640 756 τὴν
657 721 793 753 ἐξουσίαν,
810 723 848 753 εἰς
869 721 899 748 τὸ

108 771 156 797 διὰ
166 770 220 797 τῶν
237 770 366 796 τοιούτων
379 769 529 804 λεληθότως
547 769 712 804 βλάπτεσθαι
729 769 791 799 τοὺς
805 769 900 802 λόγους

109 815 161 850 τῆς
180 814 353 849 Ἑκκλησίας,
368 812 462 840 τοῦτον
478 813 592 844 εὐθύνας
608 813 739 848 παρέχειν
756 813 788 848 τῇ
799 812 898 847 συνόδῳ

110 860 160 895 τῆς
174 859 308 894 ἐπαρχίας
319 867 325 873 “
338 859 362 885 εί
375 859 403 884 δὲ
416 858 463 885 καὶ
481 858 568 890 ἄλλως
582 858 748 885 διαϐάλλοιτο
760 858 774 884 ὁ
789 857 898 884 ἐπίσκο-

111 914 172 937 πος,
189 906 206 940 ἦ
217 906 242 932 οἱ
256 906 303 932 σὺν
314 903 389 939 αὺτῷ
403 904 592 939 πρεσϐύτεροι,
603 903 640 934 ὡς
652 904 686 930 τὰ
695 904 727 938 τῇ
749 903 897 937 Ἐκκλησία
913 920 934 946 Β

110 951 284 986 διαφέροντα,
299 951 358 985 ἦτοι
372 949 402 981 ἐξ
418 950 521 984 ἀγρῶν,
538 949 555 984 ἢ
573 949 602 980 ἐξ
617 949 712 983 ἐτέρας
734 949 895 983 προφάσεως

111 995 352 1029 ἐκκλησιαστικῆς,
366 995 406 1026 είς
422 993 534 1025 ἑαυτοὺς
558 993 769 1028 ἀποφερόμενοι.
781 994 818 1024 ὡς
836 993 894 1019 θλι-

111 1040 206 1066 ϐεσθαι
216 1040 265 1075 μὲν
275 1040 337 1072 τοὺς
351 1039 481 1074 πένητας,
497 1038 622 1073 διαϐολὴν
634 1038 662 1064 δὲ
678 1039 724 1064 καὶ
741 1037 895 1072 δυσφημίαν

950 277 1002 304 est,
1024 272 1058 299 sit
1073 272 1209 307 particeps
1229 272 1262 298 ad
1280 280 1346 299 usus
1368 273 1548 305 necessarios,
1570 277 1597 300 et
1619 272 1732 301 fratrum

950 316 996 351 qui
1014 316 1084 351 apud
1104 324 1164 343 eum
1189 316 1308 351 hospitio
1331 317 1514 351 excipiuntur,
1543 322 1572 344 ut
1591 317 1642 352 ipsi
1658 319 1732 345 nullo

951 362 1032 388 modo
1047 361 1188 396 priventur
1204 361 1354 388 Secundum
1370 362 1489 389 divinum
1500 363 1673 396 Apostolum.
1686 364 1733 398 qui

950 407 1015 434 dicit
1032 417 1038 434 :
1058 407 1188 434 Habentes
1211 412 1300 434 autem
1313 408 1438 434 alimenta
1452 413 1476 434 el
1491 407 1584 442 quibus
1602 413 1732 443 tegantur,

950 453 983 479 iis
994 453 1107 479 contenti
1117 453 1214 480 erimus
1229 453 1261 479 ⁷⁸.
1282 452 1329 479 Sin
1345 457 1435 480 autem
1453 453 1486 480 iis
1502 461 1554 480 non
1570 453 1605 481 sit
1619 458 1733 481 conten-

951 502 1005 530 tus,
1021 503 1046 525 et
1058 506 1100 525 res
1117 498 1144 524 in
1160 498 1286 533 proprios
1308 505 1373 525 usus
1390 503 1542 530 c0nvertat,
1563 503 1590 525 et
1607 498 1733 526 Ecclesiae

949 542 1111 574 reditus,ve1
1123 549 1248 577 agrorum
1262 542 1366 569 fructus
1377 550 1430 569 non
1441 549 1502 569 cum
1514 543 1733 578 presbyterorum

949 588 990 614 vel
1006 587 1183 614 diaconorum
1202 587 1336 614 sententia
1352 587 1524 615 administret
1534 608 1542 620 ,
1555 589 1601 616 sed
1616 588 1673 616 suis
1686 596 1733 616 co-

949 633 1050 668 gnatis,
1069 633 1112 659 vel
1130 632 1269 663 fratribus.
1296 633 1337 659 vel
1362 633 1425 660 liliis
1441 634 1558 668 praebeat
1578 634 1732 666 facultates,

949 682 979 705 ut
993 685 1039 711 per
1053 676 1174 704 rationes
1189 675 1317 704 Ecclesia:
1334 677 1448 704 latenter
1468 678 1599 705 lmdantur
1609 699 1616 710 ,
1640 679 1663 705 is
1688 679 1733 706 det

949 721 1055 757 synodo
1069 721 1217 756 provinciae
1241 722 1385 749 rationem.
1405 721 1452 749 Sin
1469 727 1559 750 autem
1573 724 1654 750 etiam
1666 723 1733 751 alias

949 766 1122 793 insimuletur
1136 767 1290 800 episcopos,
1303 767 1344 793 vel
1357 766 1403 800 qni
1420 771 1484 794 sunt
1499 775 1560 794 cum
1577 775 1609 795 eo
1621 768 1733 803 presby-

951 812 1014 845 teri,
1026 811 1098 846 quod
1114 819 1175 846 quae
1185 813 1323 846 pertinent
1337 812 1370 839 ad
1378 812 1535 844 Ecclesiam,
1549 813 1590 840 vel
1602 820 1633 840 ex
1649 813 1732 846 agris.

948 858 989 884 vel
1000 865 1033 885 ex
1043 865 1206 892 quacunque
1217 858 1269 885 alia
1280 865 1362 885 causa
1375 859 1571 889 ecclesiastica,
1583 858 1615 885 ad
1629 859 1734 893 seipsos

949 903 1077 935 referant,
1093 907 1122 929 ut
1137 910 1270 937 pauperes
1285 903 1394 938 quidam
1409 904 1608 938 opprimantur.
1624 908 1650 931 et
1662 904 1734 931 invi-

949 948 994 975 dia
1011 955 1042 975 ac
1059 948 1172 975 infamia
1185 949 1267 975 verbo
1284 948 1420 980 inuratur,
1443 954 1470 976 et
1484 949 1519 976 iis
1533 950 1577 983 qui
1595 951 1634 976 sic
1648 949 1734 976 admi-

949 994 1064 1020 nistrant
1089 1002 1095 1020 :
1125 993 1144 1020 ii
1175 1001 1284 1029 quoque
1315 995 1512 1021 correctionem
1542 998 1728 1029 assequentur

949 1042 1043 1065 sancta
1059 1039 1164 1074 synodo
1177 1039 1203 1066 id
1224 1039 1297 1072 quod
1311 1039 1388 1066 decet
1410 1039 1591 1066 examinante.

112 1084 324 1119 προστρίϐεσθαι
339 1083 377 1118 τῷ
393 1091 423 1108 τε
441 1082 512 1117 λόγῳ
538 1083 585 1108 καὶ
600 1083 655 1113 τοῖς
668 1081 739 1108 οὕτω
756 1081 897 1115 διοικοῦσι,
919 1083 966 1109 καὶ
996 1082 1108 1114 τούτους
1139 1083 1306 1118 διορθώσεως
1321 1084 1463 1118 τυγχάνειν
1478 1091 1485 1099 ·
1500 1084 1530 1110 τὺ
1541 1083 1645 1119 πρέπον
1656 1084 1730 1111 δοκι-

113 1130 252 1165 μαζούσης
264 1130 314 1164 τῆς
329 1129 408 1162 ἁγίας
420 1128 538 1156 συνόδου.

110 1176 261 1210 Κυριλλου
275 1175 309 1201 ἐκ
319 1174 373 1208 τῆς
388 1174 462 1208 πρὸς
474 1174 588 1208 Δόμνον
598 1173 771 1207 ἐπιστολῆς,
781 1181 846 1208 κεφ.
862 1172 894 1208 β’.

148 1220 180 1256 β’.
195 1220 236 1247 Τὰ
251 1220 280 1246 δὲ
298 1219 397 1251 ἀδίκως
414 1218 549 1254 ληφθέντα
565 1219 629 1254 παρ’
645 1219 726 1246 αὑτοῦ
749 1220 877 1255 χρήματα
887 1238 894 1251 ,

112 1275 140 1294 κ.
150 1274 175 1292 τ.
191 1265 216 1292 λ.

201 1310 346 1344 Θεοφίλου
359 1309 394 1336 ἐκ
403 1308 456 1336 τοῦ
466 1308 692 1343 ὐπομνηστικοῦ
706 1316 772 1342 κεφ.
791 1307 817 1335 ι’.

148 1354 175 1382 ι’.
189 1356 221 1382 Δί
232 1357 314 1390 χῆραι
324 1355 369 1381 καὶ
378 1355 402 1381 οἱ
414 1354 528 1389 πένητες
541 1355 588 1380 καὶ
600 1355 624 1381 οι
638 1353 896 1389 παρεπιδημοῦντες

113 1401 183 1432 ξένοι
196 1400 287 1434 πάσης
301 1400 482 1430 ἀναπαύσεως
496 1399 706 1426 ἀπολαυέτωσαν
724 1407 732 1415 ·
748 1400 795 1426 καὶ
807 1400 843 1435 μή
856 1408 897 1431 τις

112 1447 146 1503 τὲ
164 1447 214 1503 τῆξ
230 1445 391 1503 Ἐκκλησιας
415 1445 600 1503 ἰδιοποξίὲθω
614 1453 621 1461 ·
634 1445 819 1480 ἀφιλάργυρον
843 1445 897 1480 γὰρ
911 1474 933 1503 c

112 1490 184 1519 εἶναι
195 1491 235 1518 δεῖ
245 1491 290 1518 τὸν
306 1491 461 1526 λειτουργὸν
475 1490 521 1517 τοῦ
534 1490 612 1516 Θεοῦ.

148 1536 238 1564 Πολλὰ
253 1537 302 1571 μὲν
323 1536 430 1572 εἴρηται
456 1536 505 1562 καὶ
526 1535 591 1571 περὶ
607 1535 657 1570 τῆς
673 1535 829 1570 διοικήσεως
845 1535 901 1562 τῶν

110 1581 347 1616 ὲκκλησιαστικῶν
365 1583 545 1617 πραγμάτων,
562 1581 591 1608 ὲν
614 1580 654 1616 τῷ
676 1580 698 1615 β’
724 1581 778 1607 τίτ.
803 1581 850 1608 τοῦ
877 1580 900 1607 α’

112 1628 183 1663 βιὸλ.
205 1626 252 1653 τοῦ
278 1627 342 1654 κώδ.
354 1627 400 1653 καὶ
417 1627 446 1652 ὲν
465 1626 602 1661 διαφόροις
622 1626 675 1652 τῶν
688 1626 802 1662 Νεαρῶν
819 1627 900 1660 διατ.,

111 1674 159 1699 καὶ
174 1672 310 1706 ἀνάγνωθι
324 1672 369 1698 τὸν
380 1671 402 1706 β’
412 1671 462 1698 τίτ.
474 1671 527 1698 τῶν
540 1671 629 1698 αὐτῶν
645 1671 769 1707 Νεαρῶν,
788 1673 834 1699 καὶ
847 1672 899 1707 μά-

110 1719 191 1745 λιστα
209 1718 258 1753 τὴν
271 1717 292 1752 β’
314 1717 397 1744 αὐτοῦ
420 1717 466 1743 καὶ
480 1715 504 1750 γ’
519 1717 591 1744 δίατ.
617 1716 797 1752 περιεχούσας
812 1717 901 1744 πάντα

110 1765 146 1790 τὰ
160 1764 225 1799 περὶ
239 1763 472 1798 ὲκκλησιαστικῶν
491 1762 649 1797 διοικήσεων
669 1763 716 1789 καὶ
734 1763 899 1798 προνομίων.

113 1810 242 1837 ΚΕΦΑΛ.
257 1809 331 1836 ῐν.-τ
342 1809 411 1842 Περὶ
422 1808 601 1843 πραγμάτων
615 1808 664 1834 καὶ
673 1809 831 1842 προσόδων
842 1808 901 1835 τῶν

303 1853 516 1880 ἀνεπισκόπων
529 1851 724 1884 Ἐκκλησιῶν.

278 1898 412 1925 Συνόδου
430 1896 573 1932 Ἀγκύρας
582 1897 683 1924 κανὼν
698 1899 739 1924 ιε’.

148 1942 190 1971 ιε’.
203 1943 272 1979 Περὶ
287 1943 341 1970 τῶν
352 1942 534 1979 διαφερόντων
553 1942 592 1978 τῷ
608 1941 748 1978 Κυριακῷ,
765 1942 815 1969 ὅσα
838 1944 898 1969 ἐπι-

112 1990 215 2015 σκόπου
232 1989 271 2023 μὴ
285 1989 360 2020 ὄντος
380 1988 561 2023 πρεσϐύτεροι
583 1987 739 2022 ὲπώλησαν,
755 1988 898 2014 ἀνακαλεῖ-

113 2034 176 2060 σοαι
190 2034 220 2060 τὺ
235 2035 372 2070 Κυριακόν
386 2043 393 2049 ⁸
408 2035 437 2060 ὲν
465 2034 493 2060 δὲ
514 2035 547 2069 τῇ
571 2033 661 2068 κρίσει
674 2034 721 2060 τοῦ
749 2033 898 2060 ἐπισκόπου

112 2078 193 2111 εἶναι,
205 2081 259 2107 εῖτε
270 2082 403 2116 προσήκει
418 2080 563 2106 ἀπολαϐεῖν
574 2080 623 2115 τὴν
631 2079 713 2114 τιμὴν
727 2080 790 2110 τοὺς
807 2079 898 2110 κακῶς

1033 1173 1127 1209 Cyrilli
1141 1182 1173 1201 ex
1187 1174 1300 1209 epistola
1311 1174 1345 1200 ad
1365 1173 1495 1200 Damnum
1505 1194 1512 1207 ,
1526 1182 1586 1208 cap.
1607 1175 1636 1202 2.

980 1219 1006 1247 2.
1028 1218 1172 1247 Pecuniam
1197 1224 1285 1247 autem
1308 1227 1369 1254 qua:
1402 1227 1449 1254 per
1469 1220 1641 1255 iniustitiam,
1668 1225 1733 1255 etc...

946 1269 975 1292 ut
989 1273 1051 1300 pag.
1067 1265 1131 1293 579.

1028 1309 1108 1345 340
1124 1309 1258 1344 Theophili
1276 1311 1474 1337 commonitorio
1484 1331 1491 1343 ,
1504 1319 1564 1346 cap.
1588 1311 1633 1338 10.

986 1355 1030 1382 10.
1046 1355 1139 1382 Viduaa
1158 1361 1183 1383 et
1198 1363 1328 1390 pauperes
1344 1361 1370 1383 et
1395 1357 1599 1392 peregrinantes
1615 1358 1734 1393 hospites

951 1398 1024 1426 omni
1038 1399 1130 1434 quiete
1144 1398 1268 1427 fruantur
1279 1420 1287 1433 ,
1307 1405 1334 1428 et
1348 1408 1428 1428 nemo
1443 1408 1474 1428 ea
1489 1408 1549 1435 qua:
1566 1407 1629 1429 sunt
1643 1402 1734 1430 Eccle-

951 1445 999 1473 sia
1012 1465 1019 1478 ,
1035 1449 1064 1473 ut
1076 1453 1124 1473 sua
1140 1450 1261 1481 usurpet.

989 1533 1095 1560 Tenus.
1112 1533 1194 1561 Multa
1207 1534 1239 1561 de
1254 1541 1345 1562 rerum
1358 1535 1604 1563 ecclesiasticarum
1618 1535 1734 1563 admini-

952 1580 1083 1607 stratione
1096 1580 1169 1607 dicta
1185 1585 1251 1608 sunt
1271 1581 1298 1608 in
1319 1580 1360 1608 tit.
1375 1581 1403 1614 2,
1420 1581 1468 1609 lib.
1482 1587 1502 1613 1,
1524 1581 1585 1608 cod.
1599 1586 1626 1608 et
1642 1581 1735 1609 multis

951 1624 1122 1652 Novellarum
1135 1626 1389 1654 constitutionibus.
1408 1626 1494 1662 Legas
1514 1634 1577 1654 vero
1593 1627 1636 1654 tit.
1649 1627 1666 1653 2
1678 1626 1734 1654 No-

951 1671 1092 1703 vellnrum,
1112 1674 1139 1698 et
1157 1672 1306 1706 praesertim
1331 1672 1348 1698 2
1371 1677 1397 1699 et
1413 1672 1430 1699 3
1474 1672 1533 1707 ejus
1559 1676 1647 1700 const.
1675 1680 1735 1707 qua:

951 1717 1184 1752 comprehendunt
1199 1725 1368 1753 quaecunque
1387 1718 1419 1745 ad
1434 1718 1633 1746 ecclesiasticas
1646 1718 1734 1746 admi-

951 1763 1127 1790 nistrationes
1149 1768 1176 1790 et
1192 1764 1330 1799 privilegia
1345 1765 1495 1799 pertinent.

950 1806 1025 1834 CAP.
1042 1807 1087 1835 lli.
1104 1822 1138 1828 -ι
1153 1808 1190 1835 De
1206 1808 1325 1835 rebua’et
1342 1809 1485 1836 reddilibus
1497 1808 1676 1836 Ecclesiarum
1690 1817 1735 1836 va-

1275 1855 1402 1881 canlizun.

1127 1899 1239 1926 Concilii
1263 1899 1397 1934 Ancyrani
1414 1908 1498 1927 canon
1512 1900 1556 1927 15.

988 1944 1033 1971 15.
1056 1944 1094 1971 Ex
1115 1944 1149 1972 iis
1172 1953 1232 1979 quae
1251 1946 1388 1980 pertinent
1411 1946 1444 1973 ad
1461 1945 1647 1980 Dominicum,
1665 1955 1734 1982 qua:-

949 1997 1068 2025 cunque,
1086 1990 1149 2018 dum
1171 1998 1224 2018 non
1241 1996 1312 2018 esset
1323 1991 1464 2026 episcopus
1476 2011 1482 2023 ,
1505 1993 1656 2028 presbyteri
1670 2001 1735 2020 ven—-

949 2039 1087 2070 diderunt,
1098 2046 1226 2066 revocare
1243 2038 1412 2065 Dominicum
1426 2047 1433 2065 :
1450 2039 1570 2073 episcopi
1585 2044 1674 2067 autem
1689 2040 1734 2074 ju-

949 2082 1020 2109 dicio
1040 2082 1157 2116 relinqui
1174 2101 1182 2115 ,
1202 2089 1236 2108 an
1262 2086 1388 2116 oporteat
1409 2084 1525 2116 pretium
1549 2083 1685 2118 recipere,
1701 2091 1733 2110 an

111 2126 317 2162 ὠνησαμένους,
333 2125 388 2151 εἴτε
397 2126 443 2152 καὶ
455 2125 554 2160 μὴ,διά
565 2124 595 2151 τὸ
608 2124 739 2156 πολλάκις
749 2125 798 2159 τὴν
814 2124 898 2158 πρόσ-

955 2135 1006 2155 non
1022 2137 1030 2155 :
1063 2132 1157 2162 utpote
1178 2127 1249 2162 quod
1271 2134 1366 2154 eorum
1389 2135 1450 2162 qua:
1469 2132 1534 2155 sunt
1549 2128 1656 2156 vendita
1670 2148 1677 2160 ,
1695 2129 1736 2155 eis

112 2171 174 2197 ηδον
187 2170 241 2196 τῶν
266 2171 449 2206 πεπραμένων
464 2169 662 2197 ἀποδεδωκέναι
680 2169 770 2201 αὐτοῖς
797 2168 901 2199 τούτοις

955 2173 1019 2208 ipsis
1039 2173 1128 2208 majus
1144 2173 1262 2208 pretium
1280 2171 1435 2199 reddiderit.

114 2215 226 2244 πλείονα
240 2216 290 2251 τὴν
307 2216 402 2251 τιμήν.

248 2261 383 2288 Συνόδου
398 2259 590 2293 Χαλκηδόνος
601 2259 701 2286 κανὼν
717 2262 766 2285 κε’.

149 2307 200 2335 κε’.
228 2308 393 2342 Ἐπειδὴπερ
416 2306 487 2338 τινὲς
505 2305 560 2333 τῶν
583 2305 786 2341 μητροπολιτῶν
803 2305 839 2337 ὡς
853 2313 903 2331 πε-

116 2356 300 2393 ριηχήθημεν,
316 2364 343 2382 κ.
358 2364 384 2382 τ.
399 2355 424 2382 λ.

202 2399 337 2427 Συνόδου
348 2397 554 2432 οὶκουμενικῆς
563 2397 652 2431 ἕκτης
664 2397 762 2424 κανὼν
774 2399 819 2425 λε’.

147 2444 197 2472 λε’.
208 2445 253 2480 Μὴ
265 2445 366 2478 ἐξέστω
379 2445 433 2471 nvi.
443 2444 496 2470 τῶν
506 2445 614 2471 πάντων
631 2444 846 2480 μητροπολιτῶν,
859 2453 903 2470 τεο

112 2491 265 2522 λευτῶντος
283 2491 443 2524 ἐπισκόπου,
461 2490 602 2522 τελοῦντος
617 2491 669 2517 ὑπὸ
680 2491 725 2517 τὸν
742 2492 801 2517 κατ’
821 2490 901 2517 αὐτὸν

113 2537 219 2570 θρόνον,
234 2536 269 2563 τὰ
283 2536 366 2563 αὐτοῦ
381 2537 540 2572 πράγματα,
554 2537 570 2572 ἢ
585 2537 633 2571 τῆς
659 2537 718 2563 κατ’
736 2536 815 2563 αὐτὸν
838 2537 900 2563 Ἐκ-

113 2581 229 2616 κλησίας
247 2581 421 2615 ἀφαιρεῖσθαι
439 2581 455 2616 ἥ
470 2580 694 2616 σφετερίζεσθαι·
712 2580 769 2608 ἀλλ’
782 2581 833 2607 ὑπὸ
848 2589 902 2607 πα-

113 2625 274 2661 ραφυλακὴν
288 2626 409 2653 ἔστωσαν
428 2626 474 2652 τοῦ
498 2626 599 2661 κλήρου
618 2626 667 2660 τῆς
678 2625 842 2660 Ἐκκλησίας
869 2623 901 2661 ἧς

113 2672 128 2696 ὁ
142 2670 308 2706 τελευτήσας
328 2671 458 2706 ἐτύγχανε
482 2672 620 2707 πρόεδρος,
641 2671 721 2707 μέχρι
739 2671 786 2705 τῆς
805 2671 898 2706 ἑτέρου

114 2717 265 2743 ἐπισκόπου
289 2719 464 2753 προαγωγῆς,
479 2718 555 2749 ἐκτὸς
582 2718 605 2743 εἰ
622 2718 660 2752 μὴ
675 2718 800 2752 κληρικοὶ
819 2718 847 2744 ὲν
867 2719 899 2752 τῇ

114 2761 185 2795 αὐτῇ
208 2761 357 2798 Ἐκκλησία
370 2763 418 2798 οὐχ
438 2763 639 2798 ὑπελείφθησαν
655 2770 662 2777 “
677 2762 826 2798 τηνικαῦτα
849 2764 901 2797 γὰρ

1093 2259 1204 2286 Concilii
1221 2258 1439 2286 Chalcedonensis
1454 2266 1538 2285 canon
1549 2258 1593 2285 25.

987 2306 1032 2333 25.
1063 2305 1198 2338 Quoniam
1223 2304 1347 2332 nonnulli
1370 2304 1587 2339 metropolitani,
1612 2309 1678 2339 ctc.,
1707 2311 1735 2332 ιιι

955 2359 1017 2387 pag.
1031 2351 1093 2379 498.

1105 2396 1218 2424 Concilii
1235 2396 1384 2423 mountenici
1399 2403 1424 2422 vt
1437 2403 1521 2423 canon
1539 2397 1584 2424 55.

988 2443 1032 2471 55.
1049 2442 1120 2470 Nulli
1134 2442 1256 2469 omnium
1276 2441 1546 2475 metropolitanorum
1562 2442 1651 2474 liceat,
1665 2451 1734 2471 mor-

953 2494 999 2516 tuo
1011 2490 1149 2524 episcopo,
1167 2488 1213 2522 qui
1226 2488 1285 2522 ejus
1301 2487 1398 2514 throno
1413 2488 1518 2520 subest,
1533 2496 1575 2515 res
1586 2488 1684 2522 ipsius,
1695 2490 1734 2515 vrl

952 2533 1079 2561 Ecclesiae
1104 2533 1163 2568 ejus
1176 2531 1294 2562 auferre.
1309 2531 1350 2558 Vel
1369 2532 1421 2559 sibi
1447 2531 1583 2559 vindicare
1600 2541 1606 2559 ε
1620 2534 1666 2559 sed
1682 2533 1734 2559 sint

952 2580 1003 2607 Sub
1018 2579 1142 2607 custodia
1169 2578 1232 2605 cieri
1253 2576 1333 2612 341
1356 2577 1493 2610 Ecclesim,
1519 2577 1563 2605 cni
1590 2577 1734 2605 defunctus

951 2625 1075 2660 praefuit,
1099 2631 1185 2658 usque
1198 2623 1231 2650 ad
1248 2622 1361 2649 alterius
1374 2623 1494 2657 episcopi
1519 2623 1733 2657 promotionem;

951 2675 1130 2705 praeterquam
1148 2669 1170 2697 si
1186 2669 1212 2696 in
1228 2669 1322 2696 eadem
1345 2667 1465 2695 Ecclesia
1489 2676 1542 2695 non
1569 2668 1656 2695 relicti
1681 2668 1733 2694 sinl

951 2716 1053 2743 clerici.
1079 2715 1156 2742 Tunc
1177 2714 1250 2742 enim
1276 2714 1504 2748 metropolitanus
1529 2721 1559 2740 ea
1575 2721 1628 2740 non
1653 2713 1732 2739 dimi-

952 2766 1015 2788 nuta
1031 2761 1161 2793 servabit,
1178 2759 1330 2788 ordinando
1347 2759 1475 2794 episcopo
1496 2760 1586 2786 omnia
1607 2759 1733 2786 reddens.

114 2805 129 2830 6
161 2806 361 2842 μητροπολίτης
387 2808 472 2835 ταῦτα
497 2807 683 2843 παραφυλάξει
706 2808 839 2843 ἀμείωτα,
860 2807 898 2842 τῷ
917 2805 1198 2842 χειροτονηοησομένῳ
1212 2804 1353 2840 ὲπισκόπῳ
1366 2805 1453 2832 πάντα
1466 2804 1590 2835 ἀποδούς-

153 2852 198 2878 "l
219 2852 290 2880 Tini.
307 2863 343 2887 τι,
359 2854 385 2882 8.
