1959 3060
243 163 292 196 123

815 169 946 200 ΡΗΟΤΙΙ
964 171 1216 203 PATRIARCH/E
1235 174 1302 205 CP.‘

1815 179 1869 210 824

277 219 352 246 CAP.
371 218 415 245 IV.
441 233 472 239 -ι
498 219 537 246 De
553 221 712 249 alienatione
732 231 819 250 rerum
838 225 1029 253 ecclesiastico-

1118 228 1244 256 ΚΕΦΑΛ.
1270 232 1307 256 Δ’.
1319 244 1355 249 --
1367 230 1437 264 Περὶ
1448 231 1634 266 ἐκποιήσεως
1658 233 1872 268 ἐκκλησιαστι-

242 271 311 291 rum.

419 310 604 344 Apostolorum
620 321 732 341 canones
747 315 791 347 38,
810 315 852 343 75.

277 355 311 381 58
329 355 398 391 [δη.
426 357 554 385 Omnium
568 367 657 386 rerum
675 362 941 397 ecclesiasticarum,
961 368 1027 396 etc.,

241 406 269 425 ut
283 409 334 434 pag
363 401 427 428 818.

277 447 310 473 75
337 447 404 483 [72].
437 448 492 477 Vas
520 458 634 479 aureum
661 453 703 480 vel
731 460 900 489 argenteum,
915 461 979 490 etc.,
1000 461 1030 483 ut

240 501 301 528 pag.
315 494 378 522 575.

426 542 541 570 Caecilii
559 545 695 580 Ancyram‘
709 555 792 574 canon
809 547 852 575 15.

270 585 314 613 15.
331 587 370 613 Ex
387 587 420 615 iis
434 596 495 623 qum
515 591 651 624 pertinent
665 593 698 619 ad
721 592 906 627 Dominicum,
919 599 986 627 etc.,
1001 599 1029 621 ut

239 639 300 666 pag.
316 632 379 660 822.

419 679 535 706 Concilii
549 679 654 708 Nicami
676 690 696 708 tt
710 690 793 709 canon
809 683 853 709 12.

277 723 405 753 Ecclesia:
424 726 583 761 propositus
605 735 658 754 non
690 728 763 754 debet
784 728 888 762 pnedia
905 728 1031 756 Ecclesiae

241 770 369 797 alienare.

277 815 320 842 12.
343 815 371 842 Si
387 817 450 851 quis
466 817 611 851 episcopus
633 818 676 845 vel
702 819 863 846 monasterii
885 818 1031 854 praefectus

240 859 368 887 inventus
407 862 489 889 fuerit
524 870 556 890 ex
589 863 764 897 episcopatus
799 864 842 891 vel
872 864 1030 892 monasterii

1079 282 1151 302 κων.

1261 322 1455 350 Ἀποστόλων
1468 323 1568 350 κανὼν
1581 324 1632 359 λη’,
1648 327 1696 358 ογθ.

1114 367 1164 403 λη’.
1176 367 1286 394 Πάντων
1293 368 1345 395 τῶν
1351 369 1583 404 ὲκκλησιαστικῶν
1591 370 1803 405 πραγμάτωνμ.
1812 379 1838 396 τ.
1845 370 1871 397 )..

1115 458 1164 494 ογ’.
1181 459 1282 491 Σκεῦος
1296 459 1413 495 χρυσοῦν
1428 459 1442 495 ἢ
1461 459 1598 496 ἀργυροῦν
1609 460 1748 494 ἁγιασοὲν,
1760 469 1790 487 κ.
1804 469 1830 486 τ.
1845 461 1870 487 λ.

1240 547 1376 573 Συνόδου
1395 546 1540 580 Ἀγκύρας
1548 546 1647 573 κανὼν
1663 547 1703 573 ιε’.

1117 592 1157 620 ιε’.
1176 593 1243 628 Περὶ
1259 593 1314 619 τῶν
1335 593 1516 629 διαφερόντων
1539 593 1578 629 τῷ
1593 594 1726 630 Κυριακῷ
1753 604 1784 622 κ.
1802 604 1828 622 τ.
1846 595 1870 623 λ.

1204 680 1340 707 Συνόδου
1359 680 1483 713 Νικαίας
1493 680 1525 707 τὸ
1537 680 1579 712 β’,
1590 680 1690 707 κανὼν
1701 680 1744 715 ιβ’.

1117 727 1181 753 ὀτι
1197 727 1233 753 οὺ
1246 726 1293 753 δεῖ
1303 726 1486 753 ἐκποιεῖσθαι
1499 726 1667 761 ἡγούμενον
1681 727 1715 752 ἐκ
1725 726 1788 752 τῶν
1799 735 1872 761 προ-

1080 773 1210 798 αστείων
1229 771 1282 806 τῆς
1305 772 1498 805 Ἐκκλησίας.

1117 817 1161 853 ιβ’.
1182 817 1216 844 Εἴ
1238 826 1281 849 τις
1295 817 1445 848 ἐπίσκοπος
1473 816 1597 852 εὑρεθείη
1617 817 1634 852 ἢ
1661 817 1829 853 ἡγούμενος.
1842 819 1874 845 ὲκ

1081 863 1134 890 τῶν
1144 862 1327 898 αὐτουργείων
1334 862 1381 889 τοῦ
1397 862 1573 889 ὲπισκοπείου
1584 863 1601 898 ἢ
1611 862 1657 889 τοῦ
1671 871 1738 898 μονα
1743 865 1872 898 στηρῑου,

240 909 314 942 agris
328 927 335 939 ,
349 907 375 934 in
393 907 524 942 principis
545 908 663 942 alicujus
679 916 776 936 manus
790 909 920 941 alienare,
932 909 974 936 vel
989 909 1028 936 al-

1090 908 1272 943 ,xmtotipevo;
1290 908 1330 939 είς
1345 908 1506 944 ἀρχοντικὴν
1526 909 1615 943 χεῖρα,
1630 908 1647 944 ἢ
1675 910 1760 944 ἑτέρῳ
1787 918 1874 945 προσ-

240 953 291 980 teri
307 960 430 988 personat
448 953 567 986 tradere,
589 954 691 981 nullius
708 954 743 980 sit
761 954 893 981 momenti
907 954 1027 986 traditio,

241 1004 273 1026 ut.
289 1003 445 1026 sanctorum
459 1000 645 1034 apostolorum
664 999 720 1026 vult
735 1007 823 1026 canon
841 1000 886 1033 qui
905 1000 971 1027 dicit
982 1003 1004 1018 ⁷⁷
1020 1007 1026 1025 :

240 1045 369 1073 Omnium
383 1053 474 1073 rerum
491 1045 742 1073 ecclesiasticarum
765 1046 910 1080 episcopus
934 1052 1027 1072 curam

241 1095 326 1126 gerat,
348 1095 376 1118 et
397 1098 428 1118 ea
455 1091 626 1118 adtninistret
651 1096 780 1125 tanquam
811 1091 866 1118 Deo
897 1091 1027 1117 intuente.

239 1135 279 1163 Ne
296 1136 377 1163 liccat
398 1141 487 1163 autem
504 1137 652 1171 quidquam
672 1144 705 1163 ex
731 1136 770 1164 eis
798 1137 849 1163 sibi
881 1136 1029 1167 vindicare,

239 1182 282 1209 vel
306 1182 424 1216 propriis
456 1183 578 1217 cognatis
603 1190 664 1217 quae
678 1183 723 1209 Dei
753 1187 816 1209 sunt
850 1182 969 1217 elargiri.
1000 1182 1029 1209 Si

239 1233 330 1254 autem
347 1228 402 1254 sint
418 1234 561 1262 pauperes,
576 1233 606 1254 ut
620 1227 785 1262 pauperibus
803 1227 967 1262 suppeditet.
982 1227 1029 1254 sed

240 1281 297 1301 non
319 1280 414 1300 eorum
435 1279 566 1308 prmtextu
587 1281 630 1301 res
652 1273 780 1300 Ecclesia:
805 1273 959 1301 venumdet.
981 1273 1028 1299 Sin

239 1325 330 1346 autem
344 1319 538 1346 detrimentum
553 1319 648 1346 afferre
660 1323 798 1351 causctur,
818 1326 868 1345 nec
880 1319 1028 1353 quidquam

239 1371 273 1392 ex
286 1371 352 1399 agro
366 1364 543 1390 emolumenti
560 1365 674 1398 percipi,
690 1371 724 1390 ne
740 1364 780 1390 sic
795 1364 904 1398 quidem
925 1363 1029 1398 print-i-

238 1410 329 1445 pilius,
347 1410 393 1444 qui
417 1413 481 1437 sunt
497 1410 524 1436 in
545 1417 577 1437 eo
594 1409 665 1443 loco,
693 1409 792 1436 alicnet
821 1409 961 1444 praedium,
983 1408 1028 1436 sed

239 1457 347 1484 clericis
363 1456 406 1483 vel
431 1457 568 1491 agricolis.
593 1456 640 1483 Sin
668 1460 758 1482 autem
787 1457 878 1490 aliqua
907 1455 1028 1490 improba

239 1503 389 1530 calliditate
404 1507 526 1535 utentur,
543 1507 569 1529 et
584 1502 667 1538 342
692 1502 725 1528 ab
739 1502 858 1536 agricola
874 1502 913 1528 vel
930 1501 1029 1528 clerico

239 1556 336 1583 agrum
354 1549 481 1583 princeps
501 1549 606 1580 emerit,
625 1548 665 1575 sic
681 1555 789 1582 quoque
805 1548 907 1575 nullius
920 1547 955 1574 sit
970 1555 1029 1573 mo-

239 1594 323 1621 menti
337 1594 468 1624 venditio.
484 1599 510 1621 et
527 1593 698 1628 episcopatui
729 1593 771 1620 vel
798 1593 962 1619 monasterio
986 1601 1030 1619 re-

239 1639 379 1667 stituatur.
403 1639 488 1666 Porro
507 1639 652 1674 episcopus
677 1639 718 1665 vel
745 1639 903 1665 monasterii
934 1639 1029 1673 praefe-

239 1690 301 1713 ctus
317 1685 363 1720 qui
380 1685 431 1712 hoc
452 1684 558 1717 fecerit,
575 1685 738 1712 exturbetur
759 1685 867 1719 quidem
884 1685 1029 1719 episcopus

239 1732 275 1760 ab
287 1733 459 1766 episcopatu,
477 1731 637 1758 monasterii
652 1738 717 1758 vero
735 1730 879 1765 praefectus
895 1738 910 1757 a
931 1738 1028 1757 mona-

239 1778 334 1811 sterio,
357 1777 445 1811 utqui
465 1778 536 1804 male
560 1777 695 1812 dissipent
715 1785 775 1812 qua:
797 1784 851 1804 non
877 1784 1029 1812 congrega-

239 1829 303 1849 vere
306 1843 313 1850 .

329 1865 468 1901 Cyrilliex
486 1867 598 1901 epistola
613 1866 647 1893 ad
665 1866 797 1893 Damnum
812 1875 871 1901 cap.
886 1866 914 1894 2.

274 1912 304 1939 2.
317 1911 464 1939 Pecuniam
481 1917 571 1940 autem
590 1921 651 1949 quae
676 1920 723 1948 per
742 1913 904 1947 iniustitiam
916 1917 985 1947 etc.,
1000 1918 1030 1940 ut

240 1967 302 1994 pag.
319 1958 381 1986 579.

239 2045 251 2068 ι
272 2005 347 2068 litt-ge
364 2012 424 2040 quae
442 2010 572 2033 annotata
588 2011 653 2034 sunt
672 2006 699 2033 in
711 2013 771 2040 cap.
797 2006 821 2033 9.
840 2006 983 2041 praesentis
998 2005 1032 2033 ti-

254 2050 268 2068 U
283 2049 301 2067 Ι.

254 2049 301 2068 UH.

275 2086 353 2114 CAP.
371 2085 404 2113 V.
417 2086 456 2113 De
472 2095 499 2113 re
515 2086 546 2113 ab
561 2087 690 2122 episcopis
701 2092 748 2114 aut
766 2088 869 2115 clericis
883 2092 941 2123 post
957 2087 1032 2115 ordi-

241 2134 374 2160 nationem
385 2133 529 2167 acquisita.

383 2188 495 2216 Concilii
508 2189 724 2224 Cartltagiueusis
746 2199 830 2218 canon
844 2191 888 2218 52.

275 2235 304 2262 Si
323 2235 381 2270 quis
411 2235 566 2262 clericorum
595 2244 693 2271 pauper
712 2243 848 2271 promotus
872 2239 900 2264 in
929 2238 1030 2270 ordine,
1048 2244 1070 2272 ο

240 2283 329 2315 postea
342 2279 461 2306 [tabuerit
478 2281 592 2315 aliquid,
610 2280 737 2308 Ecclesia:
748 2282 873 2315 potestati
883 2282 1029 2316 subjaceat.

275 2366 320 2394 5'2.
340 2365 406 2393 Item
425 2365 481 2400 (i8)
504 2366 617 2401 placuit,
645 2371 673 2393 ut
698 2367 832 2402 episcopi,
866 2369 1030 2404 presbyteri,

240 2411 360 2444 diaconi,
378 2412 419 2439 vel
436 2412 594 2447 quicunque
609 2412 712 2446 clerici,
731 2414 776 2448 qui
801 2414 870 2441 nihil
899 2415 1031 2442 habentes

241 2459 416 2490 ordinantur,
442 2463 469 2484 et
498 2462 620 2492 tempore
634 2459 811 2494 episcopatus
827 2460 867 2487 vel
885 2461 1031 2488 clericatus

241 2506 301 2538 sui,
327 2512 407 2540 agros
433 2504 476 2531 vel
505 2512 675 2540 qumcunque
710 2507 810 2540 pranlia
839 2507 950 2534 nomine
981 2515 1032 2535 suo

243 2555 416 2584 comparant,
443 2553 573 2583 tauquam
602 2557 693 2577 rerum
721 2551 923 2578 Dominicarum
953 2552 1031 2579 inva-

243 2596 330 2624 sionis
345 2595 460 2622 crimine
483 2600 627 2623 teneantur
644 2605 650 2624 :
667 2598 719 2623 nisi
738 2598 869 2624 admoniti
887 2598 914 2624 in
938 2597 1031 2625 Eccle-

243 2644 312 2670 siam
325 2642 419 2670 eadem
432 2643 493 2677 ipsa
506 2643 681 2670 contulerint.
695 2642 723 2671 Si
741 2649 830 2671 autem
844 2644 911 2678 ipsis
923 2645 1032 2680 proprie

243 2689 347 2724 aliquid
370 2688 534 2716 liberalitate
561 2688 691 2724 alicujus,
720 2690 763 2717 vel
780 2691 956 2719 successione
983 2698 1031 2718 co-

274 2778 297 2795 "
312 2778 420 2807 Canou.
437 2779 482 2808 59.

1079 954 1146 989 ώπῳ
1168 954 1299 986 ἐκδιδοὺς,
1318 953 1420 988 ἄκυρον
1435 951 1505 980 εἶναι
1527 953 1577 988 τὴν
1596 953 1711 986 ἔκδοσιν,
1731 955 1805 981 κατὰ
1828 955 1872 981 τὸν

1079 1000 1179 1027 κανόνα
1194 999 1248 1026 τῶν
1266 999 1352 1033 ἁγίων
1377 999 1533 1026 ἀποστόλων
1552 1000 1598 1026 τὸν
1614 1000 1739 1034 λέγοντα,
1759 1001 1874 1027 Πάντων

1079 1045 1134 1072 τῶν
1156 1045 1391 1080 ὲκκλησιαστικῶν
1408 1045 1577 1080 πραγμάτοιν
1594 1046 1607 1072 ὁ
1623 1046 1771 1077 ἐπίσκοπος
1786 1046 1876 1081 ἐχέτω

1080 1090 1131 1126 τὴν
1153 1090 1292 1125 φροντίδα,
1312 1090 1361 1117 καὶ
1374 1090 1510 1117 διοικείτω
1523 1091 1591 1117 αὐτὰ
1607 1091 1644 1122 ὡς
1662 1091 1730 1118 Θεοῦ
1747 1092 1873 1126 ἐφορῶν-

1079 1145 1125 1168 τος
1141 1145 1148 1152 ·
1165 1137 1202 1172 μὴ
1219 1136 1318 1168 ἐξεῖναι
1334 1136 1408 1171 αὐτῷ
1428 1136 1635 1170 σφετερίζεσθαι
1665 1145 1691 1163 τι
1711 1137 1740 1169 ἐξ
1767 1137 1872 1170 αὐτῶν,

1080 1182 1097 1218 ἢ
1117 1182 1275 1216 συγγενέσιν
1303 1181 1377 1213 ἰδίοις
1393 1182 1427 1209 τά
1439 1183 1487 1208 τοῦ
1505 1181 1571 1208 Θεοῦ
1587 1182 1746 1216 χαρίζεσθαι
1768 1190 1773 1196 ·
1794 1183 1821 1208 εί
1844 1183 1873 1209 δὲ

1080 1227 1195 1261 πένητες
1211 1225 1276 1258 εἷεν,
1303 1227 1502 1262 ὲπιχορηγείτω
1523 1227 1560 1258 ὡς
1581 1228 1707 1262 πένησιν,
1733 1227 1802 1254 ἀλλὰ
1832 1227 1871 1262 μὴ

1080 1273 1216 1308 προφάσει
1228 1273 1329 1298 τούτων
1341 1273 1375 1298 τὰ
1388 1274 1436 1307 τῆς
1456 1272 1619 1307 Ἐκκλησίας
1628 1273 1830 1307 ἁπεμπολείτω·
1847 1275 1871 1299 εί

1080 1318 1108 1344 δὲ
1123 1318 1328 1353 προφασίζοιτο,
1354 1318 1456 1353 ζημίαν
1464 1320 1588 1353 ἐμποιεὲν
1603 1326 1609 1333 ·
1628 1319 1676 1345 καὶ
1696 1319 1777 1353 μηδὲν
1800 1319 1870 1352 πρὸς

1080 1364 1172 1398 ὄνησιν
1192 1364 1336 1398 τυγχάνειν
1363 1364 1409 1390 τὸν
1425 1364 1519 1399 ἀγρὸν,
1542 1364 1579 1399 μὴ
1595 1364 1617 1390 δ’
1633 1363 1704 1390 οὕτω
1726 1365 1779 1395 τοῖς
1798 1364 1870 1390 κατὰ

1081 1409 1162 1435 τόπον
1178 1409 1307 1444 ἄρχουσιν
1321 1409 1451 1435 ἐκδιδόναι
1464 1409 1509 1435 τὸν
1530 1408 1624 1441 τόπον,
1640 1408 1706 1436 ἀλλά
1731 1408 1870 1443 κληρικοῖς

1080 1456 1097 1490 ἦ
1112 1458 1245 1491 γεωργοῖς
1261 1464 1267 1471 ·
1288 1457 1313 1482 εί
1327 1456 1355 1482 δὲ
1367 1455 1521 1491 πανουργίᾳ
1534 1456 1639 1490 πονηρᾷ
1653 1455 1806 1490 χρήσοιντο,
1823 1453 1870 1480 καὶ

1081 1503 1113 1528 ἐκ
1127 1501 1172 1528 τοῦ
1189 1501 1313 1537 γεωργοῦ
1329 1502 1346 1536 ἢ
1359 1501 1405 1528 τοῦ
1422 1501 1553 1536 κληρικοῦ
1571 1501 1704 1535 ὠνήσεται
1722 1500 1813 1536 ἄρχων
1825 1499 1870 1526 τὸν

1082 1548 1177 1581 ἀγρὸν,
1191 1548 1236 1573 καὶ
1248 1547 1335 1579 οὕτως
1351 1548 1453 1582 ἄκυρον
1469 1545 1537 1573 εἶναι
1550 1547 1600 1582 τὴν
1623 1547 1733 1579 πράσιν,
1749 1547 1795 1573 καὶ
1803 1546 1870 1572 ἀπο-

1083 1593 1264 1620 καθίστασθαι
1274 1594 1303 1619 ἐν
1315 1593 1353 1628 τῷ
1367 1594 1538 1628 ὲπισκοπείῳ
1553 1593 1568 1628 ἢ
1581 1595 1610 1619 ὲν
1621 1593 1659 1628 τῷ
1676 1592 1850 1627 μοναστηρίῳ
1860 1597 1867 1604 ·

1083 1638 1130 1665 καὶ
1143 1639 1289 1670 ἐπίσκοπος
1304 1639 1332 1665 δὲ
1352 1639 1369 1674 ἦ
1397 1639 1546 1674 ἡγούμενος
1568 1639 1646 1664 τοῦτο
1670 1637 1754 1665 ποιῶν
1775 1637 1868 1663 ἐκδιω-

1083 1684 1184 1719 χθήτω,
1196 1685 1210 1710 ὁ
1222 1684 1271 1718 μὲν
1287 1684 1437 1715 ἐπίσκοπος
1453 1683 1500 1710 τοῦ
1515 1684 1703 1715 ὲπισκοπεῐου,
1720 1684 1733 1709 ὁ
1743 1683 1771 1709 δὲ
1789 1680 1868 1716 ἡγού-

1085 1730 1165 1764 μένος
1184 1730 1379 1766 μοναστηρίου,
1392 1730 1429 1760 ὡς
1443 1729 1679 1765 διασκορπίζοντες
1706 1729 1798 1760 κακῶς
1809 1727 1826 1754 ἃ
1838 1727 1868 1752 οὐ

1085 1777 1248 1812 συνήγαγον.

1081 1864 1234 1897 Κιιρίλλου
1249 1863 1283 1889 ἐκ
1292 1862 1346 1897 τῆς
1359 1863 1433 1897 πρὸς
1449 1864 1564 1897 Δόμνον
1579 1862 1747 1896 ἐπιστολῆς
1760 1870 1827 1896 κεφ.
1838 1860 1869 1896 β’.

1119 1908 1152 1944 β’.
1168 1909 1209 1935 Τὰ
1227 1909 1254 1935 δὲ
1269 1909 1368 1940 ἀδίκως
1381 1908 1516 1944 ληφθέντα
1527 1917 1555 1935 κ.
1571 1917 1596 1937 τ.
1615 1908 1640 1935 λ.

1123 1992 1274 2027 Ἀνάγνωθι
1285 1992 1320 2019 τὰ
1331 1991 1590 2028 παραγεγραμμένοι
1605 1992 1634 2018 ἐν
1649 1991 1688 2026 τῷ
1699 1992 1721 2028 β’
1742 1999 1807 2025 κεφ.
1825 1988 1871 2016 τοῦ

1083 2038 1217 2074 παρόντος
1230 2038 1283 2065 τιτ.

1119 2085 1234 2111 ΚΕΦΑΛ
1251 2084 1288 2111 E’.
1303 2099 1338 2104 —
1351 2083 1493 2118 Περί”τῶν
1513 2082 1588 2117 μετὰ
1608 2082 1666 2117 τὴν
1687 2081 1873 2117 χειροτονίαν

1082 2131 1235 2167 κτωμένων
1246 2131 1424 2163 ἐπισκόποις
1436 2129 1455 2165 ἢ
1473 2130 1637 2164 κληρικοῒς.

1212 2186 1348 2214 Συνόδου
1361 2186 1570 2220 Καροαγέννης
1586 2185 1687 2212 κανὼν
1702 2185 1753 2220 λβ’.

1125 2231 1196 2259 Ἐάν
1210 2241 1255 2265 τις
1270 2231 1330 2258 τῶν
1340 2231 1492 2265 κληρικών
1503 2232 1645 2266 πενιχρὸς
1655 2232 1812 2266 προκόψας
1828 2229 1870 2259 εἷς

1083 2286 1150 2305 τινα
1168 2278 1256 2310 τάξιν
1278 2277 1426 2312 κτήσηται
1446 2285 1484 2310 τι,
1512 2278 1683 2305 ὑποκείσθω
1699 2276 1736 2311 τῇ
1746 2275 1869 2310 ἐξουσίᾳ

1083 2324 1143 2351 τῶν
1153 2325 1337 2350 ἐπισκόπων.

1119 2369 1171 2405 λβ¹,
1187 2370 1304 2405 Ὁμοίως
1324 2369 1438 2404 ἤρεσεν,
1455 2368 1499 2395 ἵνα
1511 2368 1665 2401 ἐπίσκοποι,
1679 2367 1867 2403 πρεσϐύτεροιν

1085 2417 1215 2449 διάκονοι,
1228 2416 1244 2451 ἢ
1259 2416 1317 2448 καὶ,
1329 2415 1481 2451 οἰοιδήποτε
1505 2414 1640 2450 κληρικοὶ,
1658 2415 1683 2440 οἱ
1698 2414 1781 2450 μηδὲν
1797 2414 1866 2447 ἕχον-

1085 2472 1142 2495 τες,
1159 2463 1207 2489 ἐὰν
1230 2461 1420 2497 προχόψοιντες
1440 2461 1479 2496 τῷ
1504 2461 1592 2496 καιρῴ
1611 2460 1661 2495 τῆς
1676 2455 1865 2493 ὲπισκοπῆ;,ἤ

1084 2511 1132 2544 τῆς
1147 2508 1311 2544 κληρώσεως
1340 2508 1429 2534 αὐτῶν
1452 2507 1554 2542 ἀγροὺς
1576 2507 1592 2542 ἦ
1619 2507 1766 2540 οίαδήποτε
1786 2503 1865 2540 χωρία

1084 2554 1128 2581 ἐπ’
1137 2553 1248 2588 ὀνόματι
1265 2552 1321 2588 ἰδίῳ
1337 2551 1519 2586 ἀγοράσωσιν,
1535 2551 1577 2577 ἵνα
1593 2550 1630 2581 ὡς
1647 2551 1717 2577 κατὰ
1742 2552 1864 2576 Δεσποτι-

1085 2600 1142 2627 χῶν
1170 2599 1340 2634 πραγμάτων
1364 2597 1457 2633 ἔφοδον
1479 2597 1658 2631 πεποιηκότες
1681 2590 1863 2631 ὲνέχωνται.εί

1088 2646 1125 2682 μὴ
1142 2646 1195 2681 ἄρα
1205 2645 1297 2672 λοιπὸν
1319 2643 1550 2679 ὑπομνησῦέντες,
1567 2644 1600 2678 τῇ
1625 2642 1773 2677 Ἐκκλησία
1785 2637 1863 2682 ταῦτα

1087 2681 1290 2726 εἰσκομίσουσιν
1301 2699 1311 2708 ο
1331 2690 1378 2717 ἐὰν
1390 2689 1418 2716 δὲ
1433 2690 1472 2722 εἰς
1491 2689 1588 2720 αὐτοὺς
1607 2688 1719 2724 κυρίως,
1735 2681 1863 2723 φιλοτιμίᾳ

281 2855 338 2891 (l8)
353 2855 520 2891 llipponcnsi
535 2855 653 2884 concilio
670 2855 712 2883 tit.
729 2854 745 2883 8
772 2855 904 2883 trlbuitur
925 2861 940 2882 a
967 2853 1106 2883 Ferrando
1117 2862 1177 2890 cap.
