1959 3060
111 175 164 207 825

498 179 697 211 SYNTAGMA
713 181 905 212 CANONUM.
919 194 953 199 —
964 183 1038 213 TIT.
1057 183 1094 220 Χ,
1108 184 1187 215 CAP.
1208 184 1257 222 IV,
1274 185 1309 215 V.

1687 185 1741 217 8‘26

111 229 208 265 ’ςινδςῆ
223 230 331 266 διαδοχῇ
350 233 510 266 συγγενείας
524 235 665 271 περιέλθῃ,
676 235 706 268 ἐξ
722 235 803 262 αὐτοῦ
822 237 902 271 ποιή-

954 239 1091 273 gnationis
1109 238 1259 272 obvenerit,
1272 239 1372 266 faciant
1388 238 1460 271 inde,
1485 239 1556 273 quod
1571 245 1666 265 eorum
1680 240 1738 274 (19)

112 283 202 301 σουσιν
219 275 233 301 ὃ
247 274 304 310 ἔχει
319 277 335 310 ὴ
350 277 479 311 πρόθεσις
493 278 584 305 αὐτῶν
605 288 612 295 ·
630 280 654 306 εἰ
668 281 697 306 δὲ
722 281 770 307 καὶ
789 282 857 315 μετὰ
872 281 902 307 τὸ

112 319 262 354 προθέσθαι
278 320 320 351 εἰς
333 321 454 348 τούπίσω
467 324 672 357 μετατραπῶσι,
688 324 738 358 τῆς
751 324 900 359 ἐκκλησια-

111 365 206 398 στικῆς
218 365 301 400 τιμῆς
317 366 421 399 ἀνάξιοι
442 367 479 399 ὡς
496 368 619 404 ἀδόκιμοι
632 370 773 405 κριθῶσιν.

111 419 245 446 Συνόδου
260 423 287 459 ᾳ(
301 421 350 459 καί
366 423 396 454 ,β’
407 426 666 459 ιγυτκροτηθείσης
680 427 716 453 ὲν
742 430 901 455 Κωνσταν-

145 456 317 495 τινορπόέει
336 457 371 483 ἐν
385 458 425 490 τῷ
440 456 502 491 γλαῷ
516 459 576 486 τῶν
595 456 696 495 Ἀγέίὶον
713 462 902 490 Ἀποστόλων

145 488 247 515 κανὼν
264 489 296 522 ζ’.

145 543 177 576 ζ’.
195 545 298 577 Πολλὰς
314 547 368 573 τῶν
380 548 538 576 ὲπισκοπῶν
548 550 656 586 ὁρῶμεν
671 553 902 586 καταπιπτούσας

109 590 156 616 καὶ
172 591 318 627 ἀφανισμῷ
340 593 436 630 τελείῳ
457 595 668 630 κινδυνευούσας
691 600 898 633 παραδίδοσθαι,

108 636 205 671 ὅτιπερ
238 636 264 663 οἰ
285 637 388 664 τούτων
410 642 621 675 προεστηκότες,
639 643 688 678 τὴν
718 645 782 679 περὶ
810 646 900 671 αὐτῶν

111 681 262 716 φροντίδων
277 682 328 709 ’καὶ
348 685 509 719 ἐπιμέλειαν
530 687 570 718 εἰς
596 689 739 723 νεουργίας
763 698 899 724 μοναστη-

109 727 175 761 ρίων
203 729 443 763 καταναλίσκουσι,
467 732 515 758 καὶ
540 733 641 765 ταύτας
661 734 839 768 διασπῶντες,
852 736 899 762 καὶΙ

107 771 154 798 τὸν
175 774 356 807 σφετερισμὸν
382 775 437 802 τῶν
464 777 574 804 εἰσόδων
597 779 833 814 ὲκμηχανώμενοι,
849 781 900 815 τὴν

107 818 222 845 ἐκείνων
236 819 389 856 ἐπαύξησιν
407 824 649 858 πραγματεύονται
662 833 669 841 ·
684 824 783 860 ὥρισεν
796 823 842 853 οὖν
856 827 899 853 διὰ

107 865 187 890 τοῦτο
202 865 293 899 ἠὰγια
313 867 430 899 σύνοδος,
447 869 542 904 μηδενὶ
553 870 608 897 τῶν
621 871 781 897 ἐπισκόπων
799 871 898 904 ἐξεῖναι

952 283 1092 318 proposito
1108 285 1233 319 congruit
1255 285 1348 319 :quod
1367 285 1390 311 si
1415 292 1430 311 a
1458 292 1508 311 suo
1535 284 1673 319 proposito
1702 293 1742 312 re-

953 334 1071 357 trorsum
1089 331 1314 363 exorbitaverint,
1337 331 1440 357 honore
1457 331 1643 358 ecclesiastico
1667 332 1739 358 indi-

952 375 1008 409 gni,
1026 380 1154 410 tanquam
1173 376 1292 410 reprobi,
1310 376 1478 411 iudicentur.

951 429 1031 466 343
1045 430 1156 458 Consilii
1174 432 1254 466 primi
1273 436 1297 458 et
1325 433 1433 458 serumli
1459 432 1689 466 Constantinopoli
1713 433 1741 459 in

1019 466 1073 493 (ede
1087 466 1245 493 Sanctorum
1260 467 1445 501 Apostolorum
1455 467 1537 493 habiti
1553 475 1636 494 canon
1653 468 1679 494 7.

990 552 1114 580 7.lllultos
1121 553 1293 589 episcopatus
1301 562 1418 587 ruere,et
1428 560 1557 590 perpetuo
1572 555 1655 582 exitio
1668 559 1739 582 tram

950 598 1084 631 videmus,
1107 599 1178 633 quod
1203 600 1249 634 qui
1279 601 1320 628 eis
1345 606 1473 635 praesunt,
1498 609 1606 627 omnem
1638 601 1670 628 de
1696 601 1739 628 eis

950 652 1055 677 curam,
1065 649 1092 671 et
1103 645 1310 673 sollicitudinem
1329 646 1354 672 in
1367 651 1489 673 recentes
1504 647 1734 673 monasteriorutn

950 691 1150 718 exstructiones
1165 692 1320 724 conferunt,
1340 696 1367 718 et
1380 700 1427 719 eos
1443 692 1599 724 divellentes
1619 700 1651 719 ac
1679 693 1736 719 dis-

950 735 1099 768 trahentes,
1115 741 1141 762 et
1154 740 1183 762 ut
1196 736 1228 762 ad
1246 743 1275 762 se
1291 736 1445 770 pertineant
1461 737 1563 763 reditus
1583 737 1736 768 molientes,

950 785 980 806 ut
995 781 1052 814 ipsa
1068 785 1220 815 augeantur
1236 781 1371 808 laborant.
1387 780 1443 808 Hoc
1458 789 1522 815 ergo
1540 782 1635 808 statuit
1647 786 1742 808 sancta

950 824 1083 859 synodus,
1102 824 1172 851 nulli
1193 825 1275 852 licere
1292 825 1422 860 episcopo
1445 827 1579 860 privatum
1604 822 1742 853 monaste-

949 870 1019 897 rium
1034 871 1067 898 ad
1079 871 1178 905 proprii
1190 872 1365 907 episcopatus
1381 872 1530 907 perniciem
1549 880 1645 900 recens
1658 879 1739 899 cxco-

107 910 289 945 μοναστήριον
307 911 371 938 ῐδιον
393 913 441 939 ἐπὶ
461 915 610 941 καταλύσει
635 917 684 950 τῆς
704 916 808 948 οἰκείας
835 918 898 944 ὲπι-

954 915 1044 949 gitare.
1063 915 1091 942 Si
1107 915 1170 950 quis
1184 920 1275 943 autem
1293 917 1345 944 hoc
1360 918 1461 944 audere
1476 917 1664 952 deprehensus
1680 917 1739 944 fue-

106 955 214 990 σκοπῆς
225 959 374 991 νεουργεῖψ
389 959 413 984 εἰ
428 959 458 986 δέ
472 968 514 991 τις
536 961 674 996 φωραθείη
687 962 766 988 τοῦτο
779 962 896 997 τολμῶν,

105 1001 188 1027 αὑτὸν
199 1001 250 1035 μὲν
262 1002 301 1037 τῷ
310 1004 476 1039 προσήκοντι
487 1006 619 1042 ἐπιτιμίῳ
630 1007 897 1042 καθυποϐάλλεσθαι,

106 1047 137 1072 τὸ
162 1046 191 1072 δὲ
220 1048 387 1083 νεουργηθὲν
411 1050 457 1076 ὑπ’
473 1051 566 1083 αὑτοῦ,
585 1052 623 1083 ὡς
639 1053 676 1088 μὴ
701 1054 728 1080 δὲ
748 1054 798 1089 τὴν
811 1054 898 1090 ἀρχὴν

108 1090 292 1124 μοναστηρίου
315 1091 417 1119 δίκαιον
444 1094 610 1130 ἀπειληφδς,
634 1096 673 1128 ὡς
703 1098 836 1124 ἰδιωτικὸν
860 1099 899 1134 τῷ

106 1135 277 1170 ἐπισκοπείῳ
293 1138 516 1172 προσκυροῦσθαι
529 1148 535 1155 ³
554 1141 631 1167 οὐδὲν
641 1142 695 1176 γὰρ
707 1142 761 1169 τῶν
777 1144 898 1178 παρανό-

107 1188 166 1213 μως
183 1181 230 1206 καὶ
243 1181 369 1214 ἀτάκτως
381 1186 640 1220 παρυφισταμένων,
649 1188 679 1213 τὸ
690 1189 833 1223 πρόκριμα
846 1189 900 1216 τῶν

106 1225 257 1255 κανονικῶς
272 1228 476 1260 συνισταμένων
488 1230 676 1264 ἀποφέρεσθαι
692 1232 815 1260 δύναται.

148 1269 181 1294 Ἦ
192 1269 230 1303 λγ¹
238 1270 308 1297 διάτ.
319 1271 365 1298 τοῦ
379 1276 403 1306 γ’
418 1273 470 1300 τίτ.
482 1274 529 1300 τοῦ
539 1274 563 1301 α’
580 1275 650 1310 βιὸλ.
662 1277 710 1304 τοῦ
725 1278 790 1305 κὼδ.
804 1280 898 1314 φησιν,

106 1313 159 1345 ὅτι,
173 1315 206 1340 Ui
217 1315 351 1350 ὁρθόδοξοι
370 1319 514 1346 ἐπίσκοποι
530 1321 577 1347 καὶ
588 1322 723 1357 κληρικοὶ,
741 1323 810 1358 ὅπερ
825 1324 858 1350 ἂν
871 1325 900 1352 ὲν

105 1359 146 1394 τῷ
173 1360 261 1395 καιρῷ
287 1363 454 1398 κτήσωνται,
471 1366 518 1392 καὶ
543 1366 698 1399 ὑπεξούσιοι
728 1368 805 1400 ὅντες
835 1369 901 1397 ἴδιον

107 1403 209 1438 ἔχουσι,
236 1405 283 1431 καὶ
306 1407 335 1432 οὐ
363 1410 586 1444 συνεισφέρουσιν
619 1412 700 1444 αὐτὰ,
720 1413 784 1443 Δἀλλ’
809 1413 901 1441 ἄδειαν

107 1448 200 1483 ἔχουσι
218 1450 265 1477 καὶ
280 1450 382 1484 ζῶντες
397 1455 529 1488 ὲκποιείν,
543 1457 590 1482 καὶ
605 1457 649 1483 ἐπ’
667 1458 758 1485 αὐτῶν
780 1460 820 1490 εἰς
834 1459 901 1491 ἐξω-

106 1496 203 1527 τικοὺς
217 1497 395 1532 διατίθεσθαι,
413 1500 429 1535 ἢ
444 1501 584 1528 κατιοῦσιν
595 1503 665 1530 αὐτὰ
682 1505 878 1540 παραπέμπειν
891 1515 899 1522 ·

106 1542 154 1566 καὶ
182 1543 199 1576 ἡ
225 1543 270 1577 μα’
293 1544 361 1571 διὰτ.
379 1546 425 1571 τοῦ
447 1547 529 1573 αὐτοῦ
545 1548 600 1576 τίτ.
620 1549 672 1581 ὅτι,
700 1549 740 1576 Τὰ
767 1551 836 1585 μετὰ
852 1551 900 1586 τὴν

950 961 995 990 rit.
1008 960 1099 1000 ipsum
1111 961 1221 996 quidem
1237 962 1410 989 convenienti
1428 970 1515 997 preme
1536 963 1636 997 subjici
1649 973 1655 990 :
1667 963 1740 996 quod

950 1007 984 1034 ab
1001 1007 1060 1041 ipso
1078 1012 1168 1034 autem
1187 1015 1282 1035 recens
1302 1013 1469 1036 exstructum
1485 1013 1538 1040 cst.
1558 1013 1586 1036 ut
1601 1010 1673 1043 quod
1689 1016 1741 1036 nec

949 1057 991 1080 est
1008 1054 1043 1080 ab
1059 1053 1137 1080 initio
1153 1054 1198 1088 jus
1214 1054 1373 1081 monasterii
1398 1055 1536 1087 sortitum,
1561 1058 1590 1081 ut
1605 1055 1738 1087 privatum

950 1098 1118 1133 episcopatui
1144 1099 1267 1126 ascribit.
1291 1099 1363 1126 Nihil
1373 1099 1443 1126 enim
1456 1107 1550 1126 eorum
1567 1107 1628 1135 qum
1642 1104 1740 1134 praeter

951 1143 1023 1178 leges
1047 1148 1074 1170 et
1097 1144 1250 1171 inordinate
1272 1145 1437 1176 consistunt,
1465 1145 1498 1172 iis
1522 1153 1583 1179 quae
1607 1146 1739 1173 canonice

950 1189 1099 1216 constituta
1116 1194 1190 1223 sunt,
1205 1190 1390 1225 praeiudicium
1407 1190 1506 1218 afferre
1522 1195 1620 1225 potest.

988 1275 1096 1304 Textus.
1109 1276 1205 1305 Const.
1221 1278 1267 1310 35,
1285 1278 1327 1305 ιῐι.
1341 1278 1367 1310 5,
1385 1278 1448 1305 ΙὶΙ).ι
1460 1278 1521 1305 cod.
1537 1278 1574 1305 ait
1587 1287 1594 1305 :
1606 1278 1741 1311 Quaecun-

951 1330 1005 1356 que
1020 1323 1140 1356 episcopi
1155 1327 1181 1349 et
1195 1323 1286 1350 clerici
1303 1327 1330 1350 et
1342 1323 1484 1350 orthodoxi
1502 1331 1556 1358 quo
1578 1328 1698 1358 tempore
1711 1324 1738 1351 in

951 1368 1037 1402 patria
1057 1372 1189 1401 potestate
1207 1373 1299 1395 essent
1322 1369 1497 1403 acquisierint
1517 1378 1524 1396 :
1542 1378 1572 1396 ea
1590 1370 1698 1396 tametsi
1711 1371 1739 1397 in

951 1416 1086 1447 potestate
1103 1411 1216 1447 [adhuc]
1235 1413 1344 1447 degant,
1367 1414 1478 1447 propria
1503 1413 1622 1446 habent,
1651 1422 1740 1449 neque

951 1457 1106 1484 conferunt.
1127 1458 1215 1492 Atque
1231 1457 1387 1485 facultatem
1415 1459 1525 1490 habent,
1544 1463 1574 1486 ut
1591 1458 1660 1495 [aut]
1684 1460 1755 1486 vivi’

954 1503 998 1529 illa
1014 1503 1131 1530 alienent
1143 1523 1150 1535 ,
1169 1507 1216 1529 aut
1242 1507 1405 1530 testamento
1421 1505 1557 1532 extraneis
1575 1505 1739 1540 rrlinqualtt,

953 1549 995 1575 vel
1010 1548 1043 1575 ad
1059 1553 1184 1583 posteros
1200 1549 1394 1576 transmittant.
1423 1549 1454 1576 Et
1468 1554 1555 1577 const.
1569 1550 1599 1577 tl
1618 1551 1739 1584 ejusdem

106 1588 260 1624 ἐπισκοπὴν
281 1590 414 1624 κτηθέντα
442 1593 455 1619 ό
486 1594 636 1626 ἐπίσκοπος
662 1596 692 1622 ού
715 1584 826 1623 δύναται
855 1584 900 1624 ὲκ-

954 1595 996 1621 tit.
1013 1594 1081 1627 Quae
1095 1599 1156 1629 post
1172 1595 1359 1629 episcopatum
1377 1597 1509 1630 acquisita
1526 1603 1598 1628 sunt,
1609 1597 1738 1628 alienare.

106 1634 208 1664 ποιεῖν,
221 1633 237 1668 ἢ
252 1634 417 1663 διατίθεσθαι
442 1637 485 1664 ἐπ’
502 1640 604 1671 αὐτοῖς,
617 1641 641 1666 εί
664 1641 701 1676 μὴ
716 1642 770 1668 ἀπὸ
799 1643 900 1676 γονέων

105 1677 122 1711 ἢ
139 1677 222 1704 θείων
243 1678 259 1713 ἢ
291 1680 415 1715 ἀδελφῶν
436 1683 477 1714 εἰς
503 1685 584 1711 αὑτὸν
600 1687 746 1722 περιῆλθον
759 1696 765 1703 ·
782 1688 850 1715 ἀλλὰ
866 1690 899 1724 τῇ

105 1724 167 1749 κατ’
180 1724 265 1751 αὐτὸν
285 1726 432 1762 Ἐκκλησία
446 1729 603 1765 διαφέρουσι
616 1740 623 1747 ⁸
643 1733 689 1759 καὶ
702 1733 772 1767 μετὰ
785 1733 835 1768 τὴν
852 1734 900 1760 αύ-

105 1768 160 1794 τῶν
172 1769 301 1806 τελευτὴν
317 1771 463 1808 λογισμοὺς
473 1775 528 1802 τῶν
546 1778 676 1804 τοιούτων
692 1779 862 1813 πραγμάτων
875 1781 899 1806 οι

107 1814 249 1849 οἰκονόμοι
275 1816 472 1844 ἀπαιτοῦνται·
491 1820 526 1846 τὰ
547 1820 575 1847 δὲ
599 1821 653 1857 πρὸ
676 1823 725 1856 τῆς
747 1824 901 1858 ἐπισκοπῆς

107 1858 257 1894 κτηθέντα,
275 1861 322 1887 καὶ
335 1862 474 1890 ὲκποιοῦσι
487 1865 535 1891 καὶ
549 1865 713 1894 διατίθενται
726 1869 769 1894 ἐπ’
785 1869 877 1900 αὐτοῖς
892 1878 899 1885 ·

105 1905 153 1931 καὶ
167 1905 184 1940 ἡ
204 1904 249 1940 μθ’
261 1906 301 1932 ὅτι
316 1908 340 1933 οἰ
354 1908 499 1936 ἐπίσκοποι
525 1911 572 1938 καὶ
589 1913 770 1948 πρεσϐύτεροι
783 1915 829 1941 καὶ
845 1915 901 1942 διὰ·

105 1958 192 1982 κονοι,
208 1952 285 1985 ᾳιιαεί
296 1955 461 1981 εαειτειιδὶοη
475 1955 576 1990 ἔχουσι,
591 1957 638 1983 καὶ
649 1957 811 1985 διατίθενται
822 1960 900 1994 νομί-

106 2005 166 2030 μως
193 1996 238 2022 ἐπ’
262 1998 336 2033 αὐτῷ
351 2007 358 2015 ·
375 2000 421 2025 καὶ
445 2001 494 2035 οὐχ
518 2001 661 2028 ὑπόκειται
690 2004 706 2038 ἡ
726 2003 840 2039 διαθήκη
866 2006 899 2040 τῇ

105 2041 139 2067 de
150 2041 305 2075 inolﬁcioso.
327 2043 359 2070 Ἦ
377 2044 405 2070 δὲ
418 2043 442 2078 γ’
457 2045 524 2072 διάτ.
547 2046 594 2073 τοῦ
611 2047 633 2081 β’
649 2048 702 2075 τίτ.
716 2048 771 2075 τῶν
786 2049 901 2084 Νεαρῶν

106 2087 204 2120 φησὶν,
217 2087 270 2120 ὅτι,
286 2088 316 2114 Οἰ
331 2088 478 2116 ἐπίσκοποι
492 2091 525 2117 τὰ
543 2092 612 2126 μετὰ
628 2092 677 2128 τὴν
691 2094 843 2128 ἐπισκοπὴν
852 2095 901 2121 αὺ-

103 2134 162 2164 τοῖς
178 2133 315 2167 κτηθέντα
331 2135 427 2168 κινητά
440 2136 457 2171 ἢ
469 2137 634 2173 αὑτοκίνητα
652 2139 692 2170 εἰς
709 2139 790 2170 ἰδίους
803 2148 901 2173 συγγε-

104 2179 160 2209 νεῖς
169 2178 186 2213 ἢ
201 2178 298 2210 ἄλλους
307 2179 454 2215 οίῳδήποτε
465 2183 559 2218 τρόπῳ
572 2184 602 2210 οὺ
611 2184 821 2220 μεταφέρουσιν,
834 2186 901 2212 ἀλλὰ

105 2223 308 2251 δαπανάτωσαν
320 2226 388 2252 αὐτὰ
396 2228 436 2258 εἰς
450 2226 526 2254 λύσιν
542 2229 722 2264 αἰχμαλώτων
731 2231 779 2257 καὶ
786 2231 901 2266 πτωχῶν

106 2269 305 2305 ἀποτροφὴν,ῆ
319 2271 359 2302 εἰς
374 2273 512 2307 συμφέρον
523 2274 571 2309 τῆς
587 2275 655 2307 ιδίας
670 2276 834 2311 Ἑκκλησίοις
849 2285 856 2293 ·
867 2278 901 2304 τὰ

105 2314 133 2340 δὲ
147 2315 220 2350 μετὰ
239 2315 288 2350 τὴν
297 2315 386 2342 αὐτῶν
402 2317 530 2353 τελευτὴν
543 2319 574 2345 ὲκ
587 2320 689 2346 τούτων
700 2323 902 2357 περιττεύοντα,

105 2361 122 2395 ὴ
154 2361 219 2387 κατ’
247 2362 346 2393 αὐτοὺς
379 2362 527 2398 Ἐκκλησία
551 2366 700 2393 οἰκειοῦται
722 2375 729 2382 ·
756 2368 849 2394 ἄδειαν
874 2369 904 2396 δὲ

105 2405 217 2441 ἔχουσιν
243 2407 363 2434 ὲκποιείν
383 2408 462 2436 ἅτινα
480 2410 533 2446 πρὸ
548 2413 598 2446 τῆς
615 2413 769 2447 ἐπισκοπῆς
785 2414 900 2448 ἐσχηκό-

106 2459 152 2482 τες
179 2451 371 2487 ἁποδειχθῶσι,
390 2454 437 2480 καὶ
461 2454 512 2481 ὅσα
544 2457 612 2490 μετὰ
634 2458 683 2491 τὴν
700 2458 851 2493 ἐπισκοπὴν
862 2459 903 2490 είς

107 2497 210 2528 αὐτοὺς
235 2497 375 2532 περιέλθοι
394 2499 449 2525 ἀπὸ
467 2500 616 2534 συγγενῶν,
636 2501 682 2532 οὓς
706 2502 736 2534 ἐξ
762 2493 905 2529 ἀδιαθέτου

108 2542 193 2576 μέχρι
208 2543 338 2576 τετάρτου
351 2543 457 2579 βαθμοῦ
473 2545 643 2580 διαδέχεσθαι
656 2546 779 2573 δύνανται
800 2556 806 2563 ·
816 2547 903 2574 ταῦτα

106 2587 134 2613 δὲ
149 2589 249 2622 κρατεῖ
260 2588 306 2614 ἐπὶ
318 2590 532 2625 ὀρφανοτρόφων
557 2591 604 2617 καὶ
629 2593 838 2627 πτωχοτρόιρων,
856 2594 903 2619 καὶ

108 2633 278 2667 νοποκόμων,
293 2634 340 2660 καὶ
364 2637 595 2671 γεροντοτρόφων,
612 2638 657 2664 καὶ
685 2637 840 2673 ξενοδόχων,
855 2640 902 2666 καὶ

108 2679 223 2705 πάντων
242 2680 296 2706 τῶν
311 2681 399 2708 ἄλλων
419 2682 563 2717 διοικητῶν
580 2683 634 2710 τῶν
653 2684 808 2718 σεϐασμίων
820 2685 901 2711 οἴκων

110 2723 159 2750 ἐπὶ
176 2725 234 2755 τοῖς
249 2725 289 2755 εἰς
306 2725 404 2757 αὐτοὺς
421 2727 450 2752 ὲν
465 2727 504 2762 τῷ
524 2728 611 2762 καιρῷ
625 2728 674 2763 τῆς
697 2728 786 2755 αὐτῶν
802 2729 901 2764 διοική-

109 2778 180 2801 σεως
196 2771 267 2797 κατὰ
283 2771 328 2797 τὸν
357 2772 502 2808 εἰρημένον
526 2774 625 2808 τρόπον
652 2774 839 2809 περιελθοῦσιν
857 2784 863 2790 ·
882 2777 898 2810 ὴ

147 2859 208 2893 μυ)
225 2859 282 2888 lloc
296 2866 348 2895 cst,
367 2864 508 2895 vocalioni,
524 2864 689 2897 professioni,
709 2866 802 2891 stanti.

953 1644 1000 1667 aut
1011 1639 1045 1666 de
1060 1639 1114 1666 illis
1125 1644 1317 1667 testamentum
1329 1640 1417 1668 facere
1427 1641 1571 1675 cpiscopus
1583 1650 1635 1668 non
1653 1647 1741 1676 potest

954 1688 1041 1722 (extra
1055 1694 1136 1722 quam
1149 1687 1171 1714 si
1191 1695 1206 1714 a
1223 1687 1391 1722 parentibus,
1407 1694 1455 1715 aut
1468 1689 1581 1722 patruis,
1597 1689 1636 1715 vel
1651 1697 1738 1716 avun-

953 1733 1032 1764 culis.
1050 1737 1097 1760 alit
1111 1732 1242 1760 fratribus
1262 1733 1295 1760 ad
1313 1734 1402 1768 ipsum
1420 1735 1615 1769 pervenerint),
1633 1735 1679 1762 sed
1706 1735 1739 1761 ad

955 1778 1039 1812 ipsius
1055 1778 1204 1806 Ecclesiam
1225 1780 1381 1814 pertinent,
1410 1784 1437 1807 et
1462 1785 1522 1814 post
1538 1780 1598 1814 ejus
1623 1785 1737 1807 mortem

953 1823 1075 1850 rationes
1103 1824 1199 1850 harum
1225 1832 1316 1851 rerum
1350 1825 1384 1852 ab
1404 1826 1554 1853 oeconomis
1583 1826 1739 1860 exiguntur.

954 1868 1020 1901 Qum
1032 1876 1096 1895 vero
1112 1873 1174 1896 ante
1190 1870 1376 1905 episcopatum
1393 1871 1528 1906 acquisita
1542 1876 1614 1904 sunt,
1633 1876 1659 1898 et
1673 1872 1740 1898 alie-

955 1918 1001 1939 nat
1014 1932 1021 1944 ,
1042 1918 1069 1939 et
1085 1913 1119 1940 de
1148 1914 1181 1948 ii_s
1208 1919 1400 1942 testamentum
1416 1917 1518 1943 condit.
1536 1916 1569 1943 Et
1585 1921 1675 1944 const.
1695 1916 1740 1947 49,

954 1959 1087 1993 episcopi.
1104 1959 1208 1992 clerici,
1226 1965 1253 1988 et
1266 1961 1348 1996 344
1364 1962 1473 1989 diaconi
1491 1963 1569 1996 quasi
1589 1963 1741 1990 castrensia

956 2003 1086 2040 [peculia]
1104 2004 1214 2038 habent,
1230 2011 1256 2033 et
1270 2006 1333 2040 jure
1348 2014 1432 2041 super
1451 2007 1504 2034 illis
1528 2013 1672 2040 testantur,
1694 2016 1741 2034 ne-

954 2058 1006 2084 que
1020 2056 1211 2079 testamentum
1228 2053 1262 2079 de
1276 2053 1426 2082 inollicioso
1442 2054 1580 2090 [querche]
1592 2059 1632 2082 est
1654 2055 1741 2082 obno-

955 2097 1040 2124 xium.
1061 2097 1155 2126 Const.
1172 2098 1198 2129 5,
1216 2099 1258 2125 tit.
1274 2100 1291 2125 ‘2
1306 2099 1477 2127 Novellarum
1495 2111 1501 2127 :
1516 2101 1581 2134 Qua:
1605 2107 1665 2134 post
1684 2101 1742 2134 cpi-

955 2148 1108 2177 scopatum,
1125 2144 1223 2178 inquit,
1237 2143 1310 2180 [aut]
1323 2145 1437 2172 mobiles
1453 2151 1497 2172 aut
1509 2154 1537 2173 se
1550 2151 1688 2174 moventes
1699 2154 1741 2174 res

955 2189 1096 2222 acquisitae
1115 2194 1190 2221 sunt,
1214 2197 1261 2217 eas
1278 2190 1399 2225 episcopi
1423 2190 1457 2217 ad
1484 2197 1613 2226 cognatos
1637 2192 1741 2219 aliosve

956 2233 1032 2260 nullo
1063 2234 1145 2260 modo
1175 2234 1361 2262 transierunto
1377 2244 1384 2262 :
1401 2237 1448 2263 sed
1475 2236 1507 2262 ad
1525 2238 1738 2270 redemptionem

954 2278 1135 2312 captivorum,
1154 2285 1202 2306 aut
1214 2287 1364 2314 pauperum
1381 2281 1551 2312 alimoniam,
1566 2286 1612 2308 ant
1629 2283 1654 2308 in
1681 2283 1739 2309 uti-

952 2324 1057 2351 litatem
1071 2323 1197 2352 Ecclesia:
1216 2333 1272 2352 suze
1287 2325 1473 2360 expendunto.
1489 2326 1554 2358 Quae
1567 2334 1630 2353 vero
1644 2335 1676 2354 ex
1696 2328 1739 2355 his

954 2375 1016 2405 post
1032 2370 1139 2397 illorum
1155 2370 1258 2397 obitum
1271 2371 1466 2405 superfuerint,
1481 2371 1602 2405 ipsorum
1609 2373 1738 2400 Ecclesia:

955 2416 1102 2443 vindicato.
1117 2416 1151 2441 At
1167 2423 1227 2449 quze
1239 2420 1302 2442 ante
1316 2416 1502 2451 episcopatum
1520 2417 1649 2445 habuisse
1662 2427 1738 2445 cum-

956 2461 1062 2495 probati
1078 2459 1188 2492 fuerint,
1203 2465 1250 2487 aut
1270 2467 1332 2495 post
1355 2463 1540 2496 episcopatum
1567 2470 1582 2489 a
1608 2465 1739 2497 cognatis,

957 2507 1055 2540 quibus
1068 2506 1102 2533 ab
1112 2506 1241 2532 intestato
1255 2514 1342 2540 usque
1357 2508 1389 2533 ad
1405 2512 1534 2541 quartum
1552 2509 1664 2542 gradum
1680 2517 1742 2536 suc~

957 2552 1052 2578 cedere
1076 2556 1220 2586 poterant,
1244 2551 1277 2578 ad
1307 2552 1381 2585 ipsos
1412 2553 1584 2586 pervenerint
1599 2563 1605 2579 :
1623 2553 1740 2589 [eorum]

956 2596 1159 2624 alienandorum
1173 2596 1330 2624 facultatem
1351 2597 1461 2624 habent.
1481 2598 1569 2632 Atque
1592 2599 1649 2625 haec
1669 2598 1737 2634 [qni-

954 2641 1028 2677 detn]
1048 2643 1073 2668 in
1091 2642 1322 2676 orphanotrophis
1337 2643 1419 2669 etiam
1437 2643 1569 2676 obtinenti,
1586 2649 1610 2670 rt
1627 2646 1740 2678 ptocho-

954 2688 1068 2721 trophis,
1083 2693 1110 2714 et
1123 2689 1288 2721 nosoeomis,
1304 2693 1331 2716 et
1346 2690 1547 2724 gerontocomis
1557 2708 1565 2720 ,
1580 2694 1606 2716 et
1623 2691 1741 2716 xenodn-

953 2731 1029 2765 chis,
1059 2735 1086 2758 et
1113 2733 1242 2760 omnibus
1277 2733 1339 2760 aliis
1377 2734 1571 2760 venerabilium
1606 2734 1738 2760 domuum

953 2777 1188 2813 dispensatoribus
1205 2788 1212 2806 :
1228 2779 1254 2806 in
1269 2778 1363 2815 [rebus
1381 2779 1528 2815 videlicet,]
1546 2787 1607 2814 qua:
1624 2779 1737 2813 dispen-
