1951 3071
202 173 255 204 8'27

759 171 889 202 PllOTII
909 171 1159 203 PATRIARCHAE
1178 175 1230 205 (ΣΡ.
1453 173 1459 187 ¹

1773 178 1820 209 838

203 229 319 258 sationis
333 235 390 256 sua:
405 233 526 263 tempore
540 229 669 264 praedicto
682 228 764 255 modo
779 227 813 254 ad
826 228 900 261 ipsos
927 234 989 261 per-

1064 237 1070 255 ι
1092 229 1114 264 β’
1140 231 1210 258 stac.
1233 230 1280 258 τοῦ
1309 231 1333 258 α’
1355 231 1407 258 τίτ.
1427 232 1481 258 τῶν
1494 231 1620 268 Νεαρῶν,
1644 232 1821 271 ἁπλούστερόν

203 274 337 301 venerint.
354 273 450 301 Const.
463 274 490 306 2,
505 274 547 300 tit.
564 274 575 301 l
590 272 774 305 Novellarum,
791 279 851 306 qua:
868 275 930 306 post
944 278 990 298 or-

205 318 374 346 dinationem
405 319 440 345 ab
468 319 603 353 episcopis
628 318 761 353 acquisita
787 321 869 349 sunt,
899 323 931 343 ea
959 315 993 342 ad

206 364 344 393 Ecclesias
373 365 495 400 ipsorum
522 366 679 400 pertinere,
717 363 870 399 simplicius
903 362 992 391 dicit:

207 409 320 442 Omnes,
337 411 472 445 inquiens,
490 411 581 438 clerici
605 410 668 446 (hoc
684 415 736 443 est,
752 408 914 444 presbyteri,
935 407 994 434 dia-

208 457 283 490 coni,
303 457 430 490 lectores,
444 457 580 492 cantores)
595 464 665 491 quas
682 463 726 483 res
748 453 995 490 quomodocunque

209 504 396 538 acquisierint,
431 508 484 531 tam
504 505 555 531 etsi
585 503 636 531 sub
665 502 751 538 patria
768 504 900 535 potestate
929 498 993 530 sint,

209 550 334 584 proprias
349 550 459 582 habent,
475 549 543 586 [eas]
559 557 612 584 que
624 549 737 580 donare,
755 555 787 575 ac
800 547 833 573 de
851 546 883 573 iis
901 544 996 572 testari

211 593 349 629 [possunt
365 595 396 631 ι]
423 595 460 622 ita
475 601 580 628 tamen,
605 599 635 622 ut
657 595 778 629 ipsorum
797 592 861 624 ﬁlii,
887 594 934 617 aut
956 589 998 616 his

210 646 264 666 non
278 640 501 671 subsistentibus.
525 645 662 673 parentes,
680 638 828 673 legitimam
844 635 996 669 portionem

210 684 310 713 ferant.
327 686 423 713 Const.
446 687 482 718 5,
504 686 545 713 tit.
570 686 588 712 2
613 685 786 712 Novellurum
803 683 862 710 ait:
881 679 958 713 Quod
975 678 998 705 si

211 730 374 764 episcopus,
407 736 454 758 aut
473 731 589 758 clericus
607 731 797 765 cujuscunque
820 730 930 765 gradus,
952 730 1000 754 aut

211 774 340 802 Ecclesiae
359 776 512 804 diaconissa
541 777 601 803 sine
618 781 782 804 testamento
799 775 842 802 vel
871 773 1000 810 legitimis

211 821 324 848 decedat
367 822 573 850 successoribus
616 823 738 849 :horum
776 821 914 848 successio
948 819 1001 846 Ec-

211 867 311 900 clesiae,
324 868 350 895 in
367 877 447 903 quam
465 870 583 896 ordinati
598 869 717 902 fuerunt,
729 869 888 903 applicatur.

246 923 326 959 345
337 924 410 952 CAP.
428 924 470 952 Vl.
488 926 524 952 De
540 934 567 952 re
583 926 713 960 familiari
741 925 850 960 propria
871 925 998 959 episcopis

211 975 237 996 et
250 970 319 1004 quod
338 978 396 997 eum
412 978 463 997 non
483 976 601 1005 oporteat
618 971 771 998 intestatum
788 972 843 998 vita
859 971 994 999 decedere.

425 1080 610 1114 Apostolorum
625 1089 709 1108 canon
738 1082 784 1109 40.

246 1124 282 1151 40
295 1124 362 1160 [59].
387 1124 537 1153 Manifesta:
551 1131 616 1154 sunt
629 1127 766 1162 episcopis
782 1127 910 1162 propriae,
927 1132 994 1161 etc.,

213 1175 242 1197 ut
252 1179 314 1206 pag.
333 1165 396 1198 81.9.

385 1216 497 1244 Concilii
513 1218 666 1245 Autiocltent'
689 1227 774 1246 canon
789 1219 834 1246 24.

247 1262 292 1294 94.
314 1261 396 1290 Recte
409 1263 490 1290 habet
514 1269 543 1291 ut
561 1273 592 1292 ea
609 1273 670 1300 qute
692 1271 756 1293 sunt
770 1266 897 1294 Ecclesiae
911 1286 918 1300 ,
936 1270 1001 1301 etc.,

213 1313 242 1334 ut
254 1315 315 1343 pag.
333 1308 394 1336 819.

359 1353 471 1382 Consilii
493 1354 712 1384 Chalcedonensis
731 1365 814 1384 canon
825 1357 869 1384 2'2.

249 1400 293 1427 22.
322 1399 382 1427 Non
410 1401 493 1428 licere
522 1401 639 1432 clericis.
661 1406 723 1436 post
757 1409 871 1430 mortem
899 1404 1002 1439 proprii

215 1446 349 1481 episcopi,
376 1454 420 1474 res
445 1455 506 1482 qute
536 1447 569 1474 ad
593 1448 682 1482 ipsum
710 1450 857 1483 pertinent,
883 1457 1003 1484 rapere,

215 1492 443 1526 quemadmodum
459 1499 486 1520 ct
501 1494 534 1521 iis
547 1494 593 1528 qui
608 1500 751 1522 assumunt
762 1496 1003 1531 (20),prohihitum

216 1545 281 1567 est:
312 1548 345 1568 eo
372 1546 462 1568 autem
489 1542 536 1577 qui
560 1542 676 1574 faciunt,
700 1542 734 1571 de
748 1546 858 1579 proprio
875 1545 960 1580 gradu
976 1544 1003 1572 in

217 1586 368 1621 periculum
389 1588 490 1615 venire.

392 1643 503 1671 Canct‘lt‘i
519 1644 680 1672 Sat-dicentis
696 1653 779 1672 canon
794 1645 837 1673 12.

252 1688 297 1717 2'2.
306 1689 536 1727 Osiusepiseopus
547 1692 628 1720 dixit:
638 1692 706 1724 Quia
713 1693 780 1722 nihil
793 1696 834 1719 est
851 1692 1009 1727 permitten-

219 1734 295 1768 dum,
310 1742 374 1767 etc.,
390 1742 416 1761 ut
428 1744 489 1770 pag.
504 1736 565 1763 659.

308 1780 419 1807 Concilii
436 1781 651 1816 Carlhaginensis
667 1790 780 1810 canones
799 1784 844 1816 22,
874 1785 919 1813 8i.

258 1825 292 1852 Ut
309 1826 422 1860 episcopi
437 1826 476 1853 uel
486 1826 574 1854 clerici
591 1828 618 1854 in
640 1836 684 1856 eos
701 1830 746 1864 qui
765 1838 816 1856 non
836 1835 897 1857 sunt
919 1831 1010 1858 catho-

221 1871 277 1904 lici,
294 1872 359 1899 niltt'l
367 1872 514 1906 conferant.

256 1963 310 1992 22.,
330 1964 363 1992 Et
391 1970 421 1992 ut
441 1965 467 1993 in
487 1973 535 1993 eos
560 1967 606 2002 qui
635 1967 762 1995 catholici
785 1967 933 1996 Christiani
957 1976 1011 1996 non

222 2011 314 2038 sunt"
321 2011 399 2045 (20‘),
407 2012 511 2038 etiamsi
521 2013 705 2048 consanguine
716 2013 884 2048 fuerint,,per
891 2015 1013 2042 donatio-

222 2064 271 2085 nes
282 2064 370 2084 rerum
378 2065 488 2085 suarum
497 2059 614 2093 episcopi
624 2059 665 2085 vel
678 2059 769 2086 clerici
781 2059 847 2086 nihil
858 2059 1010 2087 conferant.

257 2102 297 2130 De
312 2103 440 2138 episcopis
463 2105 508 2139 qui
531 2104 666 2132 Itwrett'cos
693 2105 733 2132 vel
758 2113 875 2140 paganos
897 2105 1012 2133 Itteredes

223 2150 400 2175 constituunt.

257 2193 302 2221 8L
316 2193 378 2221 Item
392 2195 568 2222 constitutum
582 2195 755 2230 est”(9l).nt
764 2196 786 2222 si
799 2196 860 2230 quis
871 2197 1013 2232 episcopus

224 2239 345 2267 hmredes
357 2239 439 2274 346
451 2245 593 2267 extraneos
608 2247 623 2266 a
645 2241 880 2275 consanguinitate
893 2249 952 2273 sua,
968 2242 1009 2268 vel

225 2285 369 2313 haereticos
378 2287 459 2313 etiam
472 2287 701 2322 consanguineos,
716 2293 763 2314 aut
779 2286 1009 2322 paganos.Eccle-

224 2331 272 2358 sim
288 2331 447 2366 prmtulcrit,
472 2332 566 2359 saltent
598 2337 658 2366 post
674 2337 797 2364 mortem,
825 2332 968 2359 anathema
985 2332 1010 2359 ei

225 2377 341 2410 dicatur,
369 2383 450 2412 atque
476 2378 535 2412 ejus
566 2385 665 2404 nomen
695 2379 765 2405 inter
790 2377 838 2405 Dei
857 2377 1011 2405 sacerdotes

225 2423 301 2450 nullo
317 2423 396 2450 tnodo
420 2423 560 2451 recitetur.
577 2423 632 2451 Nec
649 2425 774 2452 excusari
801 2426 898 2460 possit,
923 2424 946 2451 si
971 2425 1012 2451 in-

226 2473 341 2497 testatus
356 2470 512 2503 decesserit,
528 2471 590 2504 quia
605 2471 700 2505 utique
718 2472 820 2504 debuit,
839 2471 926 2499 factus
951 2472 1009 2506 epi—

226 2522 335 2550 scopus,
349 2516 388 2542 rei
409 2524 465 2543 sua;
487 2516 687 2543 ordinationem
709 2525 856 2552 congruam
874 2525 930 2546 suae
947 2525 1011 2552 pro»

226 2560 338 2588 fessioni
354 2569 525 2596 nequaquam
539 2561 658 2590 dill‘erre.

261 2606 348 2643 Legas
373 2615 434 2642 qua:
464 2607 490 2633 in
517 2607 534 2634 5
558 2615 618 2642 cap.
648 2608 789 2643 praesentis
812 2609 852 2635 tit.
881 2614 1011 2637 annotata

227 2656 301 2677 Blllll.

261 2731 285 2748 "
296 2731 423 2764 Carthag.
438 2740 480 2764 ιιι,
496 2740 555 2769 cap.
572 2733 615 2761 15.
654 2734 675 2750 ⁷¹
691 2734 776 2762 Cone.
790 2734 876 2762 Afric.
894 2742 919 2763 c.
935 2735 979 2763 48.

264 2789 321 2824 (20)
341 2789 376 2825 At
387 2790 507 2825 antiquis
520 2798 628 2825 quoque
643 2792 804 2819 canonihus.

265 2824 370 2861 (30‘)?
379 2824 531 2861 Ferrandus
543 2824 639 2859 cap.55
649 2834 681 2852 ex
693 2826 1011 2861 concil.Carthag.lit.23.

265 2857 487 2894 (2|)Bonitacius
502 2857 628 2896 Cartliag.
644 2860 686 2888 loc
699 2862 745 2888 cit.
763 2869 793 2888 ex
810 2857 942 2893 concfvt,
961 2861 1012 2888 sub

1044 282 1136 308 φησιν,
1154 274 1194 301 ὅτι
1218 275 1258 301 Τὰ
1277 276 1346 310 μετὰ
1361 276 1411 308 τὴν
1437 276 1603 311 χειροτονίαν
1625 277 1759 312 κτηθέντα
1770 281 1822 311 τοῖς

1044 319 1214 351 ὲπισκόποις,
1229 321 1288 352 ταῖς
1304 320 1393 348 αὐτῶν
1413 322 1587 356 Ἐκκλησίαις
1608 322 1743 359 διαφέρει,
1764 325 1822 359 ἥτις

1044 364 1117 398 λέγει
1131 365 1172 392 ὅτι
1192 365 1295 397 Πάντες
1310 367 1335 393 οἱ
1350 367 1486 402 κληρικοὶ,
1501 367 1625 394 τουτέστι
1636 367 1822 403 πρεσϐύτεροι,

1044 410 1174 444 διάκονοι,
1192 411 1375 445 ἀναγνῶσται,
1391 412 1438 438 καὶ
1463 412 1573 446 ψάλται,
1586 412 1620 440 τὰ
1642 414 1766 440 ὁπωσοῦν
1779 415 1825 441 αὗ-

1045 459 1101 490 τοῖς
1113 458 1248 493 κτηθέντα
1260 458 1420 492 πράγματα,
1441 458 1492 485 κᾶν
1512 459 1666 491 ὑπεξούσιοί
1681 461 1759 491 εἰσιν,
1775 459 1826 487 ῐδια

1046 505 1148 540 ἔχουσι,
1164 505 1211 531 καὶ
1225 504 1383 538 δωροῦνται,
1399 504 1444 530 καὶ
1469 504 1633 531 διατίθενται
1657 505 1700 530 ἐπ’
1714 505 1805 536 αὐτοῖς
1817 514 1825 522 υ

1046 550 1117 577 οὕτω
1138 550 1229 585 μέντοι
1245 549 1315 576 ὥστε
1326 550 1389 581 τοὺς
1401 550 1490 576 αὐτῶν
1513 549 1621 581 παῖδας,
1635 550 1651 585 ἢ
1666 549 1768 576 τούτων
1782 551 1828 585 οὐχ

1047 593 1180 626 ὑπόντων,
1192 593 1256 625 τοὺς
1274 593 1362 627 γονεῖς
1382 593 1473 620 αὐτῶν
1493 594 1653 628 κομίζεσθαι
1666 595 1696 620 τὸ
1717 594 1828 629 νόμιμον

1050 637 1131 673 μέρος
1147 645 1154 653 ⁸
1173 639 1189 673 ἡ
1211 638 1239 664 δὲ
1264 641 1289 672 γ’
1307 638 1377 665 διάτ.
1393 639 1439 665 τοῦ
1454 638 1535 665 αὐτοῦ
1549 638 1569 672 β’
1584 638 1637 666 τίτ,
1652 638 1705 664 τῶν
1720 638 1830 674 Νεαρῶν

1049 693 1140 719 φησιν⁷
1168 685 1219 715 ὅτι,
1246 684 1309 711 Ἐὰν
1334 684 1480 715 ἐπίσκοπος
1501 684 1660 719 ἣκληρικὺς
1677 684 1831 719 οῐουδήποτε

1051 730 1199 766 βαθμοῦ,ἢ
1232 730 1395 766 Ἐκκλησίας
1423 729 1581 756 διακόνισσα
1602 730 1750 765 τελευτήσῃ
1771 730 1832 757 ἄνευ

1049 776 1185 811 διαθηκῶν
1201 775 1218 810 ἢ
1245 776 1368 810 νομίμων
1393 775 1533 810 διαδοχῶν,
1559 775 1576 809 ή
1600 775 1701 801 τούτων
1725 774 1833 810 διαδοχὴ

1052 822 1253 858 προσκυροῦται
1277 823 1310 857 τῇ
1335 821 1482 856 Ἐκκλησία
1498 822 1527 848 ἐν
1552 818 1569 858 ᾖ
1591 821 1833 856 κεχειροτόνηνται.

1087 943 1213 970 ΚΕΦΑΛ.
1230 944 1317 976 ςκ-
1331 941 1400 976 Περὶ
1411 942 1471 968 τῶν
1487 940 1588 968 lamin“
1601 939 1654 967 τοῦ
1670 939 1836 966 ἐπισκόπου

1051 988 1239 1024 πραγμάτων,
1252 988 1301 1015 καὶ
1317 988 1362 1014 ὅτι
1393 988 1449 1014 οὐκ
1469 987 1597 1021 ὠφειλεν
1612 985 1767 1018 ἀδιάθετος
1793 993 1836 1011 τε.

1051 1033 1173 1068 Visurgin

1269 1079 1458 1106 Ἀποστόλων
1474 1077 1575 1104 κανὼν
1593 1080 1619 1111 μ’

1088 1129 1125 1161 μ’.
1146 1126 1235 1152 Ἔστω
1250 1125 1354 1159 φανερὰ
1378 1124 1412 1151 τὰ
1438 1124 1490 1150 ἴδια
1514 1123 1561 1150 τοῦ
1591 1122 1740 1149 ἐπισκόπου
1771 1120 1840 1156 πρα-

1052 1179 1154 1207 γματα,
1167 1181 1193 1198 κ.
1203 1181 1227 1198 τ.
1237 1171 1261 1198 λ.

1193 1216 1329 1243 Συνόδου
1350 1215 1529 1250 Ἀντιοχείας
1544 1213 1646 1240 κανὼν
1659 1212 1708 1238 κδ’.

1088 1264 1137 1290 κδ’.
1151 1259 1243 1295 Τὰτῆς
1256 1260 1418 1296 Ἐκκλησίας
1426 1260 1458 1295 τῇ
1471 1259 1616 1294 Ἐκκλησία
1641 1257 1729 1289 καλῶς
1757 1256 1840 1292 ἔχειν,

1056 1320 1083 1338 κ.
1097 1319 1122 1338 τ.
1141 1310 1165 1336 λ.

1177 1352 1313 1380 Συνόδου
1330 1350 1523 1384 Χαλκηδόνος
1538 1349 1638 1376 κανὼν
1647 1348 1699 1383 κβ¹.

1090 1400 1201 1437 κβ¹.(22)
1211 1400 1256 1434 Μὴ
1265 1399 1363 1432 ἐξεῖναι
1372 1398 1422 1433 κλη
1427 1397 1512 1433 ρικοϊς
1523 1395 1592 1432 μετὰ
1600 1395 1713 1421 θάνατον
1720 1393 1770 1420 τοῦ
1779 1392 1845 1420 ἰδίου

1055 1449 1204 1475 ἐπισκόπου
1230 1445 1389 1481 διαρπάζειν
1415 1445 1450 1471 τὰ
1479 1442 1638 1484 διαφέροντα
1670 1439 1744 1474 αὐτῷ
1775 1438 1845 1474 πρά-

1055 1501 1159 1528 γματα,
1175 1491 1265 1524 καθὼς
1277 1491 1324 1518 καὶ
1339 1491 1395 1522 τοῖς
1415 1489 1498 1516 πάλαι
1514 1489 1621 1514 κανόσιν
1636 1486 1827 1521 ἀπηγόρευται
1838 1491 1845 1498 ·

1059 1539 1076 1574 ἢ
1089 1539 1153 1569 τοὺς
1173 1537 1252 1564 τοῦτο
1267 1535 1421 1568 ποιοῦντας,
1435 1533 1600 1561 κινδυνεύειν
1616 1532 1654 1562 εις
1683 1531 1748 1562 τοὺς
1765 1529 1847 1558 ἰδίους

1061 1584 1110 1619 βαθ
1114 1583 1192 1619 μούς.

1223 1639 1357 1668 Συνόδου
1372 1635 1521 1672 Σαρδικῆς
1534 1635 1634 1662 κανὼν
1647 1633 1689 1668 ιβ’.

1095 1687 1138 1723 ιβ’.
1155 1687 1247 1719 Ὀσιος
1276 1685 1422 1716 ἐπίσκοπος
1441 1681 1535 1710 εἶπεν·
1556 1679 1664 1715 Ἐπειδὴ
1690 1677 1770 1704 οὐδέν
1794 1677 1850 1702 ἔστι

1061 1733 1276 1770 παραλειπτέον,
1288 1741 1315 1759 κ.
1333 1740 1359 1758 τ.
1372 1731 1398 1758 λ.

1165 1778 1298 1807 Συνόδου
1315 1774 1526 1811 Καρθαγέννης
1540 1770 1703 1806 κανὼνκβκ
1718 1773 1778 1796 πα¹.

1097 1825 1186 1852 Ὥστε
1218 1823 1288 1855 τοὺς
1313 1821 1500 1852 ἐπισκόπους
1516 1817 1568 1845 καὶ
1595 1816 1667 1849 τοὺς
1684 1812 1853 1848 κληρικοὺς

1059 1871 1155 1906 μηδὲν
1167 1868 1360 1902 συνεισάγειν
1369 1866 1431 1900 τοῖς
1448 1865 1490 1901 μὴ
1519 1862 1690 1898 ὀρθοδόξοις
1707 1860 1855 1894 Χριστια‹

1061 1917 1136 1950 νοῖς,
1153 1918 1179 1944 ει
1199 1915 1250 1942 καὶ
1265 1913 1422 1948 συγγενεῖς
1441 1912 1485 1939 ἔτι
1494 1911 1557 1946 μὴν
1566 1908 1652 1937 ὦσιν.

1097 1963 1148 1998 κβ¹.
1160 1962 1252 1997 Μηδὲν
1273 1960 1317 1987 διὰ
1333 1959 1437 1995 δωρεᾶς
1452 1956 1506 1983 τῶν
1534 1955 1642 1982 οἰκείων
1664 1954 1857 1998 πραγμάτων,

1061 2009 1099 2041 ὼς
1118 1997 1239 2043 εἴρηται,
1255 2006 1318 2037 τοὺς
1341 2004 1506 2034 ἐπισκόπους
1524 2001 1540 2036 ἢ
1568 1999 1715 2035 κληρικοὺς
1748 1997 1859 2027 τούτοις

1063 2054 1242 2088 συνεισάγειν.

1098 2099 1167 2134 Περὶ
1191 2097 1366 2126 ἐπισκόπων
1389 2095 1449 2123 τῶν
1464 2092 1630 2128 αιρετικοὺς
1652 2091 1670 2125 ἢ
1697 2091 1859 2122 Ἕλληνας

1062 2145 1273 2180 κληρονόμους
1288 2141 1587 2177 καταλιμπανόντων.

1099 2191 1155 2218 πα’.
1178 2191 1293 2226 Ὁμοίως
1307 2189 1412 2224 ὡρίσθη
1433 2188 1476 2214 ἶνα
1488 2186 1536 2213 ἐάν
1546 2194 1587 2217 τις
1617 2183 1776 2214 ἐπίσκοπος
1794 2182 1863 2216 κληο

1067 2238 1197 2274 ρονόμους
1217 2235 1369 2270 συγγενεῖς,
1383 2231 1400 2267 ἢ
1414 2232 1490 2263 ἐκτὸς
1504 2231 1554 2265 τῆς
1582 2229 1650 2260 ιδίας
1677 2227 1864 2274 συγγενείας,

1059 2272 1236 2321 αἱρετικοὺςῆ
1245 2281 1378 2316 ’Έλληνας
1392 2278 1548 2314 προτιμήσῃ
1559 2276 1607 2310 τῆς
1615 2274 1801 2321 Ἐκκλησίας,
1815 2272 1865 2321 καὶ

1061 2318 1130 2366 μετὰ
1145 2329 1258 2356 θάνατον
1270 2326 1395 2360 ἀνάθεμα
1408 2323 1448 2359 τῷ
1474 2321 1590 2356 τοιούτῳ
1612 2320 1741 2366 λεχθείη,
1754 2319 1819 2366 καὶ*
1829 2318 1862 2344 τὸ

1060 2363 1146 2409 δνομα
1160 2372 1242 2400 αὺτοῦ
1257 2370 1390 2407 μηδαμῶς
1412 2367 1486 2403 παρὰ
1506 2367 1562 2397 τοῖς
1578 2365 1624 2392 τοῦ
1645 2363 1713 2390 Θεοῦ
1734 2364 1866 2398 ἱερεῦσι-ι

1062 2420 1192 2455 ἀνενεχθῇ
1208 2427 1215 2434 ”
1231 2418 1268 2454 μὴ
1280 2417 1308 2443 δὲ
1318 2414 1418 2450 δυνηθῇ
1446 2411 1659 2447 ἀπολογηθῆναι,
1676 2411 1726 2436 ἐὰν
1745 2409 1866 2436 ἀδιάθε-

1062 2476 1108 2498 τος
1123 2465 1289 2500 ἀπογένηται
1305 2471 1311 2479 ι
1341 2461 1436 2496 ἐπειδὴ
1462 2460 1607 2494 γενόμενος
1637 2456 1810 2488 ἐπίσκοπος,
1829 2456 1867 2481 ει-

1061 2514 1145 2543 κότως
1159 2511 1261 2546 ὀφείλει
1276 2510 1330 2536 τῶν
1350 2507 1520 2543 πραγμάτων
1544 2503 1626 2531 αὐτοῦ
1644 2504 1691 2538 τὴν
1716 2502 1868 2528 autem-

1062 2568 1102 2586 σιν
1124 2557 1256 2594 ἁρμοδίαν
1270 2556 1309 2589 τῷ
1334 2553 1431 2581 ἑαυτοῦ
1458 2551 1646 2585 ὲπαγγέλματι
1676 2549 1868 2597 ποιήσασθαιὶ

1103 2602 1252 2637 Ἀνάγνωθι
1272 2601 1305 2628 τὰ
1319 2598 1576 2636 παραγεγραμμένα
1591 2597 1620 2622 ὲν
1633 2595 1673 2621 τῶ
1687 2597 1706 2620 ε’
1724 2603 1798 2628 κεφ.
1818 2595 1868 2620 τοῦ

1063 2652 1197 2689 παρόντος
1212 2649 1313 2676 τίτλου.
1334 2651 1337 2665 ¹

1068 2789 1241 2858 Διίὲἓίοῐδιιτε
1267 2821 1381 2849 canonis
1395 2820 1475 2855 hujus
1489 2818 1574 2854 posita
1595 2817 1622 2844 in
1636 2817 1693 2852 ipso
1714 2815 1810 2844 titulo
1829 2821 1871 2844 est

1068 2861 1101 2887 ab
1117 2861 1262 2893 interprete
1278 2858 1380 2885 Graeco.
