1959 3060
218 203 268 235 832

783 203 911 233 PHOTll
933 203 1186 232 PATRIARCHE
1200 204 1256 233 CP.

1794 204 1846 235 839

217 259 278 287 simi
302 257 421 292 episcopi
442 256 643 292 Egyptiorum,
671 262 718 284 aut
733 257 798 284 deut
816 257 1000 291 ﬁdeiussores,
1016 278 1020 287 .

1077 258 1128 288 Ιων,
1142 257 1159 292 ἤ
1173 257 1273 292 ἐγγύας
1286 256 1463 292 παρέξουσιν,
1490 256 1514 282 εί
1529 255 1608 283 τοῦτο
1618 257 1709 288 αὐτοῖς
1723 257 1845 290 δυνατὴν,

217 306 239 331 si
259 305 309 331 hoc
326 304 379 331 illis
390 307 432 330 est
447 303 594 338 possibile;
607 307 654 329 aut
671 311 718 337 per
731 302 788 338 (9.5)
803 308 1005 330 sacramentum

217 350 258 376 cis
285 348 421 379 credatur,
440 348 503 381 quia
526 352 684 381 exspectant
699 348 900 374 ordinationem
918 347 1006 374 l'uturi

219 394 340 428 episcopi
354 401 459 428 magna:
472 393 588 420 civitatis
602 393 783 419 Alexandriae.

253 440 329 467 CAP.
350 438 499 465 VllI.--—Ne
511 440 647 472 episcopus
671 438 709 464 uel
720 438 829 464 clericus
846 438 1002 464 donationis

218 484 259 511 vel
278 484 424 510 testamenti
437 483 540 509 nomine
555 483 654 509 tribuat
675 483 779 517 aliquid
796 483 896 509 homini
919 484 1003 509 luere-

221 532 282 562 tt'co,
295 530 401 556 etiamsi
418 529 579 563 propinquus
597 528 654 561 ejus
672 528 717 554 sil.

314 574 426 602 Concilii
442 573 661 607 Carthaginensis
681 580 794 599 canones
810 572 857 604 22,
876 572 919 599 81.

257 620 291 648 Ut
307 621 419 656 episcopi
433 619 472 646 vel
492 619 580 646 clerici
596 619 623 645 in
639 627 681 645 eos
698 619 742 653 qui
762 626 814 645 non
837 623 897 644 sunt
919 617 1008 644 clerici

223 674 274 692 non
291 665 440 699 conferant.

256 755 302 783 22.
323 755 356 782 Et
372 759 401 782 ut
417 754 443 781 in
457 761 504 781 eos
519 753 565 788 qui
583 752 721 784 catholici,
737 757 765 779 ut
779 761 840 787 pug.
856 751 921 779 827.

262 847 298 874 De
317 846 443 881 episcopis
465 846 510 881 qui
529 845 665 873 haereticos
690 845 730 872 vel
753 852 870 880 paganos
893 845 1010 872 Iucredu

224 893 375 920 instituunt.

259 939 302 966 81.
324 939 389 966 Item
419 937 596 966 constitutum
624 941 676 969 est,
699 940 730 963 ut
758 936 782 964 si
813 936 875 971 quis
906 930 1047 971 episco-B

224 991 287 1019 pus.
305 988 371 1016 etc.,
386 987 415 1010 ut
429 991 489 1018 pag.
504 982 567 1010 827.

263 1028 372 1056 Tutus.
390 1027 493 1055 Nedum
517 1028 551 1055 ab
565 1028 702 1062 episcopls
715 1032 742 1054 et
757 1027 865 1055 clericis
888 1028 1013 1062 accipere

226 1074 349 1102 haeretici
366 1075 554 1109 prohibentur,
568 1081 661 1100 verum
676 1074 757 1100 etiam
774 1074 808 1100 ab
823 1074 894 1101 aliis.
911 1074 1013 1101 Dicitur

226 1121 298 1146 enim
314 1120 361 1146 lib.
379 1128 398 1151 ι,
413 1120 453 1146 tit.
472 1119 496 1150 5,
512 1123 599 1146 const.
616 1118 660 1152 l0,
678 1119 750 1153 quod
767 1120 935 1146 orthodoxus
955 1127 1011 1146 rem

227 1165 391 1192 immobilem
400 1172 460 1199 qua:
471 1165 649 1191 orthodoxam
662 1164 810 1191 Ecclesiam
824 1164 930 1196 habeat,
940 1165 1014 1191 nullo

228 1209 310 1236 modo
326 1210 352 1236 in
369 1209 526 1236 haereticum
543 1210 689 1236 transl‘crre
699 1210 786 1244 possit
801 1219 807 1237 :
826 1210 895 1245 [aut]
911 1210 1013 1244 alioqui

229 1253 326 1289 [illam]
343 1255 497 1281 conliscari.
513 1253 619 1281 Rursus
634 1258 724 1281 const.
747 1255 774 1287 5,
799 1254 839 1281 tit.
856 1254 874 1280 2
889 1253 1014 1281 Novella-

228 1308 289 1328 rum
304 1301 342 1327 ait
361 1309 368 1327 :
389 1299 417 1327 Si
433 1300 604 1327 orthodoxus
627 1300 733 1326 habens
761 1299 962 1334 possessionem
987 1299 1015 1326 in

229 1354 282 1380 qua
297 1351 390 1373 sancta
409 1345 444 1372 sit
459 1345 591 1377 Ecclesia,
608 1344 708 1380 [illam]
731 1345 899 1376 alienaverit,
913 1344 956 1371 vel
971 1351 1015 1370 re-

229 1391 351 1426 liquerit,
367 1390 408 1417 vel
424 1391 450 1417 in
466 1391 655 1425 emphytcusin
679 1390 794 1421 dederit,
813 1390 855 1417 vel
873 1389 1015 1421 locaverit,

230 1437 273 1464 vel
289 1444 452 1471 quocunque
473 1434 719 1463 administrationis
746 1443 844 1470 genere
871 1436 1017 1470 praebuerit

230 1486 277 1509 aut
290 1480 393 1513 Judaao,
413 1485 460 1508 aut
477 1480 658 1511 Samaritano,
675 1483 722 1506 aut
737 1479 857 1514 Pagano,
877 1485 923 1506 aut
935 1479 1017 1515 349

233 1527 415 1557 Montanistze,
433 1529 479 1551 ant
491 1525 602 1558 Ariano,
617 1529 664 1552 aut
676 1525 794 1552 breviter
810 1525 854 1552 alii
871 1525 1016 1558 haeretico,

232 1572 292 1606 ejus
307 1571 426 1605 oppiduli
444 1569 567 1598 Ecclesia
586 1570 672 1604 ipsius
689 1570 839 1596 dominium
868 1570 1015 1597 vindicato.

232 1617 294 1644 Lib.
309 1625 326 1648 ι,
346 1617 387 1643 tit.
404 1616 431 1648 5,
448 1620 537 1643 const.
560 1615 603 1642 18.
623 1615 652 1642 Si
674 1615 827 1645 lnrreticus.
848 1620 878 1642 ut
893 1615 1017 1642 militiam

233 1663 274 1689 vel
292 1662 450 1697 dignitatem
466 1665 668 1696 consequatur,
695 1664 742 1687 aut
773 1660 882 1694 publico
907 1668 1021 1688 munere

234 1708 373 1742 fungatur,
389 1711 435 1734 aut
449 1707 555 1738 doceat,
587 1710 634 1732 aut
652 1706 745 1732 causis
761 1706 958 1739 patrocinetur,
973 1713 1020 1732 or-

235 1755 383 1781 thodoxum
401 1752 452 1788 [se]
474 1752 595 1783 simulet,
617 1755 644 1777 et
657 1758 770 1778 uxorem
785 1755 832 1777 aut
852 1751 922 1778 lilios
936 1751 1020 1778 luere-

1077 1755 1240 1790 αίρετικοὺς,
1257 1754 1414 1780 sacomam
1429 1762 1436 1769 '
1457 1755 1480 1780 εἰ
1495 1754 1523 1780 δὲ
1544 1754 1592 1780 καὶ
1609 1754 1690 1790 λάθῃ,
1711 1754 1741 1780 οὺ
1750 1754 1863 1781 δύναταί

237 1801 305 1827 neos
324 1796 437 1834 [ipsum]
469 1797 569 1824 habere
599 1800 721 1829 constet,
745 1796 864 1831 eiicitur.
891 1796 943 1823 Sed
971 1797 1022 1824 etsi

236 1845 329 1876 lateat,
346 1852 400 1870 non
415 1847 503 1877 potest
516 1842 665 1876 quidquam
682 1850 773 1869 rerum
786 1850 897 1869 suarum
912 1844 1022 1875 donare,

237 1889 373 1924 alioquive
386 1889 506 1915 alienare
521 1888 547 1915 in
562 1888 730 1915 lnereticum.
741 1887 840 1914 Verum
856 1889 914 1916 illas
926 1889 1025 1922 ipsius-

237 1942 291 1970 que
307 1934 490 1961 htereditatem
517 1941 579 1968 quae
604 1933 730 1960 haeretica
751 1933 883 1966 defertur,
905 1934 1024 1961 vindicat

240 1983 332 2008 liscus.
355 1979 384 2006 ln
400 1979 558 2006 universum
579 1978 651 2005 enim
673 1978 718 2012 qui
741 1978 865 2006 militiam
883 1978 1024 2015 [aliquam]

238 2025 450 2060 dignitatemque
474 2024 598 2051 obtinent
626 2025 697 2058 :qui
721 2023 944 2052 advocationibus
969 2024 1025 2060 ινξι-

239 2070 341 2106 cant:]
358 2071 404 2105 qui
419 2069 528 2104 publico
546 2076 658 2096 munere
669 2089 677 2101 ,
704 2069 850 2096 militarive
867 2070 1026 2104 magistratu

241 2117 410 2154 [funguntur
421 2115 445 2151 :]
459 2115 533 2142 solos
549 2115 718 2142 orthodoxos
733 2114 854 2142 haeredes
868 2115 967 2142 habent
980 2123 988 2142 :
1000 2120 1026 2143 et

240 2170 301 2197 qua:
317 2162 350 2188 ab
372 2161 424 2187 illis
440 2161 688 2194 quomodocunque
712 2159 746 2186 ad
766 2160 909 2188 haereticos
932 2168 1026 2195 perve-

242 2208 331 2239 niunt,
346 2206 428 2240 exigit
444 2207 538 2232 liscus.
554 2204 660 2232 Rursus
672 2205 767 2232 eadem
789 2211 877 2233 const.
893 2206 958 2233 dicit
972 2213 979 2233 :
998 2205 1027 2233 Si

1057 303 1226 338 ῆὲξωμοσίᾳ
1254 302 1565 337 καταπιστευθὴσονται,
1591 302 1773 337 ἀναμένοντες
1797 303 1847 338 τὴν

1058 348 1223 384 χειροτονίαν
1237 348 1284 374 τοῦ
1301 348 1432 382 ἐσομένου
1463 347 1613 374 ἐπισκόπου
1644 349 1693 384 τῆς
1724 348 1847 380 Ἀλεξαν-

1058 395 1143 430 δρέων
1165 393 1383 429 μεγαλοπόλεως.
1433 424 1438 427 Ι

1094 439 1218 465 ΚΕΦΑΛ.
1240 439 1281 465 Η¹.
1295 453 1329 458 -
1342 438 1410 472 Περί
1431 437 1484 464 τοῦ
1494 437 1570 472 μήτε
1585 437 1754 464 ἐπίσκοπον
1771 439 1847 473 μήτε

1059 484 1204 516 κληίικὸν
1218 483 1343 516 διδόναι,
1360 483 1408 510 διὰ
1433 482 1544 516 δωρεᾶς
1565 482 1584 516 ἣ
1597 482 1753 516 διαθήκης,
1769 485 1846 517 αἰρε-

1059 529 1139 562 τικῷ,
1159 529 1216 555 κᾶν
1230 529 1276 562 εἵη
1291 528 1442 563 συγγενὴς
1457 527 1561 554 αὑτοῦ.

1157 574 1290 601 Eur-c5602)
1306 574 1515 608 Ιιάρθατὲννης
1534 573 1636 600 κανὼν
1653 574 1704 608 κβ¹,
1715 577 1769 600 ita].

1095 621 1187 647 ’Ὠστε
1210 620 1280 652 τοὺς
1295 620 1483 651 ἐπισκόπους
1502 618 1551 645 καί
1583 618 1654 651 τοὺς
1675 619 1846 652 κληρικοὺς,

1058 665 1153 700 μηδὲν
1168 665 1364 698 συνεισάγειν
1377 664 1438 696 τοῖς
1454 664 1497 698 μὴ
1521 663 1692 697 ὀρθοδόξοις
1710 664 1848 698 Χριστια-

1060 711 1135 744 νοῖς,
1151 713 1176 738 εἰ
1193 711 1240 737 καί
1251 710 1410 745 συγγενεῖς
1424 710 1468 736 ἔτι
1481 708 1545 744 μὴν
1553 707 1641 736 ὦσιν.

1095 756 1148 790 κβ’.
1162 755 1253 791 Μηδὲν
1271 756 1315 782 διὰ
1329 755 1434 790 δωρεᾶς
1457 754 1511 781 τῶν
1542 754 1650 781 οἰκείων
1665 753 1850 790 πραγμάτων,

1061 811 1089 830 κ.
1104 811 1131 829 τ.
1143 801 1168 828 λ.

1097 847 1167 881 Περί
1192 847 1369 874 ἐπισκόπων
1394 845 1450 872 τῶν
1465 844 1630 880 ωρετικοὺς
1655 844 1674 880 ἣ
1697 845 1850 878 Ἕλληνας

1062 894 1271 927 κληρονόμους
1289 892 1591 926 καταλιμπανόντων.

1098 942 1154 965 πα¹.
1177 938 1294 973 Ὁμοίως
1311 936 1425 972 ὡρίσθη,
1441 937 1485 963 ἵνα
1502 936 1550 963 ἐὰν
1560 945 1603 968 τις
1623 936 1770 967 ἐπίσκοπος
1785 935 1851 970 κλη-

1064 985 1195 1021 ρονόμους
1205 985 1357 1018 συγγενεῖς,
1371 992 1398 1010 κ.
1410 991 1436 1010 τ.
1457 983 1482 1010 λ.

1098 1031 1136 1056 Οὐ
1153 1030 1232 1065 μόνον
1247 1029 1300 1056 ἀπὸ
1320 1028 1477 1055 ἐπισκόπων
1489 1027 1537 1054 καὶ
1551 1025 1688 1062 κληρικῶν
1704 1025 1852 1052 κωλύονται

1065 1075 1216 1110 λαμϐάνειν
1234 1075 1259 1101 οἱ
1276 1074 1419 1109 αίρετικοὶ,
1435 1073 1502 1100 ἀλλὰ
1529 1072 1576 1099 καὶ
1599 1072 1631 1098 ὲκ
1653 1071 1706 1097 τῶν
1730 1071 1829 1106 ἐτέρων
1843 1079 1851 1086 ·

1064 1122 1170 1156 εἴρηται
1183 1120 1236 1155 γὰρ
1252 1119 1323 1154 βιϐλ,
1341 1119 1366 1145 α’
1383 1119 1437 1145 τίτ.
1454 1117 1485 1148 ε’,
1507 1117 1577 1144 star.
1593 1119 1620 1148 ι’,
1636 1117 1676 1142 ὅτι
1692 1116 1760 1142 Οὔτε
1773 1116 1851 1151 ὀρθό-

1064 1165 1138 1197 δοξος
1165 1164 1274 1191 δύναται
1302 1163 1532 1196 καοόἱονδήποτε
1557 1163 1657 1197 τρόπον
1692 1161 1859 1195 μεταφέρειν

1065 1212 1105 1242 εἰς
1128 1211 1265 1246 αἱρετικὸν
1290 1210 1418 1245 ἀκίνητον
1455 1210 1581 1244 πρᾶγμα,
1618 1207 1687 1242 ἔχων
1716 1206 1854 1241 ὀρθόδοξον

1071 1258 1245 1292 Ἐκκλησίαν,
1261 1258 1323 1283 ἐπεὶ
1338 1256 1498 1290 φισκοῦται⁶
1514 1256 1531 1289 ἡ
1548 1254 1597 1289 μέν
1621 1262 1662 1280 τοι
1686 1256 1708 1287 γ’
1725 1253 1794 1279 διάτ.
1807 1251 1854 1278 τοῦ

1067 1301 1088 1336 β’
1104 1301 1156 1328 τίτ.
1173 1300 1226 1326 τῶν
1245 1300 1369 1335 Νεαρῶν,
1385 1299 1478 1334 φησὶν,
1491 1299 1542 1331 ὅτι,
1560 1298 1622 1324 Ἐὰν
1637 1297 1775 1333 ὀρθόδοξος
1787 1297 1857 1331 ἔχων

1067 1347 1175 1382 κτῆσιν,
1190 1347 1220 1372 ὲν
1262 1346 1329 1380 ἁγία
1359 1346 1433 1372 ἐστὶν
1451 1344 1611 1378 Ἐκκλησία,
1627 1345 1762 1378 ἑκποιήσῃ
1773 1343 1790 1377 ἢ
1804 1350 1855 1368 κα-

1070 1393 1183 1429 ταλίπῃ,
1198 1392 1215 1427 ἢ
1230 1391 1397 1426 ἑμφυτεύσῃ,
1412 1390 1564 1425 ἦμισθώσῃ
1575 1410 1582 1421 ,
1596 1390 1611 1423 ἢ
1626 1388 1855 1422 καθόίανδήποτε

1066 1439 1200 1473 διοίκησιν
1208 1439 1337 1472 παράσχῃ
1354 1437 1484 1470 Ἰουδαίῳ,
1495 1435 1511 1470 ἢ
1524 1435 1692 1470 Σαμαρείτη,
1705 1435 1721 1468 ἦ
1732 1433 1856 1468 Ἕλληνι,

1067 1484 1084 1518 ἢ
1099 1484 1277 1517 Μοντανιστῇ,
1296 1482 1311 1517 ἢ
1327 1481 1458 1516 Ἀρειανῷ
1469 1481 1485 1516 ἢ
1495 1481 1586 1511 ἁπλῶς
1598 1480 1669 1514 ἄλλῳ
1684 1479 1824 1514 αίρετικῷ,
1839 1479 1856 1513 ἡ

1074 1528 1220 1563 Ἐκκλησία
1228 1528 1278 1562 τῆς
1286 1528 1369 1562 αὐτῆς
1382 1527 1478 1561 κώμης
1491 1526 1540 1560 τὴν
1555 1525 1638 1552 αὐτοῦ
1646 1524 1803 1551 δεσποτείαν
1811 1525 1859 1550 ἑκ-

1068 1573 1187 1599 suam»
1202 1571 1485 1606 βιόλ.α’,τίτ.ε¹,δι;ἱτ.
1497 1571 1542 1605 ιη’·
1558 1571 1620 1597 Ἐὰν
1635 1570 1772 1604 αἰρετικδς
1787 1569 1861 1604 ὑπὲρ

1073 1617 1118 1644 τοῦ
1127 1618 1215 1652 τυχεῖν
1223 1616 1324 1651 ἀξίαςῆ
1337 1616 1488 1652 στρατείας,
1498 1616 1514 1651 ἢ
1526 1616 1652 1650 δημόσιον
1665 1616 1767 1650 πρᾶξαι
1778 1615 1862 1648 φρόν-

1074 1672 1166 1698 τισμα,
1181 1664 1197 1698 ἦ
1215 1662 1358 1689 παιδεῦσαι
1372 1683 1379 1695 ,
1396 1663 1412 1697 ἦ
1425 1662 1612 1696 συνηγορῆσαι
1643 1662 1862 1697 προσποιήσηται

1074 1709 1120 1735 τὸν
1138 1708 1287 1744 ὀρθὸδοξον,
1304 1708 1352 1734 καὶ
1383 1710 1453 1742 φοινῇ
1471 1707 1595 1742 γαμετὴν
1625 1707 1642 1743 ἢ
1670 1708 1767 1738 παῖδας
1791 1707 1863 1742 ἔχων

1075 1808 1102 1826 τι
1112 1799 1165 1826 τῶν
1181 1799 1264 1825 αὑτοῦ
1282 1799 1437 1833 δωρεῖσθαι,
1451 1798 1468 1833 ἢ
1482 1798 1569 1830 ἄλλως
1587 1799 1708 1825 ὲκποιεῖν
1721 1798 1862 1833 αἰρετικῷ,

1076 1845 1143 1872 ἀλλὰ
1167 1844 1253 1871 ταῦτα
1268 1845 1315 1871 καὶ
1330 1844 1379 1878 τὴν
1393 1843 1524 1880 αἱρετικῷ
1541 1843 1766 1879 καταφερομένην
1779 1843 1863 1870 αὑτοῦ

1077 1890 1258 1925 κληρονομίαν
1279 1890 1380 1916 ἐκδικεῖ
1408 1889 1438 1915 τὸ
1470 1889 1613 1923 δημόσιον·
1631 1888 1745 1915 καθόλου
1768 1889 1822 1924 γὰρ
1839 1889 1864 1915 οἰ

1080 1935 1259 1970 μετασχόντες
1272 1934 1425 1969 στρατείας,
1443 1934 1460 1968 ἢ
1485 1933 1563 1965 ἀξίας
1588 1934 1766 1969 συνηγορίας,
1783 1934 1799 1968 ἢ
1815 1934 1866 1969 δη-

1080 1981 1175 2015 μοσίας
1193 1979 1359 2015 φιλοτιμίας,
1375 1979 1392 2014 ἢ
1421 1980 1642 2014 συγκροτήσεως.
1674 1979 1749 2014 παρὰ
1775 1980 1868 2014 μόνων

1078 2025 1225 2062 ὀρθοδόξων
1247 2025 1478 2061 κληρονομοῦνται
1488 2032 1494 2039 ·
1510 2025 1603 2051 καὶτὰ
1617 2025 1647 2057 ἐξ
1662 2025 1752 2051 αὐτῶν
1771 2026 1865 2052 ὁπωσ-

1079 2072 1126 2099 οῦν
1153 2074 1194 2103 εἰς
1207 2071 1345 2106 αἱρετικὸν
1374 2071 1519 2106 ἐρχόμενα,
1541 2070 1573 2096 τὸ
1597 2070 1726 2104 δημόσιον
1740 2071 1843 2097 ἐκδικεί
1858 2079 1866 2086 ·

1080 2120 1096 2154 ἡ
1110 2119 1138 2145 δὲ
1151 2118 1219 2152 αὑτὴ
1233 2117 1303 2144 διάτ.
1317 2117 1409 2152 φησὶν,
1425 2118 1476 2148 ὅτι,
1497 2116 1561 2142 Ἐὰν
1575 2116 1629 2142 τῶν
1653 2116 1765 2148 παίδων,
1778 2117 1802 2142 οι
1816 2117 1867 2150 μέν

1080 2166 1148 2191 εἰσιν
1163 2164 1342 2198 αἱρετικοὶ,οἰ
1366 2162 1394 2189 δὲ
1420 2162 1564 2197 ὀρθόδοξοι,
1582 2162 1657 2197 μόνοι
1684 2163 1707 2188 οἱ
1730 2162 1869 2196 ὀρθόδοξοι

1081 2209 1295 2245 κληρονομοῦσιν
1308 2218 1315 2225 ·
1327 2209 1351 2235 εί
1365 2209 1393 2236 δὲ
1409 2209 1509 2239 πάντες
1522 2209 1591 2234 εἰσὶν
1605 2209 1749 2243 αἱρετικοὶ,
1769 2217 1870 2242 συγγε-

241 2253 359 2280 ﬁliorum
375 2251 421 2278 alii
435 2251 490 2278 sint
510 2250 631 2278 haeretici
643 2271 650 2280 ,
667 2251 713 2278 alii
729 2251 877 2278 orthodoxi
892 2261 898 2278 :
915 2252 965 2279 soli
981 2260 1020 2279 or-

1081 2257 1134 2287 νεῖς
1149 2255 1284 2290 ὀρθὸδοξοι
1302 2254 1516 2290 κληρονομοῦσιν
1531 2262 1538 2269 ’
1553 2254 1568 2289 ἢ
1581 2254 1618 2289 μὴ
1631 2254 1726 2285 ὄντων,
1743 2254 1756 2279 ὸ
1769 2254 1870 2287 φίσκος

242 2297 353 2325 thodoxi
370 2297 490 2324 luercdes
503 2301 577 2324 sunt.
589 2296 666 2329 Quod
676 2297 699 2323 si
714 2304 809 2324 omnes
827 2298 881 2324 sint
897 2297 1026 2330 haeretici,

242 2344 348 2376 cognati
377 2342 522 2369 orthodoxi
553 2341 738 2368 luereditatem
763 2343 886 2376 capiunt.
915 2342 943 2369 Si
965 2350 1029 2370 vero

243 2387 313 2414 nulli
338 2387 410 2420 sint,
432 2387 668 2416 succedit.liscus.
692 2387 787 2414 Const.
813 2388 856 2414 l9.
884 2387 1031 2416 Il:ereticus

244 2432 364 2460 haeretici
376 2433 448 2460 illius
462 2440 548 2466 neque
556 2433 732 2460 donationem
750 2441 838 2467 neque
848 2433 1031 2460 ineredttalem

244 2478 330 2512 patris
344 2479 468 2512 percipit.
483 2477 580 2505 Const.
600 2479 646 2505 22.
660 2477 754 2513 Neque
780 2486 813 2506 ex
838 2479 931 2506 militis
947 2484 1031 2506 testa-

245 2529 338 2551 mento
355 2525 501 2551 haereticus
515 2524 702 2552 hereditatem
720 2529 767 2551 aut
781 2525 899 2559 legatum
921 2526 1003 2559 capit.

282 2568 388 2595 Τελείας.
402 2568 468 2602 Quze
481 2569 728 2596 exluereditationis
742 2577 841 2596 causas
854 2570 962 2596 ordinat
978 2569 1032 2596 No-

245 2613 314 2640 Vclla
331 2612 389 2646 102,
414 2614 450 2641 ait
464 2623 472 2641 :
490 2613 519 2640 Si
535 2622 634 2648 parens
654 2615 825 2642 Orthodoxus
847 2615 946 2642 sentiat
963 2614 1034 2642 ﬁlios

246 2667 311 2686 suos
335 2667 388 2685 non
403 2667 464 2686 esse
483 2659 668 2692 orthodoxos,
692 2660 767 2694 ipsos
787 2660 978 2687 exhaaredaudi
995 2660 1034 2687 fa-

246 2704 376 2732 cultatem
392 2704 483 2732 habet.
496 2704 573 2737 Quod
588 2704 611 2732 si
626 2713 641 2732 e
656 2705 765 2732 diverso
779 2712 877 2739 parens
893 2705 1035 2732 hereticus

247 2751 294 2782 sit,
308 2758 361 2777 nou
374 2750 454 2783 alios,
471 2758 552 2785 quant
570 2750 738 2778 orthodoxos
754 2751 834 2782 lilios,
853 2756 900 2778 aut
916 2751 958 2778 his
977 2758 1030 2776 non

247 2795 460 2823 subsistentibus
475 2796 642 2824 orthodoxos
663 2800 809 2830 copiates,
829 2796 948 2823 Iueredes
962 2795 1032 2822 scri-

1078 2301 1250 2336 6t16éxewt'
1279 2300 1349 2326 διάτ.
1373 2299 1415 2332 ιϐ’,
1442 2300 1466 2326 οἰ
1493 2300 1627 2334 αἰρετικοὶ
1656 2299 1703 2325 τοῦ
1727 2299 1868 2334 αἰρετικοῦ

1081 2347 1184 2377 παῖδες.
1201 2345 1263 2372 οὕτε
1271 2345 1374 2381 δωρεὰν
1389 2345 1451 2371 οὔτε
1463 2345 1563 2380 κλῆρον
1576 2345 1660 2372 αὑτοῦ
1677 2344 1848 2379 λαμϐάνουσι
1860 2352 1868 2359 ·

1081 2390 1150 2416 διάτ.
1166 2389 1218 2425 κβ’,
1235 2389 1296 2416 οὕτε
1312 2389 1366 2416 ἀπὸ
1379 2389 1578 2424 στρατιωτικῆς
1603 2388 1734 2424 διαθήκης
1764 2389 1872 2417 αἱρετι-

1083 2435 1129 2466 κδς
1142 2435 1303 2470 κληρονομεῖ
1316 2435 1332 2470 ἢ
1348 2435 1464 2469 ληγάτον
1477 2434 1621 2470 λαμὸάνει.

1125 2571 1157 2597 'll
1172 2570 1199 2596 δὲ
1214 2571 1264 2601 τὰς
1278 2570 1367 2601 αἰτίας
1384 2570 1437 2596 τῶν
1460 2570 1668 2605 ὲξερεδατιόνων
1681 2571 1817 2597 τάττουσα
1829 2573 1864 2606 ρβ

1085 2617 1169 2652 νεαρά
1181 2615 1321 2650 φησιν,ὅτι
1333 2614 1395 2642 Ἐὰν
1409 2616 1504 2650 γονεὺς
1516 2616 1654 2650 ὀρῦόδοξος
1671 2616 1719 2648 ὢν,
1742 2616 1873 2651 αἴσθηται

1084 2662 1147 2693 τοὺς
1170 2661 1252 2692 ἰδίους
1279 2661 1375 2692 παῖδας
1411 2661 1448 2695 μὴ
1478 2661 1557 2692 ὄντας
1580 2661 1749 2696 ὀρθοδὸξους,
1779 2662 1874 2688 ἄδειαν

1086 2705 1142 2740 ἔχει
1159 2706 1245 2731 ποιεῖν
1256 2705 1354 2736 αὐτοὺς
1370 2695 1607 2740 ἀποκληρονὸμους
1621 2714 1627 2720 ·
1651 2706 1675 2732 εί
1697 2695 1730 2732 ’δὲ
1758 2707 1874 2733 τούναν-

1084 2750 1140 2776 τίον
1155 2751 1169 2776 ὁ
1181 2750 1276 2784 γονεύς
1301 2751 1375 2776 ἐστιν
1398 2751 1546 2785 αἰρετικδς,
1563 2750 1600 2786 μὴ
1608 2750 1693 2784 ἐχέτω
1717 2751 1810 2777 ἄδειαν
1826 2751 1875 2778 ἂλ-

1083 2795 1146 2828 λους
1159 2795 1274 2831 γράφειν
1298 2795 1491 2830 κληρονόμους,
1516 2796 1541 2822 εἰ
1569 2796 1606 2831 μὴ
1627 2796 1689 2828 τοὺς
1712 2796 1874 2830 ὁρθοδὸξους

284 2872 340 2906 (25)
359 2870 470 2900 Veteres
485 2872 546 2900 libri
565 2878 591 2900 et
609 2873 754 2906 editiones,
772 2878 948 2904 sacramenta,
962 2873 1034 2907 quod
1053 2878 1126 2901 certe
1142 2873 1238 2901 melius
1253 2878 1303 2901 est.
