1959 3060
78 140 127 171 8313

467 137 667 168 SYNTAGMA
684 135 878 166 CANONUM.
892 146 927 151 ·-
940 135 1014 166 ΤῙΤ.
1033 136 1070 173 Χ,
1091 137 1168 167 CAP.
1186 137 1270 168 VIII.

1644 139 1697 169 834

78 195 213 230 παῖδαςοῆ
225 195 262 230 μὴ
271 195 354 222 δντων
380 194 481 226 αὐτῶν,
497 193 638 227 συγγενεῖς
649 192 804 227 ὀρθοδόξους
816 201 822 207 ·
836 193 860 218 εί

914 192 992 219 bendi
1008 191 1164 220 facultatem
1189 193 1300 220 habeto.
1320 192 1373 221 Sed
1403 193 1425 221 si
1443 201 1478 221 ex
1503 193 1595 221 liberis
1611 193 1694 229 aliqui

73 242 101 269 δέ
112 250 184 273 τινες
196 241 250 268 τῶν
263 241 365 268 παίδων
375 240 443 267 εἰσὶν
452 239 596 275 ὀρθόδοξοι.
611 238 680 270 τινὲς
691 238 719 264 δὲ
731 238 772 270 οὒ,
787 239 804 274 ἠ
814 239 859 264 οὑ·

72 287 117 313 σία
131 287 171 317 είς
187 287 251 318 τοὺς
273 286 430 322 ὀρθοδόξους
459 286 580 320 ἔρχεται,
599 284 651 311 κᾶν
673 284 687 310 6
704 283 795 318 πατὴρ
810 283 858 310 ἄλ-

71 332 134 364 λους
149 331 251 367 ἔγραψε
270 331 457 366 κληρονόμους
469 339 476 345 ·
490 331 515 356 εί
534 330 561 356 δὲ
575 329 648 365 μετὰ
666 330 750 356 ταῦτα
765 329 789 355 οἱ
815 330 858 355 αἰ-

73 377 176 412 ρετικοὶ
209 377 320 410 ἀδελφοὶ
357 376 491 411 ὀρθόδοξοι
528 375 671 409 γένωνται,
695 375 796 401 δίδοται
828 375 860 401 τὸ

71 423 166 457 αἱροῦν
182 423 273 453 αὐτοῖς
291 423 384 457 μέρος,
397 423 426 448 οὑ
440 422 492 457 μὴν
502 422 548 448 καὶ
558 422 582 448 οἱ
595 421 776 456 προλαϐόντες
791 429 859 455 καρ-

71 469 132 498 ποὶ,
146 467 208 494 οὔτε
222 467 319 500 λόγους
332 467 476 493 ἀπαιτοῦσι
503 467 552 500 τῆς
584 467 760 500 διοικήσεως*
790 465 858 497 τέως

69 513 101 540 δὲ
119 513 152 540 τὰ
167 513 318 548 πράγματα
338 514 362 539 οἱ
379 512 516 547 ὀρθὸδοξοι
533 513 652 538 ἑκποιείν
663 511 692 538 οὺ
709 511 858 538 δύνανται·

70 559 95 585 εί
114 558 163 593 μέν
185 567 226 585 τοι
254 558 334 593 μέχρι
359 558 486 593 τελευτῆς
507 557 667 592 ἑπιμείνωσι
697 558 730 592 τῇ
760 556 858 591 πλάνῃ,

72 604 164 638 πλήρη
180 603 228 638 τὴν
240 603 398 630 δεσποτείαν
416 603 532 630 κτῶνται
557 604 582 629 οἱ
603 602 738 638 ὀρθόδοξοι
766 601 812 628 καὶ
834 601 859 627 οἰ

72 651 251 684 κληρονόμοι·
270 650 295 676 εί
313 649 340 675 δὲ
354 649 455 680 πάντες
469 649 494 675 οἱ
519 649 614 679 παῖδες
633 648 765 683 αίρετικοί
779 648 858 681 εἰσιν,

73 695 208 728 ὀρθύδοξοι
231 696 373 728 συγγενεῖς
399 694 633 728 κληρονομοῦσιν·
647 693 711 720 εἰδὲ
734 693 772 728 μὴ
795 693 859 724 stat,

72 741 143 772 τότε,
167 740 192 766 ει
216 741 264 774 μὲν
280 739 406 775 κληρικοί
423 740 492 765 εἰσιν
520 740 544 765 οί
562 740 662 772 γονεῖς,
679 739 695 772 ἡ
712 738 860 772 Ἐκκλησία

72 785 122 819 τῆς
141 785 246 817 πόλεως
271 786 299 812 ὲν
320 783 402 821 ᾖτὴν
427 786 532 820 οἱκησιν
562 783 645 819 εῐχον,
665 785 797 819 λαμὸἀνει
826 784 861 810 τὰ

74 830 245 866 πράγματα’
273 831 298 857 εί
326 831 354 856 δὲ
379 831 404 856 οἱ
432 830 655 865 ἑκκλησιαστικοὶ
692 830 725 856 δι’
735 830 858 857 ὲνιαυτοῦ

73 864 242 910 ἀμελήσουσι
268 875 438 910 διεκδικῆσαι
464 876 497 901 τὰ
537 875 698 909 πράγματα.
720 875 734 901 6
763 875 857 909 φίσκος
875 864 895 891 Β

74 921 142 947 αὐτὰ
156 921 310 955 λαμϐάνει·
325 921 350 946 εί
372 921 400 946 δὲ
430 920 518 948 λαῖκοὶ
533 921 613 952 είσιν,
638 921 652 947 6
674 921 769 954 φίσκος
790 921 861 947 αὐτὰ

74 967 217 1001 λαμῦάνει,
232 967 286 993 εἴτε
298 966 417 993 διέθεντο
429 967 484 992 εἴτε
495 967 531 1001 μή
542 973 549 981 ·
560 966 596 992 τὰ
607 966 676 993 αὐτὰ
695 967 801 1001 κρατεῖ,
813 966 860 993 ἐὰν

73 1012 88 1038 6
104 1013 167 1043 παῖς
198 1011 337 1047 δρθόδοξος
352 1011 401 1044 ὣν,
425 1011 553 1046 αἴσθηται
568 1012 631 1042 τοὺς
648 1013 738 1045 γονεῖς
755 1012 861 1046 αἱρετι-

74 1058 149 1088 κοὺς.
165 1057 228 1083 ὅταν
246 1058 327 1088 αὐτος
342 1058 356 1083 6
367 1058 432 1088 παῖς
449 1057 600 1092 διατίθηται
613 1057 629 1091 ἢ
645 1056 859 1091 κληρονομῆται.

116 1100 146 1127 Ἦ
163 1104 186 1128 α’
205 1102 269 1136 περὶ
285 1100 338 1126 τῶν
354 1100 545 1135 Σαμαρειτῶν,
577 1100 691 1135 δευτέρα
719 1099 787 1126 οὖσα
815 1099 860 1126 τοῦ

72 1147 126 1173 τίτ.
142 1147 189 1172 τοῦ
198 1145 222 1180 γ’
235 1146 289 1172 τῶν
299 1146 424 1180 Νεαρῶν,
438 1146 609 1181 συνεχώρησε
618 1146 679 1177 τοὺς
691 1145 860 1180 Σαμαρείτας

74 1192 222 1226 λαμὸἁνειν
237 1191 342 1226 δωρεὰς
357 1192 403 1217 καὶ
419 1192 451 1217 ὲκ
478 1191 627 1226 διαθηκῶν,
642 1192 688 1217 καὶ
700 1191 800 1217 διδόναι
815 1191 862 1218 καὶ

74 1237 272 1272 παραπέμπειν
290 1237 476 1272 Σαμαρείταις
486 1237 576 1263 αὐτῶν
593 1237 672 1263 παισὶ
690 1237 738 1263 καὶ
753 1236 861 1271 γονεῦσι

73 1283 121 1308 καὶ
130 1282 288 1315 συγγενέσιν
299 1290 306 1297 ”
318 1282 335 1317 ἡ
355 1282 404 1316 μέν
418 1290 460 1308 τοι
483 1282 627 1309 τελευταία
650 1282 714 1318 περὶ
728 1283 862 1316 Σαμαρει-

71 1326 138 1358 τῶν,
154 1326 177 1360 τί
190 1324 256 1353 οὖσα
272 1326 318 1353 τοῦ
331 1326 354 1359 γ’
370 1327 421 1353 τίτ.
436 1327 489 1353 τῶν
513 1327 628 1363 Νεαρῶν
648 1336 729 1362 φησιν
740 1348 747 1360 ,
763 1328 815 1360 ὃτι,
829 1328 861 1354 Ol

73 1372 243 1406 Σαμαρεῖται
273 1372 304 1398 οὐ
328 1372 543 1407 κληρονομοῦσιν
569 1373 601 1399 ἐκ
628 1372 760 1408 διαθήκης
786 1373 802 1407 ἢ
833 1373 862 1405 ἐξ

72 1417 224 1449 ἀδιαθέτου,
254 1416 315 1443 οὔτε
351 1417 457 1452 ληγάτα
485 1417 501 1452 ἢ
525 1417 630 1452 δωρεὰς
661 1417 860 1452 λαμϐάνουσιν-

72 1462 129 1489 ἀλλ’
142 1462 204 1490 οὕτε
213 1463 350 1498 διαδὸχους
365 1463 471 1496 ἕξουσιν
485 1463 514 1495 ἐξ
526 1464 664 1498 ἀδιαδόχου
680 1464 861 1499 Σαμαρείτας,

72 1507 90 1542 ἦ
107 1509 358 1543 σχηματιζομένους
375 1509 424 1543 μὲν
449 1509 511 1539 τοὺς
526 1509 693 1544 ὀρθοδόξους,
722 1509 771 1544 οὐχ
791 1508 862 1535 οὕτω

72 1554 101 1580 δὲ
117 1554 300 1587 φρονοῦντας·
328 1553 392 1581 οὕτε
416 1554 445 1580 δὲ
471 1555 638 1581 διατίθεσθαι
671 1555 860 1590 ἢδωρείσθαι,

73 1600 97 1625 εί
114 1599 151 1634 μὴ
169 1600 226 1631 τοῖς
242 1600 393 1634 ὀρθοδόξοις
410 1600 457 1626 καὶ
487 1601 578 1627 πίστει
605 1601 652 1627 καὶ
676 1600 766 1634 ἔργοις
779 1608 786 1616 ·
801 1600 863 1627 τού-

71 1652 128 1670 των
142 1643 171 1669 δὲ
185 1644 223 1679 μὴ
236 1643 332 1676 ὄντων,
349 1645 377 1671 αί
396 1644 487 1670 οὐσίαι
515 1645 586 1679 μετὰ
606 1645 720 1671 θάνατον
747 1645 787 1676 εὶς
817 1645 862 1672 τὸν

72 1687 172 1721 φίσκον
187 1687 330 1722 ἔρχονται·
344 1688 370 1714 oi
394 1687 422 1715 δὲ
447 1689 499 1723 γῆν
524 1688 753 1723 διαγεωργοῦντες
771 1690 864 1724 Σαμα-

73 1733 175 1766 ρεῖται,
193 1733 320 1759 δύνανται
333 1733 451 1768 γράφειν
466 1734 652 1769 κληρονόμους
680 1735 804 1766 ἀνιόντας
817 1735 863 1761 καὶ

71 1778 218 1810 κατιόντας
235 1778 336 1810 αὐτῶν,
353 1780 402 1805 καὶ
414 1779 574 1814 ληγατεύειν
602 1780 692 1811 αὐτοῖς
706 1781 753 1807 καὶ
765 1781 821 1812 τοῖς
832 1782 864 1807 ὲκ

71 1823 202 1858 πλαγίου,
213 1822 265 1850 κᾶν
278 1821 330 1851 ὦσι
338 1825 507 1861 Σαμαρεῖται
519 1832 527 1840 ”
549 1824 652 1852 τούτων
671 1825 699 1851 δὲ
717 1825 754 1860 μὴ
767 1825 862 1859 ὄντων,

70 1870 86 1896 ὁ
104 1868 153 1896 τοῦ
168 1869 269 1904 χωρίου
283 1869 426 1905 δεσπότης,
438 1871 467 1896 ὲν
480 1866 502 1904 ᾧ
518 1869 649 1905 ἐγεώργει
663 1871 677 1896 6
688 1870 862 1906 τελευτήσας,

69 1913 123 1949 τὴν
142 1914 238 1940 οὐσίαν
254 1913 399 1949 λαμῦάνει,
422 1914 469 1940 τὸν
487 1914 569 1941 τόπον
583 1915 612 1940 ἐν
639 1913 727 1950 τούτῳ
754 1914 802 1941 τοῦ
818 1916 863 1950 φί-

69 1968 139 1986 σκου
155 1959 271 1994 ἐπέχων.

112 2004 147 2030 Ἦ
161 2004 188 2030 δὲ
202 2004 225 2038 γ’
236 2005 307 2033 διάτ.
319 2005 366 2032 τοῦ
383 2005 405 2040 β’
422 2006 474 2033 τίτ.
499 2005 553 2032 τῶν
571 2004 685 2040 Νεαρῶν
700 2004 793 2038 λέγει’
803 2005 863 2040 Μη-

67 2050 126 2081 δεὶς
142 2051 281 2085 αἱρετικὸς
306 2052 344 2087 μὴ
370 2052 442 2078 κατὰ
469 2051 630 2087 μίσθωσινῆ
656 2050 860 2086 ὲμφύτευσιν,ῆ

68 2095 223 2130 ἀγορασίαν
238 2096 351 2132 ἣὲτὲρῳ
367 2097 460 2132 τρόπῳ
487 2097 603 2131 ἀκίνητα
628 2097 779 2132 πράγματα
796 2096 864 2131 λαμ-

68 2141 179 2168 εανέτω
195 2142 250 2169 ἀπὸ
271 2143 445 2178 Ἐκκλησίας,
459 2144 476 2179 ἢ
499 2143 579 2170 ἄλλου
596 2143 745 2178 σεϐασμίου
758 2143 841 2169 τόποι)
853 2151 861 2159 ·

910 237 965 263 sint
978 237 1135 268 orthodoxi,
1154 237 1239 273 aliqui
1257 245 1323 265 vero
1337 246 1392 266 non
1409 247 1416 265 :
1434 239 1587 266 substantia
1602 239 1635 265 ad
1650 247 1696 266 or-

911 282 1048 310 thodoxos
1061 284 1184 318 pervenit
1198 293 1205 310 :
1220 284 1328 311 tantetsi
1349 289 1425 318 pater
1436 284 1505 311 alios
1519 283 1624 320 [etiam]
1640 285 1696 311 liae-

909 328 987 355 redes
1002 328 1152 364 scripserit.
1168 329 1196 356 Si
1208 337 1271 356 vero
1280 329 1454 364 postmodum
1467 330 1587 356 haeretici
1599 329 1697 357 fratres

908 372 1053 400 orthodoxi
1080 373 1153 405 ﬁant,
1171 373 1251 400 datur
1268 373 1333 408 ipsis
1350 378 1505 407 competens
1519 373 1607 408 portio
1621 382 1628 400 :
1642 381 1697 400 non

910 422 1001 444 autent
1015 418 1096 453 350
1107 419 1188 446 etiam
1205 419 1333 453 praeteriti
1349 418 1453 446 fructus
1472 427 1559 453 neque
1578 419 1698 445 admini-

910 464 1052 492 strationis
1068 465 1190 492 rationes
1201 465 1323 499 exigunt.
1339 464 1448 492 lnterint
1465 470 1554 492 tamen
1575 474 1617 493 res
1631 465 1699 501 [Ine-

910 509 1064 545 rcditarias]
1082 510 1226 537 orthodoxi
1241 510 1361 537 alienare
1374 518 1427 537 non
1442 515 1565 544 possunt.
1582 511 1616 537 At
1626 512 1649 538 si
1664 511 1697 538 ad

910 559 1026 582 mortem
1041 563 1128 589 usque
1144 555 1170 582 in
1183 562 1279 582 errore
1293 556 1504 589 permanserint,
1519 557 1628 591 plenum
1650 558 1699 583 do-

910 600 1025 626 minium
1037 600 1182 626 orthodoxi
1207 599 1380 636 [eorumque]
1399 601 1520 629 ltmredes
1540 603 1697 636 acquirunt.

910 644 995 672 Plane
1007 646 1030 672 si
1050 653 1146 672 omnes
1161 645 1239 672 liberi
1260 645 1381 673 haeretici
1396 647 1461 678 sint,
1479 647 1586 682 cognati
1603 649 1699 674 ortho-

911 690 977 718 doxi
993 691 1115 719 heredes
1131 691 1210 718 ﬁunt.
1223 691 1275 724 Qui
1291 692 1314 718 si
1328 692 1394 718 nulli
1408 693 1474 723 sint,
1492 696 1548 719 tum
1571 693 1593 720 si
1608 693 1699 719 clerici

911 740 1037 770 parentes
1059 735 1171 768 fuerint.
1186 737 1306 764 Ecclesia
1319 737 1437 764 civitatis
1447 757 1455 769 ,
1472 736 1499 763 in
1517 745 1570 771 qua
1584 737 1699 764 domici-

911 781 977 808 lium
995 781 1162 812 habuerunt.
1181 782 1323 809 facultates
1350 782 1474 817 percipit.
1497 782 1551 810 Sed
1577 783 1600 810 si
1615 783 1702 810 eccle~

911 827 1016 854 siastici
1047 828 1117 854 intra
1144 835 1245 854 annum
1270 828 1331 855 illas
1355 828 1496 856 vindicare
1522 829 1701 864 neglexerint,

911 872 984 906 capit
998 878 1044 899 eas
1059 871 1151 899 ﬁscus.
1164 872 1198 898 At
1212 872 1234 899 si
1250 872 1310 900 laici
1328 872 1439 904 fuerint,
1461 874 1518 901 sive
1541 875 1630 901 testati
1647 874 1703 901 sint

912 916 970 944 sive
985 924 1039 943 non
1052 935 1060 948 ,
1085 916 1229 944 facultates
1245 917 1328 944 ﬁscus
1347 918 1430 951 capit.
1449 918 1548 945 Eadem
1566 919 1701 952 obtinent,

913 963 936 990 si
953 962 1025 989 ﬁlius
1039 962 1208 989 orlltojoxus
1223 968 1350 997 parentes
1376 963 1522 991 haareticos
1539 964 1621 1000 [esse]
1638 973 1700 991 sett-

913 1007 972 1040 tiat,
989 1008 1099 1041 quando
1112 1007 1259 1044 [videlicet]
1271 1009 1328 1043 ipse
1343 1013 1534 1036 testamentum
1549 1009 1623 1041 facit,
1645 1010 1702 1037 sive

913 1053 1082 1080 succeditur.

948 1098 1042 1125 Const.
1060 1099 1093 1125 de
1114 1098 1296 1127 Samaritanis
1314 1100 1338 1133 ί,
1354 1108 1414 1135 qua:
1425 1100 1442 1126 ‘2
1455 1105 1495 1127 est
1511 1100 1552 1127 tit.
1572 1101 1588 1127 5
1601 1100 1702 1128 Novel-

912 1143 1012 1175 larunt,
1022 1145 1146 1178 permisit
1157 1144 1337 1173 Samaritanis
1347 1151 1403 1172 tum
1417 1154 1449 1172 ex
1462 1147 1608 1173 donatione
1620 1152 1702 1180 atque

912 1193 1075 1216 testamento
1090 1198 1197 1224 capere,
1213 1196 1268 1218 tum
1289 1191 1402 1224 donare,
1418 1198 1446 1218 et
1460 1192 1494 1219 ad
1510 1192 1610 1219 libems
1626 1201 1701 1225 suos,

912 1240 1051 1270 parentes,
1068 1241 1200 1271 cognatos
1210 1236 1399 1265 Samaritanos
1415 1239 1608 1265 transmittere.
1623 1239 1657 1265 At
1669 1240 1703 1266 de

913 1279 1096 1306 Samaritanis
1113 1280 1162 1306 ult.
1178 1288 1238 1314 quae
1256 1286 1297 1308 est
1311 1281 1337 1313 5,
1357 1281 1399 1308 tit.
1414 1281 1430 1308 5
1447 1280 1619 1308 Novellarutn
1632 1301 1640 1314 ,
1661 1281 1704 1307 di—

913 1324 949 1351 cit
965 1333 972 1350 :
988 1324 1152 1351 Samaritani
1183 1333 1217 1352 ex
1247 1330 1410 1353 testamento
1435 1331 1483 1353 aut
1512 1326 1548 1353 ab
1575 1327 1703 1353 intestato

913 1370 1034 1398 ltaeredes
1050 1378 1104 1397 non
1123 1370 1202 1401 ﬁunt,
1218 1379 1306 1405 neque
1329 1371 1414 1406 legata
1440 1372 1639 1401 donationesve
1654 1379 1703 1398 ca-

913 1416 992 1450 piunt
1009 1424 1016 1442 :
1031 1415 1078 1442 sed
1089 1423 1138 1442 nec
1152 1415 1352 1449 Samaritanos,
1366 1421 1411 1443 aut
1424 1417 1471 1451 qui
1492 1417 1660 1443 orthodoxos
1674 1424 1704 1444 se

914 1460 1065 1493 simulant,
1092 1469 1146 1488 non
1169 1462 1207 1488 ita
1229 1467 1320 1489 autem
1345 1463 1466 1490 sentiunt
1482 1482 1489 1494 ,
1517 1462 1552 1489 ab
1576 1462 1704 1489 intestato

914 1513 1087 1533 successores
1113 1505 1260 1535 habebunt.
1285 1506 1377 1541 Neque
1395 1506 1480 1542 [vero]
1511 1511 1703 1534 testamentum

913 1551 1018 1579 faciunt
1035 1556 1082 1578 aut
1098 1551 1199 1586 legant,
1223 1557 1269 1578 ant
1287 1552 1400 1585 donant,
1427 1553 1479 1580 nisi
1500 1553 1662 1580 orthodoxis
1678 1557 1705 1580 et

913 1598 966 1625 ﬁde
982 1603 1009 1625 et
1029 1598 1159 1632 operibus
1175 1607 1181 1625 :
1198 1598 1298 1633 quibus
1314 1607 1368 1625 non
1388 1599 1614 1632 subsistentibus,
1631 1600 1703 1626 bona

913 1649 975 1679 post
1000 1650 1118 1671 mortem
1149 1644 1182 1671 ad
1205 1644 1300 1671 ﬁsmm
1317 1647 1488 1679 perveniunt.
1506 1645 1640 1672 Caeterum
1658 1645 1705 1680 qui

915 1689 1079 1716 Samaritani
1106 1693 1194 1716 terras
1211 1690 1321 1722 colunt,
1350 1694 1477 1724 parentes
1494 1696 1576 1725 atque
1600 1691 1704 1718 liberos

913 1743 979 1763 suos
997 1735 1120 1763 [Heredes
1135 1735 1266 1767 scribere,
1284 1740 1367 1770 atque
1385 1736 1450 1771 ipsis
1460 1741 1488 1763 et
1500 1744 1532 1763 ex
1548 1741 1705 1765 ttansverso

914 1779 1077 1817 [cognatis],
1097 1782 1204 1808 tantetsi
1215 1781 1381 1808 Samaritani
1398 1783 1464 1815 sint,
1477 1782 1567 1817 legare
1579 1787 1703 1817 possunt.

914 1826 992 1860 Quod
1012 1827 1035 1854 si
1047 1826 1143 1854 horum
1158 1827 1249 1854 nullus
1264 1827 1310 1859 sit,
1332 1827 1427 1862 praedii
1442 1828 1468 1854 in
1486 1836 1541 1863 quo
1554 1827 1633 1863 351
1657 1829 1706 1856 de-

915 1870 1026 1898 functus
1037 1871 1251 1906 agricolabalur,
1268 1872 1397 1899 dominus
1411 1873 1592 1900 substantiam
1610 1873 1683 1908 capit
1696 1881 1704 1900 :

914 1910 1028 1951 [quippe
1047 1916 1106 1952 qui]
1130 1916 1217 1944 vicem
1233 1917 1290 1944 ﬁsci
1314 1917 1342 1944 in
1362 1918 1414 1944 hoc
1427 1918 1559 1945 obtineat.

948 2007 1067 2034 Constil.
1083 2008 1109 2039 5,
1123 2007 1163 2035 tit.
1175 2008 1193 2034 Ξ
1205 2007 1380 2035 Novellarum
1396 2008 1463 2035 dicit
1478 2017 1484 2035 :
1501 2008 1596 2036 Nullus
1618 2009 1704 2036 Incre-

914 2054 983 2080 ticus
999 2061 1046 2088 per
1058 2054 1270 2080 conductionent
1287 2058 1334 2080 aut
1347 2055 1557 2089 etnpltyteusim,
1575 2059 1622 2081 ant
1646 2064 1705 2081 etn-

915 2099 1048 2133 ptionem,
1058 2103 1105 2126 aut
1118 2099 1171 2126 alio
1186 2100 1268 2126 modo
1282 2099 1315 2126 ab
1330 2100 1447 2126 Ecclesia
1458 2101 1545 2127 aliove
1557 2101 1704 2128 venerabili

915 2144 978 2170 loco
991 2151 1036 2170 res
1052 2143 1206 2171 immobiles
1225 2144 1325 2178 capito.
1343 2144 1451 2178 Alioqui
1478 2145 1621 2172 haereticus
1643 2154 1705 2180 quae

67 2187 135 2212 ἐπεὶ
147 2188 161 2212 6
173 2187 223 2221 μὲν
237 2188 374 2222 αἱρετικὺς
389 2188 424 2214 τὰ
448 2189 515 2223 παρ’
528 2188 610 2214 αὑτοῦ
638 2188 747 2214 δοθέντα
760 2189 806 2214 ἐπὶ
828 2189 861 2223 τῇ

916 2189 967 2216 hac
987 2189 1020 2216 de
1035 2197 1117 2216 causa
1135 2189 1219 2220 dedit,
1235 2189 1372 2216 amittito:
1393 2197 1436 2216 res
1453 2194 1544 2217 autem
1559 2191 1591 2218 ad
1614 2191 1703 2217 locum

66 2232 186 2269 τοιαύτῃ
198 2234 272 2269 αἰτίᾳ
279 2234 431 2266 ἀπολλύτω,
442 2235 472 2260 τὸ
481 2235 509 2261 δὲ
531 2235 647 2269 πρᾶγμα
656 2234 863 2269 ἐπανατρεχέτω

67 2281 110 2312 είς
123 2280 170 2306 τὸν
187 2279 270 2307 τόπον
280 2281 310 2314 ἐξ
327 2278 358 2308 οὗ
376 2281 470 2315 ἐδόθη-
482 2282 497 2307 6
521 2281 550 2307 δὲ
579 2280 702 2313 δεδωκὼς
725 2281 864 2316 διοικητὴς

67 2325 195 2360 εἴργεται
209 2325 256 2352 τοῦ
273 2326 367 2352 λοιποῦ
386 2326 476 2361 πάσης
494 2325 544 2360 τῆς
564 2325 735 2360 διοικήσεως,
753 2327 800 2351 καὶ
813 2334 864 2360 μο-

68 2371 213 2404 ναστηρίῳ
227 2370 404 2404 ἐμϐάλλεται,
427 2371 475 2397 καὶ
503 2371 550 2396 ὲπί
578 2370 699 2396 ἐνιαυτὸν
716 2370 765 2403 τῆς
781 2370 863 2403 ἁγίας

67 2415 218 2446 κοινωνίας
233 2416 379 2450 χωρίζεται
399 2424 405 2430 ·
425 2417 442 2451 ἡ
464 2415 533 2450 αὑτὴ
560 2415 589 2441 δὲ
613 2415 684 2441 διὰτ.
700 2415 792 2450 φησιν.
810 2415 862 2448 ὅτι,

74 2462 142 2489 Ἐάν
158 2470 200 2494 τις
215 2462 270 2488 τῶν
282 2462 438 2498 αἱρετικῶν.
456 2460 496 2493 οἷς
521 2460 751 2496 συναριθμοῦνται
765 2460 865 2487 Neam.

68 2508 163 2543 ριανοὶ
176 2508 224 2534 καὶ
237 2507 447 2542 Εὐτυχιανισταὶ
475 2507 522 2534 καὶ
551 2506 706 2540 Ἀκέφαλοι,
733 2506 864 2541 τολμήσοι

66 2552 248 2587 καταγώγιον
261 2554 310 2588 τῆς
321 2553 388 2584 ἰδίας
400 2553 548 2588 θρησκείας
568 2553 691 2588 ποιῆσαι,
708 2551 724 2587 ἢ
743 2551 863 2578 Ἰουδαῖοι

65 2599 136 2626 νέαν
152 2599 325 2634 συναγωγὴν,
355 2599 497 2626 ἐκδικείτω
527 2598 597 2625 αὐτὰ
618 2599 635 2633 ή
663 2598 823 2632 Ἐκκλησία·
839 2598 864 2623 εί

66 2647 98 2673 δὲ
110 2645 305 2679 ἑνεφὺτευσεν,
322 2645 338 2682 ἢ
355 2645 519 2680 ἐμίσθωσεν,
533 2645 551 2679 ἢ
567 2643 692 2671 ὁπωσοῦν
704 2645 744 2675 είς
762 2644 864 2678 διοίκη-

67 2700 113 2718 σιν
124 2692 227 2718 δέδωκε
237 2692 350 2727 τοιούτῳ
363 2690 514 2727 προσώπῳ,
523 2691 547 2716 εί
559 2690 608 2725 μὲν
620 2690 698 2722 εἰδὼς
708 2691 722 2716 6
732 2689 864 2724 δεσπότης

68 2737 214 2773 αἱρετικὸς
231 2737 335 2772 ἔπραξε
371 2736 464 2770 τοῦτο,
479 2737 568 2767 πάσας
582 2735 631 2767 τὰς
647 2734 796 2771 προσόδους
818 2734 865 2760 τοῦ

69 2784 172 2818 χρόνου
188 2783 234 2810 τοῦ
249 2784 472 2818 συναλλάγματος
489 2784 506 2818 ἠ
521 2781 670 2817 Ἐκκλησία
683 2781 732 2815 τῆς
747 2780 861 2811 πόλεως,

71 2828 116 2862 ὑφ’
134 2828 169 2863 ἢν
185 2829 202 2863 ἡ
217 2828 313 2864 κτῆσις
326 2829 472 2861 διάκειται,
486 2828 590 2855 ἐκδικεί
601 2836 607 2842 ·
624 2826 765 2861 ἀγνοοῦντι
783 2826 811 2852 δὲ
825 2826 863 2860 τῷ

914 2243 946 2262 ex
964 2242 1019 2270 quo
1034 2235 1096 2262 data
1116 2240 1158 2262 est
1184 2236 1318 2262 recurrito
1336 2244 1344 2262 :
1361 2235 1534 2270 dispensator
1550 2243 1640 2263 autent
1656 2237 1703 2271 qui

914 2280 988 2307 dedit
1001 2281 1034 2307 de
1051 2285 1150 2308 caatero
1175 2288 1190 2307 a
1207 2281 1411 2315 dispensatione
1428 2286 1544 2313 arcct0r,
1559 2287 1585 2308 et
1601 2281 1627 2308 in
1641 2290 1703 2309 mo-

916 2326 1066 2353 nasterium
1084 2326 1241 2361 conjicitor,
1269 2331 1295 2353 ct
1308 2334 1355 2361 per
1376 2334 1477 2353 annum
1490 2335 1505 2354 a
1520 2332 1613 2354 sancta
1627 2336 1703 2354 com~

915 2371 1046 2398 munione
1061 2376 1228 2406 segregator.
1245 2371 1349 2399 Rttt'Sus
1360 2373 1455 2398 cadent
1470 2373 1579 2398 constit.
1596 2373 1634 2399 ait
1651 2382 1658 2399 :
1675 2372 1703 2399 Si

915 2418 978 2452 quis
996 2418 1199 2449 luereticorntn,
1209 2418 1310 2452 quibus
1323 2423 1557 2444 connumelantur
1566 2417 1704 2445 Nestoriu-

915 2463 954 2494 ni,
981 2462 1209 2497 Entycltianistze,
1238 2466 1266 2489 et
1284 2462 1413 2496 Accpltali
1427 2482 1435 2494 ,
1455 2463 1612 2497 speluncam
1633 2463 1705 2490 ausit

914 2507 1056 2541 religionis
1077 2515 1133 2534 sua:
1148 2507 1328 2537 exaediﬁcare.
1344 2513 1391 2534 aut
1405 2506 1488 2534 Jndmi
1503 2515 1598 2534 novam
1614 2508 1703 2544 Syna-

915 2561 1010 2588 gogatn
1027 2557 1169 2580 exstruere
1187 2562 1193 2580 :
1212 2554 1268 2580 haec
1278 2551 1399 2580 Ecclesia
1415 2553 1560 2580 vindicato.
1578 2553 1604 2580 St
1618 2553 1703 2590 [quis]

915 2606 978 2625 vero
992 2598 1157 2634 [quippiam]
1172 2598 1325 2633 hujusmodi
1339 2606 1462 2633 persona:
1475 2598 1500 2624 in
1512 2598 1703 2633 emphytensin

914 2644 1030 2677 dederit,
1044 2649 1092 2671 aut
1106 2644 1248 2675 locavcrit.
1264 2649 1312 2670 aut
1328 2643 1576 2678 quontodocunque
1587 2644 1705 2670 admini-

916 2691 1060 2719 strattdum
1080 2693 1248 2719 concesserit
1266 2699 1273 2717 :
1289 2696 1316 2718 ct
1329 2691 1438 2725 quidem
1455 2690 1613 2717 btereticum
1629 2690 1704 2716 illum

916 2737 999 2774 [esse]
1022 2738 1113 2766 sciens
1145 2737 1171 2764 id
1192 2737 1288 2764 fecerit
1304 2746 1311 2763 ι
1327 2744 1423 2764 omnes
1449 2736 1553 2763 reditus
1583 2735 1703 2770 quandiu

915 2789 1073 2811 contractus
1083 2783 1174 2816 durat,
1187 2783 1308 2811 Ecclesia
1326 2782 1455 2815 civitatis,
1467 2782 1518 2810 sub
1530 2789 1584 2815 qua
1597 2787 1705 2815 posses-

916 2830 956 2857 sio
972 2829 1023 2856 sita
1043 2833 1084 2856 est
1097 2848 1104 2860 ,
1135 2828 1255 2856 vindicat
1271 2837 1277 2854 ε
1293 2829 1335 2856 sin
1362 2828 1511 2863 ignorans,
1536 2825 1641 2854 nullum
1663 2823 1701 2854 iul
