  <div class='ocr_page' id='page_1' title='image "/cluster/home/n/w/nwhite01/storage/ocr_20150623/104/njp.32101077772885/425.png"; bbox 0 0 1951 3071; ppageno 0'>
   <div class='ocr_carea' id='block_1_1' title="bbox 270 130 323 162">
    <p class='ocr_par' dir='ltr' id='par_1_1' title="bbox 270 130 323 162">
     <span class='ocr_line' id='line_1_1' title="bbox 270 130 323 162; baseline 0.019 -1"><span class='ocrx_word' id='word_1_1' title='bbox 270 130 323 162; x_wconf 86' lang='grc'><strong>835</strong></span> 
     </span>
    </p>
   </div>
   <div class='ocr_carea' id='block_1_2' title="bbox 858 125 1352 170">
    <p class='ocr_par' dir='ltr' id='par_1_2' title="bbox 858 125 1352 170">
     <span class='ocr_line' id='line_1_2' title="bbox 858 125 1352 170; baseline 0.008 -4"><span class='ocrx_word' id='word_1_2' title='bbox 858 136 989 167; x_wconf 88' lang='lat' dir='ltr'><strong>PHOTII</strong></span> <span class='ocrx_word' id='word_1_3' title='bbox 1010 136 1264 169; x_wconf 66' lang='lat' dir='ltr'><strong>PATRIARCHE</strong></span> <span class='ocrx_word' id='word_1_4' title='bbox 1284 125 1352 170; x_wconf 31' lang='lat' dir='ltr'><strong>cr.‘</strong></span> 
     </span>
    </p>
   </div>
   <div class='ocr_carea' id='block_1_3' title="bbox 1828 145 1885 177">
    <p class='ocr_par' dir='ltr' id='par_1_3' title="bbox 1828 145 1885 177">
     <span class='ocr_line' id='line_1_3' title="bbox 1828 145 1885 177; baseline 0 -1"><span class='ocrx_word' id='word_1_5' title='bbox 1828 145 1871 177; x_wconf 80' lang='lat'><strong><em>836</em></strong></span> <span class='ocrx_word' id='word_1_6' title='bbox 1881 165 1885 168; x_wconf 94' lang='lat'><strong><em>-</em></strong></span> 
     </span>
    </p>
   </div>
   <div class='ocr_carea' id='block_1_4' title="bbox 269 186 1049 235">
    <p class='ocr_par' dir='ltr' id='par_1_4' title="bbox 269 186 1049 226">
     <span class='ocr_line' id='line_1_4' title="bbox 269 186 1049 226; baseline 0.01 -13"><span class='ocrx_word' id='word_1_7' title='bbox 269 187 398 214; x_wconf 88' lang='lat' dir='ltr'><strong>damnum</strong></span> <span class='ocrx_word' id='word_1_8' title='bbox 410 186 529 216; x_wconf 85' lang='lat' dir='ltr'><strong>obvenit.</strong></span> <span class='ocrx_word' id='word_1_9' title='bbox 547 188 698 219; x_wconf 81' lang='lat' dir='ltr'><strong>Haereticus</strong></span> <span class='ocrx_word' id='word_1_10' title='bbox 711 190 802 218; x_wconf 70' lang='lat' dir='ltr'><strong>aute‘m</strong></span> <span class='ocrx_word' id='word_1_11' title='bbox 815 191 842 218; x_wconf 91' lang='lat' dir='ltr'><strong>in</strong></span> <span class='ocrx_word' id='word_1_12' title='bbox 858 196 973 226; x_wconf 90' lang='lat' dir='ltr'><strong>utroque</strong></span> <span class='ocrx_word' id='word_1_13' title='bbox 986 200 1049 221; x_wconf 85' lang='lat' dir='ltr'><strong>casu</strong></span> 
     </span>
    </p>
   </div>
   <div class='ocr_carea' id='block_1_5' title="bbox 1107 186 1871 235">
    <p class='ocr_par' dir='ltr' id='par_1_5' title="bbox 1107 194 1871 235">
     <span class='ocr_line' id='line_1_5' title="bbox 1107 194 1871 235; baseline 0.008 -14"><span class='ocrx_word' id='word_1_14' title='bbox 1107 194 1222 230; x_wconf 81' lang='grc' dir='ltr'><strong>δεσπότῃ</strong></span> <span class='ocrx_word' id='word_1_15' title='bbox 1234 216 1242 228; x_wconf 83' lang='grc'><strong>,</strong></span> <span class='ocrx_word' id='word_1_16' title='bbox 1251 195 1362 230; x_wconf 80' lang='grc' dir='ltr'><strong>οὐδεμία</strong></span> <span class='ocrx_word' id='word_1_17' title='bbox 1378 196 1554 230; x_wconf 82' lang='grc' dir='ltr'><strong>προσγίνεται</strong></span> <span class='ocrx_word' id='word_1_18' title='bbox 1568 196 1655 232; x_wconf 81' lang='grc' dir='ltr'>ζημία</span> <span class='ocrx_word' id='word_1_19' title='bbox 1665 205 1671 214; x_wconf 90' lang='grc'><strong>·</strong></span> <span class='ocrx_word' id='word_1_20' title='bbox 1687 198 1702 225; x_wconf 84' lang='grc' dir='ltr'>ὁ</span> <span class='ocrx_word' id='word_1_21' title='bbox 1718 199 1745 225; x_wconf 80' lang='grc' dir='ltr'>δὲ</span> <span class='ocrx_word' id='word_1_22' title='bbox 1759 199 1871 235; x_wconf 78' lang='grc' dir='ltr'>αἰρετικὺς</span> 
     </span>
    </p>
   </div>
   <div class='ocr_carea' id='block_1_6' title="bbox 268 233 1056 273">
    <p class='ocr_par' dir='ltr' id='par_1_6' title="bbox 268 233 1056 273">
     <span class='ocr_line' id='line_1_6' title="bbox 268 233 1056 273; baseline 0.009 -15"><span class='ocrx_word' id='word_1_23' title='bbox 268 237 296 259; x_wconf 83' lang='lat' dir='ltr'><strong>et</strong></span> <span class='ocrx_word' id='word_1_24' title='bbox 319 233 492 267; x_wconf 81' lang='lat' dir='ltr'><strong>possessione</strong></span> <span class='ocrx_word' id='word_1_25' title='bbox 516 235 656 270; x_wconf 80' lang='lat' dir='ltr'><strong>abigitur,</strong></span> <span class='ocrx_word' id='word_1_26' title='bbox 684 241 711 264; x_wconf 88' lang='lat' dir='ltr'><strong>et</strong></span> <span class='ocrx_word' id='word_1_27' title='bbox 741 236 820 273; x_wconf 86' lang='lat' dir='ltr'><strong>[ejus</strong></span> <span class='ocrx_word' id='word_1_28' title='bbox 841 237 932 273; x_wconf 83' lang='lat' dir='ltr'><strong>bona]</strong></span> <span class='ocrx_word' id='word_1_29' title='bbox 967 238 1056 273; x_wconf 87' lang='lat' dir='ltr'><strong>publi-</strong></span> 
     </span>
    </p>
   </div>
   <div class='ocr_carea' id='block_1_7' title="bbox 269 283 377 305">
    <p class='ocr_par' dir='ltr' id='par_1_7' title="bbox 269 283 377 305">
     <span class='ocr_line' id='line_1_7' title="bbox 269 283 377 305; baseline 0 0"><span class='ocrx_word' id='word_1_30' title='bbox 269 283 377 305; x_wconf 85' lang='lat' dir='ltr'><strong>cantur.</strong></span> 
     </span>
    </p>
   </div>
   <div class='ocr_carea' id='block_1_8' title="bbox 1110 239 1872 278">
    <p class='ocr_par' dir='ltr' id='par_1_8' title="bbox 1110 239 1872 278">
     <span class='ocr_line' id='line_1_8' title="bbox 1110 239 1872 278; baseline 0.008 -13"><span class='ocrx_word' id='word_1_31' title='bbox 1110 239 1152 274; x_wconf 80' lang='grc' dir='ltr'>ἐφ’</span> <span class='ocrx_word' id='word_1_32' title='bbox 1169 240 1299 274; x_wconf 84' lang='grc' dir='ltr'>ἐκατέρου</span> <span class='ocrx_word' id='word_1_33' title='bbox 1323 239 1460 274; x_wconf 81' lang='grc' dir='ltr'>θέματος,</span> <span class='ocrx_word' id='word_1_34' title='bbox 1481 241 1528 268; x_wconf 83' lang='grc' dir='ltr'><strong>καὶ</strong></span> <span class='ocrx_word' id='word_1_35' title='bbox 1558 242 1608 277; x_wconf 80' lang='grc' dir='ltr'>τῆς</span> <span class='ocrx_word' id='word_1_36' title='bbox 1630 243 1754 278; x_wconf 79' lang='grc' dir='ltr'>κτήσεως</span> <span class='ocrx_word' id='word_1_37' title='bbox 1775 244 1872 271; x_wconf 78' lang='grc' dir='ltr'>ἀπελαύ-</span> 
     </span>
    </p>
   </div>
   <div class='ocr_carea' id='block_1_9' title="bbox 1107 284 1421 320">
    <p class='ocr_par' dir='ltr' id='par_1_9' title="bbox 1107 284 1421 320">
     <span class='ocr_line' id='line_1_9' title="bbox 1107 284 1421 320; baseline 0.003 -9"><span class='ocrx_word' id='word_1_38' title='bbox 1107 293 1183 312; x_wconf 84' lang='grc' dir='ltr'>νεται</span> <span class='ocrx_word' id='word_1_39' title='bbox 1199 285 1246 312; x_wconf 76' lang='grc' dir='ltr'>καὶ</span> <span class='ocrx_word' id='word_1_40' title='bbox 1263 284 1294 320; x_wconf 88' lang='grc' dir='ltr'><strong>δη</strong></span> <span class='ocrx_word' id='word_1_41' title='bbox 1299 284 1421 320; x_wconf 85' lang='grc' dir='ltr'>μεύεται.</span> 
     </span>
    </p>
   </div>
   <div class='ocr_carea' id='block_1_10' title="bbox 275 376 1868 399">
    <p class='ocr_par' dir='ltr' id='par_1_10' title="bbox 275 376 1868 399">
     <span class='ocr_line' id='line_1_10' title="bbox 275 376 1868 399; baseline 0 -12"><span class='ocrx_word' id='word_1_42' title='bbox 275 376 1868 399; x_wconf 80' lang='lat'><strong>._________._._______________</strong></span> 
     </span>
    </p>
   </div>
   <div class='ocr_carea' id='block_1_11' title="bbox 920 459 1235 503">
    <p class='ocr_par' dir='ltr' id='par_1_11' title="bbox 920 459 1235 503">
     <span class='ocr_line' id='line_1_11' title="bbox 920 459 1235 503; baseline 0.003 -3"><span class='ocrx_word' id='word_1_43' title='bbox 920 459 1122 503; x_wconf 88' lang='grc' dir='ltr'><strong>ΤΙΤΛΟΣ</strong></span> <span class='ocrx_word' id='word_1_44' title='bbox 1159 461 1235 503; x_wconf 86' lang='grc' dir='ltr'><strong>ΙΑ¹.</strong></span> 
     </span>
    </p>
   </div>
   <div class='ocr_carea' id='block_1_12' title="bbox 769 547 1390 580">
    <p class='ocr_par' dir='ltr' id='par_1_12' title="bbox 769 547 1390 580">
     <span class='ocr_line' id='line_1_12' title="bbox 769 547 1390 580; baseline 0.008 -5"><span class='ocrx_word' id='word_1_45' title='bbox 769 547 849 575; x_wconf 80' lang='grc' dir='ltr'><strong>ΠΕΡΙ</strong></span> <span class='ocrx_word' id='word_1_46' title='bbox 866 548 1115 576; x_wconf 76' lang='grc' dir='ltr'><strong>ΜΟΝΑΣΤΗΡΙΩΝ</strong></span> <span class='ocrx_word' id='word_1_47' title='bbox 1132 550 1193 577; x_wconf 78' lang='grc' dir='ltr'><strong>ΚΑΙ</strong></span> <span class='ocrx_word' id='word_1_48' title='bbox 1212 551 1390 580; x_wconf 80' lang='grc' dir='ltr'><strong>ΜΟΝΑΧΩΝ.</strong></span> 
     </span>
    </p>
   </div>
   <div class='ocr_carea' id='block_1_13' title="bbox 901 712 1245 752">
    <p class='ocr_par' dir='ltr' id='par_1_13' title="bbox 901 712 1245 752">
     <span class='ocr_line' id='line_1_13' title="bbox 901 712 1245 752; baseline 0 -2"><span class='ocrx_word' id='word_1_49' title='bbox 901 712 1132 752; x_wconf 89' lang='lat' dir='ltr'><strong>TITULUS</strong></span> <span class='ocrx_word' id='word_1_50' title='bbox 1169 713 1245 752; x_wconf 83' lang='lat' dir='ltr'><strong>XI.</strong></span> 
     </span>
    </p>
   </div>
   <div class='ocr_carea' id='block_1_14' title="bbox 793 798 1362 829">
    <p class='ocr_par' dir='ltr' id='par_1_14' title="bbox 793 798 1362 829">
     <span class='ocr_line' id='line_1_14' title="bbox 793 798 1362 829; baseline 0.005 -3"><span class='ocrx_word' id='word_1_51' title='bbox 793 799 837 826; x_wconf 90' lang='lat' dir='ltr'><strong>DE</strong></span> <span class='ocrx_word' id='word_1_52' title='bbox 858 798 1093 827; x_wconf 78' lang='lat' dir='ltr'><strong>MONASTERIIS</strong></span> <span class='ocrx_word' id='word_1_53' title='bbox 1112 800 1157 828; x_wconf 85' lang='lat' dir='ltr'><strong>ET</strong></span> <span class='ocrx_word' id='word_1_54' title='bbox 1174 800 1362 829; x_wconf 76' lang='lat' dir='ltr'><strong>MONACHIS.</strong></span> 
     </span>
    </p>
   </div>
   <div class='ocr_carea' id='block_1_15' title="bbox 300 889 1049 929">
    <p class='ocr_par' dir='ltr' id='par_1_15' title="bbox 300 889 1048 927">
     <span class='ocr_line' id='line_1_15' title="bbox 300 889 1048 927; baseline 0 -9"><span class='ocrx_word' id='word_1_55' title='bbox 300 891 380 927; x_wconf 76' lang='lat'><strong>352</strong></span> <span class='ocrx_word' id='word_1_56' title='bbox 391 889 505 918; x_wconf 76' lang='lat' dir='ltr'><strong>CAPUT</strong></span> <span class='ocrx_word' id='word_1_57' title='bbox 523 890 621 918; x_wconf 84' lang='lat' dir='ltr'><strong>l.—De</strong></span> <span class='ocrx_word' id='word_1_58' title='bbox 631 891 851 918; x_wconf 80' lang='lat' dir='ltr'><strong>monasteriorum</strong></span> <span class='ocrx_word' id='word_1_59' title='bbox 863 893 1048 926; x_wconf 70' lang='lat' dir='ltr'><strong>a&#39;diﬁcnnone,</strong></span> 
     </span>
    </p>
   </div>
   <div class='ocr_carea' id='block_1_16' title="bbox 1107 889 1880 929">
    <p class='ocr_par' dir='ltr' id='par_1_16' title="bbox 1136 889 1880 929">
     <span class='ocr_line' id='line_1_16' title="bbox 1136 889 1880 929; baseline 0.011 -14"><span class='ocrx_word' id='word_1_60' title='bbox 1136 889 1260 916; x_wconf 80' lang='grc' dir='ltr'><strong>ΚΕΦΑΛ.</strong></span> <span class='ocrx_word' id='word_1_61' title='bbox 1274 890 1313 917; x_wconf 80' lang='lat' dir='ltr'><strong>A&#39;.</strong></span> <span class='ocrx_word' id='word_1_62' title='bbox 1325 904 1361 910; x_wconf 92' lang='lat'><strong>—</strong></span> <span class='ocrx_word' id='word_1_63' title='bbox 1372 891 1822 929; x_wconf 73' lang='grc' dir='ltr'>Περὶποιήσεωςμοναστηρίων·</span> <span class='ocrx_word' id='word_1_64' title='bbox 1833 897 1880 923; x_wconf 75' lang='grc' dir='ltr'><strong>και</strong></span> 
     </span>
    </p>
   </div>
   <div class='ocr_carea' id='block_1_17' title="bbox 265 937 1052 972">
    <p class='ocr_par' dir='ltr' id='par_1_17' title="bbox 265 937 1052 972">
     <span class='ocr_line' id='line_1_17' title="bbox 265 937 1052 972; baseline -0.001 -8"><span class='ocrx_word' id='word_1_65' title='bbox 265 942 290 964; x_wconf 82' lang='lat' dir='ltr'><strong>et</strong></span> <span class='ocrx_word' id='word_1_66' title='bbox 302 945 332 964; x_wconf 86' lang='lat' dir='ltr'><strong>ne</strong></span> <span class='ocrx_word' id='word_1_67' title='bbox 342 937 397 964; x_wconf 71' lang='lat' dir='ltr'><strong>lucc</strong></span> <span class='ocrx_word' id='word_1_68' title='bbox 408 937 504 971; x_wconf 79' lang='lat' dir='ltr'><strong>privati</strong></span> <span class='ocrx_word' id='word_1_69' title='bbox 517 937 591 972; x_wconf 74' lang='lat' dir='ltr'><strong>juris</strong></span> <span class='ocrx_word' id='word_1_70' title='bbox 605 937 668 969; x_wconf 79' lang='lat' dir='ltr'><strong>sint,</strong></span> <span class='ocrx_word' id='word_1_71' title='bbox 678 942 703 963; x_wconf 89' lang='lat' dir='ltr'><strong>et</strong></span> <span class='ocrx_word' id='word_1_72' title='bbox 717 937 748 963; x_wconf 86' lang='lat' dir='ltr'><strong>de</strong></span> <span class='ocrx_word' id='word_1_73' title='bbox 765 937 951 964; x_wconf 80' lang='lat' dir='ltr'><strong>monachorum</strong></span> <span class='ocrx_word' id='word_1_74' title='bbox 965 937 1052 964; x_wconf 69' lang='lat' dir='ltr'><strong>rebus.</strong></span> 
     </span>
    </p>
   </div>
   <div class='ocr_carea' id='block_1_18' title="bbox 369 1037 947 1070">
    <p class='ocr_par' dir='ltr' id='par_1_18' title="bbox 369 1037 947 1070">
     <span class='ocr_line' id='line_1_18' title="bbox 369 1037 947 1070; baseline 0.002 -5"><span class='ocrx_word' id='word_1_75' title='bbox 369 1038 482 1066; x_wconf 81' lang='lat' dir='ltr'><strong>Coucilii</strong></span> <span class='ocrx_word' id='word_1_76' title='bbox 496 1038 713 1066; x_wconf 74' lang='lat' dir='ltr'><strong>Chalcedonensis</strong></span> <span class='ocrx_word' id='word_1_77' title='bbox 727 1046 838 1066; x_wconf 75' lang='lat' dir='ltr'><strong>canones</strong></span> <span class='ocrx_word' id='word_1_78' title='bbox 859 1037 886 1070; x_wconf 71' lang='grc'>4,</span> <span class='ocrx_word' id='word_1_79' title='bbox 901 1039 947 1066; x_wconf 70' lang='grc'><strong>24.</strong></span> 
     </span>
    </p>
   </div>
   <div class='ocr_carea' id='block_1_19' title="bbox 299 1083 841 1120">
    <p class='ocr_par' dir='ltr' id='par_1_19' title="bbox 299 1083 841 1120">
     <span class='ocr_line' id='line_1_19' title="bbox 299 1083 841 1120; baseline -0.002 -8"><span class='ocrx_word' id='word_1_80' title='bbox 299 1085 327 1112; x_wconf 72' lang='grc'><strong>4.</strong></span> <span class='ocrx_word' id='word_1_81' title='bbox 341 1083 393 1117; x_wconf 85' lang='lat' dir='ltr'><strong>Qui</strong></span> <span class='ocrx_word' id='word_1_82' title='bbox 411 1092 472 1111; x_wconf 83' lang='lat' dir='ltr'><strong>vere</strong></span> <span class='ocrx_word' id='word_1_83' title='bbox 485 1090 512 1111; x_wconf 89' lang='lat' dir='ltr'><strong>et</strong></span> <span class='ocrx_word' id='word_1_84' title='bbox 528 1085 633 1111; x_wconf 87' lang='lat' dir='ltr'><strong>sincere</strong></span> <span class='ocrx_word' id='word_1_85' title='bbox 646 1104 653 1116; x_wconf 90' lang='lat'><em>,</em></span> <span class='ocrx_word' id='word_1_86' title='bbox 669 1089 697 1110; x_wconf 88' lang='lat' dir='ltr'><strong>ut</strong></span> <span class='ocrx_word' id='word_1_87' title='bbox 707 1092 767 1120; x_wconf 87' lang='lat' dir='ltr'><strong>pag.</strong></span> <span class='ocrx_word' id='word_1_88' title='bbox 780 1085 841 1111; x_wconf 77' lang='grc'><strong>754.</strong></span> 
     </span>
    </p>
   </div>
   <div class='ocr_carea' id='block_1_20' title="bbox 300 1128 1053 1163">
    <p class='ocr_par' dir='ltr' id='par_1_20' title="bbox 300 1128 1053 1163">
     <span class='ocr_line' id='line_1_20' title="bbox 300 1128 1053 1163; baseline 0 -8"><span class='ocrx_word' id='word_1_89' title='bbox 300 1129 346 1156; x_wconf 75' lang='grc'><strong>24.</strong></span> <span class='ocrx_word' id='word_1_90' title='bbox 380 1128 446 1161; x_wconf 85' lang='lat' dir='ltr'><strong>Quae</strong></span> <span class='ocrx_word' id='word_1_91' title='bbox 475 1128 559 1156; x_wconf 82' lang='lat' dir='ltr'><strong>semel</strong></span> <span class='ocrx_word' id='word_1_92' title='bbox 580 1129 720 1156; x_wconf 89' lang='lat' dir='ltr'><strong>voluntate</strong></span> <span class='ocrx_word' id='word_1_93' title='bbox 744 1129 861 1163; x_wconf 87' lang='lat' dir='ltr'><strong>episcopi</strong></span> <span class='ocrx_word' id='word_1_94' title='bbox 897 1131 1053 1156; x_wconf 84' lang='lat' dir='ltr'><strong>consecrata</strong></span> 
     </span>
    </p>
   </div>
   <div class='ocr_carea' id='block_1_21' title="bbox 265 1172 1052 1207">
    <p class='ocr_par' dir='ltr' id='par_1_21' title="bbox 265 1172 1052 1207">
     <span class='ocr_line' id='line_1_21' title="bbox 265 1172 1052 1207; baseline -0.004 -7"><span class='ocrx_word' id='word_1_95' title='bbox 265 1177 328 1201; x_wconf 88' lang='lat' dir='ltr'><strong>sunt</strong></span> <span class='ocrx_word' id='word_1_96' title='bbox 353 1172 532 1205; x_wconf 84' lang='lat' dir='ltr'><strong>monasteria,</strong></span> <span class='ocrx_word' id='word_1_97' title='bbox 549 1177 576 1200; x_wconf 92' lang='lat' dir='ltr'><strong>et</strong></span> <span class='ocrx_word' id='word_1_98' title='bbox 590 1180 633 1199; x_wconf 85' lang='lat' dir='ltr'><strong>res</strong></span> <span class='ocrx_word' id='word_1_99' title='bbox 649 1180 709 1206; x_wconf 71' lang='lat' dir='ltr'><strong>quae</strong></span> <span class='ocrx_word' id='word_1_100' title='bbox 735 1172 767 1199; x_wconf 85' lang='lat' dir='ltr'><strong>ad</strong></span> <span class='ocrx_word' id='word_1_101' title='bbox 788 1180 819 1200; x_wconf 86' lang='lat' dir='ltr'><strong>ea</strong></span> <span class='ocrx_word' id='word_1_102' title='bbox 845 1172 980 1207; x_wconf 86' lang='lat' dir='ltr'><strong>pertinent</strong></span> <span class='ocrx_word' id='word_1_103' title='bbox 994 1179 1052 1199; x_wconf 73' lang='lat' dir='ltr'><strong>ser-</strong></span> 
     </span>
    </p>
   </div>
   <div class='ocr_carea' id='block_1_22' title="bbox 265 1217 1052 1252">
    <p class='ocr_par' dir='ltr' id='par_1_22' title="bbox 265 1217 1052 1252">
     <span class='ocr_line' id='line_1_22' title="bbox 265 1217 1052 1252; baseline 0 -8"><span class='ocrx_word' id='word_1_104' title='bbox 265 1218 333 1250; x_wconf 86' lang='lat' dir='ltr'><strong>vari,</strong></span> <span class='ocrx_word' id='word_1_105' title='bbox 352 1225 438 1252; x_wconf 86' lang='lat' dir='ltr'><strong>eaque</strong></span> <span class='ocrx_word' id='word_1_106' title='bbox 457 1225 509 1245; x_wconf 92' lang='lat' dir='ltr'><strong>non</strong></span> <span class='ocrx_word' id='word_1_107' title='bbox 526 1219 642 1252; x_wconf 86' lang='lat' dir='ltr'><strong>amplius</strong></span> <span class='ocrx_word' id='word_1_108' title='bbox 658 1219 715 1245; x_wconf 87' lang='lat' dir='ltr'><strong>lieri</strong></span> <span class='ocrx_word' id='word_1_109' title='bbox 732 1217 871 1245; x_wconf 63' lang='lat' dir='ltr'><strong>sweularia</strong></span> <span class='ocrx_word' id='word_1_110' title='bbox 888 1217 1052 1244; x_wconf 81' lang='lat' dir='ltr'><strong>habitacula.</strong></span> 
     </span>
    </p>
   </div>
   <div class='ocr_carea' id='block_1_23' title="bbox 265 1262 1053 1298">
    <p class='ocr_par' dir='ltr' id='par_1_23' title="bbox 265 1262 1053 1298">
     <span class='ocr_line' id='line_1_23' title="bbox 265 1262 1053 1298; baseline 0 -9"><span class='ocrx_word' id='word_1_111' title='bbox 265 1262 320 1290; x_wconf 89' lang='lat' dir='ltr'><strong>Eos</strong></span> <span class='ocrx_word' id='word_1_112' title='bbox 331 1268 432 1294; x_wconf 79' lang='lat' dir='ltr'><strong>autem.</strong></span> <span class='ocrx_word' id='word_1_113' title='bbox 447 1263 494 1298; x_wconf 89' lang='lat' dir='ltr'><strong>qui</strong></span> <span class='ocrx_word' id='word_1_114' title='bbox 512 1263 564 1290; x_wconf 89' lang='lat' dir='ltr'><strong>hoc</strong></span> <span class='ocrx_word' id='word_1_115' title='bbox 580 1263 636 1290; x_wconf 83' lang='lat' dir='ltr'><strong>ﬁeri</strong></span> <span class='ocrx_word' id='word_1_116' title='bbox 648 1263 826 1298; x_wconf 86' lang='lat' dir='ltr'><strong>permittunt,</strong></span> <span class='ocrx_word' id='word_1_117' title='bbox 843 1270 979 1290; x_wconf 86' lang='lat' dir='ltr'><strong>canonum</strong></span> <span class='ocrx_word' id='word_1_118' title='bbox 993 1269 1053 1297; x_wconf 71' lang='lat' dir='ltr'><strong>pa:-</strong></span> 
     </span>
    </p>
   </div>
   <div class='ocr_carea' id='block_1_24' title="bbox 264 1308 431 1343">
    <p class='ocr_par' dir='ltr' id='par_1_24' title="bbox 264 1308 431 1343">
     <span class='ocr_line' id='line_1_24' title="bbox 264 1308 431 1343; baseline 0 -9"><span class='ocrx_word' id='word_1_119' title='bbox 264 1308 308 1336; x_wconf 89' lang='lat' dir='ltr'><strong>nis</strong></span> <span class='ocrx_word' id='word_1_120' title='bbox 321 1308 431 1343; x_wconf 87' lang='lat' dir='ltr'><strong>subjici.</strong></span> 
     </span>
    </p>
   </div>
   <div class='ocr_carea' id='block_1_25' title="bbox 417 1453 898 1483">
    <p class='ocr_par' dir='ltr' id='par_1_25' title="bbox 417 1453 898 1483">
     <span class='ocr_line' id='line_1_25' title="bbox 417 1453 898 1483; baseline -0.008 0"><span class='ocrx_word' id='word_1_121' title='bbox 417 1455 530 1483; x_wconf 80' lang='lat' dir='ltr'><strong>Concilii</strong></span> <span class='ocrx_word' id='word_1_122' title='bbox 543 1454 697 1483; x_wconf 73' lang='lat' dir='ltr'><strong>cecurnem&#39;ci</strong></span> <span class='ocrx_word' id='word_1_123' title='bbox 712 1462 737 1481; x_wconf 81' lang='grc' dir='ltr'><strong>νι</strong></span> <span class='ocrx_word' id='word_1_124' title='bbox 752 1461 835 1480; x_wconf 81' lang='lat' dir='ltr'><strong>canon</strong></span> <span class='ocrx_word' id='word_1_125' title='bbox 853 1453 898 1480; x_wconf 70' lang='grc'><strong>49.</strong></span> 
     </span>
    </p>
   </div>
   <div class='ocr_carea' id='block_1_26' title="bbox 296 1496 1054 1529">
    <p class='ocr_par' dir='ltr' id='par_1_26' title="bbox 296 1496 1054 1529">
     <span class='ocr_line' id='line_1_26' title="bbox 296 1496 1054 1529; baseline -0.004 -3"><span class='ocrx_word' id='word_1_126' title='bbox 296 1497 340 1527; x_wconf 65' lang='lat'><strong>49.</strong></span> <span class='ocrx_word' id='word_1_127' title='bbox 350 1501 537 1529; x_wconf 83' lang='lat' dir='ltr'><strong>Huncsacrum</strong></span> <span class='ocrx_word' id='word_1_128' title='bbox 547 1501 629 1529; x_wconf 88' lang='lat' dir='ltr'><strong>etiam</strong></span> <span class='ocrx_word' id='word_1_129' title='bbox 636 1506 766 1527; x_wconf 79' lang='lat' dir='ltr'><strong>cancuem</strong></span> <span class='ocrx_word' id='word_1_130' title='bbox 790 1501 951 1525; x_wconf 85' lang='lat' dir='ltr'><strong>renovanles</strong></span> <span class='ocrx_word' id='word_1_131' title='bbox 961 1496 1054 1524; x_wconf 86' lang='lat' dir='ltr'><strong>decer-</strong></span> 
     </span>
    </p>
   </div>
   <div class='ocr_carea' id='block_1_27' title="bbox 264 1543 1087 1592">
    <p class='ocr_par' dir='ltr' id='par_1_27' title="bbox 264 1543 1087 1592">
     <span class='ocr_line' id='line_1_27' title="bbox 264 1543 1087 1592; baseline -0.006 -19"><span class='ocrx_word' id='word_1_132' title='bbox 264 1546 372 1577; x_wconf 76' lang='lat' dir='ltr'><strong>nimus.</strong></span> <span class='ocrx_word' id='word_1_133' title='bbox 402 1550 432 1573; x_wconf 89' lang='lat' dir='ltr'><strong>ut</strong></span> <span class='ocrx_word' id='word_1_134' title='bbox 458 1553 519 1579; x_wconf 59' lang='lat' dir='ltr'><strong>quae</strong></span> <span class='ocrx_word' id='word_1_135' title='bbox 546 1544 692 1579; x_wconf 83' lang='lat' dir='ltr'><strong>episcopali</strong></span> <span class='ocrx_word' id='word_1_136' title='bbox 718 1544 856 1572; x_wconf 71' lang='lat' dir='ltr'><strong>voluntate</strong></span> <span class='ocrx_word' id='word_1_137' title='bbox 879 1543 960 1570; x_wconf 81' lang='lat' dir='ltr'><strong>semel</strong></span> <span class='ocrx_word' id='word_1_138' title='bbox 986 1550 1087 1592; x_wconf 75' lang='lat' dir='ltr'><strong>con-C</strong></span> 
     </span>
    </p>
   </div>
   <div class='ocr_carea' id='block_1_28' title="bbox 264 1590 1053 1623">
    <p class='ocr_par' dir='ltr' id='par_1_28' title="bbox 264 1590 1053 1623">
     <span class='ocr_line' id='line_1_28' title="bbox 264 1590 1053 1623; baseline -0.006 -4"><span class='ocrx_word' id='word_1_139' title='bbox 264 1595 369 1620; x_wconf 84' lang='lat' dir='ltr'><strong>secrata</strong></span> <span class='ocrx_word' id='word_1_140' title='bbox 410 1590 514 1618; x_wconf 80' lang='lat' dir='ltr'><strong>iuerint</strong></span> <span class='ocrx_word' id='word_1_141' title='bbox 543 1590 729 1622; x_wconf 83' lang='lat' dir='ltr'><strong>monasteria,</strong></span> <span class='ocrx_word' id='word_1_142' title='bbox 770 1597 878 1623; x_wconf 86' lang='lat' dir='ltr'><strong>semper</strong></span> <span class='ocrx_word' id='word_1_143' title='bbox 917 1592 1053 1615; x_wconf 51' lang='lat' dir='ltr'><strong>monaste.</strong></span> 
     </span>
    </p>
   </div>
   <div class='ocr_carea' id='block_1_29' title="bbox 265 1633 1055 1670">
    <p class='ocr_par' dir='ltr' id='par_1_29' title="bbox 265 1633 1055 1670">
     <span class='ocr_line' id='line_1_29' title="bbox 265 1633 1055 1670; baseline -0.006 -6"><span class='ocrx_word' id='word_1_144' title='bbox 265 1637 306 1664; x_wconf 88' lang='lat' dir='ltr'><strong>ria</strong></span> <span class='ocrx_word' id='word_1_145' title='bbox 327 1641 466 1670; x_wconf 83' lang='lat' dir='ltr'><strong>maneant,</strong></span> <span class='ocrx_word' id='word_1_146' title='bbox 485 1641 512 1663; x_wconf 85' lang='lat' dir='ltr'><strong>et</strong></span> <span class='ocrx_word' id='word_1_147' title='bbox 543 1644 586 1664; x_wconf 86' lang='lat' dir='ltr'><strong>res</strong></span> <span class='ocrx_word' id='word_1_148' title='bbox 614 1643 674 1670; x_wconf 74' lang='lat' dir='ltr'><strong>quae</strong></span> <span class='ocrx_word' id='word_1_149' title='bbox 694 1635 727 1662; x_wconf 82' lang='lat' dir='ltr'><strong>ad</strong></span> <span class='ocrx_word' id='word_1_150' title='bbox 744 1635 802 1669; x_wconf 85' lang='lat' dir='ltr'><strong>ipsa</strong></span> <span class='ocrx_word' id='word_1_151' title='bbox 831 1633 977 1669; x_wconf 77' lang='lat' dir='ltr'><strong>pertinent,</strong></span> <span class='ocrx_word' id='word_1_152' title='bbox 994 1640 1055 1660; x_wconf 71' lang='lat' dir='ltr'><strong>mo:</strong></span> 
     </span>
    </p>
   </div>
   <div class='ocr_carea' id='block_1_30' title="bbox 265 1679 1052 1714">
    <p class='ocr_par' dir='ltr' id='par_1_30' title="bbox 265 1679 1052 1714">
     <span class='ocr_line' id='line_1_30' title="bbox 265 1679 1052 1714; baseline -0.005 -4"><span class='ocrx_word' id='word_1_153' title='bbox 265 1682 386 1710; x_wconf 83' lang='lat' dir='ltr'><strong>nasteria</strong></span> <span class='ocrx_word' id='word_1_154' title='bbox 403 1686 555 1714; x_wconf 79' lang='lat' dir='ltr'><strong>serventur,</strong></span> <span class='ocrx_word' id='word_1_155' title='bbox 573 1685 599 1708; x_wconf 86' lang='lat' dir='ltr'><strong>et</strong></span> <span class='ocrx_word' id='word_1_156' title='bbox 613 1688 644 1708; x_wconf 84' lang='lat' dir='ltr'><strong>ea</strong></span> <span class='ocrx_word' id='word_1_157' title='bbox 659 1689 712 1707; x_wconf 90' lang='lat' dir='ltr'><strong>non</strong></span> <span class='ocrx_word' id='word_1_158' title='bbox 734 1679 840 1714; x_wconf 84' lang='lat' dir='ltr'><strong>possint</strong></span> <span class='ocrx_word' id='word_1_159' title='bbox 856 1687 917 1707; x_wconf 84' lang='lat' dir='ltr'><strong>esse</strong></span> <span class='ocrx_word' id='word_1_160' title='bbox 934 1679 1052 1714; x_wconf 83' lang='lat' dir='ltr'><strong>amplius</strong></span> 
     </span>
    </p>
   </div>
   <div class='ocr_carea' id='block_1_31' title="bbox 269 1724 1051 1759">
    <p class='ocr_par' dir='ltr' id='par_1_31' title="bbox 269 1724 1051 1759">
     <span class='ocr_line' id='line_1_31' title="bbox 269 1724 1051 1759; baseline -0.004 -4"><span class='ocrx_word' id='word_1_161' title='bbox 269 1728 410 1756; x_wconf 68' lang='lat' dir='ltr'><strong>saecularia</strong></span> <span class='ocrx_word' id='word_1_162' title='bbox 422 1727 592 1759; x_wconf 81' lang='lat' dir='ltr'><strong>habitacula,</strong></span> <span class='ocrx_word' id='word_1_163' title='bbox 613 1733 663 1754; x_wconf 85' lang='lat' dir='ltr'><strong>nec</strong></span> <span class='ocrx_word' id='word_1_164' title='bbox 683 1726 718 1753; x_wconf 88' lang='lat' dir='ltr'><strong>ab</strong></span> <span class='ocrx_word' id='word_1_165' title='bbox 740 1725 794 1752; x_wconf 93' lang='lat' dir='ltr'><strong>ullo</strong></span> <span class='ocrx_word' id='word_1_166' title='bbox 810 1733 842 1751; x_wconf 85' lang='lat' dir='ltr'><strong>ex</strong></span> <span class='ocrx_word' id='word_1_167' title='bbox 860 1724 988 1752; x_wconf 83' lang='lat' dir='ltr'><strong>omnibus</strong></span> <span class='ocrx_word' id='word_1_168' title='bbox 1003 1732 1051 1752; x_wconf 63' lang='lat' dir='ltr'><strong>saa-</strong></span> 
     </span>
    </p>
   </div>
   <div class='ocr_carea' id='block_1_32' title="bbox 265 1771 1052 1801">
    <p class='ocr_par' dir='ltr' id='par_1_32' title="bbox 265 1771 1052 1801">
     <span class='ocr_line' id='line_1_32' title="bbox 265 1771 1052 1801; baseline -0.005 0"><span class='ocrx_word' id='word_1_169' title='bbox 265 1774 405 1801; x_wconf 86' lang='lat' dir='ltr'><strong>cularibus</strong></span> <span class='ocrx_word' id='word_1_170' title='bbox 423 1773 493 1799; x_wconf 84' lang='lat' dir='ltr'><strong>tradi</strong></span> <span class='ocrx_word' id='word_1_171' title='bbox 509 1772 677 1799; x_wconf 85' lang='lat' dir='ltr'><strong>hominibus.</strong></span> <span class='ocrx_word' id='word_1_172' title='bbox 699 1771 751 1799; x_wconf 85' lang='lat' dir='ltr'><strong>Sed</strong></span> <span class='ocrx_word' id='word_1_173' title='bbox 766 1771 848 1798; x_wconf 86' lang='lat' dir='ltr'><strong>etiam</strong></span> <span class='ocrx_word' id='word_1_174' title='bbox 876 1771 898 1798; x_wconf 87' lang='lat' dir='ltr'><strong>si</strong></span> <span class='ocrx_word' id='word_1_175' title='bbox 925 1771 975 1797; x_wconf 89' lang='lat' dir='ltr'><strong>hoc</strong></span> <span class='ocrx_word' id='word_1_176' title='bbox 999 1771 1052 1797; x_wconf 81' lang='lat' dir='ltr'><strong>ltu-</strong></span> 
     </span>
    </p>
   </div>
   <div class='ocr_carea' id='block_1_33' title="bbox 265 1817 1051 1853">
    <p class='ocr_par' dir='ltr' id='par_1_33' title="bbox 265 1817 1051 1853">
     <span class='ocr_line' id='line_1_33' title="bbox 265 1817 1051 1853; baseline -0.004 -7"><span class='ocrx_word' id='word_1_177' title='bbox 265 1826 369 1853; x_wconf 83' lang='lat' dir='ltr'><strong>cusque</strong></span> <span class='ocrx_word' id='word_1_178' title='bbox 400 1817 502 1845; x_wconf 83' lang='lat' dir='ltr'><strong>factum</strong></span> <span class='ocrx_word' id='word_1_179' title='bbox 530 1821 583 1849; x_wconf 81' lang='lat' dir='ltr'><strong>est,</strong></span> <span class='ocrx_word' id='word_1_180' title='bbox 606 1817 658 1845; x_wconf 88' lang='lat' dir='ltr'><strong>hoc</strong></span> <span class='ocrx_word' id='word_1_181' title='bbox 684 1825 858 1852; x_wconf 79' lang='lat' dir='ltr'><strong>nequaquam</strong></span> <span class='ocrx_word' id='word_1_182' title='bbox 885 1817 1051 1844; x_wconf 85' lang='lat' dir='ltr'><strong>servandum</strong></span> 
     </span>
    </p>
   </div>
   <div class='ocr_carea' id='block_1_34' title="bbox 264 1861 1052 1897">
    <p class='ocr_par' dir='ltr' id='par_1_34' title="bbox 264 1861 1052 1897">
     <span class='ocr_line' id='line_1_34' title="bbox 264 1861 1052 1897; baseline -0.001 -7"><span class='ocrx_word' id='word_1_183' title='bbox 264 1863 454 1895; x_wconf 85' lang='lat' dir='ltr'><strong>decernimus;</strong></span> <span class='ocrx_word' id='word_1_184' title='bbox 469 1869 517 1889; x_wconf 86' lang='lat' dir='ltr'><strong>eos</strong></span> <span class='ocrx_word' id='word_1_185' title='bbox 536 1867 636 1896; x_wconf 86' lang='lat' dir='ltr'><strong>autem,</strong></span> <span class='ocrx_word' id='word_1_186' title='bbox 660 1863 706 1897; x_wconf 89' lang='lat' dir='ltr'><strong>qui</strong></span> <span class='ocrx_word' id='word_1_187' title='bbox 731 1863 858 1896; x_wconf 78' lang='lat' dir='ltr'><strong>deinceps</strong></span> <span class='ocrx_word' id='word_1_188' title='bbox 884 1863 938 1890; x_wconf 85' lang='lat' dir='ltr'><strong>hoc</strong></span> <span class='ocrx_word' id='word_1_189' title='bbox 961 1861 1052 1889; x_wconf 80' lang='lat' dir='ltr'><strong>facere</strong></span> 
     </span>
    </p>
   </div>
   <div class='ocr_carea' id='block_1_35' title="bbox 266 1908 855 1944">
    <p class='ocr_par' dir='ltr' id='par_1_35' title="bbox 266 1908 855 1944">
     <span class='ocr_line' id='line_1_35' title="bbox 266 1908 855 1944; baseline -0.003 -7"><span class='ocrx_word' id='word_1_190' title='bbox 266 1909 471 1944; x_wconf 78' lang='lat' dir='ltr'><strong>aggrediuntur,</strong></span> <span class='ocrx_word' id='word_1_191' title='bbox 487 1916 624 1936; x_wconf 86' lang='lat' dir='ltr'><strong>canonum</strong></span> <span class='ocrx_word' id='word_1_192' title='bbox 639 1908 729 1944; x_wconf 70' lang='lat' dir='ltr'><strong>ptenis</strong></span> <span class='ocrx_word' id='word_1_193' title='bbox 747 1908 855 1943; x_wconf 80' lang='lat' dir='ltr'><strong>subjici.</strong></span> 
     </span>
    </p>
   </div>
   <div class='ocr_carea' id='block_1_36' title="bbox 263 2011 1051 2050">
    <p class='ocr_par' dir='ltr' id='par_1_36' title="bbox 263 2011 1051 2050">
     <span class='ocr_line' id='line_1_36' title="bbox 263 2011 1051 2050; baseline -0.005 -8"><span class='ocrx_word' id='word_1_194' title='bbox 263 2013 344 2050; x_wconf 77' lang='lat'><strong>353</strong></span> <span class='ocrx_word' id='word_1_195' title='bbox 358 2013 562 2050; x_wconf 52' lang='lat' dir='ltr'><strong>Cayciliiprimi</strong></span> <span class='ocrx_word' id='word_1_196' title='bbox 585 2018 610 2039; x_wconf 89' lang='lat' dir='ltr'><strong>et</strong></span> <span class='ocrx_word' id='word_1_197' title='bbox 635 2012 742 2050; x_wconf 63' lang='lat' dir='ltr'><strong>secundi</strong></span> <span class='ocrx_word' id='word_1_198' title='bbox 767 2011 998 2050; x_wconf 57' lang='lat' dir='ltr'><strong>Constantinopoli</strong></span> <span class='ocrx_word' id='word_1_199' title='bbox 1023 2011 1051 2050; x_wconf 74' lang='lat' dir='ltr'><strong>in</strong></span> 
     </span>
    </p>
   </div>
   <div class='ocr_carea' id='block_1_37' title="bbox 298 2046 1048 2111">
    <p class='ocr_par' dir='ltr' id='par_1_37' title="bbox 298 2046 1048 2111">
     <span class='ocr_line' id='line_1_37' title="bbox 298 2046 1048 2111; baseline -0.005 -35"><span class='ocrx_word' id='word_1_200' title='bbox 298 2046 354 2111; x_wconf 63' lang='grc' dir='ltr'><strong>ἷιξᾶἕ</strong></span> <span class='ocrx_word' id='word_1_201' title='bbox 382 2046 541 2076; x_wconf 79' lang='lat' dir='ltr'><strong>Sanctorum</strong></span> <span class='ocrx_word' id='word_1_202' title='bbox 570 2048 753 2082; x_wconf 72' lang='lat' dir='ltr'><strong>Apostolorum</strong></span> <span class='ocrx_word' id='word_1_203' title='bbox 782 2048 864 2074; x_wconf 80' lang='lat' dir='ltr'><strong>habiti</strong></span> <span class='ocrx_word' id='word_1_204' title='bbox 895 2055 1007 2073; x_wconf 77' lang='lat' dir='ltr'><strong>canones</strong></span> <span class='ocrx_word' id='word_1_205' title='bbox 1037 2046 1048 2072; x_wconf 79' lang='lat' dir='ltr'><strong>l</strong></span> 
     </span>
     <span class='ocr_line' id='line_1_38' title="bbox 299 2088 363 2111; baseline -0.016 0"><span class='ocrx_word' id='word_1_206' title='bbox 299 2090 322 2111; x_wconf 75' lang='lat' dir='ltr'><strong>et</strong></span> <span class='ocrx_word' id='word_1_207' title='bbox 345 2088 363 2110; x_wconf 92' lang='lat'><strong>&#39;.</strong></span> 
     </span>
    </p>
   </div>
   <div class='ocr_carea' id='block_1_38' title="bbox 298 2128 1050 2162">
    <p class='ocr_par' dir='ltr' id='par_1_38' title="bbox 298 2128 1050 2162">
     <span class='ocr_line' id='line_1_39' title="bbox 298 2128 1050 2162; baseline -0.001 -7"><span class='ocrx_word' id='word_1_208' title='bbox 298 2129 325 2155; x_wconf 72' lang='grc' dir='ltr'>ι.</span> <span class='ocrx_word' id='word_1_209' title='bbox 338 2128 393 2157; x_wconf 83' lang='lat' dir='ltr'><strong>Res</strong></span> <span class='ocrx_word' id='word_1_210' title='bbox 406 2129 472 2156; x_wconf 87' lang='lat' dir='ltr'><strong>adeo</strong></span> <span class='ocrx_word' id='word_1_211' title='bbox 487 2129 640 2156; x_wconf 85' lang='lat' dir='ltr'><strong>veneranda</strong></span> <span class='ocrx_word' id='word_1_212' title='bbox 651 2132 680 2156; x_wconf 89' lang='lat' dir='ltr'><strong>et</strong></span> <span class='ocrx_word' id='word_1_213' title='bbox 690 2128 872 2161; x_wconf 84' lang='lat' dir='ltr'><strong>honorabilis,</strong></span> <span class='ocrx_word' id='word_1_214' title='bbox 885 2131 938 2155; x_wconf 88' lang='lat' dir='ltr'><strong>etc.</strong></span> <span class='ocrx_word' id='word_1_215' title='bbox 952 2133 1050 2162; x_wconf 85' lang='lat' dir='ltr'><strong>utpag.</strong></span> 
     </span>
    </p>
   </div>
   <div class='ocr_carea' id='block_1_39' title="bbox 263 2173 325 2201">
    <p class='ocr_par' dir='ltr' id='par_1_39' title="bbox 263 2173 325 2201">
     <span class='ocr_line' id='line_1_40' title="bbox 263 2173 325 2201; baseline 0 0"><span class='ocrx_word' id='word_1_216' title='bbox 263 2173 325 2201; x_wconf 79' lang='lat'><strong>“8.</strong></span> 
     </span>
    </p>
   </div>
   <div class='ocr_carea' id='block_1_40' title="bbox 1107 934 1881 976">
    <p class='ocr_par' dir='ltr' id='par_1_40' title="bbox 1107 934 1881 976">
     <span class='ocr_line' id='line_1_41' title="bbox 1107 934 1881 976; baseline 0.01 -16"><span class='ocrx_word' id='word_1_217' title='bbox 1107 934 1159 961; x_wconf 82' lang='grc' dir='ltr'>τοῦ</span> <span class='ocrx_word' id='word_1_218' title='bbox 1167 934 1210 969; x_wconf 79' lang='grc' dir='ltr'>μὴ</span> <span class='ocrx_word' id='word_1_219' title='bbox 1228 935 1363 970; x_wconf 78' lang='grc' dir='ltr'>γίνεσθαι</span> <span class='ocrx_word' id='word_1_220' title='bbox 1386 937 1463 964; x_wconf 86' lang='grc' dir='ltr'>αὐτὰ</span> <span class='ocrx_word' id='word_1_221' title='bbox 1494 937 1638 966; x_wconf 82' lang='grc' dir='ltr'>ίδιωτικά·</span> <span class='ocrx_word' id='word_1_222' title='bbox 1653 940 1703 967; x_wconf 79' lang='grc' dir='ltr'>καὶ</span> <span class='ocrx_word' id='word_1_223' title='bbox 1723 941 1788 975; x_wconf 74' lang='grc' dir='ltr'>περὶ</span> <span class='ocrx_word' id='word_1_224' title='bbox 1812 949 1881 976; x_wconf 78' lang='grc' dir='ltr'>πρα-</span> 
     </span>
    </p>
   </div>
   <div class='ocr_carea' id='block_1_41' title="bbox 1105 980 1500 1015">
    <p class='ocr_par' dir='ltr' id='par_1_41' title="bbox 1105 980 1500 1015">
     <span class='ocr_line' id='line_1_42' title="bbox 1105 980 1500 1015; baseline 0.01 -9"><span class='ocrx_word' id='word_1_225' title='bbox 1105 980 1224 1014; x_wconf 75' lang='grc' dir='ltr'>γμάτων</span> <span class='ocrx_word' id='word_1_226' title='bbox 1233 980 1292 1007; x_wconf 83' lang='grc' dir='ltr'>τῶν</span> <span class='ocrx_word' id='word_1_227' title='bbox 1301 981 1500 1015; x_wconf 80' lang='grc' dir='ltr'>μοναζόντων.</span> 
     </span>
    </p>
   </div>
   <div class='ocr_carea' id='block_1_42' title="bbox 1226 1038 1791 1076">
    <p class='ocr_par' dir='ltr' id='par_1_42' title="bbox 1226 1038 1791 1076">
     <span class='ocr_line' id='line_1_43' title="bbox 1226 1038 1791 1076; baseline 0.011 -12"><span class='ocrx_word' id='word_1_228' title='bbox 1226 1038 1362 1066; x_wconf 82' lang='grc' dir='ltr'>Συνόδου</span> <span class='ocrx_word' id='word_1_229' title='bbox 1383 1040 1578 1074; x_wconf 79' lang='grc' dir='ltr'><strong>Χαλκηδόνος</strong></span> <span class='ocrx_word' id='word_1_230' title='bbox 1589 1041 1690 1069; x_wconf 79' lang='grc' dir='ltr'>κανὼν</span> <span class='ocrx_word' id='word_1_231' title='bbox 1701 1041 1732 1076; x_wconf 85' lang='grc' dir='ltr'>δ’,</span> <span class='ocrx_word' id='word_1_232' title='bbox 1744 1042 1791 1070; x_wconf 87' lang='grc' dir='ltr'>κδ’.</span> 
     </span>
    </p>
   </div>
   <div class='ocr_carea' id='block_1_43' title="bbox 1138 1081 1693 1120">
    <p class='ocr_par' dir='ltr' id='par_1_43' title="bbox 1138 1081 1693 1120">
     <span class='ocr_line' id='line_1_44' title="bbox 1138 1081 1693 1120; baseline 0.011 -12"><span class='ocrx_word' id='word_1_233' title='bbox 1138 1081 1169 1108; x_wconf 91' lang='grc' dir='ltr'><strong>δ’.</strong></span> <span class='ocrx_word' id='word_1_234' title='bbox 1181 1082 1213 1109; x_wconf 88' lang='grc' dir='ltr'><strong>οι</strong></span> <span class='ocrx_word' id='word_1_235' title='bbox 1227 1082 1334 1118; x_wconf 84' lang='grc' dir='ltr'><strong>ἀληθῶς</strong></span> <span class='ocrx_word' id='word_1_236' title='bbox 1347 1084 1394 1111; x_wconf 64' lang='grc' dir='ltr'><strong>καὶ⁴</strong></span> <span class='ocrx_word' id='word_1_237' title='bbox 1405 1084 1569 1120; x_wconf 81' lang='grc' dir='ltr'><strong>εἰλικρινῶς,</strong></span> <span class='ocrx_word' id='word_1_238' title='bbox 1586 1095 1614 1115; x_wconf 87' lang='grc' dir='ltr'><strong>κ,</strong></span> <span class='ocrx_word' id='word_1_239' title='bbox 1630 1096 1655 1114; x_wconf 90' lang='grc' dir='ltr'>τ.</span> <span class='ocrx_word' id='word_1_240' title='bbox 1669 1088 1693 1115; x_wconf 91' lang='grc' dir='ltr'><strong>λ.</strong></span> 
     </span>
    </p>
   </div>
   <div class='ocr_carea' id='block_1_44' title="bbox 1140 1125 1881 1166">
    <p class='ocr_par' dir='ltr' id='par_1_44' title="bbox 1140 1125 1881 1166">
     <span class='ocr_line' id='line_1_45' title="bbox 1140 1125 1881 1166; baseline 0.009 -14"><span class='ocrx_word' id='word_1_241' title='bbox 1140 1125 1189 1153; x_wconf 88' lang='grc' dir='ltr'>κδ’.</span> <span class='ocrx_word' id='word_1_242' title='bbox 1213 1127 1255 1153; x_wconf 88' lang='grc' dir='ltr'><strong>Τὰ</strong></span> <span class='ocrx_word' id='word_1_243' title='bbox 1278 1127 1352 1159; x_wconf 74' lang='grc' dir='ltr'>ἅπαξ</span> <span class='ocrx_word' id='word_1_244' title='bbox 1383 1129 1587 1164; x_wconf 80' lang='grc' dir='ltr'><strong>καθιερωθέντα</strong></span> <span class='ocrx_word' id='word_1_245' title='bbox 1626 1131 1795 1166; x_wconf 84' lang='grc' dir='ltr'>μοναστήρια</span> <span class='ocrx_word' id='word_1_246' title='bbox 1812 1132 1881 1159; x_wconf 76' lang='grc' dir='ltr'>κατὰ</span> 
     </span>
    </p>
   </div>
   <div class='ocr_carea' id='block_1_45' title="bbox 1103 1172 1882 1212">
    <p class='ocr_par' dir='ltr' id='par_1_45' title="bbox 1103 1172 1882 1212">
     <span class='ocr_line' id='line_1_46' title="bbox 1103 1172 1882 1212; baseline 0.008 -14"><span class='ocrx_word' id='word_1_247' title='bbox 1103 1172 1216 1207; x_wconf 83' lang='grc' dir='ltr'><strong>γνώμην</strong></span> <span class='ocrx_word' id='word_1_248' title='bbox 1232 1173 1394 1207; x_wconf 80' lang='grc' dir='ltr'>ἐπισκόπου,</span> <span class='ocrx_word' id='word_1_249' title='bbox 1413 1175 1505 1209; x_wconf 88' lang='grc' dir='ltr'>μένειν</span> <span class='ocrx_word' id='word_1_250' title='bbox 1531 1176 1572 1207; x_wconf 82' lang='grc' dir='ltr'><strong>εἰς</strong></span> <span class='ocrx_word' id='word_1_251' title='bbox 1598 1176 1628 1203; x_wconf 79' lang='grc' dir='ltr'>τὸ</span> <span class='ocrx_word' id='word_1_252' title='bbox 1654 1176 1774 1211; x_wconf 81' lang='grc' dir='ltr'>διηκενὲς</span> <span class='ocrx_word' id='word_1_253' title='bbox 1802 1186 1882 1212; x_wconf 85' lang='grc' dir='ltr'>μονα-</span> 
     </span>
    </p>
   </div>
   <div class='ocr_carea' id='block_1_46' title="bbox 1105 1218 1881 1257">
    <p class='ocr_par' dir='ltr' id='par_1_46' title="bbox 1105 1218 1881 1257">
     <span class='ocr_line' id='line_1_47' title="bbox 1105 1218 1881 1257; baseline 0.009 -14"><span class='ocrx_word' id='word_1_254' title='bbox 1105 1218 1219 1252; x_wconf 83' lang='grc' dir='ltr'>στήρια·</span> <span class='ocrx_word' id='word_1_255' title='bbox 1235 1219 1281 1246; x_wconf 78' lang='grc' dir='ltr'>καὶ</span> <span class='ocrx_word' id='word_1_256' title='bbox 1302 1220 1336 1246; x_wconf 85' lang='grc' dir='ltr'><strong>τὰ</strong></span> <span class='ocrx_word' id='word_1_257' title='bbox 1358 1220 1492 1256; x_wconf 80' lang='grc' dir='ltr'><strong>ἀνήκοντα</strong></span> <span class='ocrx_word' id='word_1_258' title='bbox 1518 1222 1608 1253; x_wconf 84' lang='grc' dir='ltr'>αὐτοῖς</span> <span class='ocrx_word' id='word_1_259' title='bbox 1623 1222 1772 1257; x_wconf 82' lang='grc' dir='ltr'>πράγματα</span> <span class='ocrx_word' id='word_1_260' title='bbox 1786 1223 1881 1257; x_wconf 78' lang='grc' dir='ltr'>φυλάτ-</span> 
     </span>
    </p>
   </div>
   <div class='ocr_carea' id='block_1_47' title="bbox 1103 1263 1882 1301">
    <p class='ocr_par' dir='ltr' id='par_1_47' title="bbox 1103 1263 1882 1301">
     <span class='ocr_line' id='line_1_48' title="bbox 1103 1263 1882 1301; baseline 0.008 -13"><span class='ocrx_word' id='word_1_261' title='bbox 1103 1263 1198 1290; x_wconf 86' lang='grc' dir='ltr'>τεσθαι</span> <span class='ocrx_word' id='word_1_262' title='bbox 1217 1264 1255 1299; x_wconf 88' lang='grc' dir='ltr'>τῷ</span> <span class='ocrx_word' id='word_1_263' title='bbox 1269 1265 1454 1300; x_wconf 85' lang='grc' dir='ltr'>μοναστηρίῳ,</span> <span class='ocrx_word' id='word_1_264' title='bbox 1472 1267 1519 1292; x_wconf 77' lang='grc' dir='ltr'>καὶ</span> <span class='ocrx_word' id='word_1_265' title='bbox 1545 1266 1643 1301; x_wconf 82' lang='grc' dir='ltr'><strong>μηκέτι</strong></span> <span class='ocrx_word' id='word_1_266' title='bbox 1665 1266 1792 1294; x_wconf 83' lang='grc' dir='ltr'>δύνασθαι</span> <span class='ocrx_word' id='word_1_267' title='bbox 1809 1269 1882 1301; x_wconf 55' lang='grc' dir='ltr'>γενέ-</span> 
     </span>
    </p>
   </div>
   <div class='ocr_carea' id='block_1_48' title="bbox 1104 1307 1884 1348">
    <p class='ocr_par' dir='ltr' id='par_1_48' title="bbox 1104 1307 1884 1348">
     <span class='ocr_line' id='line_1_49' title="bbox 1104 1307 1884 1348; baseline 0.008 -14"><span class='ocrx_word' id='word_1_268' title='bbox 1104 1307 1165 1335; x_wconf 83' lang='grc' dir='ltr'><strong>σθαι</strong></span> <span class='ocrx_word' id='word_1_269' title='bbox 1189 1309 1276 1336; x_wconf 76' lang='grc' dir='ltr'>ταῦτα</span> <span class='ocrx_word' id='word_1_270' title='bbox 1299 1311 1419 1345; x_wconf 87' lang='grc' dir='ltr'>κοσμικὰ</span> <span class='ocrx_word' id='word_1_271' title='bbox 1438 1312 1618 1346; x_wconf 77' lang='grc' dir='ltr'>καταγώγια·</span> <span class='ocrx_word' id='word_1_272' title='bbox 1642 1313 1705 1344; x_wconf 79' lang='grc' dir='ltr'>τοὺς</span> <span class='ocrx_word' id='word_1_273' title='bbox 1729 1313 1757 1339; x_wconf 82' lang='grc' dir='ltr'>δὲ</span> <span class='ocrx_word' id='word_1_274' title='bbox 1781 1321 1884 1348; x_wconf 81' lang='grc' dir='ltr'>συγχω-</span> 
     </span>
    </p>
   </div>
   <div class='ocr_carea' id='block_1_49' title="bbox 1106 1355 1884 1391">
    <p class='ocr_par' dir='ltr' id='par_1_49' title="bbox 1106 1355 1884 1391">
     <span class='ocr_line' id='line_1_50' title="bbox 1106 1355 1884 1391; baseline 0.006 -10"><span class='ocrx_word' id='word_1_275' title='bbox 1106 1355 1219 1389; x_wconf 82' lang='grc' dir='ltr'>ροῦντας</span> <span class='ocrx_word' id='word_1_276' title='bbox 1239 1355 1318 1383; x_wconf 85' lang='grc' dir='ltr'>τοῦτο</span> <span class='ocrx_word' id='word_1_277' title='bbox 1343 1356 1477 1391; x_wconf 87' lang='grc' dir='ltr'>γίνεσθαι,</span> <span class='ocrx_word' id='word_1_278' title='bbox 1508 1358 1669 1385; x_wconf 81' lang='grc' dir='ltr'><strong>ὑποκεῖσθαι</strong></span> <span class='ocrx_word' id='word_1_279' title='bbox 1700 1360 1755 1391; x_wconf 86' lang='grc' dir='ltr'>τοῖς</span> <span class='ocrx_word' id='word_1_280' title='bbox 1776 1359 1806 1385; x_wconf 85' lang='grc' dir='ltr'><strong>ἐκ</strong></span> <span class='ocrx_word' id='word_1_281' title='bbox 1829 1359 1884 1387; x_wconf 84' lang='grc' dir='ltr'>τῶν</span> 
     </span>
    </p>
   </div>
   <div class='ocr_carea' id='block_1_50' title="bbox 1103 1401 1395 1437">
    <p class='ocr_par' dir='ltr' id='par_1_50' title="bbox 1103 1401 1395 1437">
     <span class='ocr_line' id='line_1_51' title="bbox 1103 1401 1395 1437; baseline 0.014 -11"><span class='ocrx_word' id='word_1_282' title='bbox 1103 1401 1224 1428; x_wconf 76' lang='grc' dir='ltr'>κανόνων</span> <span class='ocrx_word' id='word_1_283' title='bbox 1237 1402 1395 1437; x_wconf 85' lang='grc' dir='ltr'>ἐπιτιμίοις.</span> 
     </span>
    </p>
   </div>
   <div class='ocr_carea' id='block_1_51' title="bbox 1172 1458 1821 1495">
    <p class='ocr_par' dir='ltr' id='par_1_51' title="bbox 1172 1458 1821 1495">
     <span class='ocr_line' id='line_1_52' title="bbox 1172 1458 1821 1495; baseline 0.008 -12"><span class='ocrx_word' id='word_1_284' title='bbox 1172 1458 1309 1485; x_wconf 76' lang='grc' dir='ltr'>Συνόδου</span> <span class='ocrx_word' id='word_1_285' title='bbox 1326 1459 1538 1494; x_wconf 74' lang='grc' dir='ltr'>οικουμενικῆς</span> <span class='ocrx_word' id='word_1_286' title='bbox 1555 1459 1645 1494; x_wconf 75' lang='grc' dir='ltr'>ἕκτης</span> <span class='ocrx_word' id='word_1_287' title='bbox 1657 1461 1756 1487; x_wconf 80' lang='grc' dir='ltr'>κανὼν</span> <span class='ocrx_word' id='word_1_288' title='bbox 1768 1460 1821 1495; x_wconf 84' lang='grc' dir='ltr'>μθ’.</span> 
     </span>
    </p>
   </div>
   <div class='ocr_carea' id='block_1_52' title="bbox 1131 1500 1887 1541">
    <p class='ocr_par' dir='ltr' id='par_1_52' title="bbox 1131 1500 1887 1541">
     <span class='ocr_line' id='line_1_53' title="bbox 1131 1500 1887 1541; baseline 0.007 -14"><span class='ocrx_word' id='word_1_289' title='bbox 1131 1500 1183 1533; x_wconf 84' lang='grc' dir='ltr'>μθ¹,</span> <span class='ocrx_word' id='word_1_290' title='bbox 1195 1502 1452 1539; x_wconf 67' lang='grc' dir='ltr'>’Δνανεούμενοικαὶ</span> <span class='ocrx_word' id='word_1_291' title='bbox 1460 1505 1551 1531; x_wconf 79' lang='grc' dir='ltr'>τοῦτον</span> <span class='ocrx_word' id='word_1_292' title='bbox 1559 1505 1605 1531; x_wconf 83' lang='grc' dir='ltr'><strong>τὸν</strong></span> <span class='ocrx_word' id='word_1_293' title='bbox 1633 1505 1705 1540; x_wconf 77' lang='grc' dir='ltr'>ἱερὸν</span> <span class='ocrx_word' id='word_1_294' title='bbox 1717 1506 1813 1532; x_wconf 83' lang='grc' dir='ltr'>κανόνα</span> <span class='ocrx_word' id='word_1_295' title='bbox 1827 1506 1887 1541; x_wconf 82' lang='grc' dir='ltr'>ὁρί-</span> 
     </span>
    </p>
   </div>
   <div class='ocr_carea' id='block_1_53' title="bbox 1104 1545 1889 1586">
    <p class='ocr_par' dir='ltr' id='par_1_53' title="bbox 1104 1545 1889 1586">
     <span class='ocr_line' id='line_1_54' title="bbox 1104 1545 1889 1586; baseline 0.006 -14"><span class='ocrx_word' id='word_1_296' title='bbox 1104 1545 1186 1581; x_wconf 83' lang='grc' dir='ltr'>ζομεν</span> <span class='ocrx_word' id='word_1_297' title='bbox 1201 1566 1208 1578; x_wconf 93' lang='grc'><strong>,</strong></span> <span class='ocrx_word' id='word_1_298' title='bbox 1226 1547 1295 1574; x_wconf 83' lang='grc' dir='ltr'>ὥστε</span> <span class='ocrx_word' id='word_1_299' title='bbox 1319 1548 1353 1575; x_wconf 81' lang='grc' dir='ltr'>τὰ</span> <span class='ocrx_word' id='word_1_300' title='bbox 1379 1549 1452 1581; x_wconf 71' lang='grc' dir='ltr'>ἅπαξ</span> <span class='ocrx_word' id='word_1_301' title='bbox 1485 1549 1686 1585; x_wconf 82' lang='grc' dir='ltr'>καθιερωθέντα</span> <span class='ocrx_word' id='word_1_302' title='bbox 1721 1552 1889 1586; x_wconf 80' lang='grc' dir='ltr'>μοναστήρια</span> 
     </span>
    </p>
   </div>
   <div class='ocr_carea' id='block_1_54' title="bbox 1104 1591 1890 1631">
    <p class='ocr_par' dir='ltr' id='par_1_54' title="bbox 1104 1591 1890 1631">
     <span class='ocr_line' id='line_1_55' title="bbox 1104 1591 1890 1631; baseline 0.006 -13"><span class='ocrx_word' id='word_1_303' title='bbox 1104 1591 1174 1618; x_wconf 76' lang='grc' dir='ltr'>κατὰ</span> <span class='ocrx_word' id='word_1_304' title='bbox 1196 1591 1309 1628; x_wconf 87' lang='grc' dir='ltr'><strong>γνώμην</strong></span> <span class='ocrx_word' id='word_1_305' title='bbox 1334 1594 1495 1627; x_wconf 83' lang='grc' dir='ltr'>ἐπισκόπου,</span> <span class='ocrx_word' id='word_1_306' title='bbox 1521 1595 1611 1629; x_wconf 87' lang='grc' dir='ltr'>μένειν</span> <span class='ocrx_word' id='word_1_307' title='bbox 1643 1596 1682 1627; x_wconf 79' lang='grc' dir='ltr'><strong>εις</strong></span> <span class='ocrx_word' id='word_1_308' title='bbox 1713 1596 1743 1622; x_wconf 80' lang='grc' dir='ltr'><strong>τὸ</strong></span> <span class='ocrx_word' id='word_1_309' title='bbox 1764 1596 1890 1631; x_wconf 80' lang='grc' dir='ltr'>διηνεκὲς</span> 
     </span>
    </p>
   </div>
   <div class='ocr_carea' id='block_1_55' title="bbox 1105 1639 1889 1677">
    <p class='ocr_par' dir='ltr' id='par_1_55' title="bbox 1105 1639 1889 1677">
     <span class='ocr_line' id='line_1_56' title="bbox 1105 1639 1889 1677; baseline 0.006 -13"><span class='ocrx_word' id='word_1_310' title='bbox 1105 1639 1272 1673; x_wconf 85' lang='grc' dir='ltr'>μοναστήρια</span> <span class='ocrx_word' id='word_1_311' title='bbox 1287 1639 1332 1665; x_wconf 73' lang='grc' dir='ltr'><strong>καὶ</strong></span> <span class='ocrx_word' id='word_1_312' title='bbox 1343 1639 1377 1666; x_wconf 82' lang='grc' dir='ltr'><strong>τὰ</strong></span> <span class='ocrx_word' id='word_1_313' title='bbox 1401 1640 1536 1674; x_wconf 82' lang='grc' dir='ltr'>ἀνήκοντα</span> <span class='ocrx_word' id='word_1_314' title='bbox 1552 1641 1642 1672; x_wconf 81' lang='grc' dir='ltr'>αὐτοῖς</span> <span class='ocrx_word' id='word_1_315' title='bbox 1657 1642 1807 1677; x_wconf 87' lang='grc' dir='ltr'>πράγματα</span> <span class='ocrx_word' id='word_1_316' title='bbox 1834 1651 1889 1677; x_wconf 80' lang='grc' dir='ltr'>φυ-</span> 
     </span>
    </p>
   </div>
   <div class='ocr_carea' id='block_1_56' title="bbox 1102 1684 1892 1722">
    <p class='ocr_par' dir='ltr' id='par_1_56' title="bbox 1102 1684 1892 1722">
     <span class='ocr_line' id='line_1_57' title="bbox 1102 1684 1892 1722; baseline 0.006 -12"><span class='ocrx_word' id='word_1_317' title='bbox 1102 1684 1246 1711; x_wconf 81' lang='grc' dir='ltr'>λάττεσθαι</span> <span class='ocrx_word' id='word_1_318' title='bbox 1276 1685 1314 1720; x_wconf 82' lang='grc' dir='ltr'>τῷ</span> <span class='ocrx_word' id='word_1_319' title='bbox 1344 1686 1525 1721; x_wconf 77' lang='grc' dir='ltr'>μοναστηρίῳ,</span> <span class='ocrx_word' id='word_1_320' title='bbox 1554 1687 1602 1714; x_wconf 81' lang='grc' dir='ltr'>καὶ</span> <span class='ocrx_word' id='word_1_321' title='bbox 1636 1688 1735 1722; x_wconf 77' lang='grc' dir='ltr'>μηκέτι</span> <span class='ocrx_word' id='word_1_322' title='bbox 1759 1688 1892 1715; x_wconf 75' lang='grc' dir='ltr'>δύνασθαι</span> 
     </span>
    </p>
   </div>
   <div class='ocr_carea' id='block_1_57' title="bbox 1102 1729 1892 1767">
    <p class='ocr_par' dir='ltr' id='par_1_57' title="bbox 1102 1729 1892 1767">
     <span class='ocr_line' id='line_1_58' title="bbox 1102 1729 1892 1767; baseline 0.006 -12"><span class='ocrx_word' id='word_1_323' title='bbox 1102 1729 1172 1755; x_wconf 81' lang='grc' dir='ltr'>αὐτὰ</span> <span class='ocrx_word' id='word_1_324' title='bbox 1187 1729 1307 1764; x_wconf 78' lang='grc' dir='ltr'>κοσμικὰ</span> <span class='ocrx_word' id='word_1_325' title='bbox 1322 1730 1492 1765; x_wconf 75' lang='grc' dir='ltr'>καταγώγια.</span> <span class='ocrx_word' id='word_1_326' title='bbox 1511 1733 1579 1767; x_wconf 81' lang='grc' dir='ltr'>μήτε</span> <span class='ocrx_word' id='word_1_327' title='bbox 1605 1733 1634 1759; x_wconf 84' lang='grc' dir='ltr'><strong>δέ</strong></span> <span class='ocrx_word' id='word_1_328' title='bbox 1660 1733 1712 1759; x_wconf 87' lang='grc' dir='ltr'><strong>ὐπό</strong></span> <span class='ocrx_word' id='word_1_329' title='bbox 1737 1742 1810 1765; x_wconf 88' lang='grc' dir='ltr'>τινος</span> <span class='ocrx_word' id='word_1_330' title='bbox 1835 1734 1892 1760; x_wconf 78' lang='grc' dir='ltr'><strong>τῶν</strong></span> 
     </span>
    </p>
   </div>
   <div class='ocr_carea' id='block_1_58' title="bbox 1101 1774 1892 1812">
    <p class='ocr_par' dir='ltr' id='par_1_58' title="bbox 1101 1774 1892 1812">
     <span class='ocr_line' id='line_1_59' title="bbox 1101 1774 1892 1812; baseline 0.005 -11"><span class='ocrx_word' id='word_1_331' title='bbox 1101 1774 1230 1801; x_wconf 81' lang='grc' dir='ltr'>ἁπάντων</span> <span class='ocrx_word' id='word_1_332' title='bbox 1243 1776 1387 1810; x_wconf 75' lang='grc' dir='ltr'>κοσμικοίς</span> <span class='ocrx_word' id='word_1_333' title='bbox 1403 1776 1515 1812; x_wconf 85' lang='grc' dir='ltr'>ἀνδράσι</span> <span class='ocrx_word' id='word_1_334' title='bbox 1534 1777 1621 1804; x_wconf 84' lang='grc' dir='ltr'>ταῦτα</span> <span class='ocrx_word' id='word_1_335' title='bbox 1643 1778 1795 1805; x_wconf 80' lang='grc' dir='ltr'>ἐκδίδοσθαι</span> <span class='ocrx_word' id='word_1_336' title='bbox 1805 1786 1813 1794; x_wconf 83' lang='lat'>&#39;</span> <span class='ocrx_word' id='word_1_337' title='bbox 1830 1778 1892 1805; x_wconf 79' lang='grc' dir='ltr'><strong>ἀλλ’</strong></span> 
     </span>
    </p>
   </div>
   <div class='ocr_carea' id='block_1_59' title="bbox 1102 1820 1895 1859">
    <p class='ocr_par' dir='ltr' id='par_1_59' title="bbox 1102 1820 1895 1859">
     <span class='ocr_line' id='line_1_60' title="bbox 1102 1820 1895 1859; baseline 0.006 -13"><span class='ocrx_word' id='word_1_338' title='bbox 1102 1821 1126 1846; x_wconf 81' lang='grc' dir='ltr'><strong>εί</strong></span> <span class='ocrx_word' id='word_1_339' title='bbox 1137 1820 1274 1856; x_wconf 78' lang='grc' dir='ltr'>καὶμέχρι</span> <span class='ocrx_word' id='word_1_340' title='bbox 1288 1820 1336 1847; x_wconf 83' lang='grc' dir='ltr'>νῦν</span> <span class='ocrx_word' id='word_1_341' title='bbox 1351 1822 1446 1855; x_wconf 81' lang='grc' dir='ltr'>γέγονε</span> <span class='ocrx_word' id='word_1_342' title='bbox 1459 1822 1549 1854; x_wconf 82' lang='grc' dir='ltr'>τοῦτο,</span> <span class='ocrx_word' id='word_1_343' title='bbox 1572 1824 1704 1858; x_wconf 79' lang='grc' dir='ltr'>μηδαμῶς</span> <span class='ocrx_word' id='word_1_344' title='bbox 1729 1824 1895 1859; x_wconf 79' lang='grc' dir='ltr'>κρατεῖσθαι</span> 
     </span>
    </p>
   </div>
   <div class='ocr_carea' id='block_1_60' title="bbox 1101 1865 1895 1904">
    <p class='ocr_par' dir='ltr' id='par_1_60' title="bbox 1101 1865 1895 1904">
     <span class='ocr_line' id='line_1_61' title="bbox 1101 1865 1895 1904; baseline 0.008 -13"><span class='ocrx_word' id='word_1_345' title='bbox 1101 1865 1248 1900; x_wconf 78' lang='grc' dir='ltr'>ὁρίζομεν·</span> <span class='ocrx_word' id='word_1_346' title='bbox 1278 1867 1340 1899; x_wconf 83' lang='grc' dir='ltr'>τοὺς</span> <span class='ocrx_word' id='word_1_347' title='bbox 1363 1867 1391 1893; x_wconf 78' lang='grc' dir='ltr'>δὲ</span> <span class='ocrx_word' id='word_1_348' title='bbox 1421 1868 1476 1894; x_wconf 77' lang='grc' dir='ltr'>ἀπὺ</span> <span class='ocrx_word' id='word_1_349' title='bbox 1507 1868 1554 1894; x_wconf 81' lang='grc' dir='ltr'>τοῦ</span> <span class='ocrx_word' id='word_1_350' title='bbox 1586 1869 1719 1904; x_wconf 79' lang='grc' dir='ltr'>παρόντος</span> <span class='ocrx_word' id='word_1_351' title='bbox 1755 1870 1895 1904; x_wconf 79' lang='grc' dir='ltr'>πράττειν</span> 
     </span>
    </p>
   </div>
   <div class='ocr_carea' id='block_1_61' title="bbox 1101 1910 1897 1947">
    <p class='ocr_par' dir='ltr' id='par_1_61' title="bbox 1101 1910 1897 1947">
     <span class='ocr_line' id='line_1_62' title="bbox 1101 1910 1897 1947; baseline 0.008 -11"><span class='ocrx_word' id='word_1_352' title='bbox 1101 1910 1180 1937; x_wconf 79' lang='grc' dir='ltr'>τοῦτο</span> <span class='ocrx_word' id='word_1_353' title='bbox 1202 1912 1420 1947; x_wconf 76' lang='grc' dir='ltr'>ἐπιχειροῦντας,</span> <span class='ocrx_word' id='word_1_354' title='bbox 1447 1913 1609 1942; x_wconf 79' lang='grc' dir='ltr'>ὑποκεῖσθαι</span> <span class='ocrx_word' id='word_1_355' title='bbox 1628 1916 1685 1947; x_wconf 83' lang='grc' dir='ltr'>τοῖς</span> <span class='ocrx_word' id='word_1_356' title='bbox 1701 1915 1733 1941; x_wconf 87' lang='grc' dir='ltr'><strong>ἐκ</strong></span> <span class='ocrx_word' id='word_1_357' title='bbox 1758 1915 1815 1942; x_wconf 85' lang='grc' dir='ltr'>τῶν</span> <span class='ocrx_word' id='word_1_358' title='bbox 1839 1925 1897 1942; x_wconf 81' lang='grc' dir='ltr'><strong>κα-</strong></span> 
     </span>
    </p>
   </div>
   <div class='ocr_carea' id='block_1_62' title="bbox 1101 1955 1355 1992">
    <p class='ocr_par' dir='ltr' id='par_1_62' title="bbox 1101 1955 1355 1992">
     <span class='ocr_line' id='line_1_63' title="bbox 1101 1955 1355 1992; baseline 0.008 -10"><span class='ocrx_word' id='word_1_359' title='bbox 1101 1955 1184 1982; x_wconf 82' lang='grc' dir='ltr'>νόνων</span> <span class='ocrx_word' id='word_1_360' title='bbox 1198 1956 1355 1992; x_wconf 84' lang='grc' dir='ltr'>ἐπιτιμίοις.</span> 
     </span>
    </p>
   </div>
   <div class='ocr_carea' id='block_1_63' title="bbox 1102 2011 1898 2048">
    <p class='ocr_par' dir='ltr' id='par_1_63' title="bbox 1102 2011 1898 2048">
     <span class='ocr_line' id='line_1_64' title="bbox 1102 2011 1898 2048; baseline 0.006 -11"><span class='ocrx_word' id='word_1_361' title='bbox 1102 2011 1238 2038; x_wconf 83' lang='grc' dir='ltr'>Συνόδου</span> <span class='ocrx_word' id='word_1_362' title='bbox 1249 2015 1276 2038; x_wconf 81' lang='lat' dir='ltr'><strong>a&#39;</strong></span> <span class='ocrx_word' id='word_1_363' title='bbox 1296 2011 1384 2048; x_wconf 69' lang='lat' dir='ltr'><strong>nalﬂ&#39;</strong></span> <span class='ocrx_word' id='word_1_364' title='bbox 1399 2015 1659 2048; x_wconf 58' lang='grc' dir='ltr'>συβιροτηθείσης</span> <span class='ocrx_word' id='word_1_365' title='bbox 1677 2015 1712 2042; x_wconf 75' lang='grc' dir='ltr'><strong>ἐν</strong></span> <span class='ocrx_word' id='word_1_366' title='bbox 1729 2017 1898 2042; x_wconf 82' lang='grc' dir='ltr'>Κωνσταν-</span> 
     </span>
    </p>
   </div>
   <div class='ocr_carea' id='block_1_64' title="bbox 1136 2047 1898 2085">
    <p class='ocr_par' dir='ltr' id='par_1_64' title="bbox 1136 2047 1898 2085">
     <span class='ocr_line' id='line_1_65' title="bbox 1136 2047 1898 2085; baseline 0.008 -13"><span class='ocrx_word' id='word_1_367' title='bbox 1136 2048 1306 2085; x_wconf 63' lang='grc' dir='ltr'>τινορπόλει</span> <span class='ocrx_word' id='word_1_368' title='bbox 1323 2047 1357 2085; x_wconf 66' lang='grc' dir='ltr'><strong>ᾆν</strong></span> <span class='ocrx_word' id='word_1_369' title='bbox 1373 2047 1413 2080; x_wconf 82' lang='grc' dir='ltr'>τῷ</span> <span class='ocrx_word' id='word_1_370' title='bbox 1427 2048 1490 2080; x_wconf 80' lang='grc' dir='ltr'><strong>ναῷ</strong></span> <span class='ocrx_word' id='word_1_371' title='bbox 1504 2048 1562 2075; x_wconf 80' lang='grc' dir='ltr'><strong>τῶν</strong></span> <span class='ocrx_word' id='word_1_372' title='bbox 1574 2047 1682 2085; x_wconf 76' lang='grc' dir='ltr'><strong>Ἀγίων</strong></span> <span class='ocrx_word' id='word_1_373' title='bbox 1695 2051 1898 2078; x_wconf 69' lang='grc' dir='ltr'>’Δποστόλων</span> 
     </span>
    </p>
   </div>
   <div class='ocr_carea' id='block_1_65' title="bbox 1136 2081 1388 2113">
    <p class='ocr_par' dir='ltr' id='par_1_65' title="bbox 1136 2081 1388 2113">
     <span class='ocr_line' id='line_1_66' title="bbox 1136 2081 1388 2113; baseline 0.012 -7"><span class='ocrx_word' id='word_1_374' title='bbox 1136 2081 1237 2107; x_wconf 80' lang='grc' dir='ltr'>κανὼν</span> <span class='ocrx_word' id='word_1_375' title='bbox 1250 2084 1273 2107; x_wconf 88' lang='grc' dir='ltr'><strong>α’</strong></span> <span class='ocrx_word' id='word_1_376' title='bbox 1286 2081 1334 2108; x_wconf 79' lang='grc' dir='ltr'>καὶ</span> <span class='ocrx_word' id='word_1_377' title='bbox 1350 2085 1388 2113; x_wconf 82' lang='grc' dir='ltr'><strong>ς’.</strong></span> 
     </span>
    </p>
   </div>
   <div class='ocr_carea' id='block_1_66' title="bbox 1136 2127 1811 2164">
    <p class='ocr_par' dir='ltr' id='par_1_66' title="bbox 1136 2127 1811 2164">
     <span class='ocr_line' id='line_1_67' title="bbox 1136 2127 1811 2164; baseline 0.007 -12"><span class='ocrx_word' id='word_1_378' title='bbox 1136 2130 1171 2153; x_wconf 92' lang='grc' dir='ltr'><strong>α’.</strong></span> <span class='ocrx_word' id='word_1_379' title='bbox 1192 2127 1311 2162; x_wconf 81' lang='grc' dir='ltr'>Πρᾶγμα</span> <span class='ocrx_word' id='word_1_380' title='bbox 1326 2128 1423 2163; x_wconf 77' lang='grc' dir='ltr'>σεμνὸν</span> <span class='ocrx_word' id='word_1_381' title='bbox 1437 2127 1507 2155; x_wconf 75' lang='grc' dir='ltr'>οὕτω</span> <span class='ocrx_word' id='word_1_382' title='bbox 1519 2128 1567 2156; x_wconf 76' lang='grc' dir='ltr'>καὶ</span> <span class='ocrx_word' id='word_1_383' title='bbox 1581 2129 1681 2164; x_wconf 85' lang='grc' dir='ltr'>τίμιον,</span> <span class='ocrx_word' id='word_1_384' title='bbox 1695 2138 1721 2157; x_wconf 86' lang='grc' dir='ltr'>κ.</span> <span class='ocrx_word' id='word_1_385' title='bbox 1739 2138 1765 2157; x_wconf 84' lang='grc' dir='ltr'>τ.</span> <span class='ocrx_word' id='word_1_386' title='bbox 1782 2130 1811 2157; x_wconf 82' lang='grc' dir='ltr'><strong>λ.</strong></span> 
     </span>
    </p>
   </div>
   <div class='ocr_carea' id='block_1_67' title="bbox 297 2218 1049 2256">
    <p class='ocr_par' dir='ltr' id='par_1_67' title="bbox 297 2218 1047 2255">
     <span class='ocr_line' id='line_1_68' title="bbox 297 2218 1047 2255; baseline -0.004 -7"><span class='ocrx_word' id='word_1_387' title='bbox 297 2220 324 2248; x_wconf 82' lang='lat'><strong>6.</strong></span> <span class='ocrx_word' id='word_1_388' title='bbox 346 2219 472 2247; x_wconf 85' lang='lat' dir='ltr'><strong>Monachi</strong></span> <span class='ocrx_word' id='word_1_389' title='bbox 492 2220 559 2247; x_wconf 88' lang='lat' dir='ltr'><strong>nihil</strong></span> <span class='ocrx_word' id='word_1_390' title='bbox 575 2221 675 2248; x_wconf 85' lang='lat' dir='ltr'><strong>debent</strong></span> <span class='ocrx_word' id='word_1_391' title='bbox 700 2221 801 2248; x_wconf 87' lang='lat' dir='ltr'><strong>habere</strong></span> <span class='ocrx_word' id='word_1_392' title='bbox 824 2219 960 2255; x_wconf 90' lang='lat' dir='ltr'><strong>proprium</strong></span> <span class='ocrx_word' id='word_1_393' title='bbox 979 2218 1047 2245; x_wconf 88' lang='lat' dir='ltr'><strong>:sed</strong></span> 
     </span>
    </p>
   </div>
   <div class='ocr_carea' id='block_1_68' title="bbox 1107 2218 1903 2256">
    <p class='ocr_par' dir='ltr' id='par_1_68' title="bbox 1136 2219 1903 2256">
     <span class='ocr_line' id='line_1_69' title="bbox 1136 2219 1903 2256; baseline 0.001 -10"><span class='ocrx_word' id='word_1_394' title='bbox 1136 2222 1174 2251; x_wconf 82' lang='grc' dir='ltr'><strong>ς’.</strong></span> <span class='ocrx_word' id='word_1_395' title='bbox 1195 2220 1225 2246; x_wconf 89' lang='grc' dir='ltr'>Οἱ</span> <span class='ocrx_word' id='word_1_396' title='bbox 1242 2219 1354 2255; x_wconf 72' lang='grc' dir='ltr'>μοναχοὶ</span> <span class='ocrx_word' id='word_1_397' title='bbox 1367 2220 1442 2247; x_wconf 83' lang='grc' dir='ltr'>οὐδὲν</span> <span class='ocrx_word' id='word_1_398' title='bbox 1456 2220 1520 2247; x_wconf 77' lang='grc' dir='ltr'>ἴδιον</span> <span class='ocrx_word' id='word_1_399' title='bbox 1531 2220 1684 2255; x_wconf 77' lang='grc' dir='ltr'>ὀφείλουσιν</span> <span class='ocrx_word' id='word_1_400' title='bbox 1696 2220 1780 2256; x_wconf 77' lang='grc' dir='ltr'>ἔχειν,</span> <span class='ocrx_word' id='word_1_401' title='bbox 1800 2220 1903 2247; x_wconf 81' lang='grc' dir='ltr'>πάντα</span> 
     </span>
    </p>
   </div>
   <div class='ocr_carea' id='block_1_69' title="bbox 262 2264 1049 2294">
    <p class='ocr_par' dir='ltr' id='par_1_69' title="bbox 262 2264 1049 2294">
     <span class='ocr_line' id='line_1_70' title="bbox 262 2264 1049 2294; baseline -0.004 0"><span class='ocrx_word' id='word_1_402' title='bbox 262 2267 355 2294; x_wconf 85' lang='lat' dir='ltr'><strong>omnia</strong></span> <span class='ocrx_word' id='word_1_403' title='bbox 369 2273 462 2294; x_wconf 86' lang='lat' dir='ltr'><strong>eorum</strong></span> <span class='ocrx_word' id='word_1_404' title='bbox 479 2266 643 2293; x_wconf 85' lang='lat' dir='ltr'><strong>monasterio</strong></span> <span class='ocrx_word' id='word_1_405' title='bbox 652 2266 763 2293; x_wconf 86' lang='lat' dir='ltr'><strong>ascribi.</strong></span> <span class='ocrx_word' id='word_1_406' title='bbox 777 2265 845 2292; x_wconf 82' lang='lat' dir='ltr'><strong>Dicit</strong></span> <span class='ocrx_word' id='word_1_407' title='bbox 861 2264 932 2291; x_wconf 87' lang='lat' dir='ltr'><strong>enim</strong></span> <span class='ocrx_word' id='word_1_408' title='bbox 952 2264 1049 2291; x_wconf 84' lang='lat' dir='ltr'><strong>beatus</strong></span> 
     </span>
    </p>
   </div>
   <div class='ocr_carea' id='block_1_70' title="bbox 262 2310 1049 2345">
    <p class='ocr_par' dir='ltr' id='par_1_70' title="bbox 262 2310 1049 2345">
     <span class='ocr_line' id='line_1_71' title="bbox 262 2310 1049 2345; baseline -0.006 -6"><span class='ocrx_word' id='word_1_409' title='bbox 262 2311 350 2339; x_wconf 85' lang='lat' dir='ltr'><strong>Lucas</strong></span> <span class='ocrx_word' id='word_1_410' title='bbox 374 2310 408 2338; x_wconf 89' lang='lat' dir='ltr'><strong>de</strong></span> <span class='ocrx_word' id='word_1_411' title='bbox 423 2311 457 2338; x_wconf 91' lang='lat' dir='ltr'><strong>iis</strong></span> <span class='ocrx_word' id='word_1_412' title='bbox 473 2311 518 2345; x_wconf 90' lang='lat' dir='ltr'><strong>qui</strong></span> <span class='ocrx_word' id='word_1_413' title='bbox 533 2310 648 2337; x_wconf 88' lang='lat' dir='ltr'><strong>credunt</strong></span> <span class='ocrx_word' id='word_1_414' title='bbox 665 2310 692 2336; x_wconf 90' lang='lat' dir='ltr'><strong>in</strong></span> <span class='ocrx_word' id='word_1_415' title='bbox 718 2310 868 2341; x_wconf 86' lang='lat' dir='ltr'><strong>Christum,</strong></span> <span class='ocrx_word' id='word_1_416' title='bbox 896 2313 924 2335; x_wconf 86' lang='lat' dir='ltr'><strong>et</strong></span> <span class='ocrx_word' id='word_1_417' title='bbox 954 2314 1049 2335; x_wconf 82' lang='lat' dir='ltr'><strong>lllOlla-</strong></span> 
     </span>
    </p>
   </div>
   <div class='ocr_carea' id='block_1_71' title="bbox 263 2353 1049 2389">
    <p class='ocr_par' dir='ltr' id='par_1_71' title="bbox 263 2353 1049 2389">
     <span class='ocr_line' id='line_1_72' title="bbox 263 2353 1049 2389; baseline -0.005 -5"><span class='ocrx_word' id='word_1_418' title='bbox 263 2358 376 2385; x_wconf 84' lang='lat' dir='ltr'><strong>chorum</strong></span> <span class='ocrx_word' id='word_1_419' title='bbox 392 2357 593 2385; x_wconf 84' lang='lat' dir='ltr'><strong>institutionem</strong></span> <span class='ocrx_word' id='word_1_420' title='bbox 609 2355 776 2388; x_wconf 85' lang='lat' dir='ltr'><strong>describunt,</strong></span> <span class='ocrx_word' id='word_1_421' title='bbox 790 2355 861 2389; x_wconf 86' lang='lat' dir='ltr'><strong>quod</strong></span> <span class='ocrx_word' id='word_1_422' title='bbox 878 2361 958 2380; x_wconf 89' lang='lat' dir='ltr'><strong>nemo</strong></span> <span class='ocrx_word' id='word_1_423' title='bbox 971 2353 1049 2388; x_wconf 86' lang='lat' dir='ltr'><strong>quid-</strong></span> 
     </span>
    </p>
   </div>
   <div class='ocr_carea' id='block_1_72' title="bbox 261 2398 1047 2437">
    <p class='ocr_par' dir='ltr' id='par_1_72' title="bbox 261 2398 1047 2437">
     <span class='ocr_line' id='line_1_73' title="bbox 261 2398 1047 2437; baseline -0.005 -9"><span class='ocrx_word' id='word_1_424' title='bbox 261 2409 343 2437; x_wconf 81' lang='lat' dir='ltr'><strong>quam</strong></span> <span class='ocrx_word' id='word_1_425' title='bbox 359 2409 453 2430; x_wconf 80' lang='lat' dir='ltr'><strong>eorum</strong></span> <span class='ocrx_word' id='word_1_426' title='bbox 471 2409 532 2437; x_wconf 77' lang='lat' dir='ltr'><strong>qua:</strong></span> <span class='ocrx_word' id='word_1_427' title='bbox 548 2402 668 2433; x_wconf 75' lang='lat' dir='ltr'><strong>aderant.</strong></span> <span class='ocrx_word' id='word_1_428' title='bbox 686 2401 827 2435; x_wconf 87' lang='lat' dir='ltr'><strong>proprium</strong></span> <span class='ocrx_word' id='word_1_429' title='bbox 844 2406 906 2427; x_wconf 84' lang='lat' dir='ltr'><strong>esse</strong></span> <span class='ocrx_word' id='word_1_430' title='bbox 929 2398 1047 2430; x_wconf 81' lang='lat' dir='ltr'><strong>dicebat,</strong></span> 
     </span>
    </p>
   </div>
   <div class='ocr_carea' id='block_1_73' title="bbox 262 2441 1047 2476">
    <p class='ocr_par' dir='ltr' id='par_1_73' title="bbox 262 2441 1047 2476">
     <span class='ocr_line' id='line_1_74' title="bbox 262 2441 1047 2476; baseline -0.006 -3"><span class='ocrx_word' id='word_1_431' title='bbox 262 2447 309 2474; x_wconf 73' lang='lat' dir='ltr'><strong>Sed</strong></span> <span class='ocrx_word' id='word_1_432' title='bbox 325 2451 403 2473; x_wconf 81' lang='lat' dir='ltr'><strong>erant</strong></span> <span class='ocrx_word' id='word_1_433' title='bbox 421 2446 474 2473; x_wconf 86' lang='lat' dir='ltr'><strong>illis</strong></span> <span class='ocrx_word' id='word_1_434' title='bbox 490 2446 580 2473; x_wconf 82' lang='lat' dir='ltr'><strong>omnia</strong></span> <span class='ocrx_word' id='word_1_435' title='bbox 607 2445 775 2473; x_wconf 84' lang='lat' dir='ltr'><strong>communia.</strong></span> <span class='ocrx_word' id='word_1_436' title='bbox 801 2443 834 2471; x_wconf 87' lang='lat' dir='ltr'><strong>Et</strong></span> <span class='ocrx_word' id='word_1_437' title='bbox 862 2444 922 2470; x_wconf 83' lang='lat' dir='ltr'><strong>ideo</strong></span> <span class='ocrx_word' id='word_1_438' title='bbox 945 2443 979 2470; x_wconf 87' lang='lat' dir='ltr'><strong>iis</strong></span> <span class='ocrx_word' id='word_1_439' title='bbox 1001 2441 1047 2476; x_wconf 89' lang='lat' dir='ltr'><strong>qui</strong></span> 
     </span>
    </p>
   </div>
   <div class='ocr_carea' id='block_1_74' title="bbox 263 2488 1048 2527">
    <p class='ocr_par' dir='ltr' id='par_1_74' title="bbox 263 2488 1048 2527">
     <span class='ocr_line' id='line_1_75' title="bbox 263 2488 1048 2527; baseline -0.005 -8"><span class='ocrx_word' id='word_1_440' title='bbox 263 2493 388 2520; x_wconf 86' lang='lat' dir='ltr'><strong>monachi</strong></span> <span class='ocrx_word' id='word_1_441' title='bbox 401 2500 461 2520; x_wconf 86' lang='lat' dir='ltr'><strong>esse</strong></span> <span class='ocrx_word' id='word_1_442' title='bbox 473 2492 578 2524; x_wconf 87' lang='lat' dir='ltr'><strong>volunt,</strong></span> <span class='ocrx_word' id='word_1_443' title='bbox 593 2492 670 2527; x_wconf 86' lang='lat' dir='ltr'><strong>prius</strong></span> <span class='ocrx_word' id='word_1_444' title='bbox 687 2493 765 2519; x_wconf 87' lang='lat' dir='ltr'><strong>datur</strong></span> <span class='ocrx_word' id='word_1_445' title='bbox 786 2490 902 2517; x_wconf 76' lang='lat' dir='ltr'><strong>facultas</strong></span> <span class='ocrx_word' id='word_1_446' title='bbox 928 2488 962 2516; x_wconf 87' lang='lat' dir='ltr'><strong>de</strong></span> <span class='ocrx_word' id='word_1_447' title='bbox 990 2488 1048 2515; x_wconf 86' lang='lat' dir='ltr'><strong>suis</strong></span> 
     </span>
    </p>
   </div>
   <div class='ocr_carea' id='block_1_75' title="bbox 262 2535 1048 2572">
    <p class='ocr_par' dir='ltr' id='par_1_75' title="bbox 262 2535 1048 2572">
     <span class='ocr_line' id='line_1_76' title="bbox 262 2535 1048 2572; baseline -0.01 -6"><span class='ocrx_word' id='word_1_448' title='bbox 262 2538 343 2566; x_wconf 78' lang='lat' dir='ltr'><strong>rebus</strong></span> <span class='ocrx_word' id='word_1_449' title='bbox 367 2537 494 2570; x_wconf 85' lang='lat' dir='ltr'><strong>testandi,</strong></span> <span class='ocrx_word' id='word_1_450' title='bbox 522 2545 553 2565; x_wconf 87' lang='lat' dir='ltr'><strong>ac</strong></span> <span class='ocrx_word' id='word_1_451' title='bbox 578 2536 757 2572; x_wconf 80' lang='lat' dir='ltr'><strong>disponendi.</strong></span> <span class='ocrx_word' id='word_1_452' title='bbox 787 2540 814 2563; x_wconf 89' lang='lat' dir='ltr'><strong>et</strong></span> <span class='ocrx_word' id='word_1_453' title='bbox 838 2535 1048 2570; x_wconf 86' lang='lat' dir='ltr'><strong>quibuscunque</strong></span> 
     </span>
    </p>
   </div>
   <div class='ocr_carea' id='block_1_76' title="bbox 261 2581 1046 2619">
    <p class='ocr_par' dir='ltr' id='par_1_76' title="bbox 261 2581 1046 2619">
     <span class='ocr_line' id='line_1_77' title="bbox 261 2581 1046 2619; baseline -0.006 -8"><span class='ocrx_word' id='word_1_454' title='bbox 261 2584 345 2611; x_wconf 81' lang='lat' dir='ltr'><strong>velint</strong></span> <span class='ocrx_word' id='word_1_455' title='bbox 359 2584 493 2619; x_wconf 85' lang='lat' dir='ltr'><strong>personis,</strong></span> <span class='ocrx_word' id='word_1_456' title='bbox 517 2584 575 2619; x_wconf 78' lang='lat' dir='ltr'><strong>lege</strong></span> <span class='ocrx_word' id='word_1_457' title='bbox 599 2583 706 2612; x_wconf 86' lang='lat' dir='ltr'><strong>scilicet</strong></span> <span class='ocrx_word' id='word_1_458' title='bbox 737 2590 790 2610; x_wconf 90' lang='lat' dir='ltr'><strong>non</strong></span> <span class='ocrx_word' id='word_1_459' title='bbox 815 2581 970 2617; x_wconf 83' lang='lat' dir='ltr'><strong>prohibitis,</strong></span> <span class='ocrx_word' id='word_1_460' title='bbox 997 2587 1046 2607; x_wconf 81' lang='lat' dir='ltr'><strong>sua</strong></span> 
     </span>
    </p>
   </div>
   <div class='ocr_carea' id='block_1_77' title="bbox 261 2625 1045 2665">
    <p class='ocr_par' dir='ltr' id='par_1_77' title="bbox 261 2625 1045 2665">
     <span class='ocr_line' id='line_1_78' title="bbox 261 2625 1045 2665; baseline -0.008 -6"><span class='ocrx_word' id='word_1_461' title='bbox 261 2630 474 2663; x_wconf 65' lang='lat' dir='ltr'><strong>trausmittendi,</strong></span> <span class='ocrx_word' id='word_1_462' title='bbox 507 2631 654 2665; x_wconf 87' lang='lat' dir='ltr'><strong>Postquam</strong></span> <span class='ocrx_word' id='word_1_463' title='bbox 692 2631 764 2657; x_wconf 88' lang='lat' dir='ltr'><strong>enim</strong></span> <span class='ocrx_word' id='word_1_464' title='bbox 811 2627 939 2656; x_wconf 86' lang='lat' dir='ltr'><strong>monachi</strong></span> <span class='ocrx_word' id='word_1_465' title='bbox 981 2625 1045 2654; x_wconf 68' lang='lat' dir='ltr'><strong>facti</strong></span> 
     </span>
    </p>
   </div>
   <div class='ocr_carea' id='block_1_78' title="bbox 261 2673 1044 2708">
    <p class='ocr_par' dir='ltr' id='par_1_78' title="bbox 261 2673 1044 2708">
     <span class='ocr_line' id='line_1_79' title="bbox 261 2673 1044 2708; baseline -0.005 -5"><span class='ocrx_word' id='word_1_466' title='bbox 261 2675 374 2708; x_wconf 75' lang='lat' dir='ltr'><strong>fuerint,</strong></span> <span class='ocrx_word' id='word_1_467' title='bbox 395 2676 517 2703; x_wconf 86' lang='lat' dir='ltr'><strong>omnium</strong></span> <span class='ocrx_word' id='word_1_468' title='bbox 533 2677 666 2703; x_wconf 87' lang='lat' dir='ltr'><strong>bonorum</strong></span> <span class='ocrx_word' id='word_1_469' title='bbox 682 2675 833 2703; x_wconf 91' lang='lat' dir='ltr'><strong>dominium</strong></span> <span class='ocrx_word' id='word_1_470' title='bbox 849 2673 1044 2701; x_wconf 84' lang='lat' dir='ltr'><strong>monasterium</strong></span> 
     </span>
    </p>
   </div>
   <div class='ocr_carea' id='block_1_79' title="bbox 262 2719 1044 2756">
    <p class='ocr_par' dir='ltr' id='par_1_79' title="bbox 262 2719 1044 2756">
     <span class='ocr_line' id='line_1_80' title="bbox 262 2719 1044 2756; baseline -0.006 -7"><span class='ocrx_word' id='word_1_471' title='bbox 262 2722 380 2754; x_wconf 83' lang='lat' dir='ltr'><strong>habebit,</strong></span> <span class='ocrx_word' id='word_1_472' title='bbox 396 2725 423 2749; x_wconf 89' lang='lat' dir='ltr'><strong>et.</strong></span> <span class='ocrx_word' id='word_1_473' title='bbox 439 2722 542 2749; x_wconf 90' lang='lat' dir='ltr'><strong>nullam</strong></span> <span class='ocrx_word' id='word_1_474' title='bbox 556 2722 589 2749; x_wconf 90' lang='lat' dir='ltr'><strong>de</strong></span> <span class='ocrx_word' id='word_1_475' title='bbox 605 2721 687 2748; x_wconf 84' lang='lat' dir='ltr'><strong>rebus</strong></span> <span class='ocrx_word' id='word_1_476' title='bbox 700 2719 817 2756; x_wconf 83' lang='lat' dir='ltr'><strong>propriis</strong></span> <span class='ocrx_word' id='word_1_477' title='bbox 833 2727 925 2746; x_wconf 83' lang='lat' dir='ltr'><strong>curam</strong></span> <span class='ocrx_word' id='word_1_478' title='bbox 941 2725 1044 2753; x_wconf 82' lang='lat' dir='ltr'><strong>gerere,</strong></span> 
     </span>
    </p>
   </div>
   <div class='ocr_carea' id='block_1_80' title="bbox 261 2764 1041 2802">
    <p class='ocr_par' dir='ltr' id='par_1_80' title="bbox 261 2764 1041 2802">
     <span class='ocr_line' id='line_1_81' title="bbox 261 2764 1041 2802; baseline -0.006 -8"><span class='ocrx_word' id='word_1_479' title='bbox 261 2767 302 2794; x_wconf 81' lang='lat' dir='ltr'><strong>vel</strong></span> <span class='ocrx_word' id='word_1_480' title='bbox 318 2767 460 2802; x_wconf 87' lang='lat' dir='ltr'><strong>disponere</strong></span> <span class='ocrx_word' id='word_1_481' title='bbox 488 2768 528 2795; x_wconf 84' lang='lat' dir='ltr'><strong>eis</strong></span> <span class='ocrx_word' id='word_1_482' title='bbox 551 2767 715 2802; x_wconf 86' lang='lat' dir='ltr'><strong>permissum</strong></span> <span class='ocrx_word' id='word_1_483' title='bbox 737 2771 788 2793; x_wconf 82' lang='lat' dir='ltr'><strong>est.</strong></span> <span class='ocrx_word' id='word_1_484' title='bbox 820 2764 848 2792; x_wconf 89' lang='lat' dir='ltr'><strong>Si</strong></span> <span class='ocrx_word' id='word_1_485' title='bbox 866 2765 927 2800; x_wconf 86' lang='lat' dir='ltr'><strong>quis</strong></span> <span class='ocrx_word' id='word_1_486' title='bbox 951 2768 1041 2790; x_wconf 80' lang='lat' dir='ltr'><strong>autem</strong></span> 
     </span>
    </p>
   </div>
   <div class='ocr_carea' id='block_1_81' title="bbox 260 2811 1042 2849">
    <p class='ocr_par' dir='ltr' id='par_1_81' title="bbox 260 2811 1042 2849">
     <span class='ocr_line' id='line_1_82' title="bbox 260 2811 1042 2849; baseline -0.006 -9"><span class='ocrx_word' id='word_1_487' title='bbox 260 2813 446 2848; x_wconf 83' lang='lat' dir='ltr'><strong>deprehensus</strong></span> <span class='ocrx_word' id='word_1_488' title='bbox 460 2813 549 2847; x_wconf 79' lang='lat' dir='ltr'><strong>fuerit,</strong></span> <span class='ocrx_word' id='word_1_489' title='bbox 578 2813 779 2849; x_wconf 87' lang='lat' dir='ltr'><strong>possessionem</strong></span> <span class='ocrx_word' id='word_1_490' title='bbox 825 2811 956 2846; x_wconf 77' lang='lat' dir='ltr'><strong>aliquam,</strong></span> <span class='ocrx_word' id='word_1_491' title='bbox 981 2817 1042 2844; x_wconf 71' lang='lat' dir='ltr'><strong>quae</strong></span> 
     </span>
    </p>
   </div>
   <div class='ocr_carea' id='block_1_82' title="bbox 1101 2264 1906 2301">
    <p class='ocr_par' dir='ltr' id='par_1_82' title="bbox 1101 2264 1906 2301">
     <span class='ocr_line' id='line_1_83' title="bbox 1101 2264 1906 2301; baseline 0.002 -11"><span class='ocrx_word' id='word_1_492' title='bbox 1101 2264 1130 2291; x_wconf 81' lang='grc' dir='ltr'>δὲ</span> <span class='ocrx_word' id='word_1_493' title='bbox 1148 2265 1182 2291; x_wconf 80' lang='grc' dir='ltr'>τὰ</span> <span class='ocrx_word' id='word_1_494' title='bbox 1199 2264 1287 2292; x_wconf 83' lang='grc' dir='ltr'>αὐτῶν</span> <span class='ocrx_word' id='word_1_495' title='bbox 1305 2265 1541 2301; x_wconf 74' lang='grc' dir='ltr'>προσκληροῦσθαι</span> <span class='ocrx_word' id='word_1_496' title='bbox 1561 2265 1599 2300; x_wconf 84' lang='grc' dir='ltr'>τῷ</span> <span class='ocrx_word' id='word_1_497' title='bbox 1618 2265 1807 2300; x_wconf 78' lang='grc' dir='ltr'>μοναστηρίῳ”</span> <span class='ocrx_word' id='word_1_498' title='bbox 1827 2267 1906 2300; x_wconf 78' lang='grc' dir='ltr'>φησὶ</span> 
     </span>
    </p>
   </div>
   <div class='ocr_carea' id='block_1_83' title="bbox 1102 2310 1909 2346">
    <p class='ocr_par' dir='ltr' id='par_1_83' title="bbox 1102 2310 1909 2346">
     <span class='ocr_line' id='line_1_84' title="bbox 1102 2310 1909 2346; baseline 0.001 -9"><span class='ocrx_word' id='word_1_499' title='bbox 1102 2310 1155 2346; x_wconf 81' lang='grc' dir='ltr'>γὰρ</span> <span class='ocrx_word' id='word_1_500' title='bbox 1172 2311 1186 2337; x_wconf 89' lang='grc' dir='ltr'><strong>ό</strong></span> <span class='ocrx_word' id='word_1_501' title='bbox 1206 2311 1340 2346; x_wconf 83' lang='grc' dir='ltr'>μακάριος</span> <span class='ocrx_word' id='word_1_502' title='bbox 1362 2311 1469 2343; x_wconf 80' lang='grc' dir='ltr'>Λουκᾶς</span> <span class='ocrx_word' id='word_1_503' title='bbox 1483 2312 1548 2346; x_wconf 79' lang='grc' dir='ltr'>περὶ</span> <span class='ocrx_word' id='word_1_504' title='bbox 1569 2311 1624 2338; x_wconf 87' lang='grc' dir='ltr'><strong>τῶν</strong></span> <span class='ocrx_word' id='word_1_505' title='bbox 1638 2313 1677 2342; x_wconf 80' lang='grc' dir='ltr'><strong>εἰς</strong></span> <span class='ocrx_word' id='word_1_506' title='bbox 1697 2311 1822 2346; x_wconf 81' lang='grc' dir='ltr'>Χριστὸν</span> <span class='ocrx_word' id='word_1_507' title='bbox 1852 2321 1909 2338; x_wconf 83' lang='grc' dir='ltr'>πι-</span> 
     </span>
    </p>
   </div>
   <div class='ocr_carea' id='block_1_84' title="bbox 1102 2346 1910 2392">
    <p class='ocr_par' dir='ltr' id='par_1_84' title="bbox 1102 2346 1910 2392">
     <span class='ocr_line' id='line_1_85' title="bbox 1102 2346 1910 2392; baseline 0.001 -10"><span class='ocrx_word' id='word_1_508' title='bbox 1102 2346 1261 2391; x_wconf 64' lang='grc' dir='ltr'>πευρντῶν,</span> <span class='ocrx_word' id='word_1_509' title='bbox 1282 2357 1330 2382; x_wconf 78' lang='grc' dir='ltr'><strong>καὶ</strong></span> <span class='ocrx_word' id='word_1_510' title='bbox 1343 2356 1392 2392; x_wconf 86' lang='grc' dir='ltr'>τὴν</span> <span class='ocrx_word' id='word_1_511' title='bbox 1414 2356 1468 2382; x_wconf 85' lang='grc' dir='ltr'><strong>τῶν</strong></span> <span class='ocrx_word' id='word_1_512' title='bbox 1491 2357 1631 2391; x_wconf 79' lang='grc' dir='ltr'>μοναστῶν</span> <span class='ocrx_word' id='word_1_513' title='bbox 1647 2356 1786 2382; x_wconf 79' lang='grc' dir='ltr'>πολιτείαν</span> <span class='ocrx_word' id='word_1_514' title='bbox 1800 2356 1910 2383; x_wconf 76' lang='grc' dir='ltr'>διατυ-</span> 
     </span>
    </p>
   </div>
   <div class='ocr_carea' id='block_1_85' title="bbox 1101 2399 1911 2435">
    <p class='ocr_par' dir='ltr' id='par_1_85' title="bbox 1101 2399 1911 2435">
     <span class='ocr_line' id='line_1_86' title="bbox 1101 2399 1911 2435; baseline 0 -9"><span class='ocrx_word' id='word_1_515' title='bbox 1101 2400 1236 2433; x_wconf 82' lang='grc' dir='ltr'>πούντων,</span> <span class='ocrx_word' id='word_1_516' title='bbox 1251 2401 1289 2432; x_wconf 79' lang='grc' dir='ltr'><strong>ὡς</strong></span> <span class='ocrx_word' id='word_1_517' title='bbox 1305 2400 1391 2432; x_wconf 75' lang='grc' dir='ltr'>οὐδείς</span> <span class='ocrx_word' id='word_1_518' title='bbox 1405 2409 1430 2427; x_wconf 91' lang='grc' dir='ltr'><strong>τι</strong></span> <span class='ocrx_word' id='word_1_519' title='bbox 1447 2399 1502 2427; x_wconf 80' lang='grc' dir='ltr'>τῶν</span> <span class='ocrx_word' id='word_1_520' title='bbox 1522 2400 1698 2435; x_wconf 85' lang='grc' dir='ltr'>ὑπαρχόντων</span> <span class='ocrx_word' id='word_1_521' title='bbox 1710 2399 1809 2433; x_wconf 73' lang='grc' dir='ltr'>ἔλεγεν</span> <span class='ocrx_word' id='word_1_522' title='bbox 1831 2400 1911 2426; x_wconf 75' lang='grc' dir='ltr'>ἴδιον</span> 
     </span>
    </p>
   </div>
   <div class='ocr_carea' id='block_1_86' title="bbox 1101 2443 1909 2480">
    <p class='ocr_par' dir='ltr' id='par_1_86' title="bbox 1101 2443 1909 2480">
     <span class='ocr_line' id='line_1_87' title="bbox 1101 2443 1909 2480; baseline -0.002 -8"><span class='ocrx_word' id='word_1_523' title='bbox 1101 2445 1180 2476; x_wconf 77' lang='grc' dir='ltr'>εἶναι.</span> <span class='ocrx_word' id='word_1_524' title='bbox 1196 2445 1253 2472; x_wconf 81' lang='grc' dir='ltr'><strong>ἀλλ’</strong></span> <span class='ocrx_word' id='word_1_525' title='bbox 1266 2443 1299 2480; x_wconf 81' lang='grc' dir='ltr'>ἦν</span> <span class='ocrx_word' id='word_1_526' title='bbox 1313 2446 1404 2477; x_wconf 76' lang='grc' dir='ltr'>αὐτοῖς</span> <span class='ocrx_word' id='word_1_527' title='bbox 1421 2446 1530 2472; x_wconf 74' lang='grc' dir='ltr'>ἅπαντα</span> <span class='ocrx_word' id='word_1_528' title='bbox 1541 2446 1628 2472; x_wconf 82' lang='grc' dir='ltr'>κοινά·</span> <span class='ocrx_word' id='word_1_529' title='bbox 1643 2444 1684 2471; x_wconf 81' lang='grc' dir='ltr'><strong>διὸ</strong></span> <span class='ocrx_word' id='word_1_530' title='bbox 1694 2446 1750 2475; x_wconf 75' lang='grc' dir='ltr'>τοῖς</span> <span class='ocrx_word' id='word_1_531' title='bbox 1767 2444 1909 2471; x_wconf 82' lang='grc' dir='ltr'>ἐθέλουσι</span> 
     </span>
    </p>
   </div>
   <div class='ocr_carea' id='block_1_87' title="bbox 1103 2490 1909 2527">
    <p class='ocr_par' dir='ltr' id='par_1_87' title="bbox 1103 2490 1909 2527">
     <span class='ocr_line' id='line_1_88' title="bbox 1103 2490 1909 2527; baseline -0.005 -9"><span class='ocrx_word' id='word_1_532' title='bbox 1103 2491 1229 2527; x_wconf 80' lang='grc' dir='ltr'>μονάζειν</span> <span class='ocrx_word' id='word_1_533' title='bbox 1244 2492 1319 2519; x_wconf 85' lang='grc' dir='ltr'>ἄδεια</span> <span class='ocrx_word' id='word_1_534' title='bbox 1334 2491 1434 2518; x_wconf 79' lang='grc' dir='ltr'>δίδοται</span> <span class='ocrx_word' id='word_1_535' title='bbox 1451 2492 1515 2526; x_wconf 80' lang='grc' dir='ltr'>περὶ</span> <span class='ocrx_word' id='word_1_536' title='bbox 1529 2491 1584 2518; x_wconf 87' lang='grc' dir='ltr'><strong>τῶν</strong></span> <span class='ocrx_word' id='word_1_537' title='bbox 1599 2490 1778 2525; x_wconf 84' lang='grc' dir='ltr'>ὑπαρχόντων</span> <span class='ocrx_word' id='word_1_538' title='bbox 1801 2490 1909 2520; x_wconf 73' lang='grc' dir='ltr'>αὐτοῖς</span> 
     </span>
    </p>
   </div>
   <div class='ocr_carea' id='block_1_88' title="bbox 1101 2534 1911 2571">
    <p class='ocr_par' dir='ltr' id='par_1_88' title="bbox 1101 2534 1911 2571">
     <span class='ocr_line' id='line_1_89' title="bbox 1101 2534 1911 2571; baseline -0.005 -9"><span class='ocrx_word' id='word_1_539' title='bbox 1101 2536 1268 2563; x_wconf 83' lang='grc' dir='ltr'>διατίθεσθαι</span> <span class='ocrx_word' id='word_1_540' title='bbox 1294 2537 1437 2571; x_wconf 81' lang='grc' dir='ltr'>πρότερον,</span> <span class='ocrx_word' id='word_1_541' title='bbox 1456 2536 1503 2562; x_wconf 75' lang='grc' dir='ltr'>καὶ</span> <span class='ocrx_word' id='word_1_542' title='bbox 1524 2534 1565 2567; x_wconf 73' lang='grc' dir='ltr'><strong>οἷς</strong></span> <span class='ocrx_word' id='word_1_543' title='bbox 1596 2535 1629 2562; x_wconf 87' lang='grc' dir='ltr'><strong>ἃν</strong></span> <span class='ocrx_word' id='word_1_544' title='bbox 1645 2534 1786 2569; x_wconf 84' lang='grc' dir='ltr'>βούλοιντο</span> <span class='ocrx_word' id='word_1_545' title='bbox 1807 2542 1911 2568; x_wconf 75' lang='grc' dir='ltr'>προσ-</span> 
     </span>
    </p>
   </div>
   <div class='ocr_carea' id='block_1_89' title="bbox 1100 2580 1910 2616">
    <p class='ocr_par' dir='ltr' id='par_1_89' title="bbox 1100 2580 1910 2616">
     <span class='ocr_line' id='line_1_90' title="bbox 1100 2580 1910 2616; baseline -0.002 -8"><span class='ocrx_word' id='word_1_546' title='bbox 1100 2581 1195 2614; x_wconf 83' lang='grc' dir='ltr'>ώποις,</span> <span class='ocrx_word' id='word_1_547' title='bbox 1208 2581 1244 2616; x_wconf 86' lang='grc' dir='ltr'>μὴ</span> <span class='ocrx_word' id='word_1_548' title='bbox 1260 2581 1460 2615; x_wconf 73' lang='grc' dir='ltr'>κεκωλυμένοις</span> <span class='ocrx_word' id='word_1_549' title='bbox 1473 2581 1593 2616; x_wconf 84' lang='grc' dir='ltr'>δηλονότι</span> <span class='ocrx_word' id='word_1_550' title='bbox 1608 2581 1683 2616; x_wconf 83' lang='grc' dir='ltr'>παρὰ</span> <span class='ocrx_word' id='word_1_551' title='bbox 1691 2580 1737 2607; x_wconf 82' lang='grc' dir='ltr'>τοῦ</span> <span class='ocrx_word' id='word_1_552' title='bbox 1757 2580 1855 2615; x_wconf 79' lang='grc' dir='ltr'>νόμον</span> <span class='ocrx_word' id='word_1_553' title='bbox 1874 2580 1910 2606; x_wconf 68' lang='grc' dir='ltr'>τὰ</span> 
     </span>
    </p>
   </div>
   <div class='ocr_carea' id='block_1_90' title="bbox 1100 2625 1911 2662">
    <p class='ocr_par' dir='ltr' id='par_1_90' title="bbox 1100 2625 1911 2662">
     <span class='ocr_line' id='line_1_91' title="bbox 1100 2625 1911 2662; baseline -0.005 -8"><span class='ocrx_word' id='word_1_554' title='bbox 1100 2627 1191 2654; x_wconf 81' lang='grc' dir='ltr'>αὐτῶν</span> <span class='ocrx_word' id='word_1_555' title='bbox 1210 2626 1461 2662; x_wconf 69' lang='grc' dir='ltr'>παραπέμπεσθαιι</span> <span class='ocrx_word' id='word_1_556' title='bbox 1481 2626 1551 2661; x_wconf 83' lang='grc' dir='ltr'>μετὰ</span> <span class='ocrx_word' id='word_1_557' title='bbox 1573 2626 1626 2662; x_wconf 82' lang='grc' dir='ltr'><strong>γάρ</strong></span> <span class='ocrx_word' id='word_1_558' title='bbox 1649 2634 1691 2652; x_wconf 88' lang='grc' dir='ltr'><strong>τοι</strong></span> <span class='ocrx_word' id='word_1_559' title='bbox 1710 2625 1739 2652; x_wconf 79' lang='grc' dir='ltr'>τὸ</span> <span class='ocrx_word' id='word_1_560' title='bbox 1759 2625 1911 2659; x_wconf 54' lang='lat' dir='ltr'><strong>invisat,</strong></span> 
     </span>
    </p>
   </div>
   <div class='ocr_carea' id='block_1_91' title="bbox 1101 2669 1912 2707">
    <p class='ocr_par' dir='ltr' id='par_1_91' title="bbox 1101 2669 1912 2707">
     <span class='ocr_line' id='line_1_92' title="bbox 1101 2669 1912 2707; baseline -0.004 -9"><span class='ocrx_word' id='word_1_561' title='bbox 1101 2672 1154 2699; x_wconf 87' lang='grc' dir='ltr'><strong>τῶν</strong></span> <span class='ocrx_word' id='word_1_562' title='bbox 1167 2672 1323 2707; x_wconf 76' lang='grc' dir='ltr'>προσόντων</span> <span class='ocrx_word' id='word_1_563' title='bbox 1340 2671 1431 2703; x_wconf 83' lang='grc' dir='ltr'>αὐτοῖς</span> <span class='ocrx_word' id='word_1_564' title='bbox 1445 2671 1573 2697; x_wconf 83' lang='grc' dir='ltr'>ἁπάντων</span> <span class='ocrx_word' id='word_1_565' title='bbox 1588 2671 1619 2697; x_wconf 78' lang='grc' dir='ltr'>τὸ</span> <span class='ocrx_word' id='word_1_566' title='bbox 1634 2670 1829 2705; x_wconf 84' lang='grc' dir='ltr'>μοναστήριον</span> <span class='ocrx_word' id='word_1_567' title='bbox 1847 2669 1912 2703; x_wconf 71' lang='grc' dir='ltr'>ἔχει</span> 
     </span>
    </p>
   </div>
   <div class='ocr_carea' id='block_1_92' title="bbox 1099 2715 1913 2754">
    <p class='ocr_par' dir='ltr' id='par_1_92' title="bbox 1099 2715 1913 2754">
     <span class='ocr_line' id='line_1_93' title="bbox 1099 2715 1913 2754; baseline -0.006 -9"><span class='ocrx_word' id='word_1_568' title='bbox 1099 2719 1148 2754; x_wconf 79' lang='grc' dir='ltr'>τὴν</span> <span class='ocrx_word' id='word_1_569' title='bbox 1165 2718 1325 2752; x_wconf 85' lang='grc' dir='ltr'>κυριότητα,</span> <span class='ocrx_word' id='word_1_570' title='bbox 1345 2717 1392 2744; x_wconf 67' lang='grc' dir='ltr'><strong>καὶ</strong></span> <span class='ocrx_word' id='word_1_571' title='bbox 1412 2718 1486 2744; x_wconf 78' lang='grc' dir='ltr'>οὐδὲν</span> <span class='ocrx_word' id='word_1_572' title='bbox 1503 2718 1567 2752; x_wconf 83' lang='grc' dir='ltr'>περὶ</span> <span class='ocrx_word' id='word_1_573' title='bbox 1583 2716 1636 2743; x_wconf 83' lang='grc' dir='ltr'><strong>τῶν</strong></span> <span class='ocrx_word' id='word_1_574' title='bbox 1651 2716 1764 2742; x_wconf 68' lang='grc' dir='ltr'>οἰκείων</span> <span class='ocrx_word' id='word_1_575' title='bbox 1785 2715 1913 2751; x_wconf 68' lang='grc' dir='ltr'>φροντί‹</span> 
     </span>
    </p>
   </div>
   <div class='ocr_carea' id='block_1_93' title="bbox 1101 2759 1920 2798">
    <p class='ocr_par' dir='ltr' id='par_1_93' title="bbox 1101 2759 1920 2798">
     <span class='ocr_line' id='line_1_94' title="bbox 1101 2759 1920 2798; baseline -0.006 -8"><span class='ocrx_word' id='word_1_576' title='bbox 1101 2763 1157 2796; x_wconf 82' lang='grc' dir='ltr'>ζειν</span> <span class='ocrx_word' id='word_1_577' title='bbox 1174 2764 1190 2798; x_wconf 82' lang='grc' dir='ltr'>ἢ</span> <span class='ocrx_word' id='word_1_578' title='bbox 1207 2763 1398 2789; x_wconf 82' lang='grc' dir='ltr'>διατάσσεσθαι</span> <span class='ocrx_word' id='word_1_579' title='bbox 1418 2763 1523 2794; x_wconf 87' lang='grc' dir='ltr'>τούτοις</span> <span class='ocrx_word' id='word_1_580' title='bbox 1544 2761 1801 2797; x_wconf 80' lang='grc' dir='ltr'>παρακεχώρηται·</span> <span class='ocrx_word' id='word_1_581' title='bbox 1833 2761 1863 2787; x_wconf 86' lang='grc' dir='ltr'>εἰ</span> <span class='ocrx_word' id='word_1_582' title='bbox 1887 2759 1920 2785; x_wconf 71' lang='grc' dir='ltr'>δέ</span> 
     </span>
    </p>
   </div>
   <div class='ocr_carea' id='block_1_94' title="bbox 1100 2805 1922 2844">
    <p class='ocr_par' dir='ltr' id='par_1_94' title="bbox 1100 2805 1922 2844">
     <span class='ocr_line' id='line_1_95' title="bbox 1100 2805 1922 2844; baseline -0.005 -8"><span class='ocrx_word' id='word_1_583' title='bbox 1100 2819 1140 2841; x_wconf 77' lang='grc' dir='ltr'>τις</span> <span class='ocrx_word' id='word_1_584' title='bbox 1164 2808 1303 2844; x_wconf 80' lang='grc' dir='ltr'>φωραθείη</span> <span class='ocrx_word' id='word_1_585' title='bbox 1324 2809 1419 2844; x_wconf 77' lang='grc' dir='ltr'>κτῆσίν</span> <span class='ocrx_word' id='word_1_586' title='bbox 1435 2817 1512 2842; x_wconf 89' lang='grc' dir='ltr'>τινα,</span> <span class='ocrx_word' id='word_1_587' title='bbox 1532 2808 1548 2844; x_wconf 73' lang='grc' dir='ltr'><strong>’ἡ</strong></span> <span class='ocrx_word' id='word_1_588' title='bbox 1573 2816 1614 2839; x_wconf 84' lang='grc' dir='ltr'><strong>τις</strong></span> <span class='ocrx_word' id='word_1_589' title='bbox 1632 2807 1682 2833; x_wconf 77' lang='grc' dir='ltr'>οὐκ</span> <span class='ocrx_word' id='word_1_590' title='bbox 1705 2805 1922 2841; x_wconf 78' lang='grc' dir='ltr'>ἀπεκληρώθη</span> 
     </span>
    </p>
   </div>
  </div>
