1959 3060
125 167 174 199 {31

548 160 749 191 SYNTAGMA
766 157 962 188 CANONUM.
981 167 1010 176 ιν
1025 156 1099 185 TI'l‘.
1114 154 1173 190 'XI,
1191 153 1269 182 CAP.
1292 151 1317 181 Ι.

1699 145 1752 176 838

126 222 163 256 τῷ
179 218 352 256 μοναστηρίῳ
368 215 591 252 ίδιοτιοιούμενος,
605 215 653 241 καλ⁸
669 213 848 248 φιλοκτησίας
864 212 912 239 πά·
929 216 942 242 Α

988 210 1131 239 ηοιιειειειιίο
1157 208 1276 242 ascripta
1305 205 1400 234 fuerit,
1432 202 1484 230 sibi
1519 200 1645 236 privatim
1672 200 1753 226 attri-

1208 254 1213 256 ”
1277 252 1283 256 “
1483 248 1501 256 ν·
1553 255 1585 256 νηί
1612 245 1750 256 -..μῖιέιμιξ

128 268 167 293 θει
182 265 375 300 δουλούμενος,
391 263 494 297 ταύτην
511 262 560 297 μὲν
578 259 654 295 παρὰ
668 259 714 285 τοῦ
730 258 882 293 ἡγουμένου
898 257 914 292 ἢ

127 312 172 339 τοῦ
185 311 334 338 ἐπισκόπου
351 307 591 344 ἀναλαμϐάνεσθαι
602 327 610 339 ,
622 305 670 332 καὶ
689 304 795 331 πολλῶν
813 312 914 338 παρου-

131 357 174 392 σίᾳ
184 354 398 390 πιπράσκεσθαι,
414 353 460 379 καὶ
472 352 589 386 πτωχοῖς
602 350 716 384 ἀπόροις
729 348 915 383 διανέμεσθαι·

132 402 175 429 τὸν
188 402 216 429 δέ
230 409 262 435 γε
277 400 326 435 τὴν
338 399 467 433 τοιαύτην
483 398 590 433 κτῆσιν,
605 395 677 423 κατὰ
691 395 735 421 τὸν
747 394 830 421 πάλαι
846 394 920 420 Ἀναι

130 448 188 474 νίαν
205 446 340 481 ὑποσυλᾷν
354 445 549 481 μελετήσαντα,
561 442 600 478 τῷ
614 441 778 476 προσήκοντι
790 439 919 474 ἐπιτιμίῳ

132 495 146 529 ἡ
163 493 227 526 ἁγία
249 491 357 522 σύνοδος
372 490 456 525 ὥρισε
475 487 699 524 σωφρονίζεσθαι·
717 485 794 520 δῆλον
811 484 857 517 δὲ,
882 484 920 515 ὡς

132 540 149 566 ἃ
161 548 221 566 τινα
236 539 299 573 περὶ
315 536 485 572 μοναζόντων
500 533 604 569 ἀνδρῶν
618 534 635 567 ὴ
649 531 716 566 ἁγία
730 530 838 561 σύνοδος
854 529 921 555 ἑκα-

132 585 231 616 νόνισε,
245 584 280 610 τὰ
292 583 362 609 αὐτὰ
372 582 419 608 καὶ
434 580 498 616 περὶ
516 577 690 615 μοναζουσῶν
701 574 838 611 γυναικῶν
853 581 922 609 κρα-

133 629 237 656 τείσθαι
254 627 426 655 ἐδικαίωσεν.

254 715 390 744 Συνόδου
405 713 529 746 Νικαίας
544 712 576 739 τὸ
587 710 632 744 β’,
647 709 749 737 κανὼν
763 708 810 744 ιγ’.

171 765 233 790 Ὅτι
256 763 391 798 μεγάλης
418 758 621 793 κατακρίσεως
646 755 724 788 ἄξιοί
740 755 820 782 εἰσιν
840 753 868 780 οἱ
889 753 924 779 τὰ

136 809 322 846 μοναστήρια
340 805 520 838 κοινοῦντες.

166 859 200 888 γ’.
213 852 373 888 Ἐπειδὴδιὰ
382 851 429 886 τὴν
457 848 605 884 γενομένην
631 846 702 874 κατὰ
716 844 764 876 τὰς
789 843 925 879 ἁμαρτίας

137 882 214 935 ἡμων
234 882 374 933 συμφορὰν
387 882 416 922 ὲν
429 882 488 926 cui;
509 882 684 928 Ἑκκλησίαις
705 889 924 926 καθηρπάγησάν
938 882 962 912 Β

137 954 208 977 τινες
223 945 333 978 εὐαγεῖς
347 940 416 969 οἶκοι
431 941 483 968 ὑπό
497 948 578 967 τινων
592 938 706 973 ἀνδρῶν,
721 935 882 963 ὲπισκοπεῖά
895 943 924 961 τε

139 991 186 1018 καὶ
202 990 371 1025 μοναστήρια
382 1008 390 1020 ,
407 986 456 1013 καὶ
472 986 596 1019 ἐγένοντο
612 983 690 1010 κοινὰ
709 980 869 1015 καταγώγια
879 1001 886 1012 ,
902 980 926 1006 εί

140 1037 190 1072 μὲν
200 1037 224 1063 οί
232 1033 443 1070 διακρατοῦντες
454 1031 540 1058 ταῦτα
551 1029 745 1065 προαιροῦνται
759 1026 925 1058 ἀποδιδόναι,

139 1071 183 1108 ἵνα
200 1081 271 1108 κατὰ
288 1081 318 1107 τὸ
331 1080 445 1115 ἀρχαῖον
465 1075 738 1106 ἀποκατασταθόσιν,
757 1071 786 1100 εὖ
803 1073 835 1099 ἂν
851 1072 908 1107 ἔχοι
919 1078 925 1086 ’

140 1129 164 1154 εἰ
179 1127 207 1154 δὲ
222 1127 258 1163 μή
270 1134 313 1160 γε,
325 1127 350 1152 ει
364 1125 413 1160 μὲν
424 1123 471 1150 τοῦ
482 1122 633 1155 καταλόγου
648 1120 694 1147 τοῦ
711 1117 849 1154 ἱερατικοῦ
863 1118 926 1150 εισι,

140 1162 257 1204 τούτους
266 1169 456 1205 καθαιρεῖσθαι
469 1168 688 1203 προστάσσομεν·
706 1166 729 1192 εί
744 1165 772 1191 δὲ
785 1163 898 1200 μοναχοὶ
910 1162 927 1198 ἢ

142 1221 230 1247 λαῖκοὶ
241 1239 248 1251 ,
264 1215 454 1252 ἀφορίζεσθαι,
470 1215 507 1247 ὡς
522 1214 600 1245 ὄντας
617 1210 798 1246 κατακρίτους
813 1209 865 1236 ἀπὸ
882 1207 928 1234 τοῦ

143 1265 259 1300 Πατρδς,
269 1263 317 1289 καὶ
331 1261 378 1288 τοῦ
394 1260 471 1290 Υίοῦ.
486 1258 591 1286 καὶτοῦ
605 1258 682 1292 ἁγίου
696 1256 852 1290 Πνεύματος
863 1274 870 1288 ,
883 1253 938 1281 καὶ

143 1299 317 1344 τετάχθωσαν
334 1307 400 1333 ὃπου
417 1306 431 1332 ὁ
447 1303 555 1338 σκώληξ
577 1303 606 1329 οὺ
632 1301 745 1336 τελευτᾷ
761 1301 808 1327 καὶ
827 1300 857 1326 τὸ
876 1299 931 1334 πῦρ

143 1355 175 1381 οὐ
191 1354 349 1385 σϐέννυται,
372 1352 413 1378 ὃτι
432 1352 466 1386 τῇ
480 1349 526 1376 τοῦ
542 1347 642 1383 Κυρίου
659 1348 735 1381 φωνῇ
749 1345 933 1372 ἐναντιοῦνται

146 1401 180 1435 τῇ
197 1398 314 1433 λεγούσῃ
331 1406 337 1413 ·
357 1396 405 1430 Μὴ
420 1395 531 1422 ποιεῖτε
558 1395 611 1421 τὸν
634 1391 718 1420 οἷκον
737 1391 791 1418 τοῦ
818 1391 933 1424 Πατρός

145 1454 203 1480 μου
224 1442 309 1471 οἷκον
324 1441 477 1477 ἐμπορίου.

187 1492 219 1517 'H
237 1490 270 1524 ιγ’
285 1489 354 1516 διάτ.
371 1488 419 1515 τοῦ
436 1490 459 1514 α’
484 1486 537 1513 τίτ.
552 1485 607 1512 τῶν
625 1484 740 1519 Νεαρῶν
752 1483 836 1517 λέγει,
860 1481 938 1509 ὃτιὉ

148 1537 309 1572 βουλόμενος
322 1529 843 1569 οἰκοδομῆσαιμοναστήριον,πρότερον
853 1535 969 1576 προσ-ί,
987 1529 1184 1552 monasterium
1210 1529 1345 1546 wutucatu
1372 1529 1437 1545 vuu,
1460 1529 1536 1547 pnus
1561 1529 1622 1537 νυ...
1651 1529 1770 1536 mm..."

148 1582 313 1603 emineat)...
333 1580 372 1603 τῶ
400 1578 542 1603 ὲπισκόπω
558 1576 612 1603 τῶν
630 1576 729 1603 τόπων.
745 1575 818 1603 ὅπως
833 1573 866 1600 ἂν
878 1573 936 1599 ἐκεῖ
961 1564 970 1576 ¹
988 1567 1114 1603 episcopo
1136 1564 1220 1599 agito,
1244 1568 1298 1597 quo
1322 1559 1367 1587 ille
1388 1557 1500 1585 veniens
1522 1560 1615 1582 votum
1637 1554 1726 1585 faciat,
1746 1554 1774 1579 et

1136 1574 1220 1599 agllU,
1244 1574 1298 1597 ιμιυ
1323 1574 1367 1587 Iuc
1392 1574 1500 1585 "zu-uua
1527 1574 1615 1582 ννιυιιιι
1637 1574 1677 1581 ιι...

148 1582 313 1616 διαλεγέσθω
333 1580 372 1615 τῷ
400 1578 542 1612 ὲπισκὸπῳ
558 1576 612 1603 τῶν
630 1576 729 1608 τόπων,
745 1575 818 1605 ὅπως
833 1573 866 1600 ἂν
878 1573 936 1599 ἐκεῖ

149 1628 303 1663 γενόμενος,
321 1626 402 1660 εὐχὴν
418 1624 558 1658 ποιήσοιτο
574 1621 621 1648 καὶ
642 1620 757 1656 σταυρὸν
772 1619 871 1655 πήξοι,
889 1618 936 1645 καὶ

149 1675 210 1700 τότε
225 1673 272 1700 τοῦ
295 1672 444 1706 κτίσματος
461 1670 478 1705 ἡ
497 1668 569 1704 ἀρχὴ
583 1667 708 1702 γινέσθω·
725 1666 772 1693 καὶ
787 1667 803 1701 ή
819 1665 844 1700 γ’
863 1665 934 1692 διὰτ.

151 1719 198 1745 τοῦ
215 1718 236 1752 β’
252 1717 305 1743 τίτ.
322 1715 376 1742 τῶν
390 1713 505 1749 Νεαρῶν
524 1721 617 1748 φησιν,
635 1711 686 1744 ὅτι,
709 1711 738 1737 '0
754 1710 837 1737 θέλων
846 1710 936 1736 κτίσαι

154 1765 343 1800 μοναστήριον,
359 1761 397 1797 μὴ
411 1760 497 1791 ἄλλως
510 1758 635 1794 ἀρχέσθω
649 1757 695 1784 τοῦ
709 1757 935 1791 οἰκοδομήματος,

155 1811 179 1836 εί
197 1810 235 1844 μὴ
245 1809 259 1834 ὁ
274 1808 329 1834 τῶν
340 1808 430 1833 τόπων
448 1805 596 1835 ἐπίσκοπος
612 1803 694 1838 εὐχὴν
709 1802 798 1828 ἐκεῖσε.
816 1801 935 1834 ποιήσει,

154 1854 259 1882 καὶτὸν
280 1853 369 1888 τίμιον
387 1850 467 1886 πήξει
484 1848 609 1884 σταυρόνο
636 1848 649 1873 ὁ
665 1847 693 1873 δὲ
709 1846 861 1881 ἀρξάμενος
880 1845 938 1871 νέον

154 1901 256 1932 κτίζειν
272 1899 290 1935 ἢ
303 1898 416 1925 παλαιὸν
428 1894 568 1927 ἁνανεοῦν,
583 1893 765 1927 ἀναγκάζεται
781 1891 936 1926 πληρῶσαι·

155 1945 292 1979 ἀνάγνωθι
307 1943 355 1970 καὶ
371 1943 405 1970 τὰ
429 1940 620 1977 προγραφέντα
635 1939 664 1964 ὲν
680 1938 720 1972 τῷ
733 1935 756 1963 α’
773 1945 835 1970 κεφ.
852 1935 898 1962 τοῦ
917 1935 939 1970 β’

155 1992 209 2018 τίτ.
220 1998 283 2024 κεφ.
297 1997 328 2016 τε
342 1984 630 2022 τεσσαρεσκαιδεκάτῳ
640 1981 686 2009 τοῦ
703 1985 726 2016 γ’
741 1981 793 2008 τίτ.
807 1981 852 2007 τοῦ
867 1988 939 2015 παρ-

156 2037 230 2067 όντος
256 2035 453 2069 συντάγματος·
477 2032 494 2067 ὴ
520 2030 549 2056 δὲ
570 2032 592 2056 α’
608 2028 679 2055 διάτ.
695 2027 743 2053 τοῦ
769 2027 789 2062 β’
809 2026 860 2052 τίτ.
887 2026 940 2052 τῶν

157 2081 272 2116 Νεαρῶν
283 2077 480 2114 λέγει’Μηδεὶς
489 2076 668 2112 μοναστήριον
680 2073 814 2103 πωλείτω,
831 2072 847 2106 ἢ
862 2071 942 2106 ἀμει-

159 2115 243 2160 δέτω,
270 2126 287 2162 ἢ
310 2124 458 2160 δωρείσθω,
486 2122 550 2148 ἔνθα
576 2119 767 2154 θυσιαστήριον
793 2115 940 2152 καθιδρύθη

159 2174 205 2201 καὶ
228 2173 288 2209 ιερὰ
313 2170 407 2205 γέγονε
421 2166 575 2203 λειτουργία
598 2166 646 2192 καὶ
659 2163 795 2199 μοναχικὴ
810 2162 939 2196 ἄσκησις’

966 259 1060 289 buere,
1086 261 1113 283 et
1136 252 1364 289 acquirendarum
1382 248 1588 284 possessionum
1608 245 1753 280 cupiditati

967 302 1083 332 servire,
1108 308 1139 328 ea
1164 298 1274 334 quidem
1294 297 1329 323 ab
1349 295 1478 330 episeopo
1500 300 1546 320 seu
1565 290 1692 326 pra‘fecto
1709 297 1753 316 re-

968 348 1106 382 cipiatur,
1144 349 1171 372 et
1203 344 1230 370 in
1265 342 1413 369 multorum
1451 337 1595 374 praesentia
1622 335 1754 368 vendita,

969 390 1136 427 pauperibus
1157 393 1185 416 et
1200 386 1333 414 mendicis
1357 384 1549 412 distribuatur.
1572 382 1640 408 Eum
1664 384 1753 407 autem

970 438 1016 472 qui
1032 444 1090 464 eam
1108 434 1324 469 possessionem,
1343 435 1373 458 ut
1386 431 1451 458 olim
1465 429 1597 460 Ananias,
1613 426 1756 461 subripere

970 482 1116 510 meditatus
1132 486 1184 512 est,
1202 477 1373 506 convenienti
1388 483 1467 511 poena
1490 473 1678 508 castigandum
1695 478 1756 499 esse

973 532 1067 556 sancta
1091 525 1209 562 synodus
1231 523 1335 551 statuit.
1353 521 1463 549 Clarum
1483 523 1524 546 est
1552 522 1659 550 autem,
1682 515 1757 551 quod

972 581 1033 609 quae
1058 573 1092 600 de
1112 571 1178 598 viris
1198 568 1340 597 monachis
1362 571 1456 594 sancta
1480 564 1600 600 synodus
1623 562 1756 590 canonice

974 617 1127 650 constituit,
1141 623 1172 643 ea
1190 615 1216 642 in
1240 613 1382 641 monachis
1397 617 1507 646 quoque
1530 609 1638 636 feminis
1657 607 1758 638 valere,

941 669 943 671 '
973 669 1001 692 et
1015 662 1155 692 observari
1177 667 1285 695 acquum
1301 658 1417 686 censuit.

1138 713 1250 741 Concilii
1271 710 1373 738 Nic-teni
1395 717 1414 736 ιι
1439 715 1521 735 canon
1546 707 1590 734 15.

1010 761 1086 795 Quod
1096 767 1192 795 magna
1203 757 1373 785 damnatione
1385 755 1457 790 digni
1470 753 1585 788 suntqui
1598 752 1759 779 tttonasteria

975 808 1124 836 communia
1140 806 1241 841 faciunt
1257 802 1412 830 diversoria.

1012 863 1055 890 l5.
1072 860 1205 895 Quoniam
1223 866 1273 893 per
1288 864 1347 885 eam
1370 863 1430 890 qua:
1450 854 1502 881 fuit
1517 857 1628 889 propter
1648 856 1759 887 peccata

976 914 1068 937 nostra
1092 908 1118 934 in
1143 904 1272 933 Eeclesiis
1289 902 1470 930 calamitatem
1491 903 1670 927 sacrosanctae
1685 904 1761 932 quae-

976 956 1038 983 dam
1052 954 1122 981 a:des
1134 950 1218 987 35EI
1230 958 1244 977 a
1256 949 1419 984 quibusdam
1430 946 1496 973 viris
1507 949 1621 978 arreptre
1643 947 1719 974 sunt,
1735 946 1762 969 et;

975 1001 1156 1036 episcopatus,
1171 1003 1197 1024 et
1206 994 1368 1023 monasteria
1380 1012 1387 1024 ,
1405 996 1432 1019 et
1448 991 1518 1018 facta
1529 995 1592 1017 sunt
1607 988 1762 1016 communia

977 1055 1126 1085 diversoria
1138 1063 1146 1082 :
1160 1054 1183 1081 si
1195 1052 1241 1088 qui
1252 1059 1284 1079 ca
1297 1049 1519 1085 quidenttenent,
1529 1045 1625 1072 volunt
1640 1044 1762 1075 reddere,

977 1109 1007 1131 ut
1022 1104 1048 1130 in
1059 1101 1202 1138 pristinum
1211 1102 1312 1126 statum
1329 1095 1505 1123 restituantur
1515 1113 1523 1125 ,
1540 1092 1608 1119 bene
1618 1095 1644 1118 et
1653 1090 1765 1125 pulchre
1792 1106 1794 1108 ›

978 1136 1078 1180 habet»;
1096 1147 1137 1173 sin
1155 1145 1256 1175 minus,
1275 1143 1297 1170 si
1313 1145 1378 1170 sunt
1391 1139 1502 1175 quidam
1524 1136 1701 1165 sacerdotalis
1718 1142 1766 1162 ca-

979 1194 1071 1228 talogi,
1098 1199 1145 1218 eos
1167 1188 1265 1224 deponi
1288 1187 1415 1222 iubemus
1436 1184 1501 1211 :sin
1524 1187 1614 1210 autem
1638 1180 1766 1208 monachi

980 1240 1022 1269 vel
1038 1226 1111 1269 laici,
1125 1234 1277 1271 segregari,
1293 1237 1321 1260 ut
1336 1231 1381 1266 qui
1396 1231 1451 1258 sint
1462 1227 1632 1256 condemnati
1647 1234 1662 1254 a
1674 1226 1766 1257 Patre,

981 1291 1007 1315 et
1019 1285 1098 1317 Filio,
1111 1287 1137 1311 et
1150 1281 1253 1318 Spiritu
1280 1282 1385 1309 sancto,
1408 1281 1435 1304 et
1459 1279 1594 1310 ponantur
1607 1273 1653 1300 ubi
1667 1272 1766 1299 vermis

983 1340 1036 1360 non
1052 1330 1176 1362 moritur,
1194 1335 1242 1355 nec
1259 1325 1329 1362 ignis
1346 1321 1538 1356 exstinguitur,
1557 1320 1619 1354 quia
1633 1319 1694 1346 voci
1714 1318 1767 1344 Do—

983 1379 1049 1406 mini
1067 1377 1253 1405 adversantur,
1269 1380 1329 1407 quae
1343 1369 1428 1398 dicit:
1447 1367 1484 1394 Ne
1500 1366 1581 1401 facile
1594 1366 1700 1392 domum
1714 1363 1768 1391 Pa-

984 1425 1032 1452 tris
1049 1423 1098 1449 mei
1117 1422 1225 1448 domum
1241 1416 1424 1454 negotiationis
1434 1415 1467 1442 ".

1022 1477 1128 1505 Temlus.
1152 1474 1247 1501 Const.
1271 1471 1314 1502 1'5,
1341 1470 1380 1496 tit.
1408 1468 1420 1494 1
1447 1465 1618 1493 Novellarum
1644 1463 1700 1490 ait:
1718 1460 1770 1494 Qui

1023 1495 1128 1505 HW...
1155 1495 1246 1501 νη--.
1275 1495 1314 1502 η,
1343 1495 1357 1496 η

987 1521 1184 1552 monasterium
1210 1517 1345 1546 aediﬁcare
1370 1514 1437 1545 vult,
1459 1513 1536 1547 prius
1561 1518 1622 1537 cum
1650 1495 1778 1536 locorumI

988 1599 1096 1641 crucem
1119 1611 1201 1645 ligat:
1223 1613 1303 1642 atque
1325 1610 1381 1633 tum
1402 1601 1537 1640 [demum]
1554 1601 1660 1628 aedilicii
1674 1599 1773 1626 tunda-

989 1662 1110 1686 mentum
1133 1655 1239 1690 iacitor.
1257 1652 1301 1686 ίΕι
1324 1653 1413 1678 const.
1433 1649 1461 1681 5,
1483 1648 1524 1676 tit.
1547 1647 1565 1674 2
1600 1645 1773 1673 Novellarnm

989 1705 1048 1732 ait:
1073 1701 1126 1735 Qui
1152 1698 1347 1728 monasterium
1374 1700 1514 1723 exstruere
1537 1692 1596 1719 vult
1617 1699 1670 1718 non
1697 1690 1775 1717 aliter

990 1748 1194 1777 aediﬁcationem
1210 1745 1332 1779 iucipilo,
1347 1741 1399 1769 nisi
1418 1741 1539 1767 locorum
1552 1738 1696 1772 episcopus
1711 1742 1775 1770 pre-

991 1803 1038 1822 ces
1062 1794 1117 1820 illic
1140 1789 1304 1827 profuderit,
1326 1792 1354 1815 et
1374 1785 1520 1821 pretiosam
1541 1790 1649 1811 crucem
1673 1781 1773 1808 ﬁxerit.

991 1842 1070 1869 Certe
1097 1839 1143 1874 qui
1171 1836 1256 1865 semel
1281 1839 1438 1865 exstruere,
1464 1831 1506 1858 vel
1534 1835 1612 1857 vetus
1639 1834 1773 1855 renovare

992 1887 1084 1921 coepit,
1107 1873 1298 1912 consummare
1320 1880 1434 1914 cogitur.
1460 1877 1546 1912 Legas
1567 1873 1668 1911 [vero]
1694 1874 1776 1900 etiam

992 1919 1053 1968 quae
1078 1934 1207 1958 annotata
1229 1927 1338 1956 suntin
1357 1932 1417 1960 cap.
1441 1924 1466 1956 1,
1493 1923 1535 1949 tit.
1557 1922 1584 1954 ‘2,
1606 1924 1634 1947 et
1655 1927 1715 1953 cap.
1733 1919 1777 1951 Μ,

993 1965 1036 2005 tit.
1052 1977 1068 2004 5
1098 1974 1241 2010 praesentis
1261 1972 1362 2008 operis.
1378 1969 1496 1997 Constit.
1512 1968 1538 2001 Ι,
1557 1968 1598 1994 tit.
1615 1967 1633 1993 2
1655 1965 1780 1992 Novella-

993 2031 1053 2050 rum
1066 2023 1119 2048 ait:
1134 2020 1218 2047 Nemo
1232 2016 1439 2047 monasterium,
1451 2015 1477 2041 in
1488 2020 1541 2047 quo
1552 2013 1637 2039 altare
1647 2015 1778 2043 erectum,

994 2073 1041 2096 aut
1052 2074 1160 2094 sacrum
1178 2063 1359 2092 ministerium
1375 2060 1537 2090 exhibitum,
1551 2063 1598 2085 aut
1612 2055 1781 2083 monachalis

994 2112 1154 2141 exercitatio
1170 2110 1269 2137 fuerit:
1287 2107 1351 2144 [vel]
1365 2105 1485 2137 vendito,
1501 2103 1541 2130 vel
1558 2105 1722 2137 permutato,
1738 2099 1781 2126 vel

995 2162 1107 2188 donato.
1126 2156 1235 2192 Alioqui
1257 2153 1330 2190 quod
1347 2153 1448 2180 factum
1473 2149 1564 2182 fuerit,
1586 2147 1691 2174 irritum
1705 2145 1779 2172 erit:

160 2192 205 2201 ’νισι-
228 2192 288 2209 --ι--ι
319 2192 540 2205 l“|""“""|l
662 2192 668 2199 .
732 2192 748 2198 ι.
789 2192 795 2199 ,
875 2192 880 2196 .
918 2192 921 2193 ν

160 2218 221 2246 ἐπεί
242 2226 284 2244 τοι
300 2225 332 2251 γε
347 2216 376 2243 τὸ
391 2214 535 2250 γενόμενον
550 2212 650 2247 ἄκυρον
665 2210 739 2236 ἐσται
750 2229 757 2241 ,
775 2208 887 2235 καὶτῶν
903 2215 942 2233 τι-

997 2212 1022 2236 el
1037 2206 1083 2242 qui
1101 2204 1212 2240 ceperit,
1231 2201 1327 2238 pretiis
1347 2199 1470 2227 excidet:
1486 2196 1533 2231 qui
1548 2199 1637 2222 autem
1653 2192 1781 2220 vendide-

1252 2249 1266 2251 --
1329 2247 1335 2251 -
1368 2246 1374 2251 -
1491 2242 1619 2251 “sub.-.
1636 2243 1716 2251 -.-ηπ
1737 2237 1779 2251 ιιιη

162 2266 295 2303 μημάτων
307 2266 320 2291 ὁ
334 2263 423 2290 λαϐὼν
438 2261 613 2290 ἐκπεσεῖται,
629 2258 676 2285 καὶ
692 2258 706 2284 ὸ
720 2255 883 2292 πιπράσκων
898 2256 946 2289 ζη-

163 2301 329 2348 μιωθήσεται
341 2311 375 2345 τῇ
398 2318 428 2336 τε
451 2308 497 2335 τοῦ
515 2308 677 2342 πράγματος
690 2302 826 2330 ὲκπτώσει
849 2301 897 2328 καὶ
911 2302 944 2337 τῇ

161 2347 207 2385 τοῦ
224 2358 377 2393 τιμήματος
399 2354 536 2389 ἀπωλείᾳ,
554 2353 587 2387 τῇ
610 2349 682 2378 κατὰ
700 2349 782 2375 τόπον
807 2347 946 2383 ἁγιωτάτῃ

162 2404 325 2439 Ἐκκλησίᾳ,
347 2402 393 2429 καὶ
414 2402 469 2432 τοῖς
485 2399 556 2426 κατὰ
579 2398 661 2424 τόπον
676 2394 787 2430 εὐαγέσι
812 2402 948 2429 μοναστη-

162 2450 241 2486 ρίοις,
255 2448 356 2475 τούτων
370 2445 607 2482 προσνεμομένων·
624 2443 694 2470 ὥστε
707 2441 808 2473 αὐτοὺς
823 2440 949 2475 προνοεῖν

162 2496 210 2522 τοῦ
236 2495 267 2522 τὸ
291 2493 382 2526 κακῶς
407 2491 563 2526 ὲκποιηθὲν,
591 2489 669 2520 αὖθις
696 2487 883 2522 ἐπαναγαγεῖν
911 2486 950 2516 είς

105 2570 129 2582 ,ετ
166 2540 312 2577 μοναχικδν
332 2539 442 2575 σχῆμα·
466 2538 533 2573 μήτε
558 2535 681 2570 ὑποθήκη
705 2533 752 2560 ἐπὶ
777 2533 882 2563 τούτοις
906 2531 951 2567 ὲῤ-

110 2580 128 2595 “’
166 2587 280 2623 ρώσθω,
299 2585 368 2613 ἀλλὰ
389 2583 565 2619 ἀκυρούσθω,
593 2582 640 2608 καὶ
666 2580 697 2607 τὸ
722 2579 901 2615 μοναστήριον
919 2577 952 2612 τῇ

167 2621 227 2669 ίερᾷ
240 2631 397 2666 λειτουργίᾳ
408 2628 631 2665 προσκυρούσθω”
649 2627 696 2653 καὶ
711 2626 728 2660 ἡ
746 2626 769 2660 β’
780 2625 851 2652 διάτ.
866 2622 913 2650 τοῦ
929 2621 951 2657 β’

165 2679 218 2705 τίτ.
233 2678 288 2704 τῶν
302 2676 418 2711 Νεαρῶν
432 2683 524 2711 φησιν,
543 2674 584 2700 ὅτι
600 2671 741 2707 ὲκποίησις
766 2669 954 2705 μοναστηρίων

168 2724 206 2760 μὴ
221 2723 338 2758 γινέσθω
354 2722 400 2748 ἐπὶ
416 2720 454 2757 τῷ
467 2721 498 2747 τὸ
516 2718 652 2755 ἱερατικὸν
680 2717 772 2752 σχῆμα
792 2716 832 2746 είς
856 2715 954 2741 ἰδιωτι-

168 2771 218 2806 κὴν
235 2769 375 2804 διαγωγὴν
392 2764 690 2804 μετασχηματίζεσθαι,
701 2762 763 2790 ἐπεὶ
773 2761 864 2790 ἄδειαν
877 2760 954 2796 ἐχου-

205 2847 226 2862 ¹¹
243 2846 321 2873 Joan.
338 2853 366 2878 ll,
384 2844 426 2872 16.

997 2237 1081 2287 rit,-et
1095 2237 1141 2279 τεὶ-
1149 2255 1176 2278 et
1189 2249 1269 2285 pretii
1283 2246 1430 2274 amissione
1443 2242 1601 2270 multabitur
1613 2249 1619 2267 ε
1636 2243 1717 2273 atque
1737 2237 1781 2265 illa

998 2298 1177 2328 sanctissima:
1205 2296 1264 2330 ejus
1290 2292 1341 2320 Ιορί
1358 2290 1500 2321 Ecclesiae,
1528 2285 1783 2318 venerabilibusque

997 2346 1057 2381 ejus
1083 2345 1136 2372 loci
1162 2339 1335 2369 monasteriis
1358 2336 1551 2364 attriliuentur.
1580 2331 1660 2367 355
1683 2331 1784 2363 Quam-

999 2392 1093 2419 obrem
1113 2387 1307 2425 [Ecclesiarum
1327 2389 1407 2417 atque
1431 2378 1658 2408 monasteriorum
1673 2373 1785 2410 dispen-

1000 2421 1121 2471 satorest
1133 2434 1287 2469 dispiciunt,
1303 2435 1333 2458 ut
1352 2428 1423 2464 quod
1439 2427 1509 2454 male
1526 2426 1671 2452 alienatum
1685 2426 1736 2454 est,
1750 2421 1784 2448 ad

1000 2468 1157 2511 monasticae
1178 2468 1379 2516 illabitationis]
1402 2474 1517 2501 formam
1536 2471 1678 2498 reducant.
1692 2468 1786 2502 Neque

1001 2528 1089 2566 [mro]
1109 2515 1260 2562 hypotheca
1285 2525 1312 2551 in
1334 2522 1378 2549 liis
1393 2520 1491 2550 valeto,
1515 2517 1561 2544 sed
1583 2515 1660 2542 irrita
1675 2519 1744 2546 esto,
1759 2516 1787 2540 et

1002 2572 1198 2602 monasterium
1236 2573 1331 2597 sancto
1375 2564 1528 2594 ministerio
1570 2560 1713 2589 addicitor.
1754 2557 1787 2584 Et

1003 2619 1111 2646 constit.
1124 2616 1152 2648 2,
1168 2609 1473 2642 tit.‘2Novcllarumait:
1486 2606 1679 2635 Monasterium
1693 2603 1720 2630 in
1736 2603 1788 2629 hoc

1008 2673 1042 2693 ne
1058 2665 1200 2694 alicnator,
1219 2665 1249 2688 ut
1266 2664 1372 2687 sacrata
1400 2657 1486 2683 forma
1512 2654 1539 2681 in
1565 2653 1695 2687 privatam
1723 2655 1788 2675 con-

1007 2710 1186 2739 versationem
1226 2704 1446 2734 transformctur.
1467 2698 1574 2734 Alioqui
1611 2693 1730 2730 episcopi
1761 2693 1788 2720 id

1008 2754 1200 2785 monasterium
1227 2749 1392 2781 vindicandi,
1414 2751 1441 2776 ct
1464 2745 1497 2773 ad
1520 2743 1659 2780 pristinam
1675 2739 1788 2768 l‘ormam
