1951 3071
194 148 247 179 839

720 146 851 176 PIIOTIl
872 147 1126 178 PATRIARCH/E
1151 148 1206 178 (ΣΡ.

1104 63 1109 78 l

1763 149 1814 180 840

193 203 340 232 reducendi
360 202 516 231 facultatem
542 202 652 230 habent.
669 201 728 229 Lib.
746 210 765 234 ι,
786 203 827 230 tit.
845 203 872 234 ὅ,
888 207 968 230 const

1030 211 1072 229 σιν
1095 203 1119 229 oi
1135 202 1279 229 ἐπίσκοποι
1302 201 1333 228 τὺ
1348 200 1467 228 τοιοῦτον
1490 202 1669 238 μοναστήριον
1686 203 1812 233 ἐκδικεῖν.

193 250 239 280 38,
263 251 317 277 ait:
340 249 390 281 Qui
415 249 580 276 monasteria
595 256 642 275 sua
658 248 822 281 relinquunt,
838 255 891 274 non
908 247 977 274 reci-

193 295 271 328 piunt
293 301 359 327 quas
382 293 415 320 ad
444 293 488 319 illa
513 291 597 328 [res]
639 291 755 318 mobiles
787 292 975 322 adduxerunt,

193 340 379 373 cujuscunque
403 339 563 372 quantitatis
591 338 711 365 fuerint:
737 338 844 364 tametsi
866 338 900 364 de
923 337 976 364 illis

193 384 264 410 nulla
282 389 403 410 actorum
423 389 598 410 monumenta
614 383 738 410 confecta
757 383 821 409 sint.
837 381 866 408 In
879 382 976 408 immo-

191 429 291 456 bilibus
312 432 401 455 autem
419 428 463 462 jus
478 429 578 455 servari
595 431 712 461 oportet,
728 427 857 462 quoniam
869 426 909 454 illi
928 425 976 461 qui

190 474 275 506 dedit,
296 463 568 501 illarum'vindieatio
587 481 641 501 non
659 473 763 501 interit.

226 563 260 591 Et
283 568 373 591 const.
399 563 442 597 l5,
467 564 510 592 tit.
534 563 736 590 lNovellarum
757 563 840 590 dicit:
859 562 888 590 Si
912 563 975 597 quis

190 610 341 637 monachus
359 610 485 637 recedere
502 609 576 641 velit,
597 616 774 643 quascunque
791 616 847 642 res,
864 609 974 643 quando

190 654 410 690 [monasterium]
429 655 568 689 ingressus
582 658 633 686 est,
653 655 757 687 habuit,
774 655 800 681 iu
816 654 973 682 monasterii

189 699 339 727 dominium
351 700 457 727 cadent.
471 700 518 727 Et:
531 699 598 726 Cum
609 699 802 726 monasterium
813 699 972 734 ingreditur,

189 752 324 779 quemque
337 745 370 771 de
387 745 468 771 rebus
483 744 540 771 suis
557 748 675 771 statuere
688 749 804 779 oportet.
819 744 974 778 Ingredien-

190 794 243 816 tem
255 790 327 817 enim
340 789 413 825 [illae]
426 790 609 817 comitantur:
623 790 730 817 tametsi
742 790 768 816 id
781 797 835 817 non
845 796 972 824 expresse

190 835 298 862 dixerit.
320 834 417 861 Verum
434 835 456 861 si
473 842 535 862 cum
552 835 653 864 liberos
667 836 774 866 habeat,
793 835 846 862 illis
864 843 908 863 res
921 835 972 862 ali—

1027 249 1074 274 καὶ
1096 247 1176 278 είς,τὺ
1190 247 1320 282 πρότερον
1331 247 1479 281 ἐπανάγειν
1494 248 1596 282 σχῆμα·
1617 247 1687 282 post.
1704 252 1739 280 α’,
1758 250 1813 277 τίτ.

1026 295 1061 323 α’,
1075 291 1145 319 διάτ.
1163 292 1203 326 λη’
1219 292 1310 327 φησὶν,
1320 292 1370 324 ὄτι,
1388 292 1420 318 Οἱ
1434 291 1468 318 τὰ
1481 291 1533 318 ῐδια
1549 293 1716 329 μοναστὴρια
1727 302 1814 321 κατα-

1025 337 1205 372 λιμπάνοντες
1214 356 1221 368 ,
1240 337 1268 363 οὐ
1282 336 1466 370 λαμϐάνουσιν
1480 337 1551 373 ἅπερ
1567 337 1657 369 αὐτοῖς
1675 339 1814 372 προσήγα-

1025 390 1085 416 γον,
1106 382 1203 416 νικητὰ
1227 382 1395 417 ὁσησδήποτε
1416 382 1565 416 ποσότητος
1591 383 1673 416 ϐντα,
1698 384 1750 410 κᾶν
1775 386 1812 419 μὴ

1026 427 1134 454 σύνεστι
1151 427 1250 462 πρᾶξις
1275 427 1480 462 ὑπομνημάτων
1497 428 1541 454 ἐπ’
1566 429 1676 460 αὐτοῖς·
1699 430 1763 464 περὶ
1785 429 1814 456 ἐξ

1024 472 1078 498 τῶν
1095 473 1231 508 ἀκινήτων
1245 472 1285 499 δεῖ
1298 472 1332 499 τὰ
1351 472 1454 507 νόμιμα
1468 472 1661 507 φυλάττεσθαι,
1687 473 1748 500 ἐπεὶ
1763 474 1813 500 οὐκ

1025 518 1179 555 ἀναιρεῖται
1194 519 1233 553 τῷ
1253 519 1439 554 δωρησαμένῳ
1456 519 1472 554 ἡ
1486 519 1624 554 ἐκνίκησις
1640 519 1740 547 αὐτῶν.

1059 563 1114 589 Καὶ
1129 564 1145 598 ἡ
1163 563 1195 597 ιγ’
1211 563 1282 590 διάτ.
1298 563 1345 590 τοῦ
1360 567 1385 590 α’
1399 564 1451 590 τίτ.
1466 564 1519 590 τῶν
1536 564 1651 599 Νεαρῶν
1666 565 1757 598 λέγει,
1772 565 1812 591 ὅτι

1025 605 1103 638 Εῖτις
1118 608 1237 640 μονάσας
1257 608 1436 643 ἀναχωρῆσαι
1450 608 1569 644 βουληθῇ
1582 629 1589 642 ,
1609 609 1650 636 τὰ·
1662 610 1812 645 πράγματα

1010 674 1012 676 .
1023 653 1072 679 ὅσα
1085 655 1215 688 παρεῖχεν
1226 655 1307 688 ἡνίκα
1319 655 1404 689 εἰσῄει
1416 675 1425 687 ,
1439 655 1488 689 τῆς
1496 655 1658 687 ’δεσποτείας
1676 655 1751 682 ἔσται
1762 656 1809 683 τοῦ

1023 698 1218 733 μοναστηρίου”
1234 699 1281 725 καὶ
1294 700 1334 725 ὅτι
1342 701 1386 725 Δεῖ
1399 699 1444 726 τὸν
1454 699 1564 726 θέλοντα
1576 700 1703 735 μονὰσαι,
1715 701 1809 727 διατυ-

1022 741 1090 767 ποῦν
1097 742 1161 777 περὶ
1172 742 1225 768 τῶν
1238 742 1311 768 ἰδίων
1320 742 1500 777 πραγμάτων·
1515 742 1662 769 εἰσελθόντι
1670 743 1724 779 γὰρ
1737 743 1811 779 αὐτῷ

1023 787 1256 819 συνακολουθοῦσι,
1270 788 1321 813 κᾶν
1335 787 1372 823 μὴ
1386 788 1463 814 τοῦτο
1475 788 1564 824 ῥητῶς
1576 789 1649 825 εἴπῃ·
1663 790 1687 815 εί
1706 789 1755 824 μέν
1770 798 1811 815 τοι

1024 833 1121 864 παῖδας
1138 833 1218 868 ἔχων,
1234 832 1312 867 ἔτυχέ
1328 841 1388 859 τινα
1406 834 1554 868 πράγματα
1574 834 1775 868 δωρησάμενις,
1793 833 1810 868 ἢ

189 888 272 915 quas,
297 887 357 915 quae
381 880 528 914 legitimam
551 881 704 915 portionem
731 880 890 908 substantia:
911 880 971 915 ejus

1024 878 1202 914 δωρησαμένη
1220 879 1328 910 αὐτοῖς,
1347 879 1363 913 ἢ
1384 878 1455 914 ὑπὲρ
1469 879 1596 914 προικὸς,
1618 879 1634 914 ἢ
1652 879 1705 914 πρὸ
1719 880 1809 913 γάμου

188 926 349 958 conﬁciant,
369 925 440 952 dotis
457 926 645 953 donationisve
661 930 723 953 ante
740 925 849 960 nuptias
865 926 974 952 nomine

188 970 346 996 donaverit:
364 970 390 996 in
406 970 518 1004 reliquis
534 971 571 996 illi
585 971 684 998 nullam
697 971 970 998 communicationem

189 1017 317 1046 habento.
333 1017 381 1045 Sin
396 1016 464 1046 nihil
480 1016 557 1055 ipsis.
574 1020 619 1048 aut
633 1016 730 1046 minus
747 1017 867 1054 legitima
887 1017 973 1046 dona-

189 1068 274 1093 verit:
290 1072 371 1092 etiam
384 1071 527 1100 postquam
543 1067 600 1099 ipse
616 1066 767 1093 monachus
781 1065 868 1092 factus
882 1064 972 1096 fuerit,

188 1111 302 1138 debetur
324 1111 376 1137 illis
398 1110 530 1144 legitima.
556 1110 639 1137 Plane
658 1110 680 1136 si
703 1109 818 1136 maritus
838 1113 885 1135 aut
906 1116 974 1135 uxor

188 1157 321 1183 lucratur.
346 1155 377 1182 Et
399 1164 405 1182 :
430 1155 459 1182 Si
483 1155 634 1183 monachus
658 1156 686 1182 in
709 1156 844 1188 militiam,
869 1159 917 1181 aut
938 1154 973 1181 ad

188 1199 268 1226 aliam
293 1199 356 1225 vitae
379 1199 494 1225 formam
519 1199 636 1226 habeat:
658 1199 809 1227 substantia
825 1200 885 1233 ejus
902 1200 973 1234 apud

189 1245 382 1271 monasterium
408 1250 539 1277 remanet,
563 1245 621 1279 ipse
643 1253 708 1272 vero
734 1245 906 1280 provincialis
927 1252 974 1272 co-

188 1289 303 1316 llortalis
318 1289 363 1315 sit.
380 1288 463 1324 356
484 1289 536 1316 Sed
552 1295 579 1316 et
596 1290 617 1316 si
632 1290 694 1324 quis
710 1290 736 1316 in
751 1290 823 1317 aliud
838 1296 974 1317 monaste-

187 1335 258 1362 rium
274 1339 412 1362 transeat:
428 1334 569 1362 [aeultates
585 1335 671 1369 ipsius
685 1336 718 1362 ad
732 1335 849 1370 primum
864 1342 971 1362 monas-

187 1380 287 1407 terium
318 1379 466 1414 pertinent.
500 1379 634 1406 Cazterum
663 1379 792 1414 praesules
826 1379 913 1413 ipsum
940 1386 974 1406 ne

186 1425 375 1460 suscipiunto:
400 1429 482 1459 atque
504 1425 554 1451 hoc
569 1423 680 1460 [ipsum]
703 1429 758 1451 tum
780 1423 898 1459 episcopi
914 1428 972 1450 tum

186 1470 407 1498 archimandrita:
430 1470 603 1504 prohibento.

222 1515 293 1543 Dicit
309 1523 374 1543 vero
398 1515 480 1542 etiam
502 1521 590 1543 const.
615 1515 660 1546 52,
676 1515 719 1542 tit.
733 1515 759 1548 5,
774 1515 819 1542 lib.
832 1523 851 1542 ι.
867 1515 896 1542 Si
910 1514 971 1550 quis

184 1569 219 1589 ex
243 1569 308 1588 casu
330 1561 353 1588 si
377 1562 454 1588 liberi
479 1569 533 1588 non
556 1561 706 1594 exsistent,
733 1561 905 1588 restitutione
928 1561 971 1588 vel

186 1605 380 1634 substitutione
404 1612 532 1641 gravatus
548 1606 641 1636 fuerit.
660 1611 688 1634 et
709 1606 782 1641 quod
806 1606 888 1633 vitam
911 1614 969 1633 mo-

185 1653 317 1679 nasticam
333 1652 470 1686 praeferat.
486 1651 691 1679 matrimonium
706 1651 869 1679 contrahere
883 1650 969 1678 nolit:

184 1704 230 1724 res
244 1695 422 1732 [assignatas]
437 1696 544 1729 retinet,
569 1700 651 1731 atque
675 1697 739 1723 dum
761 1696 837 1729 vivit,
858 1695 971 1722 insumit

185 1743 259 1774 illas,
282 1747 328 1768 aut
345 1741 483 1776 quomodo
499 1741 557 1768 vult
570 1741 698 1776 relinquit
709 1741 857 1768 dummodo
871 1740 899 1768 in
911 1740 970 1775 pias

184 1795 293 1816 causas.
320 1786 372 1814 Sed
394 1790 422 1813 et
441 1786 464 1814 si
486 1787 538 1814 sub
565 1787 721 1814 conditione
737 1787 970 1822 procreandorum

185 1831 334 1859 liberorum
357 1831 408 1866 ipsi
427 1831 529 1859 relictas
548 1832 612 1864 sint,
636 1831 718 1859 habet
732 1832 792 1860 illas
809 1832 900 1860 liberis
915 1839 970 1858 non

184 1878 348 1914 procreatis.
364 1877 437 1904 Idem
454 1877 537 1905 etiam
554 1878 588 1906 de
603 1878 784 1914 virginitatem
802 1878 971 1907 sectantibus

185 1922 379 1960 [tnttlieribus]
407 1924 500 1950 eadem
527 1929 616 1951 const.
647 1925 723 1951 dicit.
748 1924 824 1957 Quod
849 1925 872 1951 si
899 1932 970 1952 unus

184 1970 331 2005 conjugum
350 1970 433 1996 vitam
454 1970 633 1998 monasticam
649 1970 792 2005 suscipiat,
806 1970 873 1997 alter
888 1977 970 2004 repu-

184 2016 258 2043 dium
272 2015 364 2047 mittit,
376 2015 506 2048 locusque
521 2014 583 2051 [est]
598 2023 629 2042 ex
643 2020 731 2043 morte
744 2017 842 2050 pactis,
856 2020 882 2042 et
897 2015 970 2050 quod

184 2057 248 2089 in'de
260 2062 363 2087 lucrum
379 2062 512 2095 provenit,
528 2066 653 2089 servatur
668 2069 702 2088 ex
717 2062 812 2089 eodem
827 2063 969 2089 matrimo-

185 2107 231 2134 nio
251 2105 321 2133 forte
340 2106 537 2134 exsistentibus
554 2106 658 2139 liberis,
675 2111 722 2134 aut
738 2107 765 2134 id
781 2108 902 2134 lucratur
915 2107 968 2143 [ea]

183 2161 301 2189 persona
324 2161 384 2187 quae
408 2153 441 2179 ad
463 2154 613 2181 secundum
630 2155 835 2181 matrimonium
854 2162 907 2181 non
923 2155 970 2182 de-

1024 924 1128 958 δωρεᾶς
1140 944 1147 956 ,
1165 924 1213 950 καὶ
1229 925 1301 950 ποιεῖ
1316 923 1403 950 ταῦτα
1417 924 1447 950 τδ
1464 925 1580 959 νόμιμον
1596 925 1678 959 μέρος
1694 925 1742 959 τῆς
1758 925 1811 950 αὺ-

1024 969 1070 995 τοῦ
1083 969 1250 1003 περιουσίας,
1264 968 1301 1004 μὴ
1314 969 1449 1007 έχέτωσαν
1461 970 1486 996 οἱ
1497 970 1591 1001 παῖδες
1604 970 1672 1004 πρὸς
1683 970 1716 996 τὰ
1729 969 1810 996 λοιπὰ

1027 1014 1184 1050 μετουσίαν·
1202 1016 1225 1041 εί
1242 1014 1270 1041 δὲ
1300 1015 1383 1050 μηδὲν
1400 1016 1501 1047 αὐτοῖς,
1527 1015 1543 1051 ἢ
1569 1016 1678 1042 ἔλαττον
1696 1015 1743 1042 τοῦ
1767 1024 1811 1042 νο-

1026 1061 1109 1096 μίμου
1125 1062 1297 1099 ἐδωρήσατχ,
1315 1062 1362 1088 καὶ
1376 1062 1444 1097 μετὰ
1458 1061 1488 1088 τὸ
1504 1061 1618 1096 μονάσαι
1636 1061 1717 1088 αὐτὸν
1733 1062 1809 1095 ὀφεί-

1024 1107 1100 1134 λεται
1114 1109 1169 1139 τοῖς
1190 1107 1269 1134 παισὶ
1283 1108 1313 1134 τὸ
1330 1108 1454 1143 νόμιμον·
1471 1107 1536 1133 εἰδὲ
1554 1107 1622 1140 ἀνὴρ
1641 1107 1657 1142 ἢ
1675 1107 1743 1143 γυνὴ
1759 1116 1809 1141 μο-

1024 1152 1100 1179 νάσει
1113 1173 1120 1185 ,
1141 1154 1186 1179 τὸν
1206 1153 1260 1180 ἀπὸ
1277 1153 1404 1188 τελευτῆς
1425 1154 1508 1180 κάσον
1529 1154 1542 1180 ὁ
1553 1153 1645 1189 ἕτερος
1661 1154 1807 1188 κερδαίνει·

1024 1198 1071 1224 καὶ
1086 1198 1127 1224 ὅτι
1143 1196 1206 1222 Ἐὰν
1216 1199 1332 1234 μοναχὸς
1357 1199 1396 1230 εὶς
1414 1198 1559 1234 στρατείαν
1573 1198 1636 1233 ἔλθῃ
1648 1219 1655 1230 ,
1674 1199 1690 1234 ἢ
1715 1199 1809 1235 ἕτερον

1024 1243 1081 1278 βίου
1097 1244 1207 1278 σχῆμα,
1224 1245 1240 1278 ὴ
1266 1245 1315 1279 μὲν
1334 1244 1413 1271 οὐσία
1430 1245 1504 1279 μένει
1525 1244 1601 1279 παρὰ
1616 1245 1654 1279 τῷ
1671 1254 1807 1280 μοναστη-

1024 1288 1084 1323 ρίῳ,
1100 1288 1180 1320 αὐτὸς
1197 1289 1226 1315 δὲ
1237 1289 1375 1324 ταξεὼτης
1386 1289 1533 1324 ἐπιχώριος
1545 1290 1659 1323 γίνεται·
1675 1291 1700 1316 εἰ
1716 1290 1744 1316 δὲ
1760 1290 1808 1317 καί

1023 1341 1065 1364 τις
1083 1334 1122 1364 είς
1142 1333 1324 1369 μοναστήριον
1348 1334 1402 1360 ἀπὸ
1425 1334 1607 1370 μοναστηρίου
1632 1335 1771 1370 μετέλθοι,
1790 1335 1807 1370 ή

1022 1378 1101 1405 οὐσία
1125 1379 1207 1405 αὐτοῦ
1230 1378 1269 1413 τῷ
1294 1378 1394 1414 πρώτῳ
1417 1380 1590 1415 μοναστηρίῳ
1615 1380 1749 1416 διαφέρει·
1780 1381 1806 1407 οἱ

1025 1423 1118 1457 μέντοι
1135 1423 1280 1459 ἡγούμενοι
1302 1423 1340 1459 μὴ
1358 1424 1528 1458 δεχέσοωσαν
1552 1425 1643 1452 αὐτόν·
1662 1426 1804 1452 κωλυέτω-

1024 1477 1073 1496 σαν
1086 1469 1114 1496 δὲ
1128 1469 1207 1496 τοῦτο
1221 1470 1267 1496 καὶ
1280 1470 1305 1496 οἱ
1320 1469 1466 1496 ἐπίσκοποι
1481 1470 1528 1497 καὶ
1544 1471 1568 1497 οἱ
1585 1471 1805 1506 ὰρχιμανδρῑται.

1058 1515 1138 1548 Λέγει
1157 1515 1186 1541 δὲ
1205 1515 1252 1541 καὶ
1265 1515 1334 1541 διάτ.
1353 1515 1392 1549 νβ’
1406 1515 1452 1541 τοῦ
1468 1518 1492 1549 γ’
1504 1515 1557 1542 τίτ.
1578 1516 1623 1542 τοῦ
1637 1515 1661 1542 α’
1678 1516 1748 1551 βιϐλ.
1767 1518 1808 1543 ὅτι

986 1540 1008 1570 ο
1025 1540 1139 1592 «est.
1162 1540 1274 1597 βαρήιῆ
1294 1540 1558 1596 saeuam
1584 1540 1810 1589 suam;

1021 1605 1051 1637 ἐξ
1066 1606 1194 1639 ἀπαίδου,
1214 1607 1261 1634 καὶ
1287 1607 1324 1643 μὴ
1340 1607 1457 1643 βουληθῇ
1481 1607 1608 1642 γαμῆσαι
1627 1608 1661 1635 δι’
1680 1609 1808 1644 ἄσκησιν,

1022 1650 1097 1684 μένει
1108 1650 1178 1686 ἔχων
1193 1652 1227 1679 τὰ
1246 1653 1406 1688 πράγματα·
1422 1654 1469 1680 καὶ
1484 1653 1586 1689 περιὼν
1598 1655 1666 1681 αὐτὰ
1682 1655 1790 1691 δαπανᾷ
1801 1675 1808 1687 ,

1021 1696 1038 1731 ἢ
1053 1697 1255 1733 καταλιμπάνει
1271 1698 1308 1730 ὡς
1326 1698 1397 1726 θέλει
1421 1699 1541 1730 εὐσεϐῶς
1557 1700 1658 1735 μέντοι·
1677 1701 1702 1728 ει
1718 1701 1747 1727 δὲ
1763 1701 1811 1728 καὶ

1020 1741 1073 1768 ὑπὸ
1089 1743 1193 1778 αἵρεσιν
1204 1744 1374 1777 παιδοποιίας
1386 1745 1461 1780 αὐτῷ
1473 1745 1652 1782 καταλειφθῇ,
1671 1747 1728 1782 ἔχει
1740 1747 1810 1774 αὐτὰ

1020 1788 1068 1814 καὶ
1084 1787 1122 1823 μὴ
1135 1789 1310 1816 παιδοποιῶν·
1325 1790 1356 1817 τὸ
1367 1791 1433 1817 αὐτὸ
1445 1791 1492 1818 καὶ
1504 1792 1550 1818 ἐπὶ
1565 1792 1808 1828 παρθενευούσαις·

1021 1833 1037 1868 ἠ
1053 1833 1124 1869 αὑτὴ
1136 1834 1206 1862 διάτ.
1226 1836 1320 1871 φησὶν,
1336 1836 1388 1869 ὅτι,
1410 1837 1472 1864 Ἐάν
1488 1846 1530 1869 τις
1543 1837 1598 1865 τῶν
1614 1839 1810 1866 συνοικούντων

1022 1878 1144 1915 μονάσῃ.
1165 1880 1268 1916 πέμπει
1293 1881 1434 1916 ρεπούδιον
1456 1883 1470 1909 ὸ
1493 1883 1582 1915 ἀλλος,
1599 1883 1646 1910 καὶ
1657 1883 1734 1919 χώρα
1753 1885 1810 1915 τοῖς

1020 1925 1074 1951 ἀπὸ
1095 1925 1224 1962 τελευτῆς
1245 1927 1417 1962 συμφώνως·
1443 1928 1490 1954 καὶ
1513 1929 1543 1955 τὺ
1565 1929 1689 1956 ἐντεῦθεν
1714 1930 1808 1965 κέρδος

1021 1970 1184 2004 φυλάττεται
1199 1973 1254 2003 τοῖς
1274 1973 1312 2004 ὡς
1329 1973 1401 2004 εἰκὸς
1415 1972 1489 2000 οὖσιν
1505 1975 1537 2000 ἐκ
1553 1974 1600 2000 τοῦ
1616 1974 1699 2001 αὑτοῦ
1718 1977 1807 2010 γάμου

1021 2014 1114 2040 παισίν
1125 2022 1131 2029 ·
1152 2014 1168 2050 ἦ
1187 2015 1217 2041 τὺ
1231 2015 1364 2051 κερδᾶναν
1386 2018 1531 2052 πρόσωπον
1549 2018 1586 2053 μὴ
1603 2019 1678 2045 ἐλθὸν
1694 2020 1733 2052 είς
1747 2020 1809 2046 δεύ-

1021 2067 1099 2093 τερον
1123 2060 1230 2094 γάμον·
1253 2061 1301 2087 καὶ
1323 2061 1370 2087 τοῦ
1403 2062 1499 2098 ἀνδρὸς
1523 2063 1684 2098 μονάζοντος
1701 2066 1717 2099 ἡ
1739 2065 1808 2100 γυνὴ

1021 2104 1106 2140 ἑτέρῳ
1118 2105 1147 2131 οὐ
1160 2107 1289 2140 γαμεῖται
1299 2107 1345 2133 ἐπὶ
1357 2107 1405 2134 ἕνα
1418 2109 1550 2136 ἐνιαυτόν·
1562 2110 1586 2136 εἰ
1598 2110 1688 2145 μέντοι
1700 2119 1741 2142 τις
1754 2111 1809 2137 τῶν

1023 2152 1185 2185 μνηστήρων
1206 2151 1334 2185 μονάσει,
1355 2153 1379 2178 οἱ
1399 2153 1557 2188 ἁρῤαϐὦνες
1575 2155 1655 2180 ἁπλοῖ
1671 2155 1810 2182 ἀποδίδον-

183 2200 268 2227 venit.
293 2199 426 2226 Caterum
451 2199 474 2226 si
502 2206 618 2234 sponsus
638 2199 773 2234 quispiam
790 2200 817 2227 in
834 2205 968 2228 monaste-

1024 2203 1075 2228 ται,
1088 2197 1134 2222 καὶ
1151 2197 1227 2223 οὐδὲν
1242 2196 1418 2232 ζημιοῦνται,
1438 2198 1475 2231 ὡς
1495 2200 1512 2235 ἡ
1526 2200 1561 2226 νδ¹
1575 2200 1645 2228 διάτ.
1661 2201 1708 2227 τοῦ
1725 2202 1807 2228 αὑτοῦ

183 2245 254 2271 rium
262 2243 402 2274 concedat,
413 2243 553 2277 simplices
560 2244 647 2271 arrha:
656 2245 803 2277 adduntur,
814 2245 969 2280 nullumque

182 2291 312 2318 damnum
330 2289 438 2317 subitur
453 2299 460 2317 :
478 2294 508 2317 ιιι
521 2290 641 2323 ejusdem
659 2290 701 2317 tit.
722 2295 810 2318 const.
827 2291 870 2318 54.

219 2336 328 2363 Tutus.
353 2335 386 2362 Et
409 2343 471 2370 qua:
486 2336 519 2362 de
535 2336 647 2370 repudio
663 2339 760 2364 tractat
785 2337 895 2364 Novella
918 2337 968 2364 H7

183 2382 231 2408 ait:
243 2380 271 2408 Si
279 2379 381 2416 "praeter
392 2388 490 2409 causas
503 2381 537 2408 ab
549 2381 605 2415 ipsa
619 2382 705 2409 dictas
716 2382 814 2409 mulier
827 2383 968 2416 repudium

183 2425 306 2453 miserit:
324 2425 374 2452 dos
388 2425 484 2452 marito
496 2429 544 2452 aut
560 2425 587 2451 in
604 2426 765 2458 dominium,
782 2431 830 2453 aut
849 2427 871 2454 si
893 2426 969 2453 liberi

186 2470 302 2502 subsint,
324 2469 350 2496 in
367 2477 445 2496 u5um
459 2469 575 2496 fructum
598 2470 687 2497 datur.
702 2470 798 2498 Mulier
812 2475 902 2498 autem
922 2479 970 2506 per

183 2514 300 2542 Iudicem
320 2514 449 2549 episcopo
472 2514 588 2542 civitatis
606 2515 632 2542 in
651 2524 704 2550 qua
722 2516 825 2543 habitat
844 2517 968 2548 traditur,

184 2563 208 2588 ει
224 2568 272 2595 per
286 2560 374 2595 ipsum
391 2559 424 2586 ad
442 2568 550 2587 onmem
563 2561 622 2595 ejus
634 2561 716 2588 vitam
733 2561 759 2588 in
773 2563 968 2589 monasterium

184 2606 336 2640 :onjicitur.
349 2608 437 2640 Atque
453 2606 475 2633 si
492 2607 601 2642 quidem
619 2607 719 2634 liberos
734 2607 847 2641 habeat,
863 2608 969 2635 bessem

182 2653 342 2680 substantia:
362 2652 422 2686 ejus
439 2652 501 2688 [illi]
517 2653 639 2688 capiunt,
655 2653 779 2680 trientem
796 2661 860 2681 vero
874 2662 969 2681 mona-

181 2699 305 2726 sterium.
321 2698 368 2726 Sin
383 2706 448 2726 vero
461 2707 514 2725 non
531 2699 642 2732 liberos,
657 2699 703 2727 sed
716 2704 842 2734 parentes
855 2700 967 2728 habeat:

181 2744 288 2772 bessem
319 2744 502 2777 monasterio,
534 2745 660 2772 trientem
693 2750 783 2772 autem
812 2746 968 2780 parentibus

181 2790 264 2816 dato:
281 2795 358 2817 extra
376 2797 457 2824 quam
473 2790 496 2817 si
513 2790 560 2824 qui
578 2790 649 2817 illaut
667 2791 692 2817 in
709 2794 842 2824 potestate
858 2791 967 2821 habent.

182 2834 284 2868 injuste
302 2835 414 2870 repudio
428 2843 570 2863 assensum
592 2836 766 2871 prabucriut.
790 2835 871 2870 357
892 2835 968 2864 Tunc

1019 2240 1070 2269 τίτ-

1055 2335 1110 2361 Kal
1125 2336 1141 2370 ὴ
1157 2336 1221 2370 περὶ
1243 2336 1393 2371 ῥεπουδίων
1408 2337 1631 2373 διαλαμϐάνουσα
1653 2340 1703 2375 ριζ¹
1723 2342 1810 2377 νεαρά

1020 2388 1113 2414 φησιν,
1130 2380 1171 2406 ὃτι
1187 2381 1235 2406 ἐὰν
1245 2381 1320 2416 παρὰ
1332 2383 1381 2413 τὰς
1396 2383 1543 2418 εἰρημένας
1558 2385 1626 2420 αὐτῇ
1638 2385 1726 2416 αίτέας,
1738 2387 1809 2421 γυνὴ

1020 2425 1115 2461 πέμψῃ
1141 2426 1291 2460 ρεπούδιον,
1308 2428 1323 2462 ἠ
1343 2427 1392 2462 μὲν
1416 2428 1496 2463 προὶξ
1510 2429 1549 2463 τῷ
1562 2430 1639 2464 ἀνδρὶ
1661 2431 1772 2462 δίδοται,
1790 2433 1808 2466 ἣ

1020 2472 1090 2498 κατὰ
1102 2472 1269 2504 δεσποτείαν,
1291 2474 1306 2507 ἢ
1323 2473 1426 2500 παίδων
1443 2475 1565 2501 ὑπόντων
1580 2476 1650 2502 κατὰ
1665 2478 1773 2512 χρῆσιν·
1792 2479 1810 2512 ἡ

1019 2517 1048 2543 δὲ
1062 2518 1130 2552 γυνὴ
1144 2517 1188 2544 διὰ
1199 2517 1246 2544 τοῦ
1263 2518 1421 2550 δικάσαντος
1433 2519 1609 2554 παραδίδοται
1618 2521 1656 2556 τῷ
1668 2522 1810 2557 ἐπισκόπῳ

1019 2563 1068 2597 τῆς
1083 2562 1187 2594 πόλεως
1211 2563 1239 2589 ὲν
1259 2560 1382 2599 ᾖρίκεῖ,
1410 2564 1456 2590 καὶ
1480 2564 1513 2590 δι’
1528 2565 1611 2592 αὑτοῦ
1635 2567 1810 2601 μοναστηρίῳ
1839 2593 1843 2595 ,

1019 2608 1183 2643 ἐμϐάλλεται
1200 2609 1288 2635 πᾶσαν
1303 2610 1352 2644 τὴν
1370 2609 1443 2644 ζωὴν
1459 2611 1552 2646 αὐτῆς·
1568 2613 1615 2638 καὶ
1638 2613 1663 2638 εί
1677 2613 1726 2647 μὲν
1751 2614 1809 2647 ἔχει

1020 2653 1129 2685 παῖδας,
1150 2653 1182 2679 τὸ
1197 2653 1318 2688 δίμοιρον
1335 2654 1416 2689 μέρος
1432 2655 1481 2690 τῆς
1495 2656 1589 2688 οὐσίας
1603 2657 1687 2691 αὐτῆς
1701 2657 1809 2692 λαμϐα-

1020 2708 1103 2726 νουσι·
1117 2699 1147 2726 τὸ
1158 2699 1186 2725 δὲ
1198 2699 1299 2734 τρίτον,
1315 2699 1345 2725 τὸ
1361 2701 1552 2736 μοναστήριον·
1567 2703 1590 2728 εἰ
1606 2702 1634 2729 ῑὲ
1648 2702 1744 2733 παῖδας
1760 2703 1809 2729 οὖν

1019 2745 1075 2780 ἔχει
1094 2744 1161 2772 ἀλλὰ
1179 2747 1277 2779 γονεῖς,
1299 2745 1329 2771 τὸ
1354 2745 1475 2781 δίμοιρον
1491 2746 1591 2773 δίδοται
1615 2747 1653 2782 τῷ
1672 2757 1808 2784 μοναστη-

1020 2792 1071 2826 ρίῳ
1083 2799 1089 2804 ·
1106 2789 1153 2816 καὶ
1174 2790 1204 2816 τὺ
1223 2792 1324 2826 τρίτον,
1343 2791 1398 2822 τοῖς
1415 2791 1556 2824 γονεῦσιν·
1576 2793 1600 2818 εί
1616 2794 1654 2828 μὴ
1669 2793 1715 2819 ὑπ’
1731 2793 1803 2824 ἐξου-

1021 2836 1080 2862 σίαν
1094 2835 1179 2870 αὐτὴν
1192 2835 1302 2870 ἔχοντες
1316 2836 1355 2871 τῷ
1368 2837 1458 2872 ἀλόγῳ
1481 2837 1615 2874 ρεπουδίῳ
1637 2838 1807 2874 συνῄνεσαν,
