1951 3071
830 87 849 97 ε

142 139 195 174 841

549 139 750 172 SYNTAGMA
769 138 964 173 CANONUM.
977 153 1010 158 —
1024 140 1097 172 TIT.
1118 141 1172 179 XI,
1195 142 1274 172 CAP.
1295 142 1320 172 Ι.

1726 140 1781 175 842

143 196 205 224 τότε
215 195 271 232 γάρ
282 195 372 225 πάντα
381 194 421 232 τῷ
431 197 605 233 μοναστηρίῳ
617 196 832 232 προσκυροῢται’
843 197 938 232 ὥσπερ

989 196 1062 224 enim
1083 197 1175 224 omnia
1199 196 1366 225 monasterio
1389 196 1579 232 applicantur,
1601 200 1780 234 quemadmo-

143 241 192 270 καὶ
204 242 248 269 ὅτε
267 242 337 278 μήτε
352 241 451 274 παῖδας
464 262 473 276 ,
491 242 561 279 μήτε
575 244 665 278 γονεῖς
676 243 694 279 ἡ
712 242 781 279 γυνὴ
794 242 862 278 ἔχει.

178 336 234 363 Καὶ
246 335 263 371 ὴ
275 335 297 371 β’
312 335 384 362 διάτ.
399 334 446 362 τοῦ
462 337 486 363 α’
500 334 554 363 τίτ.
568 334 624 362 τῶν
638 335 754 371 Νεαρῶν
769 344 863 371 φησιν,
875 335 932 369 ὅτι,

142 382 261 415 Δούλου,
281 381 299 416 ἢ
321 381 514 417 ἔναπογράφου
537 381 610 408 κατὰ
633 382 682 417 τὴν
698 381 831 414 διάστιξιν
848 381 934 417 αὐτῆς

145 427 307 463 μονάζοντος
318 447 326 459 ,
342 427 376 453 τὰ
390 426 543 461 πράγματα
559 426 631 461 ἅπερ
651 427 692 458 εἰς
705 426 736 452 τὸ
752 427 933 462 μοναστήριον

143 473 241 508 ἡγαγε,
262 470 396 507 λαμϐάνει
421 472 435 498 ὁ
458 469 608 506 δεσπότης·
632 471 663 498 οὐ
687 471 799 506 μένουσι
822 472 851 498 δὲ
874 471 933 507 ἅμα

145 518 259 554 μοναχοὶ
280 518 328 544 καὶ
350 517 529 553 μονάστριαι,
543 516 601 544 ἀλλ’
615 518 639 544 οἰ
654 517 750 553 ἀνδρες
767 518 807 549 εἰς
823 518 933 553 ἑτέρους

144 563 321 600 μεθίστανται
333 562 453 595 τόπους,
471 561 518 588 καὶ
538 561 705 597 διαιροῦνται
727 562 767 592 εἰς
779 561 879 593 αὐτοὺς
899 561 934 589 τά

99 602 105 605 ’
145 608 296 644 πράγματα
318 606 387 643 πρὸς
400 607 430 633 τὸ
448 606 568 642 ἁρμόζον
583 607 676 638 αὐτοῖς
689 607 805 633 δίκαιον·
819 608 833 634 ὁ
845 607 874 634 δὲ
889 607 934 642 βε-

143 653 298 689 ϐαρημένος
320 652 431 688 ληγάτῳ
453 653 470 687 ἢ
494 652 737 685 άποκαταστάσει,
754 652 806 678 ὑπὸ
826 652 933 688 αἳρεσιν

142 699 234 734 γάμου
247 698 263 734 ἢ
277 697 405 730 ἀπαιδίας
416 718 423 731 ,
440 698 457 733 ἦ
470 697 517 725 εὰν
531 696 604 725 οὕτω
622 697 732 733 δωρηθῇ
746 697 763 733 ἢ
782 697 847 734 ἔλθῃ
862 698 931 731 τινὶ,

143 743 191 771 καί
206 744 320 779 γένηται
339 743 456 779 μοναχὺς
471 744 488 778 ἢ
509 743 658 779 άσκήτρια,
676 742 819 770 σϐέννυται
834 744 850 778 ὴ
867 743 934 770 ἀπο-

143 790 312 821 κατάστασις
324 796 332 805 ·
354 789 405 817 κᾶν
433 789 487 825 γὰρ
501 788 556 815 τῶν
573 788 763 825 μοναστηρίων
775 788 931 823 ὲξέλθωσιν,

142 835 219 870 ὅμως
232 835 267 862 τὰ
286 835 401 861 τοιαῦτα
417 835 570 870 πράγματα
587 835 658 870 μετὰ
672 835 726 862 τῶν
738 835 827 862 ἄλλων
843 835 933 863 αὐτῶν

142 882 200 913 τοῖς
214 880 405 916 μοναστηρίοις
424 881 549 916 διαφέρει
559 889 566 897 '
584 882 610 909 εἰ
627 881 656 908 δὲ
668 882 715 908 ἐπὶ
728 881 877 918 ἀναρῤὐσει
891 882 933 909 αἰ·
949 870 971 898 Β

142 926 303 962 χμαλώτων,
318 926 336 961 ἢ
351 927 493 962 άποτροτρῇ
507 926 636 962 πτωχῶν,
649 927 666 962 ὴ
679 927 792 963 τοιαύτη
811 926 933 954 ὑπόστα-

144 980 187 1004 σις
198 972 322 1007 γένηται,
336 971 365 1005 ἐξ
381 971 488 1003 οὐδενὸς
504 971 725 1008 τῶνείρημένων
741 972 850 1008 τρόπων
864 972 933 999 ἀπο-

142 1018 274 1046 κλείεταιο
298 1017 346 1045 τοῦ
366 1017 498 1050 εἰσιόντος
518 1017 559 1050 εἰς
580 1018 612 1044 τὸ
635 1018 830 1054 μοναστήριον,
853 1018 933 1054 εἰπερ

141 1064 194 1091 οὐκ
217 1063 275 1100 ἔχει
300 1063 418 1096 παῖδας,
443 1063 479 1090 τὰ
502 1063 655 1099 πράγματα
682 1063 722 1099 τῷ
759 1064 933 1100 μοναστηρίῳ

141 1109 327 1145 διαφέρουσιν
349 1109 374 1136 εἰ
397 1109 427 1136 δὲ
447 1109 544 1140 παῖδας
562 1108 638 1144 ἔχει,
661 1109 709 1135 καὶ
733 1109 764 1135 ού
781 1109 933 1136 διετύπωσε

142 1155 209 1191 περὶ
233 1155 288 1182 τῶν
311 1154 394 1182 αὐτοῦ
421 1155 593 1191 πραγμάτων
611 1155 678 1190 πρὶν
700 1154 825 1190 εἰσέλθῃ,
840 1154 933 1182 ἄδειαν

141 1201 200 1237 ἔχει
217 1201 263 1229 χαί
285 1201 354 1237 μετὰ
376 1200 463 1228 ταῦτα
478 1200 625 1228 διατυποῦν
638 1208 646 1216 ·
664 1200 712 1227 καὶ
726 1200 756 1227 οὐ
773 1200 884 1228 δύναται
902 1199 934 1227 τὸ

141 1248 257 1284 νόμιμον
273 1247 356 1284 μέρος
368 1246 472 1283 μειοῦν,
489 1247 536 1274 καὶ
546 1246 637 1282 ἑαυτῷ
649 1246 678 1273 δὲ
693 1246 823 1282 φυλάττει
838 1246 933 1279 παιδὸς

142 1290 202 1326 ἐνὸς
215 1293 372 1328 ἀναλογίαν,
388 1293 549 1327 ὀφείλουσαν
564 1292 604 1328 τῷ
622 1292 797 1328 μοναστηρίῳ
811 1301 934 1328 προσκυ-

143 1339 282 1375 ρωθῆναν
303 1339 328 1366 εἰ
345 1339 374 1367 δὲ
390 1339 548 1375 τελευτήσει
564 1340 594 1367 ὲν
611 1339 650 1375 τῷ
675 1340 849 1375 μοναστηρίῳ
866 1340 933 1375 πρὶν

142 1385 245 1420 ποιήσῃ
267 1385 317 1421 τὴν
339 1384 516 1417 διατύπωσιν,
535 1384 566 1412 τὸ
584 1384 634 1420 μὲν
651 1384 767 1420 νόμιμον
788 1385 815 1411 οἰ
837 1384 933 1416 παῖδες

141 1430 310 1466 λαμϐάνουσι
321 1450 330 1464 ,
344 1430 379 1457 τὰ
389 1429 418 1457 δὲ
428 1430 512 1456 λοιπὰ
526 1429 556 1456 τὸ
570 1429 763 1465 μοναστήριον·
777 1429 866 1461 οὐδεὶς
878 1429 933 1457 τῶν

94 1505 99 1509 ,
143 1477 307 1512 μνηστήρων
324 1476 459 1512 προφάσει
472 1475 526 1503 τῶν
541 1475 710 1511 άρῤαϐὠνων
724 1475 870 1511 ζημιοῦται
885 1483 933 1510 μο-

144 1522 243 1554 νὰζων·
256 1522 303 1549 παὶ
313 1523 327 1549 ὁ
342 1522 431 1558 γάμος
442 1522 474 1548 ἐκ
487 1521 535 1548 τοῦ
546 1521 639 1549 λαϐεῖν
648 1521 698 1548 ἕνα
711 1521 766 1548 τῶν
779 1521 933 1548 συνοικούν·

141 1575 196 1593 των
210 1566 241 1593 τὸ
257 1566 402 1602 μοναχιχδν
420 1566 530 1601 σχῆμα,
548 1565 641 1594 λύεται
665 1566 750 1602 χωρὶς
769 1566 930 1602 ῥεπουδίου,

141 1612 190 1640 καὶ
214 1611 401 1647 ἀναλαμϐάνει
424 1612 442 1648 ἠ
469 1613 537 1647 γονὴ
559 1611 610 1648 τὴν
633 1613 736 1648 προῖκα
753 1612 848 1640 καὶτὰ
863 1612 932 1639 ἄλλα

141 1658 228 1693 αὐτῆς
243 1658 402 1694 πράγματα·
417 1657 456 1693 τῷ
472 1657 500 1685 δὲ
515 1658 552 1693 μὴ
567 1658 716 1693 μονάσαντι
733 1657 764 1685 τὸ
776 1659 829 1685 ἀπὸ
843 1657 932 1685 τελεο-

141 1703 192 1738 τῆς
213 1704 393 1738 συμφωνηοὲν
409 1703 503 1739 κέρδος
525 1703 641 1739 ἁρμόζει
653 1711 661 1719 ·
685 1704 710 1730 εἰ
726 1703 754 1731 δὲ
768 1704 826 1739 ἅμα
841 1704 865 1731 οἰ
885 1703 932 1731 δύο

946 1545 968 1576 C

141 1749 321 1782 ἀποτάξονται
333 1768 341 1781 ,
355 1748 442 1780 οὐδεὶς
456 1748 545 1776 αὐτῶν
558 1749 590 1775 ὲκ
604 1748 650 1775 τοῦ
665 1748 759 1785 ἑτέρου
774 1748 930 1786 κερδαίνει,
948 1777 950 1779 ,

141 1795 168 1822 ιι
183 1795 222 1832 μὴ
236 1794 307 1822 ἑκών
320 1803 360 1827 τις
373 1794 413 1831 τῷ
424 1794 510 1831 ἑτέρῳ
521 1794 684 1831 δωρήσεται.

184 1933 218 1960 Ἦ
231 1933 260 1960 δὲ
278 1940 343 1970 περι
358 1932 552 1968 τοποτηρητῶν
575 1928 754 1968 διαλεγομένη
769 1932 823 1969 ρλδ⁷
846 1934 932 1970 νεαρά

142 1987 237 2015 φησιν,
256 1979 316 2011 ὅτι,
339 1978 402 2004 Ἐὰν
427 1977 496 2013 γυνὴ
521 1978 569 2004 ἐπὶ
596 1978 704 2013 μοιχείᾳ
725 1978 928 2014 καταδικασθῇ,

141 2025 202 2055 ταῖς
225 2022 426 2058 προσηκούσαις
451 2022 570 2057 πληγαῖς
596 2022 823 2058 ὑποϐαλλομένη,
849 2032 931 2058 μονα-

142 2069 247 2105 στηρίῳ
260 2068 435 2102 ἐμϐάλλεται,
453 2069 500 2094 καὶ
512 2068 604 2095 ἄδειαν
617 2068 673 2103 ἔχει
688 2069 702 2095 ὁ
715 2069 784 2104 ἀνὴρ
800 2069 866 2096 εἴσω
877 2070 931 2096 διε-

141 2114 202 2144 τίας
222 2114 306 2148 αὐτὴν
330 2113 487 2143 ἀναλαϐεῖν,
514 2113 550 2148 μὴ
569 2113 756 2149 βλαπτομένου
773 2114 820 2140 τοῦ
839 2115 929 2150 γάμου

141 2160 175 2186 ὲκ
188 2159 242 2185 τῶν
257 2160 285 2185 ἐν
300 2158 338 2193 τῷ
358 2158 448 2192 μέσῳι
468 2159 491 2184 εἰ
507 2159 535 2185 δὲ
551 2159 681 2193 παρέλθοι
694 2160 708 2186 ὸ
725 2160 836 2195 χρόνος,
852 2160 868 2195 ἢ
886 2169 930 2187 τε-

986 241 1050 268 dum
1073 242 1156 269 etiam
1179 241 1290 277 quando
1309 249 1399 278 neque
1420 242 1522 270 liberos
1545 251 1633 278 neque
1652 250 1779 279 parentes

987 286 1089 314 mulier
1104 287 1195 314 habet.

1023 331 1131 359 Tenus.
1148 332 1182 360 Et
1197 338 1285 360 const.
1301 333 1331 365 2,
1347 333 1389 360 tit.
1406 332 1419 360 ἰ
1435 331 1609 361 Novellarum
1632 335 1688 362 ait:
1708 334 1778 362 Cum

985 384 1081 405 servus
1092 381 1139 404 aut
1150 378 1317 413 ascriptitius
1330 379 1479 406 secundum
1492 379 1563 407 hanc
1574 379 1779 408 distinctionem

985 423 1138 451 monachus
1166 423 1255 452 factus
1272 424 1366 458 fuerit,
1386 432 1430 452 res
1446 432 1516 460 quas
1531 426 1558 453 in
1581 427 1779 454 monasterium

984 470 1117 502 attulerit,
1142 469 1215 504 capit
1236 470 1373 498 dominus.
1391 469 1452 498 Non
1469 471 1630 499 cohabitant
1651 471 1778 500 monachi

983 514 1066 542 simul
1088 517 1116 541 et
1139 514 1306 542 monastriaa.
1331 515 1439 550 Alioqui
1465 515 1494 542 in
1515 515 1568 542 alia
1584 515 1643 543 loca
1661 515 1778 544 transfe-

984 566 1083 587 runtur
1098 560 1166 594 viri,
1181 565 1209 588 et
1222 567 1266 588 res
1284 559 1466 597 [communes]
1485 561 1555 589 inter
1578 561 1652 597 ipsos
1674 554 1724 597 pro
1745 569 1779 590 eo

983 610 1115 640 quantum
1132 606 1231 640 cuique
1253 606 1325 642 juris
1350 607 1480 642 competit
1497 607 1667 636 dividuntur.
1686 607 1715 635 Si
1728 607 1776 643 qui

984 653 1036 680 sub
1051 653 1208 681 conditione
1222 653 1390 681 matrimonii
1410 658 1458 681 aut
1471 660 1525 681 non
1538 653 1775 689 suscipiendorum

983 698 1145 730 liberorum.
1166 699 1255 735 legato
1268 699 1311 726 vel
1326 699 1501 727 restitutione
1515 704 1644 735 gravatus
1660 704 1712 733 est,
1728 704 1777 727 aut

984 744 1008 772 si
1024 745 1069 772 cui
1084 745 1233 780 quidquam
1261 745 1313 773 hac
1336 745 1492 773 conditione
1516 745 1646 773 donatum
1667 750 1719 778 est,
1740 745 1777 773 ad

983 799 1100 827 quemve
1115 791 1292 828 [quidquam]
1307 791 1471 827 pervenerit,
1486 791 1639 819 monachus
1653 795 1700 819 aut
1714 798 1777 819 mo.

984 837 1090 866 nastria
1113 837 1169 870 ttat,
1190 837 1375 872 exstinguitur
1396 837 1544 865 restitutio.
1575 836 1645 864 Nam
1667 836 1777 865 tametsi

984 882 1159 911 monasteriis
1186 881 1372 919 [postmodum
1398 881 1448 918 illi]
1465 882 1658 918 egrediantur,
1680 882 1778 910 istius-

983 928 1057 955 modi
1080 932 1171 955 tamen
1199 935 1243 956 res
1259 935 1322 955 cum
1338 928 1460 963 ipsorum
1481 928 1542 955 aliis
1561 927 1595 955 ad
1611 928 1776 956 monasteria

982 974 1126 1009 pertinent.
1144 973 1173 1001 Si
1194 978 1284 1002 tamen
1299 974 1333 1001 ad
1346 974 1561 1009 redemptionem
1586 975 1775 1008 captivorum,

983 1023 1030 1047 aut
1051 1019 1247 1047 exhibitionem
1273 1027 1425 1055 pauperum
1451 1019 1606 1047 istiusmodi
1637 1019 1775 1047 restitutio

982 1067 1110 1092 mandata
1126 1065 1174 1097 sit,
1189 1064 1263 1092 nullo
1284 1065 1475 1099 praedictorum
1491 1064 1635 1092 modorum
1649 1064 1774 1092 excludi-

983 1114 1037 1138 tur.
1059 1110 1126 1146 Ejus
1148 1111 1218 1138 bona
1234 1110 1282 1145 qui
1299 1110 1496 1138 monasterium
1518 1110 1613 1143 intrat,
1629 1110 1653 1138 si
1673 1110 1774 1139 liberos

982 1163 1037 1184 non
1053 1156 1142 1190 habet,
1154 1156 1187 1183 ad
1200 1156 1397 1184 monasterium
1413 1156 1558 1191 pertinent.
1574 1155 1628 1184 Sed
1641 1156 1665 1184 si
1680 1155 1773 1188 habet,

983 1209 1034 1229 nec
1065 1201 1099 1229 de
1131 1202 1214 1229 rebus
1245 1201 1303 1230 suis
1333 1201 1494 1237 priusquam
1526 1202 1609 1230 intret
1642 1202 1772 1230 statuit:

983 1246 1122 1275 statuendi
1136 1247 1311 1282 postmodum
1328 1246 1487 1275 facultatem
1505 1248 1596 1275 habet.
1610 1246 1668 1275 Non
1685 1251 1776 1282 potest

983 1295 1073 1319 autem
1092 1291 1216 1319 minuere
1231 1291 1391 1327 legitimam.
1406 1290 1465 1319 Sibi
1478 1298 1544 1319 vero
1561 1291 1644 1319 unius
1654 1290 1776 1319 ﬁliorum

983 1337 1136 1373 portionem
1152 1342 1255 1369 servat,
1272 1344 1334 1372 quae
1348 1335 1516 1364 monasterio
1531 1335 1663 1371 applicari
1682 1334 1774 1363 debet.

982 1383 1061 1417 Quod
1075 1383 1098 1411 si
1117 1382 1277 1418 priusquam
1296 1381 1505 1417 dispositionem
1523 1381 1617 1414 faciat,
1631 1381 1658 1408 in
1676 1388 1775 1408 mona-

983 1428 1068 1457 sterio
1085 1428 1220 1460 decedat,
1239 1427 1386 1462 legitimam
1402 1427 1480 1455 liberi
1496 1426 1617 1462 capiunt,
1632 1426 1774 1454 residuum

983 1481 1048 1502 vero
1061 1473 1269 1502 monasterium.
1278 1472 1376 1500 Nullus
1387 1480 1505 1508 sponsus
1519 1472 1662 1500 occasione
1676 1473 1775 1500 arrha-

983 1526 1044 1547 rum
1056 1517 1230 1553 dispendium
1241 1517 1316 1550 facit,
1328 1517 1351 1544 si
1364 1518 1448 1544 vitam
1456 1517 1635 1545 monasticam
1647 1516 1774 1552 suscipit.

985 1564 1092 1601 [Porro]
1105 1564 1312 1592 matrimonium
1323 1563 1417 1596 etiam,
1431 1570 1493 1590 cum
1512 1562 1580 1590 alter
1599 1561 1772 1598 [conjugum]

984 1610 1172 1638 monachalem
1193 1609 1317 1637 habitum
1343 1609 1438 1642 sumit,
1463 1608 1531 1635 citra
1547 1607 1691 1642 repudium
1706 1607 1776 1635 diri-

984 1656 1068 1684 mitur
1092 1666 1098 1684 :
1119 1661 1147 1684 et
1168 1656 1267 1684 mulier
1295 1656 1386 1684 dotem
1416 1656 1538 1690 aliasque
1568 1662 1634 1683 suas
1653 1662 1698 1683 res
1729 1661 1774 1682 re-

983 1702 1059 1737 cipit.
1075 1701 1175 1730 Verum
1202 1701 1249 1737 qui
1279 1702 1307 1729 in
1330 1701 1528 1734 monasterium
1551 1707 1606 1728 non
1626 1700 1751 1728 concedit
1762 1696 1778 1734 ,'

983 1748 1008 1776 ei
1022 1748 1128 1776 lucrum
1151 1747 1225 1782 quod
1248 1747 1276 1775 in
1296 1751 1412 1775 mortem
1438 1751 1549 1782 pactum
1568 1750 1612 1774 est
1632 1745 1772 1780 competit.

983 1794 1066 1821 Plane
1089 1794 1112 1821 si
1138 1793 1218 1821 ambo
1240 1792 1396 1830 [mundum]
1422 1792 1506 1828 358
1523 1792 1614 1820 valere
1626 1791 1771 1827 iusserint,

984 1844 1080 1868 neuter
1102 1840 1137 1868 ab
1160 1840 1248 1868 altero
1273 1838 1448 1876 [quidquam]
1474 1839 1543 1866 lucri
1562 1838 1655 1872 sentit,
1679 1838 1733 1866 nisi
1748 1837 1773 1865 si

983 1890 1080 1921 sponte
1097 1887 1165 1913 alter
1179 1886 1257 1914 alteri
1271 1885 1397 1922 [aliquid]
1415 1886 1507 1913 donet.

1019 1930 1126 1959 Teztus.
1141 1931 1207 1964 Quae
1218 1931 1251 1959 de
1272 1931 1381 1969 vicariis
1397 1931 1507 1959 disserit
1521 1930 1631 1959 constit.
1645 1929 1697 1958 154
1709 1930 1747 1958 ait
1761 1937 1772 1958 :

984 1975 1013 2003 Si
1029 1977 1127 2004 mulier
1143 1976 1268 2003 adulterii
1290 1976 1470 2004 condemnata
1492 1976 1538 2006 sit,
1553 1975 1773 2010 competentibus

982 2022 1091 2049 subdita
1107 2022 1195 2056 ptenis
1213 2023 1239 2049 in
1257 2022 1453 2049 monasterium
1470 2021 1623 2056 conjicitur.
1643 2021 1773 2049 Potesta—

983 2075 1036 2096 tem
1052 2074 1143 2097 autem
1157 2070 1273 2097 maritus
1290 2070 1382 2102 habet,
1402 2073 1430 2096 ut
1447 2069 1520 2095 illam
1538 2069 1609 2095 intra
1632 2069 1771 2096 biennium

983 2114 1115 2148 recipiat:
1138 2122 1227 2149 neque
1249 2121 1296 2148 per
1313 2121 1344 2141 ea
1358 2121 1418 2148 qua:
1440 2113 1529 2140 medio
1545 2117 1666 2147 tempore
1687 2112 1770 2148 [facta

982 2158 1068 2195 sunt,]
1096 2159 1299 2186 matrimonium
1322 2158 1436 2186 laeditur.
1462 2158 1516 2185 Sed
1537 2158 1559 2185 si
1586 2157 1636 2193 [id]
1663 2163 1773 2192 tempus

141 2204 267 2239 λευτήσει
289 2203 326 2239 μὴ
347 2203 491 2230 ἀναλαϐὼν
512 2203 609 2240 αὐτὴν,
626 2204 656 2231 τὸ
674 2205 766 2240 σχῆμα
783 2205 927 2240 λαμϐάνει·

984 2209 1134 2238 praetereat,
1151 2208 1198 2230 aut
1216 2211 1269 2231 non
1285 2207 1392 2238 recepta
1409 2203 1453 2229 illa
1476 2201 1612 2238 [maritus]
1635 2202 1768 2234 decedat,

141 2251 189 2278 καὶ
202 2252 225 2278 εἰ
239 2251 289 2286 μὲν
301 2250 358 2286 ἔχει
376 2251 483 2284 παῖδας,
499 2250 668 2286 λαμϐάνουσι
679 2252 728 2282 τὰς
739 2252 810 2278 ὀκτὼ
823 2252 929 2286 ὀγγίας,

141 2296 190 2323 καὶ
202 2295 234 2322 τὸ
245 2296 425 2331 μοναστήριον
436 2296 485 2327 τὰς
499 2295 529 2322 δ’·
542 2297 566 2322 εἰ
580 2296 609 2322 δὲ
627 2297 722 2332 μόνους
735 2297 859 2330 ἀνιόντας
874 2297 930 2333 ἔχει

144 2341 182 2378 μὴ
195 2341 417 2377 συνεργήσαντας
442 2342 481 2377 τῷ
499 2343 655 2378 ἀτοπήματι
667 2364 674 2376 ,
690 2343 859 2379 λαμϐάνουσι
881 2345 930 2376 τὰς

140 2385 163 2412 δ’
177 2385 274 2420 ὸγγίας
286 2405 293 2416 .
311 2386 358 2412 καὶ
375 2386 405 2412 τὸ
424 2387 603 2422 μοναστήριον
622 2388 671 2419 τὰς
688 2391 724 2423 η’·
740 2389 764 2414 εἰ
783 2388 811 2415 δὲ
827 2389 930 2425 συνήρ-

140 2439 230 2465 γησαν
245 2430 262 2466 ἢ
280 2430 318 2466 μὴ
330 2431 358 2457 δὲ
371 2431 440 2462 ὅλως
456 2432 523 2458 εἰσιν
534 2433 682 2468 ἀνιόντεςῆ
699 2435 849 2467 κατιόντες,
865 2435 931 2470 λαμο

141 2475 219 2503 σάνει
234 2475 323 2502 πάντα
338 2475 369 2502 τὸ
383 2478 574 2513 μοναστήριον,
595 2479 649 2505 τῶν
665 2480 693 2504 ὲν
710 2481 766 2510 τοῖς
784 2480 930 2516 προικῲοις

141 2521 297 2557 συμφώνων
317 2522 364 2548 ἐπὶ
387 2523 494 2549 πάντων
517 2523 571 2551 τῶν
586 2523 713 2560 οεμάτων
733 2525 772 2560 τῷ
789 2526 866 2561 ἀνδρὶ
880 2535 930 2561 φυ-

141 2567 326 2603 λαττομένωνο
347 2567 395 2594 ἐὰν
411 2568 439 2594 δέ
459 2577 499 2599 τις
516 2569 562 2595 ἐπὶ
586 2570 696 2606 μοιχείᾳ
712 2571 929 2606 κατηγορηθεὶς,

142 2614 189 2642 καὶ
208 2615 280 2641 κατά
302 2613 448 2649 προδοσίαν
465 2614 512 2641 τοῦ
527 2616 654 2643 δικαστοῦ
668 2638 674 2648 ,
689 2617 706 2652 ῆ
725 2617 822 2652 ἑτέραν
841 2618 931 2644 αἰτίαν

140 2661 278 2694 ἀποφύγοι
295 2660 345 2691 τὰς
360 2660 466 2691 ποινάς,
485 2661 532 2687 καὶ
547 2662 615 2696 μετὰ
629 2662 717 2690 ταῦτα
728 2663 830 2695 ζῶντος
887 2672 931 2690 τε-

141 2705 322 2740 λευτήσαντος
344 2704 392 2730 τοῦ
415 2704 510 2739 ἀνδρὸς
526 2706 622 2741 αὐτῆς,
638 2708 758 2743 αἰσχρῶς
772 2710 839 2745 αὐτῇ
863 2718 927 2736 συν-

142 2751 356 2786 αναστρέφηται,
367 2750 384 2785 ἢ
401 2750 468 2785 πρὸς
483 2751 572 2786 γάμον
585 2754 669 2789 αὑτὴν
684 2753 764 2791 λάϐῃ,
779 2755 839 2782 οὔτε
852 2758 865 2783 ὁ
879 2756 930 2790 γά-

144 2805 193 2833 μος
210 2799 336 2835 ἑῤῥωται,
354 2796 412 2823 ἀλλ’
427 2798 441 2823 ό
457 2797 505 2831 μὲν
518 2798 587 2834 ἀνὴρ
599 2799 636 2831 ὡς
655 2801 747 2836 μοιχὸς
764 2803 816 2829 ὑπὸ
831 2803 930 2834 παντὸς

142 2845 272 2880 ἄρχοντος
288 2843 443 2875 κολάζεται,
462 2845 476 2878 ἡ
493 2844 521 2870 δὲ
545 2847 614 2881 γυνὴ
634 2849 853 2885 δωφρονιζημένη
877 2852 928 2884 ἑμ-

303 2891 437 2919 Parnm“
462 2893 517 2920 (in.
542 2893 619 2924 ω’.

982 2251 1098 2278 assumit
1114 2250 1236 2278 habitum
1250 2259 1256 2276 :
1277 2255 1303 2277 et
1320 2250 1343 2277 si
1363 2249 1472 2284 quidem
1486 2249 1586 2276 liberos
1601 2249 1691 2280 habet,
1708 2255 1771 2276 octo

981 2295 1042 2332 [illi]
1061 2297 1155 2323 uncias
1175 2296 1297 2330 capiunt,
1319 2295 1515 2322 monasterium
1534 2302 1624 2321 autem
1641 2299 1769 2329 quatuor.

980 2344 1021 2370 sin
1040 2342 1216 2370 ascendentes
1231 2343 1373 2373 duntaxat,
1390 2341 1434 2375 qui
1450 2341 1484 2368 ad
1501 2341 1581 2368 istam
1595 2341 1770 2368 insolentiam

981 2396 1059 2423 opem
1086 2395 1139 2415 non
1164 2388 1286 2420 tulerint,
1303 2387 1413 2421 capiunt
1434 2386 1497 2423 [illi]
1521 2386 1615 2414 uncias
1639 2392 1769 2421 quatuor,

981 2433 1178 2461 monasterium
1192 2437 1283 2460 autem
1297 2436 1369 2460 octo.
1387 2432 1440 2459 Sed
1453 2432 1475 2459 si
1490 2439 1569 2468 opem
1587 2432 1708 2464 tulerint,
1723 2436 1771 2459 aut

980 2479 1092 2506 omnino
1105 2479 1170 2506 nulli
1186 2485 1274 2513 neque
1284 2477 1460 2505 ascendentes
1474 2484 1563 2512 neque
1574 2477 1770 2504 descendentes

982 2526 1081 2551 l'ucrint
1097 2545 1103 2556 ,
1130 2524 1327 2552 monasterium
1353 2523 1444 2550 omnia
1479 2523 1603 2558 percipit.
1636 2522 1770 2559 [Interim

982 2571 1083 2608 tanien]
1093 2579 1153 2605 qua:
1163 2571 1189 2598 in
1198 2570 1365 2606 nuptialibus
1378 2570 1549 2604 pactionibus
1560 2567 1773 2607 [comprehensa

981 2616 1073 2653 sunt,]
1107 2617 1134 2644 in
1162 2616 1290 2644 omnibus
1314 2616 1424 2643 casibus
1450 2617 1548 2643 marito
1575 2608 1773 2654 servabuntur.{

981 2663 1057 2697 Quod
1070 2663 1093 2690 si
1105 2663 1167 2698 quis
1179 2663 1212 2690 de
1224 2662 1359 2690 adulterio
1371 2666 1517 2690 accusatus
1528 2670 1577 2697 per
1587 2660 1773 2697 proditionem

979 2710 1079 2745 jndicis
1093 2710 1135 2738 vel
1154 2709 1235 2737 aliam
1252 2717 1362 2737 causam
1376 2717 1472 2745 poenas
1486 2709 1622 2743 eil'ugerit,
1642 2713 1669 2735 ct
1690 2712 1768 2744 post~

982 2760 1090 2786 modum
1105 2755 1170 2793 [vel]
1184 2757 1245 2783 vivo
1260 2755 1300 2782 vol
1317 2760 1425 2783 mortuo
1435 2756 1564 2784 adulterae
1578 2755 1688 2788 marito,
1704 2762 1767 2783 cum

981 2805 1026 2833 illa
1059 2803 1173 2838 turpiter
1206 2806 1396 2834 conversetur,
1427 2806 1473 2829 aut
1500 2801 1526 2828 in
1561 2801 1766 2828 matrimonium

982 2851 1067 2885 ipsam
1090 2848 1277 2883 assumpserit,
1296 2847 1500 2875 matrimonium
1526 2847 1628 2875 nullius
1647 2852 1688 2875 est
1705 2854 1766 2875 mo-

1550 2892 1590 2922 27
