1951 3071
174 167 227 200 843
736 167 867 197 ΡΗΟΤΙΙ
887 167 961 197 ΡΑΤ,

1023 168 1139 199 ΒΟΗᾸζ
1163 168 1218 200 CP.
1745 169 1798 202 844

173 224 284 253 menti:
307 229 389 260 atque
412 224 438 252 vi
463 223 571 259 quidem
606 231 622 251 ιι
645 224 807 259 magistratu
832 224 959 259 punitur,

1023 226 1138 253 ἰάλλεται
1152 224 1325 262 μοναστηρίῳ
1342 224 1402 252 ὅλον
1420 223 1465 252 τδν
1480 225 1575 265 χρονον
1590 224 1641 261 τῆς
1655 225 1727 261 ζωῆς
1747 227 1796 253 αὑ-

174 271 271 299 mulier
284 278 348 298 vero
362 272 491 306 castigata
510 275 537 297 et
553 275 629 297 tonsa
644 270 670 296 in
685 277 767 297 omne
779 270 840 297 vita:
853 276 959 305 tempus

1023 272 1070 306 τῆς·
1088 272 1134 298 καὶ
1157 271 1192 298 τὰ
1207 271 1357 306 πράγματα
1371 271 1409 302 ὡς
1428 271 1537 306 εἴρηται
1550 270 1719 307 διαιροῦνται
1735 280 1796 299 κιν-

175 318 200 343 in
216 317 411 344 monasterium
431 316 587 352 conjicitur.
612 314 783 351 [Utriusque]
807 322 897 343 autem
916 324 960 344 res

1023 318 1082 353 ἱύνῳ
1094 317 1141 344 τοῦ
1149 317 1270 354 κόμητος
1280 317 1336 345 τῶν
1350 316 1501 353 πριὸάτων,
1512 317 1559 344 καὶ
1569 316 1625 345 τῶν
1636 316 1707 345 κατὰ
1715 317 1798 344 τόπον

174 361 295 396 periculo
323 361 480 396 (quomodo
503 361 605 388 dictum
631 360 692 395 est)
711 361 819 389 comitis
843 359 960 398 [rerum]

175 408 342 443 privatarum
359 413 439 441 atque
455 407 578 440 praesidis
592 406 644 434 loci
659 406 827 435 dividuntur.

210 453 292 489 359
318 453 394 481 CAP.
423 453 457 481 ll.
478 469 511 474 —
526 452 565 480 De
578 453 714 480 monachis
736 454 781 489 qui
807 461 840 480 ea:
868 454 962 481 alienis

175 499 340 526 monasteriis
355 503 526 526 assumuntur
543 498 577 525 ad
597 498 756 526 clericatum
773 499 814 526 vel
828 499 862 526 ad
876 499 964 534 digni-

177 549 257 572 tatem
276 544 422 580 hcgumcni.

314 588 427 616 Concilii
442 587 658 623 Carthagineusis
678 596 764 615 canon
777 587 820 616 80.

211 633 245 661 Ut
264 633 296 661 de
307 634 393 661 alieno
405 634 563 661 monasterio
587 639 722 669 susceptos
745 642 791 661 nec
810 634 963 670 prmporitos

177 681 327 708 monasterii
362 689 407 708 nec
428 680 536 708 clericos
551 680 628 708 liceat
645 681 783 709 ordinare.

216 773 260 801 80.
283 773 347 801 Item
367 773 469 807 placuit
481 772 504 789 "
529 776 569 806 ut,
589 772 611 800 si
635 772 696 807 quis
717 773 751 800 de
773 773 884 801 alterius
904 781 964 801 mo-

183 819 305 847 nasterio
329 822 486 853 susceptum
508 818 549 845 vel
570 817 602 844 ad
624 818 780 845 clericatum
804 826 963 854 promovere

183 864 309 899 voluerit,
325 865 365 892 vel
380 865 407 892 in
421 872 469 892 suo
481 863 646 892 monasterio
659 864 789 899 majorem
804 865 962 892 monasterii

177 911 361 942 constituerit.
380 910 523 945 episcopus
546 910 592 944 qui
619 910 671 937 hoc
701 909 813 942 fecerit,
841 917 857 937 a
881 916 962 937 caete-
979 903 999 929 Β

178 964 271 985 rorum
289 957 482 984 communione
502 955 658 990 sejunctus,
680 963 736 983 suae
752 959 857 983 tantum
873 956 961 991 plebis

178 1003 370 1031 communione
385 1006 530 1030 contentus
548 1002 595 1034 sit,
615 1006 644 1030 et
665 1001 711 1030 ille
731 1009 820 1037 neque
833 1002 961 1036 clericus,

179 1056 266 1085 neque
279 1049 442 1084 praepositus
454 1052 619 1083 perseveret.

361 1094 472 1122 Concilii
487 1093 592 1121 Nicami
608 1101 628 1121 ιι
644 1101 729 1122 canon
743 1093 788 1121 Si.

213 1140 291 1174 Quod
305 1148 356 1167 non
372 1144 473 1175 oportet
491 1139 644 1173 monachos,
663 1139 777 1174 propriis
794 1139 893 1167 relicti:
909 1148 965 1167 mo-

179 1187 314 1221 nasteriis,
328 1187 355 1213 in
369 1185 423 1213 alia
438 1186 561 1213 transire.

213 1233 258 1259 2|.
275 1232 335 1259 Non
351 1236 458 1267 oportet
479 1231 643 1258 monachum
659 1231 700 1258 vel
715 1231 876 1259 monacham
900 1239 964 1266 pro-

179 1278 269 1313 prium
285 1278 438 1312 relinquere
458 1277 666 1310 monasterium,
681 1281 708 1304 et
722 1276 755 1304 ad
770 1277 843 1304 aliud
858 1284 888 1304 se
899 1285 964 1304 con-

181 1324 262 1351 ferre.
279 1324 308 1350 Si
323 1324 374 1350 hoc
386 1328 476 1351 autem
497 1323 657 1358 contigerit,
679 1323 768 1358 ipsum
785 1328 815 1349 ut
830 1322 962 1357 hospitem

179 1369 265 1404 accipi
280 1374 322 1397 est
336 1369 520 1397 necessarium
534 1378 540 1396 :
554 1370 601 1397 sed
615 1376 677 1396 eum
694 1369 778 1404 recipi
795 1369 855 1396 sine
873 1373 964 1397 mente

181 1415 337 1442 monasterii
355 1415 414 1450 ejus
431 1414 560 1450 praefecti,
582 1421 635 1442 non
653 1415 790 1442 convenit.

216 1460 292 1488 CAP.
314 1459 356 1487 Ill.
369 1475 404 1483 —~
423 1460 458 1488 De
472 1461 553 1487 servis
576 1460 620 1495 qui
638 1460 758 1487 monachi
771 1460 850 1495 ﬁunt,
866 1459 906 1487 vel
922 1467 964 1486 re-

182 1505 286 1541 ligionis
297 1510 426 1541 mortem:
443 1505 605 1540 famulatum
619 1505 787 1533 dominorum
809 1504 962 1540 defugiunt.

357 1597 470 1627 Cancilii
483 1596 644 1632 Gangrensi:
661 1604 745 1623 canon
762 1595 789 1623 5.

215 1645 244 1673 5.
263 1644 292 1672 Si
319 1645 381 1680 quis
411 1644 490 1671 docet
512 1650 620 1670 servum
638 1642 746 1677 pietatis
770 1645 902 1676 pratextu
919 1641 966 1669 do-

181 1691 287 1727 minum
300 1695 486 1722 contemnere,
503 1693 530 1715 et
555 1696 570 1715 a
599 1687 751 1715 ministerio
775 1688 910 1719 recedere,
939 1692 966 1715 et

181 1743 236 1763 non
251 1743 313 1764 cum
336 1735 418 1770 360
435 1733 623 1761 neiievolentia
657 1737 684 1760 et
707 1732 783 1760 omni
802 1732 905 1760 honore
918 1733 966 1760 do-

182 1782 256 1809 mino
268 1788 319 1808 suo
333 1779 474 1809 inservire.
487 1779 523 1806 sit
541 1778 696 1805 anathema.

329 1825 443 1853 Conciiii
461 1824 681 1852 Chalcedonensis
696 1831 781 1850 canon
796 1824 823 1851 Δ.

217 1872 244 1899 4.
263 1871 316 1904 Qui
334 1878 396 1898 vere
408 1874 435 1898 et
444 1870 561 1903 sincere,
580 1874 645 1901 etc.,
662 1874 691 1896 ut
705 1877 766 1904 pag.
780 1869 841 1897 754.

297 1915 409 1943 Concitii
424 1915 576 1942 wcuntenici
595 1922 620 1942 VI
638 1922 749 1941 cunmm
761 1914 806 1946 45,
818 1913 864 1941 85.

216 1961 262 1989 45.
278 1961 355 1988 Licet
376 1960 450 1987 omni
463 1959 622 1987 Christiano
646 1959 729 1986 vitam
746 1959 963 1986 exercitatricem

181 2007 297 2044 eligere,
323 2011 350 2034 et
363 2013 454 2033 rerum
476 2005 509 2032 ad
525 2005 609 2032 vitam
633 2004 827 2040 pertinentium
843 2004 963 2039 deposita

181 2058 351 2088 tempestate,
361 2050 557 2078 monasterium
571 2050 685 2085 ingredi,
695 2054 722 2077 et
730 2049 822 2077 habitu
837 2050 962 2077 monachi

182 2099 299 2132 tonderi,
328 2098 354 2124 in
380 2103 543 2132 quacunque
570 2095 745 2130 prolapsione
776 2095 963 2130 deprehensus

180 2145 273 2173 fuerit.
293 2143 418 2171 Salvator
430 2143 503 2171 enim
519 2147 612 2170 noster
625 2141 696 2169 Deus
710 2141 798 2176 inquit
812 2150 819 2168 ε
833 2140 902 2167 Eum
918 2141 962 2176 qui

179 2191 248 2219 venit
265 2190 299 2216 ad
319 2198 358 2216 me
382 2197 432 2216 non
465 2188 568 2223 ejiciam
602 2188 674 2222 forat
685 2186 720 2214 ⁸³.
740 2185 878 2221 Tanquam
898 2194 963 2221 ergo

1011 363 1160 400 ἀρχόντων.

1047 456 1173 484 ΚΕΦΔΔ.
1192 456 1231 485 B'.
1246 470 1283 478 —-
1298 456 1368 492 Περὶ
1390 456 1451 485 τῶν
1469 455 1504 488 ἐξ
1517 455 1625 490 ἐτέρων
1645 462 1799 490 μοναστη-

1009 501 1084 536 plur
1097 501 1261 537 γινομένων
1278 502 1454 537 ἡγουμένων
1466 502 1486 537 ἣ
1497 501 1657 537 κληρικῶν.

1144 593 1279 621 Συνόδου
1291 593 1501 628 Καρθαγέννης
1517 592 1619 620 κανὼν
1633 595 1671 620 π’.

1049 638 1140 666 Ὥστε
1157 638 1227 671 τοὺς
1241 638 1300 665 ἀπὸ
1319 639 1481 672 ἀλλοτρίου
1498 638 1704 673 μοναστηρίου
1724 639 1799 665 ὐπο-

1013 683 1190 718 δεχθέντας,
1211 684 1290 719 μηδὲ
1309 684 1496 719 ἡγουμένους
1520 685 1572 712 τοῦ
1592 685 1798 719 μονιιστηρίου

1011 730 1088 766 μηδὲ
1105 730 1274 765 κληρικοὺς,
1290 730 1402 762 ἐξεῖναι
1415 730 1609 765 χειροτονεῖν.

1048 774 1086 804 π’.
1110 775 1226 811 ὀμοίως
1248 776 1357 812 ἡρεσεν,
1381 776 1425 803 ἵνα
1447 776 1495 803 ἔάν
1518 785 1561 808 τις
1580 776 1634 803 ἀπὸ
1657 775 1799 811 ἀλλοτρίου

1015 821 1195 856 μοναστηρίου
1219 821 1380 856 ὑποδέξηταί
1401 830 1480 854 τινα,
1505 822 1551 848 καὶ
1573 822 1641 857 πρὸς
1662 822 1799 857 κλήροισιν

1015 866 1183 900 προαγαγεῖν
1199 866 1333 902 ὲθελήσοι,
1348 867 1364 902 ἢ
1379 867 1426 894 τοῦ
1441 866 1506 894 ῑδίου
1523 867 1706 902 μοναστηρίου
1720 867 1800 901 ἡγού-

1015 920 1096 946 μενον
1118 913 1296 948 καταστήσω,
1312 913 1327 939 ὁ
1345 913 1424 939 τοῦτο
1447 913 1532 939 ποιῶν
1552 912 1718 945 ἐπίσκοπος,
1744 912 1799 939 ἀπὸ

1012 956 1061 992 τῆς
1072 957 1127 984 τῶν
1140 957 1242 985 λοιπῶν
1256 958 1396 990 κοινωνίας
1411 957 1605 994 χωριζόμενος,
1620 959 1654 994 τῇ
1669 958 1715 985 τοῦ
1731 959 1799 985 ἰδίου

1012 1003 1077 1030 λαοῦ
1092 1003 1220 1040 κοινωνίᾳ
1234 1004 1356 1040 ἀρκεσθῇ
1371 1004 1439 1040 μόνῃ
1455 1013 1463 1021 ·
1483 1004 1588 1036 ἐκεῖνος
1601 1004 1629 1031 δὲ
1648 1004 1716 1040 μηδὲ
1732 1005 1799 1039 κλη-

1015 1049 1090 1083 ρικὸς
1108 1049 1176 1085 μηδὲ
1191 1049 1343 1085 ἡγούμενος
1358 1049 1497 1084 ὲπιμείνῃ.

1129 1095 1264 1123 Συνόδου
1281 1095 1403 1128 Νικαίας
1418 1095 1451 1122 τὸ
1465 1094 1498 1130 β’,
1514 1096 1616 1123 κανὼν
1628 1099 1682 1124 ια’.

1049 1140 1109 1167 Ὀτι
1123 1142 1159 1168 οὐ
1175 1140 1223 1168 δεῖ
1237 1140 1308 1174 τοὺς
1325 1141 1479 1176 μοναχοὺς
1500 1141 1738 1176 καταλιμπάνειν
1763 1144 1800 1169 τὰ

1013 1185 1106 1212 οἰκεῖα
1114 1185 1303 1220 μοναστήριιι
1317 1187 1364 1214 καὶ
1379 1186 1491 1221 ἑτέροις
1503 1187 1702 1221 μεταϐαίνειν.

1050 1233 1102 1257 κα’.
1120 1230 1165 1265 Μὴ
1177 1230 1231 1257 δεῖν
1243 1231 1359 1266 μοναχὸν
1370 1231 1386 1266 ἢ
1401 1230 1566 1266 μονάστριαν
1581 1230 1800 1266 καταλιμπάνειν

1013 1274 1062 1309 τὴν
1086 1274 1189 1302 οἰκείαν
1212 1275 1295 1310 μονὴν
1317 1276 1365 1302 καὶ
1380 1276 1409 1302 ὲν
1431 1275 1513 1312 ἑτέρᾳ
1535 1275 1715 1311 ἀπέρχεσθαι·
1731 1277 1755 1302 εί
1769 1275 1799 1302 δὲ

1014 1319 1105 1355 συμϐῇ
1125 1320 1218 1351 τοῦτο.
1236 1320 1431 1356 ξενοδοχεϊσθαι
1445 1321 1527 1347 αὑτὸν
1541 1321 1699 1355 ἀναγκαῖον
1717 1329 1801 1356 προσ-

1012 1364 1166 1400 λαμϐάνεσθ
1172 1374 1196 1391 ιι
1214 1365 1242 1392 δὲ
1256 1365 1319 1392 ἄνευ
1337 1365 1458 1401 ,γνώμης
1469 1365 1517 1392 τοῦ
1531 1366 1683 1402 ἡγουμένου
1696 1365 1779 1393 αὑτοῦ
1791 1386 1801 1399 ,

1013 1412 1044 1438 οὺ
1059 1413 1200 1447 προσήκει.

1048 1458 1172 1485 ΚΕΦΑΛ.
1189 1457 1224 1485 Γ’.
1234 1473 1269 1478 -
1282 1458 1350 1493 Περὶ
1362 1457 1481 1485 δούλων
1490 1457 1688 1493 μοναζόντων,
1699 1458 1719 1492 ἣ
1730 1465 1802 1491 προ-

1013 1502 1104 1538 φάσει
1125 1504 1283 1537 εὐλαϐείας
1303 1505 1583 1539 καταφρονούντων,
1602 1504 1652 1531 καὶ
1667 1504 1711 1539 μὴ
1731 1503 1802 1531 6m:-
1853 1507 1858 1510 '

979 1565 1003 1596 ο
1016 1549 1167 1578 λευόντων
1179 1549 1242 1583 τοῖς
1258 1550 1430 1584 δεσπόταις.

1183 1595 1318 1624 Συνόδου
1332 1597 1474 1632 Γαγιτρῶν
1486 1597 1587 1624 κανὼν
1602 1599 1637 1630 γ’.

1051 1643 1085 1675 γ’.
1096 1641 1178 1672 Εῐτις
1191 1641 1292 1674 δοῦλον,
1306 1642 1442 1678 προφάσει
1455 1641 1619 1674 θεοσεϐείας,
1629 1641 1746 1668 διδάσκοι
1753 1650 1803 1667 κα-

1015 1688 1157 1721 ταφρονεῖν
1171 1686 1310 1718 δεσπότου,
1328 1689 1375 1714 καὶ
1394 1687 1546 1723 ἀναχωρεῖν
1560 1687 1609 1722 τῆς
1625 1687 1778 1722 ὑπηρεσίας
1791 1707 1800 1719 ,

1015 1732 1063 1758 καὶ
1078 1732 1116 1767 μὴ
1134 1732 1192 1766 μετ’
1205 1732 1312 1764 εὐνοίας
1328 1733 1375 1760 καὶ
1392 1732 1481 1767 πάσης
1503 1732 1587 1768 τιμῆς
1607 1732 1646 1768 τῷ
1659 1732 1741 1759 αὑτοῦ
1756 1733 1802 1759 δε-

1016 1777 1102 1812 σπότῃ
1116 1776 1352 1812 ὲξυπηρετεῖσθαι,
1369 1777 1493 1813 ἀνάθεμα
1506 1777 1587 1805 ἔστω.

1154 1823 1287 1850 Συνόδου
1302 1824 1490 1857 Χαλκηδόνος
1507 1823 1608 1850 κανὼν
1621 1822 1652 1850 δ’.

1050 1867 1080 1895 δ’.
1097 1868 1129 1894 Ol
1145 1868 1253 1903 ἀληθῶς
1268 1868 1315 1895 καὶ
1330 1868 1496 1904 εἰλικρινῶς,
1510 1877 1538 1895 κ.
1555 1876 1582 1896 τ.
1596 1868 1622 1895 λ.

1078 1913 1214 1941 Συνόδου
1234 1914 1445 1949 οἱκουμενικῆς
1459 1917 1485 1947 ς’
1500 1914 1600 1941 κανὼν
1615 1913 1669 1950 μγ¹,
1685 1913 1736 1941 πε’.

1050 1958 1106 1995 μγ.
1130 1959 1206 1992 Ἐξδν
1222 1960 1339 1996 ὑπάρχει
1354 1961 1437 1988 παντὶ
1451 1960 1607 1996 Χριστιανῷ
1625 1960 1671 1988 τὸν
1683 1961 1801 1996 ἀσκητι-

1013 2005 1061 2032 κὺν
1079 2006 1187 2033 ἑλέσθαι
1208 2006 1274 2041 βίον,
1295 2007 1340 2034 καὶ
1363 2007 1412 2042 τὴν
1431 2007 1617 2042 πολυτάραχον
1635 2007 1719 2042 ζάλην
1742 2007 1799 2034 τῶν

1015 2050 1148 2085 βιωτικῶν
1174 2051 1344 2086 πραγμάτων
1366 2051 1545 2086 ἀποθέμενον,
1570 2053 1599 2078 ὲν
1622 2052 1798 2087 μοναστηρίῳ

1013 2095 1136 2128 εἰσιέναι,
1150 2095 1197 2122 καὶ
1212 2095 1282 2121 κατὰ
1298 2095 1328 2122 τὸ
1345 2095 1488 2131 μοναχικὺν
1504 2097 1596 2131 σχῆμα
1612 2097 1796 2132 ἀποκαρῆναι,

1013 2141 1067 2168 κᾶν
1091 2141 1119 2167 ὲν
1144 2141 1292 2176 οίῳδήποτε
1314 2139 1468 2176 πταίσματι
1491 2142 1562 2176 ἁλῷ·
1582 2142 1595 2168 ὁ
1625 2142 1681 2178 γὰρ
1700 2142 1797 2178 Σωτὴρ

1013 2184 1091 2220 ήμῶν
1116 2185 1181 2216 Θεὸς
1196 2185 1265 2220 ἔφη·
1287 2185 1342 2212 Τὸν
1357 2185 1519 2220 ἐρχόμενον
1534 2186 1609 2220 πρός
1628 2195 1668 2221 με
1690 2188 1726 2214 οὐ
1751 2187 1795 2222 μὴ

179 2235 334 2264 monachali
346 2235 406 2261 vitae
418 2233 528 2269 agendae
541 2233 666 2265 instituto
677 2233 703 2259 in
713 2232 872 2267 poenitentia
882 2232 961 2259 nobis

1023 2230 1127 2258 ἓκϐἀλω
1141 2231 1208 2263 ἔξω
1224 2231 1261 2263 ὡς
1280 2230 1326 2258 οὖν
1340 2232 1390 2266 τῆς
1411 2233 1559 2267 μοναχικῆς
1579 2232 1715 2264 πολιτείας
1725 2253 1732 2264 ,
1746 2233 1796 2269 τὴν

177 2283 261 2310 vitam
279 2281 460 2312 describente,
478 2279 513 2310 ei.
529 2278 576 2313 qui
592 2278 625 2305 ad
637 2278 703 2305 illud
717 2285 845 2313 germane
861 2285 893 2305 ac
906 2278 962 2305 sin-

178 2334 241 2355 cere
254 2326 367 2358 accedit,
382 2324 583 2360 acquiescimus
598 2331 630 2351 ac
654 2322 789 2356 favemus,
812 2330 863 2350 nec
877 2322 922 2350 ulli
939 2323 962 2350 ci

177 2379 269 2400 mores
284 2371 503 2405 impedimentum
519 2368 643 2401 aﬂ‘crent,
658 2367 806 2403 quominus
821 2367 960 2402 proprium

177 2423 291 2451 scopum
311 2415 467 2450 adimpleat.

211 2462 256 2490 85.
281 2461 310 2488 ln
337 2461 444 2488 duobus
474 2459 516 2486 vel
542 2458 630 2486 tribus
660 2457 777 2485 testibus
801 2457 958 2485 conﬁrmari

176 2516 257 2537 omne
285 2507 397 2535 verbum
419 2513 452 2533 ex
476 2505 615 2540 Scriptura
640 2504 794 2538 accepimus
809 2503 842 2531 ⁸⁸.
859 2504 959 2531 Servos

176 2562 252 2590 ergo,
268 2553 315 2589 qui
339 2561 353 2580 a
375 2553 433 2580 suis
453 2551 572 2579 dominis
589 2558 672 2577 manu
697 2550 854 2584 mittuntur,
871 2549 958 2577 tribus

175 2600 292 2628 testibus
311 2606 343 2626 eo
359 2597 411 2625 frui
431 2597 535 2624 honore
549 2595 734 2628 decernimus,
749 2595 794 2631 qui
810 2600 958 2630 praesentes

174 2646 293 2674 libertati
311 2645 383 2672 vires
399 2647 426 2671 et
441 2643 595 2670 ﬁrmitatem
607 2640 737 2674 aﬂ'erent;
750 2646 777 2669 et
793 2646 822 2668 ut
837 2641 882 2672 iis.
900 2649 959 2676 quae

174 2691 242 2728 ipsis
260 2690 374 2718 testibus
390 2688 460 2716 facta
471 2693 546 2721 sunt,
573 2687 640 2715 lides
665 2687 807 2721 habeatur,
832 2686 956 2714 eﬂicient.

212 2737 320 2764 Textur.
340 2735 434 2762 Const.
452 2733 496 2768 56,
515 2734 586 2761 tituli
614 2733 686 2761 tertii
708 2732 770 2760 libri
792 2732 873 2768 primi
896 2733 956 2760 cod.

174 2785 222 2816 ait,
233 2783 303 2818 quod
313 2782 359 2817 qui
375 2781 518 2816 ascriplitii
532 2780 602 2808 citra
613 2786 772 2809 animosum
787 2779 957 2807 dominorum

1012 2277 1042 2303 ὲν
1059 2277 1187 2313 μετανοίᾳ.
1202 2277 1272 2313 ζωὴν
1286 2278 1525 2313 στηλογραφοὺσης
1539 2279 1614 2314 ἡμῖν,
1628 2279 1666 2313 τῷ
1677 2279 1796 2313 γνησίως

1011 2322 1098 2358 ταύτῃ
1114 2323 1319 2358 προστιθεμένῳ
1335 2322 1556 2358 συνευδοκοῦμεν,
1578 2324 1625 2350 καὶ
1642 2324 1729 2356 οὐδεὶς
1745 2325 1796 2351 αὑ-

1010 2368 1055 2395 τδν
1070 2368 1267 2404 παρεμποδίσοι
1284 2369 1384 2405 τρόπος
1402 2369 1470 2404 πρὸς
1486 2369 1535 2405 τὴν
1555 2369 1602 2396 τοῦ
1616 2371 1717 2397 οἰκείου
1733 2379 1795 2396 axo-

1012 2414 1063 2440 ποῦ
1080 2414 1286 2450 ἀποπλήρωσιν.

1048 2459 1099 2487 πε’.
1124 2461 1186 2487 Ἑπὶ
1208 2460 1255 2487 δύο
1271 2461 1318 2487 καὶ
1335 2460 1418 2496 τριῶν
1447 2459 1593 2495 μαρτύρων
1619 2459 1794 2495 βεϐαιοῦσθαι

1013 2507 1065 2532 πᾶν
1081 2506 1155 2541 ῥῆμα
1168 2506 1309 2541 γραφικῶς
1323 2505 1523 2540 παρελάϐομεν
1540 2505 1602 2536 τοὺς
1615 2505 1662 2532 οὖν
1678 2505 1730 2532 ὑπὸ
1741 2506 1796 2532 τῶν

1012 2550 1119 2577 οἰκείων
1133 2550 1269 2577 δεσποτῶν
1282 2550 1525 2586 ὲλευθερουμένους
1540 2550 1648 2582 δούλους
1665 2551 1711 2577 ἐπὶ
1721 2552 1794 2585 τρισὶ

1013 2596 1141 2632 μάρτυσι,
1156 2596 1204 2631 τῆς
1215 2595 1342 2631 τοιαύτης
1351 2595 1436 2631 τιμῆς
1449 2595 1597 2623 ἀπολαύειν
1609 2596 1792 2631 διοριζόμεθα,

1011 2643 1037 2669 οἳ
1055 2642 1085 2668 τὸ
1099 2641 1181 2676 κῦρος
1198 2642 1330 2677 παρόντες
1343 2642 1377 2677 τῇ
1389 2641 1529 2677 ἐλευθερίᾳ
1545 2642 1731 2678 προσοίσουσι,
1747 2642 1794 2669 καὶ

1011 2688 1041 2714 τὸ
1056 2687 1150 2714 πιστὸν
1163 2687 1192 2720 ἐξ
1207 2687 1310 2714 ἑαυτῶν
1325 2688 1381 2718 τοῖς
1398 2687 1550 2722 γινομένοις
1566 2687 1739 2722 παρέξουσιν.

1053 2733 1085 2759 Ἢ
1107 2733 1150 2765 λς’
1165 2733 1235 2760 διάτ.
1255 2732 1302 2759 τοῦ
1319 2731 1342 2767 γ’
1364 2732 1415 2759 τίτ.
1434 2732 1481 2759 τοῦ
1499 2733 1563 2760 κώδ.
1579 2734 1675 2769 φησὶν,
1693 2734 1744 2765 ὃτι,
1762 2735 1794 2762 Οἱ

1012 2778 1214 2814 ἐναπόγραφοι,
1233 2778 1315 2812 χωρὶς
1330 2777 1506 2809 συναινέσεως
1524 2778 1578 2805 τῶν
1592 2778 1728 2805 δεσποτῶν
1745 2788 1795 2813 μ).

207 2859 326 2892 “Cone,
339 2858 466 2893 Carthag.
480 2866 508 2892 v,
520 2864 583 2892 cap.
596 2855 647 2890 i3;
661 2853 768 2884 Concil.
780 2853 864 2883 Afric.
883 2863 907 2883 c.
918 2855 962 2883 47.
996 2854 1023 2897 ἤι’
1038 2855 1116 2883 Joan.
1131 2863 1168 2888 vr,
1178 2855 1222 2882 757.
1265 2855 1288 2872 ’⁵⁵
1301 2854 1396 2883 Matth.
1411 2863 1489 2890 mn,
1506 2855 1555 2885 16:
1573 2855 1651 2884 Deut.
1667 2864 1725 2889 xix,
1749 2856 1791 2883 ιε.
