1951 3071
148 207 201 240 845

519 205 719 241 SYNTAGMA
737 205 930 242 CANONUM.
945 224 977 230 υ-
994 212 1062 242 ῘἹΤι
1084 212 1136 250 XI,
1156 211 1236 244 CAP.
1257 213 1298 250 ΙΙ,
1315 211 1372 245 ΙΙΙ.

1718 218 1770 251 Siti

148 264 287 298 νάζοντες,
302 264 388 297 οὕτως
399 265 490 298 αὐτοῖς
501 266 671 301 ὑπόκεινται,
691 266 730 300 ὥς
742 267 781 303 μὴ
796 268 876 294 τοῦτο
891 276 934 302 γε-

990 269 1112 296 monachi
1128 268 1192 297 facti
1204 274 1284 302 sunt,
1305 269 1342 297 ita
1360 270 1427 305 ipsis
1435 268 1630 305 obnoxii'sunt,
1645 278 1773 308 tanquam

148 311 266 346 νόμενοι·
283 311 352 339 διάτ.
370 310 420 344 λζ’,
443 311 531 338 δοῦλοι
544 311 642 349 γνώμῃ
660 313 714 340 τῶν
733 313 870 341 δεσποτῶν
887 323 937 348 μο-

148 357 278 389 νάσαντες
300 357 516 392 ἐλευθεροῦνται·
534 359 559 385 εί
575 357 603 384 δὲ
622 358 672 393 τὴν
686 358 803 394 ἄσκησιν
822 359 935 386 καταλι-

149 403 261 444 πόντες,
276 403 317 434 εἰς
338 403 435 438 ἑτέραν
457 403 608 438 μετέλθωσι
629 404 796 431 κατάστασιν
821 405 936 432 ἀναδου-

148 448 266 476 λοῦνται⁸
283 449 300 484 ὴ
317 449 346 476 δὲ
359 448 394 483 ιγ’
409 449 479 476 διάτ.
490 448 538 476 τοῦ
552 448 576 476 α’
588 449 642 477 τίτ.
657 450 711 476 τῶν
720 450 835 485 Νεαρῶν
844 459 935 486 φησιν,

148 495 200 527 ὅτι,
218 495 251 521 οι
264 495 479 530 παραγενόμενοι
493 495 533 527 είς
547 495 653 531 μονήρη
669 495 737 531 βίον,
754 496 809 522 είτε
828 495 936 522 ἐλεύθε-

149 549 191 576 ροι
202 541 258 567 είτε
281 540 380 574 δοῦλοι,
398 541 531 577 πρότερον
545 541 668 576 τριετίαν
681 542 935 577 προσκαρτερείτω-

149 594 210 619 σαν,
226 587 313 622 κουρᾷ.
322 595 352 613 τε
368 587 415 613 καὶ
431 586 525 621 ἐσθῆτι
537 586 674 622 χρώμενοι
690 586 745 613 τῶν
761 587 874 620 λαῖκῶν,
889 588 936 615 καὶ

147 631 197 663 τὰς
211 631 323 667 Γραφὰς
337 631 529 666 μανθάνοντες,
546 632 593 658 καὶ
607 631 657 667 τὴν
670 632 755 667 τύχην
768 632 858 660 αὐτῶν
871 633 937 668 ὁμο-

147 676 308 711 λογοῦντες,
325 677 372 703 καὶ
393 677 443 712 τὴν
463 676 553 704 αἰτίαν
567 676 615 704 τοῦ
635 677 724 704 θέλειν
747 677 878 713 μονάσαι,
899 679 935 713 μή

147 730 213 749 ποτε
227 722 333 758 πονηρά
347 723 416 749 ἐστι·
432 723 479 750 καὶ
491 723 733 750 νουθετείσθωσαν·
743 723 791 750 καὶ
806 723 831 750 εί
846 731 932 759 προσ-

147 769 346 805 καρτερήσουσι
368 769 417 805 τὴν
438 769 571 805 τριετίαν,
584 769 632 796 καὶ
659 768 730 802 ἄξιοι
764 769 869 804 φανῶσι
888 770 935 797 τοῦ

148 814 343 850 μονὰσαι,τότε
358 815 556 850 κειρέσθωσαν,
567 815 614 842 καὶ
628 815 750 847 δουλείας
762 815 936 851 ἐλευθεροῦν-

146 869 201 888 ται·
216 861 240 887 εί
253 861 283 887 δέ
295 866 337 893 τις
350 862 415 888 είσω
428 861 549 897 τριετίας
559 861 642 889 αὑτὸν
655 861 833 896 δουλαγωγετ,
847 861 935 896 λέγων

147 907 228 933 αὑτὸν
243 907 409 942 ὑφελόμενύν
422 915 485 934 τινα
496 907 682 943 προσδραμεῖν
697 907 736 942 τῷ
747 908 932 943 μοναστηρίῳ,

988 313 1113 341 monachi
1129 313 1192 342 facti
1211 322 1263 341 non
1277 320 1377 343 essent.
1398 315 1514 343 Constit.
1527 316 1573 344 57.
1590 317 1666 345 Servi
1680 319 1775 346 volun-

989 365 1043 388 tate
1065 361 1236 389 dominorum
1258 363 1384 390 monachi
1401 363 1483 397 facti,
1504 363 1656 393 libertatem
1678 372 1774 394 conse-

987 412 1120 442 quuntur.
1149 406 1203 435 Sed
1234 408 1258 435 si
1288 408 1382 436 relicta
1408 409 1461 436 vita
1485 410 1606 438 solitaria
1633 411 1667 438 ad
1692 411 1775 438 alium

986 451 1072 488 [vitae]
1088 457 1186 482 statum
1201 453 1373 487 transierint,
1387 454 1510 482 servituti
1526 454 1615 482 denuo
1628 454 1776 490 subjugati-

988 503 1042 526 tur.
1062 498 1225 526 Constitutio
1240 498 1345 532 decima
1365 499 1445 527 tertia
1464 499 1534 527 tituli
1549 499 1628 534 primi
1649 498 1776 527 Novella-

988 550 1047 570 rum
1064 543 1102 570 ait
1116 551 1124 570 :
1141 542 1296 572 Monasticae
1310 543 1372 571 vitae
1384 543 1531 576 candidati,
1546 544 1603 572 sive
1623 543 1702 572 liberi
1718 544 1775 572 sive

987 587 1058 615 servi
1076 588 1141 621 sint,
1157 587 1376 625 [admissionem]
1393 597 1440 624 per
1461 589 1608 617 triennium
1626 589 1775 617 toleranter

987 637 1172 668 exspectanto.
1190 632 1306 670 [Interea
1325 632 1426 669 tamen]
1443 637 1554 661 tonsura
1572 639 1599 662 et
1611 634 1708 662 vestitu
1725 633 1774 661 lai-

986 687 1080 707 corum
1102 684 1229 711 utuntor,
1245 679 1402 715 Scripturas
1419 680 1498 716 361
1515 681 1642 709 discunto
1653 700 1660 713 ,
1681 680 1775 708 condi-

987 725 1087 752 tionem
1108 731 1188 752 suam
1211 729 1240 752 et
1252 731 1365 753 causam
1383 733 1467 760 quare
1490 726 1616 753 monachi
1642 726 1700 753 ﬁeri
1723 734 1774 753 cu-

986 771 1079 805 piant,
1095 778 1129 798 ne
1144 770 1216 798 forte
1232 770 1303 798 mala
1327 771 1382 804 sit,
1399 770 1517 798 fatentor
1541 775 1568 798 et
1584 771 1773 799 admoventor.

986 813 1043 841 Etsi
1057 814 1203 842 triennium
1217 814 1399 849 exspectarint
1413 834 1421 848 ,
1437 814 1568 850 dignique
1583 814 1630 850 qui
1647 814 1774 842 monachi

987 861 1053 887 [iant
1067 861 1221 892 videantur,
1247 864 1313 887 tunc
1324 860 1479 895 tondentor,
1493 865 1575 896 atque
1594 861 1725 889 servitute
1740 861 1774 888 li-

987 905 1126 934 berantor.
1141 905 1170 933 Si
1184 905 1245 940 quis
1257 912 1320 932 vero
1334 905 1406 933 intra
1415 906 1562 933 triennium
1576 905 1604 933 in
1616 907 1772 934 servitutem

148 953 187 988 μὴ
202 941 355 988 προχείρως
370 953 451 980 αὑτὸν
465 941 703 987 ἁφελκέτωξάλλὰ
716 941 849 981 δεικνύτω
861 941 932 988 πρό-

986 958 1148 986 quemquam
1161 949 1266 984 aﬂ‘erat,
1282 950 1372 985 ipsum
1386 950 1459 985 quod
1473 951 1606 978 nonnulla
1621 951 1774 987 subripuis-

146 1006 234 1033 τερον,
250 999 291 1025 ὅτι
312 999 359 1026 καὶ
377 998 470 1031 δοῦλός
490 999 566 1031 ἐστι,
589 999 637 1025 καὶ
652 998 699 1025 ἐπὶ
714 999 801 1034 κλοπῇ
818 998 836 1035 ἢ
853 999 934 1026 πταί-

148 1053 249 1079 σμασιν
261 1044 372 1076 ἀτόποις
393 1043 514 1079 ἀπέδρα·
530 1044 577 1070 καὶ
599 1044 661 1070 τότε
679 1043 761 1070 αὐτὸν
775 1043 936 1079 λαμϐανέτω

148 1090 208 1125 μεθ’
222 1086 260 1116 ὧν
277 1089 315 1121 ὡς
329 1089 403 1121 είκὸς
420 1090 460 1121 είς
476 1089 506 1115 τὸ
523 1090 705 1124 μοναστήριον
730 1089 881 1124 εἰσήγαγε·
897 1089 937 1115 δι-

144 1135 215 1161 δότω
227 1135 256 1161 δὲ
265 1134 339 1170 αὐτῷ
354 1134 455 1167 πίστιν,
468 1134 505 1166 ὼς
518 1134 593 1161 οὐδὲν
607 1134 654 1161 snt
667 1135 755 1170 τούτῳ
769 1134 854 1163 κακὸν
862 1134 937 1170 αὐτῷ

146 1181 250 1216 δράσει·
267 1182 292 1208 εί
308 1181 337 1207 δὲ
351 1181 390 1217 μὴ
410 1180 496 1208 ταῦτα
514 1180 668 1217 διδαχθείη,
689 1181 816 1212 κάκεῖνος
834 1181 866 1207 ὲκ
883 1180 933 1216 τῆς

147 1227 289 1263 ἀσκήσεως
302 1228 373 1263 φανῇ
390 1227 499 1263 σεμνὸς,
515 1227 566 1254 κᾶν
580 1227 663 1263 μήπω
678 1226 818 1262 παρῆλθεν
831 1226 850 1262 ἡ
860 1234 932 1262 τριε-

146 1272 210 1306 τία,
231 1273 335 1308 μενέτω
351 1274 381 1299 ὲν
401 1272 440 1308 τῷ
455 1272 639 1308 μοναστηρίῳ,
652 1272 699 1299 καὶ
716 1273 784 1308 μετὰ
796 1272 846 1308 τὴν
860 1280 934 1307 τριε-

145 1319 208 1346 τίαν
224 1318 298 1351 ᾶξιος
313 1318 484 1354 φαινόμενος,
498 1317 736 1354 προσκαρτερείτω
749 1318 783 1352 τῇ
797 1317 931 1353 ἀσκήσει,

147 1365 203 1391 εἴτε
214 1363 306 1396 δοῦλος
317 1362 351 1400 ἦν
367 1364 423 1391 εἴτε
440 1363 598 1399 ἐλεύθερος,
612 1362 659 1389 ὑπ’
672 1362 778 1394 οὐδενὸς
792 1363 823 1388 τὸ
838 1361 932 1388 λοιπὸν

147 1410 213 1445 περὶ
227 1409 323 1437 τούτου
343 1409 670 1446 πολυπραγμονούμενος,
685 1407 737 1435 κᾶν
753 1416 934 1443 προημαρτη-

147 1453 204 1487 κὼς
218 1454 279 1490 εἴη’
299 1455 333 1482 τὰ
347 1455 439 1490 μέντοι
464 1454 501 1487 ὡς
516 1454 590 1485 είκὺς
611 1453 750 1481 κλαπέντα
765 1453 935 1489 ὁπουδήποτε

147 1500 223 1534 ὅντα,
234 1499 274 1536 τῷ
288 1501 372 1528 πάλαι
396 1501 514 1537 δεσπότῃ
531 1499 710 1527 ἀποδίδονται.

984 1000 1034 1028 set,
1049 995 1082 1023 ad
1096 994 1290 1023 monasterium
1301 995 1455 1023 accurrisse
1465 995 1570 1028 dicens,
1581 1003 1616 1023 ne
1626 995 1772 1023 coniestim

984 1040 1060 1068 illum
1073 1041 1233 1074 abstrahito,
1261 1041 1308 1068 sed
1328 1041 1405 1076 prius
1422 1045 1449 1068 et
1463 1048 1572 1069 servum
1595 1041 1683 1075 ipsum
1699 1048 1772 1074 esse,

984 1092 1011 1114 et
1029 1091 1139 1121 propter
1163 1086 1266 1114 furtum
1282 1086 1334 1121 ,vcl
1357 1086 1481 1114 enormia
1500 1086 1599 1114 delicta
1621 1086 1770 1122 aufugisse,

985 1133 1098 1167 probato
1116 1141 1123 1160 :
1139 1137 1222 1167 atque
1235 1137 1293 1160 tum
1310 1131 1444 1168 [demum]
1458 1140 1520 1160 cum
1535 1132 1578 1166 iis,
1592 1139 1654 1168 qua:
1670 1132 1697 1159 in
1710 1139 1772 1160 mo-

986 1177 1135 1205 nasterium
1143 1177 1270 1204 intulisse
1278 1176 1427 1210 constabit,
1437 1177 1526 1211 ipsum
1533 1175 1658 1211 recipito.
1666 1174 1772 1213 [Prius]

985 1227 1075 1251 tamen
1089 1231 1118 1251 se
1132 1223 1247 1251 nihililli
1258 1227 1369 1259 propter
1383 1223 1434 1251 hoc
1445 1223 1509 1250 mali
1524 1221 1672 1255 iacturum,
1688 1222 1769 1251 ﬁdem

985 1268 1059 1296 dato.
1082 1268 1129 1295 Sin
1149 1276 1214 1296 vero
1235 1269 1292 1296 haec
1310 1275 1367 1296 non
1384 1268 1547 1304 probentur,
1567 1272 1594 1296 et
1608 1268 1653 1296 ille
1669 1276 1703 1296 ex
1715 1270 1771 1296 vita

986 1315 1135 1343 nionastica
1147 1315 1278 1343 honestus
1288 1319 1431 1350 appareat,
1445 1323 1601 1351 quanquam
1621 1315 1770 1344 triennium

986 1361 1100 1388 necdum
1113 1362 1235 1396 elapsum
1252 1362 1299 1394 sit,
1317 1366 1427 1389 maneto
1447 1362 1475 1389 in
1498 1362 1678 1390 monasterio.
1698 1361 1771 1390 Sane

986 1407 1033 1441 qui
1050 1412 1112 1442 post
1126 1407 1273 1435 triennium
1299 1407 1397 1443 dignus
1419 1408 1583 1443 apparuerit,
1602 1408 1659 1436 sive
1675 1415 1772 1436 servus

986 1453 1043 1481 sive
1054 1453 1123 1480 liber
1136 1454 1182 1486 sit,
1196 1452 1223 1480 in
1236 1454 1388 1481 monastica
1402 1453 1457 1480 vita
1472 1458 1646 1488 perseverato
1661 1462 1667 1481 :
1682 1460 1772 1489 neque

986 1506 1019 1526 ea
1035 1499 1068 1526 de
1083 1497 1201 1535 [causa],
1218 1500 1324 1527 etiamsi
1340 1504 1420 1527 antea
1438 1499 1574 1535 quidpiam
1589 1501 1770 1533 commiserit,

146 1553 164 1573 ι
191 1554 329 1582 quoquam
355 1547 484 1582 deinceps
512 1547 636 1575 molestia
661 1547 786 1575 allicitor.
817 1544 1010 1574 Verumtamen
1043 1553 1103 1580 quas
1131 1545 1206 1574 furto
1237 1546 1343 1574 sublata
1362 1554 1424 1575 esse
1441 1547 1588 1581 constabit,
1615 1548 1771 1583 ubicunque

147 1592 260 1627 iuerint,
276 1593 386 1621 domino
397 1593 556 1621 redduntor.

184 1640 266 1675 Καὶή
280 1638 302 1674 β’
316 1639 388 1668 διάτ.
403 1640 450 1667 τοῦ
465 1639 548 1666 αὐτοῦ
561 1640 614 1667 τίτ.
630 1640 723 1675 φησὶν,
739 1640 792 1672 δτι,
806 1638 851 1674 Τῷ
868 1638 931 1674 βου-

1024 1640 1057 1668 Ει
1071 1643 1160 1667 const.
1174 1639 1192 1665 ἓ
1205 1639 1327 1673 ejusdem
1343 1639 1385 1666 tit.
1396 1638 1454 1666 ait:
1468 1638 1496 1666 Si
1511 1639 1574 1674 quis
1587 1639 1769 1668 monasticuni

148 1685 255 1721 λομένῳ
270 1685 364 1720 σχῆμα
380 1685 525 1720 μοναχιιιδν
540 1685 642 1719 λαϐεῖν,
656 1686 680 1712 εί
703 1685 753 1720 μὲν
767 1684 934 1720 γινώσκεται

147 1730 186 1762 ὡς
203 1731 259 1765 οὐχὶ
276 1730 419 1757 ὑπόκειται
433 1731 519 1768 τύχῃ,
537 1731 551 1758 ό
573 1729 724 1766 ἡγούμενος
740 1730 785 1756 ὅτε
807 1729 932 1764 νομίσοι,

147 1776 243 1804 διδότω
257 1776 332 1813 αὺτῷ
343 1777 373 1803 τδ
388 1777 490 1812 σχῆμα·
503 1777 527 1804 εί
542 1777 564 1803 δ’
577 1777 725 1812 ἀγνοεῖται,
741 1776 874 1812 ὲπεχέτων
887 1776 935 1803 καὶ

149 1821 197 1848 MV
214 1829 258 1853 τις
279 1821 345 1848 εἴσω
365 1821 485 1857 τριετίας
500 1822 628 1858 ἀποδείξῃ
640 1822 721 1849 αὐτὸν
734 1821 836 1854 δοῦλον,
859 1821 876 1856 ἢ
891 1822 935 1848 ἐν·

148 1867 319 1902 απόγραφον,
336 1867 352 1903 ἢ
370 1867 497 1899 κολωνὸν,
513 1867 647 1903 λαμῦάνει
662 1867 743 1894 αὑτὸν
763 1866 822 1902 μεθ’
837 1864 875 1894 ὧν
896 1866 934 1898 ὡς

148 1912 222 1943 είκός
238 1912 360 1947 ὑφείλετο
376 1912 556 1948 πραγμάτων,
573 1913 662 1944 διδοὺς
679 1911 754 1947 αὑτῷ
774 1912 862 1946 λόγον’
880 1919 934 1947 μη-

147 1958 224 1990 δενὸς
244 1959 273 1985 δὲ
293 1959 358 1985 εῐσω
377 1959 427 1993 τῆς
449 1958 570 1994 τριετίας
592 1957 752 1992 ἐνάγοντος,
768 1958 846 1992 ειπερ
859 1957 934 1990 ἄξιον

147 2004 230 2030 αὐτὸν
243 2003 333 2040 κρίνῃ,
345 2003 439 2030 διδότω
446 2003 476 2029 τὸ
488 2003 582 2038 σχῆμα
592 2001 666 2037 αὐτῷ
677 2002 726 2029 καὶ
737 2002 788 2029 οὐκ
802 2001 932 2037 ὀχλείταια

147 2051 182 2077 τὰ
200 2050 228 2076 δὲ
252 2050 402 2085 πράγματα
416 2049 489 2085 ᾇπερ
508 2050 549 2081 είς
572 2049 604 2075 τὸ
623 2048 804 2084 μοναστήριον
827 2048 933 2082 ἤγαγε,

146 2097 280 2134 λαμϐάνει
296 2098 311 2124 ὁ
329 2097 472 2129 δεσπότγις.

189 2188 221 2216 'H
227 2189 255 2215 δὲ
262 2189 330 2224 αὐτὴ
339 2189 410 2216 διάτ.
422 2188 515 2225 φησὶν,
525 2188 580 2220 ὅτι,
587 2187 617 2214 '0
626 2187 774 2219 ἐπίσκοπος
787 2186 833 2213 τὸν
847 2185 934 2213 ἀὸὃᾶν

147 2235 165 2271 ἢ
180 2235 226 2262 τδν
239 2234 454 2270 ἁρχιμανδρίτην
468 2233 583 2261 ἑκάστου
600 2233 794 2269 μοναστηρίου,
813 2232 850 2267 μὴ
866 2232 934 2258 πάν-

147 2288 203 2312 τως
221 2280 293 2307 κατὰ
308 2279 353 2306 τὸν
376 2278 480 2314 βαθμὸν
503 2277 713 2314 προϐαλλέσθω,
728 2277 786 2303 ἀλλ’
799 2277 829 2304 ὃν
842 2278 866 2303 οἰ
887 2285 935 2311 μο-

986 1687 1108 1716 habiturn
1123 1692 1263 1713 assumere
1283 1685 1356 1717 velit,
1372 1684 1394 1712 si
1416 1684 1525 1719 quidem
1542 1683 1646 1721 [servili
1649 1685 1659 1721 j
1673 1685 1771 1713 condi-

987 1733 1053 1762 tioni
1079 1734 1168 1768 ipsum
1196 1740 1249 1760 non
1269 1739 1330 1760 esse
1355 1731 1505 1759 obnoxium
1525 1736 1643 1764 constet,
1669 1732 1770 1767 praesul

986 1779 1095 1816 quando
1106 1779 1193 1807 visum
1208 1778 1299 1810 fuerit,
1317 1778 1353 1804 illi
1369 1777 1490 1805 habitum
1501 1777 1564 1805 dato
1579 1786 1586 1805 :
1605 1777 1647 1805 sin
1661 1778 1771 1813 ignore-

986 1829 1040 1858 tur,
1055 1824 1172 1853 diﬂ‘erto.
1184 1824 1215 1852 Et
1227 1823 1251 1852 si
1265 1823 1328 1859 quis
1337 1824 1409 1851 intra
1419 1823 1565 1851 triennium
1575 1823 1668 1858 probet
1681 1825 1771 1858 ipsum

985 1868 1089 1905 [suum]
1104 1876 1223 1901 servum,
1241 1868 1432 1903 ascriptitium,
1450 1873 1498 1896 aut
1515 1867 1641 1896 colonum
1655 1867 1728 1904 [esse
1740 1878 1746 1896 :
1760 1868 1770 1905 ]

986 1915 1047 1942 data
1075 1914 1113 1942 illi
1137 1915 1199 1946 ﬁde,
1222 1912 1301 1950 [una]
1321 1921 1382 1941 cum
1409 1913 1491 1942 rebus
1512 1921 1578 1949 quas
1601 1913 1772 1950 surbipuisse

985 1961 1135 1994 coiistabit,
1164 1961 1252 1995 ipsum
1283 1960 1389 1995 recipit.
1420 1959 1497 1993 Quod
1527 1960 1552 1988 si
1580 1960 1671 1989 nullus
1698 1961 1770 1989 intra

987 2007 1133 2034 triennium
1143 2005 1252 2042 [istum]
1264 2005 1416 2038 conveniat,
1433 2004 1526 2041 [atque
1533 2005 1644 2042 praesul]
1656 2006 1767 2041 dignum

986 2052 1074 2087 ipsum
1092 2051 1209 2087 judicet,
1228 2051 1350 2078 habitum
1374 2051 1413 2078 illi
1435 2051 1509 2084 dato,
1531 2059 1620 2086 neque
1637 2051 1707 2088 [ille]
1728 2052 1770 2079 inc

986 2097 1134 2133 quietator.
1149 2096 1223 2129 Quas
1240 2101 1331 2124 autem
1345 2103 1389 2124 res
1401 2096 1429 2123 in
1445 2097 1639 2125 monasterium
1658 2097 1770 2130 intulit,

986 2143 1114 2170 dominus
1131 2142 1213 2177 capit.

1024 2187 1132 2215 Τεεοιιιι.
1154 2187 1254 2215 Eadem
1272 2193 1359 2215 const.
1373 2187 1438 2215 dicit
1453 2195 1461 2214 :
1479 2187 1629 2223 Episcopus
1645 2187 1770 2216 abbatem

986 2239 1036 2261 aut
1069 2233 1310 2261 archimandritam
1337 2232 1469 2267 cujusque
1499 2233 1658 2260 monasterii
1689 2233 1770 2269 362

987 2277 1144 2312 neutiquam
1159 2277 1306 2305 secundum
1319 2277 1515 2305 monachorum
1530 2277 1644 2314 gradum
1659 2285 1770 2306 creato:

149 2325 227 2360 ναχοὶ
256 2325 356 2356 πάντες
381 2324 566 2359 εὑῦπόληπτοι
589 2323 779 2357 ὲπιλέξονται,
807 2323 855 2350 ἐπὶ
879 2323 933 2349 τῶν

986 2324 1034 2351 sed
1045 2331 1125 2358 quem
1140 2330 1236 2351 omnes
1249 2323 1388 2355 monachi,
1405 2328 1454 2350 aut
1471 2323 1518 2358 qui
1537 2324 1615 2350 bona:
1628 2323 1772 2351 existima-

149 2371 325 2406 Εὑαγγελίων
337 2370 472 2405 λέγοντες,
485 2370 521 2402 ὡς
532 2370 562 2397 οὐ
573 2370 617 2396 διὰ
629 2369 720 2404 φιλίαν
731 2369 747 2404 ἢ
759 2369 840 2404 χάριν
853 2369 934 2395 αὑτὸν

148 2417 328 2450 ἐπελέξαντο,
345 2416 414 2444 ἀλλὰ
429 2415 610 2451 γινώσκοντες
627 2415 708 2442 αὐτὸν
730 2415 871 2451 ὀρθόδοξον
886 2415 936 2441 καὶ

149 2463 276 2498 σώφρονα
301 2462 349 2489 καὶ
365 2462 415 2497 τῆς
433 2462 592 2497 διοικήσεως
612 2461 698 2494 ἄξιον,
717 2461 765 2487 καὶ
787 2461 935 2496 δυνάμενον

148 2509 265 2545 φυλάξαι
288 2511 336 2544 τὴν
356 2509 509 2544 ἐπιστήμην
533 2508 587 2535 τῶν
605 2507 729 2543 μοναχῶν
748 2508 796 2533 καὶ
817 2507 866 2543 τὴν
888 2507 934 2534 τοῦ

149 2552 333 2588 μοναστηρίου
348 2553 525 2579 κατάστασιν·
541 2551 575 2578 τὰ
588 2551 657 2578 αὐτὰ
671 2551 719 2578 καὶ
735 2551 799 2587 περὶ
813 2551 867 2578 τῶν
883 2560 933 2585 γυ·-

146 2598 276 2626 uitasin
299 2598 488 2633 μοναστηρίων
514 2597 562 2624 καὶ
592 2597 782 2632 ἀσκητηρίων·
808 2597 843 2624 τὰ
865 2597 935 2624 αὐτά

148 2653 217 2680 φησι
232 2645 280 2671 καὶ
294 2645 310 2679 ἡ
325 2644 359 2678 ιγ’
373 2644 442 2671 διάτ.
456 2643 504 2670 τοῦ
524 2643 606 2670 αὐτοῦ
625 2643 677 2670 τίτ.
693 2643 868 2679 προστιθεῖσα
894 2643 934 2669 ὅτι

144 2692 189 2717 δεῖ
204 2690 253 2726 τήν
267 2690 398 2725 ἐπιλογὴν
410 2689 457 2717 τοῦ
471 2689 547 2722 ἀξίου
566 2688 699 2715 ποιεῖσθαι
717 2689 771 2716 ἀπὸ
792 2688 840 2716 τσῦ
859 2688 935 2724 πρώ-

147 2744 195 2762 του
207 2755 215 2768 ,
236 2735 282 2762 καὶ
298 2735 369 2761 οὕτω
387 2734 458 2761 κατὰ
483 2734 587 2769 βαθμὸν
608 2734 653 2760 διὰ
672 2735 726 2760 τῶν
741 2734 814 2769 ἑξῆς
838 2735 863 2761 οί
880 2735 934 2770 γὰρ

147 2781 253 2817 πρῶτοι
268 2781 338 2813 ἄξιοι
356 2780 523 2816 φαινόμενοι,
539 2780 725 2816 προτιμῶνται
744 2781 797 2807 τῶν
814 2781 872 2815 μετ’
886 2781 934 2807 αὐ-

147 2828 223 2860 τοὺς,
237 2827 275 2858 ὡς
287 2828 304 2862 ὴ
317 2830 365 2862 pg’
379 2827 450 2854 διάτ.
464 2826 510 2853 τοῦ
522 2826 547 2861 γ’
558 2825 605 2853 τοῦ
620 2829 643 2852 α’
651 2825 726 2861 βιϐλ.
741 2827 758 2862 ἡ
769 2826 797 2852 δὲ
810 2825 848 2852 λθ¹
863 2826 934 2853 διάτ.

148 2874 196 2900 τιῦ
217 2873 299 2900 αὑτοῦ
320 2874 371 2900 τίτ.
395 2872 526 2908 διορίζει,
549 2874 590 2900 ὅτι
613 2873 673 2904 τοὺς
696 2872 744 2907 μὲν
767 2873 934 2907 ἡγουμένους

149 2920 344 2948 ὶπιΰλέπουσιν
356 2920 381 2946 οἱ
392 2920 545 2952 ἐπίσκοποι,
556 2919 618 2951 τοὺς
633 2919 660 2946 δὲ
672 2920 806 2954 μοναχοϋς
818 2919 935 2954 otium)-

988 2371 1071 2397 tionis
1094 2375 1178 2401 sunt,
1193 2370 1342 2404 elegerint,
1361 2377 1452 2397 coram
1469 2369 1623 2406 Evangeliis
1638 2374 1749 2405 agentes
1761 2389 1770 2401 ,

988 2416 1059 2451 quod
1076 2423 1129 2443 non
1144 2423 1192 2451 per
1205 2415 1355 2443 amicitiam
1369 2420 1417 2442 aut
1435 2415 1551 2450 gratiam
1571 2415 1659 2450 ipsum
1682 2415 1773 2450 elege-

989 2463 1053 2496 rint,
1077 2462 1124 2490 sed
1142 2461 1216 2498 [ideo
1231 2461 1315 2497 quod]
1330 2460 1514 2488 orthodoxum
1540 2460 1628 2496 ipsum
1640 2465 1668 2488 et
1687 2461 1773 2488 hone-

989 2515 1059 2536 stum
1079 2508 1213 2540 noverint,
1235 2510 1263 2535 et
1280 2507 1516 2535 administratione
1543 2507 1665 2543 dignum,
1681 2505 1772 2542 [quod

991 2552 1072 2589 item]
1093 2552 1289 2580 monachorum
1312 2551 1482 2586 disciplinam
1507 2555 1590 2587 atque
1614 2549 1772 2578 monasterii

986 2603 1086 2626 statum
1097 2605 1259 2626 conservare
1265 2597 1360 2631 pOssit.
1369 2596 1468 2624 Eadem
1475 2597 1556 2624 etiam
1569 2597 1596 2624 in
1610 2596 1772 2624 mulieribus

986 2644 1144 2672 monasterii
1154 2648 1236 2678 atque
1243 2643 1383 2671 asceteriis
1392 2642 1508 2679 [servari
1515 2643 1612 2671 debere
1621 2641 1709 2677 dicit.]
1721 2643 1773 2670 Eaa

986 2691 1047 2718 dem
1064 2697 1173 2725 quoque
1187 2690 1381 2725 dicitejusdem
1392 2689 1436 2717 tit.
1447 2694 1535 2717 const.
1554 2687 1772 2722 £3,addens,di~

982 2743 1062 2771 gnam
1073 2736 1231 2764 electionem
1240 2744 1254 2762 a
1262 2737 1391 2771 primo,ct
1398 2736 1438 2763 sic
1445 2735 1572 2770 deinceps
1580 2741 1627 2769 per
1635 2734 1703 2761 alios
1710 2742 1773 2769 graa

982 2782 1066 2808 datim
1081 2784 1205 2816 oportere
1215 2780 1283 2808 ﬁeri.
1301 2780 1351 2813 Qui
1370 2781 1442 2807 enim
1454 2779 1533 2814 primi
1547 2777 1620 2814 digni
1635 2778 1771 2809 videntur,

984 2827 1164 2861 praeferuntur
1178 2827 1362 2857 inferioribus,
1375 2830 1403 2852 ut
1414 2830 1501 2852 const.
1514 2825 1560 2857 46,
1577 2824 1619 2851 tit.
1635 2823 1669 2856 5,
1687 2823 1733 2851 lib.
1752 2830 1769 2854 I,

985 2871 1136 2908 [traditum]
1164 2872 1290 2907 Ejusdem
1316 2876 1406 2898 autem
1429 2871 1470 2897 tit.
1496 2875 1584 2898 const.
1604 2869 1649 2904 59,
1665 2874 1769 2901 statim,

985 2924 1013 2946 ut
1037 2919 1154 2954 episcopi
1179 2919 1319 2954 praesules,
1346 2916 1474 2952 praesules
1502 2921 1594 2944 autem
1619 2917 1769 2944 monachi!
