1951 3071
196 236 247 269 847

777 234 887 264 ΡΗΟΤΙ
893 233 905 262 Ι
923 232 1171 263 ΡΛΤΠΙΑΒΟΙΙιΈ
1187 233 1240 263 CP.

1758 235 1804 267 848

198 293 344 328 inspiciant
366 302 372 320 :
397 299 424 322 et
443 302 476 321 tte
498 294 613 322 duorum
638 291 866 319 monasteriorum
886 290 970 325 [unus

1035 297 1127 323 μενοι,
1147 289 1193 316 καὶ
1208 290 1248 316 ὅτι
1267 288 1313 315 δύο
1332 287 1519 324 μοναστηρίων
1541 288 1571 315 οὐ
1585 288 1689 323 γίνεται
1701 290 1714 316 ὁ
1733 291 1804 324 αὐτὸς

194 340 264 368 idem
280 339 356 376 [que]
374 340 471 375 praasul
491 340 536 368 sit.

226 385 303 413 CAP.
333 385 378 412 ιν.
400 401 435 409 -η
460 385 501 412 Ne
533 384 674 412 monachus
697 389 791 411 temere
817 382 977 409 monasterio

190 436 263 458 esteat
279 431 317 458 uel
331 432 434 467 negotia
446 434 553 462 tractet;
567 435 593 459 et
609 429 678 466 quod
690 429 811 456 monachi
824 430 852 456 in
864 428 977 462 episcopi

189 481 317 510 potestate
328 482 401 505 sunt.

252 523 365 550 Concilii
381 523 600 551 Chalcedonensis
617 529 728 548 canones
743 521 770 553 5,
788 521 815 553 4,
831 521 859 553 8,
870 519 916 546 23.

227 569 253 595 5.
277 567 402 595 Pervenit
427 567 460 594 ad
485 572 606 594 sanctam
634 566 767 601 synodum
786 564 859 599 quod
882 571 976 591 eorum

193 611 239 646 qui
257 611 283 638 in
299 611 400 638 clerum
417 610 535 645 cooptati
551 613 630 642 sntit,
648 615 713 642 ete.,
732 613 761 635 ut
780 616 840 642 pag.
858 607 920 634 685.

225 657 253 684 4.
274 656 325 689 Qui
339 664 402 683 vere
418 662 445 683 et
457 657 573 687 sincere,
589 660 640 682 etc.
652 675 659 687 ,
675 659 703 681 ut
718 662 779 689 pag.
794 654 856 680 754.

224 704 250 730 8.
271 702 368 730 Clerici
387 702 669 736 ptochotrophiorum,
687 705 757 733 etc.,
771 704 799 726 ut
813 708 872 734 pag.
890 699 954 727 659.

222 749 268 776 25.
288 748 415 776 Pervenit
433 749 467 775 ad
495 755 576 775 aures
603 751 704 775 saneta;
728 746 834 782 synodi,
859 751 926 779 etc.,
945 751 974 772 ut

188 803 249 830 pag.
273 795 334 823 558.

264 840 377 868 Concilii
393 840 544 867 cccumenici
559 847 584 867 vi
600 847 712 866 canones
724 838 770 871 M,
784 838 830 871 42,
847 838 892 866 46.

224 885 269 913 41.
282 885 336 914 Eos
354 886 439 920 quiin
454 885 567 912 urbibus
582 885 623 911 vel
641 884 708 911 vicis
723 883 751 911 in
768 884 910 911 clausuras
926 891 974 911 vo-

191 931 251 958 lunt
274 930 418 962 secedere,
441 934 468 957 et
496 930 547 958 sibi
574 929 640 964 ipsis
662 929 809 964 separatim
825 929 972 962 attendere,

1032 336 1194 370 ἡγούμενος.

1070 381 1192 410 ΚΕΦΑΔ.
1213 381 1249 408 Δ’.
1264 396 1298 400 -
1317 381 1386 415 Περὶ
1403 381 1456 408 τοῦ
1469 381 1512 416 μὴ
1528 381 1568 414 ὡς
1578 383 1667 417 ἔτυχε
1683 384 1804 419 μοναχὸν

1032 426 1143 459 ἐξιέναι
1158 426 1210 453 τοῦ
1225 427 1441 461 μοναστηρίου,
1459 425 1478 461 ἢ
1497 426 1652 462 πράγματα
1665 427 1804 462 πράττειν,

1032 472 1081 499 καὶ
1094 471 1138 498 ὅτι
1151 471 1210 498 ὑπὸ
1227 471 1280 498 τὸν
1289 472 1456 500 ὲπΙσκοπόν
1471 473 1560 499 εἰσιν.

1084 518 1219 546 Συνόδου
1239 519 1429 552 Χαλκηδόνος
1447 520 1547 546 κανὼν
1562 523 1598 554 γ’,
1612 519 1644 552 δ’,
1658 520 1693 555 η’,
1707 523 1758 555 κγ’.

1067 564 1102 600 γ’.
1117 563 1220 592 *Ηλθεν
1228 566 1267 596 εις
1276 565 1325 600 τὴν
1337 565 1419 599 ἁγίαν
1431 565 1548 598 σύνοδον,
1561 566 1601 592 ὅτι
1615 566 1669 594 τῶν
1681 567 1709 594 ὲν
1719 566 1806 602 κλήρῳ

1031 609 1247 645 κατειλεγμένων
1262 610 1345 643 τινὲς,
1360 619 1387 636 κ.
1404 619 1430 636 τ.
1445 611 1469 637 λ.

1066 654 1095 683 δ’.
1117 655 1148 682 οι
1163 655 1272 690 ἀληθῶς
1283 657 1329 682 καὶ
1345 655 1509 690 εἰλικρινῶς,
1522 664 1549 682 κ.
1565 664 1590 682 τ.
1606 654 1640 683 λ.’

1065 700 1099 736 η’.
1120 701 1150 727 0!
1163 701 1289 736 κληρικοὶ
1300 701 1353 727 τῶν
1368 701 1522 736 πτωχείων,
1540 710 1567 728 κ.
1580 710 1605 728 τ.
1621 701 1646 730 λ.

1063 749 1116 781 κγ’.
1137 743 1238 773 *Ηλθεν
1255 747 1294 779 εἰς
1308 746 1392 778 ἀκοὰς
1407 747 1456 781 τῆς
1472 746 1551 781 ἁγίας
1565 747 1688 780 συνόδου,
1705 756 1730 774 κ.
1748 756 1772 775 τ.
1784 746 1809 774 λ.

1028 838 1164 866 Συνόδου
1190 837 1399 873 οἱκουμενικῆς
1431 841 1457 870 ς’
1475 837 1576 864 κανὼν
1603 836 1657 873 μα’,
1684 837 1727 873 μβ¹
1754 837 1809 873 pg’.

1067 883 1122 919 μα’.
1142 884 1211 916 Τοὺς
1231 885 1260 921 εν
1282 884 1390 911 πόλεσιν
1412 884 1428 919 ἢ
1445 884 1554 919 χωρίοις
1576 885 1604 910 ἐν
1625 884 1812 920 ὲγκλείστραις

1030 929 1207 965 βουλομένους
1216 929 1377 965 ἀναχωρεῖν,
1389 930 1434 956 καὶ
1450 930 1555 960 ἑαυτοῖς
1564 930 1722 965 καταμόνας
1736 938 1814 965 προσ-

191 977 268 1011 prius
283 977 362 1012 363
378 977 486 1011 quidem
505 977 532 1003 in
561 977 756 1004 monasterium
773 975 876 1011 ingredi
892 983 973 1010 opor-

1034 975 1107 1010 Ξχειν,
1123 976 1255 1010 πρότερον
1270 975 1298 1002 ἐν
1315 975 1491 1010 μοναστηρίῳ
1505 975 1617 1002 εἰσιέναι
1632 975 1692 1010 δεῖ,
1706 976 1753 1003 καὶ
1765 975 1814 1011 τὴν

193 1027 241 1054 let,
260 1026 287 1049 et
305 1022 537 1055 anachoreticam,
551 1021 603 1048 hoc
619 1026 670 1054 est,
696 1021 730 1048 ab
749 1021 810 1048 aliis
823 1026 975 1056 separatam
996 1043 1001 1047 .

192 1075 224 1096 ac
248 1072 382 1095 semotam
407 1066 515 1094 vivendi
533 1066 665 1093 rationem
681 1073 818 1098 exercere,
838 1070 865 1093 et
888 1066 976 1101 spatio

191 1113 300 1142 triennii
317 1113 352 1146 ei,
368 1112 415 1147 qui
432 1111 566 1139 mansioni
585 1116 691 1146 praeest,
709 1112 735 1138 in
753 1111 799 1139 Dei
812 1111 907 1139 timore
926 1119 976 1146 pa-

190 1167 261 1192 rere,
277 1163 305 1187 et
321 1158 503 1186 obedientiam
519 1158 546 1184 in
563 1157 691 1185 omnibus
704 1178 711 1191 ,
740 1161 770 1184 ut
798 1165 906 1191 aequum
924 1161 974 1189 est,

190 1205 302 1240 implere
312 1225 319 1237 ,
339 1209 366 1231 et
379 1204 415 1231 ita
430 1203 510 1238 hujus
524 1203 586 1230 vitae
598 1203 726 1237 eligendae
739 1202 893 1230 institutum
914 1209 976 1237 pro-

189 1249 314 1282 ﬁtentes;
341 1252 368 1275 et
383 1247 454 1282 quod
483 1255 542 1275 eam
571 1255 604 1274 ex
631 1251 686 1274 toto
711 1247 792 1274 corde
812 1255 861 1274 sua
880 1251 976 1282 sponte

189 1295 409 1330 amplectuntur,
437 1293 471 1321 ab
497 1294 557 1328 ejus
584 1293 635 1321 loci
663 1293 780 1327 praesule
802 1293 973 1320 examinari:

188 1341 287 1369 deinde
302 1340 343 1368 sic
356 1340 410 1367 alio
425 1347 498 1366 anno
528 1345 604 1366 extra
633 1339 787 1366 clausuram
813 1338 920 1366 fortiter
946 1346 975 1366 se

189 1392 293 1420 gerere,
308 1388 337 1411 ut
352 1391 451 1418 scopus
476 1391 570 1410 eorum
591 1384 688 1410 evadat
704 1382 886 1410 manifestior.
899 1382 976 1410 Tunc

188 1432 261 1459 enim
287 1431 366 1466 plene
390 1437 424 1457 ac
451 1429 567 1464 perfecte
595 1429 805 1464 significabunt,
831 1429 902 1464 quod
921 1437 975 1456 non

188 1478 297 1505 inanem
316 1476 428 1511 gloriam
442 1481 593 1511 captantes.
610 1477 657 1503 sed
686 1480 798 1510 propter
814 1476 904 1511 ipsum
932 1483 976 1501 re-

188 1531 251 1550 vera
267 1523 410 1555 pulchrum
430 1529 462 1549 ac
475 1522 618 1549 honestum
637 1522 688 1548 hoc
700 1521 785 1548 otium
802 1528 974 1556 persequun-

188 1574 244 1600 tur,
274 1572 335 1603 post
369 1573 459 1595 autem
489 1567 620 1601 temporis
645 1567 884 1601 complementum,
899 1566 921 1594 si
947 1566 973 1593 in

188 1614 284 1642 eodem
312 1614 443 1649 eligenda).
467 1614 529 1640 vitae
559 1613 683 1640 instituto
711 1615 906 1647 permaneant,
934 1612 975 1638 in-

188 1659 258 1687 cludi
276 1658 359 1693 ipsos,
375 1662 402 1685 et
417 1658 456 1685 eis
474 1665 527 1684 non
548 1657 665 1692 amplius
682 1657 763 1684 licere
774 1675 781 1686 .
798 1658 907 1691 quando
926 1664 973 1684 νο-
987 1652 1008 1681 C

189 1707 300 1736 luerint.
326 1713 358 1731 ex
379 1704 427 1731 tali
448 1704 590 1731 mansione
605 1703 717 1738 egredi,
744 1707 926 1737 praterquam
950 1703 974 1730 si

188 1755 299 1787 propter
311 1757 482 1777 communem
500 1748 642 1776 utilitatem
659 1749 700 1776 vel
727 1748 807 1775 aliam
824 1748 973 1776 necessita-

188 1803 242 1825 tem
259 1797 292 1824 ad
310 1800 423 1822 mortem
446 1799 599 1829 urgentem,
620 1795 652 1821 ad
669 1794 695 1821 id
713 1794 873 1827 trahentur;
896 1798 923 1821 et
937 1794 973 1821 ita

188 1851 250 1870 cum
275 1841 464 1869 benedictione
491 1840 550 1874 ejus
573 1840 625 1867 loci
652 1839 782 1874 episcopi.
811 1839 863 1872 Qui
883 1843 974 1867 autem

188 1888 248 1916 sine
273 1887 316 1914 his
332 1887 387 1921 jam
403 1886 485 1913 dictis
500 1886 590 1913 causis
603 1893 634 1912 ex
649 1887 707 1913 suis
722 1886 885 1914 habitaculis
900 1887 974 1914 exire

188 1933 391 1969 aggrediuntur,
399 1933 486 1967 primo
495 1932 604 1967 quidem
611 1933 653 1959 vel
663 1933 761 1960 invitos
769 1933 841 1960 dicta
847 1933 972 1961 clausura

187 1980 319 2012 coerceri,
335 1979 430 2006 deinde
444 1979 554 2013 jejuniis
569 1984 595 2005 et
609 1978 668 2006 aliis
685 1978 876 2006 afﬂictionibus
899 1979 972 2013 ipsos

187 2034 284 2055 curare
297 2026 424 2058 scientes,
432 2024 660 2060 quemadmodum
671 2024 800 2059 scriptum
808 2029 849 2052 est
857 2025 891 2057 ⁸⁸,
900 2025 972 2059 quod

189 2081 268 2101 nemo
281 2074 327 2108 qui
347 2080 457 2099 manum
473 2075 565 2099 aratro
585 2071 709 2104 immisit,
729 2075 756 2098 et
772 2074 843 2098 retro
858 2078 975 2098 conver—

187 2128 236 2148 sus
250 2124 300 2153 est,
314 2123 392 2154 aptus
406 2122 447 2146 est
466 2125 550 2154 regno
565 2117 707 2145 caelorum.

220 2210 265 2236 4'2.
282 2209 334 2236 Eos
347 2209 393 2244 qui
406 2209 535 2236 dicuntur
552 2208 684 2240 eremitm,
700 2207 867 2242 quiquide
886 2208 971 2243 nigris

185 2256 311 2283 vestibus
328 2254 427 2286 induti,
443 2260 471 2281 et
491 2254 579 2288 capite
594 2253 694 2280 comali
707 2253 788 2281 urbes
808 2254 919 2287 obeunt,
946 2258 974 2281 et

186 2309 248 2329 cum
266 2301 331 2328 viris
351 2300 529 2327 smcularibus
546 2306 577 2325 ac
593 2299 752 2327 mulieribus
767 2304 921 2332 versantur,
945 2304 972 2326 et

186 2347 302 2382 propriae
320 2345 484 2381 professioni
500 2344 604 2371 faciunt
625 2344 763 2378 injuriam,
776 2346 932 2378 statuimus,
948 2345 971 2372 si

185 2393 314 2428 elegerint
331 2391 440 2426 quidem
464 2391 551 2417 tonsis
574 2390 661 2417 comis
688 2391 854 2425 reliquorum
880 2399 971 2418 mona-

185 2440 299 2467 chorum
316 2437 445 2464 amictum
459 2436 608 2470 suscipere,
625 2444 672 2463 eos
687 2436 714 2462 in
729 2437 896 2464 monasterio
907 2444 971 2464 con-

184 2485 310 2517 slitui,et
326 2485 396 2511 inter
420 2482 502 2518 364
527 2482 624 2510 fratres
647 2482 752 2510 referri.
770 2483 848 2515 Quod
872 2483 895 2510 si
918 2483 970 2510 hoc

183 2541 237 2560 non
250 2531 390 2566 elegerint,
412 2537 445 2557 ex
468 2528 584 2556 urbibus
610 2529 728 2563 expelli,
755 2534 781 2556 et
807 2529 968 2557 solitudines

185 2577 318 2608 habitare,
335 2584 367 2603 ex
386 2575 485 2610 quibus
501 2574 552 2600 sibi
570 2575 652 2601 etiam
671 2575 892 2602 denominatione
906 2583 969 2602 con-

183 2627 294 2651 tinxere.

217 2715 335 2748 46.Qua:
349 2715 431 2741 vitam
452 2713 669 2741 excrcitatoriam
688 2702 802 2748 eligunt,
821 2718 848 2741 et
864 2715 890 2742 in
908 2722 966 2742 mo-

181 2760 309 2787 uasteriis
325 2763 389 2786 sunt
406 2759 571 2789 constitute,
597 2765 630 2784 ne
655 2759 767 2784 omnino
790 2760 967 2793 progredian-

182 2810 235 2834 tur.
250 2806 277 2832 Si
296 2813 348 2840 qua
366 2811 457 2832 autem
484 2803 661 2831 inexorabilis
690 2806 839 2833 necessitas
858 2814 904 2834 eas
934 2806 966 2834 ad

182 2850 233 2877 hoc
249 2851 332 2876 trahit
354 2858 415 2878 cum
440 2850 628 2878 benedictione
651 2855 678 2878 et
702 2852 883 2885 permissione
907 2852 966 2886 ejus

218 2935 241 2950 °'
258 2936 322 2975 huc.
339 2945 376 2969 ix,
391 2939 433 2965 6&2.

1027 1021 1240 1056 ἁναχωρητικὴν
1260 1020 1492 1056 παιδοτριὸεἴσθαι
1520 1021 1672 1056 διαγωγὴν,
1700 1023 1745 1048 κα)⁵
1769 1022 1815 1048 ἐπὶ

1027 1066 1121 1101 τριετῆ
1137 1065 1232 1101 χρόνον
1246 1065 1284 1100 τῷ
1300 1066 1349 1101 τῆς
1365 1066 1447 1101 μονῆς
1464 1065 1604 1100 ὲξάρχοντι
1621 1067 1650 1092 ὲν
1662 1066 1738 1100 φὸῦῳ
1749 1065 1815 1092 Θεοῦ

1026 1111 1237 1144 ὑποτάττεσθαι,
1265 1113 1311 1138 καὶ
1334 1111 1383 1146 τὴν
1405 1111 1477 1137 κατὰ
1503 1111 1592 1138 πάντα
1615 1111 1654 1142 ὡς
1679 1111 1818 1146 προσῆκεν

1027 1157 1149 1193 ὑπακοὴν
1174 1157 1338 1193 ἐκπληροῦν,
1363 1158 1410 1184 καὶ
1433 1158 1519 1189 οὕτως
1535 1157 1739 1192 ὁμολογοῦντας
1754 1157 1818 1192 περὶ

1026 1203 1075 1238 τῆς
1091 1205 1120 1231 ἐν
1138 1203 1177 1239 τῷ
1189 1203 1302 1239 τοιούτῳ
1321 1203 1371 1238 βίῳ
1385 1203 1581 1239 προαιρέσεως,
1600 1203 1649 1230 καὶ
1664 1203 1703 1235 ὡς
1717 1202 1748 1235 ἐξ
1757 1203 1820 1238 ὅλης

1026 1249 1139 1284 καρδίας
1154 1249 1286 1280 ἑκουσίως
1303 1249 1396 1275 τοῦτον
1412 1248 1578 1280 ἀσπάζονται
1589 1268 1596 1281 ,
1612 1249 1667 1275 ὑπὸ
1687 1248 1735 1275 τοῦ
1751 1247 1820 1275 κατὰ

1026 1293 1071 1320 τὸν
1094 1294 1175 1320 τόπον
1198 1293 1392 1329 δοκιμάζεσθαι
1420 1294 1551 1330 προέδρου
1565 1301 1573 1310 '
1599 1291 1652 1320 εἶθ’
1667 1295 1758 1326 οὓτως
1779 1292 1822 1328 ἐφ’

1025 1338 1117 1374 ἓτερον
1141 1339 1274 1372 ἐνιαυτὸν,
1290 1337 1389 1371 ἔξωθεν
1405 1339 1454 1374 τῆς
1478 1339 1660 1374 ὲγκλείστρας
1681 1347 1822 1375 προσκαρ-

1025 1385 1124 1419 τερεῖν,
1138 1383 1175 1415 ὡς
1189 1383 1221 1411 ἂν
1241 1384 1254 1410 ό
1271 1384 1370 1416 σκοπὸς
1385 1385 1473 1410 αὐτῶν
1487 1384 1618 1416 πλειόνως
1634 1385 1822 1421 φανερωθεῐη·

1025 1428 1174 1465 τηνικαῦτα
1186 1429 1239 1464 γὰρ
1251 1429 1437 1466 πληροφορίαν
1451 1430 1626 1465 παρέξουσιν·
1643 1431 1684 1462 ὡς
1697 1431 1728 1457 οὑ
1742 1430 1824 1466 κενὴν

1026 1475 1179 1511 θηρώμενοι
1197 1476 1285 1509 δόξαν,
1304 1476 1371 1503 ἀλλὰ
1387 1476 1419 1503 δι’
1432 1477 1499 1504 αὐτὸ
1510 1478 1540 1503 τὸ
1555 1477 1643 1510 ὅντως
1662 1478 1760 1510 καλὸν,
1775 1477 1825 1514 τὴν

1026 1521 1141 1557 ἡσυχίαν
1156 1521 1257 1557 ταύτην
1273 1522 1479 1557 μεταδιώκουσι·
1503 1523 1572 1557 μετὰ
1586 1523 1616 1550 δὲ
1629 1523 1683 1558 τὴν
1698 1523 1748 1550 τοῦ
1760 1532 1824 1550 τοσ-

1026 1567 1105 1594 ούτου
1127 1568 1222 1603 χρόνου
1245 1568 1450 1603 συμπλήρωσιν,
1475 1569 1499 1594 εἰ
1517 1570 1549 1604 τῇ
1565 1569 1638 1605 αὐτῇ
1660 1570 1828 1605 προαιρέσει

1026 1613 1181 1647 ὲμμένοιεν,
1197 1613 1386 1648 ἐγκεκλεῖσθαι
1401 1614 1508 1646 αὐτοὺς,
1525 1615 1572 1641 καὶ
1588 1615 1699 1650 μηκέτι
1713 1615 1828 1647 τούτους

1026 1659 1126 1691 ἐξεῖναι
1142 1660 1185 1685 ὅτε
1203 1659 1346 1695 βούλονται
1374 1661 1425 1695 τῆς
1442 1659 1569 1695 τοιαύτης
1589 1662 1760 1697 καταμονῆς
1775 1663 1830 1697 ἁφ-

1028 1705 1168 1737 ίστασθαι,
1184 1705 1262 1737 ἐκτὸς
1283 1706 1307 1732 εἰ
1331 1706 1368 1742 μὴ
1393 1705 1437 1732 διὰ
1461 1706 1554 1741 κοινὴν
1577 1706 1760 1735 λυσιτέλειαν
1782 1708 1831 1735 καὶ

1026 1750 1168 1785 ὠφέλειαν,
1188 1750 1204 1786 ἢ
1228 1751 1325 1786 ἑτέραν
1349 1751 1472 1787 ἀνάγκην
1491 1752 1557 1788 πρὸς
1580 1751 1707 1781 θάνατον
1732 1755 1833 1786 αὐτοὺς

1027 1796 1192 1833 βιαζομένην
1209 1798 1277 1833 πρὸς
1291 1797 1368 1824 τοῦτο
1381 1798 1502 1825 ἓλκοιντο
1514 1807 1521 1813 ·
1544 1798 1594 1825 καὶ
1609 1800 1689 1827 οὕτω
1707 1799 1772 1835 μετ’
1787 1801 1834 1827 εὑ-

1026 1843 1120 1877 λογίας
1139 1843 1185 1870 τοῦ
1202 1843 1271 1870 κατὰ
1283 1843 1328 1870 τὸν
1347 1844 1429 1870 τόπον
1443 1845 1608 1871 ἐπισκόπου·
1626 1847 1687 1874 τῶν
1703 1847 1733 1874 δὲ
1754 1849 1835 1883 εἰρη-

1027 1889 1116 1923 μένων
1131 1889 1293 1924 προφάσεων
1307 1889 1383 1924 δίχα,
1399 1889 1596 1924 ἐγχειροῦντας
1621 1893 1657 1920 ὲκ
1682 1894 1741 1920 τῶν
1767 1901 1835 1920 κατ⁶

1028 1934 1157 1968 αγωγίων
1180 1935 1269 1961 αὐτῶν
1293 1935 1405 1968 ἐξιέναι,
1422 1937 1612 1970 πρωτοτύπως
1630 1939 1684 1974 μὲν
1712 1940 1833 1970 ἄκοντας

1026 1980 1213 2015 καθειργνύειν
1227 1982 1254 2007 ἐν
1268 1983 1301 2017 τῇ
1316 1983 1448 2019 εἰρημένῃ
1472 1983 1644 2020 ὲγκλείστρᾳ
1661 2004 1668 2016 ,
1688 1985 1792 2012 ἔπειτα
1807 1985 1836 2011 δὲ

1024 2027 1162 2061 νηστείαις
1175 2027 1221 2054 καὶ
1237 2027 1344 2063 ἑτέραις
1366 2029 1591 2064 σκληραγωγίαις
1613 2031 1725 2063 αὐτοὺς
1750 2031 1836 2067 θερα-

1026 2072 1129 2105 πεύειν,
1147 2073 1250 2105 εέδότας
1264 2074 1335 2101 κατὰ
1349 2074 1378 2101 τὺ
1391 2075 1598 2110 γεγραμμένον,
1614 2077 1657 2108 ὠς
1677 2077 1774 2109 οὐδεὶς
1789 2077 1838 2112 βα-

1025 2118 1077 2144 λὼν
1099 2118 1147 2154 τὴν
1171 2121 1250 2154 χεῖρα
1276 2120 1318 2146 ἐπ’
1343 2120 1469 2156 ἄροτρον,
1491 2121 1538 2147 καὶ
1565 2122 1713 2157 στραφεὶς
1737 2124 1779 2155 εις
1803 2122 1839 2149 τὰ

1024 2165 1121 2197 ὀπίσω,
1135 2164 1241 2196 εὔθετός
1255 2167 1328 2192 ἐστιν
1343 2167 1381 2197 εἰς
1395 2166 1443 2202 τὴν
1460 2167 1604 2202 βασιλείαν
1619 2169 1680 2196 τῶν
1695 2169 1840 2205 οὐρανῶν.

1061 2210 1115 2245 μβ¹.
1135 2211 1204 2242 Τοὺς
1220 2211 1382 2246 λεγομένους
1394 2213 1542 2248 ἑρημίτας,
1557 2215 1587 2240 οἵ
1605 2224 1687 2248 τινες
1707 2216 1841 2249 μελανει-

1025 2255 1178 2289 μονοῦντες,
1195 2256 1241 2282 καὶ
1263 2257 1312 2288 τὰς
1339 2257 1458 2291 κεφαλὰς
1483 2258 1634 2293 κομῶντες
1665 2262 1842 2296 περιάγουσι

989 2317 1009 2344 D
1024 2300 1073 2331 τὰς
1082 2300 1182 2332 πόλεις,
1196 2301 1296 2336 μεταξὺ
1307 2302 1410 2337 ἀνδρῶν
1425 2302 1526 2328 λαϊκῶν
1538 2304 1589 2329 καὶ
1604 2307 1759 2339 γυναικῶν
1773 2308 1842 2333 ἀνα.

1025 2347 1221 2381 στρεφόμενοι,
1241 2347 1287 2373 καὶ
1318 2347 1346 2373 τὸ
1371 2349 1469 2374 οἰκεῖον
1493 2349 1674 2386 ἐπάγγελμα
1703 2353 1844 2389 καθυϐρί-

1023 2391 1123 2424 ζοντες,
1140 2392 1276 2427 ὁρίζομεν,
1293 2394 1316 2419 εἰ
1336 2394 1384 2428 μὲν
1400 2393 1539 2429 αἱροῦνται
1567 2397 1625 2428 τὰς
1654 2398 1753 2433 κόμας
1771 2400 1843 2426 ἀπο-

1022 2438 1189 2471 κειρᾴμενοι,
1206 2438 1236 2463 τὸ
1261 2438 1315 2464 τῶν
1343 2438 1444 2465 λοιπῶν
1475 2442 1609 2475 μοναχῶν
1645 2445 1845 2477 ἀναδέξασθαι

1023 2483 1128 2517 σχῆμα,
1147 2483 1256 2514 τούτους
1272 2484 1302 2510 ὲν
1321 2485 1493 2520 μοναπτηρῑῳ
1516 2487 1760 2520 ἐγκαθίστασθαι
1772 2513 1780 2525 ,
1796 2492 1845 2520 καὶ

1022 2530 1078 2559 τοῖς
1092 2529 1217 2563 ἀδελφοῖς
1233 2530 1480 2565 ὲγκαταλέγεσοαι·
1499 2534 1522 2558 ει
1549 2534 1583 2560 δὲ
1608 2538 1651 2573 μὴ
1667 2539 1758 2566 τοῦτο
1776 2549 1847 2576 προ-

1023 2575 1133 2608 έλοιντο,
1151 2577 1324 2604 παντάπασιν
1339 2578 1438 2610 αὐτοὺς
1460 2579 1514 2605 τῶν
1540 2582 1664 2610 πόλεων
1682 2575 1846 2614 ἀπελαύνε-

1024 2622 1094 2655 σθαι,
1112 2623 1157 2649 καὶ
1171 2623 1218 2654 τὰς
1232 2624 1352 2658 ἐρήμους
1366 2625 1460 2658 οἰκεῖν,
1477 2625 1506 2658 ἐξ
1520 2622 1562 2653 ὧν
1588 2630 1642 2657 καὶ
1658 2632 1714 2668 τὴν
1735 2635 1847 2662 ἐπωνυη

1024 2668 1088 2702 μίαν
1107 2669 1210 2700 ἑαυτοῖς
1230 2669 1425 2698 ἀνεπλάσαντο.

1060 2714 1117 2748 pg’.
1130 2716 1169 2765 Ἀἰ
1185 2715 1230 2742 τὸν
1243 2716 1390 2750 ἀσκητικὸν
1403 2718 1570 2754 αἱρούμεναι
1593 2723 1671 2759 βίον,
1683 2728 1737 2755 καὶ
1751 2729 1783 2756 ἐν
1796 2739 1848 2765 μο,

1022 2762 1158 2797 ναστηρὶῳ
1172 2763 1421 2797 καταταττόμεναι,
1437 2766 1555 2793 καθόλου
1576 2770 1620 2806 μὴ
1638 2762 1845 2809 προῖέτωσξιν.

1021 2808 1045 2832 εἱ
1058 2806 1084 2833 δέ
1099 2816 1139 2838 τις
1158 2809 1344 2845 ἀπαραίτητος
1357 2811 1442 2842 αὑτὰς
1457 2812 1570 2849 ἀνάγκη
1599 2806 1676 2852 πρὸξ
1695 2822 1784 2849 τοῦτο
1802 2823 1847 2850 ἕλ-

1022 2861 1072 2881 κοι,
1088 2855 1146 2887 μετ’
1164 2855 1289 2888 εὐλογίας
1311 2858 1357 2883 καὶ
1381 2858 1535 2892 ἐπιτροπῆς
1562 2861 1621 2895 τῆς
1655 2868 1849 2902 προεστώσης
