  <div class='ocr_page' id='page_1' title='image "/cluster/home/n/w/nwhite01/storage/ocr_20150623/104/njp.32101077772885/432.png"; bbox 0 0 1951 3071; ppageno 0'>
   <div class='ocr_carea' id='block_1_1' title="bbox 167 191 221 224">
    <p class='ocr_par' dir='ltr' id='par_1_1' title="bbox 167 191 221 224">
     <span class='ocr_line' id='line_1_1' title="bbox 167 191 221 224; baseline 0 0"><span class='ocrx_word' id='word_1_1' title='bbox 167 191 221 224; x_wconf 61' lang='grc'><strong>819</strong></span> 
     </span>
    </p>
   </div>
   <div class='ocr_carea' id='block_1_2' title="bbox 572 195 1358 231">
    <p class='ocr_par' dir='ltr' id='par_1_2' title="bbox 572 195 1358 231">
     <span class='ocr_line' id='line_1_2' title="bbox 572 195 1358 231; baseline 0.005 -7"><span class='ocrx_word' id='word_1_2' title='bbox 572 195 769 225; x_wconf 84' lang='lat' dir='ltr'><strong>SYNTAGMA</strong></span> <span class='ocrx_word' id='word_1_3' title='bbox 790 196 982 226; x_wconf 88' lang='lat' dir='ltr'><strong>CANONUM.</strong></span> <span class='ocrx_word' id='word_1_4' title='bbox 996 196 1112 226; x_wconf 74' lang='lat' dir='ltr'><strong>-&#39;l‘[T.</strong></span> <span class='ocrx_word' id='word_1_5' title='bbox 1135 197 1187 231; x_wconf 78' lang='lat' dir='ltr'><strong>XI,</strong></span> <span class='ocrx_word' id='word_1_6' title='bbox 1209 198 1286 227; x_wconf 78' lang='lat' dir='ltr'><strong>CAP-</strong></span> <span class='ocrx_word' id='word_1_7' title='bbox 1310 199 1358 228; x_wconf 85' lang='lat' dir='ltr'><strong>IV.</strong></span> 
     </span>
    </p>
   </div>
   <div class='ocr_carea' id='block_1_3' title="bbox 1738 197 1791 230">
    <p class='ocr_par' dir='ltr' id='par_1_3' title="bbox 1738 197 1791 230">
     <span class='ocr_line' id='line_1_3' title="bbox 1738 197 1791 230; baseline 0 0"><span class='ocrx_word' id='word_1_8' title='bbox 1738 197 1791 230; x_wconf 82' lang='lat'><strong>850</strong></span> 
     </span>
    </p>
   </div>
   <div class='ocr_carea' id='block_1_4' title="bbox 167 250 970 290">
    <p class='ocr_par' dir='ltr' id='par_1_4' title="bbox 167 250 952 288">
     <span class='ocr_line' id='line_1_4' title="bbox 167 250 952 288; baseline 0.004 -11"><span class='ocrx_word' id='word_1_9' title='bbox 167 251 247 278; x_wconf 63' lang='grc' dir='ltr'>τοῦτο</span> <span class='ocrx_word' id='word_1_10' title='bbox 260 250 453 286; x_wconf 75' lang='grc' dir='ltr'><strong>πραττέτωσαν</strong></span> <span class='ocrx_word' id='word_1_11' title='bbox 463 259 469 266; x_wconf 88' lang='grc'>·</span> <span class='ocrx_word' id='word_1_12' title='bbox 488 251 534 278; x_wconf 80' lang='grc' dir='ltr'><strong>καὶ</strong></span> <span class='ocrx_word' id='word_1_13' title='bbox 547 252 606 278; x_wconf 87' lang='grc' dir='ltr'>τότε</span> <span class='ocrx_word' id='word_1_14' title='bbox 623 252 660 288; x_wconf 87' lang='grc' dir='ltr'>μὴ</span> <span class='ocrx_word' id='word_1_15' title='bbox 676 253 754 286; x_wconf 72' lang='grc' dir='ltr'>μόναι</span> <span class='ocrx_word' id='word_1_16' title='bbox 768 253 829 279; x_wconf 85' lang='grc' dir='ltr'>καθ¹</span> <span class='ocrx_word' id='word_1_17' title='bbox 842 254 952 286; x_wconf 78' lang='grc' dir='ltr'>ἑαυτὰς,</span> 
     </span>
    </p>
   </div>
   <div class='ocr_carea' id='block_1_5' title="bbox 1018 250 1789 290">
    <p class='ocr_par' dir='ltr' id='par_1_5' title="bbox 1018 254 1789 290">
     <span class='ocr_line' id='line_1_5' title="bbox 1018 254 1789 290; baseline 0.003 -10"><span class='ocrx_word' id='word_1_18' title='bbox 1018 262 1066 288; x_wconf 75' lang='lat' dir='ltr'><strong>[me</strong></span> <span class='ocrx_word' id='word_1_19' title='bbox 1083 260 1194 290; x_wconf 69' lang='lat' dir='ltr'><strong>pra-est,</strong></span> <span class='ocrx_word' id='word_1_20' title='bbox 1216 255 1267 283; x_wconf 91' lang='lat' dir='ltr'><strong>hoc</strong></span> <span class='ocrx_word' id='word_1_21' title='bbox 1280 260 1370 290; x_wconf 78' lang='lat' dir='ltr'><strong>agant,</strong></span> <span class='ocrx_word' id='word_1_22' title='bbox 1388 260 1505 290; x_wconf 79' lang='lat' dir='ltr'><strong>tuncque</strong></span> <span class='ocrx_word' id='word_1_23' title='bbox 1518 262 1571 281; x_wconf 87' lang='lat' dir='ltr'><strong>non</strong></span> <span class='ocrx_word' id='word_1_24' title='bbox 1597 254 1661 282; x_wconf 70' lang='lat' dir='ltr'><strong>sola:</strong></span> <span class='ocrx_word' id='word_1_25' title='bbox 1685 263 1732 289; x_wconf 89' lang='lat' dir='ltr'><strong>per</strong></span> <span class='ocrx_word' id='word_1_26' title='bbox 1750 263 1789 287; x_wconf 83' lang='lat' dir='ltr'><strong>se,</strong></span> 
     </span>
    </p>
   </div>
   <div class='ocr_carea' id='block_1_6' title="bbox 167 297 955 334">
    <p class='ocr_par' dir='ltr' id='par_1_6' title="bbox 167 297 955 334">
     <span class='ocr_line' id='line_1_6' title="bbox 167 297 955 334; baseline 0.003 -10"><span class='ocrx_word' id='word_1_27' title='bbox 167 297 237 324; x_wconf 76' lang='grc' dir='ltr'>ἀλλὰ</span> <span class='ocrx_word' id='word_1_28' title='bbox 262 297 332 332; x_wconf 85' lang='grc' dir='ltr'><strong>μετά</strong></span> <span class='ocrx_word' id='word_1_29' title='bbox 353 305 433 323; x_wconf 79' lang='grc' dir='ltr'>τινων</span> <span class='ocrx_word' id='word_1_30' title='bbox 451 298 637 331; x_wconf 76' lang='grc' dir='ltr'>πρεσϐυτίδων</span> <span class='ocrx_word' id='word_1_31' title='bbox 651 299 698 326; x_wconf 73' lang='grc' dir='ltr'>καὶ</span> <span class='ocrx_word' id='word_1_32' title='bbox 713 300 913 334; x_wconf 83' lang='grc' dir='ltr'>πρωτευουσῶν</span> <span class='ocrx_word' id='word_1_33' title='bbox 927 300 955 326; x_wconf 78' lang='grc' dir='ltr'>ἐν</span> 
     </span>
    </p>
   </div>
   <div class='ocr_carea' id='block_1_7' title="bbox 167 342 954 381">
    <p class='ocr_par' dir='ltr' id='par_1_7' title="bbox 167 342 954 381">
     <span class='ocr_line' id='line_1_7' title="bbox 167 342 954 381; baseline 0.004 -12"><span class='ocrx_word' id='word_1_34' title='bbox 167 342 208 378; x_wconf 77' lang='grc' dir='ltr'><strong>τῷ</strong></span> <span class='ocrx_word' id='word_1_35' title='bbox 231 343 420 378; x_wconf 79' lang='grc' dir='ltr'>μοναστηρίῳ,</span> <span class='ocrx_word' id='word_1_36' title='bbox 440 344 498 377; x_wconf 86' lang='grc' dir='ltr'>μετ’</span> <span class='ocrx_word' id='word_1_37' title='bbox 516 344 625 379; x_wconf 79' lang='grc' dir='ltr'><strong>ἐντολῆς</strong></span> <span class='ocrx_word' id='word_1_38' title='bbox 654 345 702 379; x_wconf 77' lang='grc' dir='ltr'>τῆς</span> <span class='ocrx_word' id='word_1_39' title='bbox 728 345 954 381; x_wconf 82' lang='grc' dir='ltr'>καθηγουμένης-</span> 
     </span>
    </p>
   </div>
   <div class='ocr_carea' id='block_1_8' title="bbox 168 388 957 422">
    <p class='ocr_par' dir='ltr' id='par_1_8' title="bbox 168 388 957 422">
     <span class='ocr_line' id='line_1_8' title="bbox 168 388 957 422; baseline 0.004 -8"><span class='ocrx_word' id='word_1_40' title='bbox 168 388 308 419; x_wconf 78' lang='grc' dir='ltr'>παντελῶς</span> <span class='ocrx_word' id='word_1_41' title='bbox 328 388 357 414; x_wconf 75' lang='grc' dir='ltr'><strong>δὲ</strong></span> <span class='ocrx_word' id='word_1_42' title='bbox 380 389 465 420; x_wconf 81' lang='grc' dir='ltr'>αὑτὰς</span> <span class='ocrx_word' id='word_1_43' title='bbox 487 388 539 422; x_wconf 77' lang='grc' dir='ltr'><strong>ἔξω</strong></span> <span class='ocrx_word' id='word_1_44' title='bbox 561 391 661 416; x_wconf 84' lang='grc' dir='ltr'>κοιτείν</span> <span class='ocrx_word' id='word_1_45' title='bbox 684 391 733 416; x_wconf 71' lang='grc' dir='ltr'>οὐκ</span> <span class='ocrx_word' id='word_1_46' title='bbox 755 391 873 422; x_wconf 77' lang='grc' dir='ltr'>ἔξεστιψ</span> <span class='ocrx_word' id='word_1_47' title='bbox 889 391 957 418; x_wconf 80' lang='grc' dir='ltr'>ἀλλὰ</span> 
     </span>
    </p>
   </div>
   <div class='ocr_carea' id='block_1_9' title="bbox 169 433 957 473">
    <p class='ocr_par' dir='ltr' id='par_1_9' title="bbox 169 433 957 473">
     <span class='ocr_line' id='line_1_9' title="bbox 169 433 957 473; baseline 0.005 -14"><span class='ocrx_word' id='word_1_48' title='bbox 169 434 216 460; x_wconf 74' lang='grc' dir='ltr'>καὶ</span> <span class='ocrx_word' id='word_1_49' title='bbox 231 433 327 468; x_wconf 80' lang='grc' dir='ltr'>ἄνδρες</span> <span class='ocrx_word' id='word_1_50' title='bbox 344 434 368 460; x_wconf 79' lang='grc' dir='ltr'>οἱ</span> <span class='ocrx_word' id='word_1_51' title='bbox 383 434 429 461; x_wconf 84' lang='grc' dir='ltr'>τὸν</span> <span class='ocrx_word' id='word_1_52' title='bbox 446 435 552 469; x_wconf 87' lang='grc' dir='ltr'><strong>μονήρη</strong></span> <span class='ocrx_word' id='word_1_53' title='bbox 569 434 626 470; x_wconf 84' lang='grc' dir='ltr'>βίον</span> <span class='ocrx_word' id='word_1_54' title='bbox 639 436 841 471; x_wconf 86' lang='grc' dir='ltr'>μετερχόμενοι,</span> <span class='ocrx_word' id='word_1_55' title='bbox 863 436 957 473; x_wconf 86' lang='grc' dir='ltr'>χρείας</span> 
     </span>
    </p>
   </div>
   <div class='ocr_carea' id='block_1_10' title="bbox 168 479 957 518">
    <p class='ocr_par' dir='ltr' id='par_1_10' title="bbox 168 479 957 518">
     <span class='ocr_line' id='line_1_10' title="bbox 168 479 957 518; baseline 0.006 -14"><span class='ocrx_word' id='word_1_56' title='bbox 168 479 343 514; x_wconf 72' lang='grc' dir='ltr'>ἐπειγούσης,</span> <span class='ocrx_word' id='word_1_57' title='bbox 357 480 403 506; x_wconf 73' lang='grc' dir='ltr'>καὶ</span> <span class='ocrx_word' id='word_1_58' title='bbox 416 480 492 506; x_wconf 81' lang='grc' dir='ltr'>αὐτοὶ</span> <span class='ocrx_word' id='word_1_59' title='bbox 509 480 568 515; x_wconf 77' lang='grc' dir='ltr'>μετ’</span> <span class='ocrx_word' id='word_1_60' title='bbox 581 481 705 515; x_wconf 80' lang='grc' dir='ltr'><strong>εὐλογίας</strong></span> <span class='ocrx_word' id='word_1_61' title='bbox 721 482 767 508; x_wconf 77' lang='grc' dir='ltr'>τοῦ</span> <span class='ocrx_word' id='word_1_62' title='bbox 779 482 827 518; x_wconf 78' lang='grc' dir='ltr'>τὴν</span> <span class='ocrx_word' id='word_1_63' title='bbox 841 484 957 518; x_wconf 85' lang='grc' dir='ltr'>ἡγουμε-</span> 
     </span>
    </p>
   </div>
   <div class='ocr_carea' id='block_1_11' title="bbox 168 525 957 564">
    <p class='ocr_par' dir='ltr' id='par_1_11' title="bbox 168 525 957 564">
     <span class='ocr_line' id='line_1_11' title="bbox 168 525 957 564; baseline 0.008 -14"><span class='ocrx_word' id='word_1_64' title='bbox 168 525 244 551; x_wconf 88' lang='grc' dir='ltr'>νείαν</span> <span class='ocrx_word' id='word_1_65' title='bbox 256 525 510 560; x_wconf 80' lang='grc' dir='ltr'>ὲμπεπιστευμένου</span> <span class='ocrx_word' id='word_1_66' title='bbox 526 527 694 561; x_wconf 82' lang='grc' dir='ltr'>προῖέτωσαν</span> <span class='ocrx_word' id='word_1_67' title='bbox 705 535 712 543; x_wconf 89' lang='grc'><strong>·</strong></span> <span class='ocrx_word' id='word_1_68' title='bbox 731 528 801 555; x_wconf 84' lang='grc' dir='ltr'>ὥστε</span> <span class='ocrx_word' id='word_1_69' title='bbox 824 530 847 555; x_wconf 85' lang='grc' dir='ltr'><strong>οἰ</strong></span> <span class='ocrx_word' id='word_1_70' title='bbox 868 538 957 564; x_wconf 87' lang='grc' dir='ltr'>παρα-</span> 
     </span>
    </p>
   </div>
   <div class='ocr_carea' id='block_1_12' title="bbox 169 571 958 609">
    <p class='ocr_par' dir='ltr' id='par_1_12' title="bbox 169 571 958 609">
     <span class='ocr_line' id='line_1_12' title="bbox 169 571 958 609; baseline 0.006 -13"><span class='ocrx_word' id='word_1_71' title='bbox 169 571 309 602; x_wconf 75' lang='grc' dir='ltr'>ϐαίνοντες</span> <span class='ocrx_word' id='word_1_72' title='bbox 333 571 377 597; x_wconf 75' lang='grc' dir='ltr'><strong>τὸν</strong></span> <span class='ocrx_word' id='word_1_73' title='bbox 400 571 447 598; x_wconf 84' lang='grc' dir='ltr'>νῦν</span> <span class='ocrx_word' id='word_1_74' title='bbox 468 572 609 606; x_wconf 82' lang='grc' dir='ltr'><strong>ὁρισθέντα</strong></span> <span class='ocrx_word' id='word_1_75' title='bbox 634 573 698 608; x_wconf 82' lang='grc' dir='ltr'>παρ’</span> <span class='ocrx_word' id='word_1_76' title='bbox 713 574 790 608; x_wconf 82' lang='grc' dir='ltr'>ἡμῶν</span> <span class='ocrx_word' id='word_1_77' title='bbox 807 575 889 609; x_wconf 84' lang='grc' dir='ltr'>ὅρον,</span> <span class='ocrx_word' id='word_1_78' title='bbox 903 575 958 601; x_wconf 80' lang='grc' dir='ltr'>εἴτε</span> 
     </span>
    </p>
   </div>
   <div class='ocr_carea' id='block_1_13' title="bbox 169 614 957 654">
    <p class='ocr_par' dir='ltr' id='par_1_13' title="bbox 169 614 957 654">
     <span class='ocr_line' id='line_1_13' title="bbox 169 614 957 654; baseline 0.005 -11"><span class='ocrx_word' id='word_1_79' title='bbox 169 617 265 653; x_wconf 79' lang='grc' dir='ltr'>ἄνδρες</span> <span class='ocrx_word' id='word_1_80' title='bbox 289 614 344 643; x_wconf 81' lang='grc' dir='ltr'>εἷεν</span> <span class='ocrx_word' id='word_1_81' title='bbox 368 617 423 643; x_wconf 77' lang='grc' dir='ltr'>εἴτε</span> <span class='ocrx_word' id='word_1_82' title='bbox 447 618 590 650; x_wconf 79' lang='grc' dir='ltr'>γυναῖκες,</span> <span class='ocrx_word' id='word_1_83' title='bbox 617 619 781 654; x_wconf 80' lang='grc' dir='ltr'><strong>προσφόροις</strong></span> <span class='ocrx_word' id='word_1_84' title='bbox 811 621 957 653; x_wconf 76' lang='grc' dir='ltr'><strong>ἐπιτιμίοις</strong></span> 
     </span>
    </p>
   </div>
   <div class='ocr_carea' id='block_1_14' title="bbox 170 662 413 696">
    <p class='ocr_par' dir='ltr' id='par_1_14' title="bbox 170 662 413 696">
     <span class='ocr_line' id='line_1_14' title="bbox 170 662 413 696; baseline 0 -8"><span class='ocrx_word' id='word_1_85' title='bbox 170 662 413 696; x_wconf 75' lang='grc' dir='ltr'>ὑποϐληθήτωσαν.</span> 
     </span>
    </p>
   </div>
   <div class='ocr_carea' id='block_1_15' title="bbox 171 704 958 745">
    <p class='ocr_par' dir='ltr' id='par_1_15' title="bbox 171 704 958 745">
     <span class='ocr_line' id='line_1_15' title="bbox 171 704 958 745; baseline 0.005 -11"><span class='ocrx_word' id='word_1_86' title='bbox 171 704 305 734; x_wconf 73' lang='grc' dir='ltr'>Συγόδου</span> <span class='ocrx_word' id='word_1_87' title='bbox 321 706 345 745; x_wconf 72' lang='grc' dir='ltr'>α’</span> <span class='ocrx_word' id='word_1_88' title='bbox 359 707 408 745; x_wconf 63' lang='grc' dir='ltr'>καλ</span> <span class='ocrx_word' id='word_1_89' title='bbox 426 707 455 740; x_wconf 84' lang='grc' dir='ltr'><strong>β’</strong></span> <span class='ocrx_word' id='word_1_90' title='bbox 466 710 729 745; x_wconf 54' lang='grc' dir='ltr'>συγ-κροτηθείσης</span> <span class='ocrx_word' id='word_1_91' title='bbox 751 711 786 737; x_wconf 77' lang='grc' dir='ltr'><strong>ἐν</strong></span> <span class='ocrx_word' id='word_1_92' title='bbox 802 713 958 738; x_wconf 80' lang='grc' dir='ltr'><strong>Κωνσταν-</strong></span> 
     </span>
    </p>
   </div>
   <div class='ocr_carea' id='block_1_16' title="bbox 206 742 958 780">
    <p class='ocr_par' dir='ltr' id='par_1_16' title="bbox 206 742 958 780">
     <span class='ocr_line' id='line_1_16' title="bbox 206 742 958 780; baseline 0.007 -12"><span class='ocrx_word' id='word_1_93' title='bbox 206 743 376 780; x_wconf 50' lang='grc' dir='ltr'>τινοῃπόλει</span> <span class='ocrx_word' id='word_1_94' title='bbox 391 742 560 780; x_wconf 15' lang='grc' dir='ltr'><strong>ξνῄτῷ-ιναῷ</strong></span> <span class='ocrx_word' id='word_1_95' title='bbox 569 742 739 780; x_wconf 51' lang='grc' dir='ltr'><strong>τῶνἋγ-Ιὼκ</strong></span> <span class='ocrx_word' id='word_1_96' title='bbox 762 747 958 773; x_wconf 68' lang='grc' dir='ltr'>Ἀποστόλων</span> 
     </span>
    </p>
   </div>
   <div class='ocr_carea' id='block_1_17' title="bbox 208 776 504 812">
    <p class='ocr_par' dir='ltr' id='par_1_17' title="bbox 208 776 504 812">
     <span class='ocr_line' id='line_1_17' title="bbox 208 776 504 812; baseline 0.007 -9"><span class='ocrx_word' id='word_1_97' title='bbox 208 776 310 804; x_wconf 71' lang='grc' dir='ltr'>κανὼν</span> <span class='ocrx_word' id='word_1_98' title='bbox 329 776 360 812; x_wconf 85' lang='grc' dir='ltr'><strong>β’,</strong></span> <span class='ocrx_word' id='word_1_99' title='bbox 378 777 411 811; x_wconf 78' lang='grc' dir='ltr'>γ’,</span> <span class='ocrx_word' id='word_1_100' title='bbox 425 778 456 811; x_wconf 84' lang='grc' dir='ltr'>δ’,</span> <span class='ocrx_word' id='word_1_101' title='bbox 473 777 504 805; x_wconf 89' lang='grc' dir='ltr'><strong>ε’.</strong></span> 
     </span>
    </p>
   </div>
   <div class='ocr_carea' id='block_1_18' title="bbox 208 822 957 862">
    <p class='ocr_par' dir='ltr' id='par_1_18' title="bbox 208 822 957 862">
     <span class='ocr_line' id='line_1_18' title="bbox 208 822 957 862; baseline 0.008 -14"><span class='ocrx_word' id='word_1_102' title='bbox 208 822 241 857; x_wconf 86' lang='grc' dir='ltr'><strong>β’.</strong></span> <span class='ocrx_word' id='word_1_103' title='bbox 260 823 366 858; x_wconf 80' lang='grc' dir='ltr'><strong>Ἐπειδὴ</strong></span> <span class='ocrx_word' id='word_1_104' title='bbox 378 832 449 855; x_wconf 84' lang='grc' dir='ltr'>τινες</span> <span class='ocrx_word' id='word_1_105' title='bbox 464 824 510 850; x_wconf 73' lang='grc' dir='ltr'><strong>τὸν</strong></span> <span class='ocrx_word' id='word_1_106' title='bbox 527 825 631 860; x_wconf 86' lang='grc' dir='ltr'><strong>μονήρη</strong></span> <span class='ocrx_word' id='word_1_107' title='bbox 648 825 704 860; x_wconf 85' lang='grc' dir='ltr'>βίον</span> <span class='ocrx_word' id='word_1_108' title='bbox 717 826 877 854; x_wconf 83' lang='grc' dir='ltr'><strong>ὑποδύεσθαι</strong></span> <span class='ocrx_word' id='word_1_109' title='bbox 891 836 957 862; x_wconf 80' lang='grc' dir='ltr'>σχη-</span> 
     </span>
    </p>
   </div>
   <div class='ocr_carea' id='block_1_19' title="bbox 173 867 958 907">
    <p class='ocr_par' dir='ltr' id='par_1_19' title="bbox 173 867 958 907">
     <span class='ocr_line' id='line_1_19' title="bbox 173 867 958 907; baseline 0.005 -13"><span class='ocrx_word' id='word_1_110' title='bbox 173 867 342 904; x_wconf 75' lang='grc' dir='ltr'>ματίζονται,</span> <span class='ocrx_word' id='word_1_111' title='bbox 356 870 404 904; x_wconf 76' lang='grc' dir='ltr'><strong>οὐχ</strong></span> <span class='ocrx_word' id='word_1_112' title='bbox 421 870 464 896; x_wconf 77' lang='grc' dir='ltr'>ἵνα</span> <span class='ocrx_word' id='word_1_113' title='bbox 480 870 539 906; x_wconf 85' lang='grc' dir='ltr'><strong>Θεῷ</strong></span> <span class='ocrx_word' id='word_1_114' title='bbox 554 871 682 907; x_wconf 84' lang='grc' dir='ltr'><strong>καθαρῶς</strong></span> <span class='ocrx_word' id='word_1_115' title='bbox 697 872 856 898; x_wconf 75' lang='grc' dir='ltr'><strong>δουλεύωσιν</strong></span> <span class='ocrx_word' id='word_1_116' title='bbox 866 892 873 904; x_wconf 82' lang='grc'><strong>,</strong></span> <span class='ocrx_word' id='word_1_117' title='bbox 896 873 958 899; x_wconf 74' lang='grc' dir='ltr'>ἀλλ’</span> 
     </span>
    </p>
   </div>
   <div class='ocr_carea' id='block_1_20' title="bbox 1007 301 1792 336">
    <p class='ocr_par' dir='ltr' id='par_1_20' title="bbox 1007 301 1792 336">
     <span class='ocr_line' id='line_1_20' title="bbox 1007 301 1792 336; baseline 0 -9"><span class='ocrx_word' id='word_1_118' title='bbox 1007 301 1053 327; x_wconf 90' lang='lat' dir='ltr'><strong>sed</strong></span> <span class='ocrx_word' id='word_1_119' title='bbox 1074 307 1135 327; x_wconf 84' lang='lat' dir='ltr'><strong>eum</strong></span> <span class='ocrx_word' id='word_1_120' title='bbox 1155 301 1292 335; x_wconf 87' lang='lat' dir='ltr'><strong>aliquibus</strong></span> <span class='ocrx_word' id='word_1_121' title='bbox 1309 301 1418 334; x_wconf 81' lang='lat' dir='ltr'><strong>vetulis,</strong></span> <span class='ocrx_word' id='word_1_122' title='bbox 1444 306 1471 328; x_wconf 89' lang='lat' dir='ltr'><strong>et</strong></span> <span class='ocrx_word' id='word_1_123' title='bbox 1492 309 1553 336; x_wconf 79' lang='lat' dir='ltr'><strong>quae</strong></span> <span class='ocrx_word' id='word_1_124' title='bbox 1575 301 1601 328; x_wconf 91' lang='lat' dir='ltr'><strong>in</strong></span> <span class='ocrx_word' id='word_1_125' title='bbox 1628 301 1792 329; x_wconf 87' lang='lat' dir='ltr'><strong>monasterio</strong></span> 
     </span>
    </p>
   </div>
   <div class='ocr_carea' id='block_1_21' title="bbox 1007 346 1792 381">
    <p class='ocr_par' dir='ltr' id='par_1_21' title="bbox 1007 346 1792 381">
     <span class='ocr_line' id='line_1_21' title="bbox 1007 346 1792 381; baseline -0.001 -8"><span class='ocrx_word' id='word_1_126' title='bbox 1007 347 1101 381; x_wconf 64' lang='lat' dir='ltr'><strong>prima;</strong></span> <span class='ocrx_word' id='word_1_127' title='bbox 1119 347 1183 379; x_wconf 88' lang='lat' dir='ltr'><strong>sint,</strong></span> <span class='ocrx_word' id='word_1_128' title='bbox 1200 355 1262 374; x_wconf 91' lang='lat' dir='ltr'><strong>cum</strong></span> <span class='ocrx_word' id='word_1_129' title='bbox 1287 347 1416 375; x_wconf 87' lang='lat' dir='ltr'><strong>mandato</strong></span> <span class='ocrx_word' id='word_1_130' title='bbox 1436 347 1494 381; x_wconf 87' lang='lat' dir='ltr'><strong>ejus</strong></span> <span class='ocrx_word' id='word_1_131' title='bbox 1514 354 1574 381; x_wconf 56' lang='lat' dir='ltr'><strong>quae</strong></span> <span class='ocrx_word' id='word_1_132' title='bbox 1593 346 1718 380; x_wconf 66' lang='lat' dir='ltr'><strong>prmfecta</strong></span> <span class='ocrx_word' id='word_1_133' title='bbox 1738 351 1792 373; x_wconf 87' lang='lat' dir='ltr'><strong>est.</strong></span> 
     </span>
    </p>
   </div>
   <div class='ocr_carea' id='block_1_22' title="bbox 1008 390 1793 420">
    <p class='ocr_par' dir='ltr' id='par_1_22' title="bbox 1008 390 1793 420">
     <span class='ocr_line' id='line_1_22' title="bbox 1008 390 1793 420; baseline -0.001 -1"><span class='ocrx_word' id='word_1_134' title='bbox 1008 392 1052 419; x_wconf 85' lang='lat' dir='ltr'><strong>Eis</strong></span> <span class='ocrx_word' id='word_1_135' title='bbox 1066 398 1156 419; x_wconf 82' lang='lat' dir='ltr'><strong>autem</strong></span> <span class='ocrx_word' id='word_1_136' title='bbox 1175 393 1288 419; x_wconf 88' lang='lat' dir='ltr'><strong>omnino</strong></span> <span class='ocrx_word' id='word_1_137' title='bbox 1303 398 1380 420; x_wconf 76' lang='lat' dir='ltr'><strong>extra</strong></span> <span class='ocrx_word' id='word_1_138' title='bbox 1397 393 1497 420; x_wconf 83' lang='lat' dir='ltr'><strong>cubare</strong></span> <span class='ocrx_word' id='word_1_139' title='bbox 1519 400 1572 419; x_wconf 87' lang='lat' dir='ltr'><strong>non</strong></span> <span class='ocrx_word' id='word_1_140' title='bbox 1596 391 1668 419; x_wconf 87' lang='lat' dir='ltr'><strong>licet.</strong></span> <span class='ocrx_word' id='word_1_141' title='bbox 1692 390 1745 418; x_wconf 86' lang='lat' dir='ltr'><strong>Sed</strong></span> <span class='ocrx_word' id='word_1_142' title='bbox 1766 395 1793 418; x_wconf 77' lang='lat' dir='ltr'><strong>et</strong></span> 
     </span>
    </p>
   </div>
   <div class='ocr_carea' id='block_1_23' title="bbox 1007 438 1794 473">
    <p class='ocr_par' dir='ltr' id='par_1_23' title="bbox 1007 438 1794 473">
     <span class='ocr_line' id='line_1_23' title="bbox 1007 438 1794 473; baseline -0.001 -9"><span class='ocrx_word' id='word_1_143' title='bbox 1007 438 1070 470; x_wconf 84' lang='lat' dir='ltr'><strong>viri,</strong></span> <span class='ocrx_word' id='word_1_144' title='bbox 1085 439 1132 473; x_wconf 88' lang='lat' dir='ltr'><strong>qui</strong></span> <span class='ocrx_word' id='word_1_145' title='bbox 1150 439 1233 465; x_wconf 90' lang='lat' dir='ltr'><strong>vitam</strong></span> <span class='ocrx_word' id='word_1_146' title='bbox 1253 439 1431 466; x_wconf 73' lang='lat' dir='ltr'><strong>monasticam</strong></span> <span class='ocrx_word' id='word_1_147' title='bbox 1448 442 1662 473; x_wconf 88' lang='lat' dir='ltr'><strong>persequuntur,</strong></span> <span class='ocrx_word' id='word_1_148' title='bbox 1680 443 1794 472; x_wconf 74' lang='lat' dir='ltr'><strong>urgente</strong></span> 
     </span>
    </p>
   </div>
   <div class='ocr_carea' id='block_1_24' title="bbox 1009 482 1793 519">
    <p class='ocr_par' dir='ltr' id='par_1_24' title="bbox 1009 482 1793 519">
     <span class='ocr_line' id='line_1_24' title="bbox 1009 482 1793 519; baseline -0.003 -8"><span class='ocrx_word' id='word_1_149' title='bbox 1009 484 1172 512; x_wconf 88' lang='lat' dir='ltr'><strong>necessitate</strong></span> <span class='ocrx_word' id='word_1_150' title='bbox 1187 488 1215 511; x_wconf 90' lang='lat' dir='ltr'><strong>et</strong></span> <span class='ocrx_word' id='word_1_151' title='bbox 1235 484 1287 519; x_wconf 87' lang='lat' dir='ltr'><strong>ipsi</strong></span> <span class='ocrx_word' id='word_1_152' title='bbox 1305 492 1366 512; x_wconf 87' lang='lat' dir='ltr'><strong>cum</strong></span> <span class='ocrx_word' id='word_1_153' title='bbox 1384 483 1573 511; x_wconf 78' lang='lat' dir='ltr'><strong>benedictione</strong></span> <span class='ocrx_word' id='word_1_154' title='bbox 1592 483 1662 517; x_wconf 84' lang='lat' dir='ltr'><strong>ejus,</strong></span> <span class='ocrx_word' id='word_1_155' title='bbox 1681 482 1726 509; x_wconf 80' lang='lat' dir='ltr'><strong>cui</strong></span> <span class='ocrx_word' id='word_1_156' title='bbox 1750 489 1793 510; x_wconf 92' lang='lat' dir='ltr'><strong>re-</strong></span> 
     </span>
    </p>
   </div>
   <div class='ocr_carea' id='block_1_25' title="bbox 1009 528 1793 564">
    <p class='ocr_par' dir='ltr' id='par_1_25' title="bbox 1009 528 1793 564">
     <span class='ocr_line' id='line_1_25' title="bbox 1009 528 1793 564; baseline 0 -9"><span class='ocrx_word' id='word_1_157' title='bbox 1009 529 1098 564; x_wconf 75' lang='lat' dir='ltr'><strong>gimen</strong></span> <span class='ocrx_word' id='word_1_158' title='bbox 1121 529 1254 557; x_wconf 86' lang='lat' dir='ltr'><strong>creditum</strong></span> <span class='ocrx_word' id='word_1_159' title='bbox 1280 533 1332 561; x_wconf 82' lang='lat' dir='ltr'><strong>est,</strong></span> <span class='ocrx_word' id='word_1_160' title='bbox 1361 530 1518 564; x_wconf 77' lang='lat' dir='ltr'><strong>procedant.</strong></span> <span class='ocrx_word' id='word_1_161' title='bbox 1540 528 1722 562; x_wconf 79' lang='lat' dir='ltr'><strong>Quamobrem</strong></span> <span class='ocrx_word' id='word_1_162' title='bbox 1747 528 1793 563; x_wconf 90' lang='lat' dir='ltr'><strong>qui</strong></span> 
     </span>
    </p>
   </div>
   <div class='ocr_carea' id='block_1_26' title="bbox 1011 576 1794 612">
    <p class='ocr_par' dir='ltr' id='par_1_26' title="bbox 1011 576 1794 612">
     <span class='ocr_line' id='line_1_26' title="bbox 1011 576 1794 612; baseline -0.001 -9"><span class='ocrx_word' id='word_1_163' title='bbox 1011 577 1247 611; x_wconf 80' lang='lat' dir='ltr'><strong>transgrediuntur</strong></span> <span class='ocrx_word' id='word_1_164' title='bbox 1262 577 1299 609; x_wconf 90' lang='lat' dir='ltr'><strong>id,</strong></span> <span class='ocrx_word' id='word_1_165' title='bbox 1317 577 1389 612; x_wconf 90' lang='lat' dir='ltr'><strong>quod</strong></span> <span class='ocrx_word' id='word_1_166' title='bbox 1406 582 1448 604; x_wconf 84' lang='lat' dir='ltr'><strong>est</strong></span> <span class='ocrx_word' id='word_1_167' title='bbox 1468 585 1540 604; x_wconf 91' lang='lat' dir='ltr'><strong>nunc</strong></span> <span class='ocrx_word' id='word_1_168' title='bbox 1564 583 1579 603; x_wconf 87' lang='lat' dir='ltr'><strong>a</strong></span> <span class='ocrx_word' id='word_1_169' title='bbox 1604 576 1682 604; x_wconf 86' lang='lat' dir='ltr'><strong>nobis</strong></span> <span class='ocrx_word' id='word_1_170' title='bbox 1700 576 1794 603; x_wconf 89' lang='lat' dir='ltr'><strong>decre-</strong></span> 
     </span>
    </p>
   </div>
   <div class='ocr_carea' id='block_1_27' title="bbox 1010 622 1795 656">
    <p class='ocr_par' dir='ltr' id='par_1_27' title="bbox 1010 622 1795 656">
     <span class='ocr_line' id='line_1_27' title="bbox 1010 622 1795 656; baseline -0.001 -7"><span class='ocrx_word' id='word_1_171' title='bbox 1010 627 1078 654; x_wconf 88' lang='lat' dir='ltr'><strong>tum,</strong></span> <span class='ocrx_word' id='word_1_172' title='bbox 1103 623 1160 650; x_wconf 92' lang='lat' dir='ltr'><strong>sive</strong></span> <span class='ocrx_word' id='word_1_173' title='bbox 1180 624 1235 650; x_wconf 85' lang='lat' dir='ltr'><strong>sint</strong></span> <span class='ocrx_word' id='word_1_174' title='bbox 1250 623 1310 655; x_wconf 87' lang='lat' dir='ltr'><strong>viri,</strong></span> <span class='ocrx_word' id='word_1_175' title='bbox 1326 623 1382 650; x_wconf 84' lang='lat' dir='ltr'><strong>sive</strong></span> <span class='ocrx_word' id='word_1_176' title='bbox 1407 624 1545 656; x_wconf 83' lang='lat' dir='ltr'><strong>mulieres,</strong></span> <span class='ocrx_word' id='word_1_177' title='bbox 1570 622 1795 651; x_wconf 84' lang='lat' dir='ltr'><strong>convenientibus</strong></span> 
     </span>
    </p>
   </div>
   <div class='ocr_carea' id='block_1_28' title="bbox 1011 667 1308 701">
    <p class='ocr_par' dir='ltr' id='par_1_28' title="bbox 1011 667 1308 701">
     <span class='ocr_line' id='line_1_28' title="bbox 1011 667 1308 701; baseline 0.007 -8"><span class='ocrx_word' id='word_1_178' title='bbox 1011 668 1098 701; x_wconf 75' lang='lat' dir='ltr'><strong>pmnis</strong></span> <span class='ocrx_word' id='word_1_179' title='bbox 1117 667 1308 701; x_wconf 85' lang='lat' dir='ltr'><strong>subjiciantur.</strong></span> 
     </span>
    </p>
   </div>
   <div class='ocr_carea' id='block_1_29' title="bbox 1010 711 1795 747">
    <p class='ocr_par' dir='ltr' id='par_1_29' title="bbox 1010 711 1795 747">
     <span class='ocr_line' id='line_1_29' title="bbox 1010 711 1795 747; baseline 0 -8"><span class='ocrx_word' id='word_1_180' title='bbox 1010 711 1123 747; x_wconf 70' lang='lat' dir='ltr'><strong>Concilii</strong></span> <span class='ocrx_word' id='word_1_181' title='bbox 1144 712 1223 745; x_wconf 79' lang='lat' dir='ltr'><strong>primi</strong></span> <span class='ocrx_word' id='word_1_182' title='bbox 1245 717 1269 737; x_wconf 78' lang='lat' dir='ltr'><strong>et</strong></span> <span class='ocrx_word' id='word_1_183' title='bbox 1304 712 1410 739; x_wconf 74' lang='lat' dir='ltr'><strong>secundi</strong></span> <span class='ocrx_word' id='word_1_184' title='bbox 1436 713 1663 747; x_wconf 78' lang='lat' dir='ltr'><strong>Constantinopoli</strong></span> <span class='ocrx_word' id='word_1_185' title='bbox 1692 713 1719 739; x_wconf 80' lang='lat' dir='ltr'><strong>in</strong></span> <span class='ocrx_word' id='word_1_186' title='bbox 1741 712 1795 739; x_wconf 76' lang='lat' dir='ltr'><strong>a&#39;de</strong></span> 
     </span>
    </p>
   </div>
   <div class='ocr_carea' id='block_1_30' title="bbox 1066 745 1741 780">
    <p class='ocr_par' dir='ltr' id='par_1_30' title="bbox 1066 745 1741 780">
     <span class='ocr_line' id='line_1_30' title="bbox 1066 745 1741 780; baseline 0.003 -8"><span class='ocrx_word' id='word_1_187' title='bbox 1066 745 1226 773; x_wconf 81' lang='lat' dir='ltr'><strong>Sanctorum</strong></span> <span class='ocrx_word' id='word_1_188' title='bbox 1246 748 1429 780; x_wconf 71' lang='lat' dir='ltr'><strong>Apostolorum</strong></span> <span class='ocrx_word' id='word_1_189' title='bbox 1452 756 1563 775; x_wconf 78' lang='lat' dir='ltr'><strong>canones</strong></span> <span class='ocrx_word' id='word_1_190' title='bbox 1578 745 1613 780; x_wconf 54' lang='lat'><strong>2,</strong></span> <span class='ocrx_word' id='word_1_191' title='bbox 1626 748 1653 779; x_wconf 81' lang='grc'>5,</span> <span class='ocrx_word' id='word_1_192' title='bbox 1670 749 1697 779; x_wconf 72' lang='grc'>4,</span> <span class='ocrx_word' id='word_1_193' title='bbox 1716 748 1741 774; x_wconf 85' lang='grc'><strong>5.</strong></span> 
     </span>
    </p>
   </div>
   <div class='ocr_carea' id='block_1_31' title="bbox 1045 827 1796 860">
    <p class='ocr_par' dir='ltr' id='par_1_31' title="bbox 1045 827 1796 860">
     <span class='ocr_line' id='line_1_31' title="bbox 1045 827 1796 860; baseline 0.003 -6"><span class='ocrx_word' id='word_1_194' title='bbox 1045 827 1071 854; x_wconf 73' lang='lat'><strong>2.</strong></span> <span class='ocrx_word' id='word_1_195' title='bbox 1090 827 1225 860; x_wconf 80' lang='lat' dir='ltr'><strong>Quoniam</strong></span> <span class='ocrx_word' id='word_1_196' title='bbox 1249 828 1371 855; x_wconf 85' lang='lat' dir='ltr'><strong>nonnulli</strong></span> <span class='ocrx_word' id='word_1_197' title='bbox 1394 828 1476 855; x_wconf 90' lang='lat' dir='ltr'><strong>vitam</strong></span> <span class='ocrx_word' id='word_1_198' title='bbox 1500 828 1679 856; x_wconf 81' lang='lat' dir='ltr'><strong>monasticam</strong></span> <span class='ocrx_word' id='word_1_199' title='bbox 1702 829 1796 856; x_wconf 87' lang='lat' dir='ltr'><strong>subire</strong></span> 
     </span>
    </p>
   </div>
   <div class='ocr_carea' id='block_1_32' title="bbox 1011 872 1796 908">
    <p class='ocr_par' dir='ltr' id='par_1_32' title="bbox 1011 872 1796 908">
     <span class='ocr_line' id='line_1_32' title="bbox 1011 872 1796 908; baseline 0.003 -10"><span class='ocrx_word' id='word_1_200' title='bbox 1011 879 1066 906; x_wconf 74' lang='lat' dir='ltr'><strong>pra:</strong></span> <span class='ocrx_word' id='word_1_201' title='bbox 1094 880 1122 899; x_wconf 88' lang='lat' dir='ltr'><strong>se</strong></span> <span class='ocrx_word' id='word_1_202' title='bbox 1150 872 1262 905; x_wconf 79' lang='lat' dir='ltr'><strong>ferunt,</strong></span> <span class='ocrx_word' id='word_1_203' title='bbox 1287 881 1340 900; x_wconf 92' lang='lat' dir='ltr'><strong>non</strong></span> <span class='ocrx_word' id='word_1_204' title='bbox 1366 877 1394 900; x_wconf 91' lang='lat' dir='ltr'><strong>ut</strong></span> <span class='ocrx_word' id='word_1_205' title='bbox 1421 873 1475 900; x_wconf 92' lang='lat' dir='ltr'><strong>Deo</strong></span> <span class='ocrx_word' id='word_1_206' title='bbox 1505 881 1572 908; x_wconf 90' lang='lat' dir='ltr'><strong>pure</strong></span> <span class='ocrx_word' id='word_1_207' title='bbox 1599 874 1729 905; x_wconf 85' lang='lat' dir='ltr'><strong>serviant,</strong></span> <span class='ocrx_word' id='word_1_208' title='bbox 1750 874 1796 901; x_wconf 80' lang='lat' dir='ltr'><strong>sed</strong></span> 
     </span>
    </p>
   </div>
   <div class='ocr_carea' id='block_1_33' title="bbox 173 915 970 953">
    <p class='ocr_par' dir='ltr' id='par_1_33' title="bbox 173 915 959 953">
     <span class='ocr_line' id='line_1_33' title="bbox 173 915 959 953; baseline 0.004 -12"><span class='ocrx_word' id='word_1_209' title='bbox 173 915 216 942; x_wconf 67' lang='grc' dir='ltr'>ἵνα</span> <span class='ocrx_word' id='word_1_210' title='bbox 228 917 260 950; x_wconf 86' lang='grc' dir='ltr'>τῇ</span> <span class='ocrx_word' id='word_1_211' title='bbox 273 915 416 951; x_wconf 81' lang='grc' dir='ltr'><strong>σεμνότητι</strong></span> <span class='ocrx_word' id='word_1_212' title='bbox 427 916 473 943; x_wconf 80' lang='grc' dir='ltr'>τοῦ</span> <span class='ocrx_word' id='word_1_213' title='bbox 484 917 622 952; x_wconf 84' lang='grc' dir='ltr'>σχήματος</span> <span class='ocrx_word' id='word_1_214' title='bbox 634 916 712 949; x_wconf 83' lang='grc' dir='ltr'>δόξαν</span> <span class='ocrx_word' id='word_1_215' title='bbox 724 917 867 949; x_wconf 77' lang='grc' dir='ltr'>εὐλαϐείας</span> <span class='ocrx_word' id='word_1_216' title='bbox 876 927 959 953; x_wconf 86' lang='grc' dir='ltr'>προσ-</span> 
     </span>
    </p>
   </div>
   <div class='ocr_carea' id='block_1_34' title="bbox 1018 915 1795 953">
    <p class='ocr_par' dir='ltr' id='par_1_34' title="bbox 1018 918 1795 953">
     <span class='ocr_line' id='line_1_34' title="bbox 1018 918 1795 953; baseline 0.003 -9"><span class='ocrx_word' id='word_1_217' title='bbox 1018 923 1042 944; x_wconf 86' lang='lat' dir='ltr'><strong>ut</strong></span> <span class='ocrx_word' id='word_1_218' title='bbox 1063 922 1174 952; x_wconf 84' lang='lat' dir='ltr'><strong>propter</strong></span> <span class='ocrx_word' id='word_1_219' title='bbox 1192 918 1303 946; x_wconf 85' lang='lat' dir='ltr'><strong>habitus</strong></span> <span class='ocrx_word' id='word_1_220' title='bbox 1316 918 1497 950; x_wconf 82' lang='lat' dir='ltr'><strong>honestatem,</strong></span> <span class='ocrx_word' id='word_1_221' title='bbox 1514 919 1621 953; x_wconf 89' lang='lat' dir='ltr'><strong>pietatis</strong></span> <span class='ocrx_word' id='word_1_222' title='bbox 1641 920 1795 953; x_wconf 82' lang='lat' dir='ltr'><strong>opinionem</strong></span> 
     </span>
    </p>
   </div>
   <div class='ocr_carea' id='block_1_35' title="bbox 171 960 957 1000">
    <p class='ocr_par' dir='ltr' id='par_1_35' title="bbox 171 960 957 1000">
     <span class='ocr_line' id='line_1_35' title="bbox 171 960 957 1000; baseline 0.005 -13"><span class='ocrx_word' id='word_1_223' title='bbox 171 960 286 992; x_wconf 81' lang='grc' dir='ltr'>λάϐωσι,</span> <span class='ocrx_word' id='word_1_224' title='bbox 301 961 349 992; x_wconf 72' lang='grc' dir='ltr'>καὶ</span> <span class='ocrx_word' id='word_1_225' title='bbox 375 961 430 988; x_wconf 87' lang='grc' dir='ltr'>τῶν</span> <span class='ocrx_word' id='word_1_226' title='bbox 454 963 561 989; x_wconf 74' lang='grc' dir='ltr'>οἰκείων</span> <span class='ocrx_word' id='word_1_227' title='bbox 578 963 701 990; x_wconf 74' lang='grc' dir='ltr'>ἐντεῦθεν</span> <span class='ocrx_word' id='word_1_228' title='bbox 717 964 817 998; x_wconf 80' lang='grc' dir='ltr'><strong>ἡδονῶν</strong></span> <span class='ocrx_word' id='word_1_229' title='bbox 842 964 957 1000; x_wconf 77' lang='grc' dir='ltr'>ἄφθονον</span> 
     </span>
    </p>
   </div>
   <div class='ocr_carea' id='block_1_36' title="bbox 170 1007 959 1045">
    <p class='ocr_par' dir='ltr' id='par_1_36' title="bbox 170 1007 959 1045">
     <span class='ocr_line' id='line_1_36' title="bbox 170 1007 959 1045; baseline 0.005 -12"><span class='ocrx_word' id='word_1_230' title='bbox 170 1007 308 1042; x_wconf 76' lang='grc' dir='ltr'>εὑρήσωσι</span> <span class='ocrx_word' id='word_1_231' title='bbox 333 1008 385 1043; x_wconf 81' lang='grc' dir='ltr'>τὴν</span> <span class='ocrx_word' id='word_1_232' title='bbox 402 1008 567 1035; x_wconf 78' lang='grc' dir='ltr'><strong>ἀπόλαυσιν·</strong></span> <span class='ocrx_word' id='word_1_233' title='bbox 593 1009 646 1036; x_wconf 82' lang='grc' dir='ltr'>τῶν</span> <span class='ocrx_word' id='word_1_234' title='bbox 670 1010 770 1044; x_wconf 80' lang='grc' dir='ltr'>τριχῶν</span> <span class='ocrx_word' id='word_1_235' title='bbox 794 1011 846 1045; x_wconf 89' lang='grc' dir='ltr'><strong>γάρ</strong></span> <span class='ocrx_word' id='word_1_236' title='bbox 871 1011 959 1045; x_wconf 83' lang='grc' dir='ltr'>μόνων</span> 
     </span>
    </p>
   </div>
   <div class='ocr_carea' id='block_1_37' title="bbox 171 1053 958 1091">
    <p class='ocr_par' dir='ltr' id='par_1_37' title="bbox 171 1053 958 1091">
     <span class='ocr_line' id='line_1_37' title="bbox 171 1053 958 1091; baseline 0.004 -12"><span class='ocrx_word' id='word_1_237' title='bbox 171 1053 221 1088; x_wconf 82' lang='grc' dir='ltr'>τὴν</span> <span class='ocrx_word' id='word_1_238' title='bbox 234 1053 368 1089; x_wconf 79' lang='grc' dir='ltr'>ἀποὸολὴν</span> <span class='ocrx_word' id='word_1_239' title='bbox 381 1054 546 1089; x_wconf 70' lang='grc' dir='ltr'>ποιούμενοι,</span> <span class='ocrx_word' id='word_1_240' title='bbox 559 1055 588 1082; x_wconf 78' lang='grc' dir='ltr'>ἐν</span> <span class='ocrx_word' id='word_1_241' title='bbox 598 1056 654 1086; x_wconf 88' lang='grc' dir='ltr'>τοῖς</span> <span class='ocrx_word' id='word_1_242' title='bbox 668 1056 778 1087; x_wconf 80' lang='grc' dir='ltr'>οἰκείοις</span> <span class='ocrx_word' id='word_1_243' title='bbox 792 1056 875 1086; x_wconf 83' lang='grc' dir='ltr'>οἴκοις</span> <span class='ocrx_word' id='word_1_244' title='bbox 887 1065 958 1091; x_wconf 88' lang='grc' dir='ltr'>παρ-</span> 
     </span>
    </p>
   </div>
   <div class='ocr_carea' id='block_1_38' title="bbox 172 1099 959 1137">
    <p class='ocr_par' dir='ltr' id='par_1_38' title="bbox 172 1099 959 1137">
     <span class='ocr_line' id='line_1_38' title="bbox 172 1099 959 1137; baseline 0.005 -12"><span class='ocrx_word' id='word_1_245' title='bbox 172 1099 321 1133; x_wconf 80' lang='grc' dir='ltr'>εδρεύουσι,</span> <span class='ocrx_word' id='word_1_246' title='bbox 346 1100 480 1136; x_wconf 82' lang='grc' dir='ltr'>μηδεμίαν</span> <span class='ocrx_word' id='word_1_247' title='bbox 505 1101 559 1128; x_wconf 80' lang='grc' dir='ltr'><strong>τῶν</strong></span> <span class='ocrx_word' id='word_1_248' title='bbox 585 1101 711 1136; x_wconf 87' lang='grc' dir='ltr'>μοναχῶν</span> <span class='ocrx_word' id='word_1_249' title='bbox 737 1102 959 1137; x_wconf 85' lang='grc' dir='ltr'>ἀποπληροῦντες</span> 
     </span>
    </p>
   </div>
   <div class='ocr_carea' id='block_1_39' title="bbox 171 1144 957 1182">
    <p class='ocr_par' dir='ltr' id='par_1_39' title="bbox 171 1144 957 1182">
     <span class='ocr_line' id='line_1_39' title="bbox 171 1144 957 1182; baseline 0.006 -12"><span class='ocrx_word' id='word_1_250' title='bbox 171 1144 333 1171; x_wconf 84' lang='grc' dir='ltr'>ἀκολουθίαν</span> <span class='ocrx_word' id='word_1_251' title='bbox 356 1145 372 1179; x_wconf 86' lang='grc' dir='ltr'>ἢ</span> <span class='ocrx_word' id='word_1_252' title='bbox 398 1145 581 1172; x_wconf 84' lang='grc' dir='ltr'>κατάστασιν·</span> <span class='ocrx_word' id='word_1_253' title='bbox 601 1147 699 1182; x_wconf 77' lang='grc' dir='ltr'>ὥρισεν</span> <span class='ocrx_word' id='word_1_254' title='bbox 715 1148 730 1182; x_wconf 82' lang='grc' dir='ltr'>ὴ</span> <span class='ocrx_word' id='word_1_255' title='bbox 748 1148 813 1182; x_wconf 83' lang='grc' dir='ltr'>ἁγία</span> <span class='ocrx_word' id='word_1_256' title='bbox 840 1149 957 1181; x_wconf 79' lang='grc' dir='ltr'>σύνοδος,</span> 
     </span>
    </p>
   </div>
   <div class='ocr_carea' id='block_1_40' title="bbox 173 1191 958 1228">
    <p class='ocr_par' dir='ltr' id='par_1_40' title="bbox 173 1191 958 1228">
     <span class='ocr_line' id='line_1_40' title="bbox 173 1191 958 1228; baseline 0.005 -12"><span class='ocrx_word' id='word_1_257' title='bbox 173 1191 276 1226; x_wconf 77' lang='grc' dir='ltr'>μηδένα</span> <span class='ocrx_word' id='word_1_258' title='bbox 286 1191 341 1218; x_wconf 81' lang='grc' dir='ltr'><strong>τῶν</strong></span> <span class='ocrx_word' id='word_1_259' title='bbox 352 1192 478 1218; x_wconf 77' lang='grc' dir='ltr'>ἁπάντων</span> <span class='ocrx_word' id='word_1_260' title='bbox 490 1191 534 1218; x_wconf 74' lang='grc' dir='ltr'>τοῦ</span> <span class='ocrx_word' id='word_1_261' title='bbox 548 1192 694 1227; x_wconf 81' lang='grc' dir='ltr'>μοναχικοῦ</span> <span class='ocrx_word' id='word_1_262' title='bbox 707 1194 845 1228; x_wconf 84' lang='grc' dir='ltr'>σχήματος</span> <span class='ocrx_word' id='word_1_263' title='bbox 856 1194 958 1227; x_wconf 78' lang='grc' dir='ltr'>ἀξιοῦν,</span> 
     </span>
    </p>
   </div>
   <div class='ocr_carea' id='block_1_41' title="bbox 170 1236 959 1274">
    <p class='ocr_par' dir='ltr' id='par_1_41' title="bbox 170 1236 959 1274">
     <span class='ocr_line' id='line_1_41' title="bbox 170 1236 959 1274; baseline 0.005 -12"><span class='ocrx_word' id='word_1_264' title='bbox 170 1236 236 1263; x_wconf 76' lang='grc' dir='ltr'>ἄνευ</span> <span class='ocrx_word' id='word_1_265' title='bbox 253 1237 403 1272; x_wconf 79' lang='grc' dir='ltr'>παρουσίας</span> <span class='ocrx_word' id='word_1_266' title='bbox 426 1237 472 1264; x_wconf 81' lang='grc' dir='ltr'>τοῦ</span> <span class='ocrx_word' id='word_1_267' title='bbox 499 1238 651 1272; x_wconf 68' lang='grc' dir='ltr'>ὀφείλοντος</span> <span class='ocrx_word' id='word_1_268' title='bbox 666 1239 747 1266; x_wconf 76' lang='grc' dir='ltr'>αὑτὸν</span> <span class='ocrx_word' id='word_1_269' title='bbox 766 1240 804 1270; x_wconf 86' lang='grc' dir='ltr'>εὶς</span> <span class='ocrx_word' id='word_1_270' title='bbox 821 1239 959 1274; x_wconf 83' lang='grc' dir='ltr'>ὑποταγὴν</span> 
     </span>
    </p>
   </div>
   <div class='ocr_carea' id='block_1_42' title="bbox 174 1280 959 1318">
    <p class='ocr_par' dir='ltr' id='par_1_42' title="bbox 174 1280 959 1318">
     <span class='ocr_line' id='line_1_42' title="bbox 174 1280 959 1318; baseline 0.005 -12"><span class='ocrx_word' id='word_1_271' title='bbox 174 1280 364 1316; x_wconf 78' lang='grc' dir='ltr'>ἀναδέχεσθαι.</span> <span class='ocrx_word' id='word_1_272' title='bbox 381 1284 426 1308; x_wconf 70' lang='grc' dir='ltr'><strong>καὶ</strong></span> <span class='ocrx_word' id='word_1_273' title='bbox 452 1281 501 1317; x_wconf 83' lang='grc' dir='ltr'>τὴν</span> <span class='ocrx_word' id='word_1_274' title='bbox 525 1283 568 1308; x_wconf 79' lang='grc' dir='ltr'><strong>ἐπ’</strong></span> <span class='ocrx_word' id='word_1_275' title='bbox 583 1282 657 1317; x_wconf 77' lang='grc' dir='ltr'>αὐτῷ</span> <span class='ocrx_word' id='word_1_276' title='bbox 671 1283 818 1318; x_wconf 81' lang='grc' dir='ltr'>ἠγεμονίαν</span> <span class='ocrx_word' id='word_1_277' title='bbox 840 1284 886 1310; x_wconf 73' lang='grc' dir='ltr'>καὶ</span> <span class='ocrx_word' id='word_1_278' title='bbox 909 1284 959 1318; x_wconf 85' lang='grc' dir='ltr'>τῆς</span> 
     </span>
    </p>
   </div>
   <div class='ocr_carea' id='block_1_43' title="bbox 171 1326 959 1364">
    <p class='ocr_par' dir='ltr' id='par_1_43' title="bbox 171 1326 959 1364">
     <span class='ocr_line' id='line_1_43' title="bbox 171 1326 959 1364; baseline 0.005 -12"><span class='ocrx_word' id='word_1_279' title='bbox 171 1326 293 1361; x_wconf 81' lang='grc' dir='ltr'>ψυχικῆς</span> <span class='ocrx_word' id='word_1_280' title='bbox 316 1327 396 1354; x_wconf 81' lang='grc' dir='ltr'>αὑτοῦ</span> <span class='ocrx_word' id='word_1_281' title='bbox 420 1329 558 1362; x_wconf 83' lang='grc' dir='ltr'>σωτηρίας</span> <span class='ocrx_word' id='word_1_282' title='bbox 573 1328 622 1364; x_wconf 85' lang='grc' dir='ltr'>τὴν</span> <span class='ocrx_word' id='word_1_283' title='bbox 639 1329 766 1364; x_wconf 82' lang='grc' dir='ltr'>πρόνοιαν</span> <span class='ocrx_word' id='word_1_284' title='bbox 792 1329 959 1363; x_wconf 78' lang='grc' dir='ltr'>ἐπαγγέλλε-</span> 
     </span>
    </p>
   </div>
   <div class='ocr_carea' id='block_1_44' title="bbox 173 1371 960 1410">
    <p class='ocr_par' dir='ltr' id='par_1_44' title="bbox 173 1371 960 1410">
     <span class='ocr_line' id='line_1_44' title="bbox 173 1371 960 1410; baseline 0.005 -12"><span class='ocrx_word' id='word_1_285' title='bbox 173 1371 247 1404; x_wconf 86' lang='grc' dir='ltr'>σθαι,</span> <span class='ocrx_word' id='word_1_286' title='bbox 265 1372 360 1407; x_wconf 85' lang='grc' dir='ltr'>ἀνδρὺς</span> <span class='ocrx_word' id='word_1_287' title='bbox 385 1373 505 1408; x_wconf 77' lang='grc' dir='ltr'>δηλονότι</span> <span class='ocrx_word' id='word_1_288' title='bbox 532 1373 673 1408; x_wconf 76' lang='grc' dir='ltr'>θεοφιλοῦς</span> <span class='ocrx_word' id='word_1_289' title='bbox 700 1374 786 1408; x_wconf 76' lang='grc' dir='ltr'>ὄντος,</span> <span class='ocrx_word' id='word_1_290' title='bbox 801 1375 849 1402; x_wconf 79' lang='grc' dir='ltr'>καὶ</span> <span class='ocrx_word' id='word_1_291' title='bbox 877 1376 960 1410; x_wconf 80' lang='grc' dir='ltr'>μονῆς</span> 
     </span>
    </p>
   </div>
   <div class='ocr_carea' id='block_1_45' title="bbox 172 1418 961 1456">
    <p class='ocr_par' dir='ltr' id='par_1_45' title="bbox 172 1418 961 1456">
     <span class='ocr_line' id='line_1_45' title="bbox 172 1418 961 1456; baseline 0.005 -12"><span class='ocrx_word' id='word_1_292' title='bbox 172 1418 382 1452; x_wconf 82' lang='grc' dir='ltr'>προεστηκότος,</span> <span class='ocrx_word' id='word_1_293' title='bbox 399 1418 446 1445; x_wconf 77' lang='grc' dir='ltr'>καὶ</span> <span class='ocrx_word' id='word_1_294' title='bbox 472 1418 563 1445; x_wconf 81' lang='grc' dir='ltr'>ἱκανοῦ</span> <span class='ocrx_word' id='word_1_295' title='bbox 589 1419 685 1451; x_wconf 76' lang='grc' dir='ltr'>σώζειν</span> <span class='ocrx_word' id='word_1_296' title='bbox 704 1419 791 1455; x_wconf 73' lang='grc' dir='ltr'>ψυχὴν</span> <span class='ocrx_word' id='word_1_297' title='bbox 807 1421 907 1456; x_wconf 83' lang='grc' dir='ltr'>ἀρτίως</span> <span class='ocrx_word' id='word_1_298' title='bbox 922 1421 961 1456; x_wconf 86' lang='grc' dir='ltr'>τῷ</span> 
     </span>
    </p>
   </div>
   <div class='ocr_carea' id='block_1_46' title="bbox 173 1463 959 1502">
    <p class='ocr_par' dir='ltr' id='par_1_46' title="bbox 173 1463 959 1502">
     <span class='ocr_line' id='line_1_46' title="bbox 173 1463 959 1502; baseline 0.006 -13"><span class='ocrx_word' id='word_1_299' title='bbox 173 1463 285 1499; x_wconf 77' lang='grc' dir='ltr'>Χριστῷ</span> <span class='ocrx_word' id='word_1_300' title='bbox 302 1465 511 1500; x_wconf 81' lang='grc' dir='ltr'>προσαγομένην</span> <span class='ocrx_word' id='word_1_301' title='bbox 521 1473 527 1480; x_wconf 68' lang='grc'><strong><em>⁸</em></strong></span> <span class='ocrx_word' id='word_1_302' title='bbox 544 1466 568 1491; x_wconf 87' lang='grc' dir='ltr'><strong>εί</strong></span> <span class='ocrx_word' id='word_1_303' title='bbox 583 1465 611 1492; x_wconf 82' lang='grc' dir='ltr'><em>δέ</em></span> <span class='ocrx_word' id='word_1_304' title='bbox 623 1474 665 1496; x_wconf 86' lang='grc' dir='ltr'><strong>τις</strong></span> <span class='ocrx_word' id='word_1_305' title='bbox 680 1466 818 1502; x_wconf 78' lang='grc' dir='ltr'>φωραθείη</span> <span class='ocrx_word' id='word_1_306' title='bbox 842 1468 959 1494; x_wconf 81' lang='grc' dir='ltr'>ἀποκου-</span> 
     </span>
    </p>
   </div>
   <div class='ocr_carea' id='block_1_47' title="bbox 174 1509 962 1546">
    <p class='ocr_par' dir='ltr' id='par_1_47' title="bbox 174 1509 962 1546">
     <span class='ocr_line' id='line_1_47' title="bbox 174 1509 962 1546; baseline 0.005 -11"><span class='ocrx_word' id='word_1_307' title='bbox 174 1509 262 1542; x_wconf 80' lang='grc' dir='ltr'>ρεύων</span> <span class='ocrx_word' id='word_1_308' title='bbox 274 1509 334 1537; x_wconf 83' lang='grc' dir='ltr'>τινὰ</span> <span class='ocrx_word' id='word_1_309' title='bbox 349 1510 431 1545; x_wconf 64' lang='grc' dir='ltr'>χωρὶς</span> <span class='ocrx_word' id='word_1_310' title='bbox 446 1512 594 1546; x_wconf 80' lang='grc' dir='ltr'>παρουσίας</span> <span class='ocrx_word' id='word_1_311' title='bbox 608 1511 655 1537; x_wconf 83' lang='grc' dir='ltr'>τοῦ</span> <span class='ocrx_word' id='word_1_312' title='bbox 674 1513 713 1543; x_wconf 81' lang='grc' dir='ltr'><strong>εἰς</strong></span> <span class='ocrx_word' id='word_1_313' title='bbox 727 1513 867 1546; x_wconf 78' lang='grc' dir='ltr'>ὑποταγὴν</span> <span class='ocrx_word' id='word_1_314' title='bbox 882 1513 962 1540; x_wconf 76' lang='grc' dir='ltr'>αὑτὸν</span> 
     </span>
    </p>
   </div>
   <div class='ocr_carea' id='block_1_48' title="bbox 174 1555 963 1593">
    <p class='ocr_par' dir='ltr' id='par_1_48' title="bbox 174 1555 963 1593">
     <span class='ocr_line' id='line_1_48' title="bbox 174 1555 963 1593; baseline 0.005 -12"><span class='ocrx_word' id='word_1_315' title='bbox 174 1555 327 1588; x_wconf 57' lang='grc' dir='ltr'>ὀρείλοντος</span> <span class='ocrx_word' id='word_1_316' title='bbox 340 1556 541 1591; x_wconf 73' lang='grc' dir='ltr'>ἀναλαμϐάνειν</span> <span class='ocrx_word' id='word_1_317' title='bbox 553 1558 715 1592; x_wconf 82' lang='grc' dir='ltr'>ἡγουμένου,</span> <span class='ocrx_word' id='word_1_318' title='bbox 731 1558 826 1585; x_wconf 79' lang='grc' dir='ltr'>τοῦτον</span> <span class='ocrx_word' id='word_1_319' title='bbox 838 1560 886 1593; x_wconf 85' lang='grc' dir='ltr'>μὲν</span> <span class='ocrx_word' id='word_1_320' title='bbox 897 1559 963 1585; x_wconf 86' lang='grc' dir='ltr'>καθ-</span> 
     </span>
    </p>
   </div>
   <div class='ocr_carea' id='block_1_49' title="bbox 175 1601 959 1637">
    <p class='ocr_par' dir='ltr' id='par_1_49' title="bbox 175 1601 959 1637">
     <span class='ocr_line' id='line_1_49' title="bbox 175 1601 959 1637; baseline 0.005 -10"><span class='ocrx_word' id='word_1_321' title='bbox 175 1601 280 1637; x_wconf 79' lang='grc' dir='ltr'>αιρέσει</span> <span class='ocrx_word' id='word_1_322' title='bbox 295 1602 555 1635; x_wconf 76' lang='grc' dir='ltr'>καθυποϐἀλλεσθαι,</span> <span class='ocrx_word' id='word_1_323' title='bbox 568 1603 604 1635; x_wconf 82' lang='grc' dir='ltr'>ὡς</span> <span class='ocrx_word' id='word_1_324' title='bbox 616 1603 778 1630; x_wconf 77' lang='grc' dir='ltr'>ἀπειθοῦντα</span> <span class='ocrx_word' id='word_1_325' title='bbox 790 1605 845 1636; x_wconf 83' lang='grc' dir='ltr'>τοῖς</span> <span class='ocrx_word' id='word_1_326' title='bbox 857 1604 959 1637; x_wconf 77' lang='grc' dir='ltr'>κανόσι,</span> 
     </span>
    </p>
   </div>
   <div class='ocr_carea' id='block_1_50' title="bbox 175 1648 962 1685">
    <p class='ocr_par' dir='ltr' id='par_1_50' title="bbox 175 1648 962 1685">
     <span class='ocr_line' id='line_1_50' title="bbox 175 1648 962 1685; baseline 0.004 -11"><span class='ocrx_word' id='word_1_327' title='bbox 175 1648 223 1674; x_wconf 76' lang='grc' dir='ltr'><strong>καὶ</strong></span> <span class='ocrx_word' id='word_1_328' title='bbox 239 1648 288 1682; x_wconf 85' lang='grc' dir='ltr'><strong>τὴν</strong></span> <span class='ocrx_word' id='word_1_329' title='bbox 304 1648 453 1684; x_wconf 79' lang='grc' dir='ltr'>μοναχικὴν</span> <span class='ocrx_word' id='word_1_330' title='bbox 464 1648 589 1681; x_wconf 72' lang='grc' dir='ltr'>εὐταξίαν</span> <span class='ocrx_word' id='word_1_331' title='bbox 602 1649 744 1677; x_wconf 82' lang='grc' dir='ltr'>διαλύοντα</span> <span class='ocrx_word' id='word_1_332' title='bbox 756 1659 762 1666; x_wconf 91' lang='grc'>·</span> <span class='ocrx_word' id='word_1_333' title='bbox 775 1650 821 1677; x_wconf 74' lang='grc' dir='ltr'><strong>τὸν</strong></span> <span class='ocrx_word' id='word_1_334' title='bbox 833 1651 860 1677; x_wconf 83' lang='grc' dir='ltr'><strong>δὲ</strong></span> <span class='ocrx_word' id='word_1_335' title='bbox 873 1659 962 1685; x_wconf 87' lang='grc' dir='ltr'>παρα-</span> 
     </span>
    </p>
   </div>
   <div class='ocr_carea' id='block_1_51' title="bbox 175 1692 964 1729">
    <p class='ocr_par' dir='ltr' id='par_1_51' title="bbox 175 1692 964 1729">
     <span class='ocr_line' id='line_1_51' title="bbox 175 1692 964 1729; baseline 0.001 -11"><span class='ocrx_word' id='word_1_336' title='bbox 175 1692 263 1726; x_wconf 82' lang='grc' dir='ltr'>λόγως</span> <span class='ocrx_word' id='word_1_337' title='bbox 277 1693 323 1719; x_wconf 80' lang='grc' dir='ltr'>καὶ</span> <span class='ocrx_word' id='word_1_338' title='bbox 338 1693 462 1724; x_wconf 84' lang='grc' dir='ltr'>ἀτάκτως</span> <span class='ocrx_word' id='word_1_339' title='bbox 476 1694 722 1729; x_wconf 82' lang='grc' dir='ltr'>ἀπυκουρευθέντα,</span> <span class='ocrx_word' id='word_1_340' title='bbox 739 1695 767 1721; x_wconf 84' lang='grc' dir='ltr'>ὲν</span> <span class='ocrx_word' id='word_1_341' title='bbox 782 1695 904 1729; x_wconf 82' lang='grc' dir='ltr'>ὑποταγῇ</span> <span class='ocrx_word' id='word_1_342' title='bbox 917 1694 964 1721; x_wconf 67' lang='grc' dir='ltr'><strong>καὶ</strong></span> 
     </span>
    </p>
   </div>
   <div class='ocr_carea' id='block_1_52' title="bbox 176 1735 963 1773">
    <p class='ocr_par' dir='ltr' id='par_1_52' title="bbox 176 1735 963 1773">
     <span class='ocr_line' id='line_1_52' title="bbox 176 1735 963 1773; baseline 0.003 -9"><span class='ocrx_word' id='word_1_343' title='bbox 176 1738 361 1773; x_wconf 78' lang='grc' dir='ltr'>μοναστηρίῳ,</span> <span class='ocrx_word' id='word_1_344' title='bbox 375 1739 405 1765; x_wconf 83' lang='grc' dir='ltr'>ὲν</span> <span class='ocrx_word' id='word_1_345' title='bbox 420 1735 442 1771; x_wconf 84' lang='grc' dir='ltr'>ᾦ</span> <span class='ocrx_word' id='word_1_346' title='bbox 456 1739 488 1765; x_wconf 86' lang='grc' dir='ltr'>ἂν</span> <span class='ocrx_word' id='word_1_347' title='bbox 503 1740 516 1765; x_wconf 84' lang='grc' dir='ltr'>ὁ</span> <span class='ocrx_word' id='word_1_348' title='bbox 527 1740 596 1766; x_wconf 83' lang='grc' dir='ltr'>κατὰ</span> <span class='ocrx_word' id='word_1_349' title='bbox 611 1739 657 1766; x_wconf 81' lang='grc' dir='ltr'><strong>τὸν</strong></span> <span class='ocrx_word' id='word_1_350' title='bbox 669 1740 750 1766; x_wconf 84' lang='grc' dir='ltr'>τόπον</span> <span class='ocrx_word' id='word_1_351' title='bbox 762 1740 909 1771; x_wconf 70' lang='grc' dir='ltr'>ἐπίσκοπος</span> <span class='ocrx_word' id='word_1_352' title='bbox 920 1739 963 1766; x_wconf 85' lang='grc' dir='ltr'>δο-</span> 
     </span>
    </p>
   </div>
   <div class='ocr_carea' id='block_1_53' title="bbox 177 1783 964 1820">
    <p class='ocr_par' dir='ltr' id='par_1_53' title="bbox 177 1783 964 1820">
     <span class='ocr_line' id='line_1_53' title="bbox 177 1783 964 1820; baseline 0.003 -12"><span class='ocrx_word' id='word_1_353' title='bbox 177 1783 292 1819; x_wconf 81' lang='grc' dir='ltr'>κιμάσῃ,</span> <span class='ocrx_word' id='word_1_354' title='bbox 310 1783 518 1818; x_wconf 74' lang='grc' dir='ltr'>παραδίδοσθαι·</span> <span class='ocrx_word' id='word_1_355' title='bbox 535 1784 564 1810; x_wconf 77' lang='lat' dir='ltr'><strong>at</strong></span> <span class='ocrx_word' id='word_1_356' title='bbox 579 1784 633 1819; x_wconf 83' lang='grc' dir='ltr'>γὰρ</span> <span class='ocrx_word' id='word_1_357' title='bbox 647 1784 753 1820; x_wconf 83' lang='grc' dir='ltr'>ἀκριτοι</span> <span class='ocrx_word' id='word_1_358' title='bbox 776 1784 822 1811; x_wconf 67' lang='grc' dir='ltr'>καὶ</span> <span class='ocrx_word' id='word_1_359' title='bbox 848 1785 964 1819; x_wconf 76' lang='grc' dir='ltr'>ἑπισφα-</span> 
     </span>
    </p>
   </div>
   <div class='ocr_carea' id='block_1_54' title="bbox 176 1828 962 1865">
    <p class='ocr_par' dir='ltr' id='par_1_54' title="bbox 176 1828 962 1865">
     <span class='ocr_line' id='line_1_54' title="bbox 176 1828 962 1865; baseline 0.003 -11"><span class='ocrx_word' id='word_1_360' title='bbox 176 1828 231 1860; x_wconf 80' lang='grc' dir='ltr'>λεῖς</span> <span class='ocrx_word' id='word_1_361' title='bbox 246 1829 397 1864; x_wconf 80' lang='grc' dir='ltr'>ἀποκουραὶ</span> <span class='ocrx_word' id='word_1_362' title='bbox 407 1848 415 1860; x_wconf 82' lang='lat'><strong>,</strong></span> <span class='ocrx_word' id='word_1_363' title='bbox 433 1829 480 1855; x_wconf 78' lang='grc' dir='ltr'>καὶ</span> <span class='ocrx_word' id='word_1_364' title='bbox 494 1829 523 1855; x_wconf 87' lang='grc' dir='ltr'>τὸ</span> <span class='ocrx_word' id='word_1_365' title='bbox 540 1830 685 1865; x_wconf 75' lang='grc' dir='ltr'>μοναχικὸν</span> <span class='ocrx_word' id='word_1_366' title='bbox 700 1830 791 1865; x_wconf 86' lang='grc' dir='ltr'>σχῆμα</span> <span class='ocrx_word' id='word_1_367' title='bbox 810 1831 962 1865; x_wconf 77' lang='grc' dir='ltr'>ἠτίμωσαν,</span> 
     </span>
    </p>
   </div>
   <div class='ocr_carea' id='block_1_55' title="bbox 177 1874 963 1911">
    <p class='ocr_par' dir='ltr' id='par_1_55' title="bbox 177 1874 963 1911">
     <span class='ocr_line' id='line_1_55' title="bbox 177 1874 963 1911; baseline 0.003 -11"><span class='ocrx_word' id='word_1_368' title='bbox 177 1874 225 1900; x_wconf 83' lang='grc' dir='ltr'>καὶ</span> <span class='ocrx_word' id='word_1_369' title='bbox 239 1874 269 1900; x_wconf 80' lang='grc' dir='ltr'>τὸ</span> <span class='ocrx_word' id='word_1_370' title='bbox 283 1874 329 1900; x_wconf 87' lang='grc' dir='ltr'>τοῦ</span> <span class='ocrx_word' id='word_1_371' title='bbox 343 1874 461 1910; x_wconf 83' lang='grc' dir='ltr'>Χριστοῦ</span> <span class='ocrx_word' id='word_1_372' title='bbox 477 1874 561 1910; x_wconf 80' lang='grc' dir='ltr'>όνομα</span> <span class='ocrx_word' id='word_1_373' title='bbox 575 1874 794 1911; x_wconf 80' lang='grc' dir='ltr'>βλασφημεῖσθαι</span> <span class='ocrx_word' id='word_1_374' title='bbox 811 1875 963 1911; x_wconf 85' lang='grc' dir='ltr'>πεποιήκα-</span> 
     </span>
    </p>
   </div>
   <div class='ocr_carea' id='block_1_56' title="bbox 178 1927 232 1946">
    <p class='ocr_par' dir='ltr' id='par_1_56' title="bbox 178 1927 232 1946">
     <span class='ocr_line' id='line_1_56' title="bbox 178 1927 232 1946; baseline 0.019 -1"><span class='ocrx_word' id='word_1_375' title='bbox 178 1927 232 1946; x_wconf 85' lang='grc' dir='ltr'>σιν.</span> 
     </span>
    </p>
   </div>
   <div class='ocr_carea' id='block_1_57' title="bbox 213 2011 965 2048">
    <p class='ocr_par' dir='ltr' id='par_1_57' title="bbox 213 2011 965 2048">
     <span class='ocr_line' id='line_1_57' title="bbox 213 2011 965 2048; baseline -0.001 -9"><span class='ocrx_word' id='word_1_376' title='bbox 213 2012 251 2046; x_wconf 81' lang='grc' dir='ltr'><strong>γ’.</strong></span> <span class='ocrx_word' id='word_1_377' title='bbox 273 2011 330 2039; x_wconf 87' lang='grc' dir='ltr'><strong>Καὶ</strong></span> <span class='ocrx_word' id='word_1_378' title='bbox 351 2011 431 2039; x_wconf 79' lang='grc' dir='ltr'>τοῦτο</span> <span class='ocrx_word' id='word_1_379' title='bbox 449 2012 544 2044; x_wconf 86' lang='grc' dir='ltr'>κακῶς</span> <span class='ocrx_word' id='word_1_380' title='bbox 560 2012 754 2048; x_wconf 83' lang='grc' dir='ltr'>πραττόμενον,</span> <span class='ocrx_word' id='word_1_381' title='bbox 770 2012 840 2039; x_wconf 85' lang='grc' dir='ltr'><strong>κατά</strong></span> <span class='ocrx_word' id='word_1_382' title='bbox 855 2013 921 2038; x_wconf 79' lang='grc' dir='ltr'>πολὺ</span> <span class='ocrx_word' id='word_1_383' title='bbox 938 2012 965 2038; x_wconf 80' lang='grc' dir='ltr'><strong>δὲ</strong></span> 
     </span>
    </p>
   </div>
   <div class='ocr_carea' id='block_1_58' title="bbox 177 2058 964 2094">
    <p class='ocr_par' dir='ltr' id='par_1_58' title="bbox 177 2058 964 2094">
     <span class='ocr_line' id='line_1_58' title="bbox 177 2058 964 2094; baseline 0 -10"><span class='ocrx_word' id='word_1_384' title='bbox 177 2059 268 2093; x_wconf 85' lang='grc' dir='ltr'>χεῖρον</span> <span class='ocrx_word' id='word_1_385' title='bbox 287 2058 439 2093; x_wconf 85' lang='grc' dir='ltr'>παροράσει</span> <span class='ocrx_word' id='word_1_386' title='bbox 451 2059 499 2085; x_wconf 75' lang='grc' dir='ltr'>καὶ</span> <span class='ocrx_word' id='word_1_387' title='bbox 514 2058 628 2094; x_wconf 75' lang='grc' dir='ltr'>ἀμελείᾳ</span> <span class='ocrx_word' id='word_1_388' title='bbox 643 2058 905 2093; x_wconf 83' lang='grc' dir='ltr'>παραπεμπόμενον,</span> <span class='ocrx_word' id='word_1_389' title='bbox 917 2067 964 2084; x_wconf 88' lang='grc' dir='ltr'>τυ-</span> 
     </span>
    </p>
   </div>
   <div class='ocr_carea' id='block_1_59' title="bbox 177 2102 966 2139">
    <p class='ocr_par' dir='ltr' id='par_1_59' title="bbox 177 2102 966 2139">
     <span class='ocr_line' id='line_1_59' title="bbox 177 2102 966 2139; baseline 0.001 -10"><span class='ocrx_word' id='word_1_390' title='bbox 177 2104 236 2138; x_wconf 78' lang='grc' dir='ltr'>χεῖν</span> <span class='ocrx_word' id='word_1_391' title='bbox 248 2103 343 2138; x_wconf 73' lang='grc' dir='ltr'>ἐκρίθη</span> <span class='ocrx_word' id='word_1_392' title='bbox 359 2102 545 2139; x_wconf 81' lang='grc' dir='ltr'>διορθώσεως·</span> <span class='ocrx_word' id='word_1_393' title='bbox 562 2103 605 2130; x_wconf 74' lang='grc' dir='ltr'>ἵνα</span> <span class='ocrx_word' id='word_1_394' title='bbox 628 2102 655 2130; x_wconf 79' lang='grc' dir='ltr'>εἴ</span> <span class='ocrx_word' id='word_1_395' title='bbox 676 2111 717 2135; x_wconf 88' lang='grc' dir='ltr'><strong>τις</strong></span> <span class='ocrx_word' id='word_1_396' title='bbox 734 2103 817 2138; x_wconf 84' lang='grc' dir='ltr'>μονῆς</span> <span class='ocrx_word' id='word_1_397' title='bbox 834 2103 966 2138; x_wconf 79' lang='grc' dir='ltr'>προϊστά-</span> 
     </span>
    </p>
   </div>
   <div class='ocr_carea' id='block_1_60' title="bbox 179 2147 967 2183">
    <p class='ocr_par' dir='ltr' id='par_1_60' title="bbox 179 2147 967 2183">
     <span class='ocr_line' id='line_1_60' title="bbox 179 2147 967 2183; baseline 0 -9"><span class='ocrx_word' id='word_1_398' title='bbox 179 2156 271 2183; x_wconf 82' lang='grc' dir='ltr'>μενος,</span> <span class='ocrx_word' id='word_1_399' title='bbox 286 2148 349 2180; x_wconf 81' lang='grc' dir='ltr'>τοὺς</span> <span class='ocrx_word' id='word_1_400' title='bbox 363 2148 408 2175; x_wconf 82' lang='grc' dir='ltr'><strong>ὑπ’</strong></span> <span class='ocrx_word' id='word_1_401' title='bbox 424 2147 497 2183; x_wconf 87' lang='grc' dir='ltr'><strong>αὑτῷ</strong></span> <span class='ocrx_word' id='word_1_402' title='bbox 511 2149 692 2182; x_wconf 84' lang='grc' dir='ltr'>τεταγμένους</span> <span class='ocrx_word' id='word_1_403' title='bbox 717 2148 848 2183; x_wconf 81' lang='grc' dir='ltr'>μοναχοὺς</span> <span class='ocrx_word' id='word_1_404' title='bbox 874 2147 967 2174; x_wconf 86' lang='grc' dir='ltr'>ἀποδι-</span> 
     </span>
    </p>
   </div>
   <div class='ocr_carea' id='block_1_61' title="bbox 178 2192 967 2229">
    <p class='ocr_par' dir='ltr' id='par_1_61' title="bbox 178 2192 967 2229">
     <span class='ocr_line' id='line_1_61' title="bbox 178 2192 967 2229; baseline 0.001 -10"><span class='ocrx_word' id='word_1_405' title='bbox 178 2192 363 2228; x_wconf 80' lang='grc' dir='ltr'>δράσκοντας,</span> <span class='ocrx_word' id='word_1_406' title='bbox 380 2194 411 2220; x_wconf 83' lang='grc' dir='ltr'>οὐ</span> <span class='ocrx_word' id='word_1_407' title='bbox 428 2193 498 2228; x_wconf 84' lang='grc' dir='ltr'><strong>μετά</strong></span> <span class='ocrx_word' id='word_1_408' title='bbox 515 2194 615 2229; x_wconf 81' lang='grc' dir='ltr'>πολλῆς</span> <span class='ocrx_word' id='word_1_409' title='bbox 628 2195 677 2228; x_wconf 86' lang='grc' dir='ltr'>τῆς</span> <span class='ocrx_word' id='word_1_410' title='bbox 691 2193 848 2228; x_wconf 79' lang='grc' dir='ltr'>ἐπιμελείας</span> <span class='ocrx_word' id='word_1_411' title='bbox 866 2193 967 2227; x_wconf 78' lang='grc' dir='ltr'>ἀναζη-</span> 
     </span>
    </p>
   </div>
   <div class='ocr_carea' id='block_1_62' title="bbox 1014 965 1798 1000">
    <p class='ocr_par' dir='ltr' id='par_1_62' title="bbox 1014 965 1798 1000">
     <span class='ocr_line' id='line_1_62' title="bbox 1014 965 1798 1000; baseline 0.003 -10"><span class='ocrx_word' id='word_1_412' title='bbox 1014 968 1229 999; x_wconf 72' lang='lat' dir='ltr'><strong>consequantur,</strong></span> <span class='ocrx_word' id='word_1_413' title='bbox 1250 969 1277 991; x_wconf 87' lang='lat' dir='ltr'><strong>et</strong></span> <span class='ocrx_word' id='word_1_414' title='bbox 1291 971 1322 991; x_wconf 83' lang='lat' dir='ltr'><strong>ea</strong></span> <span class='ocrx_word' id='word_1_415' title='bbox 1340 965 1444 992; x_wconf 84' lang='lat' dir='ltr'><strong>ratione</strong></span> <span class='ocrx_word' id='word_1_416' title='bbox 1468 965 1586 999; x_wconf 84' lang='lat' dir='ltr'><strong>propriis</strong></span> <span class='ocrx_word' id='word_1_417' title='bbox 1612 965 1798 1000; x_wconf 79' lang='lat' dir='ltr'><strong>voluptatibus</strong></span> 
     </span>
    </p>
   </div>
   <div class='ocr_carea' id='block_1_63' title="bbox 1015 1009 1797 1045">
    <p class='ocr_par' dir='ltr' id='par_1_63' title="bbox 1015 1009 1797 1045">
     <span class='ocr_line' id='line_1_63' title="bbox 1015 1009 1797 1045; baseline 0.001 -8"><span class='ocrx_word' id='word_1_418' title='bbox 1015 1010 1124 1037; x_wconf 77' lang='lat' dir='ltr'><strong>uberius</strong></span> <span class='ocrx_word' id='word_1_419' title='bbox 1151 1009 1275 1037; x_wconf 81' lang='lat' dir='ltr'><strong>fruantur</strong></span> <span class='ocrx_word' id='word_1_420' title='bbox 1296 1009 1427 1044; x_wconf 91' lang='lat' dir='ltr'><strong>(solorum</strong></span> <span class='ocrx_word' id='word_1_421' title='bbox 1453 1011 1526 1037; x_wconf 87' lang='lat' dir='ltr'><strong>enim</strong></span> <span class='ocrx_word' id='word_1_422' title='bbox 1549 1010 1665 1044; x_wconf 89' lang='lat' dir='ltr'><strong>pilorum</strong></span> <span class='ocrx_word' id='word_1_423' title='bbox 1689 1010 1797 1045; x_wconf 78' lang='lat' dir='ltr'><strong>jactura</strong></span> 
     </span>
    </p>
   </div>
   <div class='ocr_carea' id='block_1_64' title="bbox 1012 1055 1797 1091">
    <p class='ocr_par' dir='ltr' id='par_1_64' title="bbox 1012 1055 1797 1091">
     <span class='ocr_line' id='line_1_64' title="bbox 1012 1055 1797 1091; baseline -0.001 -8"><span class='ocrx_word' id='word_1_424' title='bbox 1012 1056 1102 1088; x_wconf 81' lang='lat' dir='ltr'><strong>facta,</strong></span> <span class='ocrx_word' id='word_1_425' title='bbox 1127 1057 1244 1091; x_wconf 87' lang='lat' dir='ltr'><strong>propriis</strong></span> <span class='ocrx_word' id='word_1_426' title='bbox 1265 1055 1393 1083; x_wconf 87' lang='lat' dir='ltr'><strong>domibus</strong></span> <span class='ocrx_word' id='word_1_427' title='bbox 1417 1056 1548 1088; x_wconf 87' lang='lat' dir='ltr'><strong>assident,</strong></span> <span class='ocrx_word' id='word_1_428' title='bbox 1578 1056 1679 1083; x_wconf 91' lang='lat' dir='ltr'><strong>nullam</strong></span> <span class='ocrx_word' id='word_1_429' title='bbox 1700 1063 1797 1083; x_wconf 86' lang='lat' dir='ltr'><strong>mona-</strong></span> 
     </span>
    </p>
   </div>
   <div class='ocr_carea' id='block_1_65' title="bbox 1012 1101 1796 1133">
    <p class='ocr_par' dir='ltr' id='par_1_65' title="bbox 1012 1101 1796 1133">
     <span class='ocr_line' id='line_1_65' title="bbox 1012 1101 1796 1133; baseline -0.001 -5"><span class='ocrx_word' id='word_1_430' title='bbox 1012 1102 1127 1129; x_wconf 83' lang='lat' dir='ltr'><strong>chorum</strong></span> <span class='ocrx_word' id='word_1_431' title='bbox 1148 1102 1209 1128; x_wconf 75' lang='lat' dir='ltr'><strong>vitaa</strong></span> <span class='ocrx_word' id='word_1_432' title='bbox 1226 1102 1501 1133; x_wconf 87' lang='lat' dir='ltr'><strong>administrationem,</strong></span> <span class='ocrx_word' id='word_1_433' title='bbox 1517 1101 1558 1128; x_wconf 78' lang='lat' dir='ltr'><strong>Vel</strong></span> <span class='ocrx_word' id='word_1_434' title='bbox 1572 1101 1796 1128; x_wconf 83' lang='lat' dir='ltr'><strong>constitutionem</strong></span> 
     </span>
    </p>
   </div>
   <div class='ocr_carea' id='block_1_66' title="bbox 1013 1145 1798 1181">
    <p class='ocr_par' dir='ltr' id='par_1_66' title="bbox 1013 1145 1798 1181">
     <span class='ocr_line' id='line_1_66' title="bbox 1013 1145 1798 1181; baseline -0.003 -8"><span class='ocrx_word' id='word_1_435' title='bbox 1013 1146 1176 1181; x_wconf 85' lang='lat' dir='ltr'><strong>implentcs),</strong></span> <span class='ocrx_word' id='word_1_436' title='bbox 1193 1147 1288 1174; x_wconf 84' lang='lat' dir='ltr'><strong>statuit</strong></span> <span class='ocrx_word' id='word_1_437' title='bbox 1300 1150 1394 1173; x_wconf 82' lang='lat' dir='ltr'><strong>sancta</strong></span> <span class='ocrx_word' id='word_1_438' title='bbox 1411 1146 1542 1180; x_wconf 85' lang='lat' dir='ltr'><strong>synodus,</strong></span> <span class='ocrx_word' id='word_1_439' title='bbox 1558 1153 1592 1172; x_wconf 90' lang='lat' dir='ltr'><strong>ne</strong></span> <span class='ocrx_word' id='word_1_440' title='bbox 1605 1145 1675 1171; x_wconf 73' lang='lat' dir='ltr'><strong>ullus</strong></span> <span class='ocrx_word' id='word_1_441' title='bbox 1691 1153 1723 1172; x_wconf 82' lang='lat' dir='ltr'><strong>ex</strong></span> <span class='ocrx_word' id='word_1_442' title='bbox 1738 1151 1798 1171; x_wconf 85' lang='lat' dir='ltr'><strong>orn-</strong></span> 
     </span>
    </p>
   </div>
   <div class='ocr_carea' id='block_1_67' title="bbox 1014 1190 1798 1225">
    <p class='ocr_par' dir='ltr' id='par_1_67' title="bbox 1014 1190 1798 1225">
     <span class='ocr_line' id='line_1_67' title="bbox 1014 1190 1798 1225; baseline -0.003 -7"><span class='ocrx_word' id='word_1_443' title='bbox 1014 1192 1094 1219; x_wconf 84' lang='lat' dir='ltr'><strong>nibus</strong></span> <span class='ocrx_word' id='word_1_444' title='bbox 1131 1191 1282 1218; x_wconf 82' lang='lat' dir='ltr'><strong>monastico</strong></span> <span class='ocrx_word' id='word_1_445' title='bbox 1309 1191 1402 1217; x_wconf 83' lang='lat' dir='ltr'><strong>habitu</strong></span> <span class='ocrx_word' id='word_1_446' title='bbox 1431 1190 1529 1225; x_wconf 81' lang='lat' dir='ltr'><strong>dignus</strong></span> <span class='ocrx_word' id='word_1_447' title='bbox 1553 1194 1716 1221; x_wconf 84' lang='lat' dir='ltr'><strong>censeatur,</strong></span> <span class='ocrx_word' id='word_1_448' title='bbox 1739 1190 1798 1217; x_wconf 88' lang='lat' dir='ltr'><strong>sine</strong></span> 
     </span>
    </p>
   </div>
   <div class='ocr_carea' id='block_1_68' title="bbox 1013 1235 1797 1271">
    <p class='ocr_par' dir='ltr' id='par_1_68' title="bbox 1013 1235 1797 1271">
     <span class='ocr_line' id='line_1_68' title="bbox 1013 1235 1797 1271; baseline -0.004 -7"><span class='ocrx_word' id='word_1_449' title='bbox 1013 1237 1156 1271; x_wconf 74' lang='lat' dir='ltr'><strong>praesentia</strong></span> <span class='ocrx_word' id='word_1_450' title='bbox 1174 1237 1252 1271; x_wconf 88' lang='lat' dir='ltr'><strong>ejus,</strong></span> <span class='ocrx_word' id='word_1_451' title='bbox 1276 1236 1323 1271; x_wconf 92' lang='lat' dir='ltr'><strong>qui</strong></span> <span class='ocrx_word' id='word_1_452' title='bbox 1352 1236 1426 1262; x_wconf 91' lang='lat' dir='ltr'><strong>illum</strong></span> <span class='ocrx_word' id='word_1_453' title='bbox 1454 1235 1535 1263; x_wconf 84' lang='lat' dir='ltr'><strong>debet</strong></span> <span class='ocrx_word' id='word_1_454' title='bbox 1555 1235 1589 1262; x_wconf 91' lang='lat' dir='ltr'><strong>ad</strong></span> <span class='ocrx_word' id='word_1_455' title='bbox 1615 1235 1797 1262; x_wconf 88' lang='lat' dir='ltr'><strong>obedientiam</strong></span> 
     </span>
    </p>
   </div>
   <div class='ocr_carea' id='block_1_69' title="bbox 1014 1280 1799 1316">
    <p class='ocr_par' dir='ltr' id='par_1_69' title="bbox 1014 1280 1799 1316">
     <span class='ocr_line' id='line_1_69' title="bbox 1014 1280 1799 1316; baseline -0.003 -7"><span class='ocrx_word' id='word_1_456' title='bbox 1014 1282 1164 1316; x_wconf 87' lang='lat' dir='ltr'><strong>suscipere,</strong></span> <span class='ocrx_word' id='word_1_457' title='bbox 1190 1286 1216 1309; x_wconf 88' lang='lat' dir='ltr'><strong>et</strong></span> <span class='ocrx_word' id='word_1_458' title='bbox 1256 1290 1285 1308; x_wconf 84' lang='lat' dir='ltr'><strong>se</strong></span> <span class='ocrx_word' id='word_1_459' title='bbox 1322 1281 1505 1316; x_wconf 88' lang='lat' dir='ltr'><strong>principatum</strong></span> <span class='ocrx_word' id='word_1_460' title='bbox 1531 1281 1558 1308; x_wconf 95' lang='lat' dir='ltr'><strong>in</strong></span> <span class='ocrx_word' id='word_1_461' title='bbox 1600 1281 1675 1307; x_wconf 93' lang='lat' dir='ltr'><strong>illum</strong></span> <span class='ocrx_word' id='word_1_462' title='bbox 1703 1280 1799 1308; x_wconf 84' lang='lat' dir='ltr'><strong>obten-</strong></span> 
     </span>
    </p>
   </div>
   <div class='ocr_carea' id='block_1_70' title="bbox 1014 1327 1799 1362">
    <p class='ocr_par' dir='ltr' id='par_1_70' title="bbox 1014 1327 1799 1362">
     <span class='ocr_line' id='line_1_70' title="bbox 1014 1327 1799 1362; baseline -0.004 -7"><span class='ocrx_word' id='word_1_463' title='bbox 1014 1333 1105 1355; x_wconf 90' lang='lat' dir='ltr'><strong>turum</strong></span> <span class='ocrx_word' id='word_1_464' title='bbox 1120 1347 1128 1360; x_wconf 82' lang='lat'><strong>,</strong></span> <span class='ocrx_word' id='word_1_465' title='bbox 1153 1331 1180 1354; x_wconf 90' lang='lat' dir='ltr'><strong>et</strong></span> <span class='ocrx_word' id='word_1_466' title='bbox 1205 1327 1265 1362; x_wconf 88' lang='lat' dir='ltr'><strong>ejus</strong></span> <span class='ocrx_word' id='word_1_467' title='bbox 1292 1327 1390 1354; x_wconf 62' lang='lat' dir='ltr'><strong>animae</strong></span> <span class='ocrx_word' id='word_1_468' title='bbox 1417 1327 1513 1354; x_wconf 86' lang='lat' dir='ltr'><strong>salutis</strong></span> <span class='ocrx_word' id='word_1_469' title='bbox 1538 1334 1632 1354; x_wconf 87' lang='lat' dir='ltr'><strong>curam</strong></span> <span class='ocrx_word' id='word_1_470' title='bbox 1661 1330 1799 1361; x_wconf 78' lang='lat' dir='ltr'><strong>gesturum</strong></span> 
     </span>
    </p>
   </div>
   <div class='ocr_carea' id='block_1_71' title="bbox 1014 1373 1800 1408">
    <p class='ocr_par' dir='ltr' id='par_1_71' title="bbox 1014 1373 1800 1408">
     <span class='ocr_line' id='line_1_71' title="bbox 1014 1373 1800 1408; baseline -0.001 -9"><span class='ocrx_word' id='word_1_471' title='bbox 1014 1373 1134 1408; x_wconf 85' lang='lat' dir='ltr'><strong>proﬁteri</strong></span> <span class='ocrx_word' id='word_1_472' title='bbox 1152 1382 1159 1400; x_wconf 88' lang='lat'><strong>:</strong></span> <span class='ocrx_word' id='word_1_473' title='bbox 1174 1374 1219 1408; x_wconf 90' lang='lat' dir='ltr'><strong>qui</strong></span> <span class='ocrx_word' id='word_1_474' title='bbox 1238 1373 1342 1400; x_wconf 84' lang='lat' dir='ltr'><strong>scilicet</strong></span> <span class='ocrx_word' id='word_1_475' title='bbox 1357 1377 1399 1400; x_wconf 90' lang='lat' dir='ltr'><strong>est</strong></span> <span class='ocrx_word' id='word_1_476' title='bbox 1421 1373 1463 1400; x_wconf 84' lang='lat' dir='ltr'><strong>vir</strong></span> <span class='ocrx_word' id='word_1_477' title='bbox 1487 1373 1559 1407; x_wconf 85' lang='lat' dir='ltr'><strong>pius,</strong></span> <span class='ocrx_word' id='word_1_478' title='bbox 1584 1376 1611 1400; x_wconf 83' lang='lat' dir='ltr'><strong>et</strong></span> <span class='ocrx_word' id='word_1_479' title='bbox 1626 1377 1724 1407; x_wconf 66' lang='lat' dir='ltr'><strong>praeest</strong></span> <span class='ocrx_word' id='word_1_480' title='bbox 1740 1379 1800 1398; x_wconf 94' lang='lat' dir='ltr'><strong>mo-</strong></span> 
     </span>
    </p>
   </div>
   <div class='ocr_carea' id='block_1_72' title="bbox 1016 1418 1801 1454">
    <p class='ocr_par' dir='ltr' id='par_1_72' title="bbox 1016 1418 1801 1454">
     <span class='ocr_line' id='line_1_72' title="bbox 1016 1418 1801 1454; baseline -0.003 -8"><span class='ocrx_word' id='word_1_481' title='bbox 1016 1419 1146 1451; x_wconf 87' lang='lat' dir='ltr'><strong>nasterio,</strong></span> <span class='ocrx_word' id='word_1_482' title='bbox 1167 1423 1250 1446; x_wconf 89' lang='lat' dir='ltr'><strong>etest</strong></span> <span class='ocrx_word' id='word_1_483' title='bbox 1274 1419 1388 1445; x_wconf 79' lang='lat' dir='ltr'><strong>idoneus</strong></span> <span class='ocrx_word' id='word_1_484' title='bbox 1404 1419 1437 1445; x_wconf 88' lang='lat' dir='ltr'><strong>ad</strong></span> <span class='ocrx_word' id='word_1_485' title='bbox 1452 1418 1532 1454; x_wconf 74' lang='lat'><strong>365</strong></span> <span class='ocrx_word' id='word_1_486' title='bbox 1553 1419 1714 1445; x_wconf 82' lang='lat' dir='ltr'><strong>servandam</strong></span> <span class='ocrx_word' id='word_1_487' title='bbox 1741 1419 1801 1445; x_wconf 83' lang='lat' dir='ltr'><strong>ani-</strong></span> 
     </span>
    </p>
   </div>
   <div class='ocr_carea' id='block_1_73' title="bbox 1017 1463 1801 1497">
    <p class='ocr_par' dir='ltr' id='par_1_73' title="bbox 1017 1463 1801 1497">
     <span class='ocr_line' id='line_1_73' title="bbox 1017 1463 1801 1497; baseline -0.001 -7"><span class='ocrx_word' id='word_1_488' title='bbox 1017 1471 1098 1495; x_wconf 85' lang='lat' dir='ltr'><strong>mam,</strong></span> <span class='ocrx_word' id='word_1_489' title='bbox 1111 1471 1171 1497; x_wconf 68' lang='lat' dir='ltr'><strong>qum</strong></span> <span class='ocrx_word' id='word_1_490' title='bbox 1186 1463 1240 1490; x_wconf 84' lang='lat' dir='ltr'><strong>Deo</strong></span> <span class='ocrx_word' id='word_1_491' title='bbox 1255 1463 1377 1490; x_wconf 75' lang='lat' dir='ltr'><strong>oﬂ‘ertnr.</strong></span> <span class='ocrx_word' id='word_1_492' title='bbox 1391 1463 1419 1490; x_wconf 83' lang='lat' dir='ltr'><strong>Si</strong></span> <span class='ocrx_word' id='word_1_493' title='bbox 1434 1463 1495 1497; x_wconf 84' lang='lat' dir='ltr'><strong>quis</strong></span> <span class='ocrx_word' id='word_1_494' title='bbox 1510 1467 1601 1490; x_wconf 85' lang='lat' dir='ltr'><strong>autem</strong></span> <span class='ocrx_word' id='word_1_495' title='bbox 1616 1463 1801 1497; x_wconf 88' lang='lat' dir='ltr'><strong>deprehensus</strong></span> 
     </span>
    </p>
   </div>
   <div class='ocr_carea' id='block_1_74' title="bbox 1018 1508 1800 1543">
    <p class='ocr_par' dir='ltr' id='par_1_74' title="bbox 1018 1508 1800 1543">
     <span class='ocr_line' id='line_1_74' title="bbox 1018 1508 1800 1543; baseline 0.001 -8"><span class='ocrx_word' id='word_1_496' title='bbox 1018 1509 1098 1536; x_wconf 78' lang='lat' dir='ltr'><strong>fuerit</strong></span> <span class='ocrx_word' id='word_1_497' title='bbox 1124 1509 1241 1543; x_wconf 87' lang='lat' dir='ltr'><strong>aliquem</strong></span> <span class='ocrx_word' id='word_1_498' title='bbox 1272 1509 1387 1536; x_wconf 83' lang='lat' dir='ltr'><strong>tondens</strong></span> <span class='ocrx_word' id='word_1_499' title='bbox 1418 1509 1477 1536; x_wconf 88' lang='lat' dir='ltr'><strong>sine</strong></span> <span class='ocrx_word' id='word_1_500' title='bbox 1500 1509 1642 1543; x_wconf 67' lang='lat' dir='ltr'><strong>prtesentia</strong></span> <span class='ocrx_word' id='word_1_501' title='bbox 1670 1508 1740 1543; x_wconf 73' lang='lat' dir='ltr'><strong>ejus,</strong></span> <span class='ocrx_word' id='word_1_502' title='bbox 1754 1508 1800 1542; x_wconf 84' lang='lat' dir='ltr'><strong>qui</strong></span> 
     </span>
    </p>
   </div>
   <div class='ocr_carea' id='block_1_75' title="bbox 1020 1553 1800 1588">
    <p class='ocr_par' dir='ltr' id='par_1_75' title="bbox 1020 1553 1800 1588">
     <span class='ocr_line' id='line_1_75' title="bbox 1020 1553 1800 1588; baseline -0.001 -7"><span class='ocrx_word' id='word_1_503' title='bbox 1020 1555 1108 1588; x_wconf 87' lang='lat' dir='ltr'><strong>ipsum</strong></span> <span class='ocrx_word' id='word_1_504' title='bbox 1128 1553 1208 1581; x_wconf 88' lang='lat' dir='ltr'><strong>debet</strong></span> <span class='ocrx_word' id='word_1_505' title='bbox 1233 1554 1266 1581; x_wconf 92' lang='lat' dir='ltr'><strong>ad</strong></span> <span class='ocrx_word' id='word_1_506' title='bbox 1283 1553 1467 1580; x_wconf 86' lang='lat' dir='ltr'><strong>obedientiam</strong></span> <span class='ocrx_word' id='word_1_507' title='bbox 1497 1553 1645 1588; x_wconf 84' lang='lat' dir='ltr'><strong>suscipere,</strong></span> <span class='ocrx_word' id='word_1_508' title='bbox 1670 1553 1800 1587; x_wconf 62' lang='lat' dir='ltr'><strong>praefecti,</strong></span> 
     </span>
    </p>
   </div>
   <div class='ocr_carea' id='block_1_76' title="bbox 1018 1598 1803 1634">
    <p class='ocr_par' dir='ltr' id='par_1_76' title="bbox 1018 1598 1803 1634">
     <span class='ocr_line' id='line_1_76' title="bbox 1018 1598 1803 1634; baseline -0.003 -8"><span class='ocrx_word' id='word_1_509' title='bbox 1018 1600 1063 1626; x_wconf 84' lang='lat' dir='ltr'><strong>ille</strong></span> <span class='ocrx_word' id='word_1_510' title='bbox 1085 1599 1195 1634; x_wconf 89' lang='lat' dir='ltr'><strong>quidem</strong></span> <span class='ocrx_word' id='word_1_511' title='bbox 1219 1599 1386 1634; x_wconf 84' lang='lat' dir='ltr'><strong>depositioni</strong></span> <span class='ocrx_word' id='word_1_512' title='bbox 1410 1598 1581 1633; x_wconf 87' lang='lat' dir='ltr'><strong>subjiciatur,</strong></span> <span class='ocrx_word' id='word_1_513' title='bbox 1608 1602 1638 1625; x_wconf 86' lang='lat' dir='ltr'><strong>ut</strong></span> <span class='ocrx_word' id='word_1_514' title='bbox 1656 1598 1703 1633; x_wconf 89' lang='lat' dir='ltr'><strong>qui</strong></span> <span class='ocrx_word' id='word_1_515' title='bbox 1719 1605 1803 1626; x_wconf 85' lang='lat' dir='ltr'><strong>cano-</strong></span> 
     </span>
    </p>
   </div>
   <div class='ocr_carea' id='block_1_77' title="bbox 1017 1643 1804 1678">
    <p class='ocr_par' dir='ltr' id='par_1_77' title="bbox 1017 1643 1804 1678">
     <span class='ocr_line' id='line_1_77' title="bbox 1017 1643 1804 1678; baseline -0.001 -8"><span class='ocrx_word' id='word_1_516' title='bbox 1017 1645 1097 1672; x_wconf 83' lang='lat' dir='ltr'><strong>nibus</strong></span> <span class='ocrx_word' id='word_1_517' title='bbox 1123 1651 1176 1671; x_wconf 87' lang='lat' dir='ltr'><strong>non</strong></span> <span class='ocrx_word' id='word_1_518' title='bbox 1201 1648 1310 1678; x_wconf 70' lang='lat' dir='ltr'><strong>parcat,</strong></span> <span class='ocrx_word' id='word_1_519' title='bbox 1329 1649 1356 1671; x_wconf 85' lang='lat' dir='ltr'><strong>et</strong></span> <span class='ocrx_word' id='word_1_520' title='bbox 1381 1643 1563 1671; x_wconf 84' lang='lat' dir='ltr'><strong>monasticum</strong></span> <span class='ocrx_word' id='word_1_521' title='bbox 1588 1643 1712 1670; x_wconf 87' lang='lat' dir='ltr'><strong>ordinem</strong></span> <span class='ocrx_word' id='word_1_522' title='bbox 1735 1643 1804 1670; x_wconf 88' lang='lat' dir='ltr'><strong>bene</strong></span> 
     </span>
    </p>
   </div>
   <div class='ocr_carea' id='block_1_78' title="bbox 1017 1688 1805 1725">
    <p class='ocr_par' dir='ltr' id='par_1_78' title="bbox 1017 1688 1805 1725">
     <span class='ocr_line' id='line_1_78' title="bbox 1017 1688 1805 1725; baseline -0.004 -7"><span class='ocrx_word' id='word_1_523' title='bbox 1017 1690 1198 1725; x_wconf 82' lang='lat' dir='ltr'><strong>compositum</strong></span> <span class='ocrx_word' id='word_1_524' title='bbox 1223 1689 1364 1716; x_wconf 48' lang='lat' dir='ltr'><strong>dixsolvat.</strong></span> <span class='ocrx_word' id='word_1_525' title='bbox 1398 1688 1450 1721; x_wconf 89' lang='lat' dir='ltr'><strong>Qui</strong></span> <span class='ocrx_word' id='word_1_526' title='bbox 1484 1696 1549 1715; x_wconf 88' lang='lat' dir='ltr'><strong>vero</strong></span> <span class='ocrx_word' id='word_1_527' title='bbox 1583 1688 1752 1721; x_wconf 85' lang='lat' dir='ltr'><strong>inordinate,</strong></span> <span class='ocrx_word' id='word_1_528' title='bbox 1776 1692 1805 1716; x_wconf 77' lang='lat' dir='ltr'><strong>et</strong></span> 
     </span>
    </p>
   </div>
   <div class='ocr_carea' id='block_1_79' title="bbox 1017 1734 1802 1771">
    <p class='ocr_par' dir='ltr' id='par_1_79' title="bbox 1017 1734 1802 1771">
     <span class='ocr_line' id='line_1_79' title="bbox 1017 1734 1802 1771; baseline -0.004 -8"><span class='ocrx_word' id='word_1_529' title='bbox 1017 1741 1114 1771; x_wconf 76' lang='lat' dir='ltr'><strong>prteter</strong></span> <span class='ocrx_word' id='word_1_530' title='bbox 1145 1737 1277 1763; x_wconf 87' lang='lat' dir='ltr'><strong>rationem</strong></span> <span class='ocrx_word' id='word_1_531' title='bbox 1303 1739 1398 1762; x_wconf 88' lang='lat' dir='ltr'><strong>tonsus</strong></span> <span class='ocrx_word' id='word_1_532' title='bbox 1417 1738 1468 1767; x_wconf 88' lang='lat' dir='ltr'><strong>est,</strong></span> <span class='ocrx_word' id='word_1_533' title='bbox 1495 1734 1521 1761; x_wconf 95' lang='lat' dir='ltr'><strong>in</strong></span> <span class='ocrx_word' id='word_1_534' title='bbox 1544 1734 1802 1768; x_wconf 33' lang='lat' dir='ltr'><strong>subiectionemhet</strong></span> 
     </span>
    </p>
   </div>
   <div class='ocr_carea' id='block_1_80' title="bbox 1018 1779 1804 1816">
    <p class='ocr_par' dir='ltr' id='par_1_80' title="bbox 1018 1779 1804 1816">
     <span class='ocr_line' id='line_1_80' title="bbox 1018 1779 1804 1816; baseline -0.004 -7"><span class='ocrx_word' id='word_1_535' title='bbox 1018 1782 1225 1814; x_wconf 82' lang='lat' dir='ltr'><strong>monasterium,</strong></span> <span class='ocrx_word' id='word_1_536' title='bbox 1245 1781 1271 1808; x_wconf 93' lang='lat' dir='ltr'><strong>in</strong></span> <span class='ocrx_word' id='word_1_537' title='bbox 1297 1788 1352 1816; x_wconf 83' lang='lat' dir='ltr'><strong>quo</strong></span> <span class='ocrx_word' id='word_1_538' title='bbox 1376 1781 1449 1808; x_wconf 90' lang='lat' dir='ltr'><strong>illius</strong></span> <span class='ocrx_word' id='word_1_539' title='bbox 1474 1780 1527 1808; x_wconf 88' lang='lat' dir='ltr'><strong>loci</strong></span> <span class='ocrx_word' id='word_1_540' title='bbox 1542 1781 1686 1815; x_wconf 87' lang='lat' dir='ltr'><strong>episcopus</strong></span> <span class='ocrx_word' id='word_1_541' title='bbox 1707 1779 1804 1806; x_wconf 85' lang='lat' dir='ltr'><strong>melius</strong></span> 
     </span>
    </p>
   </div>
   <div class='ocr_carea' id='block_1_81' title="bbox 1018 1825 1802 1862">
    <p class='ocr_par' dir='ltr' id='par_1_81' title="bbox 1018 1825 1802 1862">
     <span class='ocr_line' id='line_1_81' title="bbox 1018 1825 1802 1862; baseline -0.005 -6"><span class='ocrx_word' id='word_1_542' title='bbox 1018 1836 1079 1856; x_wconf 87' lang='lat' dir='ltr'><strong>esse</strong></span> <span class='ocrx_word' id='word_1_543' title='bbox 1097 1829 1216 1861; x_wconf 84' lang='lat' dir='ltr'><strong>duxerit,</strong></span> <span class='ocrx_word' id='word_1_544' title='bbox 1235 1827 1369 1855; x_wconf 84' lang='lat' dir='ltr'><strong>tradatur.</strong></span> <span class='ocrx_word' id='word_1_545' title='bbox 1384 1826 1460 1854; x_wconf 75' lang='lat' dir='ltr'><strong>Citra</strong></span> <span class='ocrx_word' id='word_1_546' title='bbox 1475 1826 1609 1862; x_wconf 88' lang='lat' dir='ltr'><strong>judicium</strong></span> <span class='ocrx_word' id='word_1_547' title='bbox 1627 1826 1699 1853; x_wconf 91' lang='lat' dir='ltr'><strong>enim</strong></span> <span class='ocrx_word' id='word_1_548' title='bbox 1716 1825 1802 1858; x_wconf 61' lang='lat' dir='ltr'><strong>facta,</strong></span> 
     </span>
    </p>
   </div>
   <div class='ocr_carea' id='block_1_82' title="bbox 1018 1872 1803 1908">
    <p class='ocr_par' dir='ltr' id='par_1_82' title="bbox 1018 1872 1803 1908">
     <span class='ocr_line' id='line_1_82' title="bbox 1018 1872 1803 1908; baseline -0.005 -6"><span class='ocrx_word' id='word_1_549' title='bbox 1018 1880 1044 1902; x_wconf 87' lang='lat' dir='ltr'><strong>et</strong></span> <span class='ocrx_word' id='word_1_550' title='bbox 1059 1874 1209 1902; x_wconf 70' lang='lat' dir='ltr'><strong>temerariae</strong></span> <span class='ocrx_word' id='word_1_551' title='bbox 1236 1882 1267 1901; x_wconf 87' lang='lat' dir='ltr'><strong>ac</strong></span> <span class='ocrx_word' id='word_1_552' title='bbox 1291 1872 1443 1908; x_wconf 74' lang='lat' dir='ltr'><strong>przecipites</strong></span> <span class='ocrx_word' id='word_1_553' title='bbox 1475 1877 1605 1905; x_wconf 62' lang='lat' dir='ltr'><strong>tonsurae,</strong></span> <span class='ocrx_word' id='word_1_554' title='bbox 1622 1872 1803 1900; x_wconf 87' lang='lat' dir='ltr'><strong>monasticum</strong></span> 
     </span>
    </p>
   </div>
   <div class='ocr_carea' id='block_1_83' title="bbox 1019 1918 1802 1955">
    <p class='ocr_par' dir='ltr' id='par_1_83' title="bbox 1019 1918 1802 1955">
     <span class='ocr_line' id='line_1_83' title="bbox 1019 1918 1802 1955; baseline -0.003 -8"><span class='ocrx_word' id='word_1_555' title='bbox 1019 1928 1129 1955; x_wconf 88' lang='lat' dir='ltr'><strong>quoque</strong></span> <span class='ocrx_word' id='word_1_556' title='bbox 1144 1921 1267 1947; x_wconf 89' lang='lat' dir='ltr'><strong>habitum</strong></span> <span class='ocrx_word' id='word_1_557' title='bbox 1287 1919 1437 1955; x_wconf 84' lang='lat' dir='ltr'><strong>ignominia</strong></span> <span class='ocrx_word' id='word_1_558' title='bbox 1451 1918 1610 1950; x_wconf 67' lang='lat' dir='ltr'><strong>affecerunt,</strong></span> <span class='ocrx_word' id='word_1_559' title='bbox 1625 1924 1652 1946; x_wconf 89' lang='lat' dir='ltr'><strong>et</strong></span> <span class='ocrx_word' id='word_1_560' title='bbox 1669 1923 1697 1945; x_wconf 91' lang='lat' dir='ltr'><strong>ut</strong></span> <span class='ocrx_word' id='word_1_561' title='bbox 1721 1918 1802 1945; x_wconf 92' lang='lat' dir='ltr'><strong>Chri-</strong></span> 
     </span>
    </p>
   </div>
   <div class='ocr_carea' id='block_1_84' title="bbox 1019 1964 1732 2000">
    <p class='ocr_par' dir='ltr' id='par_1_84' title="bbox 1019 1964 1732 2000">
     <span class='ocr_line' id='line_1_84' title="bbox 1019 1964 1732 2000; baseline -0.003 -7"><span class='ocrx_word' id='word_1_562' title='bbox 1019 1966 1052 1994; x_wconf 88' lang='lat' dir='ltr'><strong>sti</strong></span> <span class='ocrx_word' id='word_1_563' title='bbox 1073 1973 1171 1993; x_wconf 90' lang='lat' dir='ltr'><strong>nomen</strong></span> <span class='ocrx_word' id='word_1_564' title='bbox 1190 1965 1366 2000; x_wconf 79' lang='lat' dir='ltr'><strong>blasphemiis</strong></span> <span class='ocrx_word' id='word_1_565' title='bbox 1384 1969 1557 1999; x_wconf 84' lang='lat' dir='ltr'><strong>appeterctur</strong></span> <span class='ocrx_word' id='word_1_566' title='bbox 1575 1964 1732 1992; x_wconf 78' lang='lat' dir='ltr'><strong>eﬂ&#39;ecerunt.</strong></span> 
     </span>
    </p>
   </div>
   <div class='ocr_carea' id='block_1_85' title="bbox 1056 2009 1806 2045">
    <p class='ocr_par' dir='ltr' id='par_1_85' title="bbox 1056 2009 1806 2045">
     <span class='ocr_line' id='line_1_85' title="bbox 1056 2009 1806 2045; baseline -0.004 -7"><span class='ocrx_word' id='word_1_567' title='bbox 1056 2012 1082 2038; x_wconf 74' lang='lat'><strong>5.</strong></span> <span class='ocrx_word' id='word_1_568' title='bbox 1104 2011 1132 2037; x_wconf 84' lang='lat' dir='ltr'><strong>Id</strong></span> <span class='ocrx_word' id='word_1_569' title='bbox 1150 2017 1260 2045; x_wconf 89' lang='lat' dir='ltr'><strong>quoque</strong></span> <span class='ocrx_word' id='word_1_570' title='bbox 1275 2010 1348 2044; x_wconf 89' lang='lat' dir='ltr'><strong>quod</strong></span> <span class='ocrx_word' id='word_1_571' title='bbox 1365 2010 1436 2036; x_wconf 83' lang='lat' dir='ltr'><strong>male</strong></span> <span class='ocrx_word' id='word_1_572' title='bbox 1452 2009 1490 2042; x_wconf 79' lang='lat' dir='ltr'><strong>iit,</strong></span> <span class='ocrx_word' id='word_1_573' title='bbox 1509 2015 1536 2036; x_wconf 88' lang='lat' dir='ltr'><strong>et</strong></span> <span class='ocrx_word' id='word_1_574' title='bbox 1555 2009 1639 2035; x_wconf 91' lang='lat' dir='ltr'><strong>multo</strong></span> <span class='ocrx_word' id='word_1_575' title='bbox 1663 2009 1739 2043; x_wconf 79' lang='lat' dir='ltr'><strong>pejus</strong></span> <span class='ocrx_word' id='word_1_576' title='bbox 1760 2009 1806 2035; x_wconf 40' lang='lat' dir='ltr'><strong>de</strong></span> 
     </span>
    </p>
   </div>
   <div class='ocr_carea' id='block_1_86' title="bbox 1021 2054 1804 2093">
    <p class='ocr_par' dir='ltr' id='par_1_86' title="bbox 1021 2054 1804 2093">
     <span class='ocr_line' id='line_1_86' title="bbox 1021 2054 1804 2093; baseline -0.005 -9"><span class='ocrx_word' id='word_1_577' title='bbox 1021 2057 1151 2093; x_wconf 87' lang='lat' dir='ltr'><strong>spicatui,</strong></span> <span class='ocrx_word' id='word_1_578' title='bbox 1178 2060 1205 2083; x_wconf 86' lang='lat' dir='ltr'><strong>et</strong></span> <span class='ocrx_word' id='word_1_579' title='bbox 1231 2055 1401 2090; x_wconf 64' lang='lat' dir='ltr'><strong>negligentia:</strong></span> <span class='ocrx_word' id='word_1_580' title='bbox 1428 2055 1586 2085; x_wconf 77' lang='lat' dir='ltr'><strong>mandatur,</strong></span> <span class='ocrx_word' id='word_1_581' title='bbox 1609 2054 1804 2081; x_wconf 83' lang='lat' dir='ltr'><strong>correctionem</strong></span> 
     </span>
    </p>
   </div>
   <div class='ocr_carea' id='block_1_87' title="bbox 1020 2098 1806 2137">
    <p class='ocr_par' dir='ltr' id='par_1_87' title="bbox 1020 2098 1806 2137">
     <span class='ocr_line' id='line_1_87' title="bbox 1020 2098 1806 2137; baseline -0.008 -7"><span class='ocrx_word' id='word_1_582' title='bbox 1020 2106 1145 2137; x_wconf 88' lang='lat' dir='ltr'><strong>oportere</strong></span> <span class='ocrx_word' id='word_1_583' title='bbox 1160 2101 1271 2136; x_wconf 87' lang='lat' dir='ltr'><strong>assequi</strong></span> <span class='ocrx_word' id='word_1_584' title='bbox 1285 2100 1438 2135; x_wconf 88' lang='lat' dir='ltr'><strong>judicatum</strong></span> <span class='ocrx_word' id='word_1_585' title='bbox 1455 2105 1505 2126; x_wconf 86' lang='lat' dir='ltr'><strong>est.</strong></span> <span class='ocrx_word' id='word_1_586' title='bbox 1530 2099 1558 2126; x_wconf 90' lang='lat' dir='ltr'><strong>Si</strong></span> <span class='ocrx_word' id='word_1_587' title='bbox 1578 2099 1641 2133; x_wconf 85' lang='lat' dir='ltr'><strong>quis</strong></span> <span class='ocrx_word' id='word_1_588' title='bbox 1665 2105 1731 2133; x_wconf 74' lang='lat' dir='ltr'><strong>ergo</strong></span> <span class='ocrx_word' id='word_1_589' title='bbox 1758 2098 1806 2132; x_wconf 83' lang='lat' dir='ltr'><strong>qui</strong></span> 
     </span>
    </p>
   </div>
   <div class='ocr_carea' id='block_1_88' title="bbox 1022 2146 1806 2186">
    <p class='ocr_par' dir='ltr' id='par_1_88' title="bbox 1022 2146 1806 2186">
     <span class='ocr_line' id='line_1_88' title="bbox 1022 2146 1806 2186; baseline -0.009 -8"><span class='ocrx_word' id='word_1_590' title='bbox 1022 2155 1119 2186; x_wconf 65' lang='lat' dir='ltr'><strong>praeest</strong></span> <span class='ocrx_word' id='word_1_591' title='bbox 1132 2148 1307 2182; x_wconf 86' lang='lat' dir='ltr'><strong>monasterio,</strong></span> <span class='ocrx_word' id='word_1_592' title='bbox 1323 2155 1370 2175; x_wconf 89' lang='lat' dir='ltr'><strong>eos</strong></span> <span class='ocrx_word' id='word_1_593' title='bbox 1385 2147 1431 2182; x_wconf 88' lang='lat' dir='ltr'><strong>qui</strong></span> <span class='ocrx_word' id='word_1_594' title='bbox 1458 2146 1482 2173; x_wconf 89' lang='lat' dir='ltr'><strong>ei</strong></span> <span class='ocrx_word' id='word_1_595' title='bbox 1499 2146 1614 2180; x_wconf 88' lang='lat' dir='ltr'><strong>subjecti</strong></span> <span class='ocrx_word' id='word_1_596' title='bbox 1630 2151 1694 2173; x_wconf 88' lang='lat' dir='ltr'><strong>sunt</strong></span> <span class='ocrx_word' id='word_1_597' title='bbox 1710 2152 1806 2172; x_wconf 85' lang='lat' dir='ltr'><strong>mona-</strong></span> 
     </span>
    </p>
   </div>
   <div class='ocr_carea' id='block_1_89' title="bbox 1020 2192 1806 2228">
    <p class='ocr_par' dir='ltr' id='par_1_89' title="bbox 1020 2192 1806 2228">
     <span class='ocr_line' id='line_1_89' title="bbox 1020 2192 1806 2228; baseline -0.009 -4"><span class='ocrx_word' id='word_1_598' title='bbox 1020 2196 1087 2224; x_wconf 86' lang='lat' dir='ltr'><strong>chos</strong></span> <span class='ocrx_word' id='word_1_599' title='bbox 1102 2203 1156 2222; x_wconf 91' lang='lat' dir='ltr'><strong>nou</strong></span> <span class='ocrx_word' id='word_1_600' title='bbox 1174 2202 1235 2222; x_wconf 83' lang='lat' dir='ltr'><strong>cum</strong></span> <span class='ocrx_word' id='word_1_601' title='bbox 1253 2194 1338 2221; x_wconf 90' lang='lat' dir='ltr'><strong>multa</strong></span> <span class='ocrx_word' id='word_1_602' title='bbox 1358 2192 1499 2228; x_wconf 72' lang='lat' dir='ltr'><strong>diligentia</strong></span> <span class='ocrx_word' id='word_1_603' title='bbox 1521 2192 1653 2227; x_wconf 85' lang='lat' dir='ltr'><strong>requirat.</strong></span> <span class='ocrx_word' id='word_1_604' title='bbox 1669 2192 1711 2218; x_wconf 85' lang='lat' dir='ltr'><strong>vel</strong></span> <span class='ocrx_word' id='word_1_605' title='bbox 1730 2192 1806 2218; x_wconf 85' lang='lat' dir='ltr'><strong>inve-</strong></span> 
     </span>
    </p>
   </div>
   <div class='ocr_carea' id='block_1_90' title="bbox 178 2231 970 2274">
    <p class='ocr_par' dir='ltr' id='par_1_90' title="bbox 178 2238 968 2274">
     <span class='ocr_line' id='line_1_90' title="bbox 178 2238 968 2274; baseline 0.001 -10"><span class='ocrx_word' id='word_1_606' title='bbox 178 2238 250 2273; x_wconf 84' lang='grc' dir='ltr'>τοίη,</span> <span class='ocrx_word' id='word_1_607' title='bbox 268 2238 284 2274; x_wconf 81' lang='grc' dir='ltr'>ἢ</span> <span class='ocrx_word' id='word_1_608' title='bbox 296 2238 463 2274; x_wconf 75' lang='grc' dir='ltr'>ὲφευρίσκων</span> <span class='ocrx_word' id='word_1_609' title='bbox 479 2239 528 2265; x_wconf 81' lang='grc' dir='ltr'><strong>οὐκ</strong></span> <span class='ocrx_word' id='word_1_610' title='bbox 543 2239 767 2274; x_wconf 75' lang='grc' dir='ltr'>άναλαμϐάνοιτο,</span> <span class='ocrx_word' id='word_1_611' title='bbox 781 2240 827 2266; x_wconf 79' lang='grc' dir='ltr'>καὶ</span> <span class='ocrx_word' id='word_1_612' title='bbox 839 2240 872 2274; x_wconf 83' lang='grc' dir='ltr'>τῇ</span> <span class='ocrx_word' id='word_1_613' title='bbox 884 2247 968 2274; x_wconf 83' lang='grc' dir='ltr'>προσ-</span> 
     </span>
    </p>
   </div>
   <div class='ocr_carea' id='block_1_91' title="bbox 1018 2231 1806 2274">
    <p class='ocr_par' dir='ltr' id='par_1_91' title="bbox 1022 2231 1806 2274">
     <span class='ocr_line' id='line_1_91' title="bbox 1022 2231 1806 2274; baseline -0.008 -5"><span class='ocrx_word' id='word_1_614' title='bbox 1022 2242 1099 2269; x_wconf 83' lang='lat' dir='ltr'><strong>niens</strong></span> <span class='ocrx_word' id='word_1_615' title='bbox 1114 2248 1168 2267; x_wconf 92' lang='lat' dir='ltr'><strong>non</strong></span> <span class='ocrx_word' id='word_1_616' title='bbox 1184 2239 1308 2274; x_wconf 87' lang='lat' dir='ltr'><strong>recipiat,</strong></span> <span class='ocrx_word' id='word_1_617' title='bbox 1323 2242 1350 2265; x_wconf 87' lang='lat' dir='ltr'><strong>et</strong></span> <span class='ocrx_word' id='word_1_618' title='bbox 1364 2231 1542 2265; x_wconf 83' lang='lat' dir='ltr'><strong>conveniente</strong></span> <span class='ocrx_word' id='word_1_619' title='bbox 1568 2237 1711 2272; x_wconf 86' lang='lat' dir='ltr'><strong>lapsuique</strong></span> <span class='ocrx_word' id='word_1_620' title='bbox 1740 2245 1806 2264; x_wconf 74' lang='grc' dir='ltr'>σου-</span> 
     </span>
    </p>
   </div>
   <div class='ocr_carea' id='block_1_92' title="bbox 179 2283 971 2320">
    <p class='ocr_par' dir='ltr' id='par_1_92' title="bbox 179 2283 971 2320">
     <span class='ocr_line' id='line_1_92' title="bbox 179 2283 971 2320; baseline 0.001 -10"><span class='ocrx_word' id='word_1_621' title='bbox 179 2283 286 2320; x_wconf 76' lang='grc' dir='ltr'>ηκούσῃ</span> <span class='ocrx_word' id='word_1_622' title='bbox 302 2285 349 2311; x_wconf 76' lang='grc' dir='ltr'>καὶ</span> <span class='ocrx_word' id='word_1_623' title='bbox 367 2284 526 2320; x_wconf 87' lang='grc' dir='ltr'>καταλλήλῳ</span> <span class='ocrx_word' id='word_1_624' title='bbox 543 2284 589 2311; x_wconf 81' lang='grc' dir='ltr'>τοῦ</span> <span class='ocrx_word' id='word_1_625' title='bbox 614 2285 782 2319; x_wconf 86' lang='grc' dir='ltr'>πταίσματος</span> <span class='ocrx_word' id='word_1_626' title='bbox 810 2285 916 2320; x_wconf 73' lang='grc' dir='ltr'>ἰατρείᾳ</span> <span class='ocrx_word' id='word_1_627' title='bbox 942 2286 971 2311; x_wconf 79' lang='grc' dir='ltr'><strong>τὸ</strong></span> 
     </span>
    </p>
   </div>
   <div class='ocr_carea' id='block_1_93' title="bbox 180 2329 967 2365">
    <p class='ocr_par' dir='ltr' id='par_1_93' title="bbox 180 2329 967 2365">
     <span class='ocr_line' id='line_1_93' title="bbox 180 2329 967 2365; baseline 0.003 -11"><span class='ocrx_word' id='word_1_628' title='bbox 180 2329 326 2363; x_wconf 78' lang='grc' dir='ltr'>νενοσηκὸς</span> <span class='ocrx_word' id='word_1_629' title='bbox 344 2329 512 2356; x_wconf 78' lang='grc' dir='ltr'>ἀνακτᾶσθαι</span> <span class='ocrx_word' id='word_1_630' title='bbox 538 2330 584 2356; x_wconf 79' lang='grc' dir='ltr'>καὶ</span> <span class='ocrx_word' id='word_1_631' title='bbox 608 2330 783 2365; x_wconf 74' lang='grc' dir='ltr'>ὲπιρωννύειν</span> <span class='ocrx_word' id='word_1_632' title='bbox 798 2329 967 2364; x_wconf 73' lang='grc' dir='ltr'>ἀγωνίζοιτο,</span> 
     </span>
    </p>
   </div>
   <div class='ocr_carea' id='block_1_94' title="bbox 180 2373 969 2410">
    <p class='ocr_par' dir='ltr' id='par_1_94' title="bbox 180 2373 969 2410">
     <span class='ocr_line' id='line_1_94' title="bbox 180 2373 969 2410; baseline 0.004 -10"><span class='ocrx_word' id='word_1_633' title='bbox 180 2373 276 2400; x_wconf 83' lang='grc' dir='ltr'>τοῦτον</span> <span class='ocrx_word' id='word_1_634' title='bbox 287 2373 387 2408; x_wconf 83' lang='grc' dir='ltr'>ὥρισεν</span> <span class='ocrx_word' id='word_1_635' title='bbox 398 2375 414 2409; x_wconf 81' lang='grc' dir='ltr'>ἡ</span> <span class='ocrx_word' id='word_1_636' title='bbox 428 2375 492 2409; x_wconf 81' lang='grc' dir='ltr'>ἁγία</span> <span class='ocrx_word' id='word_1_637' title='bbox 506 2374 622 2406; x_wconf 73' lang='grc' dir='ltr'>σύνοδος,</span> <span class='ocrx_word' id='word_1_638' title='bbox 635 2376 779 2410; x_wconf 84' lang='grc' dir='ltr'>ἀφορισμῷ</span> <span class='ocrx_word' id='word_1_639' title='bbox 792 2375 951 2403; x_wconf 79' lang='grc' dir='ltr'>ὑποκεῖσθαι</span> <span class='ocrx_word' id='word_1_640' title='bbox 961 2396 969 2404; x_wconf 91' lang='grc'>.</span> 
     </span>
    </p>
   </div>
   <div class='ocr_carea' id='block_1_95' title="bbox 180 2418 969 2458">
    <p class='ocr_par' dir='ltr' id='par_1_95' title="bbox 180 2418 969 2458">
     <span class='ocr_line' id='line_1_95' title="bbox 180 2418 969 2458; baseline 0.005 -13"><span class='ocrx_word' id='word_1_641' title='bbox 180 2418 214 2446; x_wconf 77' lang='lat' dir='ltr'><strong>Ei</strong></span> <span class='ocrx_word' id='word_1_642' title='bbox 224 2419 278 2455; x_wconf 86' lang='grc' dir='ltr'><strong>γὰρ</strong></span> <span class='ocrx_word' id='word_1_643' title='bbox 286 2420 299 2446; x_wconf 85' lang='grc' dir='ltr'><strong>ὁ</strong></span> <span class='ocrx_word' id='word_1_644' title='bbox 308 2419 385 2452; x_wconf 81' lang='grc' dir='ltr'>ζώων</span> <span class='ocrx_word' id='word_1_645' title='bbox 394 2421 498 2454; x_wconf 87' lang='grc' dir='ltr'>ἀλόγων</span> <span class='ocrx_word' id='word_1_646' title='bbox 506 2420 554 2456; x_wconf 85' lang='grc' dir='ltr'>τὴν</span> <span class='ocrx_word' id='word_1_647' title='bbox 565 2422 731 2455; x_wconf 84' lang='grc' dir='ltr'>προστασίαν</span> <span class='ocrx_word' id='word_1_648' title='bbox 742 2422 969 2458; x_wconf 70' lang='grc' dir='ltr'><strong>ἐγχειριζόμενος1</strong></span> 
     </span>
    </p>
   </div>
   <div class='ocr_carea' id='block_1_96' title="bbox 182 2464 970 2503">
    <p class='ocr_par' dir='ltr' id='par_1_96' title="bbox 182 2464 970 2503">
     <span class='ocr_line' id='line_1_96' title="bbox 182 2464 970 2503; baseline 0.005 -12"><span class='ocrx_word' id='word_1_649' title='bbox 182 2465 232 2491; x_wconf 78' lang='grc' dir='ltr'><strong>καὶ</strong></span> <span class='ocrx_word' id='word_1_650' title='bbox 243 2464 290 2491; x_wconf 86' lang='grc' dir='ltr'>τοῦ</span> <span class='ocrx_word' id='word_1_651' title='bbox 304 2465 429 2501; x_wconf 87' lang='grc' dir='ltr'>ποιμνίου</span> <span class='ocrx_word' id='word_1_652' title='bbox 443 2467 615 2502; x_wconf 81' lang='grc' dir='ltr'>καταμελῶν,</span> <span class='ocrx_word' id='word_1_653' title='bbox 633 2468 682 2493; x_wconf 76' lang='grc' dir='ltr'><strong>οὐκ</strong></span> <span class='ocrx_word' id='word_1_654' title='bbox 699 2467 872 2503; x_wconf 80' lang='grc' dir='ltr'>ἀτιμώρητος</span> <span class='ocrx_word' id='word_1_655' title='bbox 887 2477 970 2495; x_wconf 84' lang='grc' dir='ltr'>κατα-</span> 
     </span>
    </p>
   </div>
   <div class='ocr_carea' id='block_1_97' title="bbox 182 2509 971 2549">
    <p class='ocr_par' dir='ltr' id='par_1_97' title="bbox 182 2509 971 2549">
     <span class='ocr_line' id='line_1_97' title="bbox 182 2509 971 2549; baseline 0.005 -13"><span class='ocrx_word' id='word_1_656' title='bbox 182 2509 360 2544; x_wconf 84' lang='grc' dir='ltr'>λιμπάνεται,</span> <span class='ocrx_word' id='word_1_657' title='bbox 377 2512 391 2537; x_wconf 84' lang='grc' dir='ltr'><strong>ό</strong></span> <span class='ocrx_word' id='word_1_658' title='bbox 404 2511 458 2538; x_wconf 86' lang='grc' dir='ltr'>τῶν</span> <span class='ocrx_word' id='word_1_659' title='bbox 473 2512 590 2547; x_wconf 85' lang='grc' dir='ltr'>Χριστοῦ</span> <span class='ocrx_word' id='word_1_660' title='bbox 604 2513 769 2548; x_wconf 80' lang='grc' dir='ltr'>θρεμμάτων</span> <span class='ocrx_word' id='word_1_661' title='bbox 784 2513 832 2549; x_wconf 86' lang='grc' dir='ltr'>τὴν</span> <span class='ocrx_word' id='word_1_662' title='bbox 853 2521 971 2548; x_wconf 84' lang='grc' dir='ltr'>ποιμαν-</span> 
     </span>
    </p>
   </div>
   <div class='ocr_carea' id='block_1_98' title="bbox 181 2554 972 2596">
    <p class='ocr_par' dir='ltr' id='par_1_98' title="bbox 181 2554 972 2596">
     <span class='ocr_line' id='line_1_98' title="bbox 181 2554 972 2596; baseline 0.005 -14"><span class='ocrx_word' id='word_1_663' title='bbox 181 2554 262 2591; x_wconf 78' lang='grc' dir='ltr'>τικὴν</span> <span class='ocrx_word' id='word_1_664' title='bbox 275 2557 363 2592; x_wconf 82' lang='grc' dir='ltr'>ἀρχὴν</span> <span class='ocrx_word' id='word_1_665' title='bbox 378 2558 613 2591; x_wconf 81' lang='grc' dir='ltr'>καταπιστευθεὶς,</span> <span class='ocrx_word' id='word_1_666' title='bbox 624 2559 671 2585; x_wconf 78' lang='grc' dir='ltr'>καὶ</span> <span class='ocrx_word' id='word_1_667' title='bbox 686 2559 811 2595; x_wconf 75' lang='grc' dir='ltr'>ῥᾳστώνῃ</span> <span class='ocrx_word' id='word_1_668' title='bbox 826 2559 873 2587; x_wconf 79' lang='grc' dir='ltr'><strong>καὶ</strong></span> <span class='ocrx_word' id='word_1_669' title='bbox 889 2559 972 2596; x_wconf 71' lang='grc' dir='ltr'>ῥαθυ-</span> 
     </span>
    </p>
   </div>
   <div class='ocr_carea' id='block_1_99' title="bbox 184 2601 972 2640">
    <p class='ocr_par' dir='ltr' id='par_1_99' title="bbox 184 2601 972 2640">
     <span class='ocr_line' id='line_1_99' title="bbox 184 2601 972 2640; baseline 0.006 -11"><span class='ocrx_word' id='word_1_670' title='bbox 184 2601 236 2638; x_wconf 76' lang='grc' dir='ltr'><strong>μίᾳ</strong></span> <span class='ocrx_word' id='word_1_671' title='bbox 250 2601 299 2638; x_wconf 86' lang='grc' dir='ltr'>τὴν</span> <span class='ocrx_word' id='word_1_672' title='bbox 313 2603 402 2630; x_wconf 83' lang='grc' dir='ltr'>αὐτῶν</span> <span class='ocrx_word' id='word_1_673' title='bbox 420 2605 556 2640; x_wconf 85' lang='grc' dir='ltr'>σωτηρίαν</span> <span class='ocrx_word' id='word_1_674' title='bbox 575 2605 743 2640; x_wconf 83' lang='grc' dir='ltr'>ἀπεμπολῶν</span> <span class='ocrx_word' id='word_1_675' title='bbox 753 2627 760 2640; x_wconf 93' lang='lat'><strong>,</strong></span> <span class='ocrx_word' id='word_1_676' title='bbox 776 2606 834 2638; x_wconf 84' lang='grc' dir='ltr'>πῶς</span> <span class='ocrx_word' id='word_1_677' title='bbox 849 2607 880 2633; x_wconf 79' lang='grc' dir='ltr'>οὺ</span> <span class='ocrx_word' id='word_1_678' title='bbox 895 2607 972 2639; x_wconf 86' lang='grc' dir='ltr'>δίκας</span> 
     </span>
    </p>
   </div>
   <div class='ocr_carea' id='block_1_100' title="bbox 183 2649 698 2688">
    <p class='ocr_par' dir='ltr' id='par_1_100' title="bbox 183 2649 698 2688">
     <span class='ocr_line' id='line_1_100' title="bbox 183 2649 698 2688; baseline 0.006 -12"><span class='ocrx_word' id='word_1_679' title='bbox 183 2649 231 2676; x_wconf 83' lang='grc' dir='ltr'>τοῦ</span> <span class='ocrx_word' id='word_1_680' title='bbox 251 2649 426 2685; x_wconf 86' lang='grc' dir='ltr'>τολμήματος</span> <span class='ocrx_word' id='word_1_681' title='bbox 445 2651 698 2688; x_wconf 76' lang='grc' dir='ltr'>εὶσπραχθήσεται;</span> 
     </span>
    </p>
   </div>
   <div class='ocr_carea' id='block_1_101' title="bbox 219 2693 972 2734">
    <p class='ocr_par' dir='ltr' id='par_1_101' title="bbox 219 2693 972 2734">
     <span class='ocr_line' id='line_1_101' title="bbox 219 2693 972 2734; baseline 0.004 -13"><span class='ocrx_word' id='word_1_682' title='bbox 219 2693 251 2721; x_wconf 85' lang='grc' dir='ltr'><strong>δ’.</strong></span> <span class='ocrx_word' id='word_1_683' title='bbox 272 2696 451 2732; x_wconf 85' lang='grc' dir='ltr'>Πολυτρόπως</span> <span class='ocrx_word' id='word_1_684' title='bbox 461 2698 474 2723; x_wconf 88' lang='grc' dir='ltr'><strong>ό</strong></span> <span class='ocrx_word' id='word_1_685' title='bbox 487 2697 603 2732; x_wconf 74' lang='grc' dir='ltr'>πονηρὸς</span> <span class='ocrx_word' id='word_1_686' title='bbox 613 2699 659 2724; x_wconf 75' lang='grc' dir='ltr'>τοῦ</span> <span class='ocrx_word' id='word_1_687' title='bbox 674 2699 820 2734; x_wconf 81' lang='grc' dir='ltr'>μοναχικοῦ</span> <span class='ocrx_word' id='word_1_688' title='bbox 834 2700 972 2734; x_wconf 83' lang='grc' dir='ltr'>σχήματος</span> 
     </span>
    </p>
   </div>
   <div class='ocr_carea' id='block_1_102' title="bbox 183 2741 972 2778">
    <p class='ocr_par' dir='ltr' id='par_1_102' title="bbox 183 2741 972 2778">
     <span class='ocr_line' id='line_1_102' title="bbox 183 2741 972 2778; baseline 0.004 -11"><span class='ocrx_word' id='word_1_689' title='bbox 183 2741 216 2767; x_wconf 73' lang='grc' dir='ltr'>τὸ</span> <span class='ocrx_word' id='word_1_690' title='bbox 230 2741 389 2776; x_wconf 76' lang='grc' dir='ltr'>σεϐάσμιον,</span> <span class='ocrx_word' id='word_1_691' title='bbox 402 2743 582 2770; x_wconf 71' lang='grc' dir='ltr'>ἐπονείδιστον</span> <span class='ocrx_word' id='word_1_692' title='bbox 595 2743 680 2770; x_wconf 85' lang='grc' dir='ltr'>θεῖναι</span> <span class='ocrx_word' id='word_1_693' title='bbox 695 2745 912 2778; x_wconf 82' lang='grc' dir='ltr'>κατηγωνίσατο·</span> <span class='ocrx_word' id='word_1_694' title='bbox 925 2744 972 2770; x_wconf 73' lang='grc' dir='ltr'>καὶ</span> 
     </span>
    </p>
   </div>
   <div class='ocr_carea' id='block_1_103' title="bbox 184 2784 972 2825">
    <p class='ocr_par' dir='ltr' id='par_1_103' title="bbox 184 2784 972 2825">
     <span class='ocr_line' id='line_1_103' title="bbox 184 2784 972 2825; baseline 0.004 -12"><span class='ocrx_word' id='word_1_695' title='bbox 184 2786 286 2821; x_wconf 82' lang='grc' dir='ltr'>πολλὴν</span> <span class='ocrx_word' id='word_1_696' title='bbox 297 2784 375 2823; x_wconf 76' lang='grc' dir='ltr'>εὗρεν</span> <span class='ocrx_word' id='word_1_697' title='bbox 389 2789 429 2819; x_wconf 82' lang='grc' dir='ltr'><strong>είς</strong></span> <span class='ocrx_word' id='word_1_698' title='bbox 442 2788 520 2815; x_wconf 84' lang='grc' dir='ltr'>τοῦτο</span> <span class='ocrx_word' id='word_1_699' title='bbox 536 2789 695 2825; x_wconf 84' lang='grc' dir='ltr'>συνδρομὴν,</span> <span class='ocrx_word' id='word_1_700' title='bbox 707 2790 755 2825; x_wconf 85' lang='grc' dir='ltr'>τῆς</span> <span class='ocrx_word' id='word_1_701' title='bbox 767 2790 972 2825; x_wconf 83' lang='grc' dir='ltr'>προκατασχού-</span> 
     </span>
    </p>
   </div>
   <div class='ocr_carea' id='block_1_104' title="bbox 185 2832 970 2871">
    <p class='ocr_par' dir='ltr' id='par_1_104' title="bbox 185 2832 970 2871">
     <span class='ocr_line' id='line_1_104' title="bbox 185 2832 970 2871; baseline 0.003 -12"><span class='ocrx_word' id='word_1_702' title='bbox 185 2840 238 2867; x_wconf 82' lang='grc' dir='ltr'><strong>σης</strong></span> <span class='ocrx_word' id='word_1_703' title='bbox 253 2832 384 2869; x_wconf 72' lang='grc' dir='ltr'>αἱρέσεως</span> <span class='ocrx_word' id='word_1_704' title='bbox 399 2834 444 2860; x_wconf 77' lang='grc' dir='ltr'><strong>τὸν</strong></span> <span class='ocrx_word' id='word_1_705' title='bbox 461 2835 571 2869; x_wconf 85' lang='grc' dir='ltr'>καιρόν·</span> <span class='ocrx_word' id='word_1_706' title='bbox 593 2835 642 2867; x_wconf 81' lang='grc' dir='ltr'>τὰς</span> <span class='ocrx_word' id='word_1_707' title='bbox 667 2835 719 2870; x_wconf 80' lang='grc' dir='ltr'><strong>γὰρ</strong></span> <span class='ocrx_word' id='word_1_708' title='bbox 744 2836 811 2867; x_wconf 79' lang='grc' dir='ltr'>ἰδίας</span> <span class='ocrx_word' id='word_1_709' title='bbox 835 2837 917 2870; x_wconf 86' lang='grc' dir='ltr'>μονὰς</span> <span class='ocrx_word' id='word_1_710' title='bbox 939 2837 970 2871; x_wconf 83' lang='grc' dir='ltr'><strong>τῇ</strong></span> 
     </span>
    </p>
   </div>
   <div class='ocr_carea' id='block_1_105' title="bbox 186 2877 970 2916">
    <p class='ocr_par' dir='ltr' id='par_1_105' title="bbox 186 2877 970 2916">
     <span class='ocr_line' id='line_1_105' title="bbox 186 2877 970 2916; baseline 0.005 -12"><span class='ocrx_word' id='word_1_711' title='bbox 186 2877 293 2913; x_wconf 76' lang='grc' dir='ltr'>ἀνάγκη</span> <span class='ocrx_word' id='word_1_712' title='bbox 304 2879 353 2914; x_wconf 83' lang='grc' dir='ltr'>τῆς</span> <span class='ocrx_word' id='word_1_713' title='bbox 363 2879 494 2915; x_wconf 76' lang='grc' dir='ltr'>αἱρέσεως</span> <span class='ocrx_word' id='word_1_714' title='bbox 506 2882 529 2906; x_wconf 82' lang='grc' dir='ltr'>οἱ</span> <span class='ocrx_word' id='word_1_715' title='bbox 540 2879 700 2914; x_wconf 78' lang='grc' dir='ltr'>μονάζοντες</span> <span class='ocrx_word' id='word_1_716' title='bbox 712 2881 970 2916; x_wconf 79' lang='grc' dir='ltr'>καταλιμπάνοντες,</span> 
     </span>
    </p>
   </div>
   <div class='ocr_carea' id='block_1_106' title="bbox 1020 2283 1805 2323">
    <p class='ocr_par' dir='ltr' id='par_1_106' title="bbox 1020 2283 1805 2323">
     <span class='ocr_line' id='line_1_106' title="bbox 1020 2283 1805 2323; baseline -0.006 -9"><span class='ocrx_word' id='word_1_717' title='bbox 1020 2291 1135 2323; x_wconf 76' lang='lat' dir='ltr'><strong>grnente</strong></span> <span class='ocrx_word' id='word_1_718' title='bbox 1152 2286 1286 2313; x_wconf 87' lang='lat' dir='ltr'><strong>medicina</strong></span> <span class='ocrx_word' id='word_1_719' title='bbox 1307 2285 1334 2312; x_wconf 91' lang='lat' dir='ltr'><strong>id</strong></span> <span class='ocrx_word' id='word_1_720' title='bbox 1349 2284 1421 2319; x_wconf 91' lang='lat' dir='ltr'><strong>quod</strong></span> <span class='ocrx_word' id='word_1_721' title='bbox 1438 2283 1535 2311; x_wconf 88' lang='lat' dir='ltr'><strong>morbo</strong></span> <span class='ocrx_word' id='word_1_722' title='bbox 1551 2283 1677 2310; x_wconf 80' lang='lat' dir='ltr'><strong>aﬂ&#39;ectum</strong></span> <span class='ocrx_word' id='word_1_723' title='bbox 1693 2287 1736 2310; x_wconf 88' lang='lat' dir='ltr'><strong>est</strong></span> <span class='ocrx_word' id='word_1_724' title='bbox 1751 2290 1805 2310; x_wconf 92' lang='lat' dir='ltr'><strong>non</strong></span> 
     </span>
    </p>
   </div>
   <div class='ocr_carea' id='block_1_107' title="bbox 1023 2329 1804 2367">
    <p class='ocr_par' dir='ltr' id='par_1_107' title="bbox 1023 2329 1804 2367">
     <span class='ocr_line' id='line_1_107' title="bbox 1023 2329 1804 2367; baseline -0.006 -7"><span class='ocrx_word' id='word_1_725' title='bbox 1023 2335 1174 2367; x_wconf 88' lang='lat' dir='ltr'><strong>recuperat,</strong></span> <span class='ocrx_word' id='word_1_726' title='bbox 1199 2336 1227 2358; x_wconf 89' lang='lat' dir='ltr'><strong>et</strong></span> <span class='ocrx_word' id='word_1_727' title='bbox 1251 2331 1413 2358; x_wconf 82' lang='lat' dir='ltr'><strong>continuare</strong></span> <span class='ocrx_word' id='word_1_728' title='bbox 1427 2329 1579 2362; x_wconf 89' lang='lat' dir='ltr'><strong>contendit,</strong></span> <span class='ocrx_word' id='word_1_729' title='bbox 1596 2329 1692 2356; x_wconf 85' lang='lat' dir='ltr'><strong>statuit</strong></span> <span class='ocrx_word' id='word_1_730' title='bbox 1709 2333 1804 2356; x_wconf 87' lang='lat' dir='ltr'><strong>sancta</strong></span> 
     </span>
    </p>
   </div>
   <div class='ocr_carea' id='block_1_108' title="bbox 1022 2374 1806 2414">
    <p class='ocr_par' dir='ltr' id='par_1_108' title="bbox 1022 2374 1806 2414">
     <span class='ocr_line' id='line_1_108' title="bbox 1022 2374 1806 2414; baseline -0.006 -8"><span class='ocrx_word' id='word_1_731' title='bbox 1022 2378 1143 2414; x_wconf 86' lang='lat' dir='ltr'><strong>synodus</strong></span> <span class='ocrx_word' id='word_1_732' title='bbox 1167 2385 1229 2405; x_wconf 91' lang='lat' dir='ltr'><strong>eum</strong></span> <span class='ocrx_word' id='word_1_733' title='bbox 1251 2375 1433 2412; x_wconf 72' lang='lat' dir='ltr'><strong>segregationi</strong></span> <span class='ocrx_word' id='word_1_734' title='bbox 1456 2375 1566 2410; x_wconf 87' lang='lat' dir='ltr'><strong>subjici.</strong></span> <span class='ocrx_word' id='word_1_735' title='bbox 1599 2374 1626 2402; x_wconf 89' lang='lat' dir='ltr'><strong>Si</strong></span> <span class='ocrx_word' id='word_1_736' title='bbox 1649 2375 1734 2408; x_wconf 86' lang='lat' dir='ltr'><strong>enim,</strong></span> <span class='ocrx_word' id='word_1_737' title='bbox 1761 2375 1806 2402; x_wconf 90' lang='lat' dir='ltr'><strong>cui</strong></span> 
     </span>
    </p>
   </div>
   <div class='ocr_carea' id='block_1_109' title="bbox 1021 2421 1806 2456">
    <p class='ocr_par' dir='ltr' id='par_1_109' title="bbox 1021 2421 1806 2456">
     <span class='ocr_line' id='line_1_109' title="bbox 1021 2421 1806 2456; baseline -0.006 -4"><span class='ocrx_word' id='word_1_738' title='bbox 1021 2424 1180 2452; x_wconf 88' lang='lat' dir='ltr'><strong>animalium</strong></span> <span class='ocrx_word' id='word_1_739' title='bbox 1205 2423 1312 2451; x_wconf 87' lang='lat' dir='ltr'><strong>ratione</strong></span> <span class='ocrx_word' id='word_1_740' title='bbox 1343 2422 1494 2449; x_wconf 77' lang='lat' dir='ltr'><strong>carentium</strong></span> <span class='ocrx_word' id='word_1_741' title='bbox 1517 2421 1676 2456; x_wconf 64' lang='lat' dir='ltr'><strong>praefectura</strong></span> <span class='ocrx_word' id='word_1_742' title='bbox 1704 2421 1806 2448; x_wconf 84' lang='lat' dir='ltr'><strong>credita</strong></span> 
     </span>
    </p>
   </div>
   <div class='ocr_carea' id='block_1_110' title="bbox 1021 2466 1806 2504">
    <p class='ocr_par' dir='ltr' id='par_1_110' title="bbox 1021 2466 1806 2504">
     <span class='ocr_line' id='line_1_110' title="bbox 1021 2466 1806 2504; baseline -0.005 -7"><span class='ocrx_word' id='word_1_743' title='bbox 1021 2475 1074 2502; x_wconf 89' lang='lat' dir='ltr'><strong>est,</strong></span> <span class='ocrx_word' id='word_1_744' title='bbox 1089 2473 1196 2504; x_wconf 79' lang='lat' dir='ltr'><strong>gregem</strong></span> <span class='ocrx_word' id='word_1_745' title='bbox 1212 2468 1335 2503; x_wconf 78' lang='lat' dir='ltr'><strong>negligit,</strong></span> <span class='ocrx_word' id='word_1_746' title='bbox 1361 2467 1388 2494; x_wconf 94' lang='lat' dir='ltr'><strong>id</strong></span> <span class='ocrx_word' id='word_1_747' title='bbox 1410 2475 1463 2494; x_wconf 93' lang='lat' dir='ltr'><strong>non</strong></span> <span class='ocrx_word' id='word_1_748' title='bbox 1480 2467 1590 2501; x_wconf 90' lang='lat' dir='ltr'><strong>impune</strong></span> <span class='ocrx_word' id='word_1_749' title='bbox 1604 2466 1704 2500; x_wconf 73' lang='lat' dir='ltr'><strong>aufert,</strong></span> <span class='ocrx_word' id='word_1_750' title='bbox 1720 2466 1743 2494; x_wconf 83' lang='lat' dir='ltr'><strong>is</strong></span> <span class='ocrx_word' id='word_1_751' title='bbox 1756 2474 1806 2493; x_wconf 87' lang='lat' dir='ltr'><strong>cu-</strong></span> 
     </span>
    </p>
   </div>
   <div class='ocr_carea' id='block_1_111' title="bbox 1020 2513 1805 2550">
    <p class='ocr_par' dir='ltr' id='par_1_111' title="bbox 1020 2513 1805 2550">
     <span class='ocr_line' id='line_1_111' title="bbox 1020 2513 1805 2550; baseline -0.004 -8"><span class='ocrx_word' id='word_1_752' title='bbox 1020 2515 1065 2550; x_wconf 84' lang='lat' dir='ltr'><strong>jus</strong></span> <span class='ocrx_word' id='word_1_753' title='bbox 1080 2514 1140 2542; x_wconf 76' lang='lat' dir='ltr'><strong>fidei</strong></span> <span class='ocrx_word' id='word_1_754' title='bbox 1154 2513 1256 2542; x_wconf 84' lang='lat' dir='ltr'><strong>Christi</strong></span> <span class='ocrx_word' id='word_1_755' title='bbox 1280 2513 1389 2548; x_wconf 86' lang='lat' dir='ltr'><strong>pecoris</strong></span> <span class='ocrx_word' id='word_1_756' title='bbox 1408 2513 1551 2548; x_wconf 88' lang='lat' dir='ltr'><strong>imperium</strong></span> <span class='ocrx_word' id='word_1_757' title='bbox 1563 2513 1740 2541; x_wconf 86' lang='lat' dir='ltr'><strong>commissum</strong></span> <span class='ocrx_word' id='word_1_758' title='bbox 1753 2518 1805 2543; x_wconf 86' lang='lat' dir='ltr'><strong>est,</strong></span> 
     </span>
    </p>
   </div>
   <div class='ocr_carea' id='block_1_112' title="bbox 1023 2559 1807 2594">
    <p class='ocr_par' dir='ltr' id='par_1_112' title="bbox 1023 2559 1807 2594">
     <span class='ocr_line' id='line_1_112' title="bbox 1023 2559 1807 2594; baseline -0.004 -7"><span class='ocrx_word' id='word_1_759' title='bbox 1023 2565 1050 2587; x_wconf 86' lang='lat' dir='ltr'><strong>et</strong></span> <span class='ocrx_word' id='word_1_760' title='bbox 1087 2559 1212 2588; x_wconf 86' lang='lat' dir='ltr'><strong>socordia</strong></span> <span class='ocrx_word' id='word_1_761' title='bbox 1247 2566 1280 2587; x_wconf 89' lang='lat' dir='ltr'><strong>ac</strong></span> <span class='ocrx_word' id='word_1_762' title='bbox 1305 2559 1469 2594; x_wconf 77' lang='lat' dir='ltr'><strong>negligentia</strong></span> <span class='ocrx_word' id='word_1_763' title='bbox 1495 2567 1590 2586; x_wconf 88' lang='lat' dir='ltr'><strong>eorum</strong></span> <span class='ocrx_word' id='word_1_764' title='bbox 1621 2559 1736 2586; x_wconf 86' lang='lat' dir='ltr'><strong>salutem</strong></span> <span class='ocrx_word' id='word_1_765' title='bbox 1762 2566 1807 2584; x_wconf 89' lang='lat' dir='ltr'><strong>ve-</strong></span> 
     </span>
    </p>
   </div>
   <div class='ocr_carea' id='block_1_113' title="bbox 1023 2603 1807 2640">
    <p class='ocr_par' dir='ltr' id='par_1_113' title="bbox 1023 2603 1807 2640">
     <span class='ocr_line' id='line_1_113' title="bbox 1023 2603 1807 2640; baseline -0.003 -8"><span class='ocrx_word' id='word_1_766' title='bbox 1023 2605 1137 2638; x_wconf 89' lang='lat' dir='ltr'><strong>nundat,</strong></span> <span class='ocrx_word' id='word_1_767' title='bbox 1162 2605 1256 2640; x_wconf 88' lang='lat' dir='ltr'><strong>quidni</strong></span> <span class='ocrx_word' id='word_1_768' title='bbox 1286 2604 1398 2632; x_wconf 86' lang='lat' dir='ltr'><strong>audacis</strong></span> <span class='ocrx_word' id='word_1_769' title='bbox 1418 2605 1478 2639; x_wconf 81' lang='lat' dir='ltr'><strong>ejus</strong></span> <span class='ocrx_word' id='word_1_770' title='bbox 1503 2605 1601 2639; x_wconf 91' lang='lat' dir='ltr'><strong>incepti</strong></span> <span class='ocrx_word' id='word_1_771' title='bbox 1626 2611 1712 2638; x_wconf 77' lang='lat' dir='ltr'><strong>poena:</strong></span> <span class='ocrx_word' id='word_1_772' title='bbox 1725 2603 1760 2630; x_wconf 86' lang='lat' dir='ltr'><strong>ab</strong></span> <span class='ocrx_word' id='word_1_773' title='bbox 1774 2609 1807 2630; x_wconf 87' lang='lat' dir='ltr'><strong>eo</strong></span> 
     </span>
    </p>
   </div>
   <div class='ocr_carea' id='block_1_114' title="bbox 1022 2651 1187 2686">
    <p class='ocr_par' dir='ltr' id='par_1_114' title="bbox 1022 2651 1187 2686">
     <span class='ocr_line' id='line_1_114' title="bbox 1022 2651 1187 2686; baseline 0.006 -9"><span class='ocrx_word' id='word_1_774' title='bbox 1022 2651 1187 2686; x_wconf 63' lang='lat' dir='ltr'><strong>exiguntur?</strong></span> 
     </span>
    </p>
   </div>
   <div class='ocr_carea' id='block_1_115' title="bbox 1057 2696 1808 2730">
    <p class='ocr_par' dir='ltr' id='par_1_115' title="bbox 1057 2696 1808 2730">
     <span class='ocr_line' id='line_1_115' title="bbox 1057 2696 1808 2730; baseline -0.003 -7"><span class='ocrx_word' id='word_1_775' title='bbox 1057 2697 1082 2723; x_wconf 71' lang='grc'><strong>4.</strong></span> <span class='ocrx_word' id='word_1_776' title='bbox 1106 2696 1196 2723; x_wconf 81' lang='lat' dir='ltr'><strong>Multis</strong></span> <span class='ocrx_word' id='word_1_777' title='bbox 1212 2696 1299 2724; x_wconf 90' lang='lat' dir='ltr'><strong>tnodis</strong></span> <span class='ocrx_word' id='word_1_778' title='bbox 1327 2697 1460 2730; x_wconf 70' lang='lat' dir='ltr'><strong>malignus</strong></span> <span class='ocrx_word' id='word_1_779' title='bbox 1487 2697 1667 2723; x_wconf 82' lang='lat' dir='ltr'><strong>tnouasticum</strong></span> <span class='ocrx_word' id='word_1_780' title='bbox 1694 2701 1808 2722; x_wconf 81' lang='lat' dir='ltr'><strong>venena-</strong></span> 
     </span>
    </p>
   </div>
   <div class='ocr_carea' id='block_1_116' title="bbox 1025 2740 1808 2777">
    <p class='ocr_par' dir='ltr' id='par_1_116' title="bbox 1025 2740 1808 2777">
     <span class='ocr_line' id='line_1_116' title="bbox 1025 2740 1808 2777; baseline -0.004 -8"><span class='ocrx_word' id='word_1_781' title='bbox 1025 2742 1106 2769; x_wconf 91' lang='lat' dir='ltr'><strong>bilem</strong></span> <span class='ocrx_word' id='word_1_782' title='bbox 1136 2741 1258 2768; x_wconf 84' lang='lat' dir='ltr'><strong>habitum</strong></span> <span class='ocrx_word' id='word_1_783' title='bbox 1282 2742 1444 2777; x_wconf 83' lang='lat' dir='ltr'><strong>probrosum</strong></span> <span class='ocrx_word' id='word_1_784' title='bbox 1476 2742 1580 2768; x_wconf 77' lang='lat' dir='ltr'><strong>etlicere</strong></span> <span class='ocrx_word' id='word_1_785' title='bbox 1606 2740 1755 2772; x_wconf 86' lang='lat' dir='ltr'><strong>contendit,</strong></span> <span class='ocrx_word' id='word_1_786' title='bbox 1781 2745 1808 2767; x_wconf 83' lang='lat' dir='ltr'><strong>et</strong></span> 
     </span>
    </p>
   </div>
   <div class='ocr_carea' id='block_1_117' title="bbox 1024 2785 1810 2822">
    <p class='ocr_par' dir='ltr' id='par_1_117' title="bbox 1024 2785 1810 2822">
     <span class='ocr_line' id='line_1_117' title="bbox 1024 2785 1810 2822; baseline -0.005 -7"><span class='ocrx_word' id='word_1_787' title='bbox 1024 2795 1151 2822; x_wconf 75' lang='lat' dir='ltr'><strong>magnum</strong></span> <span class='ocrx_word' id='word_1_788' title='bbox 1167 2794 1226 2813; x_wconf 73' lang='lat' dir='ltr'><strong>rant</strong></span> <span class='ocrx_word' id='word_1_789' title='bbox 1255 2788 1288 2814; x_wconf 80' lang='lat' dir='ltr'><strong>ad</strong></span> <span class='ocrx_word' id='word_1_790' title='bbox 1307 2795 1363 2814; x_wconf 80' lang='lat' dir='ltr'><strong>rem</strong></span> <span class='ocrx_word' id='word_1_791' title='bbox 1381 2788 1512 2815; x_wconf 80' lang='lat' dir='ltr'><strong>auxilium</strong></span> <span class='ocrx_word' id='word_1_792' title='bbox 1539 2785 1728 2820; x_wconf 87' lang='lat' dir='ltr'><strong>invenit_ejus,</strong></span> <span class='ocrx_word' id='word_1_793' title='bbox 1747 2793 1810 2820; x_wconf 71' lang='lat' dir='ltr'><strong>quae</strong></span> 
     </span>
    </p>
   </div>
   <div class='ocr_carea' id='block_1_118' title="bbox 1024 2831 1806 2870">
    <p class='ocr_par' dir='ltr' id='par_1_118' title="bbox 1024 2831 1806 2870">
     <span class='ocr_line' id='line_1_118' title="bbox 1024 2831 1806 2870; baseline -0.005 -8"><span class='ocrx_word' id='word_1_794' title='bbox 1024 2835 1178 2870; x_wconf 63' lang='lat' dir='ltr'><strong>praecessit,</strong></span> <span class='ocrx_word' id='word_1_795' title='bbox 1202 2834 1314 2861; x_wconf 71' lang='lat' dir='ltr'><strong>haeresis</strong></span> <span class='ocrx_word' id='word_1_796' title='bbox 1333 2838 1449 2868; x_wconf 81' lang='lat' dir='ltr'><strong>tempus.</strong></span> <span class='ocrx_word' id='word_1_797' title='bbox 1474 2832 1584 2866; x_wconf 85' lang='lat' dir='ltr'><strong>Propria</strong></span> <span class='ocrx_word' id='word_1_798' title='bbox 1611 2831 1683 2859; x_wconf 80' lang='lat' dir='ltr'><strong>enim</strong></span> <span class='ocrx_word' id='word_1_799' title='bbox 1710 2839 1806 2858; x_wconf 78' lang='lat' dir='ltr'><strong>mona-</strong></span> 
     </span>
    </p>
   </div>
   <div class='ocr_carea' id='block_1_119' title="bbox 1023 2878 1804 2912">
    <p class='ocr_par' dir='ltr' id='par_1_119' title="bbox 1023 2878 1804 2912">
     <span class='ocr_line' id='line_1_119' title="bbox 1023 2878 1804 2912; baseline -0.003 -4"><span class='ocrx_word' id='word_1_800' title='bbox 1023 2880 1104 2909; x_wconf 84' lang='lat' dir='ltr'><strong>steria</strong></span> <span class='ocrx_word' id='word_1_801' title='bbox 1131 2881 1242 2908; x_wconf 65' lang='lat' dir='ltr'><strong>haeresis</strong></span> <span class='ocrx_word' id='word_1_802' title='bbox 1268 2880 1429 2907; x_wconf 81' lang='lat' dir='ltr'><strong>necessitate</strong></span> <span class='ocrx_word' id='word_1_803' title='bbox 1456 2879 1639 2912; x_wconf 73' lang='lat' dir='ltr'><strong>relinquentes</strong></span> <span class='ocrx_word' id='word_1_804' title='bbox 1666 2878 1804 2909; x_wconf 84' lang='lat' dir='ltr'><strong>monachi,</strong></span> 
     </span>
    </p>
   </div>
  </div>
