1951 3071
185 199 234 232 851

759 195 887 226 ΡΗΟΤΙΙ
902 194 1151 225 PATRIARCH/E
1171 196 1224 226 ΟΡ.

1744 189 1797 220 852

185 257 212 284 hi
229 255 339 291 quidem
354 255 388 284 ad
401 256 464 289 alia,
486 254 524 282 illi
546 261 611 281 vero
634 253 715 280 etiam
738 252 771 279 ad
788 251 960 279 saecularium

1024 251 1038 277 ιί
1054 251 1104 285 μὲν
1120 253 1160 283 είς
1176 250 1282 285 ἑτέρας,
1298 250 1323 276 οι
1348 249 1377 276 δὲ
1395 245 1450 275 ’καὶ
1475 247 1515 278 είς
1538 245 1677 291 κοσμικὶον

184 302 307 330 virorum
327 301 482 330 habitacula
497 308 526 329 se
541 299 752 327 transferebant.
776 297 964 325 Verumenim-

183 347 362 383 vero,363
381 346 454 382 quod
479 351 544 373 tunc
570 344 604 372 ab
630 344 684 371 illis
701 347 810 378 propter
837 343 964 377 pietatem

184 392 308 426 factum,
333 400 381 420 θος
401 391 551 419 laudandos
578 390 753 423 beandosque
774 388 916 422 efﬁciebat,
937 389 964 416 in

185 447 277 468 mores
292 444 308 467 a
324 439 428 466 ratione
442 438 546 465 alienos
570 443 742 468 conversum,
760 442 808 463 eos
832 435 894 470 jure
916 434 965 462 de-

185 485 316 513 ridendos
342 484 434 512 eﬂicit.
448 484 515 511 Cum
540 483 613 510 enim
639 482 696 518 jam
715 481 814 516 ubique
832 485 964 508 terrarum

184 534 330 565 propagata
364 529 400 556 sit
424 528 529 562 religio,
548 531 575 554 et
600 525 721 554 Ecclesia
748 533 763 553 a
786 525 966 553 scandalis'et

185 575 384 602 oﬂensionibus
397 573 523 606 liberata,
536 571 647 607 quidam
662 571 750 598 adhuc
762 578 778 597 θ
792 570 850 597 suis
869 577 966 597 mona-

185 620 275 649 steriis
288 619 464 651 excedentes,
491 622 520 646 et
546 622 674 652 tanquam
694 615 824 643 fluentum
841 614 964 650 aliquod,

185 666 257 701 quod
281 665 401 694 cohiberi
423 672 477 692 non
503 667 606 698 potest,
632 669 705 688 nunc
732 661 797 688 illuc
823 667 852 688 se
873 660 966 687 confe-

185 716 291 744 rentes,
305 715 332 738 et
348 710 517 739 conﬂuentes
531 730 538 742 ,
560 707 724 735 monasteria
748 706 857 742 quidem
880 706 966 733 multa

186 757 357 785 immodestia
384 755 502 791 replent.
516 759 543 781 et
567 753 682 781 multam
705 753 756 780 sibi
777 751 965 779 confusionem

186 803 418 838 petulantiamqne
430 802 556 836 afferunt,
568 800 782 834 obedientiteque
797 799 965 827 honestatem

186 849 342 877 convellunt
365 856 397 876 ac
421 848 550 883 perdunt.
577 846 629 874 Sed
656 853 750 875 eorum
772 844 925 872 instabilem
940 849 967 871 et

186 901 241 921 non
258 893 396 922 ferendam
415 893 607 928 appetitionem
624 898 752 918 resecans
766 895 860 918 sancta
884 896 967 925 syno-

186 941 248 972 dus.
267 941 361 968 statuit
375 944 414 973 ut,
428 939 451 967 si
468 939 529 974 quis
545 938 694 966 monachus
712 945 727 964 a
747 936 857 971 proprio
886 935 967 963 aufu-

186 985 264 1021 giens
291 985 474 1017 monasterio,
502 984 542 1011 vel
565 991 595 1011 se
623 984 650 1010 in
675 983 747 1010 aliud
771 974 968 1010 monasterium.

186 1030 321 1063 conferat.
333 1032 374 1059 vel
407 1031 434 1058 in
460 1030 592 1058 saacnlare
619 1028 804 1057 habitaculum
834 1029 968 1063 ingredia-

186 1075 251 1110 tur;
277 1077 336 1112 ipse
365 1081 392 1104 et
422 1076 469 1111 qtti
503 1083 565 1103 eum
590 1076 710 1110 suscepit
736 1079 892 1110 segregatus
920 1074 967 1105 sit.

186 1122 274 1150 donec
310 1122 356 1157 qui
380 1121 505 1156 aufugit.
535 1121 562 1148 in
589 1120 616 1148 id
650 1120 845 1148 monasterium
872 1127 887 1147 a
914 1126 968 1154 quo

187 1167 309 1203 improbe
329 1172 489 1198 recesserat.
512 1170 676 1194 revertatur.
694 1166 746 1194 Sed
771 1166 793 1194 si
822 1166 967 1201 episcopus

187 1213 296 1246 quidem
324 1212 357 1240 de
378 1211 571 1239 nonnullorum
586 1211 785 1238 monachorum
816 1211 916 1246 pietate
940 1215 968 1239 et

189 1258 250 1285 vitze
276 1258 410 1292 probitate
425 1257 459 1284 ab
477 1257 581 1285 idoneis
597 1258 713 1285 testibus
742 1257 844 1284 certior
867 1256 966 1290 factus,

187 1302 215 1328 in
239 1301 312 1329 aliud
328 1301 526 1328 monasterium
543 1300 576 1327 ad
595 1301 654 1335 ejus
671 1301 892 1328 constitutionem
919 1308 968 1328 eos

189 1344 336 1372 transferre
360 1343 485 1375 voluerit,
503 1343 545 1370 vel
561 1343 589 1370 in
614 1344 724 1372 domum
742 1344 914 1375 satoularem,
934 1345 968 1372 ad

187 1399 293 1423 eorum.
317 1391 364 1425 qui
399 1391 561 1424 inhabitant,
581 1391 707 1423 salutem,
732 1390 913 1418 traducendos
938 1397 985 1418 eos

984 924 1005 951 B

1016 296 1180 332 μετέπιπτον
1203 295 1376 330 καταγώγια·
1399 293 1466 320 ἀλλὰ
1488 292 1542 327 γὰρ
1566 291 1634 325 ὅπερ
1649 289 1739 320 αὺτοῖς
1760 288 1801 315 δι’

1015 342 1158 368 εὐσέϐειαν
1169 341 1228 368 τότε
1245 340 1439 376 πραττόμενον,
1449 335 1633 372 μακαριστοὺς
1641 334 1800 368 ἀπέφαινεν,

1015 389 1055 420 είς
1064 387 1123 419 ἔθος
1133 387 1228 421 ἄλογον
1238 385 1398 421 μεταπεσὸν,
1405 382 1621 418 καταγελάστους
1635 379 1784 414 παρίστησι
1791 385 1799 392 ’

1016 432 1154 469 πανταχοῦ
1176 433 1230 468 γάρ
1249 432 1297 459 νῦν
1310 431 1360 466 τῆς
1377 429 1517 461 εὐσεϐείας
1533 425 1736 463 ὲξηπλωμένηςι
1753 423 1802 450 καὶ

1017 478 1171 506 σκανδάλων
1186 478 1235 513 τῆς
1247 476 1408 511 Ἐκκλησίας
1431 473 1653 510 ἀπηλλαγμένης,
1669 471 1709 497 ἔτι
1730 469 1802 500 τινὲς

1017 525 1070 552 τῶν
1083 524 1190 551 οἰκείων
1203 523 1389 558 μοναστηρίων
1402 519 1610 554 ἀποφοιτῶντες,
1620 518 1667 544 καὶ
1676 515 1800 550 καθάπερ

1016 578 1043 596 τι
1063 568 1151 604 ῥεῦμα
1165 567 1358 600 δυσκάθεκτον,
1372 562 1422 593 ὦδε
1444 565 1555 592 κάκεῖσε
1577 559 1802 598 μεταγγιζόμενοί

1016 623 1047 641 τε
1064 614 1111 640 καὶ
1129 613 1334 650 μεταρρέοντεςς
1346 611 1446 645 πολλῆς
1460 610 1509 646 μὲν
1521 609 1570 645 τῆς
1584 606 1720 642 ἀκοσμίας
1731 605 1802 639 πλη-

1018 660 1094 696 ροῦσι
1110 659 1144 686 τὰ
1160 659 1338 694 μοναστήρια,
1350 656 1450 691 πολλὴν
1464 655 1492 682 δὲ
1506 655 1555 689 τὴν
1570 653 1681 687 ἀταξίαν
1696 652 1803 682 ἑαυτοῖς

1018 704 1279 740 συνεισκωμάζουσι,
1297 704 1342 731 καὶ
1357 702 1407 738 τῆς
1422 700 1562 735 ὑποταγῆς
1581 699 1613 725 τδ
1628 697 1725 733 σεμνὸν
1745 697 1804 724 δια-

1018 749 1106 777 σπῶσι
1133 758 1163 775 τε
1190 749 1238 775 καὶ
1271 747 1535 782 καταλυμαίνονται·
1564 743 1631 771 ἀλλά
1655 742 1759 769 τούτων
1772 741 1804 767 τὸ

1017 795 1133 823 ἄστατον
1149 795 1199 830 τῆς
1211 793 1299 829 ὁρμῆς
1316 793 1363 820 καὶ
1377 791 1562 819 ἀνυπότακτον
1576 790 1594 825 ἡ
1612 788 1679 822 ἁγία
1695 786 1804 817 σύνοδος

1017 841 1217 872 ἀνακόπτοῡσα,
1240 839 1340 875 ὥρισεν
1363 838 1406 865 ῐνα
1422 837 1504 868 εἴτις
1523 835 1638 872 μοναχὸς
1659 834 1709 869 τῆς
1734 832 1804 863 ιδίας

1018 889 1176 924 ἀποδράσας
1199 887 1292 923 μονῆς,
1308 887 1324 922 ἢ
1341 887 1381 917 είς
1394 885 1487 920 ἓτερον
1502 882 1642 920 μεταπέσῃ
1666 879 1803 916 μοναστή-

1020 943 1086 971 ριον,
1100 934 1118 970 ἢ
1142 934 1182 966 είς
1198 934 1329 969 κοσμικδν
1345 931 1507 967 είσκωμάσῃ
1523 928 1704 964 καταγώγιον,
1722 925 1804 957 αὐτὸς

1018 989 1048 1007 τε
1066 981 1114 1007 καὶ
1130 981 1144 1006 ὀ
1158 979 1250 1005 τοῦτον
1267 978 1465 1012 ὑποδεξάμενος
1479 974 1668 1010 ἀφωρισμένος
1681 972 1735 1008 εἴη,
1750 971 1804 1002 ἕως

1020 1026 1052 1053 ἂν
1060 1027 1074 1052 ὁ
1082 1024 1231 1060 ἀποφυγὼν
1246 1023 1391 1059 ἐπανέλθῃ,
1401 1023 1429 1056 ἐξ
1437 1020 1471 1059 ἦς
1479 1021 1571 1052 κακῶς
1584 1019 1695 1052 ἐξέπεσε
1708 1017 1804 1053 μονῆς·

1019 1072 1044 1098 εί
1068 1071 1118 1106 μέν
1133 1079 1174 1097 τοι
1189 1079 1221 1104 γε
1237 1070 1251 1096 ὁ
1266 1069 1414 1100 ἐπίσκοπός
1436 1075 1512 1099 τινας
1532 1066 1586 1093 τῶν
1611 1064 1735 1101 μοναχῶν
1758 1062 1804 1089 ἐπὶ

1020 1117 1148 1153 εὐλαϐείᾳ
1171 1117 1219 1144 καὶ
1245 1117 1302 1152 βίον
1325 1115 1468 1151 σεμνότητι
1494 1111 1741 1150 μαρτυρουμένους,
1764 1110 1805 1140 εις

1019 1163 1112 1198 ἕτερον
1128 1162 1308 1198 μοναστήριον
1321 1161 1368 1188 ἐπὶ
1381 1160 1547 1188 καταστάσει
1563 1158 1613 1193 τῆς
1628 1156 1711 1192 μονῆς
1725 1155 1806 1189 Θελή-

1021 1217 1064 1235 σοι
1080 1207 1272 1243 μετακομίσαι,
1287 1207 1303 1243 ἢ
1320 1207 1368 1234 καὶ
1382 1206 1421 1238 είς
1438 1204 1574 1240 κοσμικὴν
1588 1203 1677 1230 οίκίαν
1689 1202 1735 1227 ἐπὶ
1750 1209 1805 1227 σω-

1020 1254 1102 1288 τηρίᾳ.
1116 1253 1169 1280 τῶν
1185 1252 1359 1283 ἐνοικούντων
1372 1251 1516 1286 δοκιμάσοι
1532 1248 1710 1283 καταστῆσαι,
1723 1246 1740 1281 ἢ
1755 1246 1804 1272 ἀλ·-

1021 1300 1118 1334 λαχόσε
1136 1299 1276 1334 εὑδοκήσοι
1289 1298 1433 1333 ἐπιστῆσαι
1442 1318 1450 1331 ,
1467 1295 1545 1323 τοῦτο
1559 1294 1621 1322 οὔτε
1633 1294 1697 1325 τοὺς
1709 1291 1805 1318 ὑποδε-

1023 1346 1165 1381 χομένους,
1186 1344 1247 1371 οὔτε
1261 1344 1323 1376 τοὺς
1341 1343 1484 1379 μοναχοὺς,
1500 1340 1643 1371 ὑποδίκους
1656 1338 1776 1374 ποιήσει.

1024 1392 1182 1424 censuerit,
1198 1391 1240 1418 vel
1270 1389 1297 1418 in
1325 1390 1379 1417 alio
1406 1388 1503 1424 quovis
1529 1387 1589 1415 loco
1616 1382 1806 1420 praeficiendos

187 1437 294 1466 emteris
317 1437 440 1470 duxerit,
467 1437 519 1464 hoc
547 1444 634 1472 neque
659 1436 709 1469 iis,
735 1436 782 1470 qui
802 1435 968 1470 suscipiunt,
989 1443 1039 1463 nec
1058 1435 1125 1471 ipsis
1151 1435 1293 1464 monachis
1317 1434 1405 1461 fraudi
1430 1433 1490 1460 erit.

223 1485 251 1513 5.
272 1484 338 1518 Quae
355 1489 467 1517 temere,
491 1489 519 1512 et
542 1484 601 1512 sine
624 1483 728 1518 judicio
749 1490 782 1510 ac
808 1482 967 1517 probatione

188 1532 266 1562 fiunt,
286 1530 514 1563 renuntiationes,
536 1530 609 1557 bono
626 1529 778 1557 monastico
795 1528 885 1556 ortlinl
911 1535 969 1555 ma-

188 1582 270 1608 gnum
290 1574 387 1602 afferre
400 1574 608 1602 incommodum
641 1574 804 1602 invenimus.
823 1573 851 1600 lu
874 1580 968 1601 mona-

188 1621 282 1653 sticam
309 1620 381 1648 enim
410 1622 493 1649 vitam
520 1628 549 1648 se
578 1619 658 1648 facile
688 1620 857 1655 injicientes,
883 1623 911 1646 et
935 1618 969 1645 ad

188 1674 314 1702 asperam
334 1670 361 1694 et
384 1665 550 1694 laboriosam
566 1665 786 1693 exercitationem
807 1672 837 1692 se
852 1664 971 1699 segniter

189 1718 338 1749 gerentes,
364 1714 398 1741 ad
427 1713 563 1741 carnalem
607 1717 634 1740 et
676 1711 855 1747 voluptariam
885 1711 969 1738 vitam

189 1767 286 1787 rursus
303 1759 404 1786 misere
420 1762 605 1786 revertuntur.
627 1757 773 1792 Propterea
795 1764 859 1792 ergo
876 1757 971 1784 statuit

191 1809 285 1833 sancta
305 1805 441 1840 synodus,
468 1809 498 1832 ut
525 1811 606 1832 nemo
629 1803 782 1831 monastico
808 1802 902 1830 habitu
930 1802 971 1830 di-

190 1858 259 1885 gnus
287 1855 417 1885 putetur,
440 1850 516 1885 prius
550 1858 632 1885 quam
660 1850 768 1877 triennii
799 1855 906 1884 tempus
937 1849 970 1877 ad

190 1894 384 1929 experiendum
412 1895 451 1922 eis
479 1895 612 1925 relictum.
630 1902 678 1922 eos
706 1902 767 1923 esse
787 1895 919 1930 probatos
943 1899 972 1922 et

191 1939 238 1967 tali
267 1947 327 1968 esse
355 1939 408 1966 vita
436 1939 533 1974 dignos
557 1939 638 1975 367
670 1940 837 1973 ostenderit;
860 1943 886 1967 et
915 1940 971 1968 lnec

190 1985 265 2013 omni
295 1985 376 2012 modo
403 1985 541 2012 observari
561 1985 710 2020 praecepit.
737 1990 916 2020 prwterqnam
949 1985 971 2013 si

191 2031 280 2066 gravis
295 2029 395 2065 aliquis
410 2030 522 2058 morbus
539 2030 660 2058 incidens
672 2030 837 2065 probationis
849 2036 970 2066 tempora

190 2074 315 2102 contrahi
341 2074 479 2110 coegerit,
509 2074 550 2103 vel
581 2074 605 2102 si
634 2075 754 2102 nomium
787 2075 849 2110 quis
871 2076 907 2103 sit
931 2075 972 2105 vir

191 2121 346 2155 religiosus,
361 2125 388 2148 et
413 2123 504 2147 tamen
518 2121 600 2147 vitam
628 2120 804 2148 monasticam
830 2121 856 2148 itt
877 2121 971 2148 habitu

190 2166 314 2194 saeculari
337 2171 458 2201 peragat.
481 2165 540 2194 Tali
567 2166 640 2194 enim
666 2166 724 2193 viro
754 2167 787 2193 ad
818 2167 971 2194 absolutam

982 1553 1004 1584 C

1057 1483 1087 1510 ε’.
1109 1483 1164 1514 Τὰς
1181 1482 1311 1518 ἀκρίτους
1327 1481 1374 1508 καὶ
1388 1479 1585 1514 ἀδοκιμάστους
1598 1475 1748 1510 ἀποταγὰς,
1760 1475 1807 1502 ἐπὶ

1024 1529 1092 1555 πολὺ
1111 1528 1161 1564 τὴν
1176 1527 1323 1563 μοναχικὴν
1336 1525 1461 1559 εὐταξίαν
1473 1523 1672 1559 λυμαινομένας
1685 1521 1808 1556 εὑρίσκο⁴

1024 1583 1090 1610 μενι
1108 1573 1251 1610 προπετῶς
1267 1573 1320 1608 γὰρ
1347 1573 1387 1603 είς
1411 1571 1457 1598 τὸν
1480 1571 1583 1606 μονήρη
1609 1568 1665 1604 βίον
1692 1566 1808 1597 ἑαυτοὺς

1022 1620 1238 1655 ὲπιρρίπτοντες,
1254 1619 1300 1646 καὶ
1318 1617 1386 1653 πρὸς
1399 1617 1429 1643 τὸ
1442 1616 1527 1652 τραχὺ
1540 1616 1588 1642 καὶ
1601 1614 1728 1641 ἐπίπονον
1739 1621 1808 1639 κατ-

1022 1665 1216 1701 ολκιγωροῦντες
1230 1665 1280 1699 τῆς
1294 1664 1448 1699 ἀσκήσεως,
1464 1662 1510 1688 ἐπὶ
1526 1661 1571 1688 τὸν
1587 1660 1749 1695 φιλόσαρκον
1760 1659 1808 1684 καὶ

1022 1711 1146 1747 ἡδονικὺν
1162 1711 1218 1746 βίον
1231 1710 1330 1741 ἀθλίως
1341 1709 1419 1736 πάλιν
1431 1707 1677 1742 ὲπαναστρέφουσιν
1686 1713 1692 1720 ·
1708 1705 1810 1740 ὥρισεν

1023 1756 1070 1785 οὖν
1088 1757 1131 1784 διὰ
1144 1757 1224 1783 τοῦτο
1241 1757 1258 1787 ἠ
1271 1755 1337 1790 ἁγία
1354 1754 1470 1786 σύνοδος,
1490 1753 1589 1788 μηδένα
1600 1751 1647 1778 τοῦ
1662 1749 1809 1786 μοναχικοῦ

1025 1803 1218 1837 καταξιοῦσθαι
1233 1803 1382 1838 σχήματος,
1397 1799 1461 1836 πρὶν
1477 1800 1509 1827 ἂν
1525 1800 1538 1825 ὁ
1550 1799 1600 1834 τῆς
1611 1797 1731 1832 τριετίας
1745 1795 1810 1831 χρύ-

1024 1859 1069 1881 νος
1090 1850 1130 1881 είς
1146 1849 1242 1884 πεῖραν
1256 1848 1347 1878 αὐτοῖς
1362 1846 1486 1880 ἀφεθεὶς,
1500 1844 1628 1879 δοκίμους
1645 1842 1744 1873 αὐτοὺς
1760 1840 1810 1867 καὶ

1025 1896 1116 1928 ἀξίους
1130 1894 1180 1929 τῆς
1188 1893 1354 1929 τηλικαύτης
1370 1892 1459 1927 βιοτῆς
1472 1891 1635 1926 παραστήσῃ
1644 1897 1651 1903 ·
1671 1888 1717 1915 καὶ
1730 1886 1810 1914 τοῦτο

1025 1941 1136 1977 κρατεῖν
1151 1940 1232 1966 παντὶ
1246 1939 1340 1974 τρόπῳ
1354 1936 1582 1972 παρεκελεύσατο,
1599 1933 1667 1970 πλὴν
1684 1934 1707 1960 εἱ
1726 1932 1809 1967 μήπω

1024 1987 1066 2016 τίς
1085 1986 1180 2021 βαρεῖα
1198 1983 1389 2020 προσπεσοῦσα
1404 1983 1478 2014 νόσος
1490 1982 1535 2008 τὸν
1551 1980 1644 2016 χρόνον
1659 1978 1810 2012 ἀναγκάσει

1027 2031 1192 2066 συσταλῆναι
1207 2030 1255 2065 τῆς
1266 2029 1426 2064 δοκιμασίας
1437 2036 1443 2044 ’
1458 2028 1473 2062 ἦ
1491 2028 1515 2054 εί
1531 2027 1613 2062 μήπω
1628 2025 1669 2057 τίς
1683 2024 1726 2058 εἴη
1740 2022 1811 2058 ἀνὴρ

1026 2076 1153 2111 εὐλαϐὴς,
1171 2075 1219 2102 καὶ
1235 2075 1280 2102 τὸν
1297 2073 1440 2109 μοναχικὸν
1456 2072 1510 2107 βίον
1524 2073 1553 2098 ὲν
1564 2071 1602 2107 τῷ
1615 2069 1738 2105 κοσμικῷ
1751 2069 1810 2095 δια-

1028 2123 1098 2149 νύων
1112 2122 1244 2157 σχήματι·
1261 2119 1308 2147 ἐπὶ
1318 2119 1372 2155 γὰρ
1384 2119 1430 2145 τοῦ
1445 2118 1564 2145 τοιούτου
1576 2117 1680 2152 ἀνδρὸς,
1692 2116 1731 2146 είς
1746 2115 1812 2141 ἀπό-

1029 2176 1127 2202 πειραν
1141 2166 1259 2202 παντελῆ
1270 2165 1318 2193 καὶ
1332 2167 1345 2192 ό
1359 2165 1534 2200 ὲξαμηνιαϊος
1549 2163 1689 2197 ἐξαρκέσει
1703 2162 1809 2197 χρόνος⁸

191 2212 388 2247 experientiam
405 2216 514 2247 tempus
535 2217 666 2240 semestre
686 2212 833 2243 suffecerit.
863 2212 890 2240 Si
912 2213 969 2246 quis

1026 2215 1050 2240 εἰ
1065 2214 1093 2240 δέ
1106 2222 1149 2244 τις
1160 2212 1234 2248 παρὰ
1246 2212 1330 2238 ταῦτα
1342 2211 1531 2247 διαπράξεται.
1541 2210 1586 2236 τὸν
1600 2209 1647 2244 μὲν
1658 2208 1812 2245 ἡγούμενον

192 2262 281 2283 autem
304 2261 402 2291 praeter
417 2257 474 2284 [nec
496 2257 600 2290 fecerit,
618 2257 762 2292 praefectus
777 2257 885 2292 quidem
901 2265 969 2293 pra:-

1025 2259 1076 2294 τῆς
1091 2259 1271 2294 ἡγουμενείας
1286 2257 1469 2287 ἐκπίπτοντα,
1486 2255 1608 2283 παιδείαν
1621 2255 1671 2290 τῆς
1686 2253 1811 2287 ἀταξίας,

191 2302 297 2329 fcctura
326 2303 455 2330 excidens
473 2323 480 2334 .
518 2311 656 2338 perperam
694 2303 830 2331 observati
866 2303 972 2331 ordinis

191 2348 402 2381 correctionem,
428 2349 455 2376 in
481 2349 633 2378 obedientia
663 2355 690 2377 et
705 2349 876 2384 subiectione
903 2357 971 2377 con-

193 2394 374 2421 versationem
397 2394 525 2422 inveniat.
541 2395 593 2428 Qui
614 2400 655 2423 est
676 2401 767 2422 autem
791 2395 817 2422 in
843 2395 897 2422 alio
916 2403 974 2423 mo-

193 2440 315 2468 nasterio
330 2441 491 2474 monachus,
505 2441 551 2469 alii
574 2442 740 2469 monasterio
755 2441 889 2474 tradatur,
917 2441 990 2476 quod

192 2491 293 2515 servet.
692 2505 693 2509 η

229 2531 336 2559 Tantus.
356 2531 449 2559 Const.
471 2532 517 2565 29.
543 2532 586 2560 tit.
611 2533 638 2564 5,
659 2532 707 2562 lib.
723 2541 732 2560 ι
749 2533 809 2560 cod.
825 2533 862 2560 ait
880 2542 887 2560 :
917 2532 975 2561 Soli

193 2577 366 2612 apocrisiarii
385 2578 558 2605 monasteriis
580 2579 656 2606 exire
677 2583 704 2606 et
725 2579 849 2607 civitates
871 2579 976 2614 ingredi

194 2628 318 2658 possunt.
329 2622 380 2656 Qui
395 2622 418 2650 si
432 2623 553 2650 docendo
564 2628 611 2651 aut
622 2624 790 2651 consulendo
805 2632 977 2652 commovere

194 2669 372 2704 simpliciores
394 2669 609 2704 conspiciantur.
634 2670 809 2705 (astigautur.
834 2669 867 2697 Et
888 2674 975 2697 const.

194 2715 229 2742 58
246 2714 370 2750 ejusdem
387 2715 428 2741 tit.
448 2714 518 2747 :Qui
541 2716 705 2741 monasteria
726 2722 775 2742 sua
799 2715 976 2749 relinquunt,

193 2768 247 2786 non
269 2759 404 2794 recipiunt
426 2767 494 2794 quas
513 2759 546 2786 ad
563 2759 607 2785 illa
632 2759 699 2795 [res]
722 2760 835 2787 mobiles
858 2761 964 2788 adduxe

194 2810 274 2837 runt,
295 2805 482 2840 cujuscunque
500 2805 662 2840 quantitatis
682 2805 792 2838 fuerint,
821 2814 976 2841 quanquam

196 2851 271 2878 nulla
285 2851 319 2878 de
334 2851 389 2878 illis
405 2855 527 2878 actorum
542 2855 718 2878 monumenta
732 2851 855 2878 confecta
873 2852 936 2878 sint.
947 2852 976 2878 in

196 2895 311 2934 {rerum}
327 2900 415 2923 autem
427 2896 606 2924 Tmntobilium
620 2896 864 2932 donationibusjus
876 2899 976 2926 servari

1025 2306 1076 2341 τὴν
1090 2306 1119 2331 ὲν
1134 2306 1257 2340 ὑποταγῇ
1272 2303 1408 2338 διαγωγὴν
1422 2302 1593 2337 ὲφευρίσκειν
1604 2310 1610 2317 -
1627 2301 1671 2327 τὸν
1683 2300 1712 2326 δὲ
1728 2300 1812 2334 μονά-

1028 2359 1122 2384 σαντα,
1135 2351 1165 2377 ὲν
1186 2349 1267 2385 ἑτέρᾳ
1281 2350 1348 2384 μονῇ
1365 2348 1414 2383 τὴν
1430 2346 1579 2383 μοναχικὴν
1594 2345 1734 2382 ἀκρίϐειαν
1759 2353 1811 2379 φυ-

1026 2395 1158 2430 λαττούσῃ
1179 2393 1382 2430 παραδίδοσθαι.

1029 2442 1207 2470 monasticam
1230 2439 1402 2474 disciplinam
1428 2442 1555 2466 accurate
1574 2436 1745 2473 perfectoque
1761 2436 1812 2464 ob-

1069 2532 1101 2559 Ἦ
1120 2531 1161 2559 κθ¹
1175 2531 1244 2558 διάτ.
1258 2530 1306 2558 τοῦ
1323 2532 1348 2564 γ’
1359 2530 1411 2556 τίτ.
1429 2528 1476 2556 τοῦ
1492 2532 1516 2556 α’
1534 2527 1607 2563 βιϐλ.
1625 2526 1671 2554 τοῦ
1681 2526 1745 2554 κώδ.
1759 2535 1813 2562 φη-

1030 2576 1376 2613 σὶν,ώ;,οἱἀποκρισιάριοι
1390 2576 1464 2610 μόνοι
1478 2575 1603 2602 δύνανται
1613 2574 1667 2601 τῶν
1681 2581 1816 2609 μοναστη-

1032 2624 1097 2658 ρίων
1115 2622 1226 2655 ἐξιέναι,
1241 2622 1288 2649 καὶ
1302 2623 1330 2648 ὲν
1347 2622 1408 2653 ταῖς
1423 2621 1531 2648 πόλεσιν
1546 2621 1654 2647 είσιέναι
1664 2628 1671 2636 ·
1685 2620 1710 2646 εί
1725 2620 1754 2646 δὲ
1766 2628 1817 2654 φα-

1030 2669 1095 2695 νῶσι
1114 2669 1157 2695 διὰ
1169 2669 1310 2703 δογμάτων
1325 2667 1341 2703 ἢ
1360 2667 1513 2702 συμϐουλῆς
1536 2667 1598 2698 τοὺς
1615 2665 1818 2701 ἁπλουστέρους

1030 2716 1212 2750 ταράσσοντες
1223 2735 1231 2747 ,
1247 2714 1368 2749 νομίμως
1382 2713 1591 2748 σωφρονίζονται
1603 2721 1609 2728 ·
1626 2713 1673 2739 καὶ
1687 2712 1757 2739 διάτ.
1774 2711 1818 2747 λη’

1031 2759 1077 2787 τοῦ
1092 2760 1175 2786 αὐτοῦ
1190 2761 1242 2787 τίτ.
1257 2760 1342 2793 ὅτι,οί
1357 2761 1389 2786 τὰ
1404 2760 1456 2786 ἴδια
1464 2759 1630 2795 μοναστήρια
1644 2758 1819 2792 καταλιμπάς

1030 2814 1132 2837 νοντες,
1145 2806 1175 2832 ού
1189 2805 1373 2840 λαμϐάνουσιν
1390 2807 1461 2841 ἅπερ
1477 2806 1568 2837 αὐτοῖς
1586 2806 1760 2840 προσήγαγον
1774 2813 1819 2831 xt-

1030 2851 1108 2885 νητὰ.
1125 2851 1292 2887 όσησδήποτε
1310 2852 1457 2886 ποσότητος
1481 2851 1554 2883 ὖντα,
1572 2851 1623 2877 κᾶν
1648 2849 1685 2885 μὴ
1701 2850 1818 2884 συνέστη

1031 2898 1130 2933 πρᾶξις
1144 2898 1347 2933 ὑπομνημάτων
1357 2898 1401 2925 ἐπ’
1410 2898 1518 2938 αὐτοῖς·⁶
1530 2896 1576 2923 ἐπὶ
1588 2895 1615 2923 δὲ
1630 2898 1688 2928 ταῖς
1700 2897 1819 2931 δωρεαῖς
