1951 3071
140 196 194 228 853

555 199 754 232 SYNTAGMA
772 202 965 234 CANONUM.
977 215 1008 221 -
1022 204 1095 234 ΤΙΤ.
1114 205 1167 242 XI,
1187 206 1266 236 CAP.
1287 207 1319 238 V.

1715 209 1768 241 854

142 255 198 282 τῶν
213 255 361 290 ἀκινήτων,
375 255 416 283 δεῖ
428 256 463 283 τὰ
478 257 583 292 νόμιμα
599 258 781 292 φυλάττεσθαι
790 268 799 277 θ
811 260 873 287 ἐπεὶ
883 260 934 288 οὐκ

990 265 1110 296 oportet,
1125 264 1254 297 quoniam
1272 263 1310 290 illi
1326 263 1373 298 qui
1387 263 1472 296 dedit,
1490 263 1639 292 vindicatio
1654 273 1707 292 non
1725 265 1767 293 in-

142 299 250 335 ἁναιρεῖ
264 299 303 335 τῷ
315 300 500 336 δωρησαμένῳ
513 302 530 337 ἡ
547 301 701 338 ἑκνίκησις·
722 303 795 338 λέγει
808 304 837 331 δὲ
850 306 898 331 καὶ
913 306 930 341 ἡ

142 344 166 380 β’
181 345 250 372 διάτ.
273 345 321 372 τοῦ
343 349 368 373 α’
387 347 440 374 τίτ.
468 347 522 374 τῶν
538 347 668 383 Νεαρῶν,
689 348 730 376 ὅτι
747 350 862 386 Προνοίᾳ
884 350 930 377 τοῦ

141 391 292 418 ἐπισκόπου
319 391 387 427 μήτε
408 393 519 428 μοναχοὶ
545 394 614 429 μήτε
632 395 808 431 μονάστριαι,
826 397 856 424 ὲν
870 398 931 428 ταῖς

142 436 236 464 πόλεσι
251 438 498 473 περιερχέσθωσαν,
508 439 576 466 ἀλλὰ
593 440 636 466 διὰ
647 440 700 467 τῶν
715 441 932 478 ἀποκρισιαρίων

96 478 97 481 “
142 483 191 515 τὰς
214 484 375 520 ἀποκρίσεις
389 484 479 512 αὐτῶν
495 485 669 520 ποιείτωσαν,
683 488 712 514 ὲν
724 489 780 520 τοῖς
796 497 932 524 μοναστη-

106 535 108 537 ·
143 529 212 564 piat;
228 529 371 564 μένοντες·
390 531 589 567 μεθισταμένου
601 532 630 559 δὲ
647 533 764 568 μοναχοῦ
785 535 824 565 είς
848 543 932 570 μονα-

143 576 254 610 στήριον
275 576 378 612 ἕτερον,
394 577 466 613 ἆπερ
489 577 546 613 ἔχει
559 578 709 614 πράγματα
724 581 753 607 ὲν
766 580 805 615 τῷ
820 580 931 614 ἐξιέναι,

141 621 182 655 τῷ
196 622 297 658 πρώτῳ
314 624 488 659 μοναστηρίῳ
498 624 638 660 διαφέρει·
648 626 785 660 ἀνάγνωθι
796 627 825 654 δὲ
837 628 884 654 καὶ
897 629 932 655 τὰ

143 669 401 705 παραγεγραμμένα
415 671 444 697 ὲν
460 670 499 706 τῷ
509 674 533 697 α’
545 680 607 706 κεφ.
619 672 666 699 τοῦ
679 672 762 699 αὐτοῦ
776 673 830 700 τίτ.
846 674 892 701 καὶ
902 675 932 701 ὲν

141 713 183 748 τῷ
200 713 240 749 λβ¹
258 723 322 750 κεφ.
345 715 392 742 τοῦ
421 715 442 743 θ’
467 717 520 744 τιτ.
539 717 586 744 τοῦ
615 718 748 753 παρόντος
776 719 931 755 συντάγμα-

142 767 200 792 τος.

178 832 304 862 ΚΕΦᾹΛ.
318 834 355 862 Ε’.
368 848 403 854 —
417 835 489 869 Περί
500 835 553 862 τοῦ
562 835 604 871 μὴ
617 836 721 871 γαμεῖν
730 837 895 873 μοναχοὺς,
910 839 930 873 ἢ

141 879 225 906 τισίν
246 879 287 913 ὡς
300 879 446 915 ἀδελφαῖς
459 881 596 908 συνεῖναι
606 902 613 915 ,
625 882 701 916 μήτε
717 883 770 916 τὰς
786 883 929 919 ἐπαγγελ-

142 924 274 961 λομέναις
291 927 455 961 παρθενίαν
469 927 581 962 ἑτέροις
595 931 759 958 συνοικεῖν.

298 990 433 1020 Συνόδου
452 991 591 1026 Ἀγκύρας
609 992 709 1019 κανὼν
728 991 769 1019 ιϐ’.

177 1050 221 1079 ιθ’.
233 1051 311 1079 Ὅσοι
326 1053 488 1088 παρθενείαν
502 1054 730 1090 ἐπαγγελλόμενοι
741 1055 867 1083 ἁθετοῢσι
880 1056 929 1092 τὴν

140 1097 317 1132 ἐπαγγελίαν,
336 1098 382 1125 τὸν
394 1098 447 1125 τῶν
461 1099 585 1134 διγάμων
600 1100 662 1136 ὅρον
676 1101 907 1138 ὲκπληρούτωσαν
921 1110 927 1116 ·

139 1143 189 1174 τὰς
201 1143 293 1178 μέντοι
305 1145 504 1180 συνερχομένας
520 1145 671 1182 παρθένους
681 1148 752 1174 τισὶν
762 1147 800 1181 ὡς
811 1147 929 1183 ἀδελφὰς

139 1187 326 1223 ὲκωλύσαμεν.

272 1296 408 1327 Συνόὸου
426 1297 619 1333 Χαλκηδόνος
637 1299 737 1327 κανὼν
756 1303 803 1333 ις’.

174 1361 224 1390 ις’.
243 1358 381 1394 Παρθῦντν
395 1359 495 1395 ἑαυτὴν
508 1359 655 1388 ἀναθεῖσαν
667 1361 706 1397 τῷ
720 1362 844 1399 Δισπότῃ
855 1363 926 1399 Θεῷ,

137 1411 166 1430 κ.
187 1411 215 1430 τ.
231 1401 257 1430 λ.

202 1464 338 1493 Συνόδου
358 1467 567 1502 οικουμενικῆς
586 1471 613 1500 ς’
631 1469 735 1497 κανὼν
751 1470 802 1506 μδ’,
816 1472 869 1508 pc.

175 1528 228 1563 μδκ
247 1528 371 1564 Μοναχδς
393 1530 440 1557 ἐπὶ
466 1531 579 1568 πορνείᾳ
603 1532 693 1566 ἁλοὺς,
711 1533 728 1569 ἢ
753 1534 822 1570 πρὸς
837 1535 927 1570 γάμου

138 1574 281 1602 κοινωνίαν
295 1575 340 1601 καὶ
354 1575 505 1610 συμϐίωσιν
517 1578 634 1610 γυναῖκα
648 1578 791 1614 ἀγόμενος,
806 1581 861 1612 τοῖς
875 1581 930 1608 τῶν

983 307 1057 335 terit.
1076 308 1146 336 Dicit
1160 316 1226 337 vero
1240 309 1322 337 etiam
1337 316 1426 338 const.
1442 309 1469 343 2,
1486 310 1528 337 tit.
1548 310 1557 336 ι
1572 309 1744 338 Novellarum
1759 320 1766 338 :

982 352 1156 381 Providentia
1179 355 1298 389 episcopi
1318 363 1407 391 neque
1425 356 1550 383 monachi
1569 363 1656 391 neque
1672 363 1768 383 mona-

983 397 1057 424 striae
1072 398 1099 424 in
1114 398 1269 426 civitatibus
1284 399 1511 432 circumerranto,
1522 401 1569 428 sed
1584 400 1613 427 in
1629 405 1767 427 monaste-

982 441 1031 469 riis
1045 447 1196 476 manentes,
1208 450 1256 478 per
1276 443 1469 478 apocrisiarios
1487 444 1679 478 respondento.
1700 444 1767 471 Cum

982 487 1133 516 monachus
1150 488 1178 515 in
1201 489 1273 516 aliud
1289 489 1485 517 monasterium
1502 489 1687 524 transmigrat,
1699 497 1768 525 quas

982 540 1025 561 res
1042 534 1137 561 habuit
1153 542 1215 562 cum
1231 535 1430 570 ingrederetur,
1449 536 1481 563 ad
1494 536 1613 570 primum
1629 541 1769 564 monaste-

983 579 1053 606 rium
1067 580 1213 615 pertinent.
1227 580 1313 616 Legas
1329 589 1438 617 quoque
1455 589 1517 616 quae
1537 582 1565 609 in
1583 582 1592 608 l
1609 589 1668 617 cap.
1686 583 1769 617 hujus

983 625 1025 652 tit.
1041 629 1068 652 et
1083 625 1110 652 in
1129 633 1190 661 cap.
1204 627 1249 659 52,
1263 627 1304 654 tit.
1317 626 1334 655 9
1350 628 1494 662 praesentis
1508 628 1598 663 operis
1617 629 1768 664 perscripta

981 671 1055 696 sunt.

1015 829 1099 866 368
1114 830 1191 859 CAP.
1209 832 1241 860 V.
1255 847 1289 854 --
1304 833 1344 861 Ne
1358 837 1478 863 monachi
1493 837 1604 871 nubant,
1617 846 1698 874 neque
1711 847 1770 866 cum

981 875 1115 910 quibusvis
1134 881 1259 912 tanquam
1283 881 1419 907 sororibus
1434 889 1632 918 congregemur.
1654 884 1722 912 Item
1737 894 1768 913 ne

982 921 1158 956 virginitatem
1178 923 1302 958 professa;
1314 933 1372 952 cum
1386 927 1448 953 viris
1463 927 1592 956 habilem.

1166 986 1279 1015 Concilii
1295 988 1430 1024 Δίωνι·αηὶ
1445 998 1530 1018 canon
1545 991 1587 1020 i9.

1018 1049 1062 1077 19.
1081 1050 1243 1087 Quicunque
1261 1053 1445 1089 virginitatem
1471 1056 1629 1091 profitentes
1640 1078 1647 1090 ,
1663 1058 1769 1093 profes-

982 1095 1086 1123 sionem
1101 1104 1179 1124 suam
1195 1097 1300 1126 irritam
1315 1100 1449 1135 reddunt,
1473 1102 1492 1129 ii
1513 1102 1684 1137 bigamorum
1700 1103 1768 1131 defl-

981 1141 1110 1169 nitionem
1139 1143 1279 1178 impleant.
1305 1144 1428 1181 Virgines
1451 1147 1561 1182 quidem
1591 1153 1683 1181 certe,
1706 1156 1768 1176 cum

979 1187 1143 1222 quibusdam
1167 1192 1296 1225 tanquam
1313 1198 1375 1219 cum
1397 1192 1530 1221 fratribus
1553 1194 1769 1229 congrediuntur

981 1232 1181 1266 prohibuimus.

1117 1298 1230 1326 Cottcilt'i
1247 1299 1466 1330 Chalcedonensis
1483 1311 1567 1330 canon
1581 1303 1625 1330 ίῦ.

1015 1361 1057 1390 16.
1077 1361 1214 1396 Virginem
1232 1371 1293 1398 quae
1307 1371 1337 1392 se
1349 1364 1465 1392 Domino
1476 1364 1531 1393 Deo
1544 1365 1690 1398 dedicavit,
1703 1371 1766 1398 etc.,

978 1411 1007 1434 ut
1021 1415 1081 1443 pag.
1099 1408 1162 1436 754.

1093 1460 1206 1489 Consilii
1221 1464 1374 1491 mcumeuici
1386 1473 1412 1493 vt
1428 1472 1541 1492 canones
1554 1464 1599 1499 M,
1614 1465 1661 1493 47.

1016 1526 1061 1553 44.
1083 1525 1234 1554 Monachus
1260 1527 1453 1557 fornicationis
1477 1529 1631 1562 convictus,
1654 1530 1695 1557 vel
1719 1530 1767 1564 qui

982 1570 1016 1598 ad
1034 1571 1203 1599 matrimonii
1225 1573 1448 1602 communionem
1471 1575 1588 1610 vitaeque
1609 1575 1766 1603 sacietatem

138 1619 324 1655 πορνευόντων
345 1621 493 1657 ἐπιτιμίοις
509 1622 580 1650 κατὰ
595 1623 659 1655 τοὺς
678 1624 793 1656 κανόνας
809 1625 927 1661 ὑποϐλη-

990 1623 1094 1643 txorcm
1112 1617 1199 1649 duxit,
1216 1617 1411 1646 fornicatorum
1426 1620 1514 1655 poenis
1526 1621 1676 1648 secundutn
1685 1628 1767 1648 cano-

139 1665 266 1700 θήσεται.

176 1730 230 1764 μξ.
249 1730 327 1766 Mirus
341 1730 370 1757 ὲν
383 1731 495 1768 ἀνδρῲῳ
510 1733 686 1770 μοναστηρίῳ
707 1734 788 1771 γυνὴ,
805 1735 874 1771 μήτε
898 1737 928 1763 ὲν

138 1777 289 1813 γυναικείῳ
303 1778 372 1813 ἀνὴρ
386 1777 540 1807 καθευδέτω
550 1788 558 1796 '
571 1781 671 1813 παντὸς
681 1781 735 1817 γὰρ
747 1783 927 1818 προσκόμμα-

138 1831 186 1855 τος
209 1823 258 1850 καὶ
282 1824 430 1852 σκανδάλου
445 1825 497 1857 ἔξω
523 1823 592 1853 εἴναι
607 1826 648 1854 δεῖ
662 1828 726 1859 τοὺς
741 1829 864 1862 πιστοὺς,
880 1829 930 1856 καὶ

139 1869 209 1906 πρὸς
224 1870 255 1897 τὺ
270 1869 408 1906 εὗσχημον
433 1872 481 1899 καὶ
507 1872 687 1908 εὐπρόσεδρον
710 1873 748 1909 τῷ
764 1874 859 1910 Κυρίῳ
883 1874 928 1901 τδν

139 1915 246 1942 ἑαυτῶν
262 1916 411 1949 εὐθετίξειν
428 1916 502 1952 βίον⁹
518 1918 542 1944 ει
560 1917 589 1944 δέ
605 1926 647 1949 τις
659 1918 737 1945 τοῦτο
751 1918 860 1953 πράξοι,
874 1919 930 1946 εἴτε

139 1961 272 1997 κληρικδς
291 1962 333 1997 ετη
353 1962 409 1989 εττε
427 1962 530 1996 λαῖκὸς,
550 1963 732 1999 ἀφοριζέσοω.

313 2027 476 2054 Βασαείου
493 2026 595 2055 κανὼν
614 2026 657 2059 ιϐ’,
671 2029 705 2059 κ’,
719 2025 750 2059 ξ’.

176 2089 220 2118 ιϐ’.
238 2089 354 2125 Ἀνδρῶν
369 2090 398 2117 δὲ
409 2090 555 2125 ὁμολογίας
566 2090 617 2120 οὑκ
629 2090 762 2125 ἔγνωμεν,
773 2090 843 2126 πλὴν
856 2091 879 2117 ει
891 2091 929 2127 μή

137 2144 212 2168 τινες
227 2135 341 2167 ἑαυτοὺς
357 2135 402 2171 θεῷ
418 2136 539 2170 τάγματι
563 2135 618 2163 τῶν
642 2136 811 2172 μοναζόντων
832 2137 930 2169 ἐγκατ-

138 2181 308 2216 ηρίθμησαν,
322 2181 347 2208 οἳ
363 2181 433 2208 κατὰ
451 2182 483 2208 τὺ
499 2182 694 2217 σιωπώμενον,
716 2182 822 2209 δοκοῦσι
840 2191 931 2218 παρα-

139 2226 266 2261 δέχεσθαι
282 2226 333 2262 τὴν
348 2227 470 2261 ἀγαμίαν
481 2235 488 2243 ·
506 2227 577 2263 πλὴν
590 2228 638 2254 καὶ
654 2227 697 2254 ἐπ’
710 2228 831 2260 ἐκείνων,
843 2229 930 2255 ἐκεῖνο

138 2271 260 2307 ἠγοῦμαι
275 2272 455 2308 προηγεῖσθαι
473 2275 637 2310 προσήκειν,
655 2274 808 2308 ἐρωτᾶσθαι
832 2274 930 2305 αὐτοὺς

140 2318 191 2345 καὶ
203 2317 391 2353 λαμὸάνεσθαι
406 2319 456 2355 τὴν
470 2319 535 2355 παρ’
549 2319 639 2347 αὐτῶν
651 2319 796 2355 ὁμολογίαν
810 2320 911 2355 ἐναργῆ
920 2328 926 2334 ·

138 2364 212 2391 ὥστε
229 2364 339 2392 ἐπειδὰν
355 2365 547 2400 μετατίθενται
562 2365 630 2401 πρὸς
643 2365 689 2393 τὸν
705 2365 869 2401 φιλόσαρκον
882 2366 929 2392 καὶ

139 2410 264 2446 ὴδονικδν
279 2411 347 2446 βίον,
362 2411 482 2446 ὑπάγειν
493 2412 592 2444 αὐτοὺς
614 2411 654 2447 τῷ
674 2411 729 2439 τῶν
743 2410 929 2446 Μρνευόντων

140 2456 281 2492 ἐπιτιμίῳ.

177 2514 212 2539 κ’.
225 2511 306 2538 Ὀσαι
317 2513 445 2547 γυναῖκες
454 2513 484 2540 ἔν
493 2512 599 2548 αῑρέσει
611 2513 688 2540 οὖσαι
700 2511 848 2549 παρθενίαν
857 2511 930 2546 ὼμοτ

92 2574 103 2597 ξ
140 2557 273 2593 λόγησαν,
288 2567 316 2585 κ.
331 2566 357 2585 τ.
373 2558 399 2585 λ.

79 2597 83 2647 ὲ
94 2609 102 2643 5
176 2611 210 2645 ε’.
228 2597 424 2648 Ἐ’παρθενίαν
434 2612 644 2648 ὡμολογήσασα,
653 2611 700 2639 καὶ
713 2606 868 2639 ὲκπεσόῠσα
879 2605 929 2648 τῆς

77 2648 89 2676 ἰ
141 2655 321 2691 ὲπαγγελίας,
339 2657 386 2684 τδν
403 2657 499 2693 χρόνον
513 2657 560 2684 τοῦ
577 2657 624 2683 ἐπὶ
638 2657 687 2692 τῆς
705 2657 827 2693 μοιχείας
840 2658 931 2693 ἁμαρ-

140 2703 264 2738 τήματος
275 2704 304 2731 ἂν
316 2705 349 2740 τῇ
364 2704 507 2739 οἰκονομίᾳ
525 2704 574 2738 τῆς
591 2703 651 2730 καθ’
664 2703 762 2739 ἑαυτὴν
777 2703 849 2739 ζωῆς
864 2704 932 2739 πλη-

144 2746 228 2781 ρώσει
238 2754 247 2762 ⁸
259 2746 290 2773 τὸ
305 2747 372 2774 αὐτὸ
393 2747 440 2774 καὶ
455 2748 502 2774 ἐπὶ
514 2748 568 2774 τῶν
583 2747 640 2782 βίον
658 2748 829 2783 μοναζόντων
843 2749 932 2782 ἑπαγ-

143 2792 314 2828 γειλαμένων
328 2795 375 2821 καὶ
391 2794 588 2822 ἐκπιπτόντων.

178 2848 330 2890 Ἀνάγνωθι
349 2849 654 2892 τὰ-παραγεγραμμένα
669 2850 698 2876 ἐν
713 2849 752 2892 τῷ
772 2849 818 2890 ’τρῦ
831 2850 865 2892 Λῃί
879 2850 930 2878 τίτ.

145 2882 249 2945 ιδξκῖιρ.
264 2885 311 2937 ’ξοῦ
331 2882 461 2922 mpm-.6;
478 2882 663 2920 συντάγματος
674 2905 681 2918 ,
701 2882 747 2912 καὶ
761 2884 798 2920 τῷ
812 2882 856 2912 n0"
870 2894 928 2920 χεφ.

145 2925 192 2945 του
252 2927 304 2945 τ.τ.

144 2925 192 2947 {QD
210 2925 232 2945 Ψ
252 2925 304 2948 τιτ.

981 1668 1031 1689 nes
1044 1661 1216 1696 sultiicietur.

1018 1722 1063 1750 47.
1084 1722 1179 1759 Neque
1196 1725 1296 1752 mulier
1308 1725 1335 1752 in
1349 1725 1471 1753 virorum
1490 1728 1665 1760 monasterio,
1682 1736 1768 1763 neque

982 1769 1024 1797 vir
1039 1769 1068 1797 in
1082 1770 1227 1798 mulierum
1242 1771 1368 1798 eoenobio
1386 1772 1512 1799 dormiat.
1526 1772 1609 1800 Extra
1622 1774 1769 1802 oti‘cndicu-

982 1816 1039 1843 lum
1053 1817 1124 1844 enim
1142 1822 1169 1845 et
1181 1818 1341 1845 scandalum
1353 1818 1445 1846 lideles
1459 1826 1518 1847 esse
1528 1825 1645 1854 oportet,
1657 1826 1683 1848 et
1694 1821 1726 1848 ad
1742 1822 1768 1848 id

983 1861 1055 1895 quod
1065 1861 1194 1890 decorum
1209 1871 1243 1891 ac
1259 1863 1414 1896 honestum,
1432 1865 1541 1900 Deoque
1554 1870 1673 1901 gratum,
1685 1867 1767 1895 vitam

983 1915 1061 1935 suam
1076 1915 1251 1944 componere.
1267 1909 1295 1936 Si
1320 1910 1383 1945 quis
1399 1915 1490 1938 autem
1515 1911 1566 1938 hoc
1586 1911 1691 1946 fecerit,
1713 1914 1770 1941 sive

983 1952 1019 1982 ait
1034 1952 1161 1987 clericus,
1175 1954 1233 1981 sive
1250 1954 1348 1989 laicus,
1365 1961 1532 1991 segregetur.

1175 2006 1273 2046 Basihii
1287 2026 1400 2047 canones
1414 2019 1456 2053 l9,
1469 2019 1514 2054 20,
1527 2019 1572 2048 60.

1019 2080 1064 2109 19.
1084 2080 1212 2109 Virorum
1232 2086 1322 2110 autem
1347 2082 1530 2117 professiones
1552 2091 1606 2111 non
1631 2083 1768 2118 novimus,

983 2131 1162 2161 praeterquam
1174 2127 1197 2155 si
1209 2128 1254 2162 qui
1266 2135 1295 2155 se
1309 2128 1360 2163 ipsi
1373 2129 1572 2156 monachorum
1586 2130 1674 2158 ordini
1685 2131 1770 2159 ascri-

984 2173 1105 2206 pserint:
1122 2173 1168 2208 qui
1190 2173 1300 2208 quidem
1316 2174 1395 2202 tacite
1409 2175 1491 2202 vitam
1507 2175 1628 2202 caelibem
1642 2176 1770 2204 videntur

985 2219 1147 2253 suscepisse.
1159 2219 1353 2247 Verumtamen
1368 2220 1395 2247 in
1410 2221 1463 2248 illis
1476 2228 1586 2256 qu0que
1597 2221 1662 2249 illud
1672 2223 1770 2257 opinor

986 2265 1110 2299 praemitti
1133 2271 1269 2300 oportere,
1286 2271 1315 2293 ut
1338 2266 1390 2302 ipsi
1414 2267 1628 2303 interrogentur,
1653 2268 1770 2304 accipia-

984 2316 1083 2346 turque
1098 2318 1192 2339 eorum
1218 2311 1352 2348 professio
1379 2312 1454 2340 clara
1479 2320 1511 2340 ac
1532 2314 1697 2349 perspicua,
1729 2321 1768 2348 ut,

980 2365 1042 2385 cum
1057 2366 1087 2385 se
1109 2358 1142 2385 ad
1165 2358 1340 2386 libidinosam
1358 2364 1385 2386 et
1402 2359 1582 2394 voluptariam
1600 2361 1684 2388 vitam
1704 2369 1769 2388 cun-

981 2404 1122 2437 verterint,
1145 2411 1242 2432 eorum
1263 2405 1309 2440 qui
1335 2404 1507 2433 fornicantur
1531 2406 1668 2441 punitioni
1683 2407 1767 2442 subji-

982 2449 1100 2477 ciantur.

1013 2505 1096 2541 369
1104 2506 1150 2533 ΞΟ.
1170 2505 1343 2542 Quaecunque
1354 2507 1481 2536 mulieres
1492 2516 1554 2536 cum
1573 2512 1666 2536 essent
1677 2508 1703 2535 in
1714 2508 1770 2535 ha:-

976 2552 1031 2579 rosi
1049 2551 1229 2586 virginitatem
1244 2553 1375 2588 professe
1386 2558 1461 2586 sunt,
1477 2559 1543 2586 etc,
1556 2559 1583 2581 ut
1603 2562 1664 2589 pag.
1679 2553 1743 2581 619.

1016 2606 1060 2634 60.
1082 2605 1148 2640 Quae
1169 2607 1353 2643 virginitatem
1369 2609 1502 2644 professa,
1524 2617 1538 2636 a
1562 2617 1613 2636 suo
1633 2609 1769 2644 promisso

980 2652 1057 2687 lapsa
1079 2657 1129 2686 est,
1145 2654 1249 2688 peccati
1271 2655 1398 2682 adulterii
1417 2660 1523 2691 tempus
1548 2655 1574 2683 in
1597 2655 1770 2683 continentiae

984 2699 1143 2733 praescripto
1170 2700 1328 2735 complebit.
1356 2700 1429 2728 Idem
1452 2705 1480 2728 et
1504 2701 1531 2728 in
1552 2701 1586 2729 iis
1613 2701 1659 2735 qui
1685 2700 1768 2727 vitam

982 2745 1163 2772 monasticam
1180 2745 1294 2781 professi
1313 2750 1377 2774 sunt
1389 2751 1417 2774 et
1436 2747 1573 2774 labuntur.

1021 2848 1108 2882 chas
1126 2857 1186 2883 quae
1202 2854 1330 2877 annotata
1352 2850 1452 2877 suntin
1479 2856 1538 2884 cap.
1562 2848 1606 2880 l-i,
1630 2848 1669 2874 tit.
1693 2847 1718 2879 8,
1743 2851 1768 2872 ct

987 2893 1046 2920 cap.
1061 2885 1106 2918 ἓξ),
1122 2885 1162 2912 tit.
1177 2885 1193 2914 9
1208 2886 1349 2920 praesentis
1363 2884 1461 2919 operis.
