1951 3071
194 215 249 248 855

769 208 900 240 ΡΗΟΤΙΙ
918 207 1167 239 PATRIARCHE
1183 207 1236 238 (ΣΡ.

1767 199 1838 237 856.

227 270 305 301 CAP.
323 269 369 298 Vl.
384 285 419 291 —
432 269 470 297 Ds
492 267 627 297 monarlu's
645 266 803 296 sodalitates
821 267 859 294 vel
881 266 974 301 conju-

1062 266 1188 293 ΚΕΦΑΛ.
1207 266 1254 298 ς’.
1269 279 1304 285 -
1318 263 1386 297 Περὶ
1409 260 1561 298 μοναχῶνί
1572 259 1740 288 ποιούντων
1757 266 1814 293 ερα-
1831 250 1840 301 Ῐ

193 318 311 344 rationes
327 315 495 351 facientibus.

332 360 444 389 Concilit'
459 359 679 388 Chalcedonensis
695 366 778 386 canon
798 357 842 384 l8.

227 407 271 435 18.
291 406 493 442 Conjurationis
505 406 547 433 vel
566 404 716 434 sodalitatis
733 403 836 431 crimen
849 423 857 436 ,
868 406 933 435 etc.,
950 406 980 428 ιιι

191 460 254 488 pag.
271 451 334 479 750.

339 495 452 523 Conciti:
467 493 621 522 meumenici
635 500 661 520 vt
677 500 763 520 canon
779 492 825 519 '5‘.

229 542 274 570 54.
295 541 381 568 Porro
397 546 487 568 autem
503 547 564 567 cum
580 543 607 567 et
618 539 669 566 hoc
684 545 771 565 canon
790 535 979 569 sacerdotalis,

192 592 259 621 etc.,
277 592 307 614 at
321 596 382 622 pag.
403 586 468 614 798.

229 634 300 668 Lege
316 641 376 668 quae
390 633 520 660 adnotata
536 632 640 660 suntin
658 639 718 667 cap.
737 632 781 663 57,
802 632 842 658 tit.
860 631 877 659 9
897 632 980 667 hujus

192 680 294 714 operis.

227 724 304 752 CAP.
323 723 380 752 Vll.
394 739 430 745 —
443 723 485 752 Ne
502 725 542 751 uir
554 723 681 751 ascetiqu
700 731 760 750 cum
782 722 890 749 muliere
903 722 937 748 sit
952 722 979 749 in

145 790 160 800 ι.
193 770 296 797 balneo.

369 813 481 842 Caneilii
493 813 636 841 Laodiceni
655 821 739 841 canon
757 815 802 841 5t).

230 859 275 887 50.
296 859 374 893 Quod
388 867 441 887 non
458 864 565 894 oportet
580 867 642 886 eum
657 859 702 894 qui
724 864 765 887 est
782 864 917 894 sacratus,
938 861 979 888 vel

193 904 309 933 clericus
323 907 365 933 vel
383 905 556 938 exercitatus,
573 908 625 932 etc.
636 924 644 936 ,
657 909 686 932 ut
697 913 757 940 pag.
775 905 837 933 790.

344 951 456 978 Concilii
471 951 622 978 «etamenici
636 958 663 977 v1
679 959 762 978 canon
779 950 820 978 77.

230 996 274 1024 77.
295 995 372 1030 Quod
399 1005 453 1025 non
474 997 560 1025 sacris
577 997 712 1030 initiatos,
728 996 770 1024 vel
790 997 914 1029 clericos,
935 997 976 1024 vel

193 1047 311 1076 sscetas.
327 1047 394 1075 etc.,
410 1048 439 1070 ιιι
451 1052 513 1079 pag.
528 1043 590 1072 790.

228 1085 310 1122 37o
328 1086 404 1117 CAP.
423 1086 492 1114 Vlll.
510 1102 544 1107 -—
566 1087 605 1114 De
621 1095 758 1115 sacrarunt
778 1085 910 1122 virginum
930 1095 976 1113 cu-

193 1132 289 1161 stadia.

335 1178 447 1207 Concilii
462 1178 677 1213 Cartltaginensis
692 1187 777 1207 canon
791 1179 835 1208 M.

231 1223 271 1252 De
289 1224 445 1260 uirginibus.

230 1270 275 1298 Μ.
297 1269 333 1297 Ut
347 1271 466 1306 virgines
481 1278 567 1298 sacrae
582 1271 606 1286 "
622 1278 684 1298 cum
700 1270 870 1306 parentibus,
888 1278 903 1298 a
916 1269 979 1306 qui-

194 1316 247 1344 bus
271 1316 502 1349 custodiebantur,
526 1317 639 1351 privatae
659 1316 774 1349 fuerint,
795 1317 916 1353 episcopi
939 1318 980 1345 rel

198 1361 352 1397 presbyteri
380 1361 449 1396 (26),
473 1361 519 1389 ubi
539 1362 682 1397 episcopus
699 1363 798 1390 absens
820 1368 872 1395 est,
889 1363 980 1398 provi-

197 1407 288 1434 dentia
299 1407 471 1442 gravioribus
489 1407 598 1435 feminis
614 1408 851 1440 commendentur,
862 1412 890 1435 ut
900 1408 982 1436 simul

197 1453 353 1481 habitantes
374 1453 490 1480 invicem
510 1461 539 1480 se
562 1454 731 1486 custodiant,
754 1461 788 1481 ne
813 1454 915 1489 passim
937 1461 984 1481 va-

198 1499 287 1535 gando
298 1498 426 1526 Ecclesia:
440 1498 539 1526 laedant
550 1499 789 1527 existimationem.

277 1544 389 1573 Concilt‘i
408 1544 559 1572 weamenici
575 1552 600 1572 νι
618 1553 728 1572 canones
740 1544 785 1578 46,
799 1545 845 1578 47,
861 1544 906 1572 48.

1029 313 1111 347 τριας
1125 312 1144 346 ἣ
1158 310 1364 345 συνωμοσίας.

1160 356 1296 384 Συνόδου
1314 354 1509 388 Χαλκηδόνος
1527 351 1629 380 κανὼν
1648 354 1695 386 ιη’.

1065 408 1110 441 ιη’.
1130 403 1168 430 Τὸ
1183 403 1232 437 τῆς
1250 401 1421 437 συνωμοσίας
1447 400 1464 436 ἢ
1490 399 1606 435 φατρίας
1634 397 1776 433 ἔγκλημα,
1791 405 1817 423 κ.

1048 471 1054 478 .
1070 450 1096 476 λ.

1028 459 1045 477 τ
1126 491 1260 521 Συνόδου
1278 489 1489 524 οικουμενικῆς
1510 488 1537 521 ς’
1556 488 1658 516 κανὼν
1677 487 1726 515 λδ’.

1064 541 1112 567 λδ’.
1132 540 1187 567 Καὶ
1198 539 1277 565 τοῦτο
1294 538 1321 564 δὲ
1336 536 1383 564 τοῦ
1398 535 1536 571 ἱερατικοῦ
1551 535 1682 568 κανόνος,
1698 543 1726 562 κ,
1739 542 1763 560 τ.
1775 533 1802 561 λ.

1065 631 1214 666 ’Δνάγνωθι
1233 631 1266 657 τὰ
1281 630 1538 666 παραγεγραμμένοι
1553 629 1582 655 ὲν
1598 628 1637 664 τῷ
1650 627 1689 660 λζ’
1700 635 1763 662 κεφ.
1773 625 1820 653 τοῦ

1030 680 1052 707 θ’
1071 679 1124 706 τίτ.
1144 678 1239 704 τούτου
1258 676 1305 704 τοῦ
1328 675 1532 709 συντάγματος.

1066 724 1190 751 ΚΕΦΑΛ.
1205 721 1242 750 Z'.
1258 736 1293 742 —~
1308 721 1378 755 Περὶ
1388 719 1494 755 τοῦμὴ
1511 718 1715 746 συλλούεσθαι
1726 717 1822 750 ἀσκη-

1030 771 1088 805 τὴν
1101 768 1231 805 γυναικί.

1177 812 1312 842 Συνόδου
1332 811 1506 844 Λαοδικείας
1526 809 1627 837 κανὼν
1645 809 1678 835 λ’.

1065 861 1096 889 λ’.
1110 861 1172 888 Ὀτι
1186 860 1216 886 οὐ
1229 859 1269 885 δεῖ
1285 856 1474 894 ἱερατικοὺς,ῆ
1489 854 1646 891 κληρικοὶις,
1658 854 1675 890 ἢ
1690 853 1824 889 ἀσκητὰς,

1055 928 1061 936 .
1095 907 1140 935 .λ.

1033 917 1051 936 κ
1075 917 1090 935 τ
1131 950 1264 979 Συνόδου
1283 947 1493 983 οιιιουμενικῆς
1512 946 1538 979 ς’
1557 946 1657 973 κανὼν
1675 944 1723 978 ος.

1064 998 1116 1031 ρξ’.
1131 998 1195 1025 Ὅτι
1209 997 1239 1024 οὐ
1251 996 1291 1023 δεῖ
1303 993 1485 1031 ιερατικοὺςῆ
1499 992 1646 1028 κληρικοὺς
1657 991 1674 1027 ἢ
1687 989 1826 1025 ἀσκητάς.

1029 1045 1190 1118 χ.
1208 1087 1250 1116 Η’.
1263 1101 1298 1108 -
1311 1085 1381 1122 Περὶ
1399 1083 1540 1121 φυλακῆς
1557 1082 1644 1117 ιερῶν
1658 1080 1825 1116 παρθένων.

1154 1180 1289 1208 Συνόδου
1307 1177 1516 1213 Καρθατέννης
1535 1174 1634 1202 κανὼν
1652 1173 1704 1209 μδ.

1065 1227 1133 1262 Περὶ
1147 1226 1310 1261 παρθένων.

1067 1272 1121 1309 μδ¹,
1134 1273 1216 1299 Ὥστε
1234 1272 1284 1302 τὰς
1300 1269 1376 1305 ἱερὰς
1392 1267 1553 1304 παρθένους,
1567 1265 1612 1292 ὅτε
1628 1264 1683 1290 τῶν
1698 1262 1827 1309 πατέρων

1033 1307 1194 1355 χοιρίζονται
1212 1317 1241 1350 ἐξ
1255 1313 1292 1343 ὧν
1302 1314 1498 1349 ἐφυλάττοντο,
1511 1312 1544 1346 τῇ
1562 1310 1608 1337 τοῦ
1623 1308 1786 1340 ἐπισκόπου,
1802 1307 1823 1342 ἢ

1034 1353 1117 1392 αὐτοῦ
1142 1363 1257 1393 ἀπόντος
1281 1363 1313 1396 τῇ
1339 1360 1386 1386 τοῦ
1413 1358 1599 1393 πρεσϐυτέρου
1623 1353 1747 1390 προνοίᾳ,
1764 1353 1826 1384 ταῖς

1033 1409 1211 1445 τιμιωτέραις
1225 1406 1334 1442 γυναιξὶ
1349 1404 1565 1441 παρατίθεσθαι·
1581 1401 1598 1436 ἢ
1614 1400 1672 1436 ἅμα
1682 1396 1828 1426 κατοικού-

1036 1443 1085 1487 σας
1097 1443 1214 1490 ἀλλήλας
1231 1452 1376 1487 φυλάττειν
1386 1471 1393 1483 ,
1409 1450 1453 1477 ἵνα
1472 1449 1509 1484 μὴ
1526 1444 1664 1482 πανταχοῦ
1685 1443 1828 1479 πλαζόμε-

1035 1509 1091 1533 ναι,
1111 1499 1161 1536 τὴν
1180 1498 1315 1532 ὑπόληψιν
1338 1495 1460 1531 βλάψωσι
1479 1494 1528 1529 τῆς
1547 1491 1720 1536 Ἐκκλησίας.

1058 1545 1205 1574 lar-660v
1219 1541 1426 1577 οικουμενικῆς
1442 1543 1471 1572 ς’
1485 1538 1584 1566 κανὼν
1598 1536 1657 1572 μς’.
1673 1535 1728 1572 μζ“,
1743 1537 1799 1570 pur.

232 1590 276 1618 ιϐ.
298 1589 365 1623 Quae
395 1591 478 1617 vitam
500 1590 719 1618 exercitatorlam
742 1590 857 1627 eligunt,
877 1594 942 1623 etc.,
961 1599 986 1621 ιιι

1078 1593 1137 1627 μς-’.
1157 1589 1190 1616 Al
1203 1588 1249 1615 τδν
1263 1585 1410 1622 ἀσκητικὸν
1426 1583 1588 1620 αἱρούμεναι
1602 1581 1669 1617 βίον,
1685 1589 1712 1607 κ.
1725 1587 1750 1607 τ.
1764 1579 1789 1606 λ.

197 1645 258 1672 pag.
276 1636 340 1664 847.

233 1683 279 1710 d7.
300 1681 393 1717 Neque
417 1682 514 1710 mulier
529 1681 557 1709 in
577 1681 698 1708 virorum
722 1681 899 1716 monasterio,
920 1686 985 1715 etc.,

198 1734 228 1756 ιι
246 1737 308 1764 pag.
323 1728 390 1756 853.

235 1774 281 1802 ιε.
303 1773 376 1801 Uxor
402 1773 462 1808 ejus
486 1773 533 1808 qui
556 1773 589 1800 ad
624 1773 804 1809 episcopalem
827 1773 986 1809 dignitatem

199 1823 387 1857 promovetur,
398 1825 464 1852 etc.,
476 1824 505 1846 ul
517 1827 578 1855 pag.
597 1820 660 1847 78‘2.

252 1877 332 1912 371
354 1875 467 1903 Concilii
481 1875 584 1903 Νῐοωιιὶ
602 1884 620 1903 ιι
637 1884 748 1903 canones
764 1876 808 1909 18,
822 1876 868 1911 20,
886 1876 933 1904 22.

236 1921 313 1954 Quod
336 1921 459 1949 mulieres
473 1929 523 1948 non
538 1921 649 1949 debeant
664 1923 691 1949 in
708 1924 849 1959 episcopiis
866 1922 903 1950 vel
917 1922 990 1950 viro-

200 1975 260 1995 rum
275 1967 444 1994 manauerit's
459 1968 571 1994 versari.

239 2013 285 2041 l8.
308 2012 375 2040 Sine
389 2013 538 2041 otl‘ensione
552 2021 613 2042 esse
627 2015 709 2042 etiam
725 2015 758 2042 iis
767 2015 812 2050 qui
826 2018 903 2042 extra
914 2018 988 2047 sunt,

201 2058 241 2088 ait
256 2059 365 2087 divinus
380 2059 538 2093 Apostolus,
552 2064 619 2092 etc.,
635 2064 664 2086 ut
673 2068 734 2095 pag.
749 2060 811 2088 686.

238 2104 318 2138 Quod
339 2105 372 2132 de
388 2106 512 2139 praesenti
535 2113 586 2133 non
601 2105 661 2140 ﬁeri
677 2106 769 2133 debeat
787 2105 882 2142 duplex
895 2114 989 2134 mona-

202 2152 323 2184 sterium,
336 2156 359 2179 et
371 2151 404 2180 de
415 2152 582 2179 monasteriis
596 2151 756 2186 duplicibus.

238 2243 286 2271 20.
308 2242 331 2270 Α
346 2242 472 2278 praesenti
495 2242 642 2270 statuimus
658 2249 711 2268 non
730 2240 787 2268 ﬁeri
803 2240 903 2276 duplex
928 2248 988 2268 mo-

203 2276 365 2321 nasterium,
388 2288 518 2322 quoniam
542 2287 595 2314 hoc
616 2286 644 2313 ﬁt
668 2286 762 2314 multis
783 2285 941 2313 soandalum
964 2290 991 2312 et
1007 2276 1028 2302 υ

188 2333 328 2365 γοίῐθιιείο.
352 2333 381 2360 Si
396 2333 442 2368 qui
457 2337 548 2360 autem
565 2331 659 2359 volunt
672 2339 734 2359 cum
751 2331 874 2365 cognatis
890 2331 990 2358 mundo

204 2379 373 2411 renuntiare,
388 2385 415 2407 et
430 2379 512 2406 vitam
536 2378 613 2413 sequi
635 2378 824 2410 monasticam,
843 2377 915 2404 viros
929 2377 992 2412 qui-

204 2427 266 2453 dcm
281 2429 389 2461 oportet
404 2427 431 2452 in
455 2425 575 2453 virorum
601 2423 766 2451 monasteria
783 2422 936 2456 discedere;
953 2422 992 2450 fe—

205 2472 295 2499 minas
307 2476 397 2498 autem
415 2470 517 2506 ingredi
532 2470 559 2497 in
578 2469 721 2497 mulierum
738 2469 905 2496 monasteria
919 2477 926 2496 :
941 2468 992 2496 hoc

204 2518 278 2545 enim
294 2522 336 2545 est
347 2517 403 2544 Deo
418 2522 570 2552 acceptum.
587 2517 653 2549 Quae
669 2519 759 2543 autem
773 2517 828 2543 huc
837 2523 922 2550 usque
943 2517 993 2542 du-

205 2564 286 2599 plicia
302 2564 422 2597 fuerunt,
438 2567 580 2591 serventur
596 2563 745 2590 secundum
762 2569 892 2589 ranonem
909 2561 994 2589 sancti

205 2610 296 2637 Patris
317 2609 403 2638 nostri
423 2609 526 2640 Basilii,
540 2613 567 2635 et
584 2608 733 2636 secundum
748 2605 809 2640 ejus
823 2608 996 2635 constitutio-

207 2663 270 2683 nem
294 2655 331 2683 ita
359 2659 498 2690 regantur.
522 2653 552 2680 In
580 2661 634 2681 uno
657 2657 749 2681 autem
775 2652 943 2680 monasterio
964 2659 998 2678 ne

206 2704 351 2728 versentur
366 2698 493 2726 monachi
509 2702 536 2726 et
560 2698 708 2726 monacbm.
727 2697 898 2724 Adulterium
924 2697 997 2723 enim

201 2743 282 2775 tuest
304 2745 393 2773 inedia
419 2744 638 2772 conversatione.
660 2743 715 2770 Nec
740 2743 892 2770 nmnaclius
916 2742 1000 2769 libere

1076 1682 1129 1719 μζ’.
1148 1681 1226 1717 Mirr:
1239 1680 1267 1706 ὲν
1281 1676 1395 1714 ἀνδρῲῳ
1409 1673 1582 1711 μοναστηρίῳ
1593 1671 1673 1707 γυνὴ,
1688 1679 1718 1698 κ.
1729 1679 1754 1698 τ.
1766 1669 1792 1698 λ.

1077 1773 1133 1809 μη’.
1150 1772 1183 1799 Ἡ
1194 1771 1241 1798 τοῦ
1254 1770 1322 1806 πρὸς
1336 1767 1488 1803 ἐπισκοπῆς
1499 1765 1643 1801 προεδρίαν
1658 1763 1831 1799 ἀναγομένου

1041 1819 1120 1856 γυνὴ,
1138 1828 1165 1845 κ.
1177 1827 1202 1845 τ.
1216 1817 1242 1845 λ.

1095 1873 1228 1902 Συνόδου
1247 1871 1371 1903 Νικαίας
1389 1868 1423 1896 τὸ
1442 1867 1480 1900 β’,
1500 1867 1601 1895 κανὼν
1620 1866 1665 1902 ιη’,
1677 1865 1775 1900 κ’,κβ’.

1080 1921 1145 1947 ὀτι
1169 1920 1205 1945 οὺ
1228 1917 1273 1945 δεῖ
1292 1916 1420 1952 γυναῖκα
1429 1913 1632 1941 ἐνδιαιτᾶσθαι
1651 1913 1686 1940 ὲν
1706 1912 1833 1939 ἐπισκο-

1041 1966 1146 1998 πείοις,
1167 1964 1186 1999 ἢ
1202 1965 1237 1991 ἐν
1254 1962 1400 1997 ἀνδρῴοις
1415 1959 1639 1996 μοναστηρίοις.

1077 2011 1113 2047 ιη’
1127 2006 1540 2044 Ἀπρόσκοποιγίνεσθεῃψὶν
1553 2007 1567 2032 ὁ
1578 2005 1648 2037 θεῖος
1657 2003 1830 2036 Ἀπόστολος,

1041 2066 1070 2085 κ.
1082 2065 1109 2084 τ.
1119 2055 1145 2083 λ.

1078 2102 1143 2129 ὀτι
1159 2101 1196 2128 οὐ
1204 2099 1248 2128 δεῖ
1264 2098 1323 2126 ἀπὸ
1334 2098 1387 2125 τοῦ
1395 2097 1543 2132 παρόντος
1558 2096 1692 2132 τινεσθαι
1701 2094 1834 2121 διπλοῦν

1040 2146 1260 2183 μοναστήριον,
1281 2144 1330 2172 καὶ
1359 2143 1427 2178 περὶ
1453 2143 1513 2170 τῶν
1531 2140 1645 2169 διπλῶν
1676 2147 1834 2176 [ros-acren-

1062 2194 1126 2225 Ιων,

1040 2202 1195 2267 ριῖῗᾍπὺ
1211 2235 1258 2262 τοῦ
1275 2231 1565 2270 παρόντοςνὸρίζομεν,
1586 2230 1624 2266 μὴ
1647 2229 1770 2264 γίνεσθαι
1791 2229 1834 2255 δι-

1043 2282 1126 2310 πλοῦν
1154 2280 1344 2317 μοναστήριον,
1359 2279 1400 2305 ὃτι
1423 2277 1568 2304 σκάνδαλον
1594 2276 1640 2303 καὶ
1664 2275 1835 2310 πρόσκομμα

1043 2330 1100 2360 τοῖς
1121 2327 1229 2358 πολλοῖς
1244 2325 1323 2352 τοῦτο
1335 2324 1456 2359 γίνεται·
1481 2324 1505 2349 εἰ
1520 2322 1548 2349 δέ
1562 2331 1633 2352 τινες
1649 2321 1718 2356 μετὰ
1733 2329 1835 2354 συγγεο

1044 2375 1096 2402 νῶν
1111 2372 1306 2409 προαιροῦνται
1321 2370 1508 2403 ἀποτάξασθαι
1518 2389 1526 2402 ,
1543 2369 1590 2395 καὶ
1601 2367 1640 2402 τῷ
1657 2367 1768 2402 μονήρει
1784 2366 1836 2401 βίῳ

1044 2418 1262 2450 κατακολουθεῖν,
1278 2417 1341 2448 τοὺς
1354 2416 1403 2451 μὲν
1417 2415 1516 2450 ἄνδρας
1532 2414 1592 2440 δέον
1605 2412 1715 2440 ἀπιέναι
1732 2413 1773 2442 εἰς
1785 2411 1837 2437 ἀν.

1044 2465 1129 2501 ὃρῷον
1154 2463 1344 2499 μοναστήριον,
1362 2461 1409 2488 καὶ
1434 2460 1482 2492 τὰς
1507 2460 1641 2494 γυναῖκας
1668 2457 1783 2484 εἰσιέναι
1806 2458 1836 2484 ὲν

1045 2511 1193 2547 γυναικείῳ
1205 2508 1379 2546 μοναστηρίῳ
1390 2516 1397 2522 ·
1420 2508 1466 2534 ἐπὶ
1477 2507 1563 2542 τούτῳ
1575 2506 1629 2541 γὰρ
1648 2505 1837 2540 εὐαρεστεῖται

1045 2559 1059 2584 ό
1073 2557 1139 2588 Θεός
1150 2565 1157 2572 ·
1176 2556 1211 2583 τὰ
1223 2555 1252 2582 δὲ
1268 2555 1332 2581 ὅντα
1346 2553 1397 2585 ἕως
1412 2553 1459 2579 τοῦ
1475 2553 1522 2579 νῦν
1537 2552 1634 2583 διπλᾶ,
1647 2551 1836 2586 κρατείτωσαν

1047 2603 1119 2630 κατὰ
1134 2602 1179 2630 τὸν
1195 2601 1297 2628 κανόνα
1309 2599 1355 2626 τοῦ
1372 2599 1450 2632 ἁγίου
1465 2598 1569 2632 Πατρδς
1587 2597 1664 2633 ἡμῶν
1679 2595 1835 2626 Βασιλεῖου,

1049 2650 1096 2676 καὶ
1108 2647 1179 2675 κατὰ
1189 2647 1237 2682 τὴν
1248 2645 1377 2681 ὃιαταγὴν
1392 2643 1485 2677 αὑτοῦ,
1497 2643 1568 2670 οὕτω
1581 2641 1838 2669 διατυπούσθωοαν.

1052 2696 1099 2730 Μὴ
1114 2693 1316 2721 διαιτάσθωσαν
1329 2691 1356 2718 δὲ
1373 2691 1401 2716 ὲν
1413 2690 1453 2716 ἐ-ὶ
1464 2689 1636 2725 μοναστηρίῳ
1658 2686 1772 2724 μοναχοὶ
1790 2686 1837 2713 καὶ

1054 2740 1230 2776 μονάστριαι·
1250 2736 1355 2773 μοιχεία
1376 2736 1430 2771 γὰρ
1454 2735 1598 2771 μεσολασεῖ
1612 2735 1661 2769 τὴν
1678 2733 1837 2767 συνδιαίτη-

245 2833 269 2849 "
288 2832 373 2859 Cone.
390 2830 476 2858 Afric.
491 2839 516 2860 ο.
533 2830 576 2865 ll;
587 2831 672 2860 Cout'.
682 2830 808 2865 Cartliag.
827 2838 867 2862 III,
881 2837 941 2857 can.
955 2829 1000 2862 55,
1020 2834 1047 2856 et
1062 2827 1217 2856 Ferrandus
1231 2835 1292 2863 cap.
1304 2826 1349 2860 48,
1363 2834 1395 2854 ex
1410 2834 1488 2854 conc.
1501 2825 1629 2861 Carthag.
1645 2823 1689 2851 ιο.

249 2911 305 2947 (26)
324 2911 374 2939 Ms.
392 2921 400 2938 ι
417 2910 543 2946 Episcopi
561 2910 600 2937 \el
617 2907 786 2945 pl'rsbylcri:
807 2912 833 2936 et
853 2907 898 2936 ubi
919 2908 1062 2943 episcopus
1081 2907 1179 2935 absens
1193 2910 1243 2935 est.
1260 2904 1408 2941 presbyteri
1425 2904 1605 2940 providentia,
1629 2913 1638 2930 ›
1655 2907 1708 2932 αις.

1834 304 1843 370 ι
