1951 3071
113 203 162 242 857

496 208 695 240 SYNTAGMA
712 210 905 243 CANONUM.
921 210 1037 243 —TIT.
1055 212 1109 244 XI,
1131 214 1210 244 CAP.
1227 212 1337 246 VI-IX.

1687 213 1740 246 858

114 271 154 290 σιν
165 270 173 279 ·
190 262 228 298 μὴ
242 262 326 298 ἐχέτω
342 263 456 298 μοναχδς
469 266 624 300 παρρησίαν
636 266 705 301 πρὸς
722 268 895 303 μονάστριαν,

952 275 1013 295 cum
1031 269 1175 302 monacha,
1191 269 1233 296 vel
1246 269 1378 296 monacha
1394 276 1455 297 cum
1470 268 1603 296 monacho
1615 275 1739 297 seorsum

113 307 294 344 ἢμονάστρια
318 309 386 344 πρὸς
410 310 525 345 μοναχὸν
548 311 600 346 ἰδίᾳ
625 312 837 347 προσομιλείτω·
861 312 898 347 μὴ

112 355 278 388 κοιταζέσθω
294 356 410 391 μοναχδς
425 358 452 383 ὲν
464 358 610 394 γυναικείῳ
624 359 806 394 μονασ-τηρίῳ,
830 359 898 394 μηδὲ

113 402 273 430 συνεσθιέτω
288 403 438 438 μοναστρίᾳ
450 404 520 430 κατὰ
534 405 616 440 μόνας
627 415 634 422 ·
648 406 695 432 καὶ
707 406 752 432 ὅτε
767 407 802 432 τὰ
812 406 899 440 ἀναγ-

112 449 176 475 καῖα
200 447 246 475 τοῦ
273 449 330 484 βίου
354 449 430 484 παρὰ
454 449 501 476 τοῦ
515 450 635 485 ἀνδρῴου
654 451 753 486 μέρους
769 452 836 487 πρὸς
849 451 899 482 τὰς

112 494 255 526 κανονικὰς
276 494 497 529 ἀποκομίζονται,
512 495 610 527 ἔξωθεν
634 497 683 530 τῆς
706 496 793 530 πύλης
814 497 899 523 ταῦτα

110 540 271 575 λαμᾶανέτω
286 541 302 575 ή
319 540 457 575 ἡγουμένη
472 540 518 567 τοῦ
533 542 688 575 γυναικείου
704 542 897 577 μοναστηρίου,

113 586 180 621 μετὰ
190 586 274 621 γραός
285 594 357 618 τινος
371 587 545 622 μοναστρίας.
562 587 593 613 Et
605 588 633 614 δὲ
649 588 738 624 συμϐῇ
762 589 809 615 καὶ
833 597 899 622 συγ-

111 631 177 666 γενῆ
183 640 242 658 τινα
250 631 321 658 θέλει
332 631 500 658 θεάσασθαι¹ό
514 633 637 667 μοναχδς,
647 633 693 659 ἐπὶ
703 634 840 669 παρουσίᾳ.
850 635 900 668 τῆς

111 677 265 713 ἡγουμένης
280 676 364 712 ταύτῃ
375 677 572 712 προσομιλείτω
588 678 630 705 διὰ
646 679 751 713 μικρῶν
768 679 814 705 καὶ
832 679 899 714 βρα-

111 722 181 758 χέων
191 723 290 755 λόγων,
303 722 351 748 καὶ
365 722 504 757 συντόμως
520 722 550 754 ἒξ
563 723 648 757 αὐτῆς
669 723 895 758 ἀπαναχωρείτω.

148 769 211 794 Ὀτι
220 767 265 794 δεῖ
269 767 332 802 μετ’
341 769 532 802 εὐχαριστίας
540 769 588 795 καὶ
601 768 702 802 πάσης
715 768 836 803 φειδοῦς
845 768 895 796 καὶ

111 814 266 846 εὐλαϐείας
296 813 448 848 μοναχοὺς
471 815 497 840 ει
519 814 621 849 συμϐῇ
647 814 721 849 μετὰ
750 813 900 849 γυναικῶν

111 859 235 886 ἐσθίειν.

147 903 200 939 κβ¹.
219 904 279 940 Θεῷ
295 905 345 941 μὲν
360 905 391 933 τδ
405 906 458 932 πᾶν
475 904 657 938 ἀνατίθεσθαι,
672 913 698 932 κ.
712 913 736 931 τ.
750 905 775 932 λ.

146 996 271 1024 ΚΕΦΛΛ.
286 998 325 1025 Θ¹.
339 1012 374 1018 —-
391 998 460 1033 Περὶ
479 997 591 1033 φθορᾶς
607 998 694 1033 ιερῶν
710 998 877 1033 παρθένων.

221 1043 354 1070 Συνόδου
374 1042 583 1078 οίκουμενικῆς
603 1042 630 1075 ς’
650 1043 750 1070 κανὼν
766 1043 796 1070 δ’.

146 1088 177 1116 υ.
197 1088 232 1116 Ei
246 1098 287 1121 τις
301 1089 464 1121 ἐπίσκοπος,
477 1089 494 1124 ἢ
510 1089 708 1125 πρεσϐύτερος,
725 1098 752 1116 κ.
763 1097 786 1115 τ.
799 1089 824 1115 λ.

283 1133 444 1160 Βασιλείου
464 1133 565 1160 κανὼν
585 1137 629 1167 ιη’,
640 1132 676 1164 κ’,
691 1132 722 1166 ξ’.

149 1176 193 1212 ιη’.
214 1178 282 1213 Περὶ
295 1178 348 1204 τῶν
360 1178 533 1205 ἐκπεσουσῶν
545 1178 698 1214 παρθένων,
711 1177 766 1204 τῶν
778 1177 898 1212 καθομο-

111 1221 303 1258 λογησαμὲνων
318 1223 363 1249 τὸν
376 1223 404 1249 ὲν
420 1222 564 1257 σεμνότητι
588 1223 644 1257 βίον
664 1223 703 1259 τῷ
719 1222 822 1258 Κυρίῳ,
838 1221 898 1249 εἶτα

112 1267 156 1295 διὰ
170 1268 200 1294 τὸ
213 1268 358 1295 ὑποπεσεῖν
370 1270 425 1300 τοϊς
439 1269 536 1295 πάθεσι
549 1270 598 1304 τῆς
615 1269 726 1304 σαρκὸς.
746 1269 897 1296 ἁθετουσῶν

111 1313 161 1345 τὰς
178 1313 280 1341 ἑαυτῶν
296 1313 440 1348 συνθήκας,
454 1315 478 1341 οἱ
503 1314 552 1349 μὲν
575 1315 695 1349 Πατέρες
710 1314 790 1349 ἡμῶν
804 1314 898 1344 ἁπλῶς

111 1359 160 1386 καὶ
181 1360 276 1394 πράως
303 1360 568 1395 συμπεριφερόμενοι
593 1361 653 1392 ταῖς
679 1360 830 1392 ἀσθενείαις
845 1360 898 1386 τῶν

111 1404 380 1437 κατολισθαινόντων,
397 1405 594 1441 ἐνομοθέτησαν
615 1405 712 1436 sane;
737 1404 807 1432 είναι
830 1405 898 1440 μετὰ

110 1449 157 1477 τὶν
172 1449 301 1482 ἐνιαυτὸν,
315 1449 376 1476 καθ’
390 1450 539 1485 ὁμοιότητα
559 1450 613 1476 τῶν
631 1450 753 1484 διγάμων
769 1448 897 1482 διαταξά-

112 1502 203 1530 μενοι·
221 1494 282 1529 ἐμοὶ
302 1494 331 1521 δὲ
348 1495 439 1528 δοκεῖ,
458 1495 549 1530 ἐπειδὴ
566 1497 597 1530 τῇ
613 1495 661 1521 τοῦ
675 1495 793 1530 Χριστοῦ
807 1495 897 1530 χάριτι

110 1540 243 1575 προϊοῦσα
256 1541 272 1575 ἡ
283 1541 432 1575 Ἐκκλησία
446 1540 627 1576 κραταιοτέρα
642 1541 758 1574 γίνεται,
774 1541 821 1567 καί
831 1541 898 1575 πλη-

111 1586 220 1614 θύνεται
231 1587 277 1613 νῦν
288 1587 317 1613 τὸ
327 1587 420 1622 τάγμα
433 1587 488 1613 τῶν
500 1586 654 1623 παρθένων,
664 1587 809 1623 προσέχειν
821 1588 900 1622 ἁκρι-
911 1607 933 1639 C

110 1631 166 1664 σῶς
178 1632 218 1667 τῷ
228 1632 287 1660 κατ’
296 1632 398 1659 ἔννοιαν
411 1633 564 1668 φαινομένῳ
577 1633 730 1669 πράγματι,
742 1633 790 1660 καὶ
803 1635 835 1669 τῇ
848 1634 898 1668 τῆς

108 1676 221 1712 Γραφῆς
234 1677 347 1713 διανοίᾳ,
362 1678 396 1712 ἢν
410 1677 520 1704 δυνατὸν
542 1678 661 1713 ἐξευρεῖν
685 1678 739 1705 ἀπὸ
761 1678 810 1705 τοῦ
832 1679 898 1705 ἀκο-

108 1721 206 1750 λούθου
219 1731 226 1738 ·
244 1723 341 1758 χηρεὶα
356 1722 410 1758 γὰρ
426 1723 572 1758 παρθενίας
584 1723 717 1750 ἐλάττων·
734 1724 832 1750 οὐκοῦν
849 1725 896 1751 καὶ

108 1767 141 1795 τδ
155 1767 210 1794 τῶν
232 1768 323 1803 χηρῶν
340 1768 493 1804 ἁμάρτημα
504 1790 511 1802 ,
528 1769 618 1804 πολλῷ
635 1769 761 1805 δεύτερόν
775 1770 833 1797 ἐστι
849 1770 895 1796 τοῦ

107 1813 164 1840 τῶν
179 1813 336 1849 παρθένων·
350 1814 448 1849 ίδωμεν
460 1815 549 1842 τοίνυν
562 1815 589 1841 τί
603 1815 756 1850 γέγραπται
771 1816 896 1852 Τιμοθέῳ

107 1858 185 1894 παρὰ
199 1858 246 1885 τοῦ
262 1859 385 1886 Παύλουο
408 1859 559 1893 Νεωτέρας
571 1859 605 1886 δὲ
621 1859 716 1894 χήρας
734 1860 894 1894 παραιτοῦ·

108 1903 184 1930 ὅταν
197 1904 252 1938 τὰρ
268 1904 547 1938 καταστρηνιάσωσι
560 1905 613 1931 τοῦ
625 1905 754 1939 Χριστοῦ
766 1925 773 1938 ,
791 1905 897 1941 ταμεῖν

107 1948 262 1982 θέλουσιν,
281 1949 407 1982 ἔχουσαι
426 1949 514 1984 κρῖμα
526 1950 570 1976 ὅτι
588 1951 645 1983 τὴν
659 1950 778 1984 πρώτην
792 1952 896 1977 πίστιν

106 1994 273 2028 ἠθέτησαν.
293 1994 323 2022 Et
340 1995 429 2022 τοίνυν
444 1995 460 2029 ἡ
475 1995 548 2030 χήρα
565 1995 677 2030 κρίματι
691 1995 831 2022 ὑπόκειται
848 1996 896 2030 βα-

107 2041 217 2076 ρυτάτῳ
242 2041 279 2073 ὡς
301 2041 350 2076 τὴν
375 2043 414 2073 εἰς
437 2041 553 2076 Χριστὸν
576 2041 732 2077 ἁθετήσασα
749 2042 851 2074 πίστιν,
869 2043 895 2070 τί

106 2086 162 2121 χρὴ
176 2086 330 2121 λογίζεσθαι
350 2088 424 2122 ἡμᾶς
436 2088 500 2122 περὶ
512 2087 564 2124 τῆς
576 2087 722 2123 παρθένου,
732 2088 791 2122 ἥτις
802 2088 896 2124 νύμφη

81 2131 84 2133 λ
105 2130 168 2157 ἐστὶ
181 2130 228 2158 τοῦ
243 2131 371 2166 Χριστοῦ,
385 2132 432 2159 καὶ
451 2132 546 2164 σκεῦος
565 2133 635 2167 ἱερὸν
650 2132 779 2159 ἀνατεθὲν
792 2133 832 2168 τῷ
847 2134 895 2160 Δε-

105 2175 213 2212 σπότης
230 2177 308 2211 Μέγα
332 2178 380 2212 μὲν
402 2178 554 2212 ἁμάρτημα
578 2179 626 2204 καὶ
647 2178 742 2214 δούλην
756 2178 895 2214 λαθραίοις

104 2222 207 2257 γάμοις
230 2222 328 2258 ἑαυτὴν
351 2223 530 2254 ὲπιδιόοὖσαν.
548 2224 650 2258 φθορᾶς
674 2224 828 2259 ἀναπλῆσαι
850 2225 894 2251 τὸν

103 2264 192 2300 οἷκον,
207 2269 254 2294 καὶ
270 2267 445 2303 καθυϐρίζειν
462 2268 505 2294 διὰ
519 2269 565 2295 τοῦ
582 2268 700 2303 πονηροῦ
718 2268 774 2304 βίου
790 2269 835 2295 τὸν
850 2277 895 2296 κε-

951 2277 1077 2304 ieteriore
1098 2278 1153 2304 vita
1175 2278 1300 2312 injuriam
1323 2279 1475 2313 possessori
1502 2278 1592 2305 facere
1615 2285 1622 2305 :

102 2321 156 2347 κτη
161 2313 242 2347 μένον
252 2321 260 2329 ·
274 2312 363 2348 πολλῷ
377 2314 405 2340 δὲ
418 2313 502 2348 δήπου
517 2314 715 2350 χαλεπώτερον,
727 2314 775 2350 τὴν
787 2315 895 2350 νύμφην

104 2358 249 2394 μοιχαλίδα
261 2359 398 2393 γενέσθαι,
408 2360 454 2386 καὶ
465 2360 513 2395 τὴν
527 2361 594 2396 πρὸς
609 2361 653 2387 τὸν
668 2360 783 2395 νυμφίον
799 2361 895 2387 ἕνωσιν

101 2404 288 2439 ἀτιμάσασαν,
304 2405 411 2440 ἡδοναῖς
431 2405 590 2437 ἀκολάστοις
613 2407 711 2441 ἑαυτὴν
735 2406 872 2433 ἐπιδοῦναι
885 2415 892 2422 ·

101 2449 205 2476 οὐκοῦν
221 2450 238 2485 ἠ
255 2450 304 2485 μὲν
319 2451 390 2485 χήρα
401 2451 439 2482 ὡς
452 2451 531 2486 δούλη
547 2451 731 2486 διεφθαρμένη
747 2452 894 2478 καταδικά-

101 2494 194 2527 ζεται,
206 2496 222 2530 ἡ
236 2495 264 2521 δὲ
276 2495 408 2531 παρθένος
421 2496 460 2531 τῷ
476 2497 590 2531 κρίματι
600 2499 648 2531 τῆς
663 2497 816 2532 μοιχαλίδος
829 2497 894 2523 ὑπό-

99 2548 212 2567 κειταιο
227 2540 322 2576 ὥσπερ
349 2539 392 2568 δῦν
417 2542 463 2568 τὸν
490 2542 618 2578 ἀλλοτρίᾳ
644 2544 753 2576 γυναικὶ
770 2543 893 2570 συνιόντα

100 2585 200 2621 μοιχὸν
220 2586 398 2622 ὀνομάζομεν,
415 2588 445 2614 οὐ
469 2589 600 2624 πρότερον
622 2589 833 2625 παραδεχόμενοι
855 2591 892 2621 εις

98 2631 246 2659 κοινωνίαν
260 2633 324 2668 πρὶν
338 2633 353 2668 ἢ
369 2633 525 2660 παύσασθαι
538 2633 587 2668 τῆς
600 2635 746 2669 ἁμαρτίας,
762 2634 833 2661 οὕτω
846 2635 893 2670 δη-

99 2675 191 2703 λονότι
207 2678 254 2704 καὶ
271 2678 318 2704 ἐπὶ
333 2678 380 2705 τοῦ
396 2678 444 2714 τὴν
467 2679 601 2714 παρθένον
615 2679 719 2714 ἔχοντος
734 2681 892 2715 διατεθησό-

99 2721 192 2758 μεθα·
219 2718 348 2750 ὲκεῖνοδὲ
365 2724 412 2750 νῦν
429 2723 699 2760 προδιωμολογῆσθαι
720 2726 785 2761 ἡμῖν
808 2727 891 2760 ἀναγ-

96 2769 190 2800 καῖον,
205 2768 247 2795 ὅτι
260 2769 394 2805 παρθένος
418 2770 579 2804 ὀνομάζεται
598 2771 615 2805 ἡ
639 2771 769 2802 ἑκουσίως
792 2771 891 2806 ἑαυτὴν

97 2814 317 2848 προσαγαγοῦσα
328 2814 366 2849 τῷ
378 2815 481 2851 Κυρίῳ,
490 2816 537 2842 καὶ
546 2815 738 2851 ἀποταξαμένη
750 2816 788 2851 τῷ
798 2817 889 2852 γάμῳ,

136 2907 160 2924 ιτ
181 2907 276 2937 lTim.
294 2917 320 2944 ν,
347 2910 452 2944 11,12.

951 313 1150 346 coniabuletur,
1172 322 1222 342 nec
1245 315 1326 342 cubet
1351 315 1501 342 monachus
1523 315 1551 341 in
1576 314 1738 341 feminarum

952 360 1127 392 monasterio,
1146 367 1195 388 nec
1214 368 1275 387 cum
1300 361 1434 387 monacha
1458 367 1582 387 seorsum
1603 359 1737 388 comedat.

951 403 985 431 Et
1007 404 1116 439 quando
1138 413 1199 439 quae
1215 409 1280 432 sunt
1295 405 1355 432 vita:
1375 405 1528 432 necessaria
1544 413 1559 432 a
1573 409 1651 440 parte
1666 406 1739 432 viro-

953 457 1012 475 rum
1028 449 1060 476 ad
1077 450 1213 483 regulares
1229 449 1345 477 feminas
1358 449 1528 483 deferuntur,
1542 455 1618 477 extra
1632 455 1737 484 portam

954 494 1011 521 haec
1034 494 1150 528 accipiat
1175 494 1334 522 monasterii
1360 494 1502 521 muliebris
1525 494 1650 528 praelecta
1674 502 1736 522 cum

953 540 1044 574 aliqua
1059 547 1113 567 anu
1128 540 1272 568 monacba.
1289 541 1316 567 Si
1333 545 1423 567 autem
1440 539 1557 571 eveniat,
1571 544 1600 566 ut
1617 540 1736 573 aliquam

952 585 1017 612 velit
1033 590 1174 620 cOgnatatn
1199 586 1349 613 monachus
1364 586 1497 620 aspicere,
1521 590 1652 619 praesente
1667 593 1736 619 prae-

953 630 1023 658 fecta
1039 638 1099 658 cum
1115 638 1146 657 ea
1163 631 1335 665 colloquatur
1351 631 1449 666 exiguo
1465 635 1492 658 et
1509 630 1583 658 brevi
1600 638 1735 664 sermone,

953 681 980 704 et
996 684 1058 704 mox
1072 677 1108 704 ab
1122 684 1153 704 ea
1168 677 1287 704 recedat.

988 770 1068 806 372
1088 770 1163 804 Quod
1180 779 1240 797 cum
1253 771 1400 806 gratiarum
1421 771 1523 798 actione
1541 775 1566 797 et
1586 778 1644 797 cum
1665 770 1736 800 omni

953 817 1107 844 verecundia
1122 825 1151 843 ac
1165 817 1290 852 religione
1301 818 1410 844 debeant
1424 817 1545 844 monachi
1561 825 1620 844 cum
1643 816 1737 843 mulie—

953 862 1036 895 ribus,
1048 863 1072 889 si
1083 863 1199 895 accidat,
1216 863 1387 891 manducare.

987 909 1031 935 22.
1053 908 1108 935 Deo
1120 909 1228 943 quidem
1242 909 1397 936 universum
1407 908 1618 942 dedicare,etc.,
1631 913 1660 936 ut
1674 917 1735 944 ρας.

915 941 938 972 Β
951 954 1012 982 690.

983 1000 1060 1028 CAP.
1079 1000 1126 1027 IX.
1140 1015 1175 1020 —
1190 1000 1225 1027 De
1240 1007 1379 1026 sacrarunt
1394 1000 1524 1035 uirginum
1541 1005 1641 1034 stupro.

1095 1044 1207 1073 Consilii
1226 1045 1377 1072 acumenici
1395 1053 1419 1072 vr
1436 1053 1516 1072 canon
1532 1045 1559 1072 6.

982 1089 1009 1117 4.
1017 1088 1045 1116 Si
1055 1089 1116 1124 quis
1125 1089 1279 1123 episcopus,
1289 1089 1329 1116 vel
1338 1090 1487 1125 presbyter,
1495 1088 1559 1122 'etc.,
1567 1095 1596 1116 ut
1604 1098 1664 1124 pag.
1672 1089 1734 1117 750.

1143 1134 1238 1162 Basilii
1254 1143 1366 1162 canones
1385 1136 1427 1166 18,
1441 1136 1486 1168 20,
1503 1137 1548 1163 60.

986 1179 1026 1207 l3.
1050 1180 1085 1208 De
1102 1180 1186 1215 lapsis
1201 1181 1363 1214 virginibus,
1379 1189 1440 1216 quae
1455 1182 1537 1208 vitam
1558 1186 1659 1209 castam
1674 1190 1736 1216 pro-

949 1225 1028 1253 fessae
1055 1226 1181 1258 Domino,
1207 1226 1305 1253 deinde
1334 1227 1426 1254 carnis
1458 1227 1617 1255 libidinibus
1644 1228 1732 1261 victm,

948 1275 1026 1305 pacta
1043 1278 1091 1297 sua
1105 1270 1182 1298 irrita
1196 1271 1310 1304 faciunt,
1325 1271 1420 1299 Patres
1435 1273 1544 1306 quidem
1560 1274 1657 1305 nostri,
1672 1281 1734 1300 cum

950 1315 1109 1349 simpliciter
1125 1322 1157 1342 ac
1172 1314 1268 1342 leniter
1293 1322 1354 1342 sese
1369 1316 1403 1343 ad
1425 1323 1518 1343 eorum
1539 1317 1584 1351 qui
1606 1317 1736 1344 labuntur

949 1360 1131 1387 inﬁrmitatem
1144 1361 1396 1394 accommodarent,
1410 1366 1576 1389 censuerunt
1589 1362 1661 1396 ipsas
1674 1366 1735 1397 post

950 1414 1050 1432 annum
1067 1406 1171 1433 admitti
1186 1414 1277 1440 posse,
1297 1406 1330 1433 de
1355 1406 1411 1433 illis
1432 1407 1465 1433 ad
1477 1407 1681 1434 similitudinem
1693 1407 1735 1433 di-

950 1458 1092 1485 gamorum
1107 1451 1297 1485 dijudicantes.
1319 1450 1421 1479 Verum
1441 1451 1507 1478 mihi
1525 1451 1636 1486 quidem
1660 1452 1735 1478 vide-

951 1501 1005 1529 tur,
1031 1497 1160 1532 quoniam
1186 1496 1233 1524 Dei
1257 1497 1331 1525 dono
1355 1497 1533 1533 pregrediens
1562 1496 1682 1525 Ecclesia
1706 1497 1735 1525 lit

952 1542 1058 1576 l‘ortior,
1079 1548 1107 1570 at
1128 1550 1200 1570 nunc
1213 1543 1411 1578 multiplicatur
1426 1544 1493 1571 ordo
1510 1544 1658 1578 virginum,
1671 1544 1734 1571 dili-

950 1592 1043 1623 genter
1066 1588 1293 1616 considerandam
1322 1596 1383 1616 esse
1399 1593 1427 1616 et
1449 1597 1507 1616 rem
1533 1590 1630 1624 ipsam.
1656 1594 1736 1624 prout

949 1633 1133 1661 consideranti
1146 1633 1289 1661 manifesta
1303 1638 1355 1667 est,
1369 1639 1397 1661 et
1411 1634 1561 1669 Scriptum
1571 1634 1734 1662 sententiam

949 1687 1010 1714 qua:
1024 1687 1057 1706 ex
1069 1679 1266 1707 consecutione
1279 1679 1395 1707 inveniri
1411 1684 1507 1714 potest.
1525 1679 1647 1708 Viduilas
1660 1681 1733 1708 enim

949 1725 1097 1759 virginitati
1124 1725 1258 1758 inferior;
1282 1733 1347 1760 ergo
1368 1731 1396 1753 et.
1430 1725 1574 1753 viduarum
1604 1726 1732 1754 delictum

949 1771 1028 1805 longe
1044 1771 1134 1798 minus
1150 1778 1233 1806 quam
1255 1771 1404 1805 virginum.
1420 1770 1566 1799 Videamus
1581 1779 1646 1807 ergo
1669 1773 1734 1808 quid

948 1817 981 1843 ad
998 1816 1173 1844 Timotheum
1191 1825 1207 1844 a
1224 1817 1308 1845 Paulo
1324 1817 1456 1852 scriptum
1474 1818 1525 1845 sit:
1541 1817 1665 1845 Iuniores
1684 1827 1719 1845 au

949 1866 1000 1888 tem
1017 1862 1110 1889 uiduus
1127 1863 1226 1890 devita.
1243 1862 1387 1897 Postquam
1403 1863 1472 1889 enim
1494 1863 1663 1890 lasciviarum
1686 1864 1734 1890 ad-

947 1916 1037 1935 versus
1062 1908 1209 1940 Christum,
1233 1909 1328 1936 nubere
1345 1908 1446 1940 volunt,
1463 1908 1586 1936 habentes
1609 1909 1734 1936 condem-

947 1955 1096 1987 nationem,
1115 1955 1183 1989 quod
1202 1955 1316 1988 primam
1338 1955 1415 1990 [idem
1438 1955 1544 1981 irritam
1568 1955 1684 1989 fecerunt
1698 1955 1732 1984 ⁸⁷.

948 2000 1041 2035 itaque
1063 2001 1085 2028 si
1112 2001 1192 2028 vidua
1212 2001 1316 2036 judicio
1333 2001 1476 2035 subjicitur
1491 2002 1672 2037 gravissimo,
1703 2007 1734 2030 ut

946 2055 1006 2081 qua:
1022 2047 1100 2074 iidem
1116 2048 1142 2074 in
1158 2047 1298 2075 Christum
1323 2048 1428 2075 irritam
1444 2048 1550 2082 fecerit,
1566 2048 1632 2083 quid
1653 2049 1732 2076 nobis

947 2092 1098 2126 putandum
1110 2092 1190 2128 373
1206 2093 1239 2120 de
1252 2093 1366 2128 virgine,
1380 2101 1442 2128 quae
1453 2102 1552 2129 sponsa
1568 2098 1610 2122 est
1619 2094 1731 2127 Christi,

947 2144 976 2166 et
1000 2146 1110 2166 sacrum
1130 2147 1178 2166 vas
1196 2139 1311 2166 Domino
1332 2139 1512 2167 dedicatum?
1530 2139 1654 2175 Magnum
1667 2140 1731 2174 qui-

946 2185 1006 2212 dem
1023 2189 1064 2212 est
1079 2190 1229 2220 peccatum,
1247 2185 1289 2213 vel
1302 2185 1428 2212 ancillam
1446 2185 1621 2212 clandestinis
1633 2186 1729 2213 matri-

948 2231 1047 2258 moniis
1069 2239 1129 2259 sese
1152 2232 1272 2264 dantem,
1301 2236 1394 2266 stupro
1418 2232 1529 2259 domum
1554 2231 1677 2266 implere,
1703 2236 1731 2259 et

1652 2278 1730 2314 longe

946 2327 1037 2350 autem
1050 2324 1160 2359 gravius
1176 2329 1218 2350 est
1230 2331 1358 2358 sponsam
1377 2323 1434 2351 lieri
1452 2324 1613 2356 adulteram,
1628 2332 1660 2351 ac
1673 2331 1730 2351 suae

946 2377 1007 2396 cum
1020 2376 1121 2404 sponso
1136 2369 1326 2404 ccttjunctioni
1339 2369 1457 2397 dedecus
1473 2369 1616 2401 ferentem,
1638 2370 1729 2404 impn-

946 2414 1016 2441 dicis
1030 2415 1213 2449 voluptatibus
1226 2422 1255 2442 se
1267 2415 1374 2442 dedere.
1389 2414 1506 2442 Proinde
1517 2415 1595 2442 vidua
1607 2416 1728 2450 quidem.

947 2464 974 2486 ut
989 2464 1116 2494 corrupta
1129 2460 1238 2492 ancilla,
1255 2461 1469 2494 condemnatur;
1486 2462 1561 2495 virgo
1576 2469 1639 2488 vero
1650 2462 1729 2488 adul-

947 2511 1010 2532 terat
1023 2505 1124 2538 judicio
1144 2506 1297 2540 subjicitur.
1312 2506 1548 2539 Quemadmodum
1567 2508 1647 2542 igitur
1662 2515 1726 2535 eum

944 2552 990 2586 qui
1003 2559 1065 2578 cum
1081 2551 1168 2579 aliena
1181 2557 1223 2579 est
1237 2552 1361 2586 muliere,
1373 2553 1526 2580 adulterum
1541 2553 1727 2586 nominamus,

945 2605 998 2624 non
1018 2597 1094 2632 prius
1112 2597 1287 2626 admittentes
1308 2599 1342 2626 ad
1357 2600 1592 2632 communionem,
1617 2606 1699 2634 quam
1712 2606 1729 2626 a

944 2646 1055 2676 peccato
1071 2643 1241 2675 cessaverit,
1263 2643 1300 2670 ita
1325 2642 1447 2678 proiecto
1465 2648 1492 2670 et
1512 2642 1546 2670 de
1565 2650 1598 2670 eo
1611 2642 1658 2677 qui
1675 2642 1729 2668 vir-

944 2689 1034 2723 ginem
1052 2689 1133 2716 habet
1149 2693 1310 2716 statuemus.
1325 2689 1392 2716 lllud
1406 2693 1496 2716 autem
1514 2697 1588 2716 nunc
1605 2689 1633 2716 in
1650 2693 1729 2715 ante-

943 2742 1050 2762 cessum
1067 2738 1186 2762 statuere
1199 2735 1276 2763 nobis
1286 2743 1398 2763 necesse
1414 2742 1466 2768 est,
1476 2736 1608 2771 virginem
1623 2734 1725 2766 vocari,

942 2787 1003 2814 qua:
1025 2788 1055 2807 se
1078 2788 1128 2807 sua
1155 2785 1252 2815 sponte
1274 2781 1373 2808 obtulit
1388 2780 1517 2813 Domino,
1546 2787 1578 2807 ac
1600 2778 1725 2806 nuntium

943 2824 1045 2860 nuptiis
1061 2825 1178 2860 remisit,
1190 2829 1217 2853 et
1230 2825 1421 2853 sanctimoniae
1436 2825 1590 2853 institutum
1602 2823 1726 2860 amplexa
