1951 3071
219 215 274 248 859

791 207 923 245 ΡΗΟΤῙῘ
941 206 1196 244 PATRIARCHIE
1209 211 1268 243 (ΞΡ.

1793 209 1846 242 860

217 275 270 298 cst.
285 269 476 298 Professiones
487 274 578 297 autem
595 269 630 296 ab
641 276 674 296 eo
690 273 813 304 tempore
823 269 1002 301 admittimus,

1067 267 1103 294 ιαὶ
1115 267 1161 293 τὸν
1175 267 1204 293 ὲν
1219 265 1349 301 ἁγιασμῷ
1365 265 1424 301 βίον
1441 265 1633 300 προτιμήσασα
1644 272 1652 280 ·
1674 264 1724 296 τὰς
1737 264 1767 292 δὲ
1781 266 1848 301 δμο-

161 319 166 323 ·
216 324 272 352 quo
292 321 359 344 aetas
373 315 488 344 rationis
505 315 737 349 complementum
758 314 891 342 habuerit.
907 314 1002 349 Neque

215 362 287 390 enim
304 362 423 398 pueriles
439 369 521 389 voces
539 361 654 388 omnino
669 365 745 388 ratas
767 361 793 388 in
810 361 945 397 ejusmodi
960 369 1003 388 re-

215 407 267 435 hus
280 407 383 435 habere
397 407 544 435 convenit:
563 406 610 434 sed
627 413 687 440 quae
699 407 790 440 fsupra
811 406 945 434 sexdecim
960 407 1002 434 vel

215 452 408 486 septemdecim
422 458 509 478 annos
524 454 599 483 nata,
623 450 864 478 ratiocinationutn
887 457 1001 478 suarum

215 499 330 531 arbitra,
348 497 395 526 diu
417 498 571 525 examinata
591 505 623 525 ac
649 497 771 532 probata,
796 495 924 531 deinceps
940 503 1002 531 per-

216 543 361 574 severavit,
381 547 408 570 et
429 547 458 569 ut
483 542 643 569 admittatur
669 545 827 568 constanter
855 541 1001 575 rogaverit,

217 593 275 616 tum
289 588 399 615 demum
417 588 488 615 inter
503 588 620 623 virgines
645 587 797 619 referenda,
813 586 927 622 ejusque
944 591 1002 613 rata

217 634 341 661 habenda
356 633 504 668 professio,
528 641 561 661 ac
580 633 653 660 illius
669 633 781 660 violatio
799 632 1003 659 inexoraltiliter

217 679 363 713 punienda.
381 678 477 706 Multas
492 679 564 705 enim
587 682 716 714 parentes
739 677 879 705 adducunt
900 684 926 705 et
949 677 1003 705 fra-

217 729 273 752 tres
291 728 318 751 ct
339 724 554 759 propinquorum
577 724 701 752 nonnulli
726 727 789 751 ante
806 728 925 756 aetatem,
948 731 1002 751 non

217 776 266 797 sua
280 774 377 804 sponte
400 769 432 796 ad
452 770 572 798 caelibem
588 769 670 797 vitam
687 769 824 800 incitatas,
841 769 888 797 sed
910 773 940 796 ut
953 769 1005 796 sibi

218 814 269 850 ipsi
291 814 403 850 aliquod
423 815 451 842 in
470 815 524 843 vita
539 815 714 843 commodum
737 815 908 850 provideant.
926 814 1005 842 Tales

218 867 272 887 non
290 859 370 888 facile
384 861 567 894 admittendte,
583 861 671 888 donec
685 867 779 895 aperte
802 861 924 895 ipsarum
940 867 1004 895 per-

219 906 332 933 scrututi
347 905 483 934 fuerimus
499 906 674 934 sententiam.

252 995 334 1031 374
351 996 395 1023 20.
416 995 591 1031 Quaecunque
612 995 755 1029 mulieres,
780 1003 842 1023 cum
869 1000 961 1024 essent
979 996 1007 1024 in

219 1040 327 1074 haeresi,
342 1046 406 1075 etc.,
418 1046 448 1068 ut
461 1050 522 1076 pag.
540 1041 604 1069 6l9.

256 1086 301 1114 60.
321 1086 388 1119 ρυω
403 1087 583 1122 virginitatem
598 1086 807 1122 professa,etc.,
826 1091 854 1114 ut
865 1095 927 1123 pug.
942 1087 1008 1115 854.

257 1135 329 1174 Lege
357 1135 546 1163 adnotationes
577 1135 611 1162 50
644 1142 704 1170 cap.
743 1134 787 1162 tit.
820 1134 837 1162 9
869 1134 1010 1170 praesentis

222 1177 324 1205 operis.

253 1226 331 1254 CAP.
351 1226 386 1253 X.
400 1240 434 1246 —-
447 1225 485 1253 De
500 1231 578 1254 astate
597 1226 797 1261 suscipientiunt
811 1227 932 1254 habitum
946 1227 1007 1254 reli-

220 1271 333 1306 giosum.
351 1269 420 1298 Item
434 1279 556 1306 quanam
567 1271 674 1298 dicatur
685 1271 779 1307 virgo?

353 1362 466 1390 Consilii
490 1362 705 1398 Cartluaginensia
717 1370 802 1390 canon
820 1362 880 1393 126.

255 1408 294 1436 De
304 1408 448 1443 virginibus
460 1408 542 1435 etiam
558 1407 703 1435 minoribus
719 1408 849 1436 vetandis.

256 1453 318 1481 126.
336 1453 402 1481 ltem
424 1453 526 1489 placuit
538 1453 574 1486 ⁸⁸,
596 1457 626 1481 ut
641 1453 800 1488 quicunque
820 1453 1009 1488 episcoporum

223 1500 387 1527 necessitate
412 1499 591 1534 periclitantis
615 1499 753 1534 pudicitiae
774 1499 924 1534 virginalis,
947 1506 1009 1527 eum

221 1546 264 1573 vel
287 1545 385 1579 petitor
408 1549 515 1580 potens,
540 1545 583 1572 vel
605 1549 698 1580 raptor
717 1545 815 1580 aliquis
831 1545 1010 1580 formidatur;

223 1589 266 1618 vel
293 1590 316 1617 si
343 1591 425 1617 etiam
456 1589 549 1624 aliquo
575 1589 673 1617 mortis
698 1589 851 1624 periculoso
879 1591 1009 1625 scrupulo
1025 1605 1047 1636 ο

225 1641 389 1671 componet:
418 1635 516 1668 fuerit,
541 1643 574 1663 ne
596 1643 650 1662 non
675 1635 763 1663 velata
790 1636 937 1670 moriatur;
964 1641 1010 1664 aut

223 1683 395 1718 exigentibus
417 1682 588 1716 parentibus,
612 1685 660 1709 aut
678 1681 722 1709 his
737 1682 771 1709 ad
786 1689 902 1716 quorum
917 1689 1010 1710 curam

224 1728 352 1764 pertinet.
361 1727 490 1754 velaverit
500 1727 644 1762 virginem,
657 1734 707 1755 seu
726 1727 825 1754 velavit
838 1727 907 1754 intra
919 1728 1011 1763 viginti

225 1774 346 1810 quinque
371 1780 457 1800 annos
479 1773 578 1804 aetatis.
603 1780 658 1800 non
677 1772 702 1800 ei
726 1772 798 1800 obsit
813 1773 958 1802 concilium
973 1774 1010 1807 ⁸⁸,

225 1819 299 1854 quod
313 1818 348 1846 de
362 1818 414 1846 isto
426 1825 559 1845 annorum
576 1825 692 1845 numero
705 1818 883 1846 constitutum
898 1824 951 1847 est.

323 1907 438 1936 Cancitii
456 1909 608 1936 aecuntenici
626 1916 652 1937 vr
672 1917 783 1938 canones
800 1911 845 1944 40,
863 1911 908 1939 45.

258 1955 297 1982 De
311 1955 446 1981 monachis
460 1958 486 1982 et
501 1955 674 1983 monialibus.

262 2000 307 2028 40.
323 2000 456 2033 Quoniam
470 1999 524 2028 Deo
538 2000 642 2029 haerere
655 2001 679 2019 “
695 2009 743 2037 per
753 2010 891 2033 secessum
905 2012 939 2033 ea
951 2009 1014 2032 vttat

227 2047 342 2082 strepitu
358 2054 391 2074 ae
404 2047 610 2082 perturbatione
619 2047 697 2075 valde
708 2053 752 2076 est
764 2050 895 2083 salutare,
907 2055 1016 2086 oportet

226 2101 279 2122 nos
297 2101 352 2120 non
368 2093 428 2121 sine
441 2093 644 2122 examinatione
657 2101 705 2122 eos
718 2095 765 2130 qui
778 2095 862 2123 vitam
883 2097 1016 2124 monasti-

226 2147 287 2168 cam
303 2139 417 2173 eligunt,
432 2146 487 2166 non
505 2139 694 2174 intempestive
704 2141 855 2174 admittere,
873 2143 919 2170 sed
936 2143 1016 2171 nobis

227 2193 243 2212 a
256 2185 383 2212 Patribus
392 2184 520 2212 traditum
530 2185 677 2213 terminum
687 2186 714 2213 in
726 2187 766 2214 eis
776 2194 885 2222 quoque
896 2194 1015 2221 servare,

227 2234 259 2259 ut
274 2231 336 2258 vitae
350 2230 500 2258 secundum
515 2230 600 2258 Deum
614 2230 813 2266 professionem
824 2232 881 2267 jam
897 2232 1015 2266 ﬁrmam,

1056 312 1149 346 λογίας
1163 312 1224 339 τότε
1245 311 1409 347 ὲγκρίνομιν
1419 330 1427 343 ,
1443 311 1490 345 ἀφ’
1503 308 1588 345 οὕπερ
1601 310 1635 337 ἂν
1647 311 1665 346 ἡ
1682 309 1776 346 ἡλικία
1796 311 1848 346 τὴν

1056 357 1104 384 τοῦ
1120 357 1200 392 λόγου
1226 357 1425 392 συμπλήρωσιν
1439 356 1505 392 ἔχῃο
1518 357 1548 382 ού
1570 355 1625 391 γὰρ
1646 356 1695 388 τάς
1719 357 1848 389 παιδικὰς

1057 404 1160 439 φωνὰς,
1173 405 1283 435 πάντως
1308 403 1406 440 κυρίας
1431 402 1544 429 ἐπὶτῶν
1568 402 1697 430 τοιούτων
1721 403 1847 438 ἡγεῖσθαι

1058 452 1203 485 προσήκει,
1220 449 1287 477 ἀλλὰ
1307 449 1358 485 τὴν
1378 449 1449 484 ὑπὲρ
1463 449 1497 475 τὰ
1510 448 1608 481 δεκαὲξ
1623 448 1639 484 ἢ
1654 449 1701 475 καὶ
1716 449 1784 476 δέκα
1800 449 1847 476 καὶ

1057 495 1128 522 ἑπτὰ
1142 495 1290 529 γενομένην
1310 494 1370 530 ἐτη,
1393 494 1492 530 κυρίαν
1513 492 1596 520 οὖσαν
1621 494 1674 521 τῶν
1695 493 1846 529 λογισμῶν,

1057 539 1250 575 ἀνακριθείσαν
1263 540 1308 565 ἐπὶ
1321 539 1414 565 πλεῖον
1423 559 1432 572 ,
1448 536 1508 565 εἶτα
1524 538 1733 574 παραμείνασαν
1746 539 1793 566 καὶ
1805 539 1847 565 λι-

1057 585 1199 621 παροῦσαν
1216 584 1261 611 διά
1277 585 1386 612 ῑκεσιιῖιν
1408 584 1477 620 πρὸς
1497 584 1528 611 τὸ
1553 583 1769 619 παραδεχθῐψαι,
1784 584 1846 611 τότε

1057 631 1289 666 ἑγκαταλέγεσθαι
1311 631 1365 667 χρὴ
1376 631 1437 663 ταῖς
1451 630 1606 666 παρθένοις,
1622 631 1669 656 καὶ
1685 629 1734 665 τὴν
1749 629 1848 664 ὁμολο-

1057 678 1121 712 γίαν
1145 677 1194 713 τῆς
1215 677 1343 711 τοιαύτης
1367 676 1483 712 κυροῦν,
1497 676 1546 702 καὶ
1559 676 1608 710 τὴν
1621 675 1749 710 ἀθέτησιν
1763 675 1848 710 αὐτῆς

1058 724 1252 759 ἀπαραιτήτως
1275 722 1419 755 κολάζειν·
1447 721 1547 754 πολλὰς
1572 722 1626 757 γὰρ
1650 723 1739 755 γονεῖς
1761 730 1848 757 προσ-

1059 770 1154 804 άγουσι
1171 769 1218 795 καὶ
1231 768 1352 803 ἀδελφοὶ,
1367 768 1415 795 καὶ
1430 768 1485 795 τῶν
1501 767 1696 803 προσηκόντων
1708 767 1779 798 τινες
1795 767 1849 802 πρδ

1058 814 1109 849 τῆς
1123 814 1249 850 ἡλικίας,
1265 815 1316 841 οὐκ
1332 814 1437 842 οἴκοθεν
1452 814 1619 850 ὁρμηθείσας
1635 814 1703 848 πρὸς
1715 813 1849 848 ἀγαμίαν,

1058 861 1126 888 ἀλλά
1138 870 1164 888 τι
1181 861 1308 896 βιωτικὺν
1321 861 1429 892 ἑαυτοῖς
1443 860 1640 895 διοικούμενοι·
1654 861 1688 891 ἃς
1704 860 1734 886 οὐ
1750 859 1851 895 ῥᾳδίως

1059 906 1256 942 προσδέχεσθαι
1278 907 1338 940 δεῖ,
1353 906 1407 939 ἓως
1420 906 1454 934 ἄν
1468 905 1594 941 φανερῶς
1608 905 1658 941 τὴν
1673 905 1740 933 ἰδίαν
1759 905 1852 932 αὐτῶν

1019 947 1043 977 Β
1057 953 1250 989 έρευνήσωμεν
1269 952 1392 988 γνώμην.

1095 1002 1131 1026 κ’.
1147 999 1228 1025 ὀσαι
1238 999 1365 1033 γυναῖκες
1376 998 1406 1024 ὲν
1419 997 1524 1033 αἱρέσει
1534 997 1624 1030 οὖσαι,
1635 1005 1664 1024 κ.
1677 1005 1703 1024 τ.
1717 996 1744 1024 λ.

1096 1089 1127 1122 ξ’.
1148 1089 1180 1116 Ἦ
1196 1089 1343 1124 παρθενίαν
1354 1089 1546 1124 ὀμολογὴσασα
1556 1109 1563 1120 ,
1579 1097 1607 1116 κ.
1622 1097 1648 1116 τ.
1665 1089 1691 1116 λ.

1106 1135 1254 1169 ’Δνάγνωθι
1264 1135 1313 1167 τὰς
1329 1135 1514 1171 παραγραφὰς
1525 1135 1573 1162 τοῦ
1589 1135 1612 1162 λ’
1622 1143 1686 1169 κεφ.
1700 1134 1748 1162 τοῦ
1762 1133 1783 1161 θ’
1797 1133 1851 1160 τίτ.

1059 1169 1107 1198 τοῦ
1124 1171 1256 1206 παρόντος
1272 1169 1470 1205 συντάγματος.

1096 1226 1222 1253 ΚΕΦΑΛ.
1236 1227 1265 1253 Ρ.
1284 1240 1318 1247 -—
1345 1226 1414 1260 Περὶ
1428 1226 1540 1261 χρόνον
1561 1226 1617 1260 τῆς
1641 1227 1764 1260 ἡλικίας
1789 1227 1852 1255 τῶν

1062 1270 1282 1306 λαμϐανουσῶν
1294 1271 1328 1298 τὸ
1343 1271 1466 1306 σχῆμα·
1482 1271 1531 1299 καί
1556 1273 1628 1299 ποια
1643 1272 1761 1307 λέγεται
1777 1281 1852 1307 πορ-

1061 1317 1158 1351 θένος.

1167 1362 1302 1390 Συνόὃου
1321 1363 1533 1398 Καρθαγέννης
1546 1364 1647 1391 κανὼν
1667 1368 1742 1399 ρκς’.

1095 1408 1164 1442 Περὶ
1179 1407 1333 1443 παρθένων
1348 1408 1473 1443 μικρῶν,
1494 1409 1539 1436 ὅτι
1551 1409 1616 1443 μὴν
1634 1409 1817 1437 καλυπτέον.

1097 1457 1172 1490 ρκς’.
1192 1453 1307 1489 Ὁμοίως
1326 1454 1435 1489 ἤρεσεν,
1455 1454 1499 1480 ῖνα
1513 1454 1690 1490 ὀστισδήποσε
1714 1455 1770 1482 τῶν
1789 1457 1852 1482 ἐπι-

1063 1500 1182 1532 σκόπων,
1200 1499 1234 1526 δι’
1252 1499 1373 1534 ἀνάγκην
1400 1499 1450 1534 τῆς
1479 1500 1647 1535 παρθενικῆς
1673 1502 1852 1536 σωφροσύνης

1062 1545 1279 1580 κινδυνευούσης,
1297 1546 1342 1572 ὅτε
1356 1544 1372 1580 ἢ
1387 1545 1507 1581 ἐραστὴς
1519 1545 1641 1579 δυνατὸς,
1663 1545 1680 1581 ἢ
1698 1546 1791 1582 ἀρπαξ
1810 1547 1853 1579 τις

1063 1592 1136 1617 ἐστιν
1150 1591 1178 1617 ὲν
1193 1590 1308 1626 ὑποψίᾳ,
1321 1590 1338 1626 ἢ
1354 1589 1395 1617 ἑτι
1417 1590 1471 1626 μὴν
1493 1590 1546 1617 ὑπό
1559 1599 1633 1622 τινος
1657 1591 1851 1627 θανατηφόρου

1063 1635 1185 1663 κινδύνου
1202 1635 1270 1672 αὕτη
1291 1636 1385 1672 ἔσηται
1408 1636 1550 1671 νυχθεῖσα,
1580 1637 1813 1672 παρακαλούντων
1837 1638 1854 1674 ἢ

1065 1682 1120 1710 τῶν
1134 1683 1235 1716 γονέων
1252 1682 1347 1718 αὐτῆς,
1361 1682 1378 1718 ἢ
1395 1679 1433 1710 ὧν
1447 1684 1480 1719 τῇ
1498 1682 1618 1718 φροντίδι
1641 1683 1794 1716 ἀνάκειται,
1810 1685 1855 1711 διὰ

1065 1728 1098 1755 τὸ
1122 1729 1161 1763 μὴ
1182 1728 1266 1764 χωρὶς
1289 1728 1337 1754 τοῦ
1361 1729 1501 1763 σχήματος
1532 1727 1721 1763 τελειωθῆναι,
1743 1728 1854 1765 καλύψῃ

1065 1773 1199 1810 παρθένον
1227 1774 1244 1810 ἢ
1270 1774 1404 1808 ἐκάλυψεν
1423 1773 1498 1806 ἐντὸς
1522 1773 1619 1810 κείρας
1642 1775 1775 1802 ὲνιαυτῶν
1802 1777 1854 1808 κε’,

1067 1819 1152 1855 μηδὲν
1171 1819 1219 1846 τὸν
1232 1819 1354 1846 τοιοῦτον
1373 1819 1460 1856 βλάψῃ
1476 1820 1540 1855 περὶ
1564 1819 1661 1847 τούτου
1672 1819 1721 1847 τοῦ
1736 1821 1855 1856 ἀριθμοῦ

1067 1867 1121 1897 ¹τῶν
1134 1867 1267 1894 ἐνιαυτῶν
1278 1866 1479 1894 κατασταθεῖσα
1498 1866 1618 1899 σύνοδος.

1141 1911 1274 1939 Evr-660v
1282 1912 1491 1946 οὶκουμενικῆς
1510 1915 1539 1944 ς’
1553 1911 1654 1939 κανὼν
1669 1912 1707 1948 μ’,
1720 1916 1773 1947 με’.

1102 1960 1171 1993 Περὶ
1178 1958 1320 1993 μοναχῶν
1334 1959 1382 1985 καὶ
1397 1957 1602 1993 μοναστριῶν.

1102 2003 1138 2038 μ’.
1159 2003 1268 2038 Ἐπειδὴ
1292 2002 1333 2038 τῷ
1351 2002 1412 2038 Θεῷ
1430 2002 1589 2035 κολλᾶσθαι,
1615 2002 1662 2029 διὰ
1679 2002 1730 2038 τῆς
1749 2003 1782 2029 ὲκ
1800 2002 1855 2028 τῶν

1065 2049 1112 2076 τοῦ
1123 2048 1181 2084 βίου
1196 2048 1319 2083 θορύϐων
1332 2048 1545 2083 ἀναχωρήσεως,
1561 2047 1622 2074 λίαν
1637 2048 1696 2074 ἐστὶ
1708 2048 1855 2083 σωτήριον,

1066 2094 1120 2129 χρὴ
1136 2093 1173 2129 μὴ
1185 2092 1371 2125 ἀνεξετάστως
1386 2092 1500 2127 ἡμᾶς,ῆ
1520 2092 1596 2128 παρά
1607 2092 1653 2120 τὸν
1670 2093 1767 2127 καιρὸν
1790 2094 1856 2124 τοῖος

1067 2139 1113 2166 τὸν
1129 2139 1234 2174 μονήρη
1257 2138 1313 2174 βίον
1327 2138 1506 2174 αἱρουμένους
1529 2138 1702 2173 προσίεσθαι,
1724 2138 1794 2165 ἀλλά
1809 2139 1857 2166 τὸν

1067 2184 1253 2220 παραδοθέντα
1265 2185 1331 2220 ἡμῖν
1345 2184 1421 2220 παρὰ
1433 2183 1488 2211 τῶν
1502 2184 1642 2219 Πατέρων,
1659 2185 1706 2211 καὶ
1721 2185 1750 2212 έν
1763 2185 1857 2216 αὐτοῖς

1069 2231 1216 2266 φυλάττειν
1232 2231 1296 2266 ὅρον
1307 2239 1315 2246 ·
1333 2229 1404 2257 ὥστε
1414 2229 1464 2266 τὴν
1483 2230 1629 2266 ὁμολογίαν
1637 2230 1685 2257 τοῦ
1704 2231 1774 2257 κατά
1789 2231 1856 2258 Θεὸν

226 2280 255 2303 et
278 2283 294 2302 a
310 2274 424 2303 scientia
447 2282 480 2302 ac
502 2274 607 2309 judicio
621 2275 721 2303 factam
743 2280 809 2303 tunc
825 2277 1010 2312 admittamus,

1068 2277 1126 2312 βίου
1141 2277 1202 2303 τότε
1213 2276 1375 2312 προσίεσθαι
1392 2276 1443 2309 δεῖ,
1466 2276 1504 2308 ὡς
1527 2276 1578 2312 ἤδη
1603 2276 1716 2312 βεϐαίαν
1729 2277 1778 2303 καὶ
1802 2277 1858 2303 ἀπὸ

227 2325 290 2355 post
302 2321 418 2349 rationis
432 2321 674 2355 complementum.
696 2321 748 2355 Qui
772 2329 836 2357 ergo
853 2321 934 2357 375
954 2331 1014 2350 mo-

227 2366 373 2394 nachicum
387 2366 482 2402 iugum
497 2371 540 2394 est
553 2366 704 2399 subiturus,
720 2375 762 2402 _ne
778 2368 812 2394 sit
831 2368 921 2395 minor
932 2376 1014 2403 quam

227 2412 321 2440 decem
332 2418 466 2439 annorum
478 2416 569 2444 natus.
578 2411 639 2447 ejus
648 2420 757 2447 quoque
765 2412 803 2440 rei
813 2413 1016 2441 examinatione

229 2457 256 2484 in
271 2457 396 2492 praesulis
413 2457 529 2485 arbitrio
549 2457 602 2486 sita
614 2477 622 2490 ,
650 2465 685 2485 an
708 2458 801 2492 augeri
827 2462 935 2493 tempus
950 2467 1016 2486 con-

229 2501 377 2529 ducibilius
393 2502 531 2530 existimet
544 2501 578 2529 ad
597 2502 825 2530 introductionem
841 2507 869 2530 et
883 2503 1016 2531 constitu-

229 2547 331 2577 tionem
348 2547 376 2574 in
389 2547 447 2575 vita
469 2548 633 2576 monastica.
647 2547 703 2576 Etsi
719 2548 793 2576 enim
809 2556 925 2584 magnus
941 2548 1018 2577 Basi-

228 2594 284 2622 lius
294 2594 316 2610 ’ί
336 2595 363 2622 in
376 2596 531 2631 sacrisisuis
538 2596 691 2624 canonibus
705 2603 776 2629 eam,
785 2604 846 2631 quae
857 2604 907 2625 sua
921 2601 1019 2631 sponte

228 2637 285 2666 Deo
300 2647 330 2667 se
343 2640 430 2673 oﬁ‘ert,
439 2646 468 2668 et
481 2641 664 2676 virginitatem
680 2641 880 2676 complectitur,
895 2643 918 2669 si
933 2641 1018 2676 septi-

229 2693 304 2713 mum
329 2685 467 2714 decimum
494 2694 597 2714 annum
624 2687 809 2721 compleverit,
826 2688 853 2714 in
881 2687 1017 2722 virginum

229 2730 352 2758 Ordinem
372 2731 543 2759 referendam
569 2739 632 2760 esse
656 2732 772 2765 statuit;
800 2733 847 2760 sed
863 2737 953 2760 tamen
984 2734 1018 2761 de

228 2775 319 2804 viduis
334 2780 363 2804 et
385 2776 548 2805 diaconissis
574 2777 728 2812 exemplum
755 2779 852 2811 secuti,
865 2779 891 2806 in
911 2779 1014 2807 dictum

1067 2321 1179 2357 γνώμης
1190 2321 1294 2353 οἰκείας
1307 2322 1355 2349 καὶ
1367 2321 1486 2357 κρίσεως
1499 2321 1657 2356 γινομένην,
1669 2323 1738 2357 μετά
1747 2323 1798 2357 τὴν
1809 2322 1858 2349 τοῦ

1067 2367 1148 2400 λόγου
1159 2367 1356 2402 συμπλήρωσιν
1366 2375 1373 2383 ·
1389 2366 1460 2393 ἔστω
1473 2366 1564 2393 τοίνυν
1575 2367 1589 2393 6
1603 2367 1708 2402 μέλλων
1717 2367 1764 2393 τὸν
1777 2375 1859 2401 μονα-

1067 2413 1145 2449 χικδν
1159 2412 1327 2448 ὑπέρχεσθαι
1351 2411 1445 2447 ζυγὸν,
1464 2412 1514 2448 οὐχ
1527 2409 1610 2448 ἦττον
1623 2412 1640 2447 ἢ
1659 2413 1792 2448 δεκαετὴς
1804 2421 1812 2428 ο
1828 2414 1858 2440 ὲν

1067 2459 1107 2495 τῷ
1120 2458 1243 2494 προέδρῳ
1252 2458 1383 2493 κειμένης
1395 2458 1501 2494 καὶτῆς
1521 2458 1568 2485 ἐπὶ
1580 2458 1668 2494 τούτῳ
1681 2458 1859 2493 δοκιμασίας,

1071 2506 1095 2533 ει
1109 2505 1155 2532 τὸν
1169 2505 1266 2540 χρόνον
1281 2504 1356 2539 αὐτῷ
1375 2504 1527 2540 αὐξηθῆναι
1542 2504 1764 2540 λυσιτελέστερον
1781 2505 1860 2540 ἡγεῖ-

1070 2559 1125 2584 ται,
1140 2549 1210 2585 πρὸς
1236 2549 1287 2584 τὴν
1305 2550 1335 2575 ὲν
1359 2548 1399 2583 τῷ
1418 2549 1531 2585 μονήρει
1559 2548 1610 2584 βίῳ
1635 2548 1792 2583 εἰσαγωγὴν
1809 2548 1860 2575 καὶ

1071 2596 1260 2623 κατάστασιν·
1278 2595 1303 2622 εἰ
1315 2595 1370 2630 γὰρ
1385 2595 1432 2622 καὶ
1452 2596 1466 2622 ό
1481 2594 1568 2629 μέγας
1585 2594 1725 2626 Βασίλειος
1747 2595 1777 2621 ἐν
1801 2595 1860 2626 τοῖς

1073 2641 1154 2677 ίεροῖς
1167 2641 1251 2668 αὐτοῦ
1267 2641 1361 2668 κανόσι
1375 2641 1423 2677 τὴν
1438 2641 1569 2673 ἑκουσίως
1581 2640 1682 2676 ἑαυτὴν
1698 2640 1857 2675 προσάγου-

1073 2696 1122 2717 σαν
1143 2687 1183 2723 τῷ
1199 2687 1258 2722 Θεῷ
1274 2687 1322 2714 καὶ
1336 2686 1387 2723 τὴν
1410 2687 1560 2723 παρθενίαν
1589 2687 1795 2722 ἀσπαζομένην,
1812 2686 1860 2714 τδν

1072 2733 1304 2761 ἑπτακαιδέκατον
1318 2733 1479 2761 διανύουσαν
1498 2734 1604 2769 χρόνον,
1619 2733 1658 2768 τῷ
1672 2733 1727 2760 τῶν
1752 2733 1859 2768 παρθέ-

1071 2787 1125 2806 νων
1145 2779 1268 2814 τάγματι
1294 2779 1470 2815 ἀριθμεῖσθαι
1485 2779 1645 2815 νομοθετεῖ,·
1662 2779 1720 2806 ἀλλ’
1747 2779 1796 2806 οὖν
1820 2779 1862 2814 τῷ

265 2861 388 2903 “itione.
403 2862 513 2903 hillevit.
525 2871 556 2897 ιι,
571 2872 620 2892 ean
634 2864 687 2896 26;
703 2865 887 2903 Afric_._c._9_5.
924 2865 946 2903 ’ξ
960 2865 1087 2903 Carthag.
1100 2875 1141 2900 ιιι,
1154 2875 1216 2896 cau.
1231 2867 1258 2896 4.
1295 2868 1318 2885 ’θ
1333 2867 1433 2903 Basilii,
1444 2874 1504 2896 can.
1519 2866 1568 2900 18;
1583 2867 1713 2897 Gltalcetl.
1733 2877 1795 2898 can.
1815 2870 1859 2898 l9.

218 2895 254 2918 ‘l‘
271 2895 339 2925 Vide
351 2897 481 2927 Basilium
497 2895 636 2938 magnum,
650 2895 748 2930 canon.
771 2901 805 2929 18
816 2899 900 2938 Epist.
913 2900 947 2929 ad
964 2895 1196 2939 Amphilochium.
