1951 3071
99 195 151 228 861

475 199 677 231 SYNTAGMA
695 202 890 238 CANONUM.
902 216 938 223 -·
951 205 1026 237 ΤΙΤ.
1044 206 1099 244 XI,
1120 207 1199 238 CAP.
1218 209 1298 239 XXI.

1661 212 1716 244 862

100 251 165 288 περὶ
180 250 236 279 τῶν
249 251 342 288 χηρῶν
357 261 388 279 τι
413 253 460 281 καὶ
485 254 663 285 διακονισσῶν
680 259 871 295 παραδείγματ

935 266 1054 298 tempus,
1080 263 1205 299 analogia
1228 269 1255 293 et
1271 266 1445 301 proportione
1461 265 1557 294 habita
1571 286 1578 298 ,
1605 274 1653 295 eos
1673 269 1720 303 qui

99 297 393 334 κατακολουθήσαντες,
414 301 454 332 εἰς
466 300 512 328 τὸν
527 302 673 338 εἰρημένον
698 305 795 340 χρόνον
819 307 886 334 ἀνα-

98 343 184 378 λόγως
197 345 261 377 τοὺς
276 345 322 372 τδν
338 347 443 382 μονήρη
464 347 521 381 βίον
537 348 684 383 ἑλομένους
702 353 886 388 περιεστήσα-

99 397 164 424 μεν·
177 390 207 417 ἐν
223 391 278 427 γὰρ
291 391 330 427 τῷ
343 392 407 428 θείῳ
425 393 577 430 Ἀποστόλῳ
600 395 769 432 γέγραπται·
798 398 885 433 Ἐξή-

96 442 190 463 ma
200 436 277 464 ἐτῶν
292 439 361 473 ττὴν
384 440 420 467 ἐν
434 440 473 475 τῇ
488 442 653 476 Ἐκκλησία
667 445 884 480 καταλέγεσθαι

96 479 204 514 χήραν.
221 482 253 509 Οἱ
266 482 295 509 δὲ
310 484 377 519 ἱεροὶ
393 485 505 518 κανόνες
525 490 552 521 μ’
566 487 635 514 ἐτῶν
649 488 699 524 τὴν
711 479 884 519 διακόνισσαν

95 529 308 561 χειροτονεῖσθαι
325 530 544 565 παραδεδώκασι,
563 533 614 568 τὴν
640 534 804 568 Ἐκκλησίαν
831 537 882 571 χά-

95 578 151 616 ριτι
161 570 221 607 θείᾳ
235 574 433 609 κραταιοτέραν
443 577 599 613 γινομένην,
617 579 665 606 καὶ
676 580 724 606 ἐπὶ
737 580 772 607 τὰ
786 570 882 616 πρόσω

94 615 239 664 βαίνουσαν
254 619 416 654 ἑωρακότες,
430 622 478 648 καὶ
497 623 527 649 τὸ
539 623 595 650 τῶν
615 626 720 652 πιστῶν
735 615 815 662 πρὸς
828 628 879 664 τὴν

93 661 149 689 τῶν
162 662 242 690 θείων
259 664 373 692 ἐντολῶν
385 667 502 702 τήρησιν
514 669 611 703 πάγιόν
627 678 658 696 τε
674 672 722 698 καὶ
736 661 863 707 ἀσφαλές⁷
873 682 880 689 θ

93 707 225 753 δπεργκαὶ
239 710 321 745 ἡμεῖς
334 711 433 746 ἄριστα
454 715 684 750 κατανοήσαντες,
708 718 812 753 ἀρτίως
839 719 879 746 δι-

92 752 254 787 ωρισάμεθα
264 754 312 789 τὴν
322 755 446 790 εὐλογίαν
452 759 502 793 τῆς
513 758 634 793 χάριτος,
644 761 682 797 τῷ
692 752 817 797 μέλλοντι
825 765 879 791 τῶν

92 797 164 845 κατά
186 798 254 826 Θεὸν
268 800 382 835 ἀγώνων
395 802 566 839 ἐνάρχεσθαι,
583 805 678 842 ὥσπερ
704 809 765 836 τινὰ
791 818 878 845 σφρα-

89 843 151 892 γῖδα
175 845 280 892 ταχέως
295 847 530 885 ἐνσημαινόμενοι,
551 851 677 880 ἐντεῦθεν
703 855 785 882 αὐτὸν
810 843 878 892 πρὸς

89 889 185 937 *ἐπὶ
205 891 339 927 μήκιστον
356 894 394 930 μὴ
411 896 500 923 ὀκνεῖν
516 897 563 924 καὶ
584 899 748 927 ἀναδύεσθαι
761 889 875 937 προσδι-

937 309 1020 336 vitalu
1036 311 1213 338 monasticam
1224 311 1372 346 elegerunt,
1383 312 1557 340 deduximus.
1581 311 1610 340 In
1626 313 1719 342 divino

935 355 1007 382 enim
1027 355 1158 390 Apostolo
1179 357 1310 391 scriptum
1330 362 1372 384 cst
1388 358 1410 373 "
1425 359 1564 394 sexaginta
1584 366 1719 391 annorum

934 401 1042 428 viduam
1055 401 1083 428 in
1093 402 1212 429 Ecclesia
1222 402 1371 437 eligendam
1388 413 1394 431 :
1406 404 1476 432 sacri
1494 409 1585 432 autem
1599 413 1719 432 canones

933 448 1112 483 quadraginta
1127 457 1260 476 annorum
1271 450 1452 479 diaconissam
1466 452 1644 479 ordinandam
1658 460 1718 480 esse

933 498 1098 526 statuerunt,
1115 502 1177 521 cum
1193 494 1239 522 Dei
1259 496 1403 524 ecclesiam
1419 497 1466 524 Dei
1480 498 1565 531 gratia
1581 497 1718 532 potentio-

931 547 989 566 rem
1009 547 1042 566 ac
1053 540 1236 568 robustiorem
1252 542 1385 575 evasisse,
1402 547 1429 570 et
1443 543 1557 570 ulterius
1571 543 1717 578 procedere

932 585 1074 617 vidissent,
1087 586 1262 621 ﬁdeliumque
1288 587 1323 614 ad
1344 588 1500 615 divinorum
1525 589 1716 616 mandatorum

931 630 1149 658 observationem
1177 632 1333 659 ﬁrmitatem
1361 640 1393 660 ac
1422 634 1607 661 stabilitatem.
1637 634 1715 668 Quod

930 677 1039 712 quidem
1062 685 1124 705 cum
1150 685 1202 706 nos
1224 685 1334 713 quoque
1358 680 1460 713 optime
1477 680 1715 713 intellexissemus,

930 722 1011 750 modo
1025 723 1171 750 statuimus
1185 723 1398 752 benedictionem
1412 725 1505 760 gratiae
1517 726 1552 758 ei,
1565 725 1611 761 qui
1628 730 1710 754 certa-

929 768 1003 795 mina
1019 769 1169 796 secundum
1181 768 1266 796 Deum
1276 778 1455 805 aggressurus
1469 771 1612 804 est,veluti
1628 772 1714 807 quod-

929 812 990 840 dam
1006 813 1175 848 signaculum
1190 814 1314 842 celeriter
1342 815 1539 851 imprimentes,
1565 817 1628 844 hinc
1651 824 1713 843 eum

928 857 962 885 ad
980 866 1034 886 non
1050 858 1097 886 diu
1112 859 1295 887 cunctandum
1313 865 1340 887 et
1370 861 1605 896 tergiversandum
1632 862 1714 889 indu-

927 908 1031 935 centes,
1048 903 1089 931 vel
1105 905 1193 938 potius
1207 912 1267 932 eam
1283 905 1316 932 ad
1337 905 1402 932 boni
1417 906 1576 934 electionem
1599 910 1627 935 et
1645 914 1713 934 con-

90 933 230 982 6ἀζοντες,
252 938 353 972 μᾶλλον
367 940 421 975 μὲν
437 938 484 968 οὖν
497 943 545 969 καὶ
557 944 627 978 πρὸς
637 945 686 980 τὴν
701 946 747 973 τοῦ
768 933 871 982 ἀγαθοῦ

928 933 1099 976 stitutionem
1105 933 1265 977 incitantes.

89 981 287 1016 παρορμῶντες
301 984 416 1020 ἐκλογήν
440 987 488 1013 καὶ
502 989 679 1018 κατάστασιν.

125 1025 179 1061 με’.
206 1027 316 1065 Ἐπειδὴ
347 1031 559 1069 μεμαθήκαμεν,
586 1035 615 1062 ἐν
632 1045 687 1064 τισι
711 1039 877 1072 γυναικείοις

89 1074 281 1110 μοναστηρίοις
298 1075 348 1108 τὰς
360 1077 509 1111 μελλούσας
526 1080 574 1107 τοῦ
587 1081 661 1117 ἱεροῦ
679 1083 784 1111 ἐκείνου
802 1093 871 1111 κατ-

87 1117 228 1150 αξιοῦσθαι
252 1121 404 1156 σχήματος,
437 1124 572 1160 πρότερον
588 1129 716 1162 σηρικαῖς
738 1129 787 1156 καὶ
804 1139 874 1158 παν-

85 1162 174 1210 τοίαις
199 1164 315 1198 στολαῖς,
343 1165 385 1194 ἐτι
412 1168 467 1203 μὴν
493 1170 541 1197 καὶ
566 1172 690 1207 κοσμίοις
715 1174 808 1210 χρυσῷ
827 1175 876 1202 καὶ

85 1207 154 1244 λίθῳ
175 1211 397 1247 πεποικιλμένοις
420 1214 474 1241 ὑπὸ
491 1216 545 1243 τῶν
567 1207 760 1253 προσαγόντων
787 1207 872 1253 αὑτὰς

86 1255 322 1290 περιστέλλεσθαι,
342 1260 389 1285 καὶ
405 1259 476 1287 οὕτω
488 1261 526 1296 τῷ
541 1262 727 1300 θυσιαστηρίῳ
742 1267 871 1301 προσιού-

87 1308 148 1334 σας,
162 1302 368 1331 ἐκδιδύσκεσθαι
383 1306 433 1341 τὴν
444 1307 578 1343 τοσαύτην
588 1310 638 1345 τῆς
651 1310 716 1345 ὕλης
724 1311 869 1346 ἀμφίασιν,

85 1348 258 1383 παραχρῆμά
272 1358 301 1376 τε
317 1350 438 1384 γίνεσθαι
465 1353 510 1380 ἐπ’
526 1355 622 1387 αὐταῖς
635 1355 685 1391 τὴν
701 1356 749 1385 τοῦ
767 1358 872 1392 σχήμα-

83 1399 130 1422 τος
145 1392 280 1427 εὐλογίαν,
295 1395 342 1421 καὶ
357 1395 387 1422 τὺ
403 1397 486 1431 μέλαν
511 1398 596 1431 αὑτὰς
624 1400 728 1435 ἔνδυμα
753 1401 871 1436 ἀμφιέν-

83 1437 192 1471 νυσθαι,
223 1440 351 1476 ὁρίζομεν
375 1442 446 1469 ὥστε
465 1444 564 1479 μηκέτι
580 1445 635 1472 ἀπὸ
659 1446 706 1473 τεῦ
721 1447 769 1475 νῦν
793 1449 873 1476 τοῦτο

83 1481 208 1530 γίνεσθαι
221 1492 228 1500 ·
241 1485 301 1512 οὑδέ
316 1487 370 1522 γὰρ
385 1488 483 1522 εὐαγὲς
499 1489 616 1526 ὑπάρχει
636 1492 685 1526 τὴν
698 1492 749 1530 ’ήδη
764 1493 808 1520 διὰ
821 1494 872 1529 τῆς

83 1527 188 1560 οἰκείας
198 1531 384 1566 προαιρέσεως
392 1534 564 1571 ἀποθεμένην
578 1537 668 1564 πᾶσαν
681 1527 731 1573 τήν
743 1539 790 1566 τοῦ
807 1527 865 1574 βίου

959 1041 1005 1069 45.
1026 1041 1160 1074 Quoniam
1176 1041 1362 1071 intelleximus
1373 1042 1398 1058 “
1411 1042 1439 1070 in
1456 1042 1598 1070 nonnullis
1613 1043 1712 1070 mulie-

926 1094 988 1114 rum
1004 1087 1180 1115 monasteriis
1197 1088 1336 1121 mulieres,
1353 1096 1413 1123 quze
1436 1096 1516 1116 sacro
1542 1088 1588 1116 illo
1610 1089 1711 1116 amictu

925 1137 990 1160 sunt
1005 1132 1159 1165 induendae,
1175 1133 1251 1167 prius
1262 1134 1357 1162 sericis
1370 1138 1396 1161 et.
1408 1134 1497 1161 omnis
1510 1134 1618 1169 generis
1629 1134 1712 1161 vesti-

925 1179 991 1211 bus:
1017 1184 1146 1213 praeterea
1167 1184 1259 1207 autem
1281 1185 1308 1207 et
1331 1180 1441 1207 mundis
1459 1187 1526 1207 auro
1548 1184 1575 1208 et
1595 1181 1710 1216 gemmis

926 1225 1037 1253 variatis
1055 1225 1089 1252 ab
1104 1225 1139 1254 iis
1155 1226 1201 1260 qui
1219 1226 1280 1254 illas
1291 1226 1396 1254 ducunt
1413 1227 1552 1259 exornari,
1575 1230 1602 1254 et
1621 1226 1661 1253 sic
1677 1226 1710 1253 ad

923 1270 1009 1298 altare
1025 1271 1195 1304 accedentes,
1207 1272 1269 1300 exui
1287 1277 1363 1300 tanto
1378 1280 1460 1307 opum
1476 1277 1616 1307 apparatu,
1629 1272 1711 1308 376

923 1321 951 1344 et
965 1316 1058 1344 statim
1075 1317 1101 1344 in
1117 1317 1171 1344 illis
1192 1317 1249 1344 ﬁeri
1268 1317 1378 1345 habitus
1390 1318 1618 1350 benedictionem,
1636 1318 1711 1345 illas-
1733 1319 1746 1326 ‘

923 1370 977 1398 que
995 1362 1073 1398 nigro
1095 1363 1197 1391 amictu
1219 1364 1314 1396 indui,
1331 1365 1478 1392 statuimus
1500 1371 1535 1391 ne
1556 1363 1609 1391 hoc
1630 1363 1709 1390 dein-

922 1414 985 1442 ceps
1002 1407 1058 1434 iiut.
1073 1408 1166 1442 Neque
1179 1409 1252 1435 enim
1269 1408 1310 1436 fas
1321 1413 1373 1442 est,
1393 1412 1422 1435 ut
1438 1416 1499 1443 qute
1518 1408 1575 1443 jam
1599 1408 1709 1442 propria

922 1453 1060 1480 voluntate
1087 1461 1196 1481 omnem
1220 1453 1282 1481 vitae
1299 1453 1501 1489 iucunditatem
1526 1453 1661 1488 deposuit,
1683 1456 1710 1480 et

921 1506 980 1526 eam
996 1506 1057 1534 quae
1069 1503 1110 1526 est
1123 1499 1272 1526 secundum
1285 1498 1370 1526 Deum
1378 1498 1440 1526 vita:
1451 1498 1562 1533 agendae
1574 1497 1708 1525 rationem

923 1543 1047 1577 amplexa
1078 1547 1129 1576 est,
1158 1543 1300 1579 ﬁrmisque
1327 1550 1360 1571 ac
1387 1542 1531 1571 stabilibus
1554 1542 1708 1569 rationibus

83 1574 215 1623 (ppoirrlfa
227 1584 258 1603 τε
273 1577 321 1604 καὶ
334 1579 513 1615 τερπνότητα,
540 1582 588 1608 καὶ
603 1582 803 1620 ἀσπασαμένην
817 1586 867 1621 τὴν

927 1597 983 1617 eam
1002 1589 1184 1623 conﬁrmavit,
1203 1595 1231 1617 et
1250 1590 1287 1617 ita
1308 1590 1341 1618 ad
1360 1589 1556 1617 monasterium
1582 1587 1708 1620 accessit,

83 1620 155 1647 κατὰ
171 1620 238 1648 Θεὸν
253 1622 402 1658 πολιτείαν,
424 1627 472 1652 καὶ
501 1627 692 1661 βεϐαιώσασαν
708 1629 811 1666 ταύτην
824 1620 869 1658 λο-

81 1667 193 1712 γισμοῖς
203 1667 336 1702 ἀκλινέσι,
353 1670 401 1698 καὶ
413 1671 484 1698 οὕτω
498 1672 537 1708 τῷ
555 1675 732 1711 μοναστηρίῳ
753 1677 870 1712 προσελ-

81 1711 193 1746 θοῦσαν,
210 1712 289 1746 αὖθις
303 1716 342 1748 είς
356 1717 509 1754 ἀνάμνησιν
521 1719 566 1747 διὰ
581 1719 627 1747 τοῦ
645 1721 767 1749 τοιούτου
778 1711 866 1760 ιρθαρα

144 1767 174 1785 τε
188 1760 236 1806 καὶ
252 1761 360 1806 ῥέοντος
376 1763 480 1799 κόσμου
497 1764 594 1799 ἐλθεῖν,
607 1763 643 1794 ὧν
656 1768 707 1804 ήδη
721 1758 870 1806 ἐποιήσατο

79 1802 165 1839 λήθην
178 1811 187 1821 ο
201 1804 233 1831 ἐκ
246 1805 342 1832 τούτου
357 1815 387 1833 τε
410 1808 560 1843 ἀμφίϐολον
574 1802 741 1846 καταστῆναι
756 1802 803 1839 καί
817 1813 867 1849 τὴν

78 1849 169 1884 ψυχὴν
188 1851 403 1888 ἐκταραχθῆναι,
419 1853 497 1889 δίκην
512 1855 641 1890 κυμάτων
653 1857 864 1893 ἐπικλυζόντων,

78 1894 126 1920 καὶ
145 1894 207 1930 τῇδε
220 1896 331 1923 κάκεῖσε
343 1898 593 1934 περιστρεφόντωνν
612 1900 650 1932 ὡς
664 1903 734 1937 μήτε
745 1903 864 1939 δάκρυόν

78 1940 153 1966 ἐστιν
168 1941 214 1967 ὅτε
233 1941 325 1969 λοιπὸν
340 1943 467 1978 ἀφιεῖσαν
481 1944 530 1979 τὴν
545 1946 574 1972 ἐν
587 1947 731 1984 τῇλκαρδίᾳ
754 1949 798 1975 διὰ
814 1950 862 1977 τοῦ

78 1985 205 2021 σώματος
219 1989 364 2023 κατάνυξιν
387 1990 572 2023 ἐπιδείξασθαι
583 2001 590 2008 ·
606 1982 665 2020 ἀλλ’
678 1995 703 2020 εί
717 1982 764 2021 καὶ
777 1996 863 2032 βραχύ

75 2040 114 2063 τι,
131 2032 169 2065 ὡς
182 2033 266 2069 είκδς,
275 2035 438 2072 ἐκπηδήσειε
454 2036 622 2074 δάκρυον,μὴ
638 2039 738 2074 μᾶλλον
755 2041 806 2076 τῆς
820 2042 864 2069 διὰ

918 1643 966 1670 per
980 1643 1054 1668 eum,
1067 1635 1115 1671 qui
1131 1636 1224 1664 interit
1238 1644 1271 1664 ac
1284 1636 1508 1669 tluit,mundum,
1519 1642 1636 1670 quorum
1650 1634 1707 1669 jam

918 1681 1001 1708 oblita
1026 1686 1086 1709 erat
1110 1682 1272 1710 memoriam
1301 1686 1423 1714 revocet;
1449 1685 1476 1708 et
1496 1688 1527 1708 cx
1551 1688 1583 1708 eo
1608 1687 1708 1715 anceps

919 1727 1059 1760 reddatur,
1079 1732 1106 1754 et
1121 1728 1181 1762 ejus
1199 1728 1289 1755 anima
1312 1727 1488 1762 perturbetur
1510 1727 1597 1754 instar
1618 1733 1706 1753 exun-

919 1773 1042 1800 dantium
1059 1773 1204 1806 ﬂuctuum,
1221 1774 1329 1808 hucque
1344 1778 1371 1801 et
1389 1773 1455 1801 illuc
1470 1773 1639 1800 versantium
1654 1781 1661 1799 :
1676 1776 1707 1799 ut

922 1825 973 1846 nec
987 1825 1184 1854 nonnunquam
1205 1819 1354 1855 lacrymam
1379 1819 1518 1850 emittens,
1544 1817 1636 1845 cordis
1659 1824 1707 1851 per

919 1871 1022 1899 corpus
1040 1866 1280 1900 compunctionem
1297 1865 1442 1898 ostendat;
1457 1865 1506 1893 sed
1526 1868 1553 1891 et
1569 1864 1592 1891 si
1607 1863 1705 1898 exigua

921 1910 1022 1945 aliqua,
1042 1916 1073 1938 ut
1097 1915 1139 1939 est
1159 1915 1387 1944 consentaneum,
1417 1911 1537 1946 lacryma
1562 1909 1705 1942 exsilierit,

920 1963 973 1982 non
988 1957 1075 1992 magis
1090 1961 1200 1991 propter
1215 1956 1438 1984 exercitatorium
1452 1960 1600 1987 certamen,
1621 1962 1704 1989 quam

918 2004 1060 2034 propterea
1081 2001 1153 2035 quod
1175 2001 1309 2028 mundutn
1330 2005 1358 2028 et
1379 2002 1517 2029 mundana
1537 2001 1703 2035 relinquant,

917 2051 948 2072 ea
962 2052 976 2071 a
993 2045 1147 2074 videntibus
1162 2046 1325 2081 proﬂuxisse
1337 2051 1460 2081 putetur.

74 2078 127 2126 τὸν
136 2079 286 2126 ἀσκητικὸν
306 2081 399 2116 ἀγῶνα
412 2082 557 2115 διαθέσεως
577 2084 666 2119 χάριν,
681 2085 697 2121 ἢ
721 2085 766 2113 διὰ
780 2086 811 2113 τὸ
827 2087 873 2115 τὸν
890 2089 990 2124 κόσμον
1005 2090 1053 2117 καὶ
1066 2091 1102 2117 τὰ.
1135 2078 1216 2125 ἐνγτῷ
1232 2091 1326 2126 κόσμῳ
1339 2078 1518 2124 καταλιπεῖν,
1546 2090 1624 2126 παρὰ
1645 2091 1701 2121 τοῖς

74 2124 160 2159 ὁρῶσι
177 2125 258 2153 τοῦτο
274 2127 404 2163 προελθὸν
418 2129 586 2165 λογισθῆναι.

294 2175 456 2203 Βασιλείωι
477 2177 577 2203 κανὼν
605 2182 649 2213 ιη’.

110 2221 157 2252 ιη’.
172 2218 240 2254 Περὶ
255 2220 310 2247 τῶν
325 2221 497 2250 ἐκπεσουσῶν
511 2222 654 2258 παρθένων
666 2233 694 2251 κ.
706 2233 733 2254 τ.
747 2224 772 2253 λ.

110 2263 236 2292 ΚΕΦΑΛ.
253 2264 304 2293 IA'.
316 2281 352 2286 —
365 2266 435 2301 Περὶ
446 2268 589 2303 μοναχῶν
608 2270 778 2305 γινομένων
787 2272 862 2306 κλη-

68 2309 175 2344 ρικῶν,
186 2310 206 2345 ἣ
221 2310 334 2339 λατκῶν
342 2312 556 2349 ἀξιωματικῶν,
568 2314 587 2349 ἢ
604 2317 859 2352 στρατευομένων.

249 2403 385 2431 Συνόδου
393 2405 518 2439 Νικαίας
528 2405 629 2433 κανὼν
640 2407 683 2442 ιβ’.

107 2446 153 2481 ιβ’.
181 2447 213 2474 οι
240 2447 270 2475 δὲ
295 2449 513 2486 προσκληθέντες
538 2451 589 2487 μὲν
613 2453 666 2480 ὑπὸ
696 2455 747 2490 τῆς
779 2454 859 2491 χάρι-

68 2500 116 2524 τος
150 2501 177 2519 κ.
191 2502 218 2521 τ,
236 2494 261 2523 λ.

125 2511 135 2525 ’
211 2538 346 2567 Συνόδου
360 2540 554 2576 Χαλκηδόνος
568 2543 670 2572 κανὼν
684 2543 717 2576 ζ’.

103 2579 137 2613 ζ’.
155 2581 224 2614 Τοὺς
236 2582 311 2617 ἅπαξ
323 2584 352 2611 ἐν
362 2585 458 2621 κλήρῳ
472 2588 666 2624 τεταγμένους,
684 2598 710 2617 κ.
727 2598 753 2618 τ.
767 2590 792 2618 λ.

65 2674 222 2709 Κυρίλλου
237 2676 273 2704 ἐκ
294 2677 349 2712 τῆς
363 2679 439 2713 πρὸς
460 2679 532 2712 τοὺς
547 2679 659 2715 Λιϐύης
678 2681 727 2709 καί
743 2683 856 2711 Πεντα-

205 2722 320 2756 πόλεως
342 2724 529 2758 ἐπισκόπους
542 2726 718 2761 ἐπιστολῆς.

102 2767 254 2802 Ἔτεροι;δέ
277 2777 350 2802 τινες
369 2769 399 2802 ἐξ
419 2770 510 2798 αὐτῶν
526 2771 581 2798 τῶν
597 2773 797 2809 μοναστηρίων,
816 2774 855 2806 ὡς

63 2812 180 2841 ἄτακτοι
198 2814 402 2852 ἐκϐαλλόμενοι,
428 2816 510 2845 πάλιν
529 2818 708 2855 ὑποτρέχουσι
721 2821 772 2853 τὰς
796 2829 853 2856 χει-

101 2904 127 2924 οι
147 2903 243 2938 ιΤὶω.
262 2913 287 2940 ν,
303 2905 329 2938 9.
370 2907 392 2922 "
413 2905 494 2939 Basil.
511 2915 572 2939 ean.
590 2908 634 2935 60.

1176 2182 1273 2210 Basilii
1286 2191 1372 2210 canon
1394 2182 1438 2210 18.

949 2229 993 2257 18.
1013 2229 1052 2257 De
1064 2230 1216 2266 virginibus
1227 2230 1320 2264 lapsis,
1335 2233 1400 2263 etc.,
1414 2234 1443 2256 ut
1454 2237 1514 2264 pag.
1530 2229 1594 2257 858.

947 2275 1024 2303 CAP.
1041 2276 1087 2304 Xl.
1102 2291 1138 2296 -—
1151 2276 1188 2303 De
1212 2276 1350 2303 monachis
1369 2275 1405 2302 ad
1432 2274 1578 2302 clericalem
1601 2278 1701 2302 uatum

912 2323 1120 2355 transeuntibus,
1134 2322 1174 2350 vel
1187 2322 1222 2349 ad
1234 2321 1319 2349 laicus
1334 2321 1490 2357 dignitates,
1512 2319 1551 2347 vel
1567 2319 1601 2347 ad
1625 2319 1698 2347 mili-

913 2372 988 2395 mm.
1102 2412 1217 2440 Concilii
1234 2411 1339 2439 Nicwni
1354 2418 1438 2438 canon
1453 2411 1498 2438 l2.

946 2459 990 2486 l2.
1010 2458 1063 2492 Qui
1080 2463 1170 2487 autem
1195 2466 1210 2486 a
1226 2457 1315 2494 gratia
1328 2456 1439 2492 quidem
1453 2456 1571 2491 evocati,
1589 2461 1654 2490 etc.,
1670 2462 1699 2483 at

907 2513 968 2541 pag.
985 2506 1035 2533 751
1043 2526 1050 2533 .

1050 2551 1165 2579 Concilt'i
1177 2550 1400 2579 Chalcedonensis
1415 2556 1502 2576 canon
1522 2548 1549 2576 7.

944 2597 970 2624 7.
987 2596 1042 2625 Eos
1063 2594 1110 2632 qui
1128 2597 1156 2624 in
1171 2597 1244 2625 clero
1259 2597 1342 2625 semel
1361 2595 1479 2624 ordinati
1496 2598 1571 2629 sunt,
1583 2598 1649 2626 etc.,
1667 2597 1697 2620 ut

909 2649 971 2676 pag.
985 2641 1034 2668 751
1042 2661 1049 2668 .

908 2685 989 2721 377
1009 2685 1104 2722 Cyrilli
1126 2694 1158 2715 ea:
1180 2686 1291 2714 eoistola
1313 2686 1348 2713 ad
1367 2686 1501 2721 episcopos
1519 2684 1564 2720 qui
1582 2688 1642 2712 sunt
1668 2685 1696 2712 in

1159 2730 1243 2766 Libya
1260 2735 1285 2758 et
1301 2730 1451 2766 Pentapoli.

942 2775 1033 2811 Aliqui
1047 2781 1137 2804 autem
1153 2777 1199 2804 alii
1210 2785 1243 2804 ex
1267 2777 1335 2813 ipsis
1348 2777 1533 2808 monasteriis,
1550 2780 1579 2803 ut
1599 2776 1696 2802 immoe

905 2821 974 2850 desti
1014 2821 1219 2858 insolentesque
1255 2823 1345 2858 ejecti,
1375 2830 1472 2851 rursus
1508 2821 1694 2854 ordinationes
