  <div class='ocr_page' id='page_1' title='image "/cluster/home/n/w/nwhite01/storage/ocr_20150623/104/njp.32101077772885/439.png"; bbox 0 0 1951 3071; ppageno 0'>
   <div class='ocr_carea' id='block_1_1' title="bbox 257 216 309 249">
    <p class='ocr_par' dir='ltr' id='par_1_1' title="bbox 257 216 309 249">
     <span class='ocr_line' id='line_1_1' title="bbox 257 216 309 249; baseline -0.019 0"><span class='ocrx_word' id='word_1_1' title='bbox 257 216 309 249; x_wconf 81' lang='lat'><strong>863</strong></span> 
     </span>
    </p>
   </div>
   <div class='ocr_carea' id='block_1_2' title="bbox 847 210 1332 247">
    <p class='ocr_par' dir='ltr' id='par_1_2' title="bbox 847 210 1332 247">
     <span class='ocr_line' id='line_1_2' title="bbox 847 210 1332 247; baseline -0.016 0"><span class='ocrx_word' id='word_1_2' title='bbox 847 214 978 247; x_wconf 83' lang='lat' dir='ltr'><strong>PHOTll</strong></span> <span class='ocrx_word' id='word_1_3' title='bbox 1006 210 1258 244; x_wconf 61' lang='lat' dir='ltr'><strong>PATRIARCHE</strong></span> <span class='ocrx_word' id='word_1_4' title='bbox 1277 210 1332 240; x_wconf 89' lang='lat' dir='ltr'><strong>CP.</strong></span> 
     </span>
    </p>
   </div>
   <div class='ocr_carea' id='block_1_3' title="bbox 1815 203 1861 235">
    <p class='ocr_par' dir='ltr' id='par_1_3' title="bbox 1815 203 1861 235">
     <span class='ocr_line' id='line_1_3' title="bbox 1815 203 1861 235; baseline -0.022 0"><span class='ocrx_word' id='word_1_5' title='bbox 1815 203 1861 235; x_wconf 58' lang='lat' dir='ltr'><strong>86A</strong></span> 
     </span>
    </p>
   </div>
   <div class='ocr_carea' id='block_1_4' title="bbox 260 260 1044 306">
    <p class='ocr_par' dir='ltr' id='par_1_4' title="bbox 260 269 1041 306">
     <span class='ocr_line' id='line_1_4' title="bbox 260 269 1041 306; baseline -0.004 -8"><span class='ocrx_word' id='word_1_6' title='bbox 260 272 377 304; x_wconf 81' lang='lat' dir='ltr'><strong>faciant;</strong></span> <span class='ocrx_word' id='word_1_7' title='bbox 394 276 422 299; x_wconf 89' lang='lat' dir='ltr'><strong>et</strong></span> <span class='ocrx_word' id='word_1_8' title='bbox 440 271 502 299; x_wconf 82' lang='lat' dir='ltr'><strong>facti</strong></span> <span class='ocrx_word' id='word_1_9' title='bbox 525 271 630 305; x_wconf 80' lang='lat' dir='ltr'><strong>clerici,</strong></span> <span class='ocrx_word' id='word_1_10' title='bbox 667 271 695 298; x_wconf 92' lang='lat' dir='ltr'><strong>in</strong></span> <span class='ocrx_word' id='word_1_11' title='bbox 726 278 758 298; x_wconf 83' lang='lat' dir='ltr'><strong>ea</strong></span> <span class='ocrx_word' id='word_1_12' title='bbox 786 271 845 306; x_wconf 85' lang='lat' dir='ltr'><strong>ipsa</strong></span> <span class='ocrx_word' id='word_1_13' title='bbox 876 269 1041 298; x_wconf 83' lang='lat' dir='ltr'><strong>monasteria</strong></span> 
     </span>
    </p>
   </div>
   <div class='ocr_carea' id='block_1_5' title="bbox 1109 260 1860 306">
    <p class='ocr_par' dir='ltr' id='par_1_5' title="bbox 1109 260 1860 306">
     <span class='ocr_line' id='line_1_5' title="bbox 1109 260 1860 306; baseline -0.009 -13"><span class='ocrx_word' id='word_1_14' title='bbox 1109 266 1232 297; x_wconf 61' lang='grc' dir='ltr'>ηοτονίας·</span> <span class='ocrx_word' id='word_1_15' title='bbox 1247 265 1294 292; x_wconf 76' lang='grc' dir='ltr'>καὶ</span> <span class='ocrx_word' id='word_1_16' title='bbox 1317 263 1459 298; x_wconf 83' lang='grc' dir='ltr'>γενόμενοι</span> <span class='ocrx_word' id='word_1_17' title='bbox 1486 262 1621 298; x_wconf 80' lang='grc' dir='ltr'>κληρικοὶ,</span> <span class='ocrx_word' id='word_1_18' title='bbox 1642 260 1803 296; x_wconf 79' lang='grc' dir='ltr'>εἰσέρχονται</span> <span class='ocrx_word' id='word_1_19' title='bbox 1811 261 1860 306; x_wconf 73' lang='grc' dir='ltr'>καὶ</span> 
     </span>
    </p>
   </div>
   <div class='ocr_carea' id='block_1_6' title="bbox 258 316 1043 353">
    <p class='ocr_par' dir='ltr' id='par_1_6' title="bbox 258 316 1043 353">
     <span class='ocr_line' id='line_1_6' title="bbox 258 316 1043 353; baseline -0.005 -7"><span class='ocrx_word' id='word_1_20' title='bbox 258 317 451 353; x_wconf 76' lang='lat' dir='ltr'><strong>lngrediuntur</strong></span> <span class='ocrx_word' id='word_1_21' title='bbox 488 325 521 346; x_wconf 84' lang='lat' dir='ltr'><strong>ex</strong></span> <span class='ocrx_word' id='word_1_22' title='bbox 547 318 647 352; x_wconf 86' lang='lat' dir='ltr'><strong>quibus</strong></span> <span class='ocrx_word' id='word_1_23' title='bbox 679 316 758 351; x_wconf 78' lang='lat' dir='ltr'><strong>eiecti</strong></span> <span class='ocrx_word' id='word_1_24' title='bbox 783 322 856 348; x_wconf 85' lang='lat' dir='ltr'><strong>sunt,</strong></span> <span class='ocrx_word' id='word_1_25' title='bbox 896 321 923 344; x_wconf 82' lang='lat' dir='ltr'><strong>et</strong></span> <span class='ocrx_word' id='word_1_26' title='bbox 948 316 1043 343; x_wconf 90' lang='lat' dir='ltr'><strong>volunt</strong></span> 
     </span>
    </p>
   </div>
   <div class='ocr_carea' id='block_1_7' title="bbox 257 361 1043 397">
    <p class='ocr_par' dir='ltr' id='par_1_7' title="bbox 257 361 1043 397">
     <span class='ocr_line' id='line_1_7' title="bbox 257 361 1043 397; baseline -0.004 -6"><span class='ocrx_word' id='word_1_27' title='bbox 257 362 423 391; x_wconf 79' lang='lat' dir='ltr'><strong>oblationem</strong></span> <span class='ocrx_word' id='word_1_28' title='bbox 435 370 515 397; x_wconf 75' lang='lat' dir='ltr'><strong>agere</strong></span> <span class='ocrx_word' id='word_1_29' title='bbox 537 367 564 390; x_wconf 89' lang='lat' dir='ltr'><strong>et</strong></span> <span class='ocrx_word' id='word_1_30' title='bbox 584 370 614 389; x_wconf 86' lang='lat' dir='ltr'><strong>ea</strong></span> <span class='ocrx_word' id='word_1_31' title='bbox 630 363 723 389; x_wconf 83' lang='lat' dir='ltr'><strong>omnia</strong></span> <span class='ocrx_word' id='word_1_32' title='bbox 739 361 828 390; x_wconf 77' lang='lat' dir='ltr'><strong>facere</strong></span> <span class='ocrx_word' id='word_1_33' title='bbox 853 370 912 397; x_wconf 80' lang='lat' dir='ltr'><strong>quze</strong></span> <span class='ocrx_word' id='word_1_34' title='bbox 933 369 991 389; x_wconf 87' lang='lat' dir='ltr'><strong>mos</strong></span> <span class='ocrx_word' id='word_1_35' title='bbox 1002 365 1043 388; x_wconf 84' lang='lat' dir='ltr'><strong>est</strong></span> 
     </span>
    </p>
   </div>
   <div class='ocr_carea' id='block_1_8' title="bbox 258 407 1042 443">
    <p class='ocr_par' dir='ltr' id='par_1_8' title="bbox 258 407 1042 443">
     <span class='ocr_line' id='line_1_8' title="bbox 258 407 1042 443; baseline -0.001 -8"><span class='ocrx_word' id='word_1_36' title='bbox 258 409 376 440; x_wconf 78' lang='lat' dir='ltr'><strong>clericis,</strong></span> <span class='ocrx_word' id='word_1_37' title='bbox 393 415 423 434; x_wconf 91' lang='lat' dir='ltr'><strong>ut</strong></span> <span class='ocrx_word' id='word_1_38' title='bbox 446 409 527 435; x_wconf 87' lang='lat' dir='ltr'><strong>etiam</strong></span> <span class='ocrx_word' id='word_1_39' title='bbox 551 407 635 442; x_wconf 81' lang='lat' dir='ltr'><strong>aliqui</strong></span> <span class='ocrx_word' id='word_1_40' title='bbox 652 415 746 434; x_wconf 89' lang='lat' dir='ltr'><strong>eorum</strong></span> <span class='ocrx_word' id='word_1_41' title='bbox 765 408 811 442; x_wconf 91' lang='lat' dir='ltr'><strong>qui</strong></span> <span class='ocrx_word' id='word_1_42' title='bbox 843 408 916 443; x_wconf 88' lang='lat' dir='ltr'><strong>ipsos</strong></span> <span class='ocrx_word' id='word_1_43' title='bbox 931 411 1042 440; x_wconf 86' lang='lat' dir='ltr'><strong>norunt,</strong></span> 
     </span>
    </p>
   </div>
   <div class='ocr_carea' id='block_1_9' title="bbox 258 455 1043 490">
    <p class='ocr_par' dir='ltr' id='par_1_9' title="bbox 258 455 1043 490">
     <span class='ocr_line' id='line_1_9' title="bbox 258 455 1043 490; baseline 0 -9"><span class='ocrx_word' id='word_1_44' title='bbox 258 462 375 490; x_wconf 85' lang='lat' dir='ltr'><strong>synaxes</strong></span> <span class='ocrx_word' id='word_1_45' title='bbox 394 455 529 488; x_wconf 89' lang='lat' dir='ltr'><strong>devitent,</strong></span> <span class='ocrx_word' id='word_1_46' title='bbox 546 460 572 482; x_wconf 93' lang='lat' dir='ltr'><strong>et</strong></span> <span class='ocrx_word' id='word_1_47' title='bbox 590 455 792 482; x_wconf 89' lang='lat' dir='ltr'><strong>communicare</strong></span> <span class='ocrx_word' id='word_1_48' title='bbox 806 455 832 482; x_wconf 93' lang='lat' dir='ltr'><strong>in</strong></span> <span class='ocrx_word' id='word_1_49' title='bbox 851 455 972 482; x_wconf 85' lang='lat' dir='ltr'><strong>animum</strong></span> <span class='ocrx_word' id='word_1_50' title='bbox 989 461 1043 482; x_wconf 89' lang='lat' dir='ltr'><strong>non</strong></span> 
     </span>
    </p>
   </div>
   <div class='ocr_carea' id='block_1_10' title="bbox 261 500 698 528">
    <p class='ocr_par' dir='ltr' id='par_1_10' title="bbox 261 500 698 528">
     <span class='ocr_line' id='line_1_10' title="bbox 261 500 698 528; baseline 0 0"><span class='ocrx_word' id='word_1_51' title='bbox 261 500 391 528; x_wconf 89' lang='lat' dir='ltr'><strong>inducant</strong></span> <span class='ocrx_word' id='word_1_52' title='bbox 404 501 457 528; x_wconf 85' lang='lat' dir='ltr'><strong>illis</strong></span> <span class='ocrx_word' id='word_1_53' title='bbox 470 501 698 528; x_wconf 75' lang='lat' dir='ltr'><strong>ministrantibus.</strong></span> 
     </span>
    </p>
   </div>
   <div class='ocr_carea' id='block_1_11' title="bbox 275 544 1042 585">
    <p class='ocr_par' dir='ltr' id='par_1_11' title="bbox 275 544 1042 585">
     <span class='ocr_line' id='line_1_11' title="bbox 275 544 1042 585; baseline 0.003 -14"><span class='ocrx_word' id='word_1_54' title='bbox 275 579 280 585; x_wconf 80' lang='lat'><strong>_</strong></span> <span class='ocrx_word' id='word_1_55' title='bbox 294 544 363 579; x_wconf 82' lang='lat' dir='ltr'><strong>Lege</strong></span> <span class='ocrx_word' id='word_1_56' title='bbox 379 546 569 573; x_wconf 86' lang='lat' dir='ltr'><strong>annotationcs</strong></span> <span class='ocrx_word' id='word_1_57' title='bbox 583 554 642 581; x_wconf 91' lang='lat' dir='ltr'><strong>cap.</strong></span> <span class='ocrx_word' id='word_1_58' title='bbox 657 546 702 574; x_wconf 73' lang='grc'><strong>52.</strong></span> <span class='ocrx_word' id='word_1_59' title='bbox 718 547 760 573; x_wconf 89' lang='lat' dir='ltr'><strong>tit.</strong></span> <span class='ocrx_word' id='word_1_60' title='bbox 776 547 792 574; x_wconf 87' lang='lat'><strong>9</strong></span> <span class='ocrx_word' id='word_1_61' title='bbox 814 546 956 581; x_wconf 58' lang='lat' dir='ltr'><strong>praesentis</strong></span> <span class='ocrx_word' id='word_1_62' title='bbox 976 553 1042 581; x_wconf 86' lang='lat' dir='ltr'><strong>ope-</strong></span> 
     </span>
    </p>
   </div>
   <div class='ocr_carea' id='block_1_12' title="bbox 258 587 307 606">
    <p class='ocr_par' dir='ltr' id='par_1_12' title="bbox 258 587 307 606">
     <span class='ocr_line' id='line_1_12' title="bbox 258 587 307 606; baseline 0 0"><span class='ocrx_word' id='word_1_63' title='bbox 258 587 307 606; x_wconf 65' lang='grc' dir='ltr'>ινδ.</span> 
     </span>
    </p>
   </div>
   <div class='ocr_carea' id='block_1_13' title="bbox 291 624 1043 661">
    <p class='ocr_par' dir='ltr' id='par_1_13' title="bbox 291 624 1043 661">
     <span class='ocr_line' id='line_1_13' title="bbox 291 624 1043 661; baseline 0.001 -11"><span class='ocrx_word' id='word_1_64' title='bbox 291 624 367 652; x_wconf 88' lang='lat' dir='ltr'><strong>CAP.</strong></span> <span class='ocrx_word' id='word_1_65' title='bbox 384 625 441 654; x_wconf 75' lang='lat' dir='ltr'><strong>Xll.</strong></span> <span class='ocrx_word' id='word_1_66' title='bbox 458 640 494 645; x_wconf 90' lang='lat'><strong>——</strong></span> <span class='ocrx_word' id='word_1_67' title='bbox 510 625 547 652; x_wconf 88' lang='lat' dir='ltr'><strong>De</strong></span> <span class='ocrx_word' id='word_1_68' title='bbox 575 627 608 653; x_wconf 77' lang='lat' dir='ltr'><strong>iis</strong></span> <span class='ocrx_word' id='word_1_69' title='bbox 636 627 681 661; x_wconf 87' lang='lat' dir='ltr'><strong>qui</strong></span> <span class='ocrx_word' id='word_1_70' title='bbox 708 631 840 660; x_wconf 81' lang='lat' dir='ltr'><strong>usurpant</strong></span> <span class='ocrx_word' id='word_1_71' title='bbox 860 624 1043 652; x_wconf 69' lang='lat' dir='ltr'><strong>monac/ralem</strong></span> 
     </span>
    </p>
   </div>
   <div class='ocr_carea' id='block_1_14' title="bbox 256 668 950 706">
    <p class='ocr_par' dir='ltr' id='par_1_14' title="bbox 256 668 950 706">
     <span class='ocr_line' id='line_1_14' title="bbox 256 668 950 706; baseline 0.004 -11"><span class='ocrx_word' id='word_1_72' title='bbox 256 668 373 696; x_wconf 80' lang='lat' dir='ltr'><strong>habitum</strong></span> <span class='ocrx_word' id='word_1_73' title='bbox 390 671 588 706; x_wconf 76' lang='lat' dir='ltr'><strong>vituperantquc</strong></span> <span class='ocrx_word' id='word_1_74' title='bbox 606 675 705 698; x_wconf 78' lang='lat' dir='ltr'><strong>utentes</strong></span> <span class='ocrx_word' id='word_1_75' title='bbox 721 676 788 698; x_wconf 76' lang='lat' dir='ltr'><strong>veste</strong></span> <span class='ocrx_word' id='word_1_76' title='bbox 806 671 950 698; x_wconf 84' lang='lat' dir='ltr'><strong>communi.</strong></span> 
     </span>
    </p>
   </div>
   <div class='ocr_carea' id='block_1_15' title="bbox 421 761 859 796">
    <p class='ocr_par' dir='ltr' id='par_1_15' title="bbox 421 761 859 796">
     <span class='ocr_line' id='line_1_15' title="bbox 421 761 859 796; baseline 0 -7"><span class='ocrx_word' id='word_1_77' title='bbox 421 761 533 789; x_wconf 82' lang='lat' dir='ltr'><strong>Concilii</strong></span> <span class='ocrx_word' id='word_1_78' title='bbox 548 762 708 796; x_wconf 77' lang='lat' dir='ltr'><strong>Gangrensis</strong></span> <span class='ocrx_word' id='word_1_79' title='bbox 719 770 802 789; x_wconf 80' lang='lat' dir='ltr'><strong>canon</strong></span> <span class='ocrx_word' id='word_1_80' title='bbox 818 762 859 789; x_wconf 75' lang='lat' dir='ltr'><strong>l2.</strong></span> 
     </span>
    </p>
   </div>
   <div class='ocr_carea' id='block_1_16' title="bbox 291 805 1044 842">
    <p class='ocr_par' dir='ltr' id='par_1_16' title="bbox 291 805 1044 842">
     <span class='ocr_line' id='line_1_16' title="bbox 291 805 1044 842; baseline -0.001 -9"><span class='ocrx_word' id='word_1_81' title='bbox 291 806 334 834; x_wconf 76' lang='grc'><strong>12.</strong></span> <span class='ocrx_word' id='word_1_82' title='bbox 369 806 398 834; x_wconf 90' lang='lat' dir='ltr'><strong>Si</strong></span> <span class='ocrx_word' id='word_1_83' title='bbox 425 809 486 842; x_wconf 88' lang='lat' dir='ltr'><strong>quis</strong></span> <span class='ocrx_word' id='word_1_84' title='bbox 515 807 558 834; x_wconf 83' lang='lat' dir='ltr'><strong>vir</strong></span> <span class='ocrx_word' id='word_1_85' title='bbox 584 812 695 842; x_wconf 87' lang='lat' dir='ltr'><strong>propter</strong></span> <span class='ocrx_word' id='word_1_86' title='bbox 722 815 782 834; x_wconf 86' lang='lat' dir='ltr'><strong>eam</strong></span> <span class='ocrx_word' id='word_1_87' title='bbox 809 814 870 841; x_wconf 77' lang='lat' dir='ltr'><strong>quae</strong></span> <span class='ocrx_word' id='word_1_88' title='bbox 901 805 1044 833; x_wconf 82' lang='lat' dir='ltr'><strong>existima-</strong></span> 
     </span>
    </p>
   </div>
   <div class='ocr_carea' id='block_1_17' title="bbox 257 853 1043 886">
    <p class='ocr_par' dir='ltr' id='par_1_17' title="bbox 257 853 1043 886">
     <span class='ocr_line' id='line_1_17' title="bbox 257 853 1043 886; baseline 0 -8"><span class='ocrx_word' id='word_1_89' title='bbox 257 856 303 879; x_wconf 87' lang='lat' dir='ltr'><strong>tur</strong></span> <span class='ocrx_word' id='word_1_90' title='bbox 333 853 555 881; x_wconf 81' lang='lat' dir='ltr'><strong>exercitationem</strong></span> <span class='ocrx_word' id='word_1_91' title='bbox 588 853 706 880; x_wconf 89' lang='lat' dir='ltr'><strong>amiculo</strong></span> <span class='ocrx_word' id='word_1_92' title='bbox 733 853 828 884; x_wconf 84' lang='lat' dir='ltr'><strong>utitur,</strong></span> <span class='ocrx_word' id='word_1_93' title='bbox 863 856 890 879; x_wconf 91' lang='lat' dir='ltr'><strong>et</strong></span> <span class='ocrx_word' id='word_1_94' title='bbox 915 856 1043 886; x_wconf 84' lang='lat' dir='ltr'><strong>tanquam</strong></span> 
     </span>
    </p>
   </div>
   <div class='ocr_carea' id='block_1_18' title="bbox 258 897 1043 934">
    <p class='ocr_par' dir='ltr' id='par_1_18' title="bbox 258 897 1043 934">
     <span class='ocr_line' id='line_1_18' title="bbox 258 897 1043 934; baseline -0.001 -10"><span class='ocrx_word' id='word_1_95' title='bbox 258 898 362 926; x_wconf 79' lang='lat' dir='ltr'><strong>habens</strong></span> <span class='ocrx_word' id='word_1_96' title='bbox 403 906 437 925; x_wconf 80' lang='lat' dir='ltr'><strong>ex</strong></span> <span class='ocrx_word' id='word_1_97' title='bbox 467 907 499 926; x_wconf 89' lang='lat' dir='ltr'><strong>co</strong></span> <span class='ocrx_word' id='word_1_98' title='bbox 529 899 689 934; x_wconf 88' lang='lat' dir='ltr'><strong>justitiam,</strong></span> <span class='ocrx_word' id='word_1_99' title='bbox 714 905 762 925; x_wconf 88' lang='lat' dir='ltr'><strong>cos</strong></span> <span class='ocrx_word' id='word_1_100' title='bbox 801 897 963 925; x_wconf 85' lang='lat' dir='ltr'><strong>condemnet</strong></span> <span class='ocrx_word' id='word_1_101' title='bbox 997 897 1043 932; x_wconf 88' lang='lat' dir='ltr'><strong>qui</strong></span> 
     </span>
    </p>
   </div>
   <div class='ocr_carea' id='block_1_19' title="bbox 1093 305 1861 345">
    <p class='ocr_par' dir='ltr' id='par_1_19' title="bbox 1093 305 1861 345">
     <span class='ocr_line' id='line_1_19' title="bbox 1093 305 1861 345; baseline -0.009 -6"><span class='ocrx_word' id='word_1_102' title='bbox 1093 313 1123 339; x_wconf 78' lang='grc' dir='ltr'>ἐν</span> <span class='ocrx_word' id='word_1_103' title='bbox 1137 312 1227 342; x_wconf 79' lang='grc' dir='ltr'>αὐτοῖς</span> <span class='ocrx_word' id='word_1_104' title='bbox 1244 309 1437 345; x_wconf 77' lang='grc' dir='ltr'>μοναστηρίοις</span> <span class='ocrx_word' id='word_1_105' title='bbox 1456 307 1517 335; x_wconf 84' lang='grc' dir='ltr'>ὅθεν</span> <span class='ocrx_word' id='word_1_106' title='bbox 1532 307 1722 342; x_wconf 81' lang='grc' dir='ltr'>ὲκϐέϐληνται,</span> <span class='ocrx_word' id='word_1_107' title='bbox 1740 306 1784 333; x_wconf 77' lang='grc' dir='ltr'>καὶ</span> <span class='ocrx_word' id='word_1_108' title='bbox 1807 305 1861 340; x_wconf 81' lang='grc' dir='ltr'><strong>βού-</strong></span> 
     </span>
    </p>
   </div>
   <div class='ocr_carea' id='block_1_20' title="bbox 1093 350 1861 390">
    <p class='ocr_par' dir='ltr' id='par_1_20' title="bbox 1093 350 1861 390">
     <span class='ocr_line' id='line_1_20' title="bbox 1093 350 1861 390; baseline -0.008 -8"><span class='ocrx_word' id='word_1_109' title='bbox 1093 355 1187 382; x_wconf 88' lang='grc' dir='ltr'>λονται</span> <span class='ocrx_word' id='word_1_110' title='bbox 1201 354 1379 390; x_wconf 80' lang='grc' dir='ltr'><strong>προσφέρειν,</strong></span> <span class='ocrx_word' id='word_1_111' title='bbox 1396 352 1443 379; x_wconf 69' lang='grc' dir='ltr'>καὶ</span> <span class='ocrx_word' id='word_1_112' title='bbox 1458 352 1506 378; x_wconf 81' lang='grc' dir='ltr'>ὅσα</span> <span class='ocrx_word' id='word_1_113' title='bbox 1519 352 1660 386; x_wconf 81' lang='grc' dir='ltr'>κληρικοῖς</span> <span class='ocrx_word' id='word_1_114' title='bbox 1673 351 1733 382; x_wconf 72' lang='grc' dir='ltr'>ἔθος</span> <span class='ocrx_word' id='word_1_115' title='bbox 1747 350 1861 386; x_wconf 82' lang='grc' dir='ltr'><strong>πληροῦν,</strong></span> 
     </span>
    </p>
   </div>
   <div class='ocr_carea' id='block_1_21' title="bbox 1093 396 1861 434">
    <p class='ocr_par' dir='ltr' id='par_1_21' title="bbox 1093 396 1861 434">
     <span class='ocr_line' id='line_1_21' title="bbox 1093 396 1861 434; baseline -0.007 -7"><span class='ocrx_word' id='word_1_116' title='bbox 1093 400 1239 428; x_wconf 79' lang='grc' dir='ltr'>καὶταῦτα</span> <span class='ocrx_word' id='word_1_117' title='bbox 1254 399 1320 434; x_wconf 85' lang='grc' dir='ltr'>δρᾷν</span> <span class='ocrx_word' id='word_1_118' title='bbox 1331 406 1338 414; x_wconf 88' lang='grc'><strong>·</strong></span> <span class='ocrx_word' id='word_1_119' title='bbox 1355 398 1392 429; x_wconf 87' lang='grc' dir='ltr'>ὼς</span> <span class='ocrx_word' id='word_1_120' title='bbox 1412 398 1458 425; x_wconf 88' lang='grc' dir='ltr'><strong>καί</strong></span> <span class='ocrx_word' id='word_1_121' title='bbox 1471 406 1547 428; x_wconf 83' lang='grc' dir='ltr'>τινας</span> <span class='ocrx_word' id='word_1_122' title='bbox 1558 397 1612 423; x_wconf 85' lang='grc' dir='ltr'>τῶν</span> <span class='ocrx_word' id='word_1_123' title='bbox 1635 396 1745 423; x_wconf 76' lang='grc' dir='ltr'><strong>εἰδότων</strong></span> <span class='ocrx_word' id='word_1_124' title='bbox 1767 396 1861 428; x_wconf 74' lang='grc' dir='ltr'>αὐτοὺς,</span> 
     </span>
    </p>
   </div>
   <div class='ocr_carea' id='block_1_22' title="bbox 1093 442 1863 482">
    <p class='ocr_par' dir='ltr' id='par_1_22' title="bbox 1093 442 1863 482">
     <span class='ocr_line' id='line_1_22' title="bbox 1093 442 1863 482; baseline -0.006 -9"><span class='ocrx_word' id='word_1_125' title='bbox 1093 445 1287 482; x_wconf 81' lang='grc' dir='ltr'>παραιτεῖσθαι</span> <span class='ocrx_word' id='word_1_126' title='bbox 1304 444 1352 471; x_wconf 74' lang='grc' dir='ltr'>καὶ</span> <span class='ocrx_word' id='word_1_127' title='bbox 1375 444 1423 475; x_wconf 80' lang='grc' dir='ltr'><strong>τὰς</strong></span> <span class='ocrx_word' id='word_1_128' title='bbox 1449 443 1583 475; x_wconf 78' lang='grc' dir='ltr'>συνάξεις,</span> <span class='ocrx_word' id='word_1_129' title='bbox 1610 442 1710 478; x_wconf 77' lang='grc' dir='ltr'>καὶμὴ</span> <span class='ocrx_word' id='word_1_130' title='bbox 1735 442 1863 477; x_wconf 82' lang='grc' dir='ltr'>ἀνέχεσθαι</span> 
     </span>
    </p>
   </div>
   <div class='ocr_carea' id='block_1_23' title="bbox 1094 489 1614 526">
    <p class='ocr_par' dir='ltr' id='par_1_23' title="bbox 1094 489 1614 526">
     <span class='ocr_line' id='line_1_23' title="bbox 1094 489 1614 526; baseline -0.008 -7"><span class='ocrx_word' id='word_1_131' title='bbox 1094 493 1231 520; x_wconf 80' lang='grc' dir='ltr'><strong>κοινωνεῖν</strong></span> <span class='ocrx_word' id='word_1_132' title='bbox 1248 490 1477 526; x_wconf 81' lang='grc' dir='ltr'>λειτουργούντων</span> <span class='ocrx_word' id='word_1_133' title='bbox 1491 489 1614 516; x_wconf 79' lang='grc' dir='ltr'>ἐκείνων.</span> 
     </span>
    </p>
   </div>
   <div class='ocr_carea' id='block_1_24' title="bbox 1135 532 1852 571">
    <p class='ocr_par' dir='ltr' id='par_1_24' title="bbox 1135 532 1852 571">
     <span class='ocr_line' id='line_1_24' title="bbox 1135 532 1852 571; baseline -0.007 -7"><span class='ocrx_word' id='word_1_134' title='bbox 1135 537 1284 571; x_wconf 79' lang='grc' dir='ltr'>Ἀνάγνωθι</span> <span class='ocrx_word' id='word_1_135' title='bbox 1302 534 1351 567; x_wconf 80' lang='grc' dir='ltr'><strong>τάς</strong></span> <span class='ocrx_word' id='word_1_136' title='bbox 1371 534 1554 571; x_wconf 78' lang='grc' dir='ltr'>παραγραφὰς</span> <span class='ocrx_word' id='word_1_137' title='bbox 1569 534 1616 561; x_wconf 77' lang='grc' dir='ltr'><strong>τοῦ</strong></span> <span class='ocrx_word' id='word_1_138' title='bbox 1631 533 1672 569; x_wconf 81' lang='grc' dir='ltr'><strong>λβ¹</strong></span> <span class='ocrx_word' id='word_1_139' title='bbox 1701 542 1763 568; x_wconf 78' lang='grc' dir='ltr'>κεφ.</span> <span class='ocrx_word' id='word_1_140' title='bbox 1779 532 1820 559; x_wconf 84' lang='grc' dir='ltr'>τοῦ</span> <span class='ocrx_word' id='word_1_141' title='bbox 1833 532 1852 559; x_wconf 85' lang='grc' dir='ltr'>θ’</span> 
     </span>
    </p>
   </div>
   <div class='ocr_carea' id='block_1_25' title="bbox 1093 581 1576 616">
    <p class='ocr_par' dir='ltr' id='par_1_25' title="bbox 1093 581 1576 616">
     <span class='ocr_line' id='line_1_25' title="bbox 1093 581 1576 616; baseline -0.006 -6"><span class='ocrx_word' id='word_1_142' title='bbox 1093 584 1146 610; x_wconf 67' lang='grc' dir='ltr'>τίς.</span> <span class='ocrx_word' id='word_1_143' title='bbox 1161 583 1209 609; x_wconf 81' lang='grc' dir='ltr'>τοῦ</span> <span class='ocrx_word' id='word_1_144' title='bbox 1226 583 1357 616; x_wconf 81' lang='grc' dir='ltr'><strong>παρόντος</strong></span> <span class='ocrx_word' id='word_1_145' title='bbox 1377 581 1576 616; x_wconf 83' lang='grc' dir='ltr'><strong>συντάγματος.</strong></span> 
     </span>
    </p>
   </div>
   <div class='ocr_carea' id='block_1_26' title="bbox 1129 625 1864 661">
    <p class='ocr_par' dir='ltr' id='par_1_26' title="bbox 1129 625 1864 661">
     <span class='ocr_line' id='line_1_26' title="bbox 1129 625 1864 661; baseline -0.003 -7"><span class='ocrx_word' id='word_1_146' title='bbox 1129 628 1254 655; x_wconf 85' lang='grc' dir='ltr'><strong>ΚΕΦΛΛ.</strong></span> <span class='ocrx_word' id='word_1_147' title='bbox 1271 627 1320 654; x_wconf 86' lang='lat' dir='ltr'><strong>lB&#39;.</strong></span> <span class='ocrx_word' id='word_1_148' title='bbox 1339 643 1373 647; x_wconf 98' lang='lat'>—</span> <span class='ocrx_word' id='word_1_149' title='bbox 1388 626 1459 659; x_wconf 80' lang='grc' dir='ltr'>Περὶ</span> <span class='ocrx_word' id='word_1_150' title='bbox 1474 627 1533 653; x_wconf 85' lang='grc' dir='ltr'><strong>τῶν</strong></span> <span class='ocrx_word' id='word_1_151' title='bbox 1559 625 1721 661; x_wconf 75' lang='grc' dir='ltr'>χρωμένων</span> <span class='ocrx_word' id='word_1_152' title='bbox 1745 627 1864 661; x_wconf 78' lang='grc' dir='ltr'>σχήματι</span> 
     </span>
    </p>
   </div>
   <div class='ocr_carea' id='block_1_27' title="bbox 1091 671 1866 709">
    <p class='ocr_par' dir='ltr' id='par_1_27' title="bbox 1091 671 1866 709">
     <span class='ocr_line' id='line_1_27' title="bbox 1091 671 1866 709; baseline -0.004 -9"><span class='ocrx_word' id='word_1_153' title='bbox 1091 673 1253 709; x_wconf 80' lang='grc' dir='ltr'>μοναχικῷ,</span> <span class='ocrx_word' id='word_1_154' title='bbox 1268 673 1316 700; x_wconf 73' lang='grc' dir='ltr'><strong>καί</strong></span> <span class='ocrx_word' id='word_1_155' title='bbox 1330 672 1617 707; x_wconf 64' lang='grc' dir='ltr'>καταψηφιζομένων</span> <span class='ocrx_word' id='word_1_156' title='bbox 1628 671 1688 699; x_wconf 82' lang='grc' dir='ltr'><strong>τῶν</strong></span> <span class='ocrx_word' id='word_1_157' title='bbox 1701 671 1785 705; x_wconf 72' lang='grc' dir='ltr'>κοινῇ</span> <span class='ocrx_word' id='word_1_158' title='bbox 1799 680 1866 706; x_wconf 80' lang='grc' dir='ltr'>χρω-</span> 
     </span>
    </p>
   </div>
   <div class='ocr_carea' id='block_1_28' title="bbox 1092 718 1320 754">
    <p class='ocr_par' dir='ltr' id='par_1_28' title="bbox 1092 718 1320 754">
     <span class='ocr_line' id='line_1_28' title="bbox 1092 718 1320 754; baseline -0.004 -8"><span class='ocrx_word' id='word_1_159' title='bbox 1092 719 1193 754; x_wconf 79' lang='grc' dir='ltr'>μένων</span> <span class='ocrx_word' id='word_1_160' title='bbox 1205 718 1280 752; x_wconf 80' lang='grc' dir='ltr'>ὲσθῆ</span> <span class='ocrx_word' id='word_1_161' title='bbox 1284 727 1320 745; x_wconf 83' lang='grc' dir='ltr'>τι.</span> 
     </span>
    </p>
   </div>
   <div class='ocr_carea' id='block_1_29' title="bbox 1251 763 1718 799">
    <p class='ocr_par' dir='ltr' id='par_1_29' title="bbox 1251 763 1718 799">
     <span class='ocr_line' id='line_1_29' title="bbox 1251 763 1718 799; baseline -0.002 -8"><span class='ocrx_word' id='word_1_162' title='bbox 1251 764 1385 792; x_wconf 83' lang='grc' dir='ltr'>Συνόδου</span> <span class='ocrx_word' id='word_1_163' title='bbox 1399 764 1535 799; x_wconf 73' lang='grc' dir='ltr'>Γάτγρας</span> <span class='ocrx_word' id='word_1_164' title='bbox 1558 763 1658 790; x_wconf 79' lang='grc' dir='ltr'>κανὼν</span> <span class='ocrx_word' id='word_1_165' title='bbox 1675 763 1718 798; x_wconf 82' lang='grc' dir='ltr'>ιβ’.</span> 
     </span>
    </p>
   </div>
   <div class='ocr_carea' id='block_1_30' title="bbox 1130 808 1869 846">
    <p class='ocr_par' dir='ltr' id='par_1_30' title="bbox 1130 808 1869 846">
     <span class='ocr_line' id='line_1_30' title="bbox 1130 808 1869 846; baseline -0.005 -8"><span class='ocrx_word' id='word_1_166' title='bbox 1130 811 1174 846; x_wconf 88' lang='grc' dir='ltr'><strong>ιβ’.</strong></span> <span class='ocrx_word' id='word_1_167' title='bbox 1191 810 1223 837; x_wconf 76' lang='grc' dir='ltr'><strong>Εἴ</strong></span> <span class='ocrx_word' id='word_1_168' title='bbox 1234 819 1274 842; x_wconf 85' lang='grc' dir='ltr'><strong>τις</strong></span> <span class='ocrx_word' id='word_1_169' title='bbox 1290 810 1362 845; x_wconf 86' lang='grc' dir='ltr'>ἀδρῷ</span> <span class='ocrx_word' id='word_1_170' title='bbox 1375 810 1419 836; x_wconf 86' lang='grc' dir='ltr'><strong>διὰ</strong></span> <span class='ocrx_word' id='word_1_171' title='bbox 1429 809 1608 846; x_wconf 78' lang='grc' dir='ltr'><strong>νομιζομένην</strong></span> <span class='ocrx_word' id='word_1_172' title='bbox 1630 809 1747 843; x_wconf 75' lang='grc' dir='ltr'><strong>ἄσκησιν</strong></span> <span class='ocrx_word' id='word_1_173' title='bbox 1765 808 1869 842; x_wconf 84' lang='grc' dir='ltr'>περιϐο-</span> 
     </span>
    </p>
   </div>
   <div class='ocr_carea' id='block_1_31' title="bbox 1094 853 1871 893">
    <p class='ocr_par' dir='ltr' id='par_1_31' title="bbox 1094 853 1871 893">
     <span class='ocr_line' id='line_1_31' title="bbox 1094 853 1871 893; baseline -0.005 -10"><span class='ocrx_word' id='word_1_174' title='bbox 1094 857 1162 893; x_wconf 85' lang='grc' dir='ltr'>λαίῳ</span> <span class='ocrx_word' id='word_1_175' title='bbox 1175 858 1284 892; x_wconf 82' lang='grc' dir='ltr'>χρῆται,</span> <span class='ocrx_word' id='word_1_176' title='bbox 1300 857 1346 883; x_wconf 75' lang='grc' dir='ltr'>καὶ</span> <span class='ocrx_word' id='word_1_177' title='bbox 1359 856 1397 887; x_wconf 83' lang='grc' dir='ltr'><strong>ὡς</strong></span> <span class='ocrx_word' id='word_1_178' title='bbox 1416 856 1448 882; x_wconf 83' lang='grc' dir='ltr'><strong>ἂν</strong></span> <span class='ocrx_word' id='word_1_179' title='bbox 1463 857 1495 882; x_wconf 83' lang='grc' dir='ltr'>ὲκ</span> <span class='ocrx_word' id='word_1_180' title='bbox 1523 855 1618 881; x_wconf 81' lang='grc' dir='ltr'>τούτου</span> <span class='ocrx_word' id='word_1_181' title='bbox 1634 855 1683 890; x_wconf 77' lang='grc' dir='ltr'>τὴν</span> <span class='ocrx_word' id='word_1_182' title='bbox 1707 853 1871 889; x_wconf 78' lang='grc' dir='ltr'>δικαιοσύνην</span> 
     </span>
    </p>
   </div>
   <div class='ocr_carea' id='block_1_32' title="bbox 1096 898 1873 939">
    <p class='ocr_par' dir='ltr' id='par_1_32' title="bbox 1096 898 1873 939">
     <span class='ocr_line' id='line_1_32' title="bbox 1096 898 1873 939; baseline -0.008 -10"><span class='ocrx_word' id='word_1_183' title='bbox 1096 903 1164 938; x_wconf 79' lang='grc' dir='ltr'>ἔχων</span> <span class='ocrx_word' id='word_1_184' title='bbox 1178 902 1393 938; x_wconf 78' lang='grc' dir='ltr'>καταψηφίζοιτο</span> <span class='ocrx_word' id='word_1_185' title='bbox 1403 901 1456 939; x_wconf 75' lang='grc' dir='ltr'>τῶν</span> <span class='ocrx_word' id='word_1_186' title='bbox 1471 901 1539 935; x_wconf 80' lang='grc' dir='ltr'>μετὰ</span> <span class='ocrx_word' id='word_1_187' title='bbox 1551 900 1693 930; x_wconf 76' lang='grc' dir='ltr'>εὐλαϐείας</span> <span class='ocrx_word' id='word_1_188' title='bbox 1707 899 1767 931; x_wconf 78' lang='grc' dir='ltr'>τοὺς</span> <span class='ocrx_word' id='word_1_189' title='bbox 1777 898 1873 934; x_wconf 78' lang='grc' dir='ltr'>βήρους</span> 
     </span>
    </p>
   </div>
   <div class='ocr_carea' id='block_1_33' title="bbox 257 941 1044 983">
    <p class='ocr_par' dir='ltr' id='par_1_33' title="bbox 257 943 1044 980">
     <span class='ocr_line' id='line_1_33' title="bbox 257 943 1044 980; baseline -0.001 -10"><span class='ocrx_word' id='word_1_190' title='bbox 257 951 318 970; x_wconf 86' lang='lat' dir='ltr'><strong>cum</strong></span> <span class='ocrx_word' id='word_1_191' title='bbox 344 944 441 978; x_wconf 87' lang='lat' dir='ltr'><strong>pietate</strong></span> <span class='ocrx_word' id='word_1_192' title='bbox 470 945 526 980; x_wconf 72' lang='grc'><strong>(27)</strong></span> <span class='ocrx_word' id='word_1_193' title='bbox 569 945 647 972; x_wconf 84' lang='lat' dir='ltr'><strong>bcros</strong></span> <span class='ocrx_word' id='word_1_194' title='bbox 673 944 785 977; x_wconf 77' lang='lat' dir='ltr'><strong>ferunt,</strong></span> <span class='ocrx_word' id='word_1_195' title='bbox 812 947 839 971; x_wconf 90' lang='lat' dir='ltr'><strong>et</strong></span> <span class='ocrx_word' id='word_1_196' title='bbox 883 943 934 970; x_wconf 90' lang='lat' dir='ltr'><strong>alia</strong></span> <span class='ocrx_word' id='word_1_197' title='bbox 969 950 1044 970; x_wconf 85' lang='lat' dir='ltr'><strong>com-</strong></span> 
     </span>
    </p>
   </div>
   <div class='ocr_carea' id='block_1_34' title="bbox 1109 941 1874 983">
    <p class='ocr_par' dir='ltr' id='par_1_34' title="bbox 1109 943 1874 983">
     <span class='ocr_line' id='line_1_34' title="bbox 1109 943 1874 983; baseline -0.007 -9"><span class='ocrx_word' id='word_1_198' title='bbox 1109 947 1261 983; x_wconf 65' lang='lat' dir='ltr'><strong>:opodvtwv,</strong></span> <span class='ocrx_word' id='word_1_199' title='bbox 1280 947 1326 974; x_wconf 72' lang='grc' dir='ltr'>καὶ</span> <span class='ocrx_word' id='word_1_200' title='bbox 1341 948 1373 982; x_wconf 87' lang='grc' dir='ltr'>τῇ</span> <span class='ocrx_word' id='word_1_201' title='bbox 1385 946 1451 982; x_wconf 76' lang='grc' dir='ltr'>ἄλλῃ</span> <span class='ocrx_word' id='word_1_202' title='bbox 1464 947 1539 980; x_wconf 84' lang='grc' dir='ltr'>κοινῇ</span> <span class='ocrx_word' id='word_1_203' title='bbox 1556 945 1604 971; x_wconf 72' lang='grc' dir='ltr'>καὶ</span> <span class='ocrx_word' id='word_1_204' title='bbox 1619 945 1647 971; x_wconf 78' lang='grc' dir='ltr'><strong>ὲν</strong></span> <span class='ocrx_word' id='word_1_205' title='bbox 1671 943 1795 980; x_wconf 77' lang='grc' dir='ltr'><strong>συνηθείᾳ</strong></span> <span class='ocrx_word' id='word_1_206' title='bbox 1809 943 1874 979; x_wconf 74' lang='grc' dir='ltr'>οὔσῃ</span> 
     </span>
    </p>
   </div>
   <div class='ocr_carea' id='block_1_35' title="bbox 257 989 1042 1022">
    <p class='ocr_par' dir='ltr' id='par_1_35' title="bbox 257 989 1042 1022">
     <span class='ocr_line' id='line_1_35' title="bbox 257 989 1042 1022; baseline -0.001 -6"><span class='ocrx_word' id='word_1_207' title='bbox 257 989 334 1016; x_wconf 82' lang='grc' dir='ltr'>ιηυηί</span> <span class='ocrx_word' id='word_1_208' title='bbox 359 994 386 1018; x_wconf 78' lang='lat' dir='ltr'><strong>et</strong></span> <span class='ocrx_word' id='word_1_209' title='bbox 418 995 547 1018; x_wconf 84' lang='lat' dir='ltr'><strong>consueta</strong></span> <span class='ocrx_word' id='word_1_210' title='bbox 578 996 651 1019; x_wconf 81' lang='lat' dir='ltr'><strong>veste</strong></span> <span class='ocrx_word' id='word_1_211' title='bbox 671 995 801 1022; x_wconf 84' lang='lat' dir='ltr'><strong>utuntur,</strong></span> <span class='ocrx_word' id='word_1_212' title='bbox 825 989 861 1017; x_wconf 88' lang='lat' dir='ltr'><strong>sit</strong></span> <span class='ocrx_word' id='word_1_213' title='bbox 888 990 1042 1017; x_wconf 82' lang='lat' dir='ltr'><strong>anathema.</strong></span> 
     </span>
    </p>
   </div>
   <div class='ocr_carea' id='block_1_36' title="bbox 293 1034 1043 1069">
    <p class='ocr_par' dir='ltr' id='par_1_36' title="bbox 293 1034 1043 1069">
     <span class='ocr_line' id='line_1_36' title="bbox 293 1034 1043 1069; baseline -0.003 -6"><span class='ocrx_word' id='word_1_214' title='bbox 293 1035 403 1065; x_wconf 71' lang='lat' dir='ltr'><strong>Texlus.</strong></span> <span class='ocrx_word' id='word_1_215' title='bbox 424 1036 528 1064; x_wconf 87' lang='lat' dir='ltr'><strong>Dicitur</strong></span> <span class='ocrx_word' id='word_1_216' title='bbox 542 1036 589 1063; x_wconf 86' lang='lat' dir='ltr'><strong>lib.</strong></span> <span class='ocrx_word' id='word_1_217' title='bbox 606 1045 627 1066; x_wconf 80' lang='grc' dir='ltr'>ι,</span> <span class='ocrx_word' id='word_1_218' title='bbox 644 1037 685 1063; x_wconf 91' lang='lat' dir='ltr'><strong>tit.</strong></span> <span class='ocrx_word' id='word_1_219' title='bbox 707 1036 735 1069; x_wconf 71' lang='grc'>4,</span> <span class='ocrx_word' id='word_1_220' title='bbox 759 1037 871 1064; x_wconf 88' lang='lat' dir='ltr'><strong>constit.</strong></span> <span class='ocrx_word' id='word_1_221' title='bbox 891 1035 908 1063; x_wconf 65' lang='grc'>4</span> <span class='ocrx_word' id='word_1_222' title='bbox 925 1045 932 1062; x_wconf 87' lang='lat'><strong>:</strong></span> <span class='ocrx_word' id='word_1_223' title='bbox 951 1034 1043 1068; x_wconf 86' lang='lat' dir='ltr'><strong>Mimi,</strong></span> 
     </span>
    </p>
   </div>
   <div class='ocr_carea' id='block_1_37' title="bbox 256 1080 1045 1117">
    <p class='ocr_par' dir='ltr' id='par_1_37' title="bbox 256 1080 1045 1117">
     <span class='ocr_line' id='line_1_37' title="bbox 256 1080 1045 1117; baseline -0.003 -8"><span class='ocrx_word' id='word_1_224' title='bbox 256 1086 285 1110; x_wconf 87' lang='lat' dir='ltr'><strong>et</strong></span> <span class='ocrx_word' id='word_1_225' title='bbox 303 1089 363 1116; x_wconf 81' lang='lat' dir='ltr'><strong>quae</strong></span> <span class='ocrx_word' id='word_1_226' title='bbox 375 1089 492 1117; x_wconf 88' lang='lat' dir='ltr'><strong>corpore</strong></span> <span class='ocrx_word' id='word_1_227' title='bbox 504 1082 611 1117; x_wconf 82' lang='lat' dir='ltr'><strong>publice</strong></span> <span class='ocrx_word' id='word_1_228' title='bbox 622 1087 755 1116; x_wconf 76' lang='lat' dir='ltr'><strong>quaestum</strong></span> <span class='ocrx_word' id='word_1_229' title='bbox 769 1081 882 1112; x_wconf 82' lang='lat' dir='ltr'><strong>faciunt,</strong></span> <span class='ocrx_word' id='word_1_230' title='bbox 896 1080 990 1108; x_wconf 89' lang='lat' dir='ltr'><strong>habitu</strong></span> <span class='ocrx_word' id='word_1_231' title='bbox 1005 1087 1045 1108; x_wconf 91' lang='lat' dir='ltr'><strong>sa-</strong></span> 
     </span>
    </p>
   </div>
   <div class='ocr_carea' id='block_1_38' title="bbox 257 1125 1041 1162">
    <p class='ocr_par' dir='ltr' id='par_1_38' title="bbox 257 1125 1041 1162">
     <span class='ocr_line' id='line_1_38' title="bbox 257 1125 1041 1162; baseline 0 -10"><span class='ocrx_word' id='word_1_232' title='bbox 257 1129 395 1153; x_wconf 84' lang='lat' dir='ltr'><strong>cratarum</strong></span> <span class='ocrx_word' id='word_1_233' title='bbox 411 1127 548 1162; x_wconf 72' lang='lat' dir='ltr'><strong>virginum</strong></span> <span class='ocrx_word' id='word_1_234' title='bbox 562 1135 595 1154; x_wconf 89' lang='lat' dir='ltr'><strong>ne</strong></span> <span class='ocrx_word' id='word_1_235' title='bbox 612 1131 733 1154; x_wconf 90' lang='lat' dir='ltr'><strong>utantor.</strong></span> <span class='ocrx_word' id='word_1_236' title='bbox 752 1126 784 1153; x_wconf 86' lang='lat' dir='ltr'><strong>Et</strong></span> <span class='ocrx_word' id='word_1_237' title='bbox 799 1126 909 1154; x_wconf 84' lang='lat' dir='ltr'><strong>constit.</strong></span> <span class='ocrx_word' id='word_1_238' title='bbox 924 1126 952 1158; x_wconf 75' lang='grc'>2,</span> <span class='ocrx_word' id='word_1_239' title='bbox 970 1125 1012 1152; x_wconf 89' lang='lat' dir='ltr'><strong>lit.</strong></span> <span class='ocrx_word' id='word_1_240' title='bbox 1030 1126 1041 1152; x_wconf 85' lang='lat' dir='ltr'><strong>l</strong></span> 
     </span>
    </p>
   </div>
   <div class='ocr_carea' id='block_1_39' title="bbox 257 1171 1044 1205">
    <p class='ocr_par' dir='ltr' id='par_1_39' title="bbox 257 1171 1044 1205">
     <span class='ocr_line' id='line_1_39' title="bbox 257 1171 1044 1205; baseline 0 -7"><span class='ocrx_word' id='word_1_241' title='bbox 257 1171 429 1199; x_wconf 78' lang='lat' dir='ltr'><strong>Novellarum</strong></span> <span class='ocrx_word' id='word_1_242' title='bbox 445 1173 482 1199; x_wconf 88' lang='lat' dir='ltr'><strong>ait</strong></span> <span class='ocrx_word' id='word_1_243' title='bbox 498 1182 505 1200; x_wconf 87' lang='lat'><strong>:</strong></span> <span class='ocrx_word' id='word_1_244' title='bbox 522 1172 605 1199; x_wconf 87' lang='lat' dir='ltr'><strong>Nemo</strong></span> <span class='ocrx_word' id='word_1_245' title='bbox 623 1173 721 1205; x_wconf 79' lang='lat' dir='ltr'><strong>laicus,</strong></span> <span class='ocrx_word' id='word_1_246' title='bbox 738 1173 850 1200; x_wconf 90' lang='lat' dir='ltr'><strong>minime</strong></span> <span class='ocrx_word' id='word_1_247' title='bbox 863 1180 926 1200; x_wconf 89' lang='lat' dir='ltr'><strong>vero</strong></span> <span class='ocrx_word' id='word_1_248' title='bbox 943 1171 1044 1199; x_wconf 70' lang='lat' dir='ltr'><strong>scenici</strong></span> 
     </span>
    </p>
   </div>
   <div class='ocr_carea' id='block_1_40' title="bbox 257 1217 1042 1254">
    <p class='ocr_par' dir='ltr' id='par_1_40' title="bbox 257 1217 1042 1254">
     <span class='ocr_line' id='line_1_40' title="bbox 257 1217 1042 1254; baseline 0.001 -10"><span class='ocrx_word' id='word_1_249' title='bbox 257 1222 284 1244; x_wconf 89' lang='lat' dir='ltr'><strong>et</strong></span> <span class='ocrx_word' id='word_1_250' title='bbox 305 1219 472 1251; x_wconf 82' lang='lat' dir='ltr'><strong>meretrices,</strong></span> <span class='ocrx_word' id='word_1_251' title='bbox 487 1219 580 1246; x_wconf 82' lang='lat' dir='ltr'><strong>habitu</strong></span> <span class='ocrx_word' id='word_1_252' title='bbox 603 1221 755 1247; x_wconf 87' lang='lat' dir='ltr'><strong>mouastico</strong></span> <span class='ocrx_word' id='word_1_253' title='bbox 778 1219 872 1251; x_wconf 87' lang='lat' dir='ltr'><strong>utitor,</strong></span> <span class='ocrx_word' id='word_1_254' title='bbox 891 1217 977 1254; x_wconf 86' lang='lat' dir='ltr'><strong>[eum]</strong></span> <span class='ocrx_word' id='word_1_255' title='bbox 1000 1219 1042 1245; x_wconf 88' lang='lat' dir='ltr'><strong>vel</strong></span> 
     </span>
    </p>
   </div>
   <div class='ocr_carea' id='block_1_41' title="bbox 257 1263 1042 1300">
    <p class='ocr_par' dir='ltr' id='par_1_41' title="bbox 257 1263 1042 1300">
     <span class='ocr_line' id='line_1_41' title="bbox 257 1263 1042 1300; baseline 0.001 -11"><span class='ocrx_word' id='word_1_256' title='bbox 257 1263 388 1291; x_wconf 88' lang='lat' dir='ltr'><strong>imitator.</strong></span> <span class='ocrx_word' id='word_1_257' title='bbox 407 1264 515 1299; x_wconf 84' lang='lat' dir='ltr'><strong>Alioqui</strong></span> <span class='ocrx_word' id='word_1_258' title='bbox 537 1269 564 1292; x_wconf 90' lang='lat' dir='ltr'><strong>et</strong></span> <span class='ocrx_word' id='word_1_259' title='bbox 584 1265 718 1300; x_wconf 80' lang='lat' dir='ltr'><strong>corporali</strong></span> <span class='ocrx_word' id='word_1_260' title='bbox 735 1272 815 1300; x_wconf 74' lang='lat' dir='ltr'><strong>pmna</strong></span> <span class='ocrx_word' id='word_1_261' title='bbox 831 1264 939 1297; x_wconf 76' lang='lat' dir='ltr'><strong>feritur,</strong></span> <span class='ocrx_word' id='word_1_262' title='bbox 955 1269 981 1292; x_wconf 90' lang='lat' dir='ltr'><strong>et</strong></span> <span class='ocrx_word' id='word_1_263' title='bbox 994 1271 1042 1291; x_wconf 87' lang='lat' dir='ltr'><strong>ex-</strong></span> 
     </span>
    </p>
   </div>
   <div class='ocr_carea' id='block_1_42' title="bbox 258 1310 431 1336">
    <p class='ocr_par' dir='ltr' id='par_1_42' title="bbox 258 1310 431 1336">
     <span class='ocr_line' id='line_1_42' title="bbox 258 1310 431 1336; baseline 0 0"><span class='ocrx_word' id='word_1_264' title='bbox 258 1310 431 1336; x_wconf 83' lang='lat' dir='ltr'><strong>terminatur.</strong></span> 
     </span>
    </p>
   </div>
   <div class='ocr_carea' id='block_1_43' title="bbox 291 1354 1043 1392">
    <p class='ocr_par' dir='ltr' id='par_1_43' title="bbox 291 1354 1043 1392">
     <span class='ocr_line' id='line_1_43' title="bbox 291 1354 1043 1392; baseline -0.001 -9"><span class='ocrx_word' id='word_1_265' title='bbox 291 1354 374 1390; x_wconf 78' lang='lat'><strong>378</strong></span> <span class='ocrx_word' id='word_1_266' title='bbox 387 1356 463 1384; x_wconf 79' lang='lat' dir='ltr'><strong>CAP.</strong></span> <span class='ocrx_word' id='word_1_267' title='bbox 479 1356 548 1384; x_wconf 80' lang='lat' dir='ltr'><strong>Xlll.</strong></span> <span class='ocrx_word' id='word_1_268' title='bbox 562 1372 597 1377; x_wconf 93' lang='lat'>—</span> <span class='ocrx_word' id='word_1_269' title='bbox 607 1357 645 1384; x_wconf 83' lang='lat' dir='ltr'><strong>De</strong></span> <span class='ocrx_word' id='word_1_270' title='bbox 659 1356 766 1384; x_wconf 80' lang='lat' dir='ltr'><strong>muliere</strong></span> <span class='ocrx_word' id='word_1_271' title='bbox 776 1364 835 1392; x_wconf 64' lang='lat' dir='ltr'><strong>qua</strong></span> <span class='ocrx_word' id='word_1_272' title='bbox 849 1356 968 1384; x_wconf 74' lang='lat' dir='ltr'><strong>asceticw</strong></span> <span class='ocrx_word' id='word_1_273' title='bbox 983 1355 1043 1383; x_wconf 73' lang='lat' dir='ltr'><strong>vita:</strong></span> 
     </span>
    </p>
   </div>
   <div class='ocr_carea' id='block_1_44' title="bbox 256 1402 645 1429">
    <p class='ocr_par' dir='ltr' id='par_1_44' title="bbox 256 1402 645 1429">
     <span class='ocr_line' id='line_1_44' title="bbox 256 1402 645 1429; baseline 0.005 -2"><span class='ocrx_word' id='word_1_274' title='bbox 256 1408 340 1428; x_wconf 62' lang='lat' dir='ltr'><strong>causa</strong></span> <span class='ocrx_word' id='word_1_275' title='bbox 351 1406 419 1428; x_wconf 78' lang='lat' dir='ltr'><strong>veste</strong></span> <span class='ocrx_word' id='word_1_276' title='bbox 431 1402 503 1429; x_wconf 80' lang='lat' dir='ltr'><strong>virili</strong></span> <span class='ocrx_word' id='word_1_277' title='bbox 516 1402 645 1429; x_wconf 81' lang='lat' dir='ltr'><strong>induitur.</strong></span> 
     </span>
    </p>
   </div>
   <div class='ocr_carea' id='block_1_45' title="bbox 423 1447 882 1483">
    <p class='ocr_par' dir='ltr' id='par_1_45' title="bbox 423 1447 882 1483">
     <span class='ocr_line' id='line_1_45' title="bbox 423 1447 882 1483; baseline 0 -9"><span class='ocrx_word' id='word_1_278' title='bbox 423 1447 540 1475; x_wconf 83' lang='lat' dir='ltr'><strong>Concilii</strong></span> <span class='ocrx_word' id='word_1_279' title='bbox 558 1447 721 1483; x_wconf 74' lang='lat' dir='ltr'><strong>Gangrensis</strong></span> <span class='ocrx_word' id='word_1_280' title='bbox 737 1456 821 1476; x_wconf 80' lang='lat' dir='ltr'><strong>canon</strong></span> <span class='ocrx_word' id='word_1_281' title='bbox 839 1448 882 1475; x_wconf 75' lang='grc'><strong>15.</strong></span> 
     </span>
    </p>
   </div>
   <div class='ocr_carea' id='block_1_46' title="bbox 293 1492 1046 1529">
    <p class='ocr_par' dir='ltr' id='par_1_46' title="bbox 293 1492 1046 1529">
     <span class='ocr_line' id='line_1_46' title="bbox 293 1492 1046 1529; baseline 0.001 -10"><span class='ocrx_word' id='word_1_282' title='bbox 293 1492 336 1520; x_wconf 75' lang='lat'><strong>13.</strong></span> <span class='ocrx_word' id='word_1_283' title='bbox 373 1492 401 1520; x_wconf 91' lang='lat' dir='ltr'><strong>Si</strong></span> <span class='ocrx_word' id='word_1_284' title='bbox 424 1501 477 1529; x_wconf 89' lang='lat' dir='ltr'><strong>qua</strong></span> <span class='ocrx_word' id='word_1_285' title='bbox 505 1494 603 1522; x_wconf 82' lang='lat' dir='ltr'><strong>mulier</strong></span> <span class='ocrx_word' id='word_1_286' title='bbox 632 1498 741 1529; x_wconf 87' lang='lat' dir='ltr'><strong>propter</strong></span> <span class='ocrx_word' id='word_1_287' title='bbox 765 1501 836 1526; x_wconf 90' lang='lat' dir='ltr'><strong>cam,</strong></span> <span class='ocrx_word' id='word_1_288' title='bbox 867 1501 927 1528; x_wconf 59' lang='lat' dir='ltr'><strong>quae</strong></span> <span class='ocrx_word' id='word_1_289' title='bbox 951 1493 1046 1521; x_wconf 83' lang='lat' dir='ltr'><strong>existi-</strong></span> 
     </span>
    </p>
   </div>
   <div class='ocr_carea' id='block_1_47' title="bbox 256 1534 1045 1575">
    <p class='ocr_par' dir='ltr' id='par_1_47' title="bbox 256 1534 1045 1575">
     <span class='ocr_line' id='line_1_47' title="bbox 256 1534 1045 1575; baseline 0.001 -9"><span class='ocrx_word' id='word_1_290' title='bbox 256 1543 357 1572; x_wconf 83' lang='lat' dir='ltr'><strong>matur,</strong></span> <span class='ocrx_word' id='word_1_291' title='bbox 378 1539 615 1572; x_wconf 78' lang='lat' dir='ltr'><strong>exercitationem,</strong></span> <span class='ocrx_word' id='word_1_292' title='bbox 630 1544 659 1567; x_wconf 89' lang='lat' dir='ltr'><strong>et</strong></span> <span class='ocrx_word' id='word_1_293' title='bbox 684 1534 786 1567; x_wconf 85' lang='lat' dir='ltr'><strong>vestem</strong></span> <span class='ocrx_word' id='word_1_294' title='bbox 815 1544 922 1573; x_wconf 89' lang='lat' dir='ltr'><strong>mutet,</strong></span> <span class='ocrx_word' id='word_1_295' title='bbox 943 1543 970 1567; x_wconf 85' lang='lat' dir='ltr'><strong>et</strong></span> <span class='ocrx_word' id='word_1_296' title='bbox 994 1547 1045 1575; x_wconf 85' lang='lat' dir='ltr'><strong>pro</strong></span> 
     </span>
    </p>
   </div>
   <div class='ocr_carea' id='block_1_48' title="bbox 1094 991 1627 1029">
    <p class='ocr_par' dir='ltr' id='par_1_48' title="bbox 1094 991 1627 1029">
     <span class='ocr_line' id='line_1_48' title="bbox 1094 991 1627 1029; baseline -0.008 -8"><span class='ocrx_word' id='word_1_297' title='bbox 1094 994 1189 1029; x_wconf 72' lang='grc' dir='ltr'>ἐσθῆτι</span> <span class='ocrx_word' id='word_1_298' title='bbox 1203 993 1390 1029; x_wconf 77' lang='grc' dir='ltr'><strong>κεχρημένων,</strong></span> <span class='ocrx_word' id='word_1_299' title='bbox 1409 992 1531 1026; x_wconf 82' lang='grc' dir='ltr'><strong>ἀνάθεμα</strong></span> <span class='ocrx_word' id='word_1_300' title='bbox 1547 991 1627 1017; x_wconf 71' lang='grc' dir='ltr'>ἔστω.</span> 
     </span>
    </p>
   </div>
   <div class='ocr_carea' id='block_1_49' title="bbox 1129 1035 1875 1075">
    <p class='ocr_par' dir='ltr' id='par_1_49' title="bbox 1129 1035 1875 1075">
     <span class='ocr_line' id='line_1_49' title="bbox 1129 1035 1875 1075; baseline -0.005 -10"><span class='ocrx_word' id='word_1_301' title='bbox 1129 1039 1242 1075; x_wconf 76' lang='grc' dir='ltr'>Εἴρηται</span> <span class='ocrx_word' id='word_1_302' title='bbox 1259 1039 1329 1074; x_wconf 80' lang='grc' dir='ltr'>βιϐλ.</span> <span class='ocrx_word' id='word_1_303' title='bbox 1343 1042 1378 1070; x_wconf 84' lang='grc' dir='ltr'>α’,</span> <span class='ocrx_word' id='word_1_304' title='bbox 1391 1038 1445 1065; x_wconf 85' lang='grc' dir='ltr'>τίτ.</span> <span class='ocrx_word' id='word_1_305' title='bbox 1459 1038 1491 1070; x_wconf 78' lang='grc' dir='ltr'>δ’,</span> <span class='ocrx_word' id='word_1_306' title='bbox 1507 1037 1576 1064; x_wconf 82' lang='grc' dir='ltr'>διάτ.</span> <span class='ocrx_word' id='word_1_307' title='bbox 1594 1036 1681 1069; x_wconf 79' lang='grc' dir='ltr'>δ’,ὄτι,</span> <span class='ocrx_word' id='word_1_308' title='bbox 1694 1035 1725 1062; x_wconf 77' lang='grc' dir='ltr'><strong>Οἱ</strong></span> <span class='ocrx_word' id='word_1_309' title='bbox 1742 1036 1817 1071; x_wconf 87' lang='grc' dir='ltr'>μῖμοι</span> <span class='ocrx_word' id='word_1_310' title='bbox 1829 1036 1875 1062; x_wconf 68' lang='grc' dir='ltr'>καὶ</span> 
     </span>
    </p>
   </div>
   <div class='ocr_carea' id='block_1_50' title="bbox 1094 1081 1874 1120">
    <p class='ocr_par' dir='ltr' id='par_1_50' title="bbox 1094 1081 1874 1120">
     <span class='ocr_line' id='line_1_50' title="bbox 1094 1081 1874 1120; baseline -0.006 -9"><span class='ocrx_word' id='word_1_311' title='bbox 1094 1086 1122 1112; x_wconf 81' lang='grc' dir='ltr'>αἱ</span> <span class='ocrx_word' id='word_1_312' title='bbox 1139 1085 1222 1120; x_wconf 83' lang='grc' dir='ltr'>πόρον</span> <span class='ocrx_word' id='word_1_313' title='bbox 1246 1085 1278 1111; x_wconf 81' lang='grc' dir='ltr'>ὲκ</span> <span class='ocrx_word' id='word_1_314' title='bbox 1296 1084 1343 1110; x_wconf 77' lang='grc' dir='ltr'><strong>τοῦ</strong></span> <span class='ocrx_word' id='word_1_315' title='bbox 1364 1083 1488 1119; x_wconf 83' lang='grc' dir='ltr'>σώματος</span> <span class='ocrx_word' id='word_1_316' title='bbox 1506 1081 1625 1117; x_wconf 81' lang='grc' dir='ltr'>δημοσίᾳ</span> <span class='ocrx_word' id='word_1_317' title='bbox 1649 1081 1817 1116; x_wconf 75' lang='grc' dir='ltr'><strong>ποιούμεναι,</strong></span> <span class='ocrx_word' id='word_1_318' title='bbox 1837 1081 1874 1116; x_wconf 82' lang='grc' dir='ltr'><strong>τῷ</strong></span> 
     </span>
    </p>
   </div>
   <div class='ocr_carea' id='block_1_51' title="bbox 1097 1126 1872 1165">
    <p class='ocr_par' dir='ltr' id='par_1_51' title="bbox 1097 1126 1872 1165">
     <span class='ocr_line' id='line_1_51' title="bbox 1097 1126 1872 1165; baseline -0.005 -9"><span class='ocrx_word' id='word_1_319' title='bbox 1097 1131 1217 1165; x_wconf 83' lang='grc' dir='ltr'>σχήματι</span> <span class='ocrx_word' id='word_1_320' title='bbox 1242 1129 1297 1156; x_wconf 82' lang='grc' dir='ltr'>τῶν</span> <span class='ocrx_word' id='word_1_321' title='bbox 1320 1129 1401 1164; x_wconf 79' lang='grc' dir='ltr'>ιερῶν</span> <span class='ocrx_word' id='word_1_322' title='bbox 1429 1128 1572 1163; x_wconf 78' lang='grc' dir='ltr'>παρθένων</span> <span class='ocrx_word' id='word_1_323' title='bbox 1597 1127 1634 1162; x_wconf 82' lang='grc' dir='ltr'>μὴ</span> <span class='ocrx_word' id='word_1_324' title='bbox 1656 1126 1850 1162; x_wconf 82' lang='grc' dir='ltr'>κεχρήσθωσαν</span> <span class='ocrx_word' id='word_1_325' title='bbox 1866 1134 1872 1140; x_wconf 93' lang='grc'><strong>·</strong></span> 
     </span>
    </p>
   </div>
   <div class='ocr_carea' id='block_1_52' title="bbox 1095 1173 1877 1211">
    <p class='ocr_par' dir='ltr' id='par_1_52' title="bbox 1095 1173 1877 1211">
     <span class='ocr_line' id='line_1_52' title="bbox 1095 1173 1877 1211; baseline -0.006 -8"><span class='ocrx_word' id='word_1_326' title='bbox 1095 1177 1142 1203; x_wconf 78' lang='grc' dir='ltr'><strong>καὶ</strong></span> <span class='ocrx_word' id='word_1_327' title='bbox 1155 1177 1172 1211; x_wconf 82' lang='grc' dir='ltr'>ἡ</span> <span class='ocrx_word' id='word_1_328' title='bbox 1189 1176 1210 1211; x_wconf 85' lang='grc' dir='ltr'><strong>β’</strong></span> <span class='ocrx_word' id='word_1_329' title='bbox 1237 1176 1306 1203; x_wconf 84' lang='grc' dir='ltr'>διάτ.</span> <span class='ocrx_word' id='word_1_330' title='bbox 1325 1175 1373 1202; x_wconf 81' lang='grc' dir='ltr'>τοῦ</span> <span class='ocrx_word' id='word_1_331' title='bbox 1389 1174 1414 1201; x_wconf 83' lang='grc' dir='ltr'>α’</span> <span class='ocrx_word' id='word_1_332' title='bbox 1428 1174 1481 1201; x_wconf 80' lang='grc' dir='ltr'>τίτ.</span> <span class='ocrx_word' id='word_1_333' title='bbox 1493 1173 1547 1200; x_wconf 81' lang='grc' dir='ltr'>τῶν</span> <span class='ocrx_word' id='word_1_334' title='bbox 1568 1173 1682 1207; x_wconf 84' lang='grc' dir='ltr'>Νεαρῶν</span> <span class='ocrx_word' id='word_1_335' title='bbox 1698 1180 1779 1207; x_wconf 86' lang='grc' dir='ltr'>φησιν</span> <span class='ocrx_word' id='word_1_336' title='bbox 1796 1181 1802 1186; x_wconf 90' lang='grc'><strong>·</strong></span> <span class='ocrx_word' id='word_1_337' title='bbox 1817 1173 1877 1207; x_wconf 85' lang='grc' dir='ltr'><strong>Μη-</strong></span> 
     </span>
    </p>
   </div>
   <div class='ocr_carea' id='block_1_53' title="bbox 1094 1217 1876 1255">
    <p class='ocr_par' dir='ltr' id='par_1_53' title="bbox 1094 1217 1876 1255">
     <span class='ocr_line' id='line_1_53' title="bbox 1094 1217 1876 1255; baseline -0.008 -7"><span class='ocrx_word' id='word_1_338' title='bbox 1094 1221 1150 1252; x_wconf 76' lang='grc' dir='ltr'>δεὶς</span> <span class='ocrx_word' id='word_1_339' title='bbox 1165 1221 1257 1252; x_wconf 79' lang='grc' dir='ltr'>λαῖκδς</span> <span class='ocrx_word' id='word_1_340' title='bbox 1274 1220 1321 1247; x_wconf 76' lang='grc' dir='ltr'>καὶ</span> <span class='ocrx_word' id='word_1_341' title='bbox 1339 1220 1457 1255; x_wconf 85' lang='grc' dir='ltr'>μάλιστα</span> <span class='ocrx_word' id='word_1_342' title='bbox 1481 1219 1505 1245; x_wconf 78' lang='grc' dir='ltr'>οι</span> <span class='ocrx_word' id='word_1_343' title='bbox 1528 1218 1653 1254; x_wconf 77' lang='grc' dir='ltr'>σκηνικοὶ</span> <span class='ocrx_word' id='word_1_344' title='bbox 1668 1218 1715 1244; x_wconf 75' lang='grc' dir='ltr'>καὶ</span> <span class='ocrx_word' id='word_1_345' title='bbox 1739 1218 1767 1244; x_wconf 78' lang='grc' dir='ltr'>αἱ</span> <span class='ocrx_word' id='word_1_346' title='bbox 1783 1217 1876 1252; x_wconf 82' lang='grc' dir='ltr'>πόρναι</span> 
     </span>
    </p>
   </div>
   <div class='ocr_carea' id='block_1_54' title="bbox 1096 1263 1877 1302">
    <p class='ocr_par' dir='ltr' id='par_1_54' title="bbox 1096 1263 1877 1302">
     <span class='ocr_line' id='line_1_54' title="bbox 1096 1263 1877 1302; baseline -0.006 -9"><span class='ocrx_word' id='word_1_347' title='bbox 1096 1266 1241 1302; x_wconf 85' lang='grc' dir='ltr'>κεχρήσθω</span> <span class='ocrx_word' id='word_1_348' title='bbox 1254 1265 1293 1301; x_wconf 81' lang='grc' dir='ltr'>τῷ</span> <span class='ocrx_word' id='word_1_349' title='bbox 1310 1264 1447 1301; x_wconf 78' lang='grc' dir='ltr'>μοναχικῷ</span> <span class='ocrx_word' id='word_1_350' title='bbox 1461 1264 1590 1299; x_wconf 83' lang='grc' dir='ltr'>σχήματι,</span> <span class='ocrx_word' id='word_1_351' title='bbox 1608 1263 1670 1290; x_wconf 73' lang='grc' dir='ltr'>ἐπεὶ</span> <span class='ocrx_word' id='word_1_352' title='bbox 1691 1263 1739 1290; x_wconf 79' lang='grc' dir='ltr'>καὶ</span> <span class='ocrx_word' id='word_1_353' title='bbox 1759 1271 1877 1298; x_wconf 79' lang='grc' dir='ltr'>σωματι-</span> 
     </span>
    </p>
   </div>
   <div class='ocr_carea' id='block_1_55' title="bbox 1095 1311 1565 1348">
    <p class='ocr_par' dir='ltr' id='par_1_55' title="bbox 1095 1311 1565 1348">
     <span class='ocr_line' id='line_1_55' title="bbox 1095 1311 1565 1348; baseline -0.006 -8"><span class='ocrx_word' id='word_1_354' title='bbox 1095 1313 1152 1344; x_wconf 80' lang='grc' dir='ltr'>κῶς</span> <span class='ocrx_word' id='word_1_355' title='bbox 1168 1314 1328 1348; x_wconf 80' lang='grc' dir='ltr'><strong>τιμωρεῖται</strong></span> <span class='ocrx_word' id='word_1_356' title='bbox 1343 1313 1390 1339; x_wconf 82' lang='grc' dir='ltr'>καὶ</span> <span class='ocrx_word' id='word_1_357' title='bbox 1405 1311 1565 1346; x_wconf 82' lang='grc' dir='ltr'>ὲξορίζεται.</span> 
     </span>
    </p>
   </div>
   <div class='ocr_carea' id='block_1_56' title="bbox 1132 1355 1879 1391">
    <p class='ocr_par' dir='ltr' id='par_1_56' title="bbox 1132 1355 1879 1391">
     <span class='ocr_line' id='line_1_56' title="bbox 1132 1355 1879 1391; baseline -0.005 -6"><span class='ocrx_word' id='word_1_358' title='bbox 1132 1359 1256 1385; x_wconf 75' lang='grc' dir='ltr'><strong>ΚΕΦΑΛ.</strong></span> <span class='ocrx_word' id='word_1_359' title='bbox 1271 1357 1319 1385; x_wconf 91' lang='lat' dir='ltr'><strong>II&quot;.</strong></span> <span class='ocrx_word' id='word_1_360' title='bbox 1338 1372 1373 1378; x_wconf 88' lang='lat'><strong>——</strong></span> <span class='ocrx_word' id='word_1_361' title='bbox 1392 1357 1461 1391; x_wconf 74' lang='grc' dir='ltr'>Περὶ</span> <span class='ocrx_word' id='word_1_362' title='bbox 1477 1357 1620 1391; x_wconf 76' lang='grc' dir='ltr'>γυναικὸς</span> <span class='ocrx_word' id='word_1_363' title='bbox 1632 1356 1669 1383; x_wconf 84' lang='grc' dir='ltr'>δι’</span> <span class='ocrx_word' id='word_1_364' title='bbox 1680 1355 1811 1389; x_wconf 77' lang='grc' dir='ltr'><strong>ἄσκησιν</strong></span> <span class='ocrx_word' id='word_1_365' title='bbox 1825 1362 1879 1389; x_wconf 70' lang='grc' dir='ltr'><strong>φο-</strong></span> 
     </span>
    </p>
   </div>
   <div class='ocr_carea' id='block_1_57' title="bbox 1093 1403 1353 1439">
    <p class='ocr_par' dir='ltr' id='par_1_57' title="bbox 1093 1403 1353 1439">
     <span class='ocr_line' id='line_1_57' title="bbox 1093 1403 1353 1439; baseline -0.008 -7"><span class='ocrx_word' id='word_1_366' title='bbox 1093 1405 1211 1439; x_wconf 82' lang='grc' dir='ltr'>ρούσης</span> <span class='ocrx_word' id='word_1_367' title='bbox 1226 1403 1353 1438; x_wconf 80' lang='grc' dir='ltr'>ἁνὸρῷα.</span> 
     </span>
    </p>
   </div>
   <div class='ocr_carea' id='block_1_58' title="bbox 1254 1446 1720 1483">
    <p class='ocr_par' dir='ltr' id='par_1_58' title="bbox 1254 1446 1720 1483">
     <span class='ocr_line' id='line_1_58' title="bbox 1254 1446 1720 1483; baseline -0.006 -7"><span class='ocrx_word' id='word_1_368' title='bbox 1254 1449 1389 1476; x_wconf 79' lang='grc' dir='ltr'>Συνόδου</span> <span class='ocrx_word' id='word_1_369' title='bbox 1403 1448 1540 1483; x_wconf 81' lang='grc' dir='ltr'>Γάγτρας</span> <span class='ocrx_word' id='word_1_370' title='bbox 1552 1447 1653 1475; x_wconf 75' lang='grc' dir='ltr'>κανὼν</span> <span class='ocrx_word' id='word_1_371' title='bbox 1674 1446 1720 1481; x_wconf 88' lang='grc' dir='ltr'>ιγ’.</span> 
     </span>
    </p>
   </div>
   <div class='ocr_carea' id='block_1_59' title="bbox 1132 1493 1883 1530">
    <p class='ocr_par' dir='ltr' id='par_1_59' title="bbox 1132 1493 1883 1530">
     <span class='ocr_line' id='line_1_59' title="bbox 1132 1493 1883 1530; baseline -0.004 -8"><span class='ocrx_word' id='word_1_372' title='bbox 1132 1495 1176 1529; x_wconf 57' lang='grc' dir='ltr'><strong>ιγ.</strong></span> <span class='ocrx_word' id='word_1_373' title='bbox 1192 1496 1225 1522; x_wconf 82' lang='lat' dir='ltr'><strong>El</strong></span> <span class='ocrx_word' id='word_1_374' title='bbox 1234 1504 1276 1527; x_wconf 76' lang='grc' dir='ltr'><strong>τις</strong></span> <span class='ocrx_word' id='word_1_375' title='bbox 1286 1495 1355 1530; x_wconf 86' lang='grc' dir='ltr'>γυνὴ</span> <span class='ocrx_word' id='word_1_376' title='bbox 1368 1495 1411 1522; x_wconf 81' lang='grc' dir='ltr'>διὰ</span> <span class='ocrx_word' id='word_1_377' title='bbox 1428 1495 1609 1529; x_wconf 80' lang='grc' dir='ltr'>νομιζομένην</span> <span class='ocrx_word' id='word_1_378' title='bbox 1619 1494 1746 1529; x_wconf 73' lang='grc' dir='ltr'>ἄσκησιν,</span> <span class='ocrx_word' id='word_1_379' title='bbox 1762 1493 1883 1528; x_wconf 76' lang='grc' dir='ltr'>μεταϐά-</span> 
     </span>
    </p>
   </div>
   <div class='ocr_carea' id='block_1_60' title="bbox 1096 1538 1884 1576">
    <p class='ocr_par' dir='ltr' id='par_1_60' title="bbox 1096 1538 1884 1576">
     <span class='ocr_line' id='line_1_60' title="bbox 1096 1538 1884 1576; baseline -0.005 -8"><span class='ocrx_word' id='word_1_380' title='bbox 1096 1541 1136 1568; x_wconf 86' lang='grc' dir='ltr'>λοι</span> <span class='ocrx_word' id='word_1_381' title='bbox 1153 1541 1182 1567; x_wconf 86' lang='grc' dir='ltr'><strong>τὺ</strong></span> <span class='ocrx_word' id='word_1_382' title='bbox 1198 1540 1358 1576; x_wconf 82' lang='grc' dir='ltr'>ἀμφίασμα,</span> <span class='ocrx_word' id='word_1_383' title='bbox 1376 1541 1424 1567; x_wconf 77' lang='grc' dir='ltr'>καὶ</span> <span class='ocrx_word' id='word_1_384' title='bbox 1440 1540 1501 1567; x_wconf 80' lang='grc' dir='ltr'>ἀντὶ</span> <span class='ocrx_word' id='word_1_385' title='bbox 1517 1540 1564 1566; x_wconf 82' lang='grc' dir='ltr'>τοῦ</span> <span class='ocrx_word' id='word_1_386' title='bbox 1580 1539 1706 1571; x_wconf 73' lang='grc' dir='ltr'><strong>εἰωθότος</strong></span> <span class='ocrx_word' id='word_1_387' title='bbox 1724 1538 1884 1574; x_wconf 74' lang='grc' dir='ltr'>γυναικείου</span> 
     </span>
    </p>
   </div>
   <div class='ocr_carea' id='block_1_61' title="bbox 257 1584 1044 1622">
    <p class='ocr_par' dir='ltr' id='par_1_61' title="bbox 257 1585 1044 1621">
     <span class='ocr_line' id='line_1_61' title="bbox 257 1585 1044 1621; baseline 0.001 -9"><span class='ocrx_word' id='word_1_388' title='bbox 257 1589 390 1613; x_wconf 87' lang='lat' dir='ltr'><strong>consueto</strong></span> <span class='ocrx_word' id='word_1_389' title='bbox 417 1586 546 1614; x_wconf 87' lang='lat' dir='ltr'><strong>muliebri</strong></span> <span class='ocrx_word' id='word_1_390' title='bbox 563 1586 723 1614; x_wconf 89' lang='lat' dir='ltr'><strong>indumento</strong></span> <span class='ocrx_word' id='word_1_391' title='bbox 746 1586 826 1613; x_wconf 88' lang='lat' dir='ltr'><strong>virile</strong></span> <span class='ocrx_word' id='word_1_392' title='bbox 842 1585 984 1621; x_wconf 86' lang='lat' dir='ltr'><strong>accipiat,</strong></span> <span class='ocrx_word' id='word_1_393' title='bbox 1010 1585 1044 1614; x_wconf 88' lang='lat' dir='ltr'><strong>sit</strong></span> 
     </span>
    </p>
   </div>
   <div class='ocr_carea' id='block_1_62' title="bbox 1109 1584 1832 1622">
    <p class='ocr_par' dir='ltr' id='par_1_62' title="bbox 1109 1584 1832 1622">
     <span class='ocr_line' id='line_1_62' title="bbox 1109 1584 1832 1622; baseline -0.004 -9"><span class='ocrx_word' id='word_1_394' title='bbox 1109 1586 1299 1622; x_wconf 79' lang='grc' dir='ltr'>ιμφιάσματος,</span> <span class='ocrx_word' id='word_1_395' title='bbox 1314 1585 1437 1622; x_wconf 84' lang='grc' dir='ltr'>ἀνδρῷον</span> <span class='ocrx_word' id='word_1_396' title='bbox 1449 1585 1591 1619; x_wconf 82' lang='grc' dir='ltr'>ἀναλάϐοι,</span> <span class='ocrx_word' id='word_1_397' title='bbox 1605 1584 1730 1620; x_wconf 82' lang='grc' dir='ltr'>ἀνάθεμα</span> <span class='ocrx_word' id='word_1_398' title='bbox 1750 1584 1832 1611; x_wconf 75' lang='grc' dir='ltr'>ἔστω.</span> 
     </span>
    </p>
   </div>
   <div class='ocr_carea' id='block_1_63' title="bbox 258 1630 414 1658">
    <p class='ocr_par' dir='ltr' id='par_1_63' title="bbox 258 1630 414 1658">
     <span class='ocr_line' id='line_1_63' title="bbox 258 1630 414 1658; baseline 0.006 -1"><span class='ocrx_word' id='word_1_399' title='bbox 258 1630 414 1658; x_wconf 85' lang='lat' dir='ltr'><strong>anathema.</strong></span> 
     </span>
    </p>
   </div>
   <div class='ocr_carea' id='block_1_64' title="bbox 290 1675 1046 1705">
    <p class='ocr_par' dir='ltr' id='par_1_64' title="bbox 290 1675 1046 1705">
     <span class='ocr_line' id='line_1_64' title="bbox 290 1675 1046 1705; baseline 0.001 -2"><span class='ocrx_word' id='word_1_400' title='bbox 290 1675 366 1703; x_wconf 79' lang='lat' dir='ltr'><strong>CAP.</strong></span> <span class='ocrx_word' id='word_1_401' title='bbox 393 1675 459 1705; x_wconf 75' lang='lat' dir='ltr'><strong>XIV.</strong></span> <span class='ocrx_word' id='word_1_402' title='bbox 480 1691 516 1696; x_wconf 92' lang='lat'><strong>—</strong></span> <span class='ocrx_word' id='word_1_403' title='bbox 539 1676 581 1704; x_wconf 84' lang='lat' dir='ltr'><strong>Ne</strong></span> <span class='ocrx_word' id='word_1_404' title='bbox 606 1676 726 1705; x_wconf 82' lang='lat' dir='ltr'><strong>mulieres</strong></span> <span class='ocrx_word' id='word_1_405' title='bbox 746 1677 866 1705; x_wconf 75' lang='lat' dir='ltr'><strong>asceticw</strong></span> <span class='ocrx_word' id='word_1_406' title='bbox 888 1677 946 1705; x_wconf 64' lang='lat' dir='ltr'><strong>vitae</strong></span> <span class='ocrx_word' id='word_1_407' title='bbox 964 1684 1046 1704; x_wconf 69' lang='lat' dir='ltr'><strong>causa</strong></span> 
     </span>
    </p>
   </div>
   <div class='ocr_carea' id='block_1_65' title="bbox 257 1722 427 1749">
    <p class='ocr_par' dir='ltr' id='par_1_65' title="bbox 257 1722 427 1749">
     <span class='ocr_line' id='line_1_65' title="bbox 257 1722 427 1749; baseline 0.006 -1"><span class='ocrx_word' id='word_1_408' title='bbox 257 1722 427 1749; x_wconf 73' lang='lat' dir='ltr'><strong>(audeantur.</strong></span> 
     </span>
    </p>
   </div>
   <div class='ocr_carea' id='block_1_66' title="bbox 425 1766 888 1803">
    <p class='ocr_par' dir='ltr' id='par_1_66' title="bbox 425 1766 888 1803">
     <span class='ocr_line' id='line_1_66' title="bbox 425 1766 888 1803; baseline 0 -9"><span class='ocrx_word' id='word_1_409' title='bbox 425 1767 539 1795; x_wconf 80' lang='lat' dir='ltr'><strong>Concilii</strong></span> <span class='ocrx_word' id='word_1_410' title='bbox 565 1766 723 1803; x_wconf 77' lang='lat' dir='ltr'><strong>Gangrensis</strong></span> <span class='ocrx_word' id='word_1_411' title='bbox 738 1775 823 1795; x_wconf 85' lang='lat' dir='ltr'><strong>canon</strong></span> <span class='ocrx_word' id='word_1_412' title='bbox 845 1768 888 1795; x_wconf 83' lang='lat' dir='ltr'><strong>l7.</strong></span> 
     </span>
    </p>
   </div>
   <div class='ocr_carea' id='block_1_67' title="bbox 293 1812 1047 1849">
    <p class='ocr_par' dir='ltr' id='par_1_67' title="bbox 293 1812 1047 1849">
     <span class='ocr_line' id='line_1_67' title="bbox 293 1812 1047 1849; baseline 0 -9"><span class='ocrx_word' id='word_1_413' title='bbox 293 1814 337 1840; x_wconf 81' lang='grc' dir='ltr'>Π.</span> <span class='ocrx_word' id='word_1_414' title='bbox 369 1812 399 1840; x_wconf 89' lang='lat' dir='ltr'><strong>Si</strong></span> <span class='ocrx_word' id='word_1_415' title='bbox 423 1820 477 1848; x_wconf 89' lang='lat' dir='ltr'><strong>qua</strong></span> <span class='ocrx_word' id='word_1_416' title='bbox 506 1814 616 1846; x_wconf 88' lang='lat' dir='ltr'><strong>mulier,</strong></span> <span class='ocrx_word' id='word_1_417' title='bbox 648 1818 760 1848; x_wconf 86' lang='lat' dir='ltr'><strong>propter</strong></span> <span class='ocrx_word' id='word_1_418' title='bbox 788 1821 847 1841; x_wconf 90' lang='lat' dir='ltr'><strong>eam</strong></span> <span class='ocrx_word' id='word_1_419' title='bbox 879 1821 940 1849; x_wconf 72' lang='lat' dir='ltr'><strong>qua:</strong></span> <span class='ocrx_word' id='word_1_420' title='bbox 954 1813 1047 1841; x_wconf 71' lang='lat' dir='ltr'><strong>existi-</strong></span> 
     </span>
    </p>
   </div>
   <div class='ocr_carea' id='block_1_68' title="bbox 258 1858 1047 1894">
    <p class='ocr_par' dir='ltr' id='par_1_68' title="bbox 258 1858 1047 1894">
     <span class='ocr_line' id='line_1_68' title="bbox 258 1858 1047 1894; baseline 0.003 -9"><span class='ocrx_word' id='word_1_421' title='bbox 258 1863 359 1890; x_wconf 89' lang='lat' dir='ltr'><strong>matur,</strong></span> <span class='ocrx_word' id='word_1_422' title='bbox 394 1858 522 1893; x_wconf 86' lang='lat' dir='ltr'><strong>pietatem</strong></span> <span class='ocrx_word' id='word_1_423' title='bbox 540 1878 548 1891; x_wconf 83' lang='lat'><strong>,</strong></span> <span class='ocrx_word' id='word_1_424' title='bbox 576 1859 688 1886; x_wconf 85' lang='lat' dir='ltr'><strong>tondeat</strong></span> <span class='ocrx_word' id='word_1_425' title='bbox 722 1867 839 1892; x_wconf 89' lang='lat' dir='ltr'><strong>comam,</strong></span> <span class='ocrx_word' id='word_1_426' title='bbox 867 1867 949 1894; x_wconf 90' lang='lat' dir='ltr'><strong>quam</strong></span> <span class='ocrx_word' id='word_1_427' title='bbox 974 1859 1047 1887; x_wconf 85' lang='lat' dir='ltr'><strong>Deus</strong></span> 
     </span>
    </p>
   </div>
   <div class='ocr_carea' id='block_1_69' title="bbox 255 1903 1046 1940">
    <p class='ocr_par' dir='ltr' id='par_1_69' title="bbox 255 1903 1046 1940">
     <span class='ocr_line' id='line_1_69' title="bbox 255 1903 1046 1940; baseline 0.001 -9"><span class='ocrx_word' id='word_1_428' title='bbox 255 1904 280 1931; x_wconf 87' lang='lat' dir='ltr'><strong>ei</strong></span> <span class='ocrx_word' id='word_1_429' title='bbox 309 1903 382 1931; x_wconf 89' lang='lat' dir='ltr'><strong>dedit</strong></span> <span class='ocrx_word' id='word_1_430' title='bbox 422 1904 456 1931; x_wconf 91' lang='lat' dir='ltr'><strong>ad</strong></span> <span class='ocrx_word' id='word_1_431' title='bbox 483 1904 698 1932; x_wconf 85' lang='lat' dir='ltr'><strong>recordationem</strong></span> <span class='ocrx_word' id='word_1_432' title='bbox 727 1905 923 1940; x_wconf 82' lang='lat' dir='ltr'><strong>subjectionis.</strong></span> <span class='ocrx_word' id='word_1_433' title='bbox 939 1910 968 1932; x_wconf 92' lang='lat' dir='ltr'><strong>ut</strong></span> <span class='ocrx_word' id='word_1_434' title='bbox 986 1913 1046 1940; x_wconf 68' lang='lat' dir='ltr'><strong>quae</strong></span> 
     </span>
    </p>
   </div>
   <div class='ocr_carea' id='block_1_70' title="bbox 256 1948 1044 1985">
    <p class='ocr_par' dir='ltr' id='par_1_70' title="bbox 256 1948 1044 1985">
     <span class='ocr_line' id='line_1_70' title="bbox 256 1948 1044 1985; baseline 0.001 -8"><span class='ocrx_word' id='word_1_435' title='bbox 256 1948 437 1984; x_wconf 86' lang='lat' dir='ltr'><strong>subjectionis</strong></span> <span class='ocrx_word' id='word_1_436' title='bbox 466 1955 634 1985; x_wconf 86' lang='lat' dir='ltr'><strong>praeceptum</strong></span> <span class='ocrx_word' id='word_1_437' title='bbox 660 1950 800 1983; x_wconf 80' lang='lat' dir='ltr'><strong>dissolvat.</strong></span> <span class='ocrx_word' id='word_1_438' title='bbox 826 1951 861 1978; x_wconf 87' lang='lat' dir='ltr'><strong>sit</strong></span> <span class='ocrx_word' id='word_1_439' title='bbox 888 1951 1044 1984; x_wconf 85' lang='lat' dir='ltr'><strong>anathema.</strong></span> 
     </span>
    </p>
   </div>
   <div class='ocr_carea' id='block_1_71' title="bbox 255 1995 1045 2031">
    <p class='ocr_par' dir='ltr' id='par_1_71' title="bbox 255 1995 1045 2031">
     <span class='ocr_line' id='line_1_71' title="bbox 255 1995 1045 2031; baseline 0.003 -9"><span class='ocrx_word' id='word_1_440' title='bbox 255 1995 332 2023; x_wconf 79' lang='lat' dir='ltr'><strong>CAP.</strong></span> <span class='ocrx_word' id='word_1_441' title='bbox 347 1995 407 2024; x_wconf 79' lang='lat' dir='ltr'><strong>XV.</strong></span> <span class='ocrx_word' id='word_1_442' title='bbox 426 1995 502 2023; x_wconf 87' lang='lat' dir='ltr'><strong>—-De</strong></span> <span class='ocrx_word' id='word_1_443' title='bbox 513 2004 542 2023; x_wconf 85' lang='lat' dir='ltr'><strong>eo</strong></span> <span class='ocrx_word' id='word_1_444' title='bbox 557 1997 603 2031; x_wconf 81' lang='lat' dir='ltr'><strong>qui</strong></span> <span class='ocrx_word' id='word_1_445' title='bbox 623 1998 745 2025; x_wconf 71' lang='lat' dir='ltr'><strong>asc-etim</strong></span> <span class='ocrx_word' id='word_1_446' title='bbox 757 1998 817 2024; x_wconf 68' lang='lat' dir='ltr'><strong>vita:</strong></span> <span class='ocrx_word' id='word_1_447' title='bbox 844 1997 960 2031; x_wconf 83' lang='lat' dir='ltr'><strong>obtentu,</strong></span> <span class='ocrx_word' id='word_1_448' title='bbox 975 1995 1045 2029; x_wconf 75' lang='lat' dir='ltr'><strong>ﬁlios</strong></span> 
     </span>
    </p>
   </div>
   <div class='ocr_carea' id='block_1_72' title="bbox 486 2031 831 2066">
    <p class='ocr_par' dir='ltr' id='par_1_72' title="bbox 486 2031 831 2066">
     <span class='ocr_line' id='line_1_72' title="bbox 486 2031 831 2066; baseline 0.003 -8"><span class='ocrx_word' id='word_1_449' title='bbox 486 2031 525 2058; x_wconf 79' lang='lat' dir='ltr'><strong>vel</strong></span> <span class='ocrx_word' id='word_1_450' title='bbox 548 2037 669 2066; x_wconf 80' lang='lat' dir='ltr'><strong>parentes</strong></span> <span class='ocrx_word' id='word_1_451' title='bbox 690 2040 742 2060; x_wconf 85' lang='lat' dir='ltr'><strong>non</strong></span> <span class='ocrx_word' id='word_1_452' title='bbox 771 2032 831 2059; x_wconf 81' lang='lat' dir='ltr'><strong>alit.</strong></span> 
     </span>
    </p>
   </div>
   <div class='ocr_carea' id='block_1_73' title="bbox 290 2076 800 2112">
    <p class='ocr_par' dir='ltr' id='par_1_73' title="bbox 290 2076 800 2112">
     <span class='ocr_line' id='line_1_73' title="bbox 290 2076 800 2112; baseline 0.004 -8"><span class='ocrx_word' id='word_1_453' title='bbox 290 2076 403 2105; x_wconf 75' lang='lat' dir='ltr'><strong>Consilii</strong></span> <span class='ocrx_word' id='word_1_454' title='bbox 427 2077 587 2112; x_wconf 81' lang='lat' dir='ltr'><strong>Gangrensis</strong></span> <span class='ocrx_word' id='word_1_455' title='bbox 600 2086 686 2105; x_wconf 81' lang='lat' dir='ltr'><strong>canon</strong></span> <span class='ocrx_word' id='word_1_456' title='bbox 699 2078 800 2109; x_wconf 71' lang='lat'><strong>15.16.</strong></span> 
     </span>
    </p>
   </div>
   <div class='ocr_carea' id='block_1_74' title="bbox 308 2120 1042 2157">
    <p class='ocr_par' dir='ltr' id='par_1_74' title="bbox 308 2120 1042 2157">
     <span class='ocr_line' id='line_1_74' title="bbox 308 2120 1042 2157; baseline 0.003 -9"><span class='ocrx_word' id='word_1_457' title='bbox 308 2121 353 2148; x_wconf 78' lang='grc'><strong>15.</strong></span> <span class='ocrx_word' id='word_1_458' title='bbox 383 2120 413 2148; x_wconf 86' lang='lat' dir='ltr'><strong>Si</strong></span> <span class='ocrx_word' id='word_1_459' title='bbox 440 2122 501 2154; x_wconf 88' lang='lat' dir='ltr'><strong>quis</strong></span> <span class='ocrx_word' id='word_1_460' title='bbox 533 2129 599 2150; x_wconf 87' lang='lat' dir='ltr'><strong>suos</strong></span> <span class='ocrx_word' id='word_1_461' title='bbox 627 2123 728 2150; x_wconf 87' lang='lat' dir='ltr'><strong>liberos</strong></span> <span class='ocrx_word' id='word_1_462' title='bbox 754 2122 895 2157; x_wconf 87' lang='lat' dir='ltr'><strong>relinquit,</strong></span> <span class='ocrx_word' id='word_1_463' title='bbox 920 2130 971 2150; x_wconf 87' lang='lat' dir='ltr'><strong>nec</strong></span> <span class='ocrx_word' id='word_1_464' title='bbox 995 2130 1042 2150; x_wconf 86' lang='lat' dir='ltr'><strong>eos</strong></span> 
     </span>
    </p>
   </div>
   <div class='ocr_carea' id='block_1_75' title="bbox 256 2167 1040 2205">
    <p class='ocr_par' dir='ltr' id='par_1_75' title="bbox 256 2167 1040 2205">
     <span class='ocr_line' id='line_1_75' title="bbox 256 2167 1040 2205; baseline 0.003 -11"><span class='ocrx_word' id='word_1_465' title='bbox 256 2167 316 2200; x_wconf 85' lang='lat' dir='ltr'><strong>alit,</strong></span> <span class='ocrx_word' id='word_1_466' title='bbox 334 2174 395 2201; x_wconf 89' lang='lat' dir='ltr'><strong>nec,</strong></span> <span class='ocrx_word' id='word_1_467' title='bbox 411 2172 542 2202; x_wconf 89' lang='lat' dir='ltr'><strong>quantum</strong></span> <span class='ocrx_word' id='word_1_468' title='bbox 562 2168 589 2195; x_wconf 93' lang='lat' dir='ltr'><strong>in</strong></span> <span class='ocrx_word' id='word_1_469' title='bbox 605 2176 634 2196; x_wconf 82' lang='lat' dir='ltr'><strong>se</strong></span> <span class='ocrx_word' id='word_1_470' title='bbox 645 2174 697 2201; x_wconf 87' lang='lat' dir='ltr'><strong>est,</strong></span> <span class='ocrx_word' id='word_1_471' title='bbox 717 2170 750 2197; x_wconf 92' lang='lat' dir='ltr'><strong>ad</strong></span> <span class='ocrx_word' id='word_1_472' title='bbox 766 2169 971 2196; x_wconf 88' lang='lat' dir='ltr'><strong>convenientem</strong></span> <span class='ocrx_word' id='word_1_473' title='bbox 983 2169 1040 2205; x_wconf 88' lang='lat' dir='ltr'><strong>pie-</strong></span> 
     </span>
    </p>
   </div>
   <div class='ocr_carea' id='block_1_76' title="bbox 256 2213 1046 2250">
    <p class='ocr_par' dir='ltr' id='par_1_76' title="bbox 256 2213 1046 2250">
     <span class='ocr_line' id='line_1_76' title="bbox 256 2213 1046 2250; baseline 0.001 -8"><span class='ocrx_word' id='word_1_474' title='bbox 256 2218 339 2242; x_wconf 85' lang='lat' dir='ltr'><strong>tatem</strong></span> <span class='ocrx_word' id='word_1_475' title='bbox 364 2213 580 2250; x_wconf 78' lang='lat' dir='ltr'><strong>religionemque</strong></span> <span class='ocrx_word' id='word_1_476' title='bbox 607 2214 728 2247; x_wconf 86' lang='lat' dir='ltr'><strong>adducit,</strong></span> <span class='ocrx_word' id='word_1_477' title='bbox 756 2216 803 2242; x_wconf 86' lang='lat' dir='ltr'><strong>sed</strong></span> <span class='ocrx_word' id='word_1_478' title='bbox 842 2215 1046 2244; x_wconf 80' lang='lat' dir='ltr'><strong>exercitationis</strong></span> 
     </span>
    </p>
   </div>
   <div class='ocr_carea' id='block_1_77' title="bbox 254 2261 770 2296">
    <p class='ocr_par' dir='ltr' id='par_1_77' title="bbox 254 2261 770 2296">
     <span class='ocr_line' id='line_1_77' title="bbox 254 2261 770 2296; baseline 0 -7"><span class='ocrx_word' id='word_1_479' title='bbox 254 2264 385 2296; x_wconf 57' lang='lat' dir='ltr'><strong>praetextu</strong></span> <span class='ocrx_word' id='word_1_480' title='bbox 410 2261 530 2296; x_wconf 71' lang='lat' dir='ltr'><strong>negligit,</strong></span> <span class='ocrx_word' id='word_1_481' title='bbox 544 2261 580 2289; x_wconf 89' lang='lat' dir='ltr'><strong>sit</strong></span> <span class='ocrx_word' id='word_1_482' title='bbox 612 2261 770 2289; x_wconf 89' lang='lat' dir='ltr'><strong>anathema.</strong></span> 
     </span>
    </p>
   </div>
   <div class='ocr_carea' id='block_1_78' title="bbox 308 2305 1047 2342">
    <p class='ocr_par' dir='ltr' id='par_1_78' title="bbox 308 2305 1047 2342">
     <span class='ocr_line' id='line_1_78' title="bbox 308 2305 1047 2342; baseline 0.001 -9"><span class='ocrx_word' id='word_1_483' title='bbox 308 2305 354 2334; x_wconf 70' lang='lat'><strong>&#39;16.</strong></span> <span class='ocrx_word' id='word_1_484' title='bbox 380 2305 409 2333; x_wconf 91' lang='lat' dir='ltr'><strong>Si</strong></span> <span class='ocrx_word' id='word_1_485' title='bbox 438 2306 486 2340; x_wconf 89' lang='lat' dir='ltr'><strong>qui</strong></span> <span class='ocrx_word' id='word_1_486' title='bbox 512 2307 559 2334; x_wconf 85' lang='lat' dir='ltr'><strong>lilii</strong></span> <span class='ocrx_word' id='word_1_487' title='bbox 581 2314 596 2334; x_wconf 89' lang='lat' dir='ltr'><strong>a</strong></span> <span class='ocrx_word' id='word_1_488' title='bbox 625 2307 785 2342; x_wconf 87' lang='lat' dir='ltr'><strong>parentibus</strong></span> <span class='ocrx_word' id='word_1_489' title='bbox 802 2327 810 2340; x_wconf 87' lang='lat'><strong>,</strong></span> <span class='ocrx_word' id='word_1_490' title='bbox 840 2306 958 2334; x_wconf 81' lang='lat' dir='ltr'><strong>maxime</strong></span> <span class='ocrx_word' id='word_1_491' title='bbox 983 2307 1047 2335; x_wconf 84' lang='lat' dir='ltr'><strong>ﬁde-</strong></span> 
     </span>
    </p>
   </div>
   <div class='ocr_carea' id='block_1_79' title="bbox 255 2351 1047 2387">
    <p class='ocr_par' dir='ltr' id='par_1_79' title="bbox 255 2351 1047 2387">
     <span class='ocr_line' id='line_1_79' title="bbox 255 2351 1047 2387; baseline 0.003 -9"><span class='ocrx_word' id='word_1_492' title='bbox 255 2351 349 2383; x_wconf 89' lang='lat' dir='ltr'><strong>libus,</strong></span> <span class='ocrx_word' id='word_1_493' title='bbox 380 2355 513 2386; x_wconf 68' lang='lat' dir='ltr'><strong>praatextu</strong></span> <span class='ocrx_word' id='word_1_494' title='bbox 544 2352 656 2387; x_wconf 82' lang='lat' dir='ltr'><strong>pietatis</strong></span> <span class='ocrx_word' id='word_1_495' title='bbox 683 2353 860 2386; x_wconf 82' lang='lat' dir='ltr'><strong>recesserint,</strong></span> <span class='ocrx_word' id='word_1_496' title='bbox 888 2357 915 2380; x_wconf 91' lang='lat' dir='ltr'><strong>et</strong></span> <span class='ocrx_word' id='word_1_497' title='bbox 930 2353 1047 2387; x_wconf 85' lang='lat' dir='ltr'><strong>parenti-</strong></span> 
     </span>
    </p>
   </div>
   <div class='ocr_carea' id='block_1_80' title="bbox 254 2397 1044 2433">
    <p class='ocr_par' dir='ltr' id='par_1_80' title="bbox 254 2397 1044 2433">
     <span class='ocr_line' id='line_1_80' title="bbox 254 2397 1044 2433; baseline 0.001 -9"><span class='ocrx_word' id='word_1_498' title='bbox 254 2397 308 2425; x_wconf 86' lang='lat' dir='ltr'><strong>bus</strong></span> <span class='ocrx_word' id='word_1_499' title='bbox 338 2405 420 2432; x_wconf 91' lang='lat' dir='ltr'><strong>quem</strong></span> <span class='ocrx_word' id='word_1_500' title='bbox 442 2405 490 2432; x_wconf 81' lang='lat' dir='ltr'><strong>par</strong></span> <span class='ocrx_word' id='word_1_501' title='bbox 512 2402 554 2425; x_wconf 89' lang='lat' dir='ltr'><strong>est</strong></span> <span class='ocrx_word' id='word_1_502' title='bbox 582 2397 713 2426; x_wconf 90' lang='lat' dir='ltr'><strong>honorem</strong></span> <span class='ocrx_word' id='word_1_503' title='bbox 733 2406 785 2426; x_wconf 93' lang='lat' dir='ltr'><strong>non</strong></span> <span class='ocrx_word' id='word_1_504' title='bbox 803 2399 958 2430; x_wconf 89' lang='lat' dir='ltr'><strong>tribuerint,</strong></span> <span class='ocrx_word' id='word_1_505' title='bbox 972 2399 1044 2433; x_wconf 83' lang='lat' dir='ltr'><strong>apud</strong></span> 
     </span>
    </p>
   </div>
   <div class='ocr_carea' id='block_1_81' title="bbox 255 2443 1044 2479">
    <p class='ocr_par' dir='ltr' id='par_1_81' title="bbox 255 2443 1044 2479">
     <span class='ocr_line' id='line_1_81' title="bbox 255 2443 1044 2479; baseline 0 -9"><span class='ocrx_word' id='word_1_506' title='bbox 255 2450 304 2471; x_wconf 88' lang='lat' dir='ltr'><strong>eos</strong></span> <span class='ocrx_word' id='word_1_507' title='bbox 324 2443 430 2471; x_wconf 86' lang='lat' dir='ltr'><strong>scilicet</strong></span> <span class='ocrx_word' id='word_1_508' title='bbox 459 2443 604 2479; x_wconf 73' lang='lat' dir='ltr'><strong>praeposita</strong></span> <span class='ocrx_word' id='word_1_509' title='bbox 623 2444 652 2471; x_wconf 88' lang='lat' dir='ltr'><strong>in</strong></span> <span class='ocrx_word' id='word_1_510' title='bbox 677 2443 759 2472; x_wconf 88' lang='lat' dir='ltr'><strong>Deum</strong></span> <span class='ocrx_word' id='word_1_511' title='bbox 771 2443 883 2479; x_wconf 78' lang='lat' dir='ltr'><strong>pietate,</strong></span> <span class='ocrx_word' id='word_1_512' title='bbox 909 2443 965 2470; x_wconf 89' lang='lat' dir='ltr'><strong>sint</strong></span> <span class='ocrx_word' id='word_1_513' title='bbox 981 2451 1044 2471; x_wconf 86' lang='lat' dir='ltr'><strong>ana-</strong></span> 
     </span>
    </p>
   </div>
   <div class='ocr_carea' id='block_1_82' title="bbox 255 2489 360 2517">
    <p class='ocr_par' dir='ltr' id='par_1_82' title="bbox 255 2489 360 2517">
     <span class='ocr_line' id='line_1_82' title="bbox 255 2489 360 2517; baseline 0 -1"><span class='ocrx_word' id='word_1_514' title='bbox 255 2489 360 2517; x_wconf 83' lang='lat' dir='ltr'><strong>thema.</strong></span> 
     </span>
    </p>
   </div>
   <div class='ocr_carea' id='block_1_83' title="bbox 289 2534 1046 2571">
    <p class='ocr_par' dir='ltr' id='par_1_83' title="bbox 289 2534 1046 2571">
     <span class='ocr_line' id='line_1_83' title="bbox 289 2534 1046 2571; baseline 0 -9"><span class='ocrx_word' id='word_1_515' title='bbox 289 2535 373 2571; x_wconf 78' lang='lat'><strong>379</strong></span> <span class='ocrx_word' id='word_1_516' title='bbox 386 2534 465 2563; x_wconf 81' lang='lat' dir='ltr'><strong>CAP.</strong></span> <span class='ocrx_word' id='word_1_517' title='bbox 481 2534 551 2562; x_wconf 82' lang='lat' dir='ltr'><strong>XVI.</strong></span> <span class='ocrx_word' id='word_1_518' title='bbox 565 2549 600 2556; x_wconf 89' lang='lat'><em>-</em></span> <span class='ocrx_word' id='word_1_519' title='bbox 613 2535 750 2568; x_wconf 73' lang='lat' dir='ltr'><strong>Quasnam</strong></span> <span class='ocrx_word' id='word_1_520' title='bbox 769 2534 841 2562; x_wconf 80' lang='lat' dir='ltr'><strong>civili</strong></span> <span class='ocrx_word' id='word_1_521' title='bbox 855 2535 957 2571; x_wconf 82' lang='lat' dir='ltr'><strong>negotio</strong></span> <span class='ocrx_word' id='word_1_522' title='bbox 968 2542 1046 2563; x_wconf 81' lang='lat' dir='ltr'><strong>curas</strong></span> 
     </span>
    </p>
   </div>
   <div class='ocr_carea' id='block_1_84' title="bbox 255 2580 627 2607">
    <p class='ocr_par' dir='ltr' id='par_1_84' title="bbox 255 2580 627 2607">
     <span class='ocr_line' id='line_1_84' title="bbox 255 2580 627 2607; baseline 0 0"><span class='ocrx_word' id='word_1_523' title='bbox 255 2580 390 2607; x_wconf 75' lang='lat' dir='ltr'><strong>monachis</strong></span> <span class='ocrx_word' id='word_1_524' title='bbox 405 2584 523 2607; x_wconf 82' lang='lat' dir='ltr'><strong>tractare</strong></span> <span class='ocrx_word' id='word_1_525' title='bbox 538 2580 627 2607; x_wconf 80' lang='lat' dir='ltr'><strong>liceat.</strong></span> 
     </span>
    </p>
   </div>
   <div class='ocr_carea' id='block_1_85' title="bbox 408 2622 901 2652">
    <p class='ocr_par' dir='ltr' id='par_1_85' title="bbox 408 2622 901 2652">
     <span class='ocr_line' id='line_1_85' title="bbox 408 2622 901 2652; baseline 0.004 -2"><span class='ocrx_word' id='word_1_526' title='bbox 408 2622 523 2650; x_wconf 79' lang='lat' dir='ltr'><strong>Concilii</strong></span> <span class='ocrx_word' id='word_1_527' title='bbox 535 2623 758 2652; x_wconf 76' lang='lat' dir='ltr'><strong>Chalcedonensis</strong></span> <span class='ocrx_word' id='word_1_528' title='bbox 776 2632 860 2652; x_wconf 80' lang='lat' dir='ltr'><strong>canon</strong></span> <span class='ocrx_word' id='word_1_529' title='bbox 874 2625 901 2652; x_wconf 80' lang='grc'>5.</span> 
     </span>
    </p>
   </div>
   <div class='ocr_carea' id='block_1_86' title="bbox 290 2667 1044 2706">
    <p class='ocr_par' dir='ltr' id='par_1_86' title="bbox 290 2667 1044 2706">
     <span class='ocr_line' id='line_1_86' title="bbox 290 2667 1044 2706; baseline 0.001 -11"><span class='ocrx_word' id='word_1_530' title='bbox 290 2668 318 2695; x_wconf 78' lang='lat'><strong>3.</strong></span> <span class='ocrx_word' id='word_1_531' title='bbox 334 2667 463 2696; x_wconf 85' lang='lat' dir='ltr'><strong>Pervenit</strong></span> <span class='ocrx_word' id='word_1_532' title='bbox 477 2669 512 2696; x_wconf 88' lang='lat' dir='ltr'><strong>ad</strong></span> <span class='ocrx_word' id='word_1_533' title='bbox 525 2674 648 2697; x_wconf 85' lang='lat' dir='ltr'><strong>sanctam</strong></span> <span class='ocrx_word' id='word_1_534' title='bbox 662 2670 795 2706; x_wconf 85' lang='lat' dir='ltr'><strong>synodum</strong></span> <span class='ocrx_word' id='word_1_535' title='bbox 815 2675 842 2697; x_wconf 86' lang='lat' dir='ltr'><strong>et</strong></span> <span class='ocrx_word' id='word_1_536' title='bbox 865 2669 938 2704; x_wconf 90' lang='lat' dir='ltr'><strong>quod</strong></span> <span class='ocrx_word' id='word_1_537' title='bbox 948 2676 1044 2696; x_wconf 91' lang='lat' dir='ltr'><strong>eorum</strong></span> 
     </span>
    </p>
   </div>
   <div class='ocr_carea' id='block_1_87' title="bbox 255 2713 971 2750">
    <p class='ocr_par' dir='ltr' id='par_1_87' title="bbox 255 2713 971 2750">
     <span class='ocr_line' id='line_1_87' title="bbox 255 2713 971 2750; baseline 0 -9"><span class='ocrx_word' id='word_1_538' title='bbox 255 2714 302 2750; x_wconf 88' lang='lat' dir='ltr'><strong>qui</strong></span> <span class='ocrx_word' id='word_1_539' title='bbox 315 2713 342 2741; x_wconf 89' lang='lat' dir='ltr'><strong>in</strong></span> <span class='ocrx_word' id='word_1_540' title='bbox 358 2714 462 2742; x_wconf 89' lang='lat' dir='ltr'><strong>clerum</strong></span> <span class='ocrx_word' id='word_1_541' title='bbox 486 2715 604 2749; x_wconf 86' lang='lat' dir='ltr'><strong>cooptati</strong></span> <span class='ocrx_word' id='word_1_542' title='bbox 620 2718 694 2748; x_wconf 92' lang='lat' dir='ltr'><strong>sunt,</strong></span> <span class='ocrx_word' id='word_1_543' title='bbox 708 2720 773 2747; x_wconf 88' lang='lat' dir='ltr'><strong>etc.,</strong></span> <span class='ocrx_word' id='word_1_544' title='bbox 789 2721 816 2741; x_wconf 86' lang='grc' dir='ltr'><strong>ιιι</strong></span> <span class='ocrx_word' id='word_1_545' title='bbox 829 2722 891 2749; x_wconf 86' lang='lat' dir='ltr'><strong>pag.</strong></span> <span class='ocrx_word' id='word_1_546' title='bbox 907 2714 971 2741; x_wconf 77' lang='lat'><strong>685.</strong></span> 
     </span>
    </p>
   </div>
   <div class='ocr_carea' id='block_1_88' title="bbox 293 2759 1046 2796">
    <p class='ocr_par' dir='ltr' id='par_1_88' title="bbox 293 2759 1046 2796">
     <span class='ocr_line' id='line_1_88' title="bbox 293 2759 1046 2796; baseline 0.001 -9"><span class='ocrx_word' id='word_1_547' title='bbox 293 2759 365 2796; x_wconf 75' lang='lat' dir='ltr'><strong>Lege</strong></span> <span class='ocrx_word' id='word_1_548' title='bbox 388 2760 582 2789; x_wconf 79' lang='lat' dir='ltr'><strong>adnotationes</strong></span> <span class='ocrx_word' id='word_1_549' title='bbox 599 2768 660 2796; x_wconf 87' lang='lat' dir='ltr'><strong>cap.</strong></span> <span class='ocrx_word' id='word_1_550' title='bbox 677 2761 705 2795; x_wconf 78' lang='lat'><strong>3,</strong></span> <span class='ocrx_word' id='word_1_551' title='bbox 718 2761 758 2789; x_wconf 83' lang='lat' dir='ltr'><strong>tit.</strong></span> <span class='ocrx_word' id='word_1_552' title='bbox 775 2761 792 2789; x_wconf 86' lang='lat'><strong>8</strong></span> <span class='ocrx_word' id='word_1_553' title='bbox 815 2760 957 2796; x_wconf 81' lang='lat' dir='ltr'><strong>praesentis</strong></span> <span class='ocrx_word' id='word_1_554' title='bbox 981 2767 1046 2795; x_wconf 88' lang='lat' dir='ltr'><strong>0pc-</strong></span> 
     </span>
    </p>
   </div>
   <div class='ocr_carea' id='block_1_89' title="bbox 258 2813 306 2834">
    <p class='ocr_par' dir='ltr' id='par_1_89' title="bbox 258 2813 306 2834">
     <span class='ocr_line' id='line_1_89' title="bbox 258 2813 306 2834; baseline 0 -1"><span class='ocrx_word' id='word_1_555' title='bbox 258 2813 306 2834; x_wconf 77' lang='lat' dir='ltr'><strong>I&#39;IS.</strong></span> 
     </span>
    </p>
   </div>
   <div class='ocr_carea' id='block_1_90' title="bbox 1132 1665 1889 1701">
    <p class='ocr_par' dir='ltr' id='par_1_90' title="bbox 1132 1665 1889 1701">
     <span class='ocr_line' id='line_1_90' title="bbox 1132 1665 1889 1701; baseline -0.004 -6"><span class='ocrx_word' id='word_1_556' title='bbox 1132 1667 1258 1695; x_wconf 80' lang='grc' dir='ltr'>ΚΕΦΑΛ.</span> <span class='ocrx_word' id='word_1_557' title='bbox 1280 1668 1328 1696; x_wconf 82' lang='grc' dir='ltr'>ιΔ-.</span> <span class='ocrx_word' id='word_1_558' title='bbox 1342 1681 1375 1687; x_wconf 92' lang='grc'><strong><em>-</em></strong></span> <span class='ocrx_word' id='word_1_559' title='bbox 1389 1666 1457 1701; x_wconf 73' lang='grc' dir='ltr'>Περὶ</span> <span class='ocrx_word' id='word_1_560' title='bbox 1471 1666 1525 1694; x_wconf 82' lang='grc' dir='ltr'>τοῦ</span> <span class='ocrx_word' id='word_1_561' title='bbox 1536 1667 1579 1701; x_wconf 83' lang='grc' dir='ltr'>μὴ</span> <span class='ocrx_word' id='word_1_562' title='bbox 1606 1665 1716 1700; x_wconf 82' lang='grc' dir='ltr'>χρῆναι</span> <span class='ocrx_word' id='word_1_563' title='bbox 1739 1665 1889 1700; x_wconf 72' lang='grc' dir='ltr'><strong>γυναῖκας</strong></span> 
     </span>
    </p>
   </div>
   <div class='ocr_carea' id='block_1_91' title="bbox 1097 1711 1520 1748">
    <p class='ocr_par' dir='ltr' id='par_1_91' title="bbox 1097 1711 1520 1748">
     <span class='ocr_line' id='line_1_91' title="bbox 1097 1711 1520 1748; baseline -0.007 -6"><span class='ocrx_word' id='word_1_564' title='bbox 1097 1714 1308 1748; x_wconf 76' lang='grc' dir='ltr'><strong>ἀποκείρεσθαι</strong></span> <span class='ocrx_word' id='word_1_565' title='bbox 1323 1711 1360 1739; x_wconf 80' lang='grc' dir='ltr'>δι’</span> <span class='ocrx_word' id='word_1_566' title='bbox 1375 1713 1520 1746; x_wconf 77' lang='grc' dir='ltr'>ἄσκησιν.</span> 
     </span>
    </p>
   </div>
   <div class='ocr_carea' id='block_1_92' title="bbox 1263 1756 1715 1793">
    <p class='ocr_par' dir='ltr' id='par_1_92' title="bbox 1263 1756 1715 1793">
     <span class='ocr_line' id='line_1_92' title="bbox 1263 1756 1715 1793; baseline -0.004 -8"><span class='ocrx_word' id='word_1_567' title='bbox 1263 1758 1397 1785; x_wconf 79' lang='grc' dir='ltr'>Συνόδου</span> <span class='ocrx_word' id='word_1_568' title='bbox 1409 1758 1547 1793; x_wconf 71' lang='grc' dir='ltr'>Γάγγρας</span> <span class='ocrx_word' id='word_1_569' title='bbox 1560 1757 1660 1784; x_wconf 79' lang='grc' dir='ltr'>κανὼν</span> <span class='ocrx_word' id='word_1_570' title='bbox 1672 1756 1704 1788; x_wconf 84' lang='grc' dir='ltr'><strong>ιζ’</strong></span> <span class='ocrx_word' id='word_1_571' title='bbox 1707 1777 1715 1784; x_wconf 86' lang='grc'><strong>.</strong></span> 
     </span>
    </p>
   </div>
   <div class='ocr_carea' id='block_1_93' title="bbox 1127 1802 1891 1838">
    <p class='ocr_par' dir='ltr' id='par_1_93' title="bbox 1127 1802 1891 1838">
     <span class='ocr_line' id='line_1_93' title="bbox 1127 1802 1891 1838; baseline -0.003 -7"><span class='ocrx_word' id='word_1_572' title='bbox 1127 1804 1176 1837; x_wconf 56' lang='grc' dir='ltr'><strong>ιζ’.</strong></span> <span class='ocrx_word' id='word_1_573' title='bbox 1192 1804 1226 1831; x_wconf 74' lang='grc' dir='ltr'><strong>Εἴ</strong></span> <span class='ocrx_word' id='word_1_574' title='bbox 1238 1813 1280 1836; x_wconf 78' lang='grc' dir='ltr'><strong>τις</strong></span> <span class='ocrx_word' id='word_1_575' title='bbox 1297 1803 1435 1838; x_wconf 77' lang='grc' dir='ltr'>γυναικῶν</span> <span class='ocrx_word' id='word_1_576' title='bbox 1461 1804 1504 1830; x_wconf 80' lang='grc' dir='ltr'>διὰ</span> <span class='ocrx_word' id='word_1_577' title='bbox 1525 1803 1708 1838; x_wconf 83' lang='grc' dir='ltr'>νομιζομένην</span> <span class='ocrx_word' id='word_1_578' title='bbox 1727 1802 1891 1830; x_wconf 81' lang='grc' dir='ltr'>θεοσέϐειαν</span> 
     </span>
    </p>
   </div>
   <div class='ocr_carea' id='block_1_94' title="bbox 1097 1847 1890 1885">
    <p class='ocr_par' dir='ltr' id='par_1_94' title="bbox 1097 1847 1890 1885">
     <span class='ocr_line' id='line_1_94' title="bbox 1097 1847 1890 1885; baseline -0.005 -9"><span class='ocrx_word' id='word_1_579' title='bbox 1097 1849 1270 1885; x_wconf 82' lang='grc' dir='ltr'>ἀποκείροιτο</span> <span class='ocrx_word' id='word_1_580' title='bbox 1282 1849 1332 1880; x_wconf 84' lang='grc' dir='ltr'><strong>τὰς</strong></span> <span class='ocrx_word' id='word_1_581' title='bbox 1343 1848 1431 1883; x_wconf 82' lang='grc' dir='ltr'>κόμας</span> <span class='ocrx_word' id='word_1_582' title='bbox 1444 1848 1477 1880; x_wconf 79' lang='grc' dir='ltr'>ἃς</span> <span class='ocrx_word' id='word_1_583' title='bbox 1488 1848 1587 1874; x_wconf 76' lang='grc' dir='ltr'>ἔδωκεν</span> <span class='ocrx_word' id='word_1_584' title='bbox 1597 1848 1611 1873; x_wconf 84' lang='grc' dir='ltr'>ὁ</span> <span class='ocrx_word' id='word_1_585' title='bbox 1626 1847 1691 1878; x_wconf 83' lang='grc' dir='ltr'><strong>Θεὸς</strong></span> <span class='ocrx_word' id='word_1_586' title='bbox 1703 1847 1744 1878; x_wconf 84' lang='grc' dir='ltr'><strong>εις</strong></span> <span class='ocrx_word' id='word_1_587' title='bbox 1759 1847 1890 1881; x_wconf 81' lang='grc' dir='ltr'>ὑπόμνη-</span> 
     </span>
    </p>
   </div>
   <div class='ocr_carea' id='block_1_95' title="bbox 1098 1892 1888 1930">
    <p class='ocr_par' dir='ltr' id='par_1_95' title="bbox 1098 1892 1888 1930">
     <span class='ocr_line' id='line_1_95' title="bbox 1098 1892 1888 1930; baseline -0.004 -9"><span class='ocrx_word' id='word_1_588' title='bbox 1098 1904 1139 1921; x_wconf 85' lang='grc' dir='ltr'><strong>σιν</strong></span> <span class='ocrx_word' id='word_1_589' title='bbox 1157 1895 1207 1930; x_wconf 80' lang='grc' dir='ltr'>τῆς</span> <span class='ocrx_word' id='word_1_590' title='bbox 1219 1894 1369 1929; x_wconf 77' lang='grc' dir='ltr'><strong>ὑποταγῆς,</strong></span> <span class='ocrx_word' id='word_1_591' title='bbox 1384 1893 1422 1926; x_wconf 83' lang='grc' dir='ltr'>ὡς</span> <span class='ocrx_word' id='word_1_592' title='bbox 1436 1894 1469 1920; x_wconf 79' lang='grc' dir='ltr'><strong>ἂν</strong></span> <span class='ocrx_word' id='word_1_593' title='bbox 1481 1892 1657 1929; x_wconf 80' lang='grc' dir='ltr'>παραλύουσα</span> <span class='ocrx_word' id='word_1_594' title='bbox 1668 1892 1698 1919; x_wconf 71' lang='grc' dir='ltr'><strong>τὸ</strong></span> <span class='ocrx_word' id='word_1_595' title='bbox 1713 1893 1888 1928; x_wconf 77' lang='grc' dir='ltr'>πρόσταγμα</span> 
     </span>
    </p>
   </div>
   <div class='ocr_carea' id='block_1_96' title="bbox 1096 1939 1549 1977">
    <p class='ocr_par' dir='ltr' id='par_1_96' title="bbox 1096 1939 1549 1977">
     <span class='ocr_line' id='line_1_96' title="bbox 1096 1939 1549 1977; baseline -0.007 -9"><span class='ocrx_word' id='word_1_596' title='bbox 1096 1941 1146 1977; x_wconf 84' lang='grc' dir='ltr'>τῆς</span> <span class='ocrx_word' id='word_1_597' title='bbox 1158 1941 1309 1976; x_wconf 76' lang='grc' dir='ltr'>ὑποταγῆς,</span> <span class='ocrx_word' id='word_1_598' title='bbox 1329 1940 1455 1975; x_wconf 84' lang='grc' dir='ltr'>ἀνάθεμα</span> <span class='ocrx_word' id='word_1_599' title='bbox 1471 1939 1549 1966; x_wconf 76' lang='grc' dir='ltr'>ἔστω.</span> 
     </span>
    </p>
   </div>
   <div class='ocr_carea' id='block_1_97' title="bbox 1129 1983 1894 2020">
    <p class='ocr_par' dir='ltr' id='par_1_97' title="bbox 1129 1983 1894 2020">
     <span class='ocr_line' id='line_1_97' title="bbox 1129 1983 1894 2020; baseline -0.003 -7"><span class='ocrx_word' id='word_1_600' title='bbox 1129 1986 1254 2014; x_wconf 79' lang='grc' dir='ltr'><strong>ΚΕΦΔΛ,</strong></span> <span class='ocrx_word' id='word_1_601' title='bbox 1274 1984 1325 2012; x_wconf 84' lang='lat' dir='ltr'><strong>IE&#39;.</strong></span> <span class='ocrx_word' id='word_1_602' title='bbox 1345 1999 1381 2005; x_wconf 79' lang='grc' dir='ltr'><strong>-ι</strong></span> <span class='ocrx_word' id='word_1_603' title='bbox 1394 1984 1464 2018; x_wconf 75' lang='grc' dir='ltr'>Περὶ</span> <span class='ocrx_word' id='word_1_604' title='bbox 1481 1985 1534 2012; x_wconf 82' lang='grc' dir='ltr'><strong>τοῦ</strong></span> <span class='ocrx_word' id='word_1_605' title='bbox 1556 1984 1705 2020; x_wconf 71' lang='grc' dir='ltr'>προφάσει</span> <span class='ocrx_word' id='word_1_606' title='bbox 1724 1983 1894 2018; x_wconf 81' lang='grc' dir='ltr'>ἀσκήσεως</span> 
     </span>
    </p>
   </div>
   <div class='ocr_carea' id='block_1_98' title="bbox 1094 2030 1764 2068">
    <p class='ocr_par' dir='ltr' id='par_1_98' title="bbox 1094 2030 1764 2068">
     <span class='ocr_line' id='line_1_98' title="bbox 1094 2030 1764 2068; baseline -0.003 -8"><span class='ocrx_word' id='word_1_607' title='bbox 1094 2032 1136 2068; x_wconf 82' lang='grc' dir='ltr'>μὴ</span> <span class='ocrx_word' id='word_1_608' title='bbox 1150 2031 1423 2066; x_wconf 74' lang='grc' dir='ltr'>τεκνοτροφοῦντος</span> <span class='ocrx_word' id='word_1_609' title='bbox 1439 2031 1458 2065; x_wconf 86' lang='grc' dir='ltr'><strong><em>ἣ</em></strong></span> <span class='ocrx_word' id='word_1_610' title='bbox 1473 2030 1764 2065; x_wconf 70' lang='grc' dir='ltr'>πατροτροφοῦντος.</span> 
     </span>
    </p>
   </div>
   <div class='ocr_carea' id='block_1_99' title="bbox 1205 2073 1752 2111">
    <p class='ocr_par' dir='ltr' id='par_1_99' title="bbox 1205 2073 1752 2111">
     <span class='ocr_line' id='line_1_99' title="bbox 1205 2073 1752 2111; baseline -0.007 -7"><span class='ocrx_word' id='word_1_611' title='bbox 1205 2076 1341 2104; x_wconf 83' lang='grc' dir='ltr'><strong>Συνόδου</strong></span> <span class='ocrx_word' id='word_1_612' title='bbox 1356 2076 1494 2111; x_wconf 61' lang='lat' dir='ltr'><strong>Parma;-</strong></span> <span class='ocrx_word' id='word_1_613' title='bbox 1522 2074 1622 2102; x_wconf 72' lang='grc' dir='ltr'>κανὼν</span> <span class='ocrx_word' id='word_1_614' title='bbox 1642 2073 1683 2107; x_wconf 87' lang='grc' dir='ltr'>ιε’,</span> <span class='ocrx_word' id='word_1_615' title='bbox 1701 2077 1752 2106; x_wconf 83' lang='grc' dir='ltr'>ις’.</span> 
     </span>
    </p>
   </div>
   <div class='ocr_carea' id='block_1_100' title="bbox 1133 2119 1898 2157">
    <p class='ocr_par' dir='ltr' id='par_1_100' title="bbox 1133 2119 1898 2157">
     <span class='ocr_line' id='line_1_100' title="bbox 1133 2119 1898 2157; baseline -0.008 -6"><span class='ocrx_word' id='word_1_616' title='bbox 1133 2123 1174 2151; x_wconf 88' lang='grc' dir='ltr'>ιε’.</span> <span class='ocrx_word' id='word_1_617' title='bbox 1186 2124 1220 2151; x_wconf 74' lang='lat' dir='ltr'><strong>Et</strong></span> <span class='ocrx_word' id='word_1_618' title='bbox 1229 2132 1273 2155; x_wconf 83' lang='grc' dir='ltr'><strong>τις</strong></span> <span class='ocrx_word' id='word_1_619' title='bbox 1289 2122 1490 2157; x_wconf 81' lang='grc' dir='ltr'>καταλιμπάνει</span> <span class='ocrx_word' id='word_1_620' title='bbox 1503 2121 1537 2148; x_wconf 79' lang='grc' dir='ltr'><strong>τὰ</strong></span> <span class='ocrx_word' id='word_1_621' title='bbox 1555 2120 1652 2148; x_wconf 76' lang='grc' dir='ltr'>ἑαυτοῦ</span> <span class='ocrx_word' id='word_1_622' title='bbox 1664 2120 1762 2154; x_wconf 80' lang='grc' dir='ltr'>τέκνα,</span> <span class='ocrx_word' id='word_1_623' title='bbox 1783 2120 1835 2146; x_wconf 74' lang='grc' dir='ltr'>καὶ</span> <span class='ocrx_word' id='word_1_624' title='bbox 1854 2119 1898 2155; x_wconf 81' lang='grc' dir='ltr'>μὴ</span> 
     </span>
    </p>
   </div>
   <div class='ocr_carea' id='block_1_101' title="bbox 1095 2163 1898 2204">
    <p class='ocr_par' dir='ltr' id='par_1_101' title="bbox 1095 2163 1898 2204">
     <span class='ocr_line' id='line_1_101' title="bbox 1095 2163 1898 2204; baseline -0.01 -8"><span class='ocrx_word' id='word_1_625' title='bbox 1095 2167 1301 2204; x_wconf 80' lang='grc' dir='ltr'>τεκνοτροφοίη,</span> <span class='ocrx_word' id='word_1_626' title='bbox 1313 2167 1360 2194; x_wconf 73' lang='grc' dir='ltr'>καὶ</span> <span class='ocrx_word' id='word_1_627' title='bbox 1375 2166 1405 2193; x_wconf 80' lang='grc' dir='ltr'>τὸ</span> <span class='ocrx_word' id='word_1_628' title='bbox 1422 2166 1483 2192; x_wconf 83' lang='grc' dir='ltr'>ὅσον</span> <span class='ocrx_word' id='word_1_629' title='bbox 1498 2165 1541 2191; x_wconf 80' lang='grc' dir='ltr'><strong>ἐπ’</strong></span> <span class='ocrx_word' id='word_1_630' title='bbox 1557 2164 1631 2199; x_wconf 83' lang='grc' dir='ltr'><strong>αὑτῷ</strong></span> <span class='ocrx_word' id='word_1_631' title='bbox 1652 2163 1719 2199; x_wconf 82' lang='grc' dir='ltr'>πρὸς</span> <span class='ocrx_word' id='word_1_632' title='bbox 1731 2163 1898 2189; x_wconf 75' lang='grc' dir='ltr'>θεοσέϐειαν</span> 
     </span>
    </p>
   </div>
   <div class='ocr_carea' id='block_1_102' title="bbox 1096 2210 1901 2250">
    <p class='ocr_par' dir='ltr' id='par_1_102' title="bbox 1096 2210 1901 2250">
     <span class='ocr_line' id='line_1_102' title="bbox 1096 2210 1901 2250; baseline -0.009 -8"><span class='ocrx_word' id='word_1_633' title='bbox 1096 2216 1147 2250; x_wconf 72' lang='grc' dir='ltr'>τὴν</span> <span class='ocrx_word' id='word_1_634' title='bbox 1174 2214 1364 2250; x_wconf 74' lang='grc' dir='ltr'>προσήκουσαν</span> <span class='ocrx_word' id='word_1_635' title='bbox 1396 2212 1540 2247; x_wconf 80' lang='grc' dir='ltr'>ἀναγάγοι,</span> <span class='ocrx_word' id='word_1_636' title='bbox 1570 2211 1639 2238; x_wconf 78' lang='grc' dir='ltr'>ἀλλὰ</span> <span class='ocrx_word' id='word_1_637' title='bbox 1670 2210 1812 2246; x_wconf 82' lang='grc' dir='ltr'>προφάσει</span> <span class='ocrx_word' id='word_1_638' title='bbox 1843 2210 1901 2244; x_wconf 80' lang='grc' dir='ltr'><strong>τῆς</strong></span> 
     </span>
    </p>
   </div>
   <div class='ocr_carea' id='block_1_103' title="bbox 1101 2257 1621 2296">
    <p class='ocr_par' dir='ltr' id='par_1_103' title="bbox 1101 2257 1621 2296">
     <span class='ocr_line' id='line_1_103' title="bbox 1101 2257 1621 2296; baseline -0.006 -7"><span class='ocrx_word' id='word_1_639' title='bbox 1101 2262 1247 2296; x_wconf 83' lang='grc' dir='ltr'>ἀσκήσεως</span> <span class='ocrx_word' id='word_1_640' title='bbox 1264 2259 1389 2295; x_wconf 84' lang='grc' dir='ltr'><strong>ἀμελοίη⁹</strong></span> <span class='ocrx_word' id='word_1_641' title='bbox 1403 2259 1527 2294; x_wconf 85' lang='grc' dir='ltr'>ἀνάθεμα</span> <span class='ocrx_word' id='word_1_642' title='bbox 1541 2257 1621 2286; x_wconf 78' lang='grc' dir='ltr'>ἔστω.</span> 
     </span>
    </p>
   </div>
   <div class='ocr_carea' id='block_1_104' title="bbox 1137 2301 1900 2339">
    <p class='ocr_par' dir='ltr' id='par_1_104' title="bbox 1137 2301 1900 2339">
     <span class='ocr_line' id='line_1_104' title="bbox 1137 2301 1900 2339; baseline -0.007 -6"><span class='ocrx_word' id='word_1_643' title='bbox 1137 2306 1184 2339; x_wconf 85' lang='grc' dir='ltr'>ις’.</span> <span class='ocrx_word' id='word_1_644' title='bbox 1200 2306 1233 2333; x_wconf 78' lang='lat' dir='ltr'><strong>El</strong></span> <span class='ocrx_word' id='word_1_645' title='bbox 1246 2314 1308 2332; x_wconf 88' lang='grc' dir='ltr'>τινα</span> <span class='ocrx_word' id='word_1_646' title='bbox 1322 2305 1404 2332; x_wconf 83' lang='grc' dir='ltr'>τέκνα</span> <span class='ocrx_word' id='word_1_647' title='bbox 1419 2305 1531 2339; x_wconf 77' lang='grc' dir='ltr'><strong>γονέων,</strong></span> <span class='ocrx_word' id='word_1_648' title='bbox 1551 2303 1668 2339; x_wconf 80' lang='grc' dir='ltr'>μάλιστα</span> <span class='ocrx_word' id='word_1_649' title='bbox 1684 2302 1804 2335; x_wconf 80' lang='grc' dir='ltr'>πιστῶν,</span> <span class='ocrx_word' id='word_1_650' title='bbox 1823 2301 1900 2329; x_wconf 81' lang='grc' dir='ltr'>ἀνα-</span> 
     </span>
    </p>
   </div>
   <div class='ocr_carea' id='block_1_105' title="bbox 1097 2347 1903 2386">
    <p class='ocr_par' dir='ltr' id='par_1_105' title="bbox 1097 2347 1903 2386">
     <span class='ocr_line' id='line_1_105' title="bbox 1097 2347 1903 2386; baseline -0.005 -9"><span class='ocrx_word' id='word_1_651' title='bbox 1097 2350 1200 2386; x_wconf 79' lang='grc' dir='ltr'>χωροίη</span> <span class='ocrx_word' id='word_1_652' title='bbox 1212 2349 1347 2385; x_wconf 76' lang='grc' dir='ltr'>προφάσει</span> <span class='ocrx_word' id='word_1_653' title='bbox 1365 2349 1531 2381; x_wconf 81' lang='grc' dir='ltr'>θεοσεϐείας,</span> <span class='ocrx_word' id='word_1_654' title='bbox 1547 2348 1595 2375; x_wconf 74' lang='grc' dir='ltr'>καὶ</span> <span class='ocrx_word' id='word_1_655' title='bbox 1621 2348 1659 2384; x_wconf 81' lang='grc' dir='ltr'>μὴ</span> <span class='ocrx_word' id='word_1_656' title='bbox 1679 2348 1729 2382; x_wconf 77' lang='grc' dir='ltr'><strong>τὴν</strong></span> <span class='ocrx_word' id='word_1_657' title='bbox 1743 2347 1903 2383; x_wconf 74' lang='grc' dir='ltr'>καθήκου-</span> 
     </span>
    </p>
   </div>
   <div class='ocr_carea' id='block_1_106' title="bbox 1097 2393 1906 2432">
    <p class='ocr_par' dir='ltr' id='par_1_106' title="bbox 1097 2393 1906 2432">
     <span class='ocr_line' id='line_1_106' title="bbox 1097 2393 1906 2432; baseline -0.006 -8"><span class='ocrx_word' id='word_1_658' title='bbox 1097 2405 1147 2424; x_wconf 86' lang='grc' dir='ltr'><strong>σαν</strong></span> <span class='ocrx_word' id='word_1_659' title='bbox 1175 2396 1258 2432; x_wconf 86' lang='grc' dir='ltr'>τιμὴν</span> <span class='ocrx_word' id='word_1_660' title='bbox 1280 2397 1337 2428; x_wconf 80' lang='grc' dir='ltr'>τοῖς</span> <span class='ocrx_word' id='word_1_661' title='bbox 1365 2394 1490 2429; x_wconf 75' lang='grc' dir='ltr'>γονεῦσιν</span> <span class='ocrx_word' id='word_1_662' title='bbox 1512 2394 1655 2429; x_wconf 79' lang='grc' dir='ltr'>ἁπονέμοι,</span> <span class='ocrx_word' id='word_1_663' title='bbox 1674 2393 1906 2429; x_wconf 77' lang='grc' dir='ltr'>προτιμωμένης</span> 
     </span>
    </p>
   </div>
   <div class='ocr_carea' id='block_1_107' title="bbox 1095 2437 1903 2478">
    <p class='ocr_par' dir='ltr' id='par_1_107' title="bbox 1095 2437 1903 2478">
     <span class='ocr_line' id='line_1_107' title="bbox 1095 2437 1903 2478; baseline -0.006 -10"><span class='ocrx_word' id='word_1_664' title='bbox 1095 2441 1161 2478; x_wconf 83' lang='grc' dir='ltr'>παρ’</span> <span class='ocrx_word' id='word_1_665' title='bbox 1176 2441 1267 2472; x_wconf 81' lang='grc' dir='ltr'>αὐτοῖς</span> <span class='ocrx_word' id='word_1_666' title='bbox 1279 2440 1402 2476; x_wconf 79' lang='grc' dir='ltr'>δηλονότι</span> <span class='ocrx_word' id='word_1_667' title='bbox 1417 2440 1466 2475; x_wconf 83' lang='grc' dir='ltr'>τῆς</span> <span class='ocrx_word' id='word_1_668' title='bbox 1475 2438 1644 2471; x_wconf 87' lang='grc' dir='ltr'>θεοσεϐείας,</span> <span class='ocrx_word' id='word_1_669' title='bbox 1659 2437 1787 2473; x_wconf 84' lang='grc' dir='ltr'>ἀνάθεμα</span> <span class='ocrx_word' id='word_1_670' title='bbox 1803 2437 1903 2464; x_wconf 67' lang='grc' dir='ltr'>ἔστω.</span> 
     </span>
    </p>
   </div>
   <div class='ocr_carea' id='block_1_108' title="bbox 1135 2526 1907 2565">
    <p class='ocr_par' dir='ltr' id='par_1_108' title="bbox 1135 2526 1907 2565">
     <span class='ocr_line' id='line_1_108' title="bbox 1135 2526 1907 2565; baseline -0.008 -6"><span class='ocrx_word' id='word_1_671' title='bbox 1135 2532 1267 2560; x_wconf 79' lang='grc' dir='ltr'><strong>ΚΕΦΛΔ.</strong></span> <span class='ocrx_word' id='word_1_672' title='bbox 1288 2530 1346 2565; x_wconf 78' lang='lat' dir='ltr'><strong>tq&#39;.</strong></span> <span class='ocrx_word' id='word_1_673' title='bbox 1374 2546 1408 2552; x_wconf 91' lang='lat'><strong>-—</strong></span> <span class='ocrx_word' id='word_1_674' title='bbox 1427 2530 1501 2557; x_wconf 78' lang='grc' dir='ltr'>Ποῖα</span> <span class='ocrx_word' id='word_1_675' title='bbox 1526 2527 1666 2556; x_wconf 71' lang='grc' dir='ltr'>πολιτικὰ</span> <span class='ocrx_word' id='word_1_676' title='bbox 1691 2527 1864 2562; x_wconf 75' lang='grc' dir='ltr'>πράγματα</span> <span class='ocrx_word' id='word_1_677' title='bbox 1886 2526 1907 2560; x_wconf 81' lang='grc' dir='ltr'><strong>ἣ</strong></span> 
     </span>
    </p>
   </div>
   <div class='ocr_carea' id='block_1_109' title="bbox 1098 2573 1773 2613">
    <p class='ocr_par' dir='ltr' id='par_1_109' title="bbox 1098 2573 1773 2613">
     <span class='ocr_line' id='line_1_109' title="bbox 1098 2573 1773 2613; baseline -0.009 -7"><span class='ocrx_word' id='word_1_678' title='bbox 1098 2577 1278 2613; x_wconf 80' lang='grc' dir='ltr'>κηδεμονίας</span> <span class='ocrx_word' id='word_1_679' title='bbox 1292 2578 1318 2604; x_wconf 81' lang='grc' dir='ltr'>οὶ</span> <span class='ocrx_word' id='word_1_680' title='bbox 1330 2575 1458 2611; x_wconf 75' lang='grc' dir='ltr'>μοναχοι</span> <span class='ocrx_word' id='word_1_681' title='bbox 1473 2575 1618 2602; x_wconf 77' lang='grc' dir='ltr'>δύνανται</span> <span class='ocrx_word' id='word_1_682' title='bbox 1625 2573 1773 2609; x_wconf 83' lang='grc' dir='ltr'>μετιέναι.</span> 
     </span>
    </p>
   </div>
   <div class='ocr_carea' id='block_1_110' title="bbox 1250 2619 1743 2656">
    <p class='ocr_par' dir='ltr' id='par_1_110' title="bbox 1250 2619 1743 2656">
     <span class='ocr_line' id='line_1_110' title="bbox 1250 2619 1743 2656; baseline -0.008 -5"><span class='ocrx_word' id='word_1_683' title='bbox 1250 2623 1385 2651; x_wconf 75' lang='grc' dir='ltr'>Συνόδου</span> <span class='ocrx_word' id='word_1_684' title='bbox 1394 2621 1586 2656; x_wconf 78' lang='grc' dir='ltr'>Χαλκηδόνος</span> <span class='ocrx_word' id='word_1_685' title='bbox 1596 2620 1696 2647; x_wconf 80' lang='grc' dir='ltr'>κανὼν</span> <span class='ocrx_word' id='word_1_686' title='bbox 1706 2619 1743 2654; x_wconf 81' lang='grc' dir='ltr'>γ’.</span> 
     </span>
    </p>
   </div>
   <div class='ocr_carea' id='block_1_111' title="bbox 1134 2665 1910 2705">
    <p class='ocr_par' dir='ltr' id='par_1_111' title="bbox 1134 2665 1910 2705">
     <span class='ocr_line' id='line_1_111' title="bbox 1134 2665 1910 2705; baseline -0.008 -8"><span class='ocrx_word' id='word_1_687' title='bbox 1134 2669 1169 2705; x_wconf 93' lang='grc' dir='ltr'>γ’.</span> <span class='ocrx_word' id='word_1_688' title='bbox 1192 2668 1296 2697; x_wconf 70' lang='grc' dir='ltr'>’Ἦλθεν</span> <span class='ocrx_word' id='word_1_689' title='bbox 1316 2670 1358 2701; x_wconf 84' lang='grc' dir='ltr'>εἰς</span> <span class='ocrx_word' id='word_1_690' title='bbox 1375 2669 1425 2704; x_wconf 74' lang='grc' dir='ltr'><strong>τὴν</strong></span> <span class='ocrx_word' id='word_1_691' title='bbox 1452 2667 1533 2702; x_wconf 85' lang='grc' dir='ltr'>ἁγίαν</span> <span class='ocrx_word' id='word_1_692' title='bbox 1564 2667 1682 2700; x_wconf 85' lang='grc' dir='ltr'>σύνοδον,</span> <span class='ocrx_word' id='word_1_693' title='bbox 1711 2666 1755 2693; x_wconf 86' lang='grc' dir='ltr'>ὅτι</span> <span class='ocrx_word' id='word_1_694' title='bbox 1775 2665 1841 2692; x_wconf 79' lang='grc' dir='ltr'><strong>τῶν</strong></span> <span class='ocrx_word' id='word_1_695' title='bbox 1876 2665 1910 2691; x_wconf 79' lang='grc' dir='ltr'>ὲν</span> 
     </span>
    </p>
   </div>
   <div class='ocr_carea' id='block_1_112' title="bbox 1098 2711 1654 2748">
    <p class='ocr_par' dir='ltr' id='par_1_112' title="bbox 1098 2711 1654 2748">
     <span class='ocr_line' id='line_1_112' title="bbox 1098 2711 1654 2748; baseline -0.004 -8"><span class='ocrx_word' id='word_1_696' title='bbox 1098 2713 1191 2748; x_wconf 85' lang='grc' dir='ltr'>κλήρῳ</span> <span class='ocrx_word' id='word_1_697' title='bbox 1205 2713 1424 2747; x_wconf 84' lang='grc' dir='ltr'>κατειλεγμένων</span> <span class='ocrx_word' id='word_1_698' title='bbox 1440 2711 1523 2743; x_wconf 84' lang='grc' dir='ltr'>τινὲς,</span> <span class='ocrx_word' id='word_1_699' title='bbox 1539 2720 1566 2738; x_wconf 86' lang='grc' dir='ltr'>κ.</span> <span class='ocrx_word' id='word_1_700' title='bbox 1585 2719 1611 2738; x_wconf 77' lang='grc' dir='ltr'>τ.</span> <span class='ocrx_word' id='word_1_701' title='bbox 1628 2711 1654 2738; x_wconf 82' lang='grc' dir='ltr'>λ.</span> 
     </span>
    </p>
   </div>
   <div class='ocr_carea' id='block_1_113' title="bbox 1141 2753 1911 2794">
    <p class='ocr_par' dir='ltr' id='par_1_113' title="bbox 1141 2753 1911 2794">
     <span class='ocr_line' id='line_1_113' title="bbox 1141 2753 1911 2794; baseline -0.005 -8"><span class='ocrx_word' id='word_1_702' title='bbox 1141 2759 1289 2794; x_wconf 81' lang='grc' dir='ltr'>Ἀνάγνωθι</span> <span class='ocrx_word' id='word_1_703' title='bbox 1320 2758 1369 2789; x_wconf 79' lang='grc' dir='ltr'><strong>τὰς</strong></span> <span class='ocrx_word' id='word_1_704' title='bbox 1393 2758 1578 2794; x_wconf 79' lang='grc' dir='ltr'>παραγραφὰς</span> <span class='ocrx_word' id='word_1_705' title='bbox 1600 2756 1646 2784; x_wconf 80' lang='grc' dir='ltr'>τοῦ</span> <span class='ocrx_word' id='word_1_706' title='bbox 1662 2755 1686 2791; x_wconf 82' lang='grc' dir='ltr'>γ’</span> <span class='ocrx_word' id='word_1_707' title='bbox 1710 2764 1779 2791; x_wconf 70' lang='grc' dir='ltr'>κεφ.</span> <span class='ocrx_word' id='word_1_708' title='bbox 1809 2754 1865 2784; x_wconf 75' lang='grc' dir='ltr'><strong>τοῦ</strong></span> <span class='ocrx_word' id='word_1_709' title='bbox 1882 2753 1911 2790; x_wconf 82' lang='grc' dir='ltr'>η’</span> 
     </span>
    </p>
   </div>
   <div class='ocr_carea' id='block_1_114' title="bbox 1100 2806 1587 2841">
    <p class='ocr_par' dir='ltr' id='par_1_114' title="bbox 1100 2806 1587 2841">
     <span class='ocr_line' id='line_1_114' title="bbox 1100 2806 1587 2841; baseline -0.002 -8"><span class='ocrx_word' id='word_1_710' title='bbox 1100 2806 1153 2834; x_wconf 83' lang='grc' dir='ltr'>τίτ.</span> <span class='ocrx_word' id='word_1_711' title='bbox 1165 2806 1213 2833; x_wconf 80' lang='grc' dir='ltr'><strong>τοῦ</strong></span> <span class='ocrx_word' id='word_1_712' title='bbox 1232 2806 1364 2841; x_wconf 86' lang='grc' dir='ltr'>παρόντος</span> <span class='ocrx_word' id='word_1_713' title='bbox 1390 2806 1587 2841; x_wconf 78' lang='grc' dir='ltr'>συντάγματος.</span> 
     </span>
    </p>
   </div>
   <div class='ocr_carea' id='block_1_115' title="bbox 303 2883 1910 2921">
    <p class='ocr_par' dir='ltr' id='par_1_115' title="bbox 303 2883 1910 2921">
     <span class='ocr_line' id='line_1_115' title="bbox 303 2883 1910 2921; baseline -0.001 -11"><span class='ocrx_word' id='word_1_714' title='bbox 303 2883 455 2917; x_wconf 72' lang='grc' dir='ltr'><strong>(27)Βεγοε</strong></span> <span class='ocrx_word' id='word_1_715' title='bbox 475 2884 580 2913; x_wconf 85' lang='lat' dir='ltr'><strong>videtur</strong></span> <span class='ocrx_word' id='word_1_716' title='bbox 611 2884 756 2913; x_wconf 83' lang='lat' dir='ltr'><strong>Balsamon</strong></span> <span class='ocrx_word' id='word_1_717' title='bbox 782 2884 924 2921; x_wconf 86' lang='lat' dir='ltr'><strong>episcopus</strong></span> <span class='ocrx_word' id='word_1_718' title='bbox 955 2883 1150 2916; x_wconf 82' lang='lat' dir='ltr'><strong>Antiochenus,</strong></span> <span class='ocrx_word' id='word_1_719' title='bbox 1176 2883 1249 2911; x_wconf 88' lang='lat' dir='ltr'><strong>hunc</strong></span> <span class='ocrx_word' id='word_1_720' title='bbox 1280 2883 1369 2912; x_wconf 82' lang='lat' dir='ltr'><strong>locum</strong></span> <span class='ocrx_word' id='word_1_721' title='bbox 1393 2883 1586 2918; x_wconf 83' lang='lat' dir='ltr'><strong>interpretans,</strong></span> <span class='ocrx_word' id='word_1_722' title='bbox 1613 2888 1713 2909; x_wconf 86' lang='lat' dir='ltr'><strong>vocare</strong></span> <span class='ocrx_word' id='word_1_723' title='bbox 1740 2885 1850 2910; x_wconf 78' lang='lat' dir='ltr'><strong>vestes</strong></span> <span class='ocrx_word' id='word_1_724' title='bbox 1869 2888 1910 2908; x_wconf 84' lang='lat' dir='ltr'><strong>ex</strong></span> 
     </span>
    </p>
   </div>
   <div class='ocr_carea' id='block_1_116' title="bbox 263 2922 516 2947">
    <p class='ocr_par' dir='ltr' id='par_1_116' title="bbox 263 2922 516 2947">
     <span class='ocr_line' id='line_1_116' title="bbox 263 2922 516 2947; baseline 0 -1"><span class='ocrx_word' id='word_1_725' title='bbox 263 2925 350 2946; x_wconf 73' lang='lat' dir='ltr'><strong>serico</strong></span> <span class='ocrx_word' id='word_1_726' title='bbox 366 2922 516 2947; x_wconf 77' lang='lat' dir='ltr'><strong>contextas.</strong></span> 
     </span>
    </p>
   </div>
   <div class='ocr_carea' id='block_1_117' title="bbox 1009 2981 1065 2991">
    <p class='ocr_par' dir='ltr' id='par_1_117' title="bbox 1009 2981 1065 2991">
     <span class='ocr_line' id='line_1_117' title="bbox 1009 2981 1065 2991; baseline 0 -7"><span class='ocrx_word' id='word_1_727' title='bbox 1009 2981 1028 2991; x_wconf 75' lang='grc'><strong>,</strong></span> <span class='ocrx_word' id='word_1_728' title='bbox 1062 2983 1065 2984; x_wconf 65' lang='lat'>,</span> 
     </span>
    </p>
   </div>
  </div>
