1951 3071
484 206 684 238 SYNTAGMA
702 205 897 238 CANONUM.
910 217 944 224 --
956 205 1031 236 TIT.
1051 205 1123 241 XII,
1145 205 1224 235 CAP.
1244 205 1271 236 Ι.

1654 204 1707 236 866

98 321 1698 336 Η

780 393 980 438 Ἰ¹ΙΤΛΟΣ
1019 387 1092 435 ΙΒ’.

525 484 606 513 ΠΕΡΙ
630 484 830 518 ΔΙΡΕΤΙΚΩΝ,
850 482 1022 518 ΙΟΥΔΑΙΩΝ,
1042 483 1103 511 ΚΑΙ
1122 483 1297 511 ΕΔΛΗΝΩΝ.

890 563 926 570 --

721 623 953 662 TITULUS
989 622 1081 662 ΧΠ.

627 700 671 728 DE
689 700 883 729 HA‘IRETICIS
901 700 1017 734 ATQUE
1034 700 1203 729 ETHNICIS.

123 775 249 804 ΚΕΦΑΛ.
262 774 301 803 A'.
311 790 348 795 —
359 776 389 803 Τί
404 776 489 803 ἐστιν
502 775 617 810 αἵρεσις
632 776 680 803 καὶ
697 776 727 802 τι
739 777 867 811 σχίσμα,
883 780 892 807 Α

955 777 1068 805 CAPUT
1087 778 1107 804 Ι.
1121 793 1155 798 -
1167 777 1236 810 Quid
1249 777 1283 804 sit
1298 777 1485 812 hmresis,quid
1500 778 1626 812 schisma,
1644 778 1708 813 quid

89 819 139 846 καὶ
158 820 186 846 τί
200 820 450 855 παρασυναγωγή.

319 866 480 893 Βασίλειον
491 865 591 893 κανὼν
610 864 644 893 α’.

124 913 158 937 α’.
178 909 215 936 Τὸ
231 909 280 944 μὲν
295 909 341 936 οὖν
360 911 424 946 περὶ
450 911 512 943 τοὺς
531 911 676 946 Καθαροὺς
692 906 811 945 ζήτήμα,
827 911 873 937 καὶ

89 955 197 990 εῐρηται
210 954 353 989 πρότερον,
371 956 418 980 καὶ
435 954 525 986 καλῶς
545 954 810 988 ἁπεμνημόνευσας·
832 953 873 980 ὅτι

88 992 129 1027 δεῖ
145 1000 183 1035 τῷ
198 999 253 1026 ἔθει
267 1000 319 1026 τῶν
339 1000 398 1026 καθ’
412 1000 530 1036 ἑκάστην
544 999 635 1035 χώραν
646 999 772 1030 ἕπεσθαι,
787 999 830 1026 διὰ
844 999 874 1026 τὸ

88 1045 223 1080 διαφόρως
249 1045 389 1080 ἐνεχθῆναι
407 1045 470 1080 περὶ
490 1045 536 1071 τοῦ
565 1045 751 1080 βαπτίσματος
770 1044 872 1077 αὐτῶν,

87 1091 152 1122 τοὺς
166 1090 226 1117 τότε
242 1091 306 1125 περὶ
322 1090 424 1117 τούτων
443 1090 620 1121 διαλαϐόντας
631 1099 637 1106 ·
654 1090 684 1115 τὸ
708 1089 736 1116 δὲ
752 1089 805 1116 τῶν
820 1090 872 1116 Πε-

87 1138 231 1173 πουξηνῶν
243 1138 337 1165 οὐδένα
354 1137 434 1172 λόγον
449 1138 521 1173 ἔχειν
546 1138 620 1164 δοκεῖ
633 1147 639 1153 ·
657 1138 704 1164 καὶ
732 1137 874 1172 ἐθαύμασα

88 1184 148 1215 πῶς
163 1183 303 1210 κανονικὸν
317 1183 381 1209 ὄντα
397 1183 442 1210 τὸν
456 1182 593 1210 Διονύσιον
607 1182 745 1218 παρῆλθεν
759 1189 766 1197 ο
788 1183 875 1208 ὲκεϊνο

87 1230 143 1265 γὰρ
154 1229 263 1264 ἔκριναν
278 1229 303 1255 oi
317 1229 427 1255 παλαιοὶ
437 1229 563 1263 δέχεσθαι
579 1228 732 1263 βάπτισμα,
748 1228 779 1254 τὸ
791 1227 873 1262 μηδὲν

86 1275 138 1311 τῆς
153 1276 268 1307 πίστεως
297 1275 498 1310 παρεκῦαϊνον·
525 1275 586 1301 ὅθεν
612 1274 645 1301 τὰ
677 1275 735 1310 μὲν,
757 1274 876 1310 αἱρέσεις

87 1320 234 1356 ὠνόμασαν
245 1328 252 1335 ·
268 1320 302 1346 τὰ
317 1320 356 1352 δὲ,
373 1320 512 1355 σχίσματα
523 1328 530 1334 ’
548 1319 582 1346 τὰ
606 1320 645 1352 δὲ,
672 1328 875 1355 παρασυναγω-

86 1367 155 1400 γάς”
177 1366 296 1401 αἱρέσεις
316 1365 376 1400 μὲν,
394 1366 456 1396 τοὺς
470 1365 610 1397 παντελῶς
632 1365 872 1401 ἀπερῤηγμένους.

87 1410 136 1436 καὶ
149 1409 208 1436 κατ’
225 1410 310 1443 αὐτὴν
326 1409 375 1444 τὴν
396 1409 486 1435 πίστιν
502 1409 774 1445 ἀπηλλοτριωμένους
787 1418 794 1425 ·
817 1409 876 1444 σχί-

923 823 1076 858 illegitimus
1086 827 1235 850 convmttus.

1195 867 1292 894 Basilii
1307 875 1392 894 canon
1408 868 1433 895 1.

960 913 985 940 1.
1007 913 1083 946 Quod
1108 913 1190 949 igitur
1212 914 1245 940 ad
1272 912 1406 940 Cathuros
1430 913 1559 947 pertinet,
1585 917 1612 940 et
1633 912 1710 948 prius

923 958 1026 986 dictum
1055 963 1105 989 est,
1138 963 1165 986 et
1190 962 1263 985 recte
1287 957 1455 984 admonuisti
1490 957 1710 993 uniuscujusque

924 1004 1043 1039 regionis
1057 1011 1161 1031 morem
1178 1003 1254 1039 sequi
1278 1007 1424 1038 oportere:
1442 1003 1514 1037 quod
1531 1004 1560 1035 ii,
1577 1003 1623 1038 qui
1644 1008 1710 1031 tunc

924 1050 958 1077 de
975 1050 1028 1077 illis
1041 1054 1206 1082 statuerunt,
1224 1050 1250 1076 in
1264 1050 1354 1076 varias
1365 1049 1398 1076 de
1413 1050 1533 1084 ipsorum
1547 1049 1711 1083 baptismate

925 1094 1074 1122 sententias
1088 1094 1216 1121 abierint.
1235 1092 1440 1127 Pepuzenorum
1465 1097 1556 1120 autem
1574 1091 1711 1126 baptism;

925 1141 1026 1167 nullam
1049 1140 1115 1166 mihi
1137 1139 1238 1166 habere
1262 1139 1395 1166 rationein
1414 1138 1531 1170 videtur,
1555 1141 1581 1165 et
1597 1137 1712 1164 miratus

925 1193 985 1213 sum
1003 1184 1139 1219 quomodo
1157 1184 1208 1211 hoc
1225 1184 1393 1219 Dionysium,
1420 1183 1556 1210 hominem
1576 1189 1711 1209 canonum

926 1231 1042 1267 peritum
1057 1250 1064 1263 ,
1082 1229 1189 1264 ingerit.
1203 1229 1313 1264 Antiqui
1326 1229 1399 1256 enim
1423 1228 1489 1256 illud
1504 1228 1637 1262 baptisma
1651 1234 1713 1254 sus-

925 1277 1076 1313 cipiendum
1105 1281 1253 1311 putavere.
1275 1274 1348 1310 quod
1371 1275 1440 1302 nihil
1463 1282 1479 1301 a
1510 1274 1562 1302 ﬁde
1586 1273 1712 1305 recedit;

926 1323 998 1350 unde
1019 1322 1090 1349 alias
1113 1321 1222 1356 quidem
1247 1320 1376 1352 hmreses,
1393 1320 1444 1346 alia
1463 1319 1623 1350 schismata.
1644 1319 1712 1346 alias

927 1374 1147 1404 parasynagogas
1165 1365 1346 1400 appellarunt.
1365 1364 1489 1392 Haereses
1499 1364 1607 1399 quidem
1631 1364 1714 1399 380

927 1419 986 1445 eos,
999 1412 1045 1446 qui
1060 1411 1168 1446 penitus
1184 1410 1280 1437 resecti
1296 1414 1370 1443 sont,
1394 1414 1422 1436 et
1449 1409 1476 1436 in
1498 1409 1555 1443 ipsa
1571 1408 1623 1436 ﬁde
1647 1410 1712 1435 aba-

89 1455 183 1491 σματα
199 1455 238 1488 δὲ,
253 1455 315 1487 τοὺς
327 1454 360 1482 δι’
379 1454 469 1486 αἰτίας
496 1454 570 1486 τινὰς
585 1454 813 1491 ἑκκλησιαστικὰς
828 1455 875 1481 καὶ

930 1457 1040 1490 lienati;
1057 1457 1205 1485 schismata
1223 1463 1298 1488 vero,
1313 1463 1371 1487 eos,
1385 1455 1431 1489 qui
1450 1460 1560 1489 propter
1585 1454 1714 1481 ecclesia-

87 1500 233 1535 ζητήματα
251 1501 356 1536 ἰάσιμα,
375 1501 443 1536 πρὸς
455 1500 585 1536 ἀλλήλους
597 1500 783 1535 διενεχθέντας
793 1509 800 1516 ·
817 1509 870 1526 πα-

90 1546 286 1581 ρασυναγωγὰς
300 1546 338 1578 δὲ,
353 1546 403 1578 τὰς
421 1546 545 1580 συνάξεις
557 1547 606 1577 τὰς
619 1547 694 1581 παρὰ
710 1546 764 1572 τῶν
774 1546 873 1572 ἀνυπο-

87 1591 195 1618 τάκτων
211 1591 404 1627 πρεσϐυτέρων
417 1592 434 1628 ἢ
450 1592 617 1625 ἐπισκόπων,
635 1592 710 1626 παρὰ
723 1591 775 1617 τῶν
792 1592 875 1618 ἁπαισ

87 1637 189 1665 δεύτων
204 1637 276 1664 λαῶν
290 1638 446 1672 γινομένας,
460 1637 516 1664 οἷον
527 1645 534 1652 ·
562 1638 588 1664 εῐ
612 1646 654 1669 τις
669 1638 698 1664 ὲν
723 1637 874 1672 πταίσματι

88 1682 253 1716 ἑξετασθεὶς,
268 1682 403 1717 ἐπεσχέθη
420 1683 470 1717 τῆς
494 1683 676 1717 λειτουργίας,
699 1682 746 1709 καὶ
763 1682 800 1718 μὴ
823 1683 873 1708 ὑπ-

89 1728 178 1763 έκυψε
202 1729 258 1760 τοῖς
270 1728 390 1760 κανόσιν,
409 1728 466 1755 ἀλλ’
480 1728 568 1763 ἑαυτῷ
580 1727 719 1763 ἐξεδίκησε
733 1728 782 1763 τὴν
793 1737 873 1762 προε-

88 1774 175 1809 δρίαν,
193 1776 239 1800 ita).
253 1773 302 1809 τὴν
316 1774 497 1808 λειτουργίαν,
527 1774 574 1800 καὶ
596 1774 768 1810 συναπῆλθον
783 1774 871 1809 τούτῳ

88 1819 171 1850 τινὲς,
192 1819 387 1850 καταλιπόντες
399 1819 448 1854 τὴν
460 1819 606 1855 καθολικὴν
628 1819 801 1854 Ἐκκλησίαν,
816 1828 870 1846 πα-

90 1866 272 1900 ρασυναγωγὴ
294 1865 324 1891 τὺ
352 1865 474 1892 τοιοῦτο·
505 1865 607 1900 σχίσμα
629 1866 669 1900 δὲ,
693 1867 724 1893 τὸ
747 1865 874 1901 περὶτῆς

90 1911 235 1945 μετανοίας
253 1911 391 1946 διαφόρως
407 1911 478 1946 ἔχειν
493 1912 562 1947 πρὸς
580 1912 643 1943 τοὺς
661 1912 715 1938 ἀπὸ
738 1913 787 1947 τῆς
813 1912 874 1939 Ἐκ-

88 1956 221 1990 κλησίας·
249 1956 354 1990 αἵρεσις
386 1956 425 1988 δὲ,
450 1954 505 1983 οἷον
526 1957 541 1992 ὴ
566 1956 620 1983 τῶν
648 1957 803 1991 Μανιχαίων
827 1957 874 1984 καλ¹

89 2001 275 2028 οὑαλεντίνων
298 2003 345 2028 καὶ
367 2002 591 2037 Μαρκιωνιστῶν,
606 2003 654 2029 καὶ
668 2002 758 2028 αὐτῶν
773 2002 875 2029 τούτων

87 2047 144 2074 τῶν
169 2048 365 2083 Πεηουζηνῶν·
398 2048 477 2080 εὐθὺς
501 2048 555 2084 γὰρ
580 2048 643 2084 περὶ
664 2048 749 2083 αὐτῆς
771 2050 821 2084 τῆς
836 2049 876 2080 εἰς

88 2093 156 2119 Θεὺν
170 2093 287 2124 uictui);
305 2095 378 2120 ἐστιν
392 2095 408 2128 ἡ
423 2094 539 2130 διαφορά
549 2102 556 2109 ·
570 2094 642 2126 εδοξε
660 2095 749 2121 τοίνυν
765 2095 821 2126 τοῖς
843 2094 873 2127 ὲξ

86 2139 187 2174 ἀρχῆς,
203 2139 233 2165 τὸ
247 2140 296 2174 μὲν
312 2140 366 2166 τῶν
376 2140 531 2174 αἱρετικῶν,
560 2140 698 2172 παντελῶς
717 2140 848 2175 ἀθετῆσαι
864 2149 871 2156 ·

86 2184 118 2209 τὸ
128 2183 156 2209 δὲ
170 2182 224 2208 τῶν
242 2183 456 2219 ἀποσχισάντων,
483 2184 520 2215 ὡς
534 2184 573 2210 ἔτι
593 2186 624 2211 ὲκ
639 2185 687 2219 τῆς
712 2184 874 2220 Ἐκκλησίας

87 2229 184 2260 ὅντων,
199 2229 415 2264 παραδέξασθαι·
431 2231 494 2262 τοὺς
512 2230 539 2256 δὲ
556 2230 585 2256 ἐν
599 2232 658 2262 ταῖς
673 2239 874 2266 παρασυναγω-

86 2277 152 2309 γαίς
162 2275 291 2311 μετανοίᾳ
304 2275 435 2310 ἀξιολόγῳ
447 2277 493 2303 καὶ
507 2277 658 2312 ἐπιστροφῇ
674 2277 875 2311 βελτιωθέντας,

87 2320 272 2348 συνάπτεσθαι
302 2322 383 2348 πάλιν
411 2324 443 2357 τῇ
458 2322 624 2357 Ἐκκλησία·
641 2322 711 2348 ὥστε
734 2321 875 2355 πολλάκις,

87 2367 214 2398 καὶτοὺς
242 2367 271 2393 ἐν
298 2367 394 2402 βαθμῷ
417 2367 634 2399 συναπελθόντας
657 2369 714 2399 τοῖς
738 2367 875 2395 ἀνυποτά-

87 2421 175 2444 κτοις,
191 2413 300 2440 ἐπειδὰν
313 2413 539 2449 μεταμεληθῶσιν
552 2434 560 2448 ,
576 2414 616 2445 είς
629 2413 678 2449 τὴν
687 2413 777 2440 αὐτῶν
787 2422 878 2449 παρα-

87 2457 217 2492 δέχεσθαι
231 2458 316 2491 τάξιν.

124 2505 156 2531 οι
167 2505 255 2531 τοίνυν
281 2505 451 2541 Πεπουζηνοὶ
477 2505 617 2541 προδήλως
639 2505 708 2532 εἰσὶν
727 2505 876 2542 αἱρετικοί·

87 2548 130 2580 είς
144 2548 199 2584 γὰρ
213 2549 242 2575 τὸ
257 2549 369 2584 Πνεῦμα
380 2549 410 2576 τὸ
424 2551 501 2584 ἅγιον
521 2550 723 2585 ἐϐλασφήμουν,
745 2550 876 2586 Μοντανῷ

87 2594 137 2620 καὶ
163 2593 312 2630 Πρισκίλλῃ
338 2595 388 2630 τὴν
411 2596 457 2621 τοῦ
483 2595 663 2630 Παρακλήτου
689 2597 877 2632 προσηγορίαν

86 2639 228 2674 ἁθεμίτως
243 2640 289 2666 καὶ
303 2640 491 2675 ἀναισχύντως
505 2641 725 2676 ἐπιφημίσαντες
735 2650 742 2657 '
763 2643 818 2668 εἴτε
829 2641 877 2669 οὖν

85 2685 127 2716 ὡς
149 2685 310 2720 ἀνθρώπους
329 2686 516 2717 θεοποιοῦντες
531 2687 699 2721 κατάκριτοι,
725 2688 778 2714 είτε
793 2689 831 2720 ὡς
847 2689 878 2715 τὺ

89 2731 205 2764 Πνεῦμα
232 2731 261 2758 τὺ
289 2731 367 2766 ἅγιον
394 2734 427 2767 τῇ
452 2732 522 2766 πρὸς
549 2732 710 2767 ἀνθρώπους
735 2734 877 2769 συγκρίσει

929 1504 1012 1531 sticas
1029 1503 1161 1538 quasdam
1180 1509 1280 1529 causas
1296 1505 1323 1528 et
1337 1501 1501 1536 qmestiones
1520 1500 1589 1527 inter
1609 1504 1715 1527 utram-

929 1556 982 1584 que
999 1553 1103 1584 partem
1123 1555 1176 1575 non
1201 1547 1368 1575 insanabiles
1389 1547 1541 1580 dissident;
1565 1553 1714 1581 parasyna-

929 1601 1013 1629 gogas
1028 1598 1131 1626 autem,
1149 1592 1330 1621 conventibus
1349 1592 1410 1620 illos
1423 1592 1468 1626 qui
1481 1592 1515 1619 ab
1532 1591 1714 1624 immorigeris

929 1640 1095 1675 presbyteris
1117 1643 1164 1666 aut
1187 1639 1323 1673 episcopis
1349 1642 1375 1666 et
1392 1646 1407 1665 a
1433 1638 1539 1672 populis
1562 1638 1714 1673 disciplinae

928 1685 1086 1720 expertibus
1107 1685 1187 1717 iiunt,
1216 1686 1298 1719 velut,
1325 1684 1348 1712 si
1365 1685 1427 1719 quis
1450 1685 1477 1711 in
1503 1684 1601 1712 delicto
1619 1684 1715 1718 deprc-

928 1729 1041 1762 hensus,
1066 1736 1081 1755 a
1107 1729 1264 1756 ministerio
1287 1734 1423 1760 arceatur,
1448 1736 1499 1756 nec
1522 1736 1551 1756 se
1563 1728 1714 1756 cauonibus

927 1774 1087 1806 submittat.
1113 1774 1159 1801 sed
1185 1774 1237 1801 sibi
1265 1773 1448 1808 principatum
1477 1777 1504 1800 et
1529 1773 1711 1801 ministerium

928 1820 1056 1853 vindicet,
1070 1826 1102 1847 ac
1113 1819 1237 1846 nonnulli
1253 1827 1304 1847 una
1325 1827 1388 1847 cum
1402 1827 1435 1848 eo
1446 1840 1453 1852 ,
1469 1820 1564 1847 relicta
1579 1820 1714 1847 catholica

929 1864 1061 1899 Ecclesia,
1092 1866 1250 1898 discedant;
1290 1865 1342 1893 hoc
1369 1865 1470 1894 dicitur
1498 1873 1714 1901 parasynagoga.

929 1910 1054 1938 Schisma
1080 1917 1171 1939 autem
1189 1916 1242 1944 est,
1257 1911 1291 1939 de
1317 1912 1478 1947 pmnitentia
1503 1913 1536 1939 ab
1553 1913 1586 1940 iis
1609 1913 1656 1947 qui
1681 1920 1716 1940 ex

929 1956 1050 1984 Ecclesia
1076 1961 1150 1990 sunt,
1177 1956 1333 1984 dissentire.
1361 1957 1484 1985 liaereses
1509 1962 1611 1991 autem,
1640 1958 1714 1985 velut

929 2000 1152 2035 Manichaeorum,
1167 2006 1193 2029 et
1205 2000 1474 2032 Valentinianorum.
1487 2007 1514 2029 et
1529 2002 1715 2030 Marcionista-

928 2054 1001 2080 rum,
1016 2051 1043 2074 et
1055 2047 1152 2074 horum
1168 2047 1289 2082 ipsorum
1302 2047 1507 2082 Pepuzenorum
1519 2057 1526 2080 ;
1537 2049 1627 2075 statim
1639 2049 1713 2076 enim

929 2093 961 2120 de
976 2094 1035 2128 ipsa
1050 2093 1077 2120 in
1097 2093 1181 2122 Deum
1197 2094 1248 2121 ﬁde
1265 2094 1401 2121 dissensio
1415 2099 1466 2121 est.
1483 2093 1577 2122 Visum
1595 2100 1636 2122 est
1648 2102 1713 2129 ergo

929 2141 1050 2175 antiquis
1065 2141 1255 2168 bmreticoruni
1276 2141 1387 2175 quidem
1402 2140 1535 2175 baptisma
1554 2141 1659 2175 penltus
1671 2148 1714 2168 re—

925 2186 1029 2221 jicere;
1053 2187 1292 2214 schismaticorum
1307 2194 1382 2220 vero,
1407 2192 1436 2214 ut
1457 2187 1546 2215 adhuc
1567 2196 1598 2214 ex
1621 2187 1714 2215 Eccle-

929 2232 969 2259 sia
992 2232 1190 2266 exsistentium,
1206 2233 1368 2267 admittere;
1393 2241 1441 2261 eos
1458 2234 1565 2261 tandem
1583 2234 1627 2268 qui
1650 2239 1715 2262 sunt

929 2278 956 2305 in
977 2279 1198 2314 parasynagogis,
1215 2279 1288 2313 justa
1312 2280 1469 2314 poenitentia
1490 2284 1516 2307 et
1542 2280 1713 2307 animadver-

930 2322 1007 2350 sione
1020 2323 1177 2350 emendatos
1190 2331 1286 2350 rursus
1303 2323 1430 2350 Ecclesiae
1447 2325 1632 2359 conjungere;
1647 2325 1714 2352 adeo

930 2369 961 2392 ut
976 2373 1046 2400 saepe
1058 2370 1085 2393 et
1100 2366 1118 2393 ii
1140 2367 1186 2401 qui
1202 2367 1228 2393 in
1243 2367 1327 2401 gradu
1346 2367 1469 2394 collocati
1484 2375 1536 2395 una
1552 2375 1613 2395 cum
1628 2368 1715 2396 rebel-

929 2411 1001 2440 libus
1018 2411 1152 2444 abierant,
1175 2416 1319 2447 postquam
1342 2414 1528 2448 paenitentiam
1545 2414 1659 2450 egerint,
1687 2415 1714 2442 in

927 2457 1056 2485 eumdem
1071 2458 1193 2485 ordinem
1208 2458 1397 2486 admittuntur.

964 2502 1097 2537 Pepuzeni
1111 2510 1175 2538 ergo
1186 2509 1250 2530 sunt
1264 2508 1357 2538 aperte
1372 2504 1492 2532 haeretici
1506 2514 1513 2532 :
1531 2513 1593 2532 nam
1610 2505 1636 2532 in
1652 2505 1716 2540 Spi-

929 2547 1012 2575 ritum
1037 2553 1161 2575 sanctum
1185 2549 1452 2584 blasphemavcrunt,
1471 2550 1598 2578 Montano
1613 2555 1640 2577 et
1656 2551 1715 2577 Pri»

930 2594 1012 2622 scilla:
1026 2594 1158 2622 Paraclcti
1178 2596 1385 2630 appellationem
1409 2596 1511 2624 nefarie
1532 2597 1716 2631 impudenter-

930 2647 985 2674 que
1007 2640 1196 2668 attribuentcs.
1223 2640 1315 2675 Igitur,
1342 2641 1399 2668 sive
1416 2642 1479 2675 quia
1504 2642 1660 2668 hominibus
1673 2641 1716 2668 (ιι-

929 2685 1070 2712 vinitateln
1088 2685 1251 2717 attribuunt,
1266 2685 1464 2712 condemnandi
1479 2690 1562 2712 sunt:
1578 2686 1634 2712 sive
1651 2685 1714 2721 quia

930 2729 1061 2764 Spiritum
1075 2735 1198 2757 sanctum
1216 2730 1336 2758 alliciunt
1351 2731 1461 2764 injuria,
1478 2732 1543 2758 dum
1556 2739 1618 2758 eum
1638 2739 1714 2758 com-

87 2776 301 2812 καθυϐρίζοντες
311 2786 317 2792 ·
336 2778 383 2805 καὶ
398 2778 470 2804 οὕτω
483 2779 515 2812 τῇ
528 2778 624 2813 αίωνὶᾳ
639 2778 770 2814 καταδίκῃ
794 2780 875 2806 ὑπεύ-

932 2779 1028 2810 paraut
1043 2783 1104 2802 cunt
1122 2776 1292 2808 hominibus,
1307 2777 1345 2804 sic
1358 2778 1439 2804 ctiam
1453 2781 1516 2804 sunt
1528 2781 1635 2804 mlernm
1650 2785 1715 2803 con-

88 2822 174 2853 θυνοι,
191 2823 234 2849 διὰ
250 2823 280 2849 τὸ
299 2823 492 2858 ἀσυγχώρητον
514 2821 584 2849 εἶναι
599 2823 648 2858 τὴν
666 2825 704 2855 εἰς
721 2824 750 2850 τὸ
766 2825 876 2860 Πνεῦμα

88 2868 119 2893 τὸ
132 2869 208 2901 ἆγιον
229 2868 421 2904 βλασφημίαν·
435 2868 496 2894 τίνα
513 2866 559 2894 οὖν
583 2868 661 2902 λόγον
687 2869 744 2903 ἔχει
762 2870 791 2895 τὸ
814 2871 876 2896 τού-

88 2921 145 2940 Ιτων
172 2913 313 2947 βάπτισμα
333 2912 504 2947 ὲγκριθῆναι,
526 2912 580 2939 τῶν
618 2912 805 2947 βαπτιςόντων
836 2915 875 2946 εἰς

932 2819 1098 2846 denmalioni
1124 2821 1246 2853 obnoxii,
1272 2822 1343 2856 quod
1372 2823 1520 2849 condonari
1550 2830 1603 2849 non
1630 2822 1715 2857 possit

931 2865 1097 2899 blasphemia
1123 2866 1149 2892 iu
1169 2867 1299 2900 Spiritum
1326 2873 1463 2894 sant-tum.
1482 2868 1541 2900 Qua
1566 2868 1647 2902 igillll‘
1670 2876 1715 2896 ra-

930 2911 1003 2938 ti0ne
1023 2918 1117 2938 eorum
1143 2912 1276 2947 baptisma
1298 2913 1378 2948 381
1403 2914 1572 2946 admittatur,
1597 2922 1657 2942 cum
1687 2916 1715 2941 in
