  <div class='ocr_page' id='page_1' title='image "/cluster/home/n/w/nwhite01/storage/ocr_20150623/104/njp.32101077772885/441.png"; bbox 0 0 1951 3071; ppageno 0'>
   <div class='ocr_carea' id='block_1_1' title="bbox 245 202 298 235">
    <p class='ocr_par' dir='ltr' id='par_1_1' title="bbox 245 202 298 235">
     <span class='ocr_line' id='line_1_1' title="bbox 245 202 298 235; baseline -0.019 0"><span class='ocrx_word' id='word_1_1' title='bbox 245 202 298 235; x_wconf 70' lang='grc' dir='ltr'><strong>ΕῧἸ</strong></span> 
     </span>
    </p>
   </div>
   <div class='ocr_carea' id='block_1_2' title="bbox 788 201 1272 232">
    <p class='ocr_par' dir='ltr' id='par_1_2' title="bbox 788 201 1272 232">
     <span class='ocr_line' id='line_1_2' title="bbox 788 201 1272 232; baseline 0.002 -1"><span class='ocrx_word' id='word_1_2' title='bbox 788 201 919 231; x_wconf 86' lang='grc' dir='ltr'><strong>ΡΗΟΤΙῙ</strong></span> <span class='ocrx_word' id='word_1_3' title='bbox 946 201 1199 232; x_wconf 70' lang='lat' dir='ltr'><strong>PATRIARCH/E</strong></span> <span class='ocrx_word' id='word_1_4' title='bbox 1218 203 1272 232; x_wconf 89' lang='lat' dir='ltr'><strong>CP.</strong></span> 
     </span>
    </p>
   </div>
   <div class='ocr_carea' id='block_1_3' title="bbox 1811 201 1861 233">
    <p class='ocr_par' dir='ltr' id='par_1_3' title="bbox 1811 201 1861 233">
     <span class='ocr_line' id='line_1_3' title="bbox 1811 201 1861 233; baseline 0 0"><span class='ocrx_word' id='word_1_5' title='bbox 1811 201 1861 233; x_wconf 82' lang='grc'><strong>868</strong></span> 
     </span>
    </p>
   </div>
   <div class='ocr_carea' id='block_1_4' title="bbox 247 254 1029 292">
    <p class='ocr_par' dir='ltr' id='par_1_4' title="bbox 247 254 1029 286">
     <span class='ocr_line' id='line_1_4' title="bbox 247 254 1029 286; baseline -0.004 0"><span class='ocrx_word' id='word_1_6' title='bbox 247 259 354 286; x_wconf 80' lang='lat' dir='ltr'><strong>Patrem</strong></span> <span class='ocrx_word' id='word_1_7' title='bbox 382 262 410 285; x_wconf 88' lang='lat' dir='ltr'><strong>et</strong></span> <span class='ocrx_word' id='word_1_8' title='bbox 437 257 534 285; x_wconf 81' lang='lat' dir='ltr'><strong>Filium</strong></span> <span class='ocrx_word' id='word_1_9' title='bbox 561 262 587 286; x_wconf 89' lang='lat' dir='ltr'><strong>et</strong></span> <span class='ocrx_word' id='word_1_10' title='bbox 614 256 782 285; x_wconf 86' lang='lat' dir='ltr'><strong>Montanium</strong></span> <span class='ocrx_word' id='word_1_11' title='bbox 806 261 852 284; x_wconf 88' lang='lat' dir='ltr'><strong>aut</strong></span> <span class='ocrx_word' id='word_1_12' title='bbox 878 254 1029 284; x_wconf 82' lang='lat' dir='ltr'><strong>Priscillam</strong></span> 
     </span>
    </p>
   </div>
   <div class='ocr_carea' id='block_1_5' title="bbox 1083 254 1861 292">
    <p class='ocr_par' dir='ltr' id='par_1_5' title="bbox 1083 255 1861 292">
     <span class='ocr_line' id='line_1_5' title="bbox 1083 255 1861 292; baseline 0 -10"><span class='ocrx_word' id='word_1_13' title='bbox 1083 256 1192 292; x_wconf 77' lang='grc' dir='ltr'><strong>Πατέρα</strong></span> <span class='ocrx_word' id='word_1_14' title='bbox 1203 277 1212 290; x_wconf 85' lang='lat'><strong>,</strong></span> <span class='ocrx_word' id='word_1_15' title='bbox 1224 258 1269 284; x_wconf 79' lang='grc' dir='ltr'><strong>καὶ</strong></span> <span class='ocrx_word' id='word_1_16' title='bbox 1282 257 1345 284; x_wconf 75' lang='grc' dir='ltr'>Υῑδν</span> <span class='ocrx_word' id='word_1_17' title='bbox 1361 257 1408 284; x_wconf 83' lang='grc' dir='ltr'>καὶ</span> <span class='ocrx_word' id='word_1_18' title='bbox 1429 257 1505 292; x_wconf 74' lang='grc' dir='ltr'>ἅγιον</span> <span class='ocrx_word' id='word_1_19' title='bbox 1516 255 1628 292; x_wconf 81' lang='grc' dir='ltr'>Πνεῦμα</span> <span class='ocrx_word' id='word_1_20' title='bbox 1650 255 1789 284; x_wconf 76' lang='grc' dir='ltr'>Μοντανδν</span> <span class='ocrx_word' id='word_1_21' title='bbox 1817 257 1861 283; x_wconf 72' lang='grc' dir='ltr'>καὶ</span> 
     </span>
    </p>
   </div>
   <div class='ocr_carea' id='block_1_6' title="bbox 248 301 1031 339">
    <p class='ocr_par' dir='ltr' id='par_1_6' title="bbox 248 301 1031 339">
     <span class='ocr_line' id='line_1_6' title="bbox 248 301 1031 339; baseline -0.003 -8"><span class='ocrx_word' id='word_1_22' title='bbox 248 304 407 339; x_wconf 76' lang='lat' dir='ltr'><strong>baptizent?</strong></span> <span class='ocrx_word' id='word_1_23' title='bbox 423 304 477 331; x_wconf 73' lang='lat' dir='ltr'><strong>n6n</strong></span> <span class='ocrx_word' id='word_1_24' title='bbox 494 303 566 330; x_wconf 87' lang='lat' dir='ltr'><strong>enim</strong></span> <span class='ocrx_word' id='word_1_25' title='bbox 581 301 710 338; x_wconf 81' lang='lat' dir='ltr'><strong>baptizati</strong></span> <span class='ocrx_word' id='word_1_26' title='bbox 724 306 787 329; x_wconf 91' lang='lat' dir='ltr'><strong>sunt</strong></span> <span class='ocrx_word' id='word_1_27' title='bbox 799 301 847 337; x_wconf 89' lang='lat' dir='ltr'><strong>qui</strong></span> <span class='ocrx_word' id='word_1_28' title='bbox 863 301 890 329; x_wconf 92' lang='lat' dir='ltr'><strong>in</strong></span> <span class='ocrx_word' id='word_1_29' title='bbox 908 308 951 334; x_wconf 85' lang='lat' dir='ltr'><strong>ea,</strong></span> <span class='ocrx_word' id='word_1_30' title='bbox 969 309 1031 336; x_wconf 70' lang='lat' dir='ltr'><strong>quae</strong></span> 
     </span>
    </p>
   </div>
   <div class='ocr_carea' id='block_1_7' title="bbox 247 346 1030 382">
    <p class='ocr_par' dir='ltr' id='par_1_7' title="bbox 247 346 1030 382">
     <span class='ocr_line' id='line_1_7' title="bbox 247 346 1030 382; baseline -0.001 -8"><span class='ocrx_word' id='word_1_31' title='bbox 247 347 326 375; x_wconf 85' lang='lat' dir='ltr'><strong>nobis</strong></span> <span class='ocrx_word' id='word_1_32' title='bbox 344 347 441 375; x_wconf 89' lang='lat' dir='ltr'><strong>tradita</strong></span> <span class='ocrx_word' id='word_1_33' title='bbox 460 355 514 374; x_wconf 94' lang='lat' dir='ltr'><strong>non</strong></span> <span class='ocrx_word' id='word_1_34' title='bbox 526 351 600 379; x_wconf 87' lang='lat' dir='ltr'><strong>sunt,</strong></span> <span class='ocrx_word' id='word_1_35' title='bbox 619 347 746 382; x_wconf 85' lang='lat' dir='ltr'><strong>baptizati</strong></span> <span class='ocrx_word' id='word_1_36' title='bbox 761 346 848 374; x_wconf 87' lang='lat' dir='ltr'><strong>fuere.</strong></span> <span class='ocrx_word' id='word_1_37' title='bbox 865 346 965 380; x_wconf 84' lang='lat' dir='ltr'><strong>Quare,</strong></span> <span class='ocrx_word' id='word_1_38' title='bbox 979 346 1030 374; x_wconf 97' lang='lat' dir='ltr'><strong>etsi</strong></span> 
     </span>
    </p>
   </div>
   <div class='ocr_carea' id='block_1_8' title="bbox 247 392 1029 428">
    <p class='ocr_par' dir='ltr' id='par_1_8' title="bbox 247 392 1029 428">
     <span class='ocr_line' id='line_1_8' title="bbox 247 392 1029 428; baseline -0.001 -8"><span class='ocrx_word' id='word_1_39' title='bbox 247 393 300 421; x_wconf 87' lang='lat' dir='ltr'><strong>hoc</strong></span> <span class='ocrx_word' id='word_1_40' title='bbox 314 393 471 428; x_wconf 86' lang='lat' dir='ltr'><strong>Dionysium</strong></span> <span class='ocrx_word' id='word_1_41' title='bbox 485 400 613 428; x_wconf 72' lang='lat' dir='ltr'><strong>magnum</strong></span> <span class='ocrx_word' id='word_1_42' title='bbox 626 392 716 425; x_wconf 89' lang='lat' dir='ltr'><strong>latuit,</strong></span> <span class='ocrx_word' id='word_1_43' title='bbox 730 392 864 420; x_wconf 88' lang='lat' dir='ltr'><strong>servanda</strong></span> <span class='ocrx_word' id='word_1_44' title='bbox 878 392 957 420; x_wconf 92' lang='lat' dir='ltr'><strong>nobis</strong></span> <span class='ocrx_word' id='word_1_45' title='bbox 975 399 1029 419; x_wconf 90' lang='lat' dir='ltr'><strong>non</strong></span> 
     </span>
    </p>
   </div>
   <div class='ocr_carea' id='block_1_9' title="bbox 245 437 1028 473">
    <p class='ocr_par' dir='ltr' id='par_1_9' title="bbox 245 437 1028 473">
     <span class='ocr_line' id='line_1_9' title="bbox 245 437 1028 473; baseline -0.001 -7"><span class='ocrx_word' id='word_1_46' title='bbox 245 445 289 467; x_wconf 85' lang='lat' dir='ltr'><strong>est</strong></span> <span class='ocrx_word' id='word_1_47' title='bbox 301 439 415 466; x_wconf 90' lang='lat' dir='ltr'><strong>imitatio</strong></span> <span class='ocrx_word' id='word_1_48' title='bbox 427 439 538 466; x_wconf 89' lang='lat' dir='ltr'><strong>erroris.</strong></span> <span class='ocrx_word' id='word_1_49' title='bbox 560 437 616 466; x_wconf 84' lang='lat' dir='ltr'><strong>Hoc</strong></span> <span class='ocrx_word' id='word_1_50' title='bbox 634 439 706 466; x_wconf 90' lang='lat' dir='ltr'><strong>enim</strong></span> <span class='ocrx_word' id='word_1_51' title='bbox 721 446 803 473; x_wconf 89' lang='lat' dir='ltr'><strong>quam</strong></span> <span class='ocrx_word' id='word_1_52' title='bbox 819 438 968 466; x_wconf 89' lang='lat' dir='ltr'><strong>absurdum</strong></span> <span class='ocrx_word' id='word_1_53' title='bbox 983 438 1028 471; x_wconf 87' lang='lat' dir='ltr'><strong>sit,</strong></span> 
     </span>
    </p>
   </div>
   <div class='ocr_carea' id='block_1_10' title="bbox 247 482 1026 519">
    <p class='ocr_par' dir='ltr' id='par_1_10' title="bbox 247 482 1026 519">
     <span class='ocr_line' id='line_1_10' title="bbox 247 482 1026 519; baseline -0.003 -6"><span class='ocrx_word' id='word_1_54' title='bbox 247 492 297 513; x_wconf 86' lang='lat' dir='ltr'><strong>sua</strong></span> <span class='ocrx_word' id='word_1_55' title='bbox 322 489 419 519; x_wconf 93' lang='lat' dir='ltr'><strong>sponte</strong></span> <span class='ocrx_word' id='word_1_56' title='bbox 445 485 619 519; x_wconf 85' lang='lat' dir='ltr'><strong>perspicuum</strong></span> <span class='ocrx_word' id='word_1_57' title='bbox 643 489 696 517; x_wconf 84' lang='lat' dir='ltr'><strong>est,</strong></span> <span class='ocrx_word' id='word_1_58' title='bbox 711 492 742 512; x_wconf 83' lang='lat' dir='ltr'><strong>ac</strong></span> <span class='ocrx_word' id='word_1_59' title='bbox 761 482 889 512; x_wconf 84' lang='lat' dir='ltr'><strong>omnibus</strong></span> <span class='ocrx_word' id='word_1_60' title='bbox 902 484 1026 517; x_wconf 82' lang='lat' dir='ltr'><strong>evidens,</strong></span> 
     </span>
    </p>
   </div>
   <div class='ocr_carea' id='block_1_11' title="bbox 246 530 774 566">
    <p class='ocr_par' dir='ltr' id='par_1_11' title="bbox 246 530 774 566">
     <span class='ocr_line' id='line_1_11' title="bbox 246 530 774 566; baseline -0.002 -8"><span class='ocrx_word' id='word_1_61' title='bbox 246 531 292 566; x_wconf 86' lang='lat' dir='ltr'><strong>qui</strong></span> <span class='ocrx_word' id='word_1_62' title='bbox 307 531 349 558; x_wconf 85' lang='lat' dir='ltr'><strong>vel</strong></span> <span class='ocrx_word' id='word_1_63' title='bbox 366 530 460 558; x_wconf 84' lang='lat' dir='ltr'><strong>leviter</strong></span> <span class='ocrx_word' id='word_1_64' title='bbox 475 531 633 558; x_wconf 75' lang='lat' dir='ltr'><strong>ratiocinari</strong></span> <span class='ocrx_word' id='word_1_65' title='bbox 648 535 774 566; x_wconf 88' lang='lat' dir='ltr'><strong>possunt.</strong></span> 
     </span>
    </p>
   </div>
   <div class='ocr_carea' id='block_1_12' title="bbox 282 575 1030 611">
    <p class='ocr_par' dir='ltr' id='par_1_12' title="bbox 282 575 1030 611">
     <span class='ocr_line' id='line_1_12' title="bbox 282 575 1030 611; baseline 0 -8"><span class='ocrx_word' id='word_1_66' title='bbox 282 577 391 604; x_wconf 82' lang='lat' dir='ltr'><strong>Cathari</strong></span> <span class='ocrx_word' id='word_1_67' title='bbox 404 581 468 604; x_wconf 90' lang='lat' dir='ltr'><strong>sunt</strong></span> <span class='ocrx_word' id='word_1_68' title='bbox 480 581 506 603; x_wconf 91' lang='lat' dir='ltr'><strong>et</strong></span> <span class='ocrx_word' id='word_1_69' title='bbox 519 577 570 611; x_wconf 69' lang='lat' dir='ltr'><strong>ipsi</strong></span> <span class='ocrx_word' id='word_1_70' title='bbox 585 584 617 604; x_wconf 88' lang='lat' dir='ltr'><strong>ex</strong></span> <span class='ocrx_word' id='word_1_71' title='bbox 636 576 670 603; x_wconf 91' lang='lat' dir='ltr'><strong>iis</strong></span> <span class='ocrx_word' id='word_1_72' title='bbox 683 577 728 611; x_wconf 88' lang='lat' dir='ltr'><strong>qui</strong></span> <span class='ocrx_word' id='word_1_73' title='bbox 745 581 808 603; x_wconf 88' lang='lat' dir='ltr'><strong>sunt</strong></span> <span class='ocrx_word' id='word_1_74' title='bbox 822 576 949 604; x_wconf 88' lang='lat' dir='ltr'><strong>abseissi.</strong></span> <span class='ocrx_word' id='word_1_75' title='bbox 970 575 1030 603; x_wconf 72' lang='lat' dir='ltr'><strong>Cte-</strong></span> 
     </span>
    </p>
   </div>
   <div class='ocr_carea' id='block_1_13' title="bbox 246 620 1030 656">
    <p class='ocr_par' dir='ltr' id='par_1_13' title="bbox 246 620 1030 656">
     <span class='ocr_line' id='line_1_13' title="bbox 246 620 1030 656; baseline 0 -8"><span class='ocrx_word' id='word_1_76' title='bbox 246 626 334 649; x_wconf 90' lang='lat' dir='ltr'><strong>terum</strong></span> <span class='ocrx_word' id='word_1_77' title='bbox 349 621 468 656; x_wconf 83' lang='lat' dir='ltr'><strong>antiquis</strong></span> <span class='ocrx_word' id='word_1_78' title='bbox 480 622 568 648; x_wconf 87' lang='lat' dir='ltr'><strong>visqu</strong></span> <span class='ocrx_word' id='word_1_79' title='bbox 585 625 638 652; x_wconf 85' lang='lat' dir='ltr'><strong>est.</strong></span> <span class='ocrx_word' id='word_1_80' title='bbox 655 620 791 656; x_wconf 83' lang='lat' dir='ltr'><strong>Cypriano</strong></span> <span class='ocrx_word' id='word_1_81' title='bbox 807 621 879 653; x_wconf 85' lang='lat' dir='ltr'><strong>dico,</strong></span> <span class='ocrx_word' id='word_1_82' title='bbox 893 624 920 648; x_wconf 90' lang='lat' dir='ltr'><strong>et</strong></span> <span class='ocrx_word' id='word_1_83' title='bbox 934 624 1030 648; x_wconf 86' lang='lat' dir='ltr'><strong>nostro</strong></span> 
     </span>
    </p>
   </div>
   <div class='ocr_carea' id='block_1_14' title="bbox 246 667 1030 703">
    <p class='ocr_par' dir='ltr' id='par_1_14' title="bbox 246 667 1030 703">
     <span class='ocr_line' id='line_1_14' title="bbox 246 667 1030 703; baseline 0.001 -9"><span class='ocrx_word' id='word_1_84' title='bbox 246 667 413 702; x_wconf 82' lang='lat' dir='ltr'><strong>Firmilinno,</strong></span> <span class='ocrx_word' id='word_1_85' title='bbox 436 669 486 696; x_wconf 86' lang='lat' dir='ltr'><strong>hos</strong></span> <span class='ocrx_word' id='word_1_86' title='bbox 507 676 602 696; x_wconf 87' lang='lat' dir='ltr'><strong>omnes</strong></span> <span class='ocrx_word' id='word_1_87' title='bbox 625 669 673 696; x_wconf 89' lang='lat' dir='ltr'><strong>uni</strong></span> <span class='ocrx_word' id='word_1_88' title='bbox 687 669 791 696; x_wconf 85' lang='lat' dir='ltr'><strong>calculo</strong></span> <span class='ocrx_word' id='word_1_89' title='bbox 807 668 954 703; x_wconf 79' lang='lat' dir='ltr'><strong>subiicere,</strong></span> <span class='ocrx_word' id='word_1_90' title='bbox 978 668 1030 695; x_wconf 83' lang='lat' dir='ltr'><strong>Ca-</strong></span> 
     </span>
    </p>
   </div>
   <div class='ocr_carea' id='block_1_15' title="bbox 247 714 1030 750">
    <p class='ocr_par' dir='ltr' id='par_1_15' title="bbox 247 714 1030 750">
     <span class='ocr_line' id='line_1_15' title="bbox 247 714 1030 750; baseline 0 -9"><span class='ocrx_word' id='word_1_91' title='bbox 247 714 351 748; x_wconf 86' lang='lat' dir='ltr'><strong>tharos,</strong></span> <span class='ocrx_word' id='word_1_92' title='bbox 361 719 386 742; x_wconf 89' lang='lat' dir='ltr'><strong>et</strong></span> <span class='ocrx_word' id='word_1_93' title='bbox 397 715 562 745; x_wconf 87' lang='lat' dir='ltr'><strong>Encratitas,</strong></span> <span class='ocrx_word' id='word_1_94' title='bbox 574 719 601 742; x_wconf 91' lang='lat' dir='ltr'><strong>et</strong></span> <span class='ocrx_word' id='word_1_95' title='bbox 614 714 874 750; x_wconf 87' lang='lat' dir='ltr'><strong>Hydroparastatas;</strong></span> <span class='ocrx_word' id='word_1_96' title='bbox 889 719 1030 749; x_wconf 82' lang='lat' dir='ltr'><strong>propterea</strong></span> 
     </span>
    </p>
   </div>
   <div class='ocr_carea' id='block_1_16' title="bbox 246 759 1028 795">
    <p class='ocr_par' dir='ltr' id='par_1_16' title="bbox 246 759 1028 795">
     <span class='ocr_line' id='line_1_16' title="bbox 246 759 1028 795; baseline 0.001 -9"><span class='ocrx_word' id='word_1_97' title='bbox 246 760 318 795; x_wconf 88' lang='lat' dir='ltr'><strong>quod</strong></span> <span class='ocrx_word' id='word_1_98' title='bbox 336 760 500 795; x_wconf 88' lang='lat' dir='ltr'><strong>principium</strong></span> <span class='ocrx_word' id='word_1_99' title='bbox 525 761 634 794; x_wconf 85' lang='lat' dir='ltr'><strong>quidem</strong></span> <span class='ocrx_word' id='word_1_100' title='bbox 651 760 832 795; x_wconf 87' lang='lat' dir='ltr'><strong>separationis</strong></span> <span class='ocrx_word' id='word_1_101' title='bbox 847 767 894 795; x_wconf 91' lang='lat' dir='ltr'><strong>per</strong></span> <span class='ocrx_word' id='word_1_102' title='bbox 910 759 1028 787; x_wconf 83' lang='lat' dir='ltr'><strong>schisma</strong></span> 
     </span>
    </p>
   </div>
   <div class='ocr_carea' id='block_1_17' title="bbox 245 805 1031 841">
    <p class='ocr_par' dir='ltr' id='par_1_17' title="bbox 245 805 1031 841">
     <span class='ocr_line' id='line_1_17' title="bbox 245 805 1031 841; baseline 0 -9"><span class='ocrx_word' id='word_1_103' title='bbox 245 805 346 832; x_wconf 86' lang='lat' dir='ltr'><strong>factum</strong></span> <span class='ocrx_word' id='word_1_104' title='bbox 360 806 448 834; x_wconf 81' lang='lat' dir='ltr'><strong>fuerat</strong></span> <span class='ocrx_word' id='word_1_105' title='bbox 468 815 474 833; x_wconf 90' lang='lat'>:</span> <span class='ocrx_word' id='word_1_106' title='bbox 496 807 542 841; x_wconf 87' lang='lat' dir='ltr'><strong>qui</strong></span> <span class='ocrx_word' id='word_1_107' title='bbox 556 810 646 834; x_wconf 87' lang='lat' dir='ltr'><strong>autem</strong></span> <span class='ocrx_word' id='word_1_108' title='bbox 659 807 693 833; x_wconf 91' lang='lat' dir='ltr'><strong>ab</strong></span> <span class='ocrx_word' id='word_1_109' title='bbox 709 805 830 834; x_wconf 82' lang='lat' dir='ltr'><strong>Ecclesia</strong></span> <span class='ocrx_word' id='word_1_110' title='bbox 849 813 877 833; x_wconf 87' lang='lat' dir='ltr'><strong>se</strong></span> <span class='ocrx_word' id='word_1_111' title='bbox 888 813 1031 840; x_wconf 84' lang='lat' dir='ltr'><strong>separave-</strong></span> 
     </span>
    </p>
   </div>
   <div class='ocr_carea' id='block_1_18' title="bbox 246 851 1030 887">
    <p class='ocr_par' dir='ltr' id='par_1_18' title="bbox 246 851 1030 887">
     <span class='ocr_line' id='line_1_18' title="bbox 246 851 1030 887; baseline -0.001 -8"><span class='ocrx_word' id='word_1_112' title='bbox 246 855 319 883; x_wconf 82' lang='lat' dir='ltr'><strong>rant,</strong></span> <span class='ocrx_word' id='word_1_113' title='bbox 338 858 392 878; x_wconf 93' lang='lat' dir='ltr'><strong>non</strong></span> <span class='ocrx_word' id='word_1_114' title='bbox 410 851 546 879; x_wconf 86' lang='lat' dir='ltr'><strong>habebant</strong></span> <span class='ocrx_word' id='word_1_115' title='bbox 562 852 681 887; x_wconf 86' lang='lat' dir='ltr'><strong>amplius</strong></span> <span class='ocrx_word' id='word_1_116' title='bbox 693 852 720 879; x_wconf 87' lang='lat' dir='ltr'><strong>in</strong></span> <span class='ocrx_word' id='word_1_117' title='bbox 736 859 765 879; x_wconf 90' lang='lat' dir='ltr'><strong>se</strong></span> <span class='ocrx_word' id='word_1_118' title='bbox 781 852 895 887; x_wconf 77' lang='lat' dir='ltr'><strong>gratiam</strong></span> <span class='ocrx_word' id='word_1_119' title='bbox 911 851 1030 886; x_wconf 81' lang='lat' dir='ltr'><strong>Spiritus</strong></span> 
     </span>
    </p>
   </div>
   <div class='ocr_carea' id='block_1_19' title="bbox 245 896 1028 933">
    <p class='ocr_par' dir='ltr' id='par_1_19' title="bbox 245 896 1028 933">
     <span class='ocr_line' id='line_1_19' title="bbox 245 896 1028 933; baseline 0.001 -9"><span class='ocrx_word' id='word_1_120' title='bbox 245 897 355 924; x_wconf 85' lang='lat' dir='ltr'><strong>sancti:</strong></span> <span class='ocrx_word' id='word_1_121' title='bbox 376 896 512 925; x_wconf 82' lang='lat' dir='ltr'><strong>defecerat</strong></span> <span class='ocrx_word' id='word_1_122' title='bbox 527 898 600 925; x_wconf 86' lang='lat' dir='ltr'><strong>enim</strong></span> <span class='ocrx_word' id='word_1_123' title='bbox 621 898 846 928; x_wconf 85' lang='lat' dir='ltr'><strong>communicatio.</strong></span> <span class='ocrx_word' id='word_1_124' title='bbox 875 898 1028 933; x_wconf 84' lang='lat' dir='ltr'><strong>interrupta</strong></span> 
     </span>
    </p>
   </div>
   <div class='ocr_carea' id='block_1_20' title="bbox 1081 301 1861 338">
    <p class='ocr_par' dir='ltr' id='par_1_20' title="bbox 1081 301 1861 338">
     <span class='ocr_line' id='line_1_20' title="bbox 1081 301 1861 338; baseline 0.001 -11"><span class='ocrx_word' id='word_1_125' title='bbox 1081 301 1266 336; x_wconf 83' lang='grc' dir='ltr'>Πρίσκιλλαν;</span> <span class='ocrx_word' id='word_1_126' title='bbox 1291 303 1322 330; x_wconf 74' lang='grc' dir='ltr'><strong>οὒ</strong></span> <span class='ocrx_word' id='word_1_127' title='bbox 1346 303 1402 338; x_wconf 83' lang='grc' dir='ltr'>γὰρ</span> <span class='ocrx_word' id='word_1_128' title='bbox 1426 302 1633 338; x_wconf 84' lang='grc' dir='ltr'>ἐϐαπτίσθησαν</span> <span class='ocrx_word' id='word_1_129' title='bbox 1650 303 1676 329; x_wconf 77' lang='lat' dir='ltr'><strong>al</strong></span> <span class='ocrx_word' id='word_1_130' title='bbox 1700 302 1740 334; x_wconf 75' lang='grc' dir='ltr'><strong>είς</strong></span> <span class='ocrx_word' id='word_1_131' title='bbox 1766 302 1802 328; x_wconf 80' lang='grc' dir='ltr'><strong>τὰ</strong></span> <span class='ocrx_word' id='word_1_132' title='bbox 1824 302 1861 338; x_wconf 81' lang='grc' dir='ltr'>μὴ</span> 
     </span>
    </p>
   </div>
   <div class='ocr_carea' id='block_1_21' title="bbox 1081 347 1861 384">
    <p class='ocr_par' dir='ltr' id='par_1_21' title="bbox 1081 347 1861 384">
     <span class='ocr_line' id='line_1_21' title="bbox 1081 347 1861 384; baseline 0.003 -11"><span class='ocrx_word' id='word_1_133' title='bbox 1081 347 1285 383; x_wconf 82' lang='grc' dir='ltr'><strong>παραδεδομένα</strong></span> <span class='ocrx_word' id='word_1_134' title='bbox 1298 349 1364 384; x_wconf 76' lang='grc' dir='ltr'>ἡμῖν</span> <span class='ocrx_word' id='word_1_135' title='bbox 1391 348 1583 384; x_wconf 78' lang='grc' dir='ltr'><strong>βαπτισθέντες</strong></span> <span class='ocrx_word' id='word_1_136' title='bbox 1594 356 1602 364; x_wconf 77' lang='grc' dir='ltr'><strong><em>ο</em></strong></span> <span class='ocrx_word' id='word_1_137' title='bbox 1627 347 1697 374; x_wconf 83' lang='grc' dir='ltr'>ὥστε</span> <span class='ocrx_word' id='word_1_138' title='bbox 1712 348 1736 375; x_wconf 85' lang='grc' dir='ltr'><strong>εί</strong></span> <span class='ocrx_word' id='word_1_139' title='bbox 1753 348 1800 375; x_wconf 74' lang='grc' dir='ltr'>καὶ</span> <span class='ocrx_word' id='word_1_140' title='bbox 1817 347 1861 375; x_wconf 75' lang='grc' dir='ltr'><strong>τὸν</strong></span> 
     </span>
    </p>
   </div>
   <div class='ocr_carea' id='block_1_22' title="bbox 1082 392 1858 429">
    <p class='ocr_par' dir='ltr' id='par_1_22' title="bbox 1082 392 1858 429">
     <span class='ocr_line' id='line_1_22' title="bbox 1082 392 1858 429; baseline 0 -9"><span class='ocrx_word' id='word_1_141' title='bbox 1082 392 1169 428; x_wconf 77' lang='grc' dir='ltr'>μέγαν</span> <span class='ocrx_word' id='word_1_142' title='bbox 1191 394 1270 421; x_wconf 84' lang='grc' dir='ltr'>τοῦτο</span> <span class='ocrx_word' id='word_1_143' title='bbox 1291 394 1413 429; x_wconf 78' lang='grc' dir='ltr'>παρῆλθε</span> <span class='ocrx_word' id='word_1_144' title='bbox 1433 393 1582 427; x_wconf 81' lang='grc' dir='ltr'>Διονύσιον,</span> <span class='ocrx_word' id='word_1_145' title='bbox 1600 393 1659 420; x_wconf 80' lang='grc' dir='ltr'>ἀλλ’</span> <span class='ocrx_word' id='word_1_146' title='bbox 1672 393 1738 428; x_wconf 75' lang='grc' dir='ltr'>ἡμῖν</span> <span class='ocrx_word' id='word_1_147' title='bbox 1759 393 1790 420; x_wconf 78' lang='grc' dir='ltr'>οὐ</span> <span class='ocrx_word' id='word_1_148' title='bbox 1809 402 1858 427; x_wconf 76' lang='grc' dir='ltr'><strong>φυο</strong></span> 
     </span>
    </p>
   </div>
   <div class='ocr_carea' id='block_1_23' title="bbox 1079 438 1859 475">
    <p class='ocr_par' dir='ltr' id='par_1_23' title="bbox 1079 438 1859 475">
     <span class='ocr_line' id='line_1_23' title="bbox 1079 438 1859 475; baseline 0 -9"><span class='ocrx_word' id='word_1_149' title='bbox 1079 438 1195 466; x_wconf 84' lang='grc' dir='ltr'>λακτέον</span> <span class='ocrx_word' id='word_1_150' title='bbox 1208 439 1257 475; x_wconf 81' lang='grc' dir='ltr'>τὴν</span> <span class='ocrx_word' id='word_1_151' title='bbox 1266 440 1381 475; x_wconf 75' lang='grc' dir='ltr'><strong>μίμησιν</strong></span> <span class='ocrx_word' id='word_1_152' title='bbox 1395 439 1443 467; x_wconf 78' lang='grc' dir='ltr'>τοῦ</span> <span class='ocrx_word' id='word_1_153' title='bbox 1458 439 1615 474; x_wconf 79' lang='grc' dir='ltr'>σφάλματος</span> <span class='ocrx_word' id='word_1_154' title='bbox 1624 447 1631 455; x_wconf 91' lang='grc'><strong>·</strong></span> <span class='ocrx_word' id='word_1_155' title='bbox 1648 439 1679 465; x_wconf 80' lang='grc' dir='ltr'>τὸ</span> <span class='ocrx_word' id='word_1_156' title='bbox 1690 439 1743 473; x_wconf 84' lang='grc' dir='ltr'>γὰρ</span> <span class='ocrx_word' id='word_1_157' title='bbox 1760 438 1859 466; x_wconf 77' lang='grc' dir='ltr'>ἄτοπον</span> 
     </span>
    </p>
   </div>
   <div class='ocr_carea' id='block_1_24' title="bbox 1080 481 1861 520">
    <p class='ocr_par' dir='ltr' id='par_1_24' title="bbox 1080 481 1861 520">
     <span class='ocr_line' id='line_1_24' title="bbox 1080 481 1861 520; baseline 0 -9"><span class='ocrx_word' id='word_1_158' title='bbox 1080 484 1175 512; x_wconf 76' lang='grc' dir='ltr'>αὐτόθι</span> <span class='ocrx_word' id='word_1_159' title='bbox 1200 485 1344 520; x_wconf 81' lang='grc' dir='ltr'>πρόδηλον,</span> <span class='ocrx_word' id='word_1_160' title='bbox 1368 485 1414 512; x_wconf 77' lang='grc' dir='ltr'>καὶ</span> <span class='ocrx_word' id='word_1_161' title='bbox 1441 486 1525 512; x_wconf 80' lang='grc' dir='ltr'>πᾶσιν</span> <span class='ocrx_word' id='word_1_162' title='bbox 1549 483 1663 520; x_wconf 74' lang='grc' dir='ltr'>ἐναργὲς</span> <span class='ocrx_word' id='word_1_163' title='bbox 1693 481 1734 516; x_wconf 79' lang='grc' dir='ltr'>οἷς</span> <span class='ocrx_word' id='word_1_164' title='bbox 1764 493 1791 511; x_wconf 82' lang='grc' dir='ltr'><strong>τι</strong></span> <span class='ocrx_word' id='word_1_165' title='bbox 1815 485 1861 511; x_wconf 80' lang='grc' dir='ltr'>καὶ</span> 
     </span>
    </p>
   </div>
   <div class='ocr_carea' id='block_1_25' title="bbox 1082 529 1563 566">
    <p class='ocr_par' dir='ltr' id='par_1_25' title="bbox 1082 529 1563 566">
     <span class='ocr_line' id='line_1_25' title="bbox 1082 529 1563 566; baseline 0.002 -10"><span class='ocrx_word' id='word_1_166' title='bbox 1082 529 1179 564; x_wconf 82' lang='grc' dir='ltr'>μικρὸν</span> <span class='ocrx_word' id='word_1_167' title='bbox 1196 530 1242 556; x_wconf 86' lang='grc' dir='ltr'>τοῦ</span> <span class='ocrx_word' id='word_1_168' title='bbox 1259 530 1413 565; x_wconf 79' lang='grc' dir='ltr'>λογίζεσθαι</span> <span class='ocrx_word' id='word_1_169' title='bbox 1428 531 1563 566; x_wconf 78' lang='grc' dir='ltr'><strong>μέτεστιν.</strong></span> 
     </span>
    </p>
   </div>
   <div class='ocr_carea' id='block_1_26' title="bbox 1116 575 1859 613">
    <p class='ocr_par' dir='ltr' id='par_1_26' title="bbox 1116 575 1859 613">
     <span class='ocr_line' id='line_1_26' title="bbox 1116 575 1859 613; baseline 0.004 -11"><span class='ocrx_word' id='word_1_170' title='bbox 1116 577 1147 602; x_wconf 82' lang='grc' dir='ltr'><strong>Οί</strong></span> <span class='ocrx_word' id='word_1_171' title='bbox 1159 576 1188 603; x_wconf 84' lang='grc' dir='ltr'><strong>δέ</strong></span> <span class='ocrx_word' id='word_1_172' title='bbox 1203 576 1325 612; x_wconf 76' lang='grc' dir='ltr'>Καθαροὶ</span> <span class='ocrx_word' id='word_1_173' title='bbox 1342 577 1388 603; x_wconf 83' lang='grc' dir='ltr'>καὶ</span> <span class='ocrx_word' id='word_1_174' title='bbox 1404 577 1481 604; x_wconf 79' lang='grc' dir='ltr'>αὐτοὶ</span> <span class='ocrx_word' id='word_1_175' title='bbox 1497 577 1552 604; x_wconf 85' lang='grc' dir='ltr'><strong>τῶν</strong></span> <span class='ocrx_word' id='word_1_176' title='bbox 1568 578 1776 613; x_wconf 80' lang='grc' dir='ltr'>ἁπεσχισμένων</span> <span class='ocrx_word' id='word_1_177' title='bbox 1799 575 1859 605; x_wconf 76' lang='grc' dir='ltr'>είσί⁸</span> 
     </span>
    </p>
   </div>
   <div class='ocr_carea' id='block_1_27' title="bbox 1081 620 1862 658">
    <p class='ocr_par' dir='ltr' id='par_1_27' title="bbox 1081 620 1862 658">
     <span class='ocr_line' id='line_1_27' title="bbox 1081 620 1862 658; baseline 0.005 -13"><span class='ocrx_word' id='word_1_178' title='bbox 1081 620 1150 655; x_wconf 85' lang='grc' dir='ltr'>πλὴν</span> <span class='ocrx_word' id='word_1_179' title='bbox 1163 620 1234 653; x_wconf 73' lang='grc' dir='ltr'>ἔδοξε</span> <span class='ocrx_word' id='word_1_180' title='bbox 1247 622 1300 653; x_wconf 79' lang='grc' dir='ltr'>τοῖς</span> <span class='ocrx_word' id='word_1_181' title='bbox 1313 622 1448 657; x_wconf 80' lang='grc' dir='ltr'>ἀρχαίοις,</span> <span class='ocrx_word' id='word_1_182' title='bbox 1460 623 1516 653; x_wconf 87' lang='grc' dir='ltr'>τοῖς</span> <span class='ocrx_word' id='word_1_183' title='bbox 1532 623 1596 658; x_wconf 84' lang='grc' dir='ltr'>περὶ</span> <span class='ocrx_word' id='word_1_184' title='bbox 1615 623 1771 658; x_wconf 81' lang='grc' dir='ltr'>Κυπριανδν</span> <span class='ocrx_word' id='word_1_185' title='bbox 1793 622 1862 656; x_wconf 84' lang='grc' dir='ltr'>λέγω</span> 
     </span>
    </p>
   </div>
   <div class='ocr_carea' id='block_1_28' title="bbox 1081 666 1861 704">
    <p class='ocr_par' dir='ltr' id='par_1_28' title="bbox 1081 666 1861 704">
     <span class='ocr_line' id='line_1_28' title="bbox 1081 666 1861 704; baseline 0.003 -12"><span class='ocrx_word' id='word_1_186' title='bbox 1081 666 1128 693; x_wconf 84' lang='grc' dir='ltr'>καὶ</span> <span class='ocrx_word' id='word_1_187' title='bbox 1140 667 1311 702; x_wconf 84' lang='grc' dir='ltr'>Φιρμιλιανὺν</span> <span class='ocrx_word' id='word_1_188' title='bbox 1327 668 1372 694; x_wconf 84' lang='grc' dir='ltr'><strong>τδν</strong></span> <span class='ocrx_word' id='word_1_189' title='bbox 1388 668 1533 703; x_wconf 85' lang='grc' dir='ltr'>ἡμέτερον,</span> <span class='ocrx_word' id='word_1_190' title='bbox 1554 668 1664 699; x_wconf 82' lang='grc' dir='ltr'><strong>τούτους</strong></span> <span class='ocrx_word' id='word_1_191' title='bbox 1681 668 1785 700; x_wconf 77' lang='grc' dir='ltr'>πάντας</span> <span class='ocrx_word' id='word_1_192' title='bbox 1812 668 1861 704; x_wconf 74' lang='grc' dir='ltr'>μιᾷ</span> 
     </span>
    </p>
   </div>
   <div class='ocr_carea' id='block_1_29' title="bbox 1080 710 1863 748">
    <p class='ocr_par' dir='ltr' id='par_1_29' title="bbox 1080 710 1863 748">
     <span class='ocr_line' id='line_1_29' title="bbox 1080 710 1863 748; baseline 0.003 -10"><span class='ocrx_word' id='word_1_193' title='bbox 1080 710 1163 746; x_wconf 71' lang='grc' dir='ltr'><strong>ψήφῳ</strong></span> <span class='ocrx_word' id='word_1_194' title='bbox 1177 712 1347 744; x_wconf 81' lang='grc' dir='ltr'>ὑποϐάλλειν,</span> <span class='ocrx_word' id='word_1_195' title='bbox 1373 712 1518 748; x_wconf 76' lang='grc' dir='ltr'><strong>Καθαροὺς</strong></span> <span class='ocrx_word' id='word_1_196' title='bbox 1545 714 1592 739; x_wconf 82' lang='grc' dir='ltr'>καὶ</span> <span class='ocrx_word' id='word_1_197' title='bbox 1612 713 1791 748; x_wconf 82' lang='grc' dir='ltr'>Ἑγκρατίτας</span> <span class='ocrx_word' id='word_1_198' title='bbox 1817 714 1863 740; x_wconf 75' lang='grc' dir='ltr'>καὶ</span> 
     </span>
    </p>
   </div>
   <div class='ocr_carea' id='block_1_30' title="bbox 1086 757 1861 794">
    <p class='ocr_par' dir='ltr' id='par_1_30' title="bbox 1086 757 1861 794">
     <span class='ocr_line' id='line_1_30' title="bbox 1086 757 1861 794; baseline 0.003 -11"><span class='ocrx_word' id='word_1_199' title='bbox 1086 757 1347 793; x_wconf 80' lang='grc' dir='ltr'>’Υδροπαραστάτας</span> <span class='ocrx_word' id='word_1_200' title='bbox 1358 765 1365 774; x_wconf 94' lang='grc'><strong>·</strong></span> <span class='ocrx_word' id='word_1_201' title='bbox 1382 758 1448 784; x_wconf 87' lang='grc' dir='ltr'>διότι</span> <span class='ocrx_word' id='word_1_202' title='bbox 1463 759 1481 794; x_wconf 79' lang='grc' dir='ltr'>ἡ</span> <span class='ocrx_word' id='word_1_203' title='bbox 1497 758 1546 793; x_wconf 79' lang='grc' dir='ltr'>μὲν</span> <span class='ocrx_word' id='word_1_204' title='bbox 1561 759 1632 794; x_wconf 83' lang='grc' dir='ltr'>ἀρχὴ</span> <span class='ocrx_word' id='word_1_205' title='bbox 1646 758 1694 785; x_wconf 83' lang='grc' dir='ltr'><strong>τοῦ</strong></span> <span class='ocrx_word' id='word_1_206' title='bbox 1708 759 1861 794; x_wconf 77' lang='grc' dir='ltr'>χωρισμοῦ,</span> 
     </span>
    </p>
   </div>
   <div class='ocr_carea' id='block_1_31' title="bbox 1080 803 1864 840">
    <p class='ocr_par' dir='ltr' id='par_1_31' title="bbox 1080 803 1864 840">
     <span class='ocr_line' id='line_1_31' title="bbox 1080 803 1864 840; baseline 0.003 -11"><span class='ocrx_word' id='word_1_207' title='bbox 1080 803 1124 829; x_wconf 80' lang='grc' dir='ltr'><strong>διὰ</strong></span> <span class='ocrx_word' id='word_1_208' title='bbox 1136 803 1284 839; x_wconf 76' lang='grc' dir='ltr'>σχίσματας</span> <span class='ocrx_word' id='word_1_209' title='bbox 1297 803 1406 838; x_wconf 84' lang='grc' dir='ltr'>γέγονεν</span> <span class='ocrx_word' id='word_1_210' title='bbox 1417 812 1424 819; x_wconf 95' lang='grc'><strong>·</strong></span> <span class='ocrx_word' id='word_1_211' title='bbox 1446 804 1473 830; x_wconf 82' lang='grc' dir='ltr'>οι</span> <span class='ocrx_word' id='word_1_212' title='bbox 1495 804 1524 831; x_wconf 80' lang='grc' dir='ltr'>δὲ</span> <span class='ocrx_word' id='word_1_213' title='bbox 1533 805 1582 840; x_wconf 83' lang='grc' dir='ltr'>τῆς</span> <span class='ocrx_word' id='word_1_214' title='bbox 1613 803 1773 839; x_wconf 77' lang='grc' dir='ltr'>Ἐκκλησίας</span> <span class='ocrx_word' id='word_1_215' title='bbox 1795 805 1864 832; x_wconf 83' lang='grc' dir='ltr'>ἀπο-</span> 
     </span>
    </p>
   </div>
   <div class='ocr_carea' id='block_1_32' title="bbox 1082 847 1865 884">
    <p class='ocr_par' dir='ltr' id='par_1_32' title="bbox 1082 847 1865 884">
     <span class='ocr_line' id='line_1_32' title="bbox 1082 847 1865 884; baseline 0.004 -11"><span class='ocrx_word' id='word_1_216' title='bbox 1082 847 1203 880; x_wconf 82' lang='grc' dir='ltr'>στάντες,</span> <span class='ocrx_word' id='word_1_217' title='bbox 1215 849 1265 875; x_wconf 82' lang='grc' dir='ltr'>οὐκ</span> <span class='ocrx_word' id='word_1_218' title='bbox 1273 847 1313 875; x_wconf 77' lang='grc' dir='ltr'><strong>ἐτι</strong></span> <span class='ocrx_word' id='word_1_219' title='bbox 1323 848 1402 884; x_wconf 77' lang='grc' dir='ltr'>ἔσχον</span> <span class='ocrx_word' id='word_1_220' title='bbox 1413 847 1462 884; x_wconf 76' lang='grc' dir='ltr'>τὴν</span> <span class='ocrx_word' id='word_1_221' title='bbox 1470 849 1550 884; x_wconf 81' lang='grc' dir='ltr'>χάριν</span> <span class='ocrx_word' id='word_1_222' title='bbox 1561 848 1608 876; x_wconf 85' lang='grc' dir='ltr'>τοῦ</span> <span class='ocrx_word' id='word_1_223' title='bbox 1618 849 1695 884; x_wconf 79' lang='grc' dir='ltr'>ἁγίου</span> <span class='ocrx_word' id='word_1_224' title='bbox 1706 849 1865 884; x_wconf 79' lang='grc' dir='ltr'>Πνεύματος</span> 
     </span>
    </p>
   </div>
   <div class='ocr_carea' id='block_1_33' title="bbox 1062 892 1864 929">
    <p class='ocr_par' dir='ltr' id='par_1_33' title="bbox 1062 892 1864 929">
     <span class='ocr_line' id='line_1_33' title="bbox 1062 892 1864 929; baseline 0.001 -11"><span class='ocrx_word' id='word_1_225' title='bbox 1062 902 1067 908; x_wconf 75' lang='grc' dir='ltr'><strong>ι</strong></span> <span class='ocrx_word' id='word_1_226' title='bbox 1081 892 1123 926; x_wconf 83' lang='grc' dir='ltr'>ἐφ’</span> <span class='ocrx_word' id='word_1_227' title='bbox 1137 892 1249 924; x_wconf 80' lang='grc' dir='ltr'>ἑαυτούς</span> <span class='ocrx_word' id='word_1_228' title='bbox 1259 900 1266 908; x_wconf 92' lang='grc'><strong>·</strong></span> <span class='ocrx_word' id='word_1_229' title='bbox 1284 893 1394 919; x_wconf 77' lang='grc' dir='ltr'><strong>ἐπέλιπε</strong></span> <span class='ocrx_word' id='word_1_230' title='bbox 1415 893 1469 929; x_wconf 79' lang='grc' dir='ltr'><strong>γὰρ</strong></span> <span class='ocrx_word' id='word_1_231' title='bbox 1483 894 1500 929; x_wconf 81' lang='grc' dir='ltr'><strong>ἡ</strong></span> <span class='ocrx_word' id='word_1_232' title='bbox 1515 893 1657 928; x_wconf 71' lang='grc' dir='ltr'>μετάδοσις</span> <span class='ocrx_word' id='word_1_233' title='bbox 1679 892 1718 928; x_wconf 81' lang='grc' dir='ltr'>τῷ</span> <span class='ocrx_word' id='word_1_234' title='bbox 1732 892 1864 927; x_wconf 66' lang='grc' dir='ltr'>διακοπῆέ</span> 
     </span>
    </p>
   </div>
   <div class='ocr_carea' id='block_1_34' title="bbox 245 935 1029 977">
    <p class='ocr_par' dir='ltr' id='par_1_34' title="bbox 245 942 1029 977">
     <span class='ocr_line' id='line_1_34' title="bbox 245 942 1029 977; baseline 0.003 -9"><span class='ocrx_word' id='word_1_235' title='bbox 245 942 458 969; x_wconf 87' lang='lat' dir='ltr'><strong>continuatione.</strong></span> <span class='ocrx_word' id='word_1_236' title='bbox 491 943 542 975; x_wconf 87' lang='lat' dir='ltr'><strong>Qui</strong></span> <span class='ocrx_word' id='word_1_237' title='bbox 564 943 635 970; x_wconf 89' lang='lat' dir='ltr'><strong>enim</strong></span> <span class='ocrx_word' id='word_1_238' title='bbox 652 943 731 977; x_wconf 85' lang='lat' dir='ltr'><strong>primi</strong></span> <span class='ocrx_word' id='word_1_239' title='bbox 750 947 929 976; x_wconf 84' lang='lat' dir='ltr'><strong>recesserant,</strong></span> <span class='ocrx_word' id='word_1_240' title='bbox 954 943 1029 971; x_wconf 89' lang='lat' dir='ltr'><strong>ordi-</strong></span> 
     </span>
    </p>
   </div>
   <div class='ocr_carea' id='block_1_35' title="bbox 1083 935 1866 977">
    <p class='ocr_par' dir='ltr' id='par_1_35' title="bbox 1083 937 1866 973">
     <span class='ocr_line' id='line_1_35' title="bbox 1083 937 1866 973; baseline -0.001 -9"><span class='ocrx_word' id='word_1_241' title='bbox 1083 946 1126 965; x_wconf 88' lang='grc' dir='ltr'><strong>ναι</strong></span> <span class='ocrx_word' id='word_1_242' title='bbox 1136 937 1185 973; x_wconf 80' lang='grc' dir='ltr'>τὴν</span> <span class='ocrx_word' id='word_1_243' title='bbox 1202 938 1375 965; x_wconf 84' lang='grc' dir='ltr'>ἀκολουθείαν</span> <span class='ocrx_word' id='word_1_244' title='bbox 1386 946 1392 952; x_wconf 92' lang='grc'><strong>·</strong></span> <span class='ocrx_word' id='word_1_245' title='bbox 1409 939 1434 965; x_wconf 83' lang='lat' dir='ltr'><strong>ot</strong></span> <span class='ocrx_word' id='word_1_246' title='bbox 1460 938 1508 973; x_wconf 78' lang='grc' dir='ltr'>μὲν</span> <span class='ocrx_word' id='word_1_247' title='bbox 1530 937 1584 972; x_wconf 84' lang='grc' dir='ltr'>γὰρ</span> <span class='ocrx_word' id='word_1_248' title='bbox 1600 937 1703 973; x_wconf 84' lang='grc' dir='ltr'>πρῶτοι</span> <span class='ocrx_word' id='word_1_249' title='bbox 1722 937 1866 972; x_wconf 81' lang='grc' dir='ltr'>ἀναχωρή-</span> 
     </span>
    </p>
   </div>
   <div class='ocr_carea' id='block_1_36' title="bbox 246 986 1026 1023">
    <p class='ocr_par' dir='ltr' id='par_1_36' title="bbox 246 986 1026 1023">
     <span class='ocr_line' id='line_1_36' title="bbox 246 986 1026 1023; baseline 0 -10"><span class='ocrx_word' id='word_1_250' title='bbox 246 987 383 1013; x_wconf 89' lang='lat' dir='ltr'><strong>nationem</strong></span> <span class='ocrx_word' id='word_1_251' title='bbox 407 993 422 1014; x_wconf 89' lang='lat' dir='ltr'><strong>a</strong></span> <span class='ocrx_word' id='word_1_252' title='bbox 442 986 568 1014; x_wconf 86' lang='lat' dir='ltr'><strong>Patribus</strong></span> <span class='ocrx_word' id='word_1_253' title='bbox 595 987 742 1020; x_wconf 80' lang='lat' dir='ltr'><strong>habebant,</strong></span> <span class='ocrx_word' id='word_1_254' title='bbox 768 991 794 1015; x_wconf 92' lang='lat' dir='ltr'><strong>et</strong></span> <span class='ocrx_word' id='word_1_255' title='bbox 824 995 872 1023; x_wconf 87' lang='lat' dir='ltr'><strong>per</strong></span> <span class='ocrx_word' id='word_1_256' title='bbox 897 995 1026 1015; x_wconf 88' lang='lat' dir='ltr'><strong>manuum</strong></span> 
     </span>
    </p>
   </div>
   <div class='ocr_carea' id='block_1_37' title="bbox 244 1030 1027 1066">
    <p class='ocr_par' dir='ltr' id='par_1_37' title="bbox 244 1030 1027 1066">
     <span class='ocr_line' id='line_1_37' title="bbox 244 1030 1027 1066; baseline 0.001 -9"><span class='ocrx_word' id='word_1_257' title='bbox 244 1037 340 1057; x_wconf 90' lang='lat' dir='ltr'><strong>eorum</strong></span> <span class='ocrx_word' id='word_1_258' title='bbox 362 1030 563 1066; x_wconf 83' lang='lat' dir='ltr'><strong>intpositionem</strong></span> <span class='ocrx_word' id='word_1_259' title='bbox 589 1031 724 1058; x_wconf 86' lang='lat' dir='ltr'><strong>habebant</strong></span> <span class='ocrx_word' id='word_1_260' title='bbox 744 1032 845 1059; x_wconf 88' lang='lat' dir='ltr'><strong>donum</strong></span> <span class='ocrx_word' id='word_1_261' title='bbox 862 1031 1027 1066; x_wconf 85' lang='lat' dir='ltr'><strong>spirituale;</strong></span> 
     </span>
    </p>
   </div>
   <div class='ocr_carea' id='block_1_38' title="bbox 244 1076 1026 1112">
    <p class='ocr_par' dir='ltr' id='par_1_38' title="bbox 244 1076 1026 1112">
     <span class='ocr_line' id='line_1_38' title="bbox 244 1076 1026 1112; baseline 0.003 -10"><span class='ocrx_word' id='word_1_262' title='bbox 244 1076 291 1110; x_wconf 89' lang='lat' dir='ltr'><strong>qui</strong></span> <span class='ocrx_word' id='word_1_263' title='bbox 306 1081 396 1103; x_wconf 85' lang='lat' dir='ltr'><strong>autem</strong></span> <span class='ocrx_word' id='word_1_264' title='bbox 412 1076 510 1103; x_wconf 86' lang='lat' dir='ltr'><strong>resecti</strong></span> <span class='ocrx_word' id='word_1_265' title='bbox 522 1080 598 1109; x_wconf 85' lang='lat' dir='ltr'><strong>sunt,</strong></span> <span class='ocrx_word' id='word_1_266' title='bbox 611 1076 673 1104; x_wconf 85' lang='lat' dir='ltr'><strong>laici</strong></span> <span class='ocrx_word' id='word_1_267' title='bbox 686 1076 785 1110; x_wconf 79' lang='lat' dir='ltr'><strong>effecti,</strong></span> <span class='ocrx_word' id='word_1_268' title='bbox 801 1085 850 1104; x_wconf 90' lang='lat' dir='ltr'><strong>nec</strong></span> <span class='ocrx_word' id='word_1_269' title='bbox 861 1077 1026 1112; x_wconf 83' lang='lat' dir='ltr'><strong>baptizandi,</strong></span> 
     </span>
    </p>
   </div>
   <div class='ocr_carea' id='block_1_39' title="bbox 245 1120 1028 1156">
    <p class='ocr_par' dir='ltr' id='par_1_39' title="bbox 245 1120 1028 1156">
     <span class='ocr_line' id='line_1_39' title="bbox 245 1120 1028 1156; baseline 0.001 -9"><span class='ocrx_word' id='word_1_270' title='bbox 245 1128 296 1147; x_wconf 88' lang='lat' dir='ltr'><strong>nec</strong></span> <span class='ocrx_word' id='word_1_271' title='bbox 319 1120 463 1148; x_wconf 87' lang='lat' dir='ltr'><strong>ordinandi</strong></span> <span class='ocrx_word' id='word_1_272' title='bbox 486 1120 623 1148; x_wconf 86' lang='lat' dir='ltr'><strong>habebant</strong></span> <span class='ocrx_word' id='word_1_273' title='bbox 646 1126 818 1156; x_wconf 79' lang='lat' dir='ltr'><strong>potestatem,</strong></span> <span class='ocrx_word' id='word_1_274' title='bbox 844 1126 875 1148; x_wconf 90' lang='lat' dir='ltr'><strong>ut</strong></span> <span class='ocrx_word' id='word_1_275' title='bbox 900 1121 946 1156; x_wconf 90' lang='lat' dir='ltr'><strong>qui</strong></span> <span class='ocrx_word' id='word_1_276' title='bbox 974 1128 1028 1148; x_wconf 94' lang='lat' dir='ltr'><strong>non</strong></span> 
     </span>
    </p>
   </div>
   <div class='ocr_carea' id='block_1_40' title="bbox 245 1165 1030 1202">
    <p class='ocr_par' dir='ltr' id='par_1_40' title="bbox 245 1165 1030 1202">
     <span class='ocr_line' id='line_1_40' title="bbox 245 1165 1030 1202; baseline 0 -10"><span class='ocrx_word' id='word_1_277' title='bbox 245 1170 355 1199; x_wconf 85' lang='lat' dir='ltr'><strong>possent</strong></span> <span class='ocrx_word' id='word_1_278' title='bbox 370 1165 487 1199; x_wconf 86' lang='lat' dir='ltr'><strong>amplius</strong></span> <span class='ocrx_word' id='word_1_279' title='bbox 512 1165 630 1200; x_wconf 87' lang='lat' dir='ltr'><strong>Spiritus</strong></span> <span class='ocrx_word' id='word_1_280' title='bbox 656 1167 742 1193; x_wconf 88' lang='lat' dir='ltr'><strong>sancti</strong></span> <span class='ocrx_word' id='word_1_281' title='bbox 758 1167 873 1202; x_wconf 75' lang='lat' dir='ltr'><strong>gratiam</strong></span> <span class='ocrx_word' id='word_1_282' title='bbox 889 1166 950 1193; x_wconf 90' lang='lat' dir='ltr'><strong>aliis</strong></span> <span class='ocrx_word' id='word_1_283' title='bbox 964 1174 1030 1200; x_wconf 75' lang='lat' dir='ltr'><strong>pra:-</strong></span> 
     </span>
    </p>
   </div>
   <div class='ocr_carea' id='block_1_41' title="bbox 245 1210 1031 1246">
    <p class='ocr_par' dir='ltr' id='par_1_41' title="bbox 245 1210 1031 1246">
     <span class='ocr_line' id='line_1_41' title="bbox 245 1210 1031 1246; baseline 0.003 -9"><span class='ocrx_word' id='word_1_284' title='bbox 245 1211 320 1243; x_wconf 89' lang='lat' dir='ltr'><strong>bere,</strong></span> <span class='ocrx_word' id='word_1_285' title='bbox 342 1217 358 1237; x_wconf 87' lang='lat' dir='ltr'><strong>a</strong></span> <span class='ocrx_word' id='word_1_286' title='bbox 373 1217 426 1245; x_wconf 84' lang='lat' dir='ltr'><strong>qua</strong></span> <span class='ocrx_word' id='word_1_287' title='bbox 441 1210 493 1245; x_wconf 85' lang='lat' dir='ltr'><strong>ipsi</strong></span> <span class='ocrx_word' id='word_1_288' title='bbox 508 1211 677 1238; x_wconf 80' lang='lat' dir='ltr'><strong>exciderant.</strong></span> <span class='ocrx_word' id='word_1_289' title='bbox 694 1212 784 1245; x_wconf 83' lang='lat' dir='ltr'><strong>Quare</strong></span> <span class='ocrx_word' id='word_1_290' title='bbox 798 1219 856 1244; x_wconf 89' lang='lat' dir='ltr'><strong>eos,</strong></span> <span class='ocrx_word' id='word_1_291' title='bbox 873 1212 919 1246; x_wconf 91' lang='lat' dir='ltr'><strong>qui</strong></span> <span class='ocrx_word' id='word_1_292' title='bbox 936 1212 970 1239; x_wconf 87' lang='lat' dir='ltr'><strong>ab</strong></span> <span class='ocrx_word' id='word_1_293' title='bbox 989 1212 1031 1246; x_wconf 86' lang='lat' dir='ltr'><strong>ip-</strong></span> 
     </span>
    </p>
   </div>
   <div class='ocr_carea' id='block_1_42' title="bbox 245 1256 1029 1293">
    <p class='ocr_par' dir='ltr' id='par_1_42' title="bbox 245 1256 1029 1293">
     <span class='ocr_line' id='line_1_42' title="bbox 245 1256 1029 1293; baseline 0 -9"><span class='ocrx_word' id='word_1_294' title='bbox 245 1264 337 1284; x_wconf 85' lang='lat' dir='ltr'><strong>sorum</strong></span> <span class='ocrx_word' id='word_1_295' title='bbox 368 1257 493 1291; x_wconf 88' lang='lat' dir='ltr'><strong>partibus</strong></span> <span class='ocrx_word' id='word_1_296' title='bbox 514 1256 633 1290; x_wconf 79' lang='lat' dir='ltr'><strong>stabant,</strong></span> <span class='ocrx_word' id='word_1_297' title='bbox 659 1261 789 1292; x_wconf 83' lang='lat' dir='ltr'><strong>tanquam</strong></span> <span class='ocrx_word' id='word_1_298' title='bbox 809 1265 823 1284; x_wconf 85' lang='lat' dir='ltr'><strong>a</strong></span> <span class='ocrx_word' id='word_1_299' title='bbox 838 1258 915 1286; x_wconf 84' lang='lat' dir='ltr'><strong>laicis</strong></span> <span class='ocrx_word' id='word_1_300' title='bbox 939 1258 1029 1293; x_wconf 85' lang='lat' dir='ltr'><strong>bapti-</strong></span> 
     </span>
    </p>
   </div>
   <div class='ocr_carea' id='block_1_43' title="bbox 245 1302 1029 1338">
    <p class='ocr_par' dir='ltr' id='par_1_43' title="bbox 245 1302 1029 1338">
     <span class='ocr_line' id='line_1_43' title="bbox 245 1302 1029 1338; baseline 0.003 -9"><span class='ocrx_word' id='word_1_301' title='bbox 245 1308 330 1334; x_wconf 81' lang='lat' dir='ltr'><strong>zatos,</strong></span> <span class='ocrx_word' id='word_1_302' title='bbox 350 1302 490 1336; x_wconf 84' lang='lat' dir='ltr'><strong>jusserunt</strong></span> <span class='ocrx_word' id='word_1_303' title='bbox 510 1310 576 1330; x_wconf 91' lang='lat' dir='ltr'><strong>vero</strong></span> <span class='ocrx_word' id='word_1_304' title='bbox 591 1303 720 1330; x_wconf 70' lang='lat' dir='ltr'><strong>Ecclesia:</strong></span> <span class='ocrx_word' id='word_1_305' title='bbox 744 1304 907 1338; x_wconf 87' lang='lat' dir='ltr'><strong>baptismate</strong></span> <span class='ocrx_word' id='word_1_306' title='bbox 928 1304 962 1331; x_wconf 90' lang='lat' dir='ltr'><strong>ad</strong></span> <span class='ocrx_word' id='word_1_307' title='bbox 976 1304 1029 1332; x_wconf 88' lang='lat' dir='ltr'><strong>Ec-</strong></span> 
     </span>
    </p>
   </div>
   <div class='ocr_carea' id='block_1_44' title="bbox 249 1347 1028 1383">
    <p class='ocr_par' dir='ltr' id='par_1_44' title="bbox 249 1347 1028 1383">
     <span class='ocr_line' id='line_1_44' title="bbox 249 1347 1028 1383; baseline 0.001 -8"><span class='ocrx_word' id='word_1_308' title='bbox 249 1348 362 1376; x_wconf 86' lang='lat' dir='ltr'><strong>clesiam</strong></span> <span class='ocrx_word' id='word_1_309' title='bbox 373 1347 514 1375; x_wconf 81' lang='lat' dir='ltr'><strong>venientes</strong></span> <span class='ocrx_word' id='word_1_310' title='bbox 528 1348 683 1382; x_wconf 76' lang='lat' dir='ltr'><strong>expurgari.</strong></span> <span class='ocrx_word' id='word_1_311' title='bbox 697 1347 749 1376; x_wconf 89' lang='lat' dir='ltr'><strong>Sed</strong></span> <span class='ocrx_word' id='word_1_312' title='bbox 764 1350 894 1383; x_wconf 88' lang='lat' dir='ltr'><strong>quoniam</strong></span> <span class='ocrx_word' id='word_1_313' title='bbox 910 1349 1028 1376; x_wconf 81' lang='lat' dir='ltr'><strong>nonnul-</strong></span> 
     </span>
    </p>
   </div>
   <div class='ocr_carea' id='block_1_45' title="bbox 245 1393 1030 1430">
    <p class='ocr_par' dir='ltr' id='par_1_45' title="bbox 245 1393 1030 1430">
     <span class='ocr_line' id='line_1_45' title="bbox 245 1393 1030 1430; baseline 0.003 -10"><span class='ocrx_word' id='word_1_314' title='bbox 245 1393 278 1421; x_wconf 89' lang='lat' dir='ltr'><strong>lis</strong></span> <span class='ocrx_word' id='word_1_315' title='bbox 294 1393 423 1421; x_wconf 84' lang='lat' dir='ltr'><strong>Asiaticis</strong></span> <span class='ocrx_word' id='word_1_316' title='bbox 445 1394 558 1421; x_wconf 85' lang='lat' dir='ltr'><strong>omnino</strong></span> <span class='ocrx_word' id='word_1_317' title='bbox 584 1394 674 1422; x_wconf 89' lang='lat' dir='ltr'><strong>visum</strong></span> <span class='ocrx_word' id='word_1_318' title='bbox 697 1399 739 1422; x_wconf 90' lang='lat' dir='ltr'><strong>est</strong></span> <span class='ocrx_word' id='word_1_319' title='bbox 761 1402 857 1422; x_wconf 85' lang='lat' dir='ltr'><strong>eorum</strong></span> <span class='ocrx_word' id='word_1_320' title='bbox 882 1395 1030 1430; x_wconf 83' lang='lat' dir='ltr'><strong>baptisma,</strong></span> 
     </span>
    </p>
   </div>
   <div class='ocr_carea' id='block_1_46' title="bbox 243 1439 1028 1475">
    <p class='ocr_par' dir='ltr' id='par_1_46' title="bbox 243 1439 1028 1475">
     <span class='ocr_line' id='line_1_46' title="bbox 243 1439 1028 1475; baseline 0.004 -10"><span class='ocrx_word' id='word_1_321' title='bbox 243 1439 370 1474; x_wconf 82' lang='lat' dir='ltr'><strong>pluribus</strong></span> <span class='ocrx_word' id='word_1_322' title='bbox 398 1439 557 1466; x_wconf 87' lang='lat' dir='ltr'><strong>consulendi</strong></span> <span class='ocrx_word' id='word_1_323' title='bbox 589 1447 685 1472; x_wconf 83' lang='lat' dir='ltr'><strong>causa,</strong></span> <span class='ocrx_word' id='word_1_324' title='bbox 711 1440 915 1475; x_wconf 89' lang='lat' dir='ltr'><strong>suscipiendum</strong></span> <span class='ocrx_word' id='word_1_325' title='bbox 956 1448 1028 1472; x_wconf 87' lang='lat' dir='ltr'><strong>esse.</strong></span> 
     </span>
    </p>
   </div>
   <div class='ocr_carea' id='block_1_47' title="bbox 244 1483 1030 1520">
    <p class='ocr_par' dir='ltr' id='par_1_47' title="bbox 244 1483 1030 1520">
     <span class='ocr_line' id='line_1_47' title="bbox 244 1483 1030 1520; baseline 0.003 -9"><span class='ocrx_word' id='word_1_326' title='bbox 244 1484 420 1519; x_wconf 79' lang='lat' dir='ltr'><strong>suscipiatur.</strong></span> <span class='ocrx_word' id='word_1_327' title='bbox 448 1483 651 1512; x_wconf 86' lang='lat' dir='ltr'><strong>Encratitarum</strong></span> <span class='ocrx_word' id='word_1_328' title='bbox 673 1489 764 1512; x_wconf 85' lang='lat' dir='ltr'><strong>autem</strong></span> <span class='ocrx_word' id='word_1_329' title='bbox 793 1485 901 1514; x_wconf 82' lang='lat' dir='ltr'><strong>facinus</strong></span> <span class='ocrx_word' id='word_1_330' title='bbox 922 1490 1030 1520; x_wconf 86' lang='lat' dir='ltr'><strong>oportet</strong></span> 
     </span>
    </p>
   </div>
   <div class='ocr_carea' id='block_1_48' title="bbox 244 1529 1030 1564">
    <p class='ocr_par' dir='ltr' id='par_1_48' title="bbox 244 1529 1030 1564">
     <span class='ocr_line' id='line_1_48' title="bbox 244 1529 1030 1564; baseline 0.005 -9"><span class='ocrx_word' id='word_1_331' title='bbox 244 1536 294 1556; x_wconf 77' lang='lat' dir='ltr'><strong>nos</strong></span> <span class='ocrx_word' id='word_1_332' title='bbox 312 1529 472 1564; x_wconf 79' lang='lat' dir='ltr'><strong>intelligere.</strong></span> <span class='ocrx_word' id='word_1_333' title='bbox 485 1529 633 1563; x_wconf 86' lang='lat' dir='ltr'><strong>Nimirum,</strong></span> <span class='ocrx_word' id='word_1_334' title='bbox 650 1535 682 1558; x_wconf 83' lang='lat' dir='ltr'><strong>ut~</strong></span> <span class='ocrx_word' id='word_1_335' title='bbox 694 1531 810 1558; x_wconf 83' lang='lat' dir='ltr'><strong>reditum</strong></span> <span class='ocrx_word' id='word_1_336' title='bbox 824 1531 877 1559; x_wconf 91' lang='lat' dir='ltr'><strong>sibi</strong></span> <span class='ocrx_word' id='word_1_337' title='bbox 894 1532 921 1559; x_wconf 93' lang='lat' dir='ltr'><strong>in</strong></span> <span class='ocrx_word' id='word_1_338' title='bbox 935 1532 1030 1559; x_wconf 86' lang='lat' dir='ltr'><strong>Eccle-</strong></span> 
     </span>
    </p>
   </div>
   <div class='ocr_carea' id='block_1_49' title="bbox 244 1574 1029 1612">
    <p class='ocr_par' dir='ltr' id='par_1_49' title="bbox 244 1574 1029 1612">
     <span class='ocr_line' id='line_1_49' title="bbox 244 1574 1029 1612; baseline 0.003 -10"><span class='ocrx_word' id='word_1_339' title='bbox 244 1574 313 1602; x_wconf 78' lang='lat' dir='ltr'><strong>siam</strong></span> <span class='ocrx_word' id='word_1_340' title='bbox 332 1575 555 1609; x_wconf 82' lang='lat' dir='ltr'><strong>intercluderent,</strong></span> <span class='ocrx_word' id='word_1_341' title='bbox 566 1576 686 1612; x_wconf 73' lang='lat' dir='ltr'><strong>aggressi</strong></span> <span class='ocrx_word' id='word_1_342' title='bbox 701 1580 765 1604; x_wconf 89' lang='lat' dir='ltr'><strong>sunt</strong></span> <span class='ocrx_word' id='word_1_343' title='bbox 777 1576 904 1612; x_wconf 86' lang='lat' dir='ltr'><strong>deinceps</strong></span> <span class='ocrx_word' id='word_1_344' title='bbox 918 1577 1029 1612; x_wconf 86' lang='lat' dir='ltr'><strong>proprio</strong></span> 
     </span>
    </p>
   </div>
   <div class='ocr_carea' id='block_1_50' title="bbox 244 1620 1028 1657">
    <p class='ocr_par' dir='ltr' id='par_1_50' title="bbox 244 1620 1028 1657">
     <span class='ocr_line' id='line_1_50' title="bbox 244 1620 1028 1657; baseline 0.004 -10"><span class='ocrx_word' id='word_1_345' title='bbox 244 1620 405 1656; x_wconf 84' lang='lat' dir='ltr'><strong>baptismate</strong></span> <span class='ocrx_word' id='word_1_346' title='bbox 426 1629 618 1657; x_wconf 63' lang='lat' dir='ltr'><strong>praeoccupare</strong></span> <span class='ocrx_word' id='word_1_347' title='bbox 635 1631 642 1649; x_wconf 86' lang='lat'><strong>:</strong></span> <span class='ocrx_word' id='word_1_348' title='bbox 668 1623 739 1650; x_wconf 89' lang='lat' dir='ltr'><strong>unde</strong></span> <span class='ocrx_word' id='word_1_349' title='bbox 764 1627 791 1649; x_wconf 87' lang='lat' dir='ltr'><strong>et</strong></span> <span class='ocrx_word' id='word_1_350' title='bbox 811 1630 887 1650; x_wconf 86' lang='lat' dir='ltr'><strong>suam</strong></span> <span class='ocrx_word' id='word_1_351' title='bbox 905 1623 1028 1657; x_wconf 85' lang='lat' dir='ltr'><strong>ipsorum</strong></span> 
     </span>
    </p>
   </div>
   <div class='ocr_carea' id='block_1_51' title="bbox 245 1668 1028 1704">
    <p class='ocr_par' dir='ltr' id='par_1_51' title="bbox 245 1668 1028 1704">
     <span class='ocr_line' id='line_1_51' title="bbox 245 1668 1028 1704; baseline 0 -8"><span class='ocrx_word' id='word_1_352' title='bbox 245 1668 470 1696; x_wconf 87' lang='lat' dir='ltr'><strong>consuetudinem</strong></span> <span class='ocrx_word' id='word_1_353' title='bbox 497 1668 646 1696; x_wconf 83' lang='lat' dir='ltr'><strong>violarunt.</strong></span> <span class='ocrx_word' id='word_1_354' title='bbox 673 1669 806 1696; x_wconf 81' lang='lat' dir='ltr'><strong>Existimo</strong></span> <span class='ocrx_word' id='word_1_355' title='bbox 837 1669 939 1704; x_wconf 83' lang='lat' dir='ltr'><strong>itaque,</strong></span> <span class='ocrx_word' id='word_1_356' title='bbox 957 1676 1028 1704; x_wconf 88' lang='lat' dir='ltr'><strong>quo-</strong></span> 
     </span>
    </p>
   </div>
   <div class='ocr_carea' id='block_1_52' title="bbox 244 1713 1028 1748">
    <p class='ocr_par' dir='ltr' id='par_1_52' title="bbox 244 1713 1028 1748">
     <span class='ocr_line' id='line_1_52' title="bbox 244 1713 1028 1748; baseline -0.001 -7"><span class='ocrx_word' id='word_1_357' title='bbox 244 1713 319 1741; x_wconf 85' lang='lat' dir='ltr'><strong>niam</strong></span> <span class='ocrx_word' id='word_1_358' title='bbox 335 1713 416 1748; x_wconf 72' lang='grc'><strong>382</strong></span> <span class='ocrx_word' id='word_1_359' title='bbox 432 1713 500 1740; x_wconf 91' lang='lat' dir='ltr'><strong>nihil</strong></span> <span class='ocrx_word' id='word_1_360' title='bbox 523 1714 556 1741; x_wconf 92' lang='lat' dir='ltr'><strong>de</strong></span> <span class='ocrx_word' id='word_1_361' title='bbox 573 1714 626 1741; x_wconf 88' lang='lat' dir='ltr'><strong>illis</strong></span> <span class='ocrx_word' id='word_1_362' title='bbox 643 1718 735 1748; x_wconf 88' lang='lat' dir='ltr'><strong>aperte</strong></span> <span class='ocrx_word' id='word_1_363' title='bbox 748 1714 851 1741; x_wconf 88' lang='lat' dir='ltr'><strong>dictum</strong></span> <span class='ocrx_word' id='word_1_364' title='bbox 865 1719 916 1746; x_wconf 83' lang='lat' dir='ltr'><strong>est,</strong></span> <span class='ocrx_word' id='word_1_365' title='bbox 933 1722 1028 1742; x_wconf 86' lang='lat' dir='ltr'><strong>eorum</strong></span> 
     </span>
    </p>
   </div>
   <div class='ocr_carea' id='block_1_53' title="bbox 244 1759 1029 1795">
    <p class='ocr_par' dir='ltr' id='par_1_53' title="bbox 244 1759 1029 1795">
     <span class='ocr_line' id='line_1_53' title="bbox 244 1759 1029 1795; baseline 0 -8"><span class='ocrx_word' id='word_1_366' title='bbox 244 1759 380 1794; x_wconf 79' lang='lat' dir='ltr'><strong>baptisma</strong></span> <span class='ocrx_word' id='word_1_367' title='bbox 396 1767 410 1786; x_wconf 88' lang='lat' dir='ltr'><strong>a</strong></span> <span class='ocrx_word' id='word_1_368' title='bbox 430 1759 509 1787; x_wconf 85' lang='lat' dir='ltr'><strong>nobis</strong></span> <span class='ocrx_word' id='word_1_369' title='bbox 527 1759 706 1794; x_wconf 85' lang='lat' dir='ltr'><strong>rejiciendum</strong></span> <span class='ocrx_word' id='word_1_370' title='bbox 719 1767 798 1793; x_wconf 88' lang='lat' dir='ltr'><strong>esse;</strong></span> <span class='ocrx_word' id='word_1_371' title='bbox 817 1767 849 1788; x_wconf 87' lang='lat' dir='ltr'><strong>ac</strong></span> <span class='ocrx_word' id='word_1_372' title='bbox 865 1760 888 1787; x_wconf 91' lang='lat' dir='ltr'><strong>si</strong></span> <span class='ocrx_word' id='word_1_373' title='bbox 909 1760 972 1795; x_wconf 86' lang='lat' dir='ltr'><strong>quis</strong></span> <span class='ocrx_word' id='word_1_374' title='bbox 994 1761 1029 1788; x_wconf 89' lang='lat' dir='ltr'><strong>ab</strong></span> 
     </span>
    </p>
   </div>
   <div class='ocr_carea' id='block_1_54' title="bbox 244 1805 1027 1841">
    <p class='ocr_par' dir='ltr' id='par_1_54' title="bbox 244 1805 1027 1841">
     <span class='ocr_line' id='line_1_54' title="bbox 244 1805 1027 1841; baseline 0 -8"><span class='ocrx_word' id='word_1_375' title='bbox 244 1806 286 1834; x_wconf 91' lang='lat' dir='ltr'><strong>eis</strong></span> <span class='ocrx_word' id='word_1_376' title='bbox 299 1806 446 1839; x_wconf 84' lang='lat' dir='ltr'><strong>acceperit,</strong></span> <span class='ocrx_word' id='word_1_377' title='bbox 469 1805 641 1833; x_wconf 75' lang='lat' dir='ltr'><strong>accedentem</strong></span> <span class='ocrx_word' id='word_1_378' title='bbox 665 1806 700 1833; x_wconf 86' lang='lat' dir='ltr'><strong>ad</strong></span> <span class='ocrx_word' id='word_1_379' title='bbox 715 1805 864 1833; x_wconf 86' lang='lat' dir='ltr'><strong>Ecclesiam</strong></span> <span class='ocrx_word' id='word_1_380' title='bbox 884 1806 1027 1841; x_wconf 86' lang='lat' dir='ltr'><strong>baptizan-</strong></span> 
     </span>
    </p>
   </div>
   <div class='ocr_carea' id='block_1_55' title="bbox 245 1850 1029 1887">
    <p class='ocr_par' dir='ltr' id='par_1_55' title="bbox 245 1850 1029 1887">
     <span class='ocr_line' id='line_1_55' title="bbox 245 1850 1029 1887; baseline 0.004 -10"><span class='ocrx_word' id='word_1_381' title='bbox 245 1851 320 1878; x_wconf 87' lang='lat' dir='ltr'><strong>dum.</strong></span> <span class='ocrx_word' id='word_1_382' title='bbox 343 1850 432 1885; x_wconf 85' lang='lat' dir='ltr'><strong>(Quod</strong></span> <span class='ocrx_word' id='word_1_383' title='bbox 452 1851 474 1879; x_wconf 88' lang='lat' dir='ltr'><strong>si</strong></span> <span class='ocrx_word' id='word_1_384' title='bbox 507 1851 557 1878; x_wconf 88' lang='lat' dir='ltr'><strong>hoc</strong></span> <span class='ocrx_word' id='word_1_385' title='bbox 582 1851 701 1886; x_wconf 79' lang='lat' dir='ltr'><strong>generali</strong></span> <span class='ocrx_word' id='word_1_386' title='bbox 729 1852 889 1880; x_wconf 59' lang='lat' dir='ltr'><strong>oeconomia:</strong></span> <span class='ocrx_word' id='word_1_387' title='bbox 912 1852 1029 1887; x_wconf 89' lang='lat' dir='ltr'><strong>impedi-</strong></span> 
     </span>
    </p>
   </div>
   <div class='ocr_carea' id='block_1_56' title="bbox 244 1897 1029 1932">
    <p class='ocr_par' dir='ltr' id='par_1_56' title="bbox 244 1897 1029 1932">
     <span class='ocr_line' id='line_1_56' title="bbox 244 1897 1029 1932; baseline 0.004 -9"><span class='ocrx_word' id='word_1_388' title='bbox 244 1901 337 1924; x_wconf 87' lang='lat' dir='ltr'><strong>mento</strong></span> <span class='ocrx_word' id='word_1_389' title='bbox 356 1897 419 1930; x_wconf 85' lang='lat' dir='ltr'><strong>erit,</strong></span> <span class='ocrx_word' id='word_1_390' title='bbox 447 1904 545 1925; x_wconf 87' lang='lat' dir='ltr'><strong>rursus</strong></span> <span class='ocrx_word' id='word_1_391' title='bbox 560 1898 760 1926; x_wconf 87' lang='lat' dir='ltr'><strong>consuetudine</strong></span> <span class='ocrx_word' id='word_1_392' title='bbox 784 1899 914 1926; x_wconf 88' lang='lat' dir='ltr'><strong>utendum</strong></span> <span class='ocrx_word' id='word_1_393' title='bbox 931 1903 985 1932; x_wconf 85' lang='lat' dir='ltr'><strong>est,</strong></span> <span class='ocrx_word' id='word_1_394' title='bbox 1001 1901 1029 1926; x_wconf 77' lang='lat' dir='ltr'><strong>et</strong></span> 
     </span>
    </p>
   </div>
   <div class='ocr_carea' id='block_1_57' title="bbox 245 1941 1027 1978">
    <p class='ocr_par' dir='ltr' id='par_1_57' title="bbox 245 1941 1027 1978">
     <span class='ocr_line' id='line_1_57' title="bbox 245 1941 1027 1978; baseline 0.003 -10"><span class='ocrx_word' id='word_1_395' title='bbox 245 1941 322 1976; x_wconf 88' lang='lat' dir='ltr'><strong>sequi</strong></span> <span class='ocrx_word' id='word_1_396' title='bbox 344 1945 451 1976; x_wconf 84' lang='lat' dir='ltr'><strong>oportet</strong></span> <span class='ocrx_word' id='word_1_397' title='bbox 474 1942 580 1976; x_wconf 84' lang='lat' dir='ltr'><strong>Patres,</strong></span> <span class='ocrx_word' id='word_1_398' title='bbox 600 1944 645 1978; x_wconf 85' lang='lat' dir='ltr'><strong>qui</strong></span> <span class='ocrx_word' id='word_1_399' title='bbox 664 1951 724 1978; x_wconf 65' lang='lat' dir='ltr'><strong>quas</strong></span> <span class='ocrx_word' id='word_1_400' title='bbox 751 1943 784 1971; x_wconf 89' lang='lat' dir='ltr'><strong>ad</strong></span> <span class='ocrx_word' id='word_1_401' title='bbox 801 1950 852 1971; x_wconf 86' lang='lat' dir='ltr'><strong>nos</strong></span> <span class='ocrx_word' id='word_1_402' title='bbox 876 1943 1027 1978; x_wconf 86' lang='lat' dir='ltr'><strong>pertinent,</strong></span> 
     </span>
    </p>
   </div>
   <div class='ocr_carea' id='block_1_58' title="bbox 245 1988 1027 2023">
    <p class='ocr_par' dir='ltr' id='par_1_58' title="bbox 245 1988 1027 2023">
     <span class='ocr_line' id='line_1_58' title="bbox 245 1988 1027 2023; baseline 0.003 -7"><span class='ocrx_word' id='word_1_403' title='bbox 245 1988 480 2023; x_wconf 84' lang='lat' dir='ltr'><strong>dispensavcrunt.</strong></span> <span class='ocrx_word' id='word_1_404' title='bbox 507 1989 609 2017; x_wconf 82' lang='lat' dir='ltr'><strong>Vereor</strong></span> <span class='ocrx_word' id='word_1_405' title='bbox 634 1991 706 2017; x_wconf 88' lang='lat' dir='ltr'><strong>enim</strong></span> <span class='ocrx_word' id='word_1_406' title='bbox 731 1998 775 2023; x_wconf 87' lang='lat' dir='ltr'><strong>ne,</strong></span> <span class='ocrx_word' id='word_1_407' title='bbox 795 1992 859 2018; x_wconf 94' lang='lat' dir='ltr'><strong>dum</strong></span> <span class='ocrx_word' id='word_1_408' title='bbox 886 1998 935 2018; x_wconf 85' lang='lat' dir='ltr'><strong>eos</strong></span> <span class='ocrx_word' id='word_1_409' title='bbox 949 1991 1027 2018; x_wconf 92' lang='lat' dir='ltr'><strong>volu-</strong></span> 
     </span>
    </p>
   </div>
   <div class='ocr_carea' id='block_1_59' title="bbox 245 2034 1032 2070">
    <p class='ocr_par' dir='ltr' id='par_1_59' title="bbox 245 2034 1032 2070">
     <span class='ocr_line' id='line_1_59' title="bbox 245 2034 1032 2070; baseline 0.005 -10"><span class='ocrx_word' id='word_1_410' title='bbox 245 2041 307 2061; x_wconf 88' lang='lat' dir='ltr'><strong>mus</strong></span> <span class='ocrx_word' id='word_1_411' title='bbox 332 2034 366 2061; x_wconf 87' lang='lat' dir='ltr'><strong>ad</strong></span> <span class='ocrx_word' id='word_1_412' title='bbox 393 2034 584 2070; x_wconf 85' lang='lat' dir='ltr'><strong>baptizandum</strong></span> <span class='ocrx_word' id='word_1_413' title='bbox 605 2036 698 2064; x_wconf 86' lang='lat' dir='ltr'><strong>tardos</strong></span> <span class='ocrx_word' id='word_1_414' title='bbox 719 2036 819 2069; x_wconf 82' lang='lat' dir='ltr'><strong>facere,</strong></span> <span class='ocrx_word' id='word_1_415' title='bbox 838 2037 1032 2070; x_wconf 89' lang='lat' dir='ltr'><strong>impedimento</strong></span> 
     </span>
    </p>
   </div>
   <div class='ocr_carea' id='block_1_60' title="bbox 244 2080 1026 2116">
    <p class='ocr_par' dir='ltr' id='par_1_60' title="bbox 244 2080 1026 2116">
     <span class='ocr_line' id='line_1_60' title="bbox 244 2080 1026 2116; baseline 0.004 -12"><span class='ocrx_word' id='word_1_416' title='bbox 244 2083 355 2113; x_wconf 84' lang='lat' dir='ltr'><strong>propter</strong></span> <span class='ocrx_word' id='word_1_417' title='bbox 379 2080 520 2107; x_wconf 72' lang='lat' dir='ltr'><strong>sententiae</strong></span> <span class='ocrx_word' id='word_1_418' title='bbox 550 2087 598 2108; x_wconf 84' lang='lat' dir='ltr'><strong>see</strong></span> <span class='ocrx_word' id='word_1_419' title='bbox 609 2080 715 2108; x_wconf 89' lang='lat' dir='ltr'><strong>ritatcm</strong></span> <span class='ocrx_word' id='word_1_420' title='bbox 737 2081 824 2109; x_wconf 88' lang='lat' dir='ltr'><strong>simus</strong></span> <span class='ocrx_word' id='word_1_421' title='bbox 853 2080 887 2107; x_wconf 81' lang='lat' dir='ltr'><strong>iis</strong></span> <span class='ocrx_word' id='word_1_422' title='bbox 899 2081 946 2116; x_wconf 90' lang='lat' dir='ltr'><strong>qui</strong></span> <span class='ocrx_word' id='word_1_423' title='bbox 971 2081 1026 2108; x_wconf 86' lang='lat' dir='ltr'><strong>sal-</strong></span> 
     </span>
    </p>
   </div>
   <div class='ocr_carea' id='block_1_61' title="bbox 243 2122 1028 2160">
    <p class='ocr_par' dir='ltr' id='par_1_61' title="bbox 243 2122 1028 2160">
     <span class='ocr_line' id='line_1_61' title="bbox 243 2122 1028 2160; baseline 0.004 -11"><span class='ocrx_word' id='word_1_424' title='bbox 243 2124 364 2157; x_wconf 40' lang='lat' dir='ltr'><strong>vantur.)</strong></span> <span class='ocrx_word' id='word_1_425' title='bbox 378 2122 456 2156; x_wconf 84' lang='lat' dir='ltr'><strong>Quod</strong></span> <span class='ocrx_word' id='word_1_426' title='bbox 473 2123 497 2151; x_wconf 87' lang='lat' dir='ltr'><strong>si</strong></span> <span class='ocrx_word' id='word_1_427' title='bbox 517 2124 555 2151; x_wconf 90' lang='lat' dir='ltr'><strong>illi</strong></span> <span class='ocrx_word' id='word_1_428' title='bbox 579 2130 702 2151; x_wconf 89' lang='lat' dir='ltr'><strong>nostrum</strong></span> <span class='ocrx_word' id='word_1_429' title='bbox 717 2125 882 2160; x_wconf 87' lang='lat' dir='ltr'><strong>baptismum</strong></span> <span class='ocrx_word' id='word_1_430' title='bbox 909 2129 1028 2157; x_wconf 79' lang='lat' dir='ltr'><strong>servant.</strong></span> 
     </span>
    </p>
   </div>
   <div class='ocr_carea' id='block_1_62' title="bbox 244 2167 1030 2205">
    <p class='ocr_par' dir='ltr' id='par_1_62' title="bbox 244 2167 1030 2205">
     <span class='ocr_line' id='line_1_62' title="bbox 244 2167 1030 2205; baseline 0.004 -11"><span class='ocrx_word' id='word_1_431' title='bbox 244 2167 298 2195; x_wconf 88' lang='lat' dir='ltr'><strong>hoc</strong></span> <span class='ocrx_word' id='word_1_432' title='bbox 322 2175 371 2195; x_wconf 86' lang='lat' dir='ltr'><strong>nos</strong></span> <span class='ocrx_word' id='word_1_433' title='bbox 398 2175 452 2195; x_wconf 89' lang='lat' dir='ltr'><strong>non</strong></span> <span class='ocrx_word' id='word_1_434' title='bbox 468 2174 584 2197; x_wconf 88' lang='lat' dir='ltr'><strong>moveat.</strong></span> <span class='ocrx_word' id='word_1_435' title='bbox 609 2169 702 2205; x_wconf 86' lang='lat' dir='ltr'><strong>Neque</strong></span> <span class='ocrx_word' id='word_1_436' title='bbox 725 2171 797 2197; x_wconf 86' lang='lat' dir='ltr'><strong>enim</strong></span> <span class='ocrx_word' id='word_1_437' title='bbox 821 2169 952 2197; x_wconf 86' lang='lat' dir='ltr'><strong>debemus</strong></span> <span class='ocrx_word' id='word_1_438' title='bbox 979 2177 1030 2205; x_wconf 89' lang='lat' dir='ltr'><strong>par</strong></span> 
     </span>
    </p>
   </div>
   <div class='ocr_carea' id='block_1_63' title="bbox 245 2212 1027 2248">
    <p class='ocr_par' dir='ltr' id='par_1_63' title="bbox 245 2212 1027 2248">
     <span class='ocr_line' id='line_1_63' title="bbox 245 2212 1027 2248; baseline 0.003 -9"><span class='ocrx_word' id='word_1_439' title='bbox 245 2213 303 2248; x_wconf 84' lang='lat' dir='ltr'><strong>pari</strong></span> <span class='ocrx_word' id='word_1_440' title='bbox 327 2212 436 2246; x_wconf 88' lang='lat' dir='ltr'><strong>referre,</strong></span> <span class='ocrx_word' id='word_1_441' title='bbox 457 2215 503 2242; x_wconf 89' lang='lat' dir='ltr'><strong>sed</strong></span> <span class='ocrx_word' id='word_1_442' title='bbox 525 2219 659 2242; x_wconf 69' lang='lat' dir='ltr'><strong>accuratae</strong></span> <span class='ocrx_word' id='word_1_443' title='bbox 679 2223 815 2242; x_wconf 89' lang='lat' dir='ltr'><strong>canonum</strong></span> <span class='ocrx_word' id='word_1_444' title='bbox 842 2215 1027 2243; x_wconf 86' lang='lat' dir='ltr'><strong>observationi</strong></span> 
     </span>
    </p>
   </div>
   <div class='ocr_carea' id='block_1_64' title="bbox 1081 982 1865 1019">
    <p class='ocr_par' dir='ltr' id='par_1_64' title="bbox 1081 982 1865 1019">
     <span class='ocr_line' id='line_1_64' title="bbox 1081 982 1865 1019; baseline -0.003 -9"><span class='ocrx_word' id='word_1_445' title='bbox 1081 992 1188 1018; x_wconf 76' lang='grc' dir='ltr'>σαντες,</span> <span class='ocrx_word' id='word_1_446' title='bbox 1206 983 1283 1019; x_wconf 81' lang='grc' dir='ltr'>παρὰ</span> <span class='ocrx_word' id='word_1_447' title='bbox 1297 983 1352 1010; x_wconf 84' lang='grc' dir='ltr'><strong>τῶν</strong></span> <span class='ocrx_word' id='word_1_448' title='bbox 1372 983 1502 1018; x_wconf 86' lang='grc' dir='ltr'>Πατέρων</span> <span class='ocrx_word' id='word_1_449' title='bbox 1521 982 1599 1018; x_wconf 70' lang='grc' dir='ltr'>ἔσχον</span> <span class='ocrx_word' id='word_1_450' title='bbox 1623 983 1673 1014; x_wconf 82' lang='grc' dir='ltr'>τὰς</span> <span class='ocrx_word' id='word_1_451' title='bbox 1687 982 1865 1018; x_wconf 73' lang='grc' dir='ltr'>χειροτονίας,</span> 
     </span>
    </p>
   </div>
   <div class='ocr_carea' id='block_1_65' title="bbox 1081 1023 1866 1066">
    <p class='ocr_par' dir='ltr' id='par_1_65' title="bbox 1081 1023 1866 1066">
     <span class='ocr_line' id='line_1_65' title="bbox 1081 1023 1866 1066; baseline -0.005 -11"><span class='ocrx_word' id='word_1_452' title='bbox 1081 1029 1129 1055; x_wconf 84' lang='grc' dir='ltr'>καὶ</span> <span class='ocrx_word' id='word_1_453' title='bbox 1139 1028 1184 1055; x_wconf 83' lang='grc' dir='ltr'>διὰ</span> <span class='ocrx_word' id='word_1_454' title='bbox 1197 1027 1247 1066; x_wconf 78' lang='grc' dir='ltr'>τῆς</span> <span class='ocrx_word' id='word_1_455' title='bbox 1270 1027 1419 1058; x_wconf 79' lang='grc' dir='ltr'>ἐπιθέσεως</span> <span class='ocrx_word' id='word_1_456' title='bbox 1441 1027 1494 1053; x_wconf 84' lang='grc' dir='ltr'>τῶν</span> <span class='ocrx_word' id='word_1_457' title='bbox 1509 1026 1608 1062; x_wconf 84' lang='grc' dir='ltr'>χειρῶν</span> <span class='ocrx_word' id='word_1_458' title='bbox 1622 1025 1722 1058; x_wconf 83' lang='grc' dir='ltr'>αὐτῶν,</span> <span class='ocrx_word' id='word_1_459' title='bbox 1737 1023 1811 1060; x_wconf 72' lang='grc' dir='ltr'>εἶχον</span> <span class='ocrx_word' id='word_1_460' title='bbox 1835 1024 1866 1052; x_wconf 75' lang='grc' dir='ltr'>τὸ</span> 
     </span>
    </p>
   </div>
   <div class='ocr_carea' id='block_1_66' title="bbox 1081 1070 1866 1110">
    <p class='ocr_par' dir='ltr' id='par_1_66' title="bbox 1081 1070 1866 1110">
     <span class='ocr_line' id='line_1_66' title="bbox 1081 1070 1866 1110; baseline -0.005 -9"><span class='ocrx_word' id='word_1_461' title='bbox 1081 1075 1204 1110; x_wconf 82' lang='grc' dir='ltr'>χάρισμα</span> <span class='ocrx_word' id='word_1_462' title='bbox 1221 1073 1251 1100; x_wconf 78' lang='grc' dir='ltr'>τὸ</span> <span class='ocrx_word' id='word_1_463' title='bbox 1265 1072 1449 1108; x_wconf 84' lang='grc' dir='ltr'>πνευματικόν</span> <span class='ocrx_word' id='word_1_464' title='bbox 1459 1080 1466 1088; x_wconf 86' lang='grc'><strong>·</strong></span> <span class='ocrx_word' id='word_1_465' title='bbox 1479 1073 1504 1098; x_wconf 76' lang='grc' dir='ltr'>οἱ</span> <span class='ocrx_word' id='word_1_466' title='bbox 1515 1072 1543 1099; x_wconf 80' lang='grc' dir='ltr'><strong>δέ</strong></span> <span class='ocrx_word' id='word_1_467' title='bbox 1560 1072 1763 1108; x_wconf 78' lang='grc' dir='ltr'>ἀπορραγέντες</span> <span class='ocrx_word' id='word_1_468' title='bbox 1775 1070 1866 1098; x_wconf 77' lang='grc' dir='ltr'>λαῖκοὶ</span> 
     </span>
    </p>
   </div>
   <div class='ocr_carea' id='block_1_67' title="bbox 1081 1117 1865 1156">
    <p class='ocr_par' dir='ltr' id='par_1_67' title="bbox 1081 1117 1865 1156">
     <span class='ocr_line' id='line_1_67' title="bbox 1081 1117 1865 1156; baseline -0.006 -9"><span class='ocrx_word' id='word_1_469' title='bbox 1081 1121 1231 1156; x_wconf 83' lang='grc' dir='ltr'>γενόμενοι,</span> <span class='ocrx_word' id='word_1_470' title='bbox 1247 1118 1309 1146; x_wconf 79' lang='grc' dir='ltr'>οὔτε</span> <span class='ocrx_word' id='word_1_471' title='bbox 1321 1119 1368 1146; x_wconf 85' lang='grc' dir='ltr'>τοῦ</span> <span class='ocrx_word' id='word_1_472' title='bbox 1384 1119 1526 1154; x_wconf 81' lang='grc' dir='ltr'>βαπτίζειν</span> <span class='ocrx_word' id='word_1_473' title='bbox 1542 1117 1604 1144; x_wconf 74' lang='grc' dir='ltr'>οὔτε</span> <span class='ocrx_word' id='word_1_474' title='bbox 1618 1117 1665 1144; x_wconf 83' lang='grc' dir='ltr'>τοῦ</span> <span class='ocrx_word' id='word_1_475' title='bbox 1691 1118 1865 1152; x_wconf 72' lang='grc' dir='ltr'>χειροτονεῖν,</span> 
     </span>
    </p>
   </div>
   <div class='ocr_carea' id='block_1_68' title="bbox 1080 1163 1865 1203">
    <p class='ocr_par' dir='ltr' id='par_1_68' title="bbox 1080 1163 1865 1203">
     <span class='ocr_line' id='line_1_68' title="bbox 1080 1163 1865 1203; baseline -0.006 -8"><span class='ocrx_word' id='word_1_476' title='bbox 1080 1166 1153 1203; x_wconf 79' lang='grc' dir='ltr'>εἶχον</span> <span class='ocrx_word' id='word_1_477' title='bbox 1165 1168 1214 1202; x_wconf 86' lang='grc' dir='ltr'>τὴν</span> <span class='ocrx_word' id='word_1_478' title='bbox 1223 1167 1347 1200; x_wconf 68' lang='grc' dir='ltr'>ἐξουσίαν</span> <span class='ocrx_word' id='word_1_479' title='bbox 1358 1175 1365 1182; x_wconf 93' lang='grc'><strong>·</strong></span> <span class='ocrx_word' id='word_1_480' title='bbox 1385 1165 1476 1193; x_wconf 85' lang='grc' dir='ltr'>οὐκέτι</span> <span class='ocrx_word' id='word_1_481' title='bbox 1487 1164 1630 1200; x_wconf 85' lang='grc' dir='ltr'>δυνάμενοι</span> <span class='ocrx_word' id='word_1_482' title='bbox 1644 1164 1724 1200; x_wconf 84' lang='grc' dir='ltr'>χάριν</span> <span class='ocrx_word' id='word_1_483' title='bbox 1738 1163 1865 1199; x_wconf 83' lang='grc' dir='ltr'>Πνεύμα-</span> 
     </span>
    </p>
   </div>
   <div class='ocr_carea' id='block_1_69' title="bbox 1080 1208 1864 1247">
    <p class='ocr_par' dir='ltr' id='par_1_69' title="bbox 1080 1208 1864 1247">
     <span class='ocr_line' id='line_1_69' title="bbox 1080 1208 1864 1247; baseline -0.005 -7"><span class='ocrx_word' id='word_1_484' title='bbox 1080 1222 1125 1245; x_wconf 82' lang='grc' dir='ltr'><strong>τος</strong></span> <span class='ocrx_word' id='word_1_485' title='bbox 1141 1213 1220 1246; x_wconf 86' lang='grc' dir='ltr'>ἁγίου</span> <span class='ocrx_word' id='word_1_486' title='bbox 1235 1212 1339 1247; x_wconf 79' lang='grc' dir='ltr'>ἑτέροις</span> <span class='ocrx_word' id='word_1_487' title='bbox 1349 1211 1490 1246; x_wconf 71' lang='grc' dir='ltr'>παρέχειν,</span> <span class='ocrx_word' id='word_1_488' title='bbox 1504 1208 1537 1247; x_wconf 85' lang='grc' dir='ltr'>ἦς</span> <span class='ocrx_word' id='word_1_489' title='bbox 1558 1211 1636 1237; x_wconf 76' lang='grc' dir='ltr'>αὐτοὶ</span> <span class='ocrx_word' id='word_1_490' title='bbox 1659 1209 1864 1237; x_wconf 76' lang='grc' dir='ltr'>ὲκπεπτώκασι.</span> 
     </span>
    </p>
   </div>
   <div class='ocr_carea' id='block_1_70' title="bbox 1080 1255 1865 1293">
    <p class='ocr_par' dir='ltr' id='par_1_70' title="bbox 1080 1255 1865 1293">
     <span class='ocr_line' id='line_1_70' title="bbox 1080 1255 1865 1293; baseline -0.006 -7"><span class='ocrx_word' id='word_1_491' title='bbox 1080 1259 1120 1286; x_wconf 84' lang='grc' dir='ltr'>διὸ</span> <span class='ocrx_word' id='word_1_492' title='bbox 1134 1260 1172 1291; x_wconf 83' lang='grc' dir='ltr'>ὡς</span> <span class='ocrx_word' id='word_1_493' title='bbox 1186 1257 1262 1293; x_wconf 84' lang='grc' dir='ltr'>παρὰ</span> <span class='ocrx_word' id='word_1_494' title='bbox 1275 1258 1376 1284; x_wconf 86' lang='grc' dir='ltr'>λαῖκῶν</span> <span class='ocrx_word' id='word_1_495' title='bbox 1392 1256 1605 1292; x_wconf 77' lang='grc' dir='ltr'>βαπτιζομένους</span> <span class='ocrx_word' id='word_1_496' title='bbox 1618 1256 1681 1287; x_wconf 82' lang='grc' dir='ltr'>τοὺς</span> <span class='ocrx_word' id='word_1_497' title='bbox 1693 1255 1759 1290; x_wconf 77' lang='grc' dir='ltr'>παρ’</span> <span class='ocrx_word' id='word_1_498' title='bbox 1773 1255 1865 1281; x_wconf 81' lang='grc' dir='ltr'>αὐτῶν</span> 
     </span>
    </p>
   </div>
   <div class='ocr_carea' id='block_1_71' title="bbox 1081 1299 1869 1338">
    <p class='ocr_par' dir='ltr' id='par_1_71' title="bbox 1081 1299 1869 1338">
     <span class='ocr_line' id='line_1_71' title="bbox 1081 1299 1869 1338; baseline -0.006 -8"><span class='ocrx_word' id='word_1_499' title='bbox 1081 1304 1226 1330; x_wconf 74' lang='grc' dir='ltr'>ἐκέλευσαν</span> <span class='ocrx_word' id='word_1_500' title='bbox 1246 1301 1409 1338; x_wconf 60' lang='grc' dir='ltr'>ἐρχομένους</span> <span class='ocrx_word' id='word_1_501' title='bbox 1421 1301 1468 1327; x_wconf 80' lang='grc' dir='ltr'>ἐπὶ</span> <span class='ocrx_word' id='word_1_502' title='bbox 1488 1301 1537 1336; x_wconf 84' lang='grc' dir='ltr'>τὴν</span> <span class='ocrx_word' id='word_1_503' title='bbox 1558 1300 1730 1335; x_wconf 78' lang='grc' dir='ltr'>Ἐκκλησίαν,</span> <span class='ocrx_word' id='word_1_504' title='bbox 1742 1300 1782 1334; x_wconf 80' lang='grc' dir='ltr'>τῷ</span> <span class='ocrx_word' id='word_1_505' title='bbox 1802 1299 1869 1336; x_wconf 74' lang='grc' dir='ltr'>ἀλη-</span> 
     </span>
    </p>
   </div>
   <div class='ocr_carea' id='block_1_72' title="bbox 1082 1343 1867 1384">
    <p class='ocr_par' dir='ltr' id='par_1_72' title="bbox 1082 1343 1867 1384">
     <span class='ocr_line' id='line_1_72' title="bbox 1082 1343 1867 1384; baseline -0.004 -9"><span class='ocrx_word' id='word_1_506' title='bbox 1082 1347 1146 1384; x_wconf 89' lang='grc' dir='ltr'><strong>θινῷ</strong></span> <span class='ocrx_word' id='word_1_507' title='bbox 1158 1347 1325 1384; x_wconf 83' lang='grc' dir='ltr'>βαπτίσματι</span> <span class='ocrx_word' id='word_1_508' title='bbox 1339 1346 1377 1381; x_wconf 86' lang='grc' dir='ltr'>τῷ</span> <span class='ocrx_word' id='word_1_509' title='bbox 1387 1346 1437 1381; x_wconf 79' lang='grc' dir='ltr'>τῆς</span> <span class='ocrx_word' id='word_1_510' title='bbox 1454 1345 1616 1380; x_wconf 83' lang='grc' dir='ltr'>Ἐκκλησίας</span> <span class='ocrx_word' id='word_1_511' title='bbox 1623 1343 1867 1379; x_wconf 79' lang='grc' dir='ltr'>ἀνακαθαίρεσθαι·</span> 
     </span>
    </p>
   </div>
   <div class='ocr_carea' id='block_1_73' title="bbox 1081 1391 1867 1430">
    <p class='ocr_par' dir='ltr' id='par_1_73' title="bbox 1081 1391 1867 1430">
     <span class='ocr_line' id='line_1_73' title="bbox 1081 1391 1867 1430; baseline -0.006 -8"><span class='ocrx_word' id='word_1_512' title='bbox 1081 1395 1175 1430; x_wconf 83' lang='grc' dir='ltr'>ἐπειδὴ</span> <span class='ocrx_word' id='word_1_513' title='bbox 1202 1395 1231 1421; x_wconf 80' lang='grc' dir='ltr'>δὲ</span> <span class='ocrx_word' id='word_1_514' title='bbox 1246 1394 1314 1426; x_wconf 76' lang='grc' dir='ltr'>ὅλως</span> <span class='ocrx_word' id='word_1_515' title='bbox 1334 1393 1408 1425; x_wconf 69' lang='grc' dir='ltr'>ἔδοξέ</span> <span class='ocrx_word' id='word_1_516' title='bbox 1427 1400 1483 1419; x_wconf 83' lang='grc' dir='ltr'>τισι</span> <span class='ocrx_word' id='word_1_517' title='bbox 1508 1392 1561 1418; x_wconf 86' lang='grc' dir='ltr'>τῶν</span> <span class='ocrx_word' id='word_1_518' title='bbox 1585 1392 1656 1418; x_wconf 88' lang='grc' dir='ltr'>κατὰ</span> <span class='ocrx_word' id='word_1_519' title='bbox 1676 1393 1725 1427; x_wconf 83' lang='grc' dir='ltr'>τὴν</span> <span class='ocrx_word' id='word_1_520' title='bbox 1758 1391 1867 1423; x_wconf 69' lang='grc' dir='ltr'>Ἀσίαν,</span> 
     </span>
    </p>
   </div>
   <div class='ocr_carea' id='block_1_74' title="bbox 1081 1436 1868 1475">
    <p class='ocr_par' dir='ltr' id='par_1_74' title="bbox 1081 1436 1868 1475">
     <span class='ocr_line' id='line_1_74' title="bbox 1081 1436 1868 1475; baseline -0.004 -9"><span class='ocrx_word' id='word_1_521' title='bbox 1081 1439 1235 1475; x_wconf 88' lang='grc' dir='ltr'>οίκονομίας</span> <span class='ocrx_word' id='word_1_522' title='bbox 1251 1439 1342 1470; x_wconf 73' lang='grc' dir='ltr'>ἕνεκα,</span> <span class='ocrx_word' id='word_1_523' title='bbox 1361 1437 1416 1464; x_wconf 86' lang='grc' dir='ltr'>τῶν</span> <span class='ocrx_word' id='word_1_524' title='bbox 1442 1436 1547 1464; x_wconf 81' lang='grc' dir='ltr'>πολλῶν</span> <span class='ocrx_word' id='word_1_525' title='bbox 1576 1437 1704 1472; x_wconf 80' lang='grc' dir='ltr'>δεχθῆναι</span> <span class='ocrx_word' id='word_1_526' title='bbox 1720 1436 1812 1463; x_wconf 81' lang='grc' dir='ltr'>αὐτῶν</span> <span class='ocrx_word' id='word_1_527' title='bbox 1836 1437 1868 1463; x_wconf 76' lang='grc' dir='ltr'>τὸ</span> 
     </span>
    </p>
   </div>
   <div class='ocr_carea' id='block_1_75' title="bbox 1083 1483 1869 1521">
    <p class='ocr_par' dir='ltr' id='par_1_75' title="bbox 1083 1483 1869 1521">
     <span class='ocr_line' id='line_1_75' title="bbox 1083 1483 1869 1521; baseline -0.004 -8"><span class='ocrx_word' id='word_1_528' title='bbox 1083 1486 1235 1521; x_wconf 78' lang='grc' dir='ltr'>βάπτισμα,</span> <span class='ocrx_word' id='word_1_529' title='bbox 1259 1485 1329 1512; x_wconf 76' lang='grc' dir='ltr'>ἔστω</span> <span class='ocrx_word' id='word_1_530' title='bbox 1352 1484 1465 1512; x_wconf 74' lang='grc' dir='ltr'>δεκτόν-</span> <span class='ocrx_word' id='word_1_531' title='bbox 1487 1484 1518 1511; x_wconf 79' lang='grc' dir='ltr'><strong>τὸ</strong></span> <span class='ocrx_word' id='word_1_532' title='bbox 1545 1483 1574 1511; x_wconf 79' lang='grc' dir='ltr'>δὲ</span> <span class='ocrx_word' id='word_1_533' title='bbox 1601 1483 1654 1511; x_wconf 83' lang='grc' dir='ltr'><strong>τῶν</strong></span> <span class='ocrx_word' id='word_1_534' title='bbox 1681 1483 1869 1519; x_wconf 83' lang='grc' dir='ltr'>Ἐγκρατιτῶν</span> 
     </span>
    </p>
   </div>
   <div class='ocr_carea' id='block_1_76' title="bbox 1082 1529 1868 1567">
    <p class='ocr_par' dir='ltr' id='par_1_76' title="bbox 1082 1529 1868 1567">
     <span class='ocr_line' id='line_1_76' title="bbox 1082 1529 1868 1567; baseline -0.004 -8"><span class='ocrx_word' id='word_1_535' title='bbox 1082 1531 1264 1567; x_wconf 80' lang='grc' dir='ltr'>κακούργημα</span> <span class='ocrx_word' id='word_1_536' title='bbox 1277 1532 1372 1567; x_wconf 87' lang='grc' dir='ltr'>νοῆσαι</span> <span class='ocrx_word' id='word_1_537' title='bbox 1392 1532 1466 1567; x_wconf 81' lang='grc' dir='ltr'>ἡμᾶς</span> <span class='ocrx_word' id='word_1_538' title='bbox 1482 1531 1533 1564; x_wconf 85' lang='grc' dir='ltr'>δεῖ,</span> <span class='ocrx_word' id='word_1_539' title='bbox 1548 1531 1590 1557; x_wconf 82' lang='grc' dir='ltr'>ὅτι</span> <span class='ocrx_word' id='word_1_540' title='bbox 1604 1530 1647 1557; x_wconf 75' lang='grc' dir='ltr'>ἵνα</span> <span class='ocrx_word' id='word_1_541' title='bbox 1658 1529 1868 1565; x_wconf 75' lang='grc' dir='ltr'>άπροσδέκτονς</span> 
     </span>
    </p>
   </div>
   <div class='ocr_carea' id='block_1_77' title="bbox 1083 1575 1871 1612">
    <p class='ocr_par' dir='ltr' id='par_1_77' title="bbox 1083 1575 1871 1612">
     <span class='ocr_line' id='line_1_77' title="bbox 1083 1575 1871 1612; baseline -0.004 -8"><span class='ocrx_word' id='word_1_542' title='bbox 1083 1577 1181 1608; x_wconf 81' lang='grc' dir='ltr'>αὐτοὺς</span> <span class='ocrx_word' id='word_1_543' title='bbox 1198 1577 1332 1612; x_wconf 80' lang='grc' dir='ltr'>ποιήσωσι</span> <span class='ocrx_word' id='word_1_544' title='bbox 1348 1578 1382 1612; x_wconf 80' lang='grc' dir='ltr'>τῇ</span> <span class='ocrx_word' id='word_1_545' title='bbox 1397 1575 1556 1612; x_wconf 71' lang='grc' dir='ltr'>Ἐκκλησία,</span> <span class='ocrx_word' id='word_1_546' title='bbox 1571 1575 1750 1611; x_wconf 78' lang='grc' dir='ltr'>ἐπεχείρησαν</span> <span class='ocrx_word' id='word_1_547' title='bbox 1774 1575 1871 1601; x_wconf 82' lang='grc' dir='ltr'>λοιπὸν</span> 
     </span>
    </p>
   </div>
   <div class='ocr_carea' id='block_1_78' title="bbox 1084 1621 1871 1659">
    <p class='ocr_par' dir='ltr' id='par_1_78' title="bbox 1084 1621 1871 1659">
     <span class='ocr_line' id='line_1_78' title="bbox 1084 1621 1871 1659; baseline -0.003 -9"><span class='ocrx_word' id='word_1_548' title='bbox 1084 1623 1143 1658; x_wconf 81' lang='grc' dir='ltr'>ἰδίῳ</span> <span class='ocrx_word' id='word_1_549' title='bbox 1169 1622 1444 1659; x_wconf 82' lang='grc' dir='ltr'>προκαταλαμϐάνειν</span> <span class='ocrx_word' id='word_1_550' title='bbox 1467 1622 1645 1657; x_wconf 82' lang='grc' dir='ltr'>βαπτίσματι,</span> <span class='ocrx_word' id='word_1_551' title='bbox 1669 1622 1731 1649; x_wconf 75' lang='grc' dir='ltr'>ὅθεν</span> <span class='ocrx_word' id='word_1_552' title='bbox 1751 1621 1800 1648; x_wconf 75' lang='grc' dir='ltr'><strong>καὶ</strong></span> <span class='ocrx_word' id='word_1_553' title='bbox 1819 1621 1871 1657; x_wconf 79' lang='grc' dir='ltr'>τὴν</span> 
     </span>
    </p>
   </div>
   <div class='ocr_carea' id='block_1_79' title="bbox 1084 1666 1869 1704">
    <p class='ocr_par' dir='ltr' id='par_1_79' title="bbox 1084 1666 1869 1704">
     <span class='ocr_line' id='line_1_79' title="bbox 1084 1666 1869 1704; baseline -0.004 -9"><span class='ocrx_word' id='word_1_554' title='bbox 1084 1669 1227 1704; x_wconf 84' lang='grc' dir='ltr'>συνήθειαν</span> <span class='ocrx_word' id='word_1_555' title='bbox 1239 1668 1288 1704; x_wconf 84' lang='grc' dir='ltr'>τὴν</span> <span class='ocrx_word' id='word_1_556' title='bbox 1303 1668 1407 1695; x_wconf 82' lang='grc' dir='ltr'>ἑαυτῶν</span> <span class='ocrx_word' id='word_1_557' title='bbox 1419 1666 1613 1704; x_wconf 77' lang='grc' dir='ltr'>παρεχάραξαν</span> <span class='ocrx_word' id='word_1_558' title='bbox 1622 1675 1629 1683; x_wconf 87' lang='grc'>·</span> <span class='ocrx_word' id='word_1_559' title='bbox 1651 1666 1753 1701; x_wconf 81' lang='grc' dir='ltr'>νομίζω</span> <span class='ocrx_word' id='word_1_560' title='bbox 1763 1666 1869 1699; x_wconf 80' lang='grc' dir='ltr'>τοίνυν,</span> 
     </span>
    </p>
   </div>
   <div class='ocr_carea' id='block_1_80' title="bbox 1082 1711 1868 1748">
    <p class='ocr_par' dir='ltr' id='par_1_80' title="bbox 1082 1711 1868 1748">
     <span class='ocr_line' id='line_1_80' title="bbox 1082 1711 1868 1748; baseline -0.003 -8"><span class='ocrx_word' id='word_1_561' title='bbox 1082 1714 1124 1741; x_wconf 78' lang='grc' dir='ltr'>ὅτι</span> <span class='ocrx_word' id='word_1_562' title='bbox 1138 1713 1230 1747; x_wconf 80' lang='grc' dir='ltr'>ἐπειδὴ</span> <span class='ocrx_word' id='word_1_563' title='bbox 1244 1713 1320 1739; x_wconf 83' lang='grc' dir='ltr'>οὐδέν</span> <span class='ocrx_word' id='word_1_564' title='bbox 1335 1714 1392 1739; x_wconf 83' lang='grc' dir='ltr'>ἐστι</span> <span class='ocrx_word' id='word_1_565' title='bbox 1406 1713 1470 1748; x_wconf 77' lang='grc' dir='ltr'>περὶ</span> <span class='ocrx_word' id='word_1_566' title='bbox 1485 1712 1574 1739; x_wconf 79' lang='grc' dir='ltr'>αὐτῶν</span> <span class='ocrx_word' id='word_1_567' title='bbox 1586 1712 1709 1748; x_wconf 82' lang='grc' dir='ltr'>φανερῶς</span> <span class='ocrx_word' id='word_1_568' title='bbox 1723 1711 1868 1748; x_wconf 82' lang='grc' dir='ltr'>διηγορευ-</span> 
     </span>
    </p>
   </div>
   <div class='ocr_carea' id='block_1_81' title="bbox 1085 1757 1870 1794">
    <p class='ocr_par' dir='ltr' id='par_1_81' title="bbox 1085 1757 1870 1794">
     <span class='ocr_line' id='line_1_81' title="bbox 1085 1757 1870 1794; baseline 0 -10"><span class='ocrx_word' id='word_1_569' title='bbox 1085 1759 1174 1794; x_wconf 83' lang='grc' dir='ltr'>μένον,</span> <span class='ocrx_word' id='word_1_570' title='bbox 1186 1759 1258 1794; x_wconf 77' lang='grc' dir='ltr'><strong>ήμᾶς</strong></span> <span class='ocrx_word' id='word_1_571' title='bbox 1273 1760 1411 1794; x_wconf 83' lang='grc' dir='ltr'>προσῆκεν</span> <span class='ocrx_word' id='word_1_572' title='bbox 1431 1758 1538 1785; x_wconf 78' lang='grc' dir='ltr'>ἀθετεῖν</span> <span class='ocrx_word' id='word_1_573' title='bbox 1561 1758 1652 1784; x_wconf 76' lang='grc' dir='ltr'>αὐτῶν</span> <span class='ocrx_word' id='word_1_574' title='bbox 1668 1759 1698 1784; x_wconf 80' lang='grc' dir='ltr'>τὸ</span> <span class='ocrx_word' id='word_1_575' title='bbox 1713 1757 1870 1793; x_wconf 82' lang='grc' dir='ltr'>βάπτισμα,</span> 
     </span>
    </p>
   </div>
   <div class='ocr_carea' id='block_1_82' title="bbox 1084 1803 1871 1841">
    <p class='ocr_par' dir='ltr' id='par_1_82' title="bbox 1084 1803 1871 1841">
     <span class='ocr_line' id='line_1_82' title="bbox 1084 1803 1871 1841; baseline -0.001 -10"><span class='ocrx_word' id='word_1_576' title='bbox 1084 1805 1134 1832; x_wconf 83' lang='grc' dir='ltr'>κᾶν</span> <span class='ocrx_word' id='word_1_577' title='bbox 1145 1803 1217 1841; x_wconf 78' lang='grc' dir='ltr'>τιςῇ</span> <span class='ocrx_word' id='word_1_578' title='bbox 1235 1805 1300 1840; x_wconf 75' lang='grc' dir='ltr'>παρ’</span> <span class='ocrx_word' id='word_1_579' title='bbox 1315 1804 1406 1830; x_wconf 86' lang='grc' dir='ltr'>αὐτῶν</span> <span class='ocrx_word' id='word_1_580' title='bbox 1427 1803 1557 1839; x_wconf 78' lang='grc' dir='ltr'>εἰληφὼς,</span> <span class='ocrx_word' id='word_1_581' title='bbox 1580 1804 1728 1840; x_wconf 85' lang='grc' dir='ltr'>προσιόντα</span> <span class='ocrx_word' id='word_1_582' title='bbox 1750 1805 1785 1840; x_wconf 78' lang='grc' dir='ltr'>τῇ</span> <span class='ocrx_word' id='word_1_583' title='bbox 1807 1805 1871 1831; x_wconf 81' lang='grc' dir='ltr'><strong>Ἐκ-</strong></span> 
     </span>
    </p>
   </div>
   <div class='ocr_carea' id='block_1_83' title="bbox 1084 1849 1872 1886">
    <p class='ocr_par' dir='ltr' id='par_1_83' title="bbox 1084 1849 1872 1886">
     <span class='ocr_line' id='line_1_83' title="bbox 1084 1849 1872 1886; baseline 0 -10"><span class='ocrx_word' id='word_1_584' title='bbox 1084 1850 1184 1885; x_wconf 80' lang='grc' dir='ltr'>κλησίᾳ</span> <span class='ocrx_word' id='word_1_585' title='bbox 1197 1849 1290 1876; x_wconf 85' lang='grc' dir='ltr'>τοῦτον</span> <span class='ocrx_word' id='word_1_586' title='bbox 1305 1849 1507 1882; x_wconf 78' lang='grc' dir='ltr'>ἀναϐαπτίζειν.</span> <span class='ocrx_word' id='word_1_587' title='bbox 1536 1849 1598 1877; x_wconf 86' lang='grc' dir='ltr'>Ἐὰν</span> <span class='ocrx_word' id='word_1_588' title='bbox 1614 1850 1706 1885; x_wconf 86' lang='grc' dir='ltr'>μέντοι</span> <span class='ocrx_word' id='word_1_589' title='bbox 1726 1850 1819 1885; x_wconf 86' lang='grc' dir='ltr'>μέλλοι</span> <span class='ocrx_word' id='word_1_590' title='bbox 1836 1851 1872 1886; x_wconf 71' lang='grc' dir='ltr'>τῇ</span> 
     </span>
    </p>
   </div>
   <div class='ocr_carea' id='block_1_84' title="bbox 1084 1895 1873 1931">
    <p class='ocr_par' dir='ltr' id='par_1_84' title="bbox 1084 1895 1873 1931">
     <span class='ocr_line' id='line_1_84' title="bbox 1084 1895 1873 1931; baseline -0.001 -8"><span class='ocrx_word' id='word_1_591' title='bbox 1084 1896 1199 1924; x_wconf 81' lang='grc' dir='ltr'>καθόλου</span> <span class='ocrx_word' id='word_1_592' title='bbox 1226 1896 1367 1931; x_wconf 82' lang='grc' dir='ltr'>οίκονομίᾳ</span> <span class='ocrx_word' id='word_1_593' title='bbox 1390 1895 1470 1922; x_wconf 81' lang='grc' dir='ltr'>τοῦτο</span> <span class='ocrx_word' id='word_1_594' title='bbox 1494 1895 1623 1931; x_wconf 84' lang='grc' dir='ltr'>ἐμπόδιον</span> <span class='ocrx_word' id='word_1_595' title='bbox 1649 1895 1769 1929; x_wconf 78' lang='grc' dir='ltr'>ἔσεσθαι,</span> <span class='ocrx_word' id='word_1_596' title='bbox 1787 1896 1873 1922; x_wconf 83' lang='grc' dir='ltr'>πάλιν</span> 
     </span>
    </p>
   </div>
   <div class='ocr_carea' id='block_1_85' title="bbox 1083 1941 1873 1978">
    <p class='ocr_par' dir='ltr' id='par_1_85' title="bbox 1083 1941 1873 1978">
     <span class='ocr_line' id='line_1_85' title="bbox 1083 1941 1873 1978; baseline -0.001 -9"><span class='ocrx_word' id='word_1_597' title='bbox 1083 1942 1122 1978; x_wconf 79' lang='grc' dir='ltr'>τῷ</span> <span class='ocrx_word' id='word_1_598' title='bbox 1145 1942 1202 1969; x_wconf 67' lang='grc' dir='ltr'>ἔθει</span> <span class='ocrx_word' id='word_1_599' title='bbox 1216 1941 1362 1977; x_wconf 73' lang='grc' dir='ltr'>χρηστέον,</span> <span class='ocrx_word' id='word_1_600' title='bbox 1381 1942 1430 1969; x_wconf 80' lang='grc' dir='ltr'>καὶ</span> <span class='ocrx_word' id='word_1_601' title='bbox 1454 1943 1511 1974; x_wconf 74' lang='grc' dir='ltr'>τοῖς</span> <span class='ocrx_word' id='word_1_602' title='bbox 1537 1941 1734 1976; x_wconf 85' lang='grc' dir='ltr'>οίκονομήμασι</span> <span class='ocrx_word' id='word_1_603' title='bbox 1757 1941 1792 1968; x_wconf 76' lang='grc' dir='ltr'><strong>τὰ</strong></span> <span class='ocrx_word' id='word_1_604' title='bbox 1807 1941 1873 1968; x_wconf 72' lang='grc' dir='ltr'>καθ’</span> 
     </span>
    </p>
   </div>
   <div class='ocr_carea' id='block_1_86' title="bbox 1085 1987 1874 2023">
    <p class='ocr_par' dir='ltr' id='par_1_86' title="bbox 1085 1987 1874 2023">
     <span class='ocr_line' id='line_1_86' title="bbox 1085 1987 1874 2023; baseline -0.001 -9"><span class='ocrx_word' id='word_1_605' title='bbox 1085 1988 1158 2023; x_wconf 79' lang='grc' dir='ltr'>ἡμᾶς</span> <span class='ocrx_word' id='word_1_606' title='bbox 1183 1987 1322 2023; x_wconf 84' lang='grc' dir='ltr'>Πατράσιν</span> <span class='ocrx_word' id='word_1_607' title='bbox 1345 1987 1559 2022; x_wconf 78' lang='grc' dir='ltr'>ἀκολουθητέον·</span> <span class='ocrx_word' id='word_1_608' title='bbox 1587 1987 1730 2023; x_wconf 74' lang='grc' dir='ltr'>ὑφορῶμαί</span> <span class='ocrx_word' id='word_1_609' title='bbox 1750 1987 1806 2023; x_wconf 83' lang='grc' dir='ltr'><strong>γὰρ</strong></span> <span class='ocrx_word' id='word_1_610' title='bbox 1832 1987 1874 2022; x_wconf 80' lang='grc' dir='ltr'>μή</span> 
     </span>
    </p>
   </div>
   <div class='ocr_carea' id='block_1_87' title="bbox 1087 2033 1874 2071">
    <p class='ocr_par' dir='ltr' id='par_1_87' title="bbox 1087 2033 1874 2071">
     <span class='ocr_line' id='line_1_87' title="bbox 1087 2033 1874 2071; baseline -0.003 -9"><span class='ocrx_word' id='word_1_611' title='bbox 1087 2044 1164 2068; x_wconf 84' lang='grc' dir='ltr'>ποτε,</span> <span class='ocrx_word' id='word_1_612' title='bbox 1178 2036 1216 2067; x_wconf 84' lang='grc' dir='ltr'>ὼς</span> <span class='ocrx_word' id='word_1_613' title='bbox 1231 2035 1382 2071; x_wconf 83' lang='grc' dir='ltr'>βουλόμεθα</span> <span class='ocrx_word' id='word_1_614' title='bbox 1400 2035 1533 2070; x_wconf 76' lang='grc' dir='ltr'>ὀκνηροὺς</span> <span class='ocrx_word' id='word_1_615' title='bbox 1545 2034 1717 2070; x_wconf 74' lang='grc' dir='ltr'>αὐτοὺςιπερὶ</span> <span class='ocrx_word' id='word_1_616' title='bbox 1728 2033 1758 2060; x_wconf 83' lang='grc' dir='ltr'><strong>τὸ</strong></span> <span class='ocrx_word' id='word_1_617' title='bbox 1771 2033 1874 2069; x_wconf 81' lang='grc' dir='ltr'>βαπτί-</span> 
     </span>
    </p>
   </div>
   <div class='ocr_carea' id='block_1_88' title="bbox 1084 2080 1873 2116">
    <p class='ocr_par' dir='ltr' id='par_1_88' title="bbox 1084 2080 1873 2116">
     <span class='ocr_line' id='line_1_88' title="bbox 1084 2080 1873 2116; baseline -0.003 -8"><span class='ocrx_word' id='word_1_618' title='bbox 1084 2082 1141 2114; x_wconf 79' lang='grc' dir='ltr'>ζειν</span> <span class='ocrx_word' id='word_1_619' title='bbox 1171 2081 1292 2116; x_wconf 79' lang='grc' dir='ltr'>ποιῆσαι,</span> <span class='ocrx_word' id='word_1_620' title='bbox 1319 2080 1508 2116; x_wconf 80' lang='grc' dir='ltr'>ἐμποδίσωμεν</span> <span class='ocrx_word' id='word_1_621' title='bbox 1530 2081 1586 2112; x_wconf 81' lang='grc' dir='ltr'>τοῖς</span> <span class='ocrx_word' id='word_1_622' title='bbox 1601 2080 1766 2114; x_wconf 75' lang='grc' dir='ltr'>σωζομένοις</span> <span class='ocrx_word' id='word_1_623' title='bbox 1781 2080 1829 2107; x_wconf 80' lang='grc' dir='ltr'><strong>διὰ</strong></span> <span class='ocrx_word' id='word_1_624' title='bbox 1840 2080 1873 2106; x_wconf 81' lang='grc' dir='ltr'>τὸ</span> 
     </span>
    </p>
   </div>
   <div class='ocr_carea' id='block_1_89' title="bbox 1084 2125 1874 2161">
    <p class='ocr_par' dir='ltr' id='par_1_89' title="bbox 1084 2125 1874 2161">
     <span class='ocr_line' id='line_1_89' title="bbox 1084 2125 1874 2161; baseline -0.001 -8"><span class='ocrx_word' id='word_1_625' title='bbox 1084 2127 1133 2161; x_wconf 88' lang='grc' dir='ltr'>τῆς</span> <span class='ocrx_word' id='word_1_626' title='bbox 1144 2126 1302 2161; x_wconf 85' lang='grc' dir='ltr'>προτάσεως</span> <span class='ocrx_word' id='word_1_627' title='bbox 1324 2126 1460 2161; x_wconf 80' lang='grc' dir='ltr'>αὐστηρόν</span> <span class='ocrx_word' id='word_1_628' title='bbox 1471 2133 1479 2141; x_wconf 77' lang='grc' dir='ltr'><strong>ο</strong></span> <span class='ocrx_word' id='word_1_629' title='bbox 1491 2126 1516 2152; x_wconf 87' lang='grc' dir='ltr'><strong>εί</strong></span> <span class='ocrx_word' id='word_1_630' title='bbox 1538 2125 1567 2152; x_wconf 78' lang='grc' dir='ltr'>δὲ</span> <span class='ocrx_word' id='word_1_631' title='bbox 1581 2126 1679 2152; x_wconf 78' lang='grc' dir='ltr'>ἐκεῖνοι</span> <span class='ocrx_word' id='word_1_632' title='bbox 1700 2125 1874 2159; x_wconf 77' lang='grc' dir='ltr'>φυλάσσουσι</span> 
     </span>
    </p>
   </div>
   <div class='ocr_carea' id='block_1_90' title="bbox 1082 2170 1872 2208">
    <p class='ocr_par' dir='ltr' id='par_1_90' title="bbox 1082 2170 1872 2208">
     <span class='ocr_line' id='line_1_90' title="bbox 1082 2170 1872 2208; baseline -0.003 -9"><span class='ocrx_word' id='word_1_633' title='bbox 1082 2172 1113 2199; x_wconf 79' lang='grc' dir='ltr'>τὸ</span> <span class='ocrx_word' id='word_1_634' title='bbox 1127 2172 1258 2208; x_wconf 79' lang='grc' dir='ltr'>ἡμέτερον</span> <span class='ocrx_word' id='word_1_635' title='bbox 1273 2171 1423 2207; x_wconf 80' lang='grc' dir='ltr'>βάπτισμα,</span> <span class='ocrx_word' id='word_1_636' title='bbox 1439 2171 1519 2197; x_wconf 83' lang='grc' dir='ltr'>τοῦτο</span> <span class='ocrx_word' id='word_1_637' title='bbox 1538 2171 1610 2206; x_wconf 75' lang='grc' dir='ltr'>ἡμᾶς</span> <span class='ocrx_word' id='word_1_638' title='bbox 1636 2170 1813 2197; x_wconf 83' lang='grc' dir='ltr'>δυσωπείτω·</span> <span class='ocrx_word' id='word_1_639' title='bbox 1839 2171 1872 2197; x_wconf 83' lang='grc' dir='ltr'>οὺ</span> 
     </span>
    </p>
   </div>
   <div class='ocr_carea' id='block_1_91' title="bbox 1084 2216 1876 2254">
    <p class='ocr_par' dir='ltr' id='par_1_91' title="bbox 1084 2216 1876 2254">
     <span class='ocr_line' id='line_1_91' title="bbox 1084 2216 1876 2254; baseline -0.001 -9"><span class='ocrx_word' id='word_1_640' title='bbox 1084 2218 1138 2254; x_wconf 86' lang='grc' dir='ltr'>γὰρ</span> <span class='ocrx_word' id='word_1_641' title='bbox 1152 2218 1311 2246; x_wconf 81' lang='grc' dir='ltr'>ἀντιδιδόναι</span> <span class='ocrx_word' id='word_1_642' title='bbox 1324 2218 1409 2252; x_wconf 82' lang='grc' dir='ltr'>αὐτῆς</span> <span class='ocrx_word' id='word_1_643' title='bbox 1424 2216 1569 2244; x_wconf 76' lang='grc' dir='ltr'>ὑπεύθυνοι</span> <span class='ocrx_word' id='word_1_644' title='bbox 1581 2216 1660 2252; x_wconf 85' lang='grc' dir='ltr'>χάριν</span> <span class='ocrx_word' id='word_1_645' title='bbox 1683 2216 1777 2252; x_wconf 71' lang='grc' dir='ltr'>ἐσμὲν,</span> <span class='ocrx_word' id='word_1_646' title='bbox 1800 2216 1876 2244; x_wconf 73' lang='grc' dir='ltr'>ἀλλὰ</span> 
     </span>
    </p>
   </div>
   <div class='ocr_carea' id='block_1_92' title="bbox 244 2260 1029 2299">
    <p class='ocr_par' dir='ltr' id='par_1_92' title="bbox 244 2260 1027 2296">
     <span class='ocr_line' id='line_1_92' title="bbox 244 2260 1027 2296; baseline 0.001 -9"><span class='ocrx_word' id='word_1_647' title='bbox 244 2260 355 2287; x_wconf 81' lang='lat' dir='ltr'><strong>servire.</strong></span> <span class='ocrx_word' id='word_1_648' title='bbox 376 2260 455 2286; x_wconf 91' lang='lat' dir='ltr'><strong>Omni</strong></span> <span class='ocrx_word' id='word_1_649' title='bbox 477 2265 566 2288; x_wconf 88' lang='lat' dir='ltr'><strong>autem</strong></span> <span class='ocrx_word' id='word_1_650' title='bbox 590 2263 695 2288; x_wconf 86' lang='lat' dir='ltr'><strong>ratione</strong></span> <span class='ocrx_word' id='word_1_651' title='bbox 719 2266 865 2295; x_wconf 86' lang='lat' dir='ltr'><strong>statuatur,</strong></span> <span class='ocrx_word' id='word_1_652' title='bbox 889 2265 918 2288; x_wconf 89' lang='lat' dir='ltr'><strong>ut</strong></span> <span class='ocrx_word' id='word_1_653' title='bbox 936 2261 954 2288; x_wconf 94' lang='lat' dir='ltr'><strong>ii</strong></span> <span class='ocrx_word' id='word_1_654' title='bbox 980 2261 1027 2296; x_wconf 88' lang='lat' dir='ltr'><strong>qui</strong></span> 
     </span>
    </p>
   </div>
   <div class='ocr_carea' id='block_1_93' title="bbox 1083 2260 1873 2299">
    <p class='ocr_par' dir='ltr' id='par_1_93' title="bbox 1083 2262 1873 2299">
     <span class='ocr_line' id='line_1_93' title="bbox 1083 2262 1873 2299; baseline -0.001 -8"><span class='ocrx_word' id='word_1_655' title='bbox 1083 2265 1216 2292; x_wconf 84' lang='grc' dir='ltr'>δουλεύειν</span> <span class='ocrx_word' id='word_1_656' title='bbox 1228 2263 1355 2299; x_wconf 81' lang='grc' dir='ltr'>ἀκριϐείᾳ</span> <span class='ocrx_word' id='word_1_657' title='bbox 1369 2263 1490 2290; x_wconf 79' lang='grc' dir='ltr'>κανόνων</span> <span class='ocrx_word' id='word_1_658' title='bbox 1502 2271 1510 2277; x_wconf 89' lang='grc'><strong>·</strong></span> <span class='ocrx_word' id='word_1_659' title='bbox 1529 2263 1612 2290; x_wconf 74' lang='grc' dir='ltr'>παντὶ</span> <span class='ocrx_word' id='word_1_660' title='bbox 1626 2262 1654 2288; x_wconf 77' lang='grc' dir='ltr'>δὲ</span> <span class='ocrx_word' id='word_1_661' title='bbox 1673 2262 1746 2298; x_wconf 86' lang='grc' dir='ltr'>λόγῳ</span> <span class='ocrx_word' id='word_1_662' title='bbox 1771 2271 1873 2290; x_wconf 86' lang='grc' dir='ltr'>τυπω-</span> 
     </span>
    </p>
   </div>
   <div class='ocr_carea' id='block_1_94' title="bbox 245 2303 1032 2342">
    <p class='ocr_par' dir='ltr' id='par_1_94' title="bbox 245 2303 1032 2342">
     <span class='ocr_line' id='line_1_94' title="bbox 245 2303 1032 2342; baseline 0.003 -12"><span class='ocrx_word' id='word_1_663' title='bbox 245 2304 280 2331; x_wconf 82' lang='lat' dir='ltr'><strong>ab</strong></span> <span class='ocrx_word' id='word_1_664' title='bbox 292 2303 399 2331; x_wconf 88' lang='lat' dir='ltr'><strong>illorum</strong></span> <span class='ocrx_word' id='word_1_665' title='bbox 418 2305 552 2339; x_wconf 86' lang='lat' dir='ltr'><strong>baptismo</strong></span> <span class='ocrx_word' id='word_1_666' title='bbox 568 2306 690 2337; x_wconf 87' lang='lat' dir='ltr'><strong>veniunt.</strong></span> <span class='ocrx_word' id='word_1_667' title='bbox 708 2312 843 2342; x_wconf 72' lang='lat' dir='ltr'><strong>ungantur</strong></span> <span class='ocrx_word' id='word_1_668' title='bbox 860 2314 952 2334; x_wconf 87' lang='lat' dir='ltr'><strong>coram</strong></span> <span class='ocrx_word' id='word_1_669' title='bbox 967 2306 1032 2333; x_wconf 85' lang='lat' dir='ltr'><strong>ﬁde-</strong></span> 
     </span>
    </p>
   </div>
   <div class='ocr_carea' id='block_1_95' title="bbox 245 2348 1031 2387">
    <p class='ocr_par' dir='ltr' id='par_1_95' title="bbox 245 2348 1031 2387">
     <span class='ocr_line' id='line_1_95' title="bbox 245 2348 1031 2387; baseline 0.005 -12"><span class='ocrx_word' id='word_1_670' title='bbox 245 2348 318 2375; x_wconf 89' lang='lat' dir='ltr'><strong>libus</strong></span> <span class='ocrx_word' id='word_1_671' title='bbox 344 2349 479 2382; x_wconf 84' lang='lat' dir='ltr'><strong>videlicet,</strong></span> <span class='ocrx_word' id='word_1_672' title='bbox 508 2355 534 2377; x_wconf 89' lang='lat' dir='ltr'><strong>et</strong></span> <span class='ocrx_word' id='word_1_673' title='bbox 557 2350 594 2377; x_wconf 89' lang='lat' dir='ltr'><strong>ita</strong></span> <span class='ocrx_word' id='word_1_674' title='bbox 611 2350 720 2378; x_wconf 87' lang='lat' dir='ltr'><strong>demum</strong></span> <span class='ocrx_word' id='word_1_675' title='bbox 746 2351 780 2379; x_wconf 95' lang='lat' dir='ltr'><strong>ad</strong></span> <span class='ocrx_word' id='word_1_676' title='bbox 805 2352 933 2387; x_wconf 85' lang='lat' dir='ltr'><strong>mysteria</strong></span> <span class='ocrx_word' id='word_1_677' title='bbox 952 2359 1031 2379; x_wconf 84' lang='lat' dir='ltr'><strong>acce-</strong></span> 
     </span>
    </p>
   </div>
   <div class='ocr_carea' id='block_1_96' title="bbox 245 2394 1030 2430">
    <p class='ocr_par' dir='ltr' id='par_1_96' title="bbox 245 2394 1030 2430">
     <span class='ocr_line' id='line_1_96' title="bbox 245 2394 1030 2430; baseline 0.004 -8"><span class='ocrx_word' id='word_1_678' title='bbox 245 2394 319 2422; x_wconf 87' lang='lat' dir='ltr'><strong>dant.</strong></span> <span class='ocrx_word' id='word_1_679' title='bbox 331 2394 394 2422; x_wconf 85' lang='lat' dir='ltr'><strong>Scio</strong></span> <span class='ocrx_word' id='word_1_680' title='bbox 411 2401 512 2428; x_wconf 89' lang='lat' dir='ltr'><strong>autem,</strong></span> <span class='ocrx_word' id='word_1_681' title='bbox 526 2396 633 2427; x_wconf 80' lang='lat' dir='ltr'><strong>fratres.</strong></span> <span class='ocrx_word' id='word_1_682' title='bbox 653 2397 785 2430; x_wconf 87' lang='lat' dir='ltr'><strong>lzoinum,</strong></span> <span class='ocrx_word' id='word_1_683' title='bbox 800 2402 827 2425; x_wconf 89' lang='lat' dir='ltr'><strong>et</strong></span> <span class='ocrx_word' id='word_1_684' title='bbox 843 2397 1030 2430; x_wconf 88' lang='lat' dir='ltr'><strong>Saturninum,</strong></span> 
     </span>
    </p>
   </div>
   <div class='ocr_carea' id='block_1_97' title="bbox 245 2440 1036 2478">
    <p class='ocr_par' dir='ltr' id='par_1_97' title="bbox 245 2440 1036 2478">
     <span class='ocr_line' id='line_1_97' title="bbox 245 2440 1036 2478; baseline 0.005 -12"><span class='ocrx_word' id='word_1_685' title='bbox 245 2440 292 2475; x_wconf 93' lang='lat' dir='ltr'><strong>qui</strong></span> <span class='ocrx_word' id='word_1_686' title='bbox 316 2445 392 2468; x_wconf 85' lang='lat' dir='ltr'><strong>erant</strong></span> <span class='ocrx_word' id='word_1_687' title='bbox 414 2448 447 2468; x_wconf 81' lang='lat' dir='ltr'><strong>cx</strong></span> <span class='ocrx_word' id='word_1_688' title='bbox 473 2442 581 2469; x_wconf 89' lang='lat' dir='ltr'><strong>illorum</strong></span> <span class='ocrx_word' id='word_1_689' title='bbox 604 2443 709 2476; x_wconf 88' lang='lat' dir='ltr'><strong>ordine,</strong></span> <span class='ocrx_word' id='word_1_690' title='bbox 724 2443 750 2470; x_wconf 92' lang='lat' dir='ltr'><strong>in</strong></span> <span class='ocrx_word' id='word_1_691' title='bbox 774 2444 963 2478; x_wconf 87' lang='lat' dir='ltr'><strong>episcoporum</strong></span> <span class='ocrx_word' id='word_1_692' title='bbox 984 2450 1036 2474; x_wconf 53' lang='lat' dir='ltr'><strong>ca:</strong></span> 
     </span>
    </p>
   </div>
   <div class='ocr_carea' id='block_1_98' title="bbox 245 2484 1031 2522">
    <p class='ocr_par' dir='ltr' id='par_1_98' title="bbox 245 2484 1031 2522">
     <span class='ocr_line' id='line_1_98' title="bbox 245 2484 1031 2522; baseline 0.005 -12"><span class='ocrx_word' id='word_1_693' title='bbox 245 2484 369 2512; x_wconf 85' lang='lat' dir='ltr'><strong>thedram</strong></span> <span class='ocrx_word' id='word_1_694' title='bbox 395 2492 411 2513; x_wconf 87' lang='lat' dir='ltr'><strong>a</strong></span> <span class='ocrx_word' id='word_1_695' title='bbox 430 2485 509 2513; x_wconf 89' lang='lat' dir='ltr'><strong>nobis</strong></span> <span class='ocrx_word' id='word_1_696' title='bbox 535 2494 597 2514; x_wconf 88' lang='lat' dir='ltr'><strong>esse</strong></span> <span class='ocrx_word' id='word_1_697' title='bbox 626 2492 779 2522; x_wconf 88' lang='lat' dir='ltr'><strong>susceptos.</strong></span> <span class='ocrx_word' id='word_1_698' title='bbox 802 2487 892 2520; x_wconf 86' lang='lat' dir='ltr'><strong>Quare</strong></span> <span class='ocrx_word' id='word_1_699' title='bbox 915 2495 963 2514; x_wconf 85' lang='lat' dir='ltr'><strong>eos</strong></span> <span class='ocrx_word' id='word_1_700' title='bbox 984 2487 1031 2522; x_wconf 92' lang='lat' dir='ltr'><strong>qui</strong></span> 
     </span>
    </p>
   </div>
   <div class='ocr_carea' id='block_1_99' title="bbox 245 2528 1032 2567">
    <p class='ocr_par' dir='ltr' id='par_1_99' title="bbox 245 2528 1032 2567">
     <span class='ocr_line' id='line_1_99' title="bbox 245 2528 1032 2567; baseline 0.003 -11"><span class='ocrx_word' id='word_1_701' title='bbox 245 2528 353 2558; x_wconf 82' lang='lat' dir='ltr'><strong>illornin</strong></span> <span class='ocrx_word' id='word_1_702' title='bbox 369 2531 460 2558; x_wconf 88' lang='lat' dir='ltr'><strong>ordini</strong></span> <span class='ocrx_word' id='word_1_703' title='bbox 476 2532 616 2566; x_wconf 89' lang='lat' dir='ltr'><strong>conjuncti</strong></span> <span class='ocrx_word' id='word_1_704' title='bbox 631 2537 705 2566; x_wconf 86' lang='lat' dir='ltr'><strong>sunt,</strong></span> <span class='ocrx_word' id='word_1_705' title='bbox 733 2540 786 2559; x_wconf 92' lang='lat' dir='ltr'><strong>non</strong></span> <span class='ocrx_word' id='word_1_706' title='bbox 808 2540 954 2567; x_wconf 83' lang='lat' dir='ltr'><strong>possumus</strong></span> <span class='ocrx_word' id='word_1_707' title='bbox 971 2540 1032 2559; x_wconf 67' lang='lat' dir='ltr'><strong>ani-</strong></span> 
     </span>
    </p>
   </div>
   <div class='ocr_carea' id='block_1_100' title="bbox 244 2576 1032 2614">
    <p class='ocr_par' dir='ltr' id='par_1_100' title="bbox 244 2576 1032 2614">
     <span class='ocr_line' id='line_1_100' title="bbox 244 2576 1032 2614; baseline 0.005 -12"><span class='ocrx_word' id='word_1_708' title='bbox 244 2576 316 2611; x_wconf 88' lang='lat' dir='ltr'><strong>plius</strong></span> <span class='ocrx_word' id='word_1_709' title='bbox 329 2577 364 2604; x_wconf 89' lang='lat' dir='ltr'><strong>ah</strong></span> <span class='ocrx_word' id='word_1_710' title='bbox 379 2576 500 2605; x_wconf 87' lang='lat' dir='ltr'><strong>Ecclesia</strong></span> <span class='ocrx_word' id='word_1_711' title='bbox 516 2586 661 2613; x_wconf 88' lang='lat' dir='ltr'><strong>separare:</strong></span> <span class='ocrx_word' id='word_1_712' title='bbox 679 2579 726 2614; x_wconf 84' lang='lat' dir='ltr'><strong>qui</strong></span> <span class='ocrx_word' id='word_1_713' title='bbox 742 2579 847 2607; x_wconf 85' lang='lat' dir='ltr'><strong>scilicet</strong></span> <span class='ocrx_word' id='word_1_714' title='bbox 861 2579 1032 2606; x_wconf 89' lang='lat' dir='ltr'><strong>communio-</strong></span> 
     </span>
    </p>
   </div>
   <div class='ocr_carea' id='block_1_101' title="bbox 245 2621 1032 2660">
    <p class='ocr_par' dir='ltr' id='par_1_101' title="bbox 245 2621 1032 2660">
     <span class='ocr_line' id='line_1_101' title="bbox 245 2621 1032 2660; baseline 0.006 -12"><span class='ocrx_word' id='word_1_715' title='bbox 245 2621 288 2648; x_wconf 90' lang='lat' dir='ltr'><strong>nis</strong></span> <span class='ocrx_word' id='word_1_716' title='bbox 304 2629 366 2649; x_wconf 86' lang='lat' dir='ltr'><strong>cum</strong></span> <span class='ocrx_word' id='word_1_717' title='bbox 382 2623 449 2657; x_wconf 89' lang='lat' dir='ltr'><strong>ipsis</strong></span> <span class='ocrx_word' id='word_1_718' title='bbox 462 2624 540 2658; x_wconf 89' lang='lat' dir='ltr'><strong>quasi</strong></span> <span class='ocrx_word' id='word_1_719' title='bbox 558 2632 691 2652; x_wconf 87' lang='lat' dir='ltr'><strong>canonem</strong></span> <span class='ocrx_word' id='word_1_720' title='bbox 706 2625 862 2660; x_wconf 85' lang='lat' dir='ltr'><strong>quemdam,</strong></span> <span class='ocrx_word' id='word_1_721' title='bbox 889 2625 1032 2660; x_wconf 84' lang='lat' dir='ltr'><strong>episcopos</strong></span> 
     </span>
    </p>
   </div>
   <div class='ocr_carea' id='block_1_102' title="bbox 245 2669 638 2704">
    <p class='ocr_par' dir='ltr' id='par_1_102' title="bbox 245 2669 638 2704">
     <span class='ocr_line' id='line_1_102' title="bbox 245 2669 638 2704; baseline 0.01 -9"><span class='ocrx_word' id='word_1_722' title='bbox 245 2669 445 2704; x_wconf 86' lang='lat' dir='ltr'><strong>suscipiendos,</strong></span> <span class='ocrx_word' id='word_1_723' title='bbox 461 2671 638 2700; x_wconf 85' lang='lat' dir='ltr'><strong>cdiderimus.</strong></span> 
     </span>
    </p>
   </div>
   <div class='ocr_carea' id='block_1_103' title="bbox 408 2763 894 2801">
    <p class='ocr_par' dir='ltr' id='par_1_103' title="bbox 408 2763 894 2801">
     <span class='ocr_line' id='line_1_103' title="bbox 408 2763 894 2801; baseline 0.006 -11"><span class='ocrx_word' id='word_1_724' title='bbox 408 2763 485 2791; x_wconf 75' lang='lat' dir='ltr'><strong>CAP.</strong></span> <span class='ocrx_word' id='word_1_725' title='bbox 499 2763 534 2791; x_wconf 88' lang='lat' dir='ltr'><strong>ll.</strong></span> <span class='ocrx_word' id='word_1_726' title='bbox 550 2779 583 2785; x_wconf 89' lang='lat'><strong><em>—</em></strong></span> <span class='ocrx_word' id='word_1_727' title='bbox 599 2765 670 2801; x_wconf 79' lang='lat' dir='ltr'><strong>Quid</strong></span> <span class='ocrx_word' id='word_1_728' title='bbox 682 2766 716 2793; x_wconf 74' lang='lat' dir='ltr'><strong>sit</strong></span> <span class='ocrx_word' id='word_1_729' title='bbox 732 2766 869 2794; x_wconf 62' lang='lat' dir='ltr'><strong>Ila-relic“</strong></span> <span class='ocrx_word' id='word_1_730' title='bbox 881 2767 894 2794; x_wconf 81' lang='lat'><strong><em>?</em></strong></span> 
     </span>
    </p>
   </div>
   <div class='ocr_carea' id='block_1_104' title="bbox 352 2809 904 2846">
    <p class='ocr_par' dir='ltr' id='par_1_104' title="bbox 352 2809 904 2846">
     <span class='ocr_line' id='line_1_104' title="bbox 352 2809 904 2846; baseline 0.002 -8"><span class='ocrx_word' id='word_1_731' title='bbox 352 2809 466 2838; x_wconf 69' lang='lat' dir='ltr'><strong>Consilii</strong></span> <span class='ocrx_word' id='word_1_732' title='bbox 481 2810 770 2846; x_wconf 79' lang='lat' dir='ltr'><strong>Canstanlinopolilaui</strong></span> <span class='ocrx_word' id='word_1_733' title='bbox 782 2820 865 2838; x_wconf 80' lang='lat' dir='ltr'><strong>canon</strong></span> <span class='ocrx_word' id='word_1_734' title='bbox 878 2811 904 2839; x_wconf 88' lang='lat'><strong>6.</strong></span> 
     </span>
    </p>
   </div>
   <div class='ocr_carea' id='block_1_105' title="bbox 280 2854 1031 2926">
    <p class='ocr_par' dir='ltr' id='par_1_105' title="bbox 280 2854 1031 2926">
     <span class='ocr_line' id='line_1_105' title="bbox 280 2854 1031 2926; baseline 0.004 -45"><span class='ocrx_word' id='word_1_735' title='bbox 280 2854 307 2882; x_wconf 77' lang='grc' dir='ltr'>θ.</span> <span class='ocrx_word' id='word_1_736' title='bbox 318 2855 453 2926; x_wconf 54' lang='grc' dir='ltr'><strong>(ἓξὲηἰειω</strong></span> <span class='ocrx_word' id='word_1_737' title='bbox 463 2857 539 2885; x_wconf 93' lang='lat' dir='ltr'><strong>multi</strong></span> <span class='ocrx_word' id='word_1_738' title='bbox 551 2857 766 2886; x_wconf 79' lang='lat' dir='ltr'><strong>ecclesiasticum</strong></span> <span class='ocrx_word' id='word_1_739' title='bbox 777 2857 910 2890; x_wconf 87' lang='lat' dir='ltr'><strong>ordinem,</strong></span> <span class='ocrx_word' id='word_1_740' title='bbox 923 2860 989 2890; x_wconf 89' lang='lat' dir='ltr'><strong>etc.,</strong></span> <span class='ocrx_word' id='word_1_741' title='bbox 1002 2862 1031 2884; x_wconf 80' lang='lat' dir='ltr'><strong>ut</strong></span> 
     </span>
     <span class='ocr_line' id='line_1_106' title="bbox 283 2906 387 2926; baseline 0.01 -1"><span class='ocrx_word' id='word_1_742' title='bbox 283 2906 307 2926; x_wconf 75' lang='grc' dir='ltr'>ο.</span> <span class='ocrx_word' id='word_1_743' title='bbox 381 2920 387 2926; x_wconf 95' lang='grc'>.</span> 
     </span>
    </p>
   </div>
   <div class='ocr_carea' id='block_1_106' title="bbox 246 2903 387 2932">
    <p class='ocr_par' dir='ltr' id='par_1_106' title="bbox 246 2903 387 2932">
     <span class='ocr_line' id='line_1_107' title="bbox 246 2903 387 2932; baseline 0.014 -8"><span class='ocrx_word' id='word_1_744' title='bbox 246 2903 307 2932; x_wconf 70' lang='lat' dir='ltr'><strong>pay.</strong></span> <span class='ocrx_word' id='word_1_745' title='bbox 325 2903 387 2926; x_wconf 77' lang='lat'><strong>699.</strong></span> 
     </span>
    </p>
   </div>
   <div class='ocr_carea' id='block_1_107' title="bbox 1084 2308 1876 2347">
    <p class='ocr_par' dir='ltr' id='par_1_107' title="bbox 1084 2308 1876 2347">
     <span class='ocr_line' id='line_1_108' title="bbox 1084 2308 1876 2347; baseline -0.006 -9"><span class='ocrx_word' id='word_1_746' title='bbox 1084 2312 1168 2347; x_wconf 89' lang='grc' dir='ltr'>θήτω,</span> <span class='ocrx_word' id='word_1_747' title='bbox 1184 2311 1246 2342; x_wconf 72' lang='grc' dir='ltr'>τοὺς</span> <span class='ocrx_word' id='word_1_748' title='bbox 1260 2309 1371 2337; x_wconf 82' lang='grc' dir='ltr'>ἀπὸτοῦ</span> <span class='ocrx_word' id='word_1_749' title='bbox 1396 2308 1551 2345; x_wconf 79' lang='grc' dir='ltr'>βαπτισμοῦ</span> <span class='ocrx_word' id='word_1_750' title='bbox 1580 2308 1692 2334; x_wconf 81' lang='grc' dir='ltr'>ἐκείνων</span> <span class='ocrx_word' id='word_1_751' title='bbox 1718 2316 1876 2343; x_wconf 80' lang='grc' dir='ltr'>προσερχο-</span> 
     </span>
    </p>
   </div>
   <div class='ocr_carea' id='block_1_108' title="bbox 1084 2353 1876 2392">
    <p class='ocr_par' dir='ltr' id='par_1_108' title="bbox 1084 2353 1876 2392">
     <span class='ocr_line' id='line_1_109' title="bbox 1084 2353 1876 2392; baseline -0.005 -9"><span class='ocrx_word' id='word_1_752' title='bbox 1084 2358 1191 2392; x_wconf 73' lang='grc' dir='ltr'>μένους,</span> <span class='ocrx_word' id='word_1_753' title='bbox 1202 2355 1327 2391; x_wconf 86' lang='grc' dir='ltr'>χρίεσθαι</span> <span class='ocrx_word' id='word_1_754' title='bbox 1341 2354 1451 2382; x_wconf 77' lang='grc' dir='ltr'>ἐπὶτῶν</span> <span class='ocrx_word' id='word_1_755' title='bbox 1464 2354 1567 2381; x_wconf 82' lang='grc' dir='ltr'>πιστῶν</span> <span class='ocrx_word' id='word_1_756' title='bbox 1577 2353 1708 2390; x_wconf 83' lang='grc' dir='ltr'>δηλονότι,</span> <span class='ocrx_word' id='word_1_757' title='bbox 1720 2353 1768 2380; x_wconf 78' lang='grc' dir='ltr'>καὶ</span> <span class='ocrx_word' id='word_1_758' title='bbox 1780 2353 1876 2385; x_wconf 72' lang='grc' dir='ltr'>οὕτως</span> 
     </span>
    </p>
   </div>
   <div class='ocr_carea' id='block_1_109' title="bbox 1084 2399 1874 2439">
    <p class='ocr_par' dir='ltr' id='par_1_109' title="bbox 1084 2399 1874 2439">
     <span class='ocr_line' id='line_1_110' title="bbox 1084 2399 1874 2439; baseline -0.005 -9"><span class='ocrx_word' id='word_1_759' title='bbox 1084 2403 1224 2439; x_wconf 84' lang='grc' dir='ltr'>προσιέναι</span> <span class='ocrx_word' id='word_1_760' title='bbox 1238 2403 1294 2434; x_wconf 82' lang='grc' dir='ltr'>τοῖς</span> <span class='ocrx_word' id='word_1_761' title='bbox 1311 2401 1478 2437; x_wconf 85' lang='grc' dir='ltr'>μυστηρίοις.</span> <span class='ocrx_word' id='word_1_762' title='bbox 1503 2399 1568 2427; x_wconf 83' lang='grc' dir='ltr'>Οῐδα</span> <span class='ocrx_word' id='word_1_763' title='bbox 1583 2400 1612 2427; x_wconf 71' lang='grc' dir='ltr'><strong>δὲ</strong></span> <span class='ocrx_word' id='word_1_764' title='bbox 1637 2401 1678 2427; x_wconf 82' lang='grc' dir='ltr'>ὅτι</span> <span class='ocrx_word' id='word_1_765' title='bbox 1700 2401 1764 2431; x_wconf 81' lang='grc' dir='ltr'>τοὺς</span> <span class='ocrx_word' id='word_1_766' title='bbox 1788 2400 1874 2427; x_wconf 81' lang='grc' dir='ltr'>ἀδελ-</span> 
     </span>
    </p>
   </div>
   <div class='ocr_carea' id='block_1_110' title="bbox 1084 2446 1875 2484">
    <p class='ocr_par' dir='ltr' id='par_1_110' title="bbox 1084 2446 1875 2484">
     <span class='ocr_line' id='line_1_111' title="bbox 1084 2446 1875 2484; baseline -0.006 -7"><span class='ocrx_word' id='word_1_767' title='bbox 1084 2451 1151 2484; x_wconf 83' lang='grc' dir='ltr'>φοὺς</span> <span class='ocrx_word' id='word_1_768' title='bbox 1161 2449 1224 2481; x_wconf 81' lang='grc' dir='ltr'>τοὺς</span> <span class='ocrx_word' id='word_1_769' title='bbox 1237 2449 1301 2483; x_wconf 78' lang='grc' dir='ltr'>περὶ</span> <span class='ocrx_word' id='word_1_770' title='bbox 1328 2447 1412 2483; x_wconf 74' lang='grc' dir='ltr'>ἰςόην</span> <span class='ocrx_word' id='word_1_771' title='bbox 1437 2447 1483 2474; x_wconf 83' lang='grc' dir='ltr'>καὶ</span> <span class='ocrx_word' id='word_1_772' title='bbox 1500 2447 1668 2482; x_wconf 79' lang='grc' dir='ltr'>Σατορνῖνον,</span> <span class='ocrx_word' id='word_1_773' title='bbox 1688 2446 1734 2473; x_wconf 80' lang='grc' dir='ltr'><strong>ἀπ’</strong></span> <span class='ocrx_word' id='word_1_774' title='bbox 1760 2446 1875 2480; x_wconf 81' lang='grc' dir='ltr'>ἐκείνης</span> 
     </span>
    </p>
   </div>
   <div class='ocr_carea' id='block_1_111' title="bbox 1083 2491 1874 2530">
    <p class='ocr_par' dir='ltr' id='par_1_111' title="bbox 1083 2491 1874 2530">
     <span class='ocr_line' id='line_1_112' title="bbox 1083 2491 1874 2530; baseline -0.005 -8"><span class='ocrx_word' id='word_1_775' title='bbox 1083 2495 1160 2527; x_wconf 74' lang='grc' dir='ltr'>ὂντας</span> <span class='ocrx_word' id='word_1_776' title='bbox 1176 2496 1226 2530; x_wconf 85' lang='grc' dir='ltr'>τῆς</span> <span class='ocrx_word' id='word_1_777' title='bbox 1240 2494 1354 2527; x_wconf 77' lang='grc' dir='ltr'>τάξεως,</span> <span class='ocrx_word' id='word_1_778' title='bbox 1370 2492 1592 2529; x_wconf 75' lang='grc' dir='ltr'>προσεδεξάμεθα</span> <span class='ocrx_word' id='word_1_779' title='bbox 1610 2494 1650 2524; x_wconf 82' lang='grc' dir='ltr'><strong>είς</strong></span> <span class='ocrx_word' id='word_1_780' title='bbox 1665 2492 1714 2528; x_wconf 79' lang='grc' dir='ltr'>τὴν</span> <span class='ocrx_word' id='word_1_781' title='bbox 1729 2491 1809 2524; x_wconf 77' lang='grc' dir='ltr'>τάξιν</span> <span class='ocrx_word' id='word_1_782' title='bbox 1824 2493 1874 2519; x_wconf 78' lang='grc' dir='ltr'>καὶ</span> 
     </span>
    </p>
   </div>
   <div class='ocr_carea' id='block_1_112' title="bbox 1083 2537 1874 2576">
    <p class='ocr_par' dir='ltr' id='par_1_112' title="bbox 1083 2537 1874 2576">
     <span class='ocr_line' id='line_1_113' title="bbox 1083 2537 1874 2576; baseline -0.004 -9"><span class='ocrx_word' id='word_1_783' title='bbox 1083 2540 1218 2576; x_wconf 83' lang='grc' dir='ltr'>καθέδραν</span> <span class='ocrx_word' id='word_1_784' title='bbox 1233 2539 1286 2566; x_wconf 85' lang='grc' dir='ltr'><strong>τῶν</strong></span> <span class='ocrx_word' id='word_1_785' title='bbox 1303 2539 1460 2566; x_wconf 82' lang='grc' dir='ltr'>ἐπισκόπων</span> <span class='ocrx_word' id='word_1_786' title='bbox 1472 2546 1480 2555; x_wconf 84' lang='grc'>·</span> <span class='ocrx_word' id='word_1_787' title='bbox 1500 2538 1570 2565; x_wconf 85' lang='grc' dir='ltr'>ὥστε</span> <span class='ocrx_word' id='word_1_788' title='bbox 1596 2538 1659 2570; x_wconf 77' lang='grc' dir='ltr'>τοὺς</span> <span class='ocrx_word' id='word_1_789' title='bbox 1686 2537 1726 2572; x_wconf 85' lang='grc' dir='ltr'><strong>τῷ</strong></span> <span class='ocrx_word' id='word_1_790' title='bbox 1745 2538 1874 2572; x_wconf 79' lang='grc' dir='ltr'>τάγματι</span> 
     </span>
    </p>
   </div>
   <div class='ocr_carea' id='block_1_113' title="bbox 1083 2583 1876 2620">
    <p class='ocr_par' dir='ltr' id='par_1_113' title="bbox 1083 2583 1876 2620">
     <span class='ocr_line' id='line_1_114' title="bbox 1083 2583 1876 2620; baseline -0.004 -8"><span class='ocrx_word' id='word_1_791' title='bbox 1083 2586 1194 2613; x_wconf 85' lang='grc' dir='ltr'>ἐκείνων</span> <span class='ocrx_word' id='word_1_792' title='bbox 1228 2585 1426 2620; x_wconf 82' lang='grc' dir='ltr'>συνημμένους,</span> <span class='ocrx_word' id='word_1_793' title='bbox 1446 2584 1537 2611; x_wconf 80' lang='grc' dir='ltr'>οὐκέτι</span> <span class='ocrx_word' id='word_1_794' title='bbox 1558 2584 1696 2619; x_wconf 83' lang='grc' dir='ltr'>δυνάμεθα</span> <span class='ocrx_word' id='word_1_795' title='bbox 1719 2583 1876 2619; x_wconf 84' lang='grc' dir='ltr'>διακρίνειν</span> 
     </span>
    </p>
   </div>
   <div class='ocr_carea' id='block_1_114' title="bbox 1083 2628 1875 2666">
    <p class='ocr_par' dir='ltr' id='par_1_114' title="bbox 1083 2628 1875 2666">
     <span class='ocr_line' id='line_1_115' title="bbox 1083 2628 1875 2666; baseline -0.004 -8"><span class='ocrx_word' id='word_1_796' title='bbox 1083 2631 1137 2658; x_wconf 66' lang='grc' dir='ltr'>ἀπὺ</span> <span class='ocrx_word' id='word_1_797' title='bbox 1151 2631 1199 2666; x_wconf 85' lang='grc' dir='ltr'>τῆς</span> <span class='ocrx_word' id='word_1_798' title='bbox 1216 2631 1390 2665; x_wconf 84' lang='grc' dir='ltr'>Ἐκκλησίας,</span> <span class='ocrx_word' id='word_1_799' title='bbox 1402 2628 1457 2657; x_wconf 70' lang='grc' dir='ltr'>οἷον</span> <span class='ocrx_word' id='word_1_800' title='bbox 1472 2630 1573 2657; x_wconf 85' lang='grc' dir='ltr'>κανόνα</span> <span class='ocrx_word' id='word_1_801' title='bbox 1588 2629 1649 2656; x_wconf 80' lang='grc' dir='ltr'>τινὰ</span> <span class='ocrx_word' id='word_1_802' title='bbox 1668 2629 1719 2664; x_wconf 82' lang='grc' dir='ltr'>τῆς</span> <span class='ocrx_word' id='word_1_803' title='bbox 1739 2629 1812 2664; x_wconf 78' lang='grc' dir='ltr'>πρὸς</span> <span class='ocrx_word' id='word_1_804' title='bbox 1822 2629 1875 2656; x_wconf 65' lang='grc' dir='ltr'><strong>αὖα</strong></span> 
     </span>
    </p>
   </div>
   <div class='ocr_carea' id='block_1_115' title="bbox 1083 2674 1875 2710">
    <p class='ocr_par' dir='ltr' id='par_1_115' title="bbox 1083 2674 1875 2710">
     <span class='ocr_line' id='line_1_116' title="bbox 1083 2674 1875 2710; baseline 0 -8"><span class='ocrx_word' id='word_1_805' title='bbox 1083 2676 1145 2707; x_wconf 74' lang='grc' dir='ltr'>τοὺς</span> <span class='ocrx_word' id='word_1_806' title='bbox 1157 2675 1299 2707; x_wconf 85' lang='grc' dir='ltr'>κοινωνίας</span> <span class='ocrx_word' id='word_1_807' title='bbox 1322 2675 1475 2710; x_wconf 79' lang='grc' dir='ltr'>ἐκθέμενοι,</span> <span class='ocrx_word' id='word_1_808' title='bbox 1500 2675 1544 2701; x_wconf 83' lang='grc' dir='ltr'><strong>διὰ</strong></span> <span class='ocrx_word' id='word_1_809' title='bbox 1559 2676 1609 2710; x_wconf 82' lang='grc' dir='ltr'>τῆς</span> <span class='ocrx_word' id='word_1_810' title='bbox 1630 2674 1684 2702; x_wconf 84' lang='grc' dir='ltr'>τῶν</span> <span class='ocrx_word' id='word_1_811' title='bbox 1707 2675 1875 2702; x_wconf 75' lang='grc' dir='ltr'>ἐπισκόπων</span> 
     </span>
    </p>
   </div>
   <div class='ocr_carea' id='block_1_116' title="bbox 1084 2721 1250 2757">
    <p class='ocr_par' dir='ltr' id='par_1_116' title="bbox 1084 2721 1250 2757">
     <span class='ocr_line' id='line_1_117' title="bbox 1084 2721 1250 2757; baseline -0.012 -8"><span class='ocrx_word' id='word_1_812' title='bbox 1084 2721 1250 2757; x_wconf 79' lang='grc' dir='ltr'>παραδοχῆς.</span> 
     </span>
    </p>
   </div>
   <div class='ocr_carea' id='block_1_117' title="bbox 1200 2765 1740 2800">
    <p class='ocr_par' dir='ltr' id='par_1_117' title="bbox 1200 2765 1740 2800">
     <span class='ocr_line' id='line_1_118' title="bbox 1200 2765 1740 2800; baseline 0 -8"><span class='ocrx_word' id='word_1_813' title='bbox 1200 2767 1324 2793; x_wconf 69' lang='grc' dir='ltr'><strong>ΚΕΦΔΛ.</strong></span> <span class='ocrx_word' id='word_1_814' title='bbox 1344 2765 1380 2792; x_wconf 84' lang='lat' dir='ltr'><strong>B&#39;.</strong></span> <span class='ocrx_word' id='word_1_815' title='bbox 1393 2780 1429 2786; x_wconf 95' lang='lat'><strong>-—</strong></span> <span class='ocrx_word' id='word_1_816' title='bbox 1444 2766 1475 2793; x_wconf 80' lang='grc' dir='ltr'>Τί</span> <span class='ocrx_word' id='word_1_817' title='bbox 1490 2766 1574 2793; x_wconf 81' lang='grc' dir='ltr'>ἐστιν</span> <span class='ocrx_word' id='word_1_818' title='bbox 1584 2767 1740 2800; x_wconf 69' lang='grc' dir='ltr'>αἱρετικός,</span> 
     </span>
    </p>
   </div>
   <div class='ocr_carea' id='block_1_118' title="bbox 1135 2811 1819 2844">
    <p class='ocr_par' dir='ltr' id='par_1_118' title="bbox 1135 2811 1819 2844">
     <span class='ocr_line' id='line_1_119' title="bbox 1135 2811 1819 2844; baseline 0.001 -6"><span class='ocrx_word' id='word_1_819' title='bbox 1135 2811 1270 2838; x_wconf 82' lang='grc' dir='ltr'>Συνόδου</span> <span class='ocrx_word' id='word_1_820' title='bbox 1296 2813 1641 2844; x_wconf 77' lang='grc' dir='ltr'>Κωνσταντινουπόλεως</span> <span class='ocrx_word' id='word_1_821' title='bbox 1662 2811 1764 2838; x_wconf 72' lang='grc' dir='ltr'>κανὼν</span> <span class='ocrx_word' id='word_1_822' title='bbox 1777 2813 1819 2843; x_wconf 80' lang='grc' dir='ltr'><strong>ς’.</strong></span> 
     </span>
    </p>
   </div>
   <div class='ocr_carea' id='block_1_119' title="bbox 1118 2856 1876 2893">
    <p class='ocr_par' dir='ltr' id='par_1_119' title="bbox 1118 2856 1876 2893">
     <span class='ocr_line' id='line_1_120' title="bbox 1118 2856 1876 2893; baseline 0.001 -10"><span class='ocrx_word' id='word_1_823' title='bbox 1118 2861 1156 2888; x_wconf 83' lang='grc' dir='ltr'><strong>ς’.</strong></span> <span class='ocrx_word' id='word_1_824' title='bbox 1187 2857 1294 2891; x_wconf 83' lang='grc' dir='ltr'>Ἐπειδὴ</span> <span class='ocrx_word' id='word_1_825' title='bbox 1310 2857 1413 2884; x_wconf 74' lang='grc' dir='ltr'>πολλοὶ</span> <span class='ocrx_word' id='word_1_826' title='bbox 1440 2856 1489 2892; x_wconf 80' lang='grc' dir='ltr'>τὴν</span> <span class='ocrx_word' id='word_1_827' title='bbox 1521 2856 1752 2893; x_wconf 75' lang='grc' dir='ltr'>ἐκκλησιαστικὴν</span> <span class='ocrx_word' id='word_1_828' title='bbox 1790 2857 1876 2884; x_wconf 73' lang='grc' dir='ltr'>εὐτα-</span> 
     </span>
    </p>
   </div>
   <div class='ocr_carea' id='block_1_120' title="bbox 1085 2902 1276 2935">
    <p class='ocr_par' dir='ltr' id='par_1_120' title="bbox 1085 2902 1276 2935">
     <span class='ocr_line' id='line_1_121' title="bbox 1085 2902 1276 2935; baseline 0 -6"><span class='ocrx_word' id='word_1_829' title='bbox 1085 2903 1152 2935; x_wconf 79' lang='grc' dir='ltr'>ξίαν,</span> <span class='ocrx_word' id='word_1_830' title='bbox 1164 2912 1190 2929; x_wconf 81' lang='grc' dir='ltr'>κ.</span> <span class='ocrx_word' id='word_1_831' title='bbox 1207 2911 1233 2929; x_wconf 87' lang='grc' dir='ltr'>τ.</span> <span class='ocrx_word' id='word_1_832' title='bbox 1251 2902 1276 2930; x_wconf 84' lang='grc' dir='ltr'>λ.</span> 
     </span>
    </p>
   </div>
  </div>
