1951 3071
92 177 140 211 869

481 178 679 210 SYNTAGMA
700 179 894 210 CANONUM.
906 192 940 197 —
955 180 1029 210 TlT.
1047 181 1119 218 XII,
1141 180 1220 212 CAP.
1241 181 1282 211 II.

1667 184 1720 215 870

131 233 194 261 Ἦα
228 233 299 261 διάτ.
314 232 362 260 τοῦ
382 236 406 260 α’
427 233 480 261 τίτ.
511 234 560 261 τοῦ
590 234 614 261 α’
642 234 713 270 βιϐλ.
736 234 783 261 τοῦ
805 234 871 262 nos.

960 235 1075 263 Toxlus.
1097 235 1189 263 Const.
1210 236 1237 269 I,
1258 236 1299 263 tit.
1316 235 1341 262 I.
1362 235 1408 263 lib.
1424 235 1486 263 cod.
1502 235 1540 263 ait
1559 245 1565 264 :
1583 235 1635 270 Qui
1655 245 1719 265 san-

92 279 180 313 φησὶν,
194 279 279 312 ὼς,Ὀ
294 279 332 314 μὴ
346 279 465 312 δοξάζων
488 279 537 316 τὴν
567 281 648 314 ἁγίαν
665 281 766 316 Τριάδα
784 281 813 308 ἐν
829 282 879 316 μιᾷ

92 326 194 360 θεότητι
218 324 388 360 ίσοδύναμον,
412 325 476 352 οὔτε
491 326 654 360 Χριστιανὸς
679 327 799 360 λέγεται,
816 326 874 353 ἀλλ’

92 370 182 405 ἄφρων
196 370 255 396 ἐστὶ
265 371 312 396 καὶ
326 370 462 407 αἱρετικὸς
475 371 572 407 ἄτιμος
583 372 630 398 καὶ
640 373 800 408 τιμωρεῖται
808 381 815 388 ο
827 373 875 399 καὶ

91 415 139 443 τίτ.
157 415 174 442 ε’
194 416 242 443 τοῦ
256 417 339 444 αὑτοῦ
355 417 425 453 βιὸλ.
437 439 445 451 ,
460 419 512 450 ὅτι,
527 419 666 454 Αἱρετικός
686 419 744 446 ἐστι
757 420 804 446 καὶ
820 421 875 451 τοῖς

91 462 158 490 κατὰ
172 463 318 498 αἱρετικῶν
343 464 485 491 ὑπόκειται
514 465 617 499 νόμοις,
649 467 663 492 ὸ
689 465 786 500 μικρὸν
808 465 874 500 γοῦν

92 509 220 536 ἐκκλίνων
238 509 288 544 τῆς
299 510 440 546 όροοδόξου
461 511 594 543 πίστεως·
610 512 656 538 καὶ
676 512 745 539 διάτ.
771 511 804 547 ιβ’
825 511 873 538 τοῦ

89 554 166 582 αὐτοῦ
178 555 231 582 τίτ.
241 575 249 588 ,
265 555 316 589 ὅτι⁷
336 557 478 592 Αἱρετικός
488 557 589 592 ὲστινῙό
607 557 645 593 μὴ
665 556 703 584 ὢν
716 557 853 591 ὀρϐόδοξος
865 564 872 572 ·

88 601 143 636 ἡδὲ
166 601 272 628 α’διὰτ.
301 603 347 628 τοῦ
372 601 462 636 γ’τιτ.
478 602 533 629 τῶν
559 603 685 638 Νεαρῶν,
715 604 873 638 αἰρετικοὺς

88 645 156 679 λέγει
171 647 274 679 πάντας
289 648 353 679 τοὺς
369 647 406 684 μὴ
422 648 501 680 ὄντας
517 649 705 680 κοινωνικούς.

126 692 168 718 Ἑν
184 693 279 720 πλάτει
292 693 320 720 δὲ
335 694 369 720 τὰ
385 694 450 730 περὶ
478 695 532 721 τῶν
558 695 705 730 αἱρετικῶν
718 695 866 730 ἀνήνεκται

87 736 115 764 ἐν
129 736 166 772 τῷ
184 737 205 763 ε’
223 738 276 765 τίτ.
287 737 334 765 τοῦ
350 738 416 767 κώδ.
429 759 436 773 ,
449 740 478 766 ὲν
491 736 513 774 ᾧ
524 740 671 767 κωλύονται
687 739 758 775 ἔχειν
773 740 871 775 προνό-

88 792 145 819 μια⁹
157 783 329 819 ἢδιδάσκειν,
347 785 364 820 ἢ
376 786 463 812 ποιείν
494 785 652 821 κληρικοὺς,
676 785 692 820 ἢ
720 785 870 812 λιτανεύειν

85 831 198 867 δημοσίᾳ
212 831 229 866 ἢ
246 832 274 858 ἐν
289 831 356 866 οἴκῳ
368 839 375 846 ·
393 831 454 857 ἐπεὶ
472 831 544 862 τινὸς
562 830 682 857 τοιούτου
711 830 868 865 γενομένου,

85 877 102 912 ἠ
120 876 195 910 τάξις
210 876 258 903 τοῦ
286 876 406 911 ἐπάρχου
430 876 524 912 λίτρας
543 876 650 903 δίδωσιν
665 875 703 911 ρ’·
720 876 748 903 αί
763 876 790 902 δὲ
807 876 868 902 ἑπι-

85 904 229 958 ίὼριοιν·
246 921 294 948 καὶ
318 904 409 948 annuat
427 904 598 957 συνακτήρια
616 904 716 953 αὐτῶν,
731 922 748 956 η
760 920 867 956 ὁρθόδο-
887 904 909 932 Β

59 985 60 988 η
85 968 127 1000 ξος
144 967 289 1003 Ἐκκλησία
311 967 457 1002 λαμϐάνει·
477 967 526 994 καὶ
548 967 588 994 ὅτι
603 967 627 993 οἱ
644 966 792 1002 Μανιχαῖοι
819 965 867 993 καὶ

83 1015 107 1040 οι
119 1013 274 1040 Δονατισταὶ
296 1012 419 1048 ἐσχάτως
436 1012 619 1048 τιμωροῦνται
630 1012 678 1040 καὶ
692 1012 867 1048 δημεύονται,

84 1060 129 1086 καὶ
145 1058 207 1085 οὔτε
223 1059 397 1088 διατίθενται.
409 1058 426 1094 ἢ
439 1058 563 1085 ὁπωσοῦν
578 1058 799 1090 συναλλάσσουσι,
819 1059 866 1085 καὶ

82 1104 142 1132 οὔτε
157 1104 209 1131 ὑπὸ
233 1104 336 1131 παίδων
352 1104 389 1139 μὴ
400 1104 485 1130 ὄντων
497 1104 646 1140 ὀρθοδόξων
665 1104 866 1140 κληρονομοῦν-

82 1160 136 1184 ται,
154 1151 201 1177 καὶ
216 1150 286 1186 μετὰ
302 1150 416 1177 Θάνατον
430 1150 646 1186 κατηγοροῦνται
660 1151 707 1177 καὶ
731 1150 866 1186 ἀκυροῦν-

81 1205 126 1224 ται
138 1198 164 1223 αἱ
175 1196 303 1229 διαθῆκαι
316 1196 406 1224 αὐτῶν
418 1204 427 1212 ⁸
447 1197 494 1223 καὶ
506 1197 548 1224 ὅτι
561 1196 616 1223 τῶν
633 1197 738 1224 πόλεων
766 1196 866 1224 ἐκϐάλ-

82 1242 180 1275 λονται,
207 1242 256 1270 καὶ
276 1242 317 1269 ὅτι
343 1243 403 1274 ταῖς
421 1242 594 1278 Ἐκκλησίαις
609 1243 827 1278 προσκυροῦνται
840 1245 866 1271 οἱ

81 1285 148 1316 οἴκοι
158 1289 186 1316 ἐν
201 1285 242 1321 οἷς
258 1288 392 1324 αίρετικσὶ
401 1288 498 1325 γνώμῃ
515 1289 569 1316 τῶν
582 1289 719 1318 δεσποτῶν
736 1291 866 1326 συνάγον-

81 1343 126 1362 ται
140 1343 147 1350 ·
172 1335 219 1362 καὶ
240 1336 281 1362 ὅτι
310 1335 364 1362 τῶν
400 1335 581 1370 βουλευτικῶν
596 1335 612 1372 ἦ
628 1337 799 1368 ταξεωτικῶν
812 1338 868 1364 λει-

81 1380 214 1415 τουργιῶν
240 1380 290 1406 οὐκ
315 1379 494 1407 ἀπολύονται·
526 1380 572 1407 καὶ
594 1381 636 1408 ὃτι
649 1382 680 1408 οὐ
696 1382 802 1409 ποιοῦσι
817 1390 865 1417 μο-

81 1426 214 1460 ναστήρια
228 1424 290 1451 οὔτε
315 1425 506 1460 στρατεύονται
518 1434 524 1440 ·
542 1427 589 1453 καὶ
605 1426 663 1458 πῶς
681 1427 865 1462 τιμωροῦνται

79 1472 106 1498 οι
124 1471 193 1498 κατὰ
216 1471 271 1498 τῶν
293 1471 377 1505 ἁγίων
394 1472 511 1498 συνόδων
530 1471 721 1508 γράφοντες,ἢ
746 1472 863 1507 ἔχοντες,

81 1515 98 1552 ἢ
113 1515 344 1550 ἀναγινώσκοντες
357 1516 443 1543 αὐτά·
458 1518 505 1543 καὶ
520 1517 561 1543 ὅτι
577 1517 607 1543 οὐ
622 1517 768 1544 θάπτονται
788 1519 864 1552 νομί-

930 284 1003 309 ctam
1018 281 1181 308 Trinitatem
1201 281 1228 308 in
1247 289 1299 308 una
1311 281 1410 308 deitate
1430 282 1489 317 pari
1504 286 1637 317 potestate
1650 290 1719 318 pra:-

929 327 1014 355 ditam
1029 335 1083 355 non
1099 327 1196 360 credit,
1212 327 1384 356 Christianus
1399 335 1453 355 non
1475 328 1586 360 dicitur,
1603 329 1650 356 sed
1670 337 1718 357 νε-

930 380 1023 406 sanus,
1038 374 1192 406 haereticus,
1203 377 1230 401 et
1240 373 1348 401 infamis
1360 379 1411 407 est,
1425 381 1457 401 ac
1466 374 1587 409 punitur.
1601 373 1634 402 Et
1644 374 1686 402 tit.
1702 375 1719 403 5

926 417 1047 452 ejusdem
1067 418 1141 451 libri,
1156 423 1244 446 const.
1259 420 1288 446 2.
1303 419 1384 455 383
1405 419 1555 447 Hareticus
1570 425 1621 454 est,
1633 428 1665 448 ac
1679 420 1720 448 la-

926 464 962 492 tis
977 463 1115 496 jadversus
1132 464 1273 492 haereticos
1291 465 1394 499 legibus
1417 465 1587 498 succumbit,
1610 466 1656 500 qui
1677 466 1718 493 vel

927 509 1068 545 paululum
1085 510 1120 537 ab
1143 510 1294 538 orthodoxa
1307 510 1424 538 declinat
1440 511 1502 538 ﬁde.
1523 509 1557 537 Et
1577 515 1666 538 const.
1684 511 1719 538 I2

926 555 1048 590 ejusdem
1064 555 1117 588 Iit.,
1137 555 1288 582 Hatrcticus
1298 559 1339 582 est
1349 555 1396 590 qui
1412 563 1465 582 non
1481 559 1524 583 est
1537 555 1717 583 ortltodoxus.

926 599 1024 627 Const.
1048 600 1074 632 I,
1102 601 1144 627 tit.
1170 601 1182 626 I
1210 599 1382 627 Novellarum
1406 599 1549 627 luereticos
1567 599 1642 632 dicit,
1669 600 1717 635 qui

925 647 1130 674 communicare
1147 654 1202 673 non
1217 649 1342 680 possunt.

964 691 1072 720 Textus.
1093 692 1179 720 Porro
1201 700 1263 728 quae
1287 693 1322 720 de
1352 692 1488 721 haereticis
1504 693 1567 730 [dici
1587 696 1715 732 debeant]

925 739 953 766 in
970 739 1012 765 tit.
1029 739 1056 770 5,
1077 739 1124 765 lib.
1141 746 1149 765 ι
1173 738 1234 765 cod.
1250 738 1354 773 prolixe
1369 739 1452 766 relata
1474 744 1546 773 sunt,
1563 741 1608 768 ubi
1628 741 1714 776 privi-

924 784 1023 819 legium
1044 784 1155 816 habere,
1175 784 1273 812 docere
1284 804 1292 817 ,
1307 784 1420 812 clericos
1435 792 1529 812 creare
1543 806 1551 818 ,
1567 791 1592 814 et
1608 787 1716 822 publice

924 829 966 857 vel
986 830 1013 857 in
1038 830 1143 857 aedibus
1171 829 1386 864 supplicationes
1407 831 1498 858 facere
1524 831 1712 865 prohibentur.

925 866 1032 910 Alioqui
1051 874 1168 902 oﬂicium
1187 874 1308 910 praefecti
1325 875 1476 912 |przetorio]
1498 881 1606 904 centum
1625 877 1713 905 libras

926 919 1033 957 [auri]:
1055 921 1237 953 provinciales
1257 928 1323 948 vero
1344 920 1495 962 [ofﬁciales]
1517 922 1713 957 quinquaginta

924 965 990 992 dant
1005 974 1012 992 :
1029 964 1051 991 si
1069 964 1199 1000 [ipsorum
1214 964 1361 1001 permissu]
1381 965 1434 993 tale
1449 965 1590 1000 quidpiam
1610 966 1711 994 factum

926 1011 971 1038 sit.
987 1010 1120 1047 [Habclur
1134 1011 1259 1047 ibidem],
1274 1011 1348 1046 quod
1359 1011 1479 1044 ipsorum
1494 1013 1711 1048 congregationis

923 1056 980 1084 loca
1005 1056 1154 1084 orthodoxa
1176 1056 1297 1084 Ecclesia
1313 1057 1412 1092 capiat.
1429 1057 1494 1085 Item
1506 1077 1514 1091 ,
1535 1059 1607 1093 quod
1627 1058 1711 1085 Mani-

923 1102 989 1130 chtei
1017 1107 1044 1129 et
1073 1102 1221 1129 Donatistae
1255 1102 1351 1130 utlimo
1380 1103 1511 1138 supplicio
1540 1103 1708 1136 afﬁciantur,

922 1146 1004 1183 [bona
1019 1146 1150 1184 ipsorum]
1174 1148 1365 1183 publicentur,
1388 1153 1576 1177 testamentum
1597 1157 1650 1176 non
1667 1149 1710 1176 fa-

921 1187 1006 1227 ciant,
1023 1193 1097 1221 nullo
1119 1195 1198 1222 modo
1217 1194 1391 1226 contrahant,
1411 1193 1510 1221 liberos
1525 1195 1547 1222 si
1566 1202 1591 1222 οι
1599 1195 1709 1223 thodoxi

921 1246 974 1266 non
994 1240 1051 1267 sint
1066 1239 1187 1267 bteredes
1202 1247 1255 1267 non
1274 1240 1401 1272 habeant,
1419 1245 1481 1274 post
1497 1245 1611 1268 mortem
1628 1249 1710 1269 accuo

921 1289 1028 1317 seritur,
1049 1290 1077 1312 et
1100 1285 1218 1319 ipsorum
1242 1289 1402 1312 testamenta
1429 1285 1507 1312 irrita
1534 1286 1588 1312 sint
1608 1294 1614 1312 :
1637 1286 1708 1320 quod

923 1330 1056 1367 [insuper]
1074 1327 1108 1358 ab
1123 1330 1235 1358 urbibus
1255 1329 1398 1365 ejiciantur
1413 1339 1420 1357 :
1439 1330 1511 1365 quod
1524 1331 1595 1358 aedes
1609 1331 1635 1358 in
1647 1331 1708 1366 qni—

920 1376 971 1404 bus
987 1376 1106 1404 bteretici
1118 1384 1254 1404 consensu
1268 1377 1369 1404 domini
1389 1382 1599 1411 congregantur,
1617 1377 1707 1405 Eccle-

920 1422 969 1449 siis
987 1422 1168 1457 applicentur.
1186 1421 1263 1455 Item,
1278 1413 1349 1456 quod
1366 1429 1379 1448 a
1394 1421 1536 1449 curialium
1550 1427 1597 1449 aut
1608 1423 1709 1450 cohor-

920 1467 1013 1494 talium
1036 1467 1130 1496 ciliciis
1164 1475 1217 1494 non
1248 1467 1410 1494 liberentur.
1438 1467 1524 1500 Item,
1553 1467 1626 1502 quod
1651 1476 1706 1496 non

921 1516 1080 1540 construant
1098 1512 1276 1544 monasteria.
1295 1520 1383 1547 neque
1401 1513 1529 1540 militent.
1545 1513 1622 1546 Item,
1640 1521 1708 1548 quo-

83 1568 154 1596 μιυς·
170 1561 217 1587 καὶ
231 1561 272 1587 ὅτι
291 1561 321 1587 οὺ
334 1560 455 1595 γίνονται
472 1560 662 1596 ἀξιωματικοὶ,
677 1561 693 1597 ἦ
711 1563 865 1599 συνήγοροι,

921 1558 1001 1585 modo
1022 1558 1067 1592 qui
1086 1559 1218 1586 adversus
1234 1561 1409 1586 sacrosancta
1426 1558 1543 1586 concilia
1565 1559 1706 1588 scribunt.

79 1606 97 1641 ἢ
114 1606 251 1641 ἔκδικοι,ἧ
272 1607 388 1643 πατέρες
406 1606 520 1640 πόλεων,
531 1607 650 1641 γίνονται
667 1608 694 1634 δὲ
704 1609 864 1644 κορτελῖνοι·

79 1651 127 1678 καὶ
142 1651 199 1683 πῶς
208 1652 407 1685 ἀναγκάζονται
421 1653 484 1684 τοὺς
498 1652 597 1684 παῖδας
620 1652 776 1688 ὀρθοδόξους
785 1654 865 1686 δντας

77 1696 206 1731 τρέφειν,
238 1696 285 1723 καὶ
310 1696 426 1732 γράφειν
458 1697 661 1733 κληρονόμους,
691 1698 739 1724 καὶ
767 1699 866 1726 διδόναι

77 1742 171 1772 αὐτοῖς
201 1743 311 1776 προῖκα,
330 1742 377 1768 καὶ
394 1742 447 1778 πρὸ
458 1743 548 1777 γάμου
565 1743 678 1778 δωρεάς·
695 1743 742 1770 καὶ
754 1745 793 1771 ὃτι
810 1744 863 1771 τῶν

76 1786 179 1821 γονέων
200 1787 442 1822 ἀμφισϐητούντων
458 1809 467 1821 ,
493 1789 721 1824 ἔπικρατέστερός
748 1791 822 1816 ἐστιν
846 1791 861 1817 ὁ

78 1831 165 1857 Θὲλων
180 1832 213 1865 τῇ
229 1831 369 1866 ὀρθοδοξία
391 1832 453 1863 τοὺς
481 1833 580 1864 παῖδας
595 1835 790 1868 προσαγαγεῖν,
816 1835 864 1861 καὶ

75 1875 118 1902 ὅτι
133 1877 156 1902 οἱ
172 1877 304 1912 ὀρθόδοξοι
325 1878 420 1908 παῖδες
449 1877 673 1913 πλημμελοῦντες
701 1881 742 1910 εἰς
759 1882 863 1915 αἱρετι-

75 1921 143 1953 κοὺς
153 1922 242 1955 γονεῖς
256 1921 446 1960 ,τιμωροῦνται
455 1928 463 1937 ⁸
483 1922 531 1949 καὶ
544 1923 584 1949 ότι
610 1922 671 1950 οὕτε
685 1923 863 1959 βαπτίζουσιν

73 1966 101 1993 οἱ
114 1967 257 2002 αἱρετικοὶ,
276 1966 337 1994 οὕτε
352 1967 539 2003 φροντίζουσιν
552 1967 711 2003 ἢδιοικοῦσι
728 1969 814 2004 χωρία
829 1970 863 1996 δι’

73 2012 182 2039 ἑαυτῶν
193 2013 210 2048 ἢ
225 2013 407 2049 παρενθέτων,
421 2013 482 2040 οὕτε
494 2013 677 2047 παιδεύουσιν,
686 2013 747 2041 οὔτε
765 2015 814 2050 κλη
819 2023 863 2049 ρο-

71 2058 217 2094 νομοῦσιν,
248 2058 310 2086 οὔτε
329 2059 570 2095 πραγματεύονται
585 2060 660 2091 ἐντὸς
681 2060 762 2095 ἱερῶν
781 2069 860 2095 περι-

71 2104 162 2130 ϐόλων
172 2112 179 2119 ·
195 2103 244 2130 καὶ
269 2104 310 2131 ὅτι
334 2105 364 2131 ὲν
378 2104 546 2140 δικαστηρίῳ
556 2106 587 2132 οὐ
603 2105 861 2141 καταμαρτυροῦσιν

69 2147 229 2184 ὀρθοδόξου,
243 2149 267 2175 ει
285 2149 322 2183 μὴ
337 2150 377 2181 εἰς
395 2149 584 2186 βουλευτήριον
594 2150 732 2183 ὀροόδοξος
745 2150 859 2178 ἕλκοιτο·

69 2193 112 2224 ὡς
128 2193 199 2221 διάτ.
218 2193 241 2228 β’
252 2194 298 2220 τοῦ
311 2193 336 2229 η’
349 2195 401 2222 τίτ.
420 2195 475 2221 τῶν
487 2195 612 2230 Νεαρῶν,
633 2195 690 2222 ἔστι
703 2196 731 2222 δὲ
745 2195 860 2230 ἀριθμοῦ

918 1609 965 1632 aut
986 1604 1062 1641 [talia
1086 1604 1200 1642 scripta]
1230 1605 1332 1633 habent
1356 1605 1398 1632 vel
1422 1605 1524 1640 legunt,
1547 1606 1704 1639 puniantur.

917 1650 996 1684 item,
1010 1652 1081 1686 quod
1100 1651 1217 1684 legitime
1235 1651 1412 1686 sepeliantur.
1434 1650 1514 1683 Item,
1528 1651 1600 1686 quod
1615 1652 1704 1679 hono-

916 1705 960 1724 res
976 1705 1029 1724 non
1045 1700 1258 1731 consequantur,
1273 1703 1361 1730 neque
1376 1696 1482 1731 patroni
1496 1703 1639 1723 causarum
1657 1701 1705 1723 aIlI.

917 1741 1076 1770 defensores
1087 1762 1095 1775 ,
1117 1746 1165 1768 aut
1180 1740 1321 1768 civitatum
1338 1745 1430 1774 patres
1441 1761 1448 1773 ,
1464 1740 1511 1768 sed
1527 1740 1596 1768 viles
1609 1744 1636 1768 et
1656 1741 1704 1768 ab-

915 1788 980 1822 jecti
997 1787 1072 1814 Iiant.
1091 1786 1157 1814 Item
1173 1786 1311 1820 quomodo
1326 1785 1426 1813 liberos
1446 1785 1613 1813 orthodoxos
1631 1785 1705 1814 alere

915 1839 947 1859 ac
961 1831 1083 1859 Incredes
1098 1831 1227 1863 scribere,
1245 1831 1367 1866 ipsisque
1384 1830 1474 1858 dotem
1490 1834 1518 1857 et
1528 1830 1701 1858 donationem

915 1881 1025 1913 prOpter
1038 1877 1148 1911 nuptias
1168 1877 1233 1904 dare
1246 1875 1454 1911 compellantur.
1469 1875 1545 1908 Item,
1557 1876 1629 1910 quod
1645 1874 1701 1912 [ex]

915 1923 1073 1958 parentibus
1090 1922 1175 1958 [inter
1197 1920 1238 1957 se]
1263 1914 1489 1949 contendentibus
1503 1920 1528 1947 is
1544 1921 1701 1954 praevaleat.

914 1968 960 2003 qui
989 1968 1089 1995 liberos
1110 1967 1143 1993 ad
1169 1966 1348 1994 orthodoxam
1374 1966 1453 1992 ﬁdem
1479 1964 1614 1993 adducere
1633 1966 1701 1993 vu't.

915 2012 979 2040 Item
992 2032 1000 2044 ,
1016 2011 1088 2047 quod
1111 2011 1191 2038 liberi
1216 2010 1378 2043 orthodoxi,
1400 2011 1424 2037 si
1441 2010 1505 2044 quid
1530 2010 1557 2037 in
1575 2015 1701 2045 parentes

914 2057 1056 2085 haereticos
1071 2056 1230 2092 delinquant
1241 2077 1248 2090 ,
1264 2056 1424 2091 puniantur.
1440 2055 1505 2082 Item
1521 2056 1593 2090 quod
1611 2056 1700 2083 hmre-

913 2104 959 2131 tici
975 2112 1028 2131 non
1041 2104 1188 2137 baptizent,
1205 2110 1291 2138 neque
1306 2110 1354 2137 per
1369 2110 1398 2130 se
1413 2101 1454 2129 vel
1470 2102 1540 2129 inter
1555 2100 1636 2137 385.
1652 2109 1700 2136 po-

913 2149 980 2177 sitas
997 2148 1152 2185 [personas]
1169 2149 1294 2183 regiones
1313 2152 1409 2176 curent
1425 2151 1472 2175 aut
1496 2147 1697 2179 administrent,

913 2201 1001 2228 neque
1017 2193 1150 2225 doceant,
1168 2201 1256 2227 neque
1274 2193 1394 2221 heredes
1415 2193 1496 2224 ﬁant,
1519 2199 1605 2226 neque
1627 2192 1695 2218 intra

68 2238 130 2265 τῶν
142 2239 211 2266 ὅλων
227 2241 270 2274 μβ¹
281 2248 288 2255 ·
301 2240 331 2266 ἐν
344 2239 373 2266 δὲ
389 2240 557 2272 τελευταίαις
574 2241 716 2277 βουλήσεσι
732 2242 780 2268 καὶ
792 2251 860 2277 συμ-

918 2246 989 2266 sacra
1016 2243 1092 2274 septa
1117 2239 1301 2274 negocieulnr.
1328 2238 1393 2265 Item
1409 2257 1416 2269 ,
1443 2237 1514 2272 quod
1542 2237 1568 2263 in
1596 2237 1696 2271 iudicio

69 2285 196 2317 σουλίαις
211 2285 406 2321 μαρτυροῦσιν.
419 2286 567 2320 ’Δνάγνωθι
580 2287 614 2312 τὰ
629 2287 861 2322 παραγεγραμμέ-

68 2338 105 2357 να
115 2330 146 2356 ὲν
161 2330 200 2364 τῷ
213 2333 238 2365 η’
253 2339 316 2364 κεφ.
332 2330 378 2356 τοῦ
391 2329 406 2357 ι’
422 2331 475 2357 τίτ.
491 2331 538 2357 τοῦ
553 2331 687 2367 παρόντος
705 2333 859 2367 συντάγμα-

66 2384 118 2407 τος
130 2384 139 2392 η
160 2377 224 2410 περὶ
241 2376 269 2402 δὲ
287 2375 419 2403 Ἰουδαίων
436 2377 615 2412 διαλαμὸἁνει
626 2379 639 2404 6
651 2377 672 2404 θ’
688 2378 741 2405 τίτ.
761 2378 808 2405 τοῦ
832 2379 856 2405 α’

66 2419 147 2454 βισλ.
163 2419 210 2445 τοῦ
225 2419 298 2447 Κώὸ.
314 2421 343 2446 ὲν
358 2416 379 2454 ᾧ
391 2421 499 2453 καὶτὰς
515 2422 675 2456 συναγωγὰς
687 2423 776 2449 αὐτῶν
785 2423 860 2457 λέγει

66 2464 110 2500 μὴ
126 2464 332 2499 μιτατεὺεσοαι,
362 2467 429 2500 μήτε
443 2466 541 2497 αὐτοὺς
556 2467 584 2493 ὲν
602 2469 657 2499 τοῖς
670 2468 805 2495 Σάϐὃασιν
841 2468 858 2504 ἢ

63 2509 98 2534 ἐν
120 2509 184 2540 ταῖς
198 2509 302 2544 ἑορταῖς
314 2510 404 2537 αὐτῶν
420 2511 585 2545 σωματικῶς
597 2511 779 2547 λειτουργεῖν·
796 2513 858 2540 οὔτε

63 2553 228 2587 ὲνάγονται,
246 2553 307 2579 οὔτε
316 2554 391 2588 παρὰ
405 2554 458 2580 τῶν
469 2555 638 2589 Χριστιανῶν
649 2557 858 2590 ὲπηρεάζονται,

61 2598 133 2625 οὔτε
165 2597 284 2633 γαμοῦσι
305 2599 480 2634 Χριστισνὰς,
505 2601 552 2626 καὶ
575 2601 616 2627 ὅτι
645 2602 722 2628 αὐτοὶ
746 2602 780 2628 τὰ
805 2602 858 2629 [δια

62 2643 287 2679 ἁγορανομοῦσι,
309 2644 356 2670 καὶ
386 2644 426 2671 ὅτι
452 2645 498 2671 ἐπὶ
529 2645 583 2678 τῶν
598 2645 694 2681 γάμων
714 2647 744 2673 οὗ
760 2647 859 2681 φυλάτ-

60 2697 149 2715 τουσι
163 2689 207 2715 τὸν
223 2690 304 2724 νόμον
319 2690 418 2721 αὐτῶν,
436 2690 484 2717 καὶ
499 2691 540 2717 ὅτι
554 2692 600 2717 ἐπὶ
617 2691 706 2726 μόνοις
719 2702 856 2728 χρηματι-

61 2733 129 2766 1:35;
141 2735 270 2766 δικαστὰς
291 2735 433 2767 Ἰουδαιοὺς
442 2736 577 2769 αἱρεῖσθαι
593 2736 720 2764 δύνανται
732 2747 738 2753 ·
758 2739 804 2764 καὶ
817 2739 857 2765 ὃτι

59 2781 112 2807 τὸν
133 2781 330 2816 στεφανητικδν
347 2781 445 2807 κανόνα
471 2782 494 2807 oi
509 2781 615 2816 ἔξαρχοι
639 2782 728 2809 αὐτῶν
752 2783 858 2810 ζδιοκιν-

60 2826 157 2858 εὐνως
173 2827 313 2860 εἰσάγουσι
336 2828 396 2858 ταῖς
409 2826 573 2862 λαργιτιόσι,
591 2828 637 2854 καὶ
658 2828 701 2855 ὅτι
718 2829 792 2855 οὐδὲν
807 2831 855 2857 αὒ-

59 2871 132 2903 τοϋς
151 2871 193 2899 δεῖ
204 2872 308 2907 τολμᾷν
321 2873 391 2900 κατὰ
408 2871 587 2906 Χριστιανῶν.

912 2285 1042 2311 adversus
1057 2284 1237 2311 orthodoxum
1253 2284 1437 2311 testiinonium
1453 2290 1506 2310 non
1524 2282 1623 2314 dicant.
1640 2282 1693 2309 nisi

911 2330 933 2356 si
950 2329 977 2356 in
993 2329 1098 2356 curiam
1118 2329 1288 2356 orthodoxus
1302 2328 1476 2363 protrahatur
1494 2335 1501 2354 :
1519 2332 1545 2355 ut
1561 2333 1648 2354 const.
1665 2328 1692 2359 2,

911 2375 953 2402 tit.
968 2375 985 2402 8
1000 2374 1184 2407 Novellarum,
1199 2382 1259 2408 quae
1276 2374 1301 2401 in
1324 2373 1520 2409 [Novellarum]
1534 2380 1647 2408 corpore
1659 2373 1694 2400 42

910 2424 961 2453 est,
979 2419 1098 2456 [lradiL]
1119 2420 1148 2447 In
1167 2420 1269 2447 ultimis
1283 2424 1374 2447 autem
1387 2418 1569 2446 voluntatibus
1583 2423 1610 2446 et
1625 2426 1693 2446 con-

910 2466 1042 2493 tractibus
1065 2470 1148 2493 testes
1170 2465 1235 2492 sint.
1259 2464 1329 2500 Lege
1342 2471 1401 2499 qum
1426 2464 1551 2491 adnotata
1577 2469 1640 2491 sunt
1664 2464 1690 2491 in

909 2518 967 2544 cap.
982 2511 1009 2541 8.
1025 2511 1067 2537 tit.
1087 2511 1121 2538 I0
1134 2511 1274 2545 prrsentis
1284 2511 1384 2545 operis.
1398 2511 1531 2539 Cancrum
1545 2510 1578 2537 de
1590 2509 1691 2537 Iudaeis

909 2557 950 2583 tit.
964 2556 991 2589 9,
1007 2556 1053 2583 lib.
1071 2563 1078 2582 ι
1094 2556 1155 2583 cod.
1173 2560 1281 2588 tractat,
1299 2556 1325 2583 in
1339 2564 1393 2591 quo
1405 2557 1514 2589 dicitur,
1533 2555 1691 2591 Synagogas

909 2601 1029 2636 ipsorum
1046 2601 1156 2634 hospitii
1174 2601 1370 2628 immunilatem
1389 2602 1499 2635 habere,
1514 2608 1600 2635 neque
1617 2601 1690 2634 ipsus

908 2647 934 2674 in
954 2646 1079 2674 Sabbatis
1095 2651 1141 2674 aut
1155 2646 1232 2674 festis
1247 2647 1304 2674 suis
1320 2647 1497 2682 corporaliter
1512 2647 1629 2681 operari,
1641 2653 1689 2674 ne-

908 2698 960 2726 que
977 2691 1003 2718 in
1015 2692 1060 2726 jus
1071 2692 1174 2724 vocari,
1186 2700 1272 2726 neque
1287 2701 1302 2719 a
1316 2687 1479 2721 Christianis
1488 2692 1588 2719 vexari.
1600 2691 1686 2728 [ltcm.

907 2738 979 2774 quod
998 2737 1083 2765 Judaei
1102 2738 1241 2774 mulieres]
1261 2739 1432 2767 Christianas
1443 2739 1470 2766 in
1485 2737 1688 2766 matrimonium

907 2791 961 2810 non
975 2783 1121 2818 accipiant.
1135 2783 1212 2817 Item,
1232 2785 1303 2820 quod
1322 2786 1372 2820 ipsi
1389 2793 1479 2812 rerum
1500 2791 1610 2812 suarum
1628 2790 1687 2818 prc-

907 2830 943 2857 tia
959 2831 1096 2857 statuant.‘
1104 2829 1179 2863 Item,
1192 2831 1263 2866 quod
1275 2832 1302 2859 in
1312 2831 1478 2867 pecuniariis
1493 2829 1606 2867 [causis]
1618 2829 1689 2857 dun-

911 2881 984 2903 taxat
1008 2877 1244 2911 privatosjutliccs
1263 2880 1362 2910 eligere
1384 2879 1499 2911 possint.
1520 2877 1597 2909 ltcm,
1616 2878 1688 2910 Quod
