1951 3071
260 179 311 213 871

808 173 938 205 PIIOTlI
958 172 1209 203 I’ATRIARCH/E
1227 174 1281 204 ΟΡ.

1821 175 1865 207 872

255 235 386 271 primates
412 233 532 268 ipsorum
555 239 605 260 suo
628 230 747 267 periculo
771 229 831 257 auri
857 227 994 256 coronat'ii
1021 233 1154 254 canonem
1170 226 1362 263 largitionibus
1382 227 1509 256 inferant.
1536 229 1620 263 Item,
1644 229 1716 265 quod
1743 229 1866 258 adversum

253 279 425 308 Christianos
441 278 510 306 nihil
526 277 586 305 i110s
604 277 705 304 audere
717 278 853 310 oporteat.

289 334 368 363 CAP.
381 333 424 362 ΙΙΙ.
439 348 476 356 —-
487 333 526 361 De
541 333 616 360 libris
630 332 825 360 hereticorum.

480 395 665 430 Apostolorum
679 402 765 421 canon
778 393 825 422 60.

291 451 325 479 60
341 450 410 487 [59.]
422 450 450 478 Si
460 451 521 486 quis
533 450 601 478 falso
615 450 772 485 inscriptos,
786 454 852 482 etc.,
863 453 892 476 ut
907 457 968 484 pag.
982 447 1044 476 590.

443 508 675 546 Conciliiﬁicazni
689 516 709 536 ιι
726 517 810 535 canon
825 508 851 535 9.

292 566 367 600 Quod
380 574 431 594 non
444 570 562 600 oporteat
579 565 659 593 libros
672 565 857 592 hereticorum
874 563 970 591 celare.

291 676 336 703 69.
350 675 467 704 Puerilia
481 675 572 703 omnia
587 673 717 707 ludibria,
739 672 897 708 furiosaque
913 679 946 700 ac
965 672 1042 699 insa-

257 729 291 748 na
312 722 384 749 dicta
396 726 423 749 et
438 722 550 756 scripta,
563 728 622 756 qua:
634 720 766 747 adversus
785 722 895 746 sanctas
912 718 1045 752 imagines

256 765 329 794 edita
344 771 417 798 sunt,
433 770 541 801 oportet
565 765 624 793 dari
641 765 769 800 episcopo
793 763 1045 798 Constantinopoli-

260 817 335 844 tano,
359 812 439 848 385
455 816 484 839 ut
499 819 560 839 cum
583 811 693 845 reliquis
713 810 791 838 libris
816 810 951 837 haereticis
966 816 1045 843 repo-

259 864 368 885 nantur.
389 857 417 884 Si
434 858 495 892 quis
508 862 598 884 autem
613 856 671 884 haec
698 856 787 884 celare
810 855 938 883 inventus
953 855 1044 887 fuerit,

258 903 282 930 si
299 903 335 930 sit
349 902 456 937 quidem
477 908 631 937 episcopus,
649 901 691 928 vel
715 901 868 936 presbyter,
891 900 933 928 vel
956 900 1047 927 diaco-

258 954 321 981 nus,
344 948 517 982 deponatur:
543 947 586 975 sin
608 951 699 975 autem
720 947 806 974 laicus
820 946 863 974 vel
886 946 1045 980 monachus,

259 1000 426 1029 segregetur.

293 1047 401 1076 Temtus.
425 1048 520 1076 Const.
542 1046 570 1080 3,
588 1047 630 1075 tit.
653 1047 679 1081 l,
708 1047 756 1076 lib.
771 1055 792 1080 ι,
818 1047 880 1075 cod.
897 1047 952 1074 ait:
975 1046 1044 1074 Por-

259 1095 347 1130 phyrii
381 1094 552 1128 aliorumque
583 1087 772 1121 hmreticorum
807 1093 937 1120 adversus
963 1092 1045 1120 Chri-

259 1145 364 1168 stianos
378 1139 440 1167 libri
462 1141 668 1167 comburuntor.
687 1139 756 1176 [Sic]
774 1139 892 1167 Nestorii
905 1140 1004 1172 etiam,
1018 1142 1045 1165 et

259 1187 416 1220 quicunque
430 1185 540 1213 Nicazno
562 1185 771 1221 Ephesinoque;
791 1185 927 1218 conciliis,
943 1190 970 1213 et
996 1185 1044 1221 Cy-

258 1232 320 1259 rillo
335 1231 501 1268 [episcopos]
519 1231 715 1263 Alexandrino,
733 1239 850 1267 quorum
866 1230 947 1258 Iidem
962 1238 1046 1258 cxce-

258 1278 324 1306 dere
349 1285 404 1304 non
432 1278 507 1310 licet,
529 1285 582 1304 non
606 1281 768 1304 consonant.
785 1276 837 1310 Qui
867 1284 932 1304 vero
958 1277 1045 1304 dictos

258 1323 345 1352 libros
365 1323 464 1350 habent
480 1327 508 1351 et
536 1323 639 1358 legunt,
659 1323 754 1349 ultimo
769 1322 903 1357 supplicio
924 1321 1046 1350 alliciunt-

260 1374 315 1399 tur.
338 1369 392 1397 Tit.
412 1371 439 1402 4,
453 1369 562 1398 constit.
590 1369 645 1397 10:
674 1368 726 1402 Qui
751 1368 936 1396 mathematici
952 1375 1045 1395 coram

259 1416 396 1452 episcopis
425 1416 509 1444 libros
531 1423 595 1443 suos
613 1423 665 1443 non
684 1419 872 1447 concremant,
896 1422 985 1449 neque
1013 1413 1046 1441 ad

261 1463 443 1490 orthodoxam
474 1463 553 1490 ﬁdem
582 1462 735 1495 accedunt,
761 1461 892 1489 erunibus
909 1461 1048 1496 pelluntur

261 1509 432 1541 civitatibus;
450 1508 551 1535 inventi
567 1509 756 1543 deportantur.
777 1507 831 1534 Tit.
846 1507 862 1534 5
873 1526 880 1538 ,
899 1512 988 1534 const.
1006 1506 1022 1533 5
1036 1511 1045 1532 :

262 1555 328 1589 Quae
359 1554 502 1583 Nestorius
533 1555 665 1583 adversus
700 1554 846 1582 concilium
881 1553 1046 1588 Ephesiunm

262 1601 373 1636 scripsit
396 1601 496 1627 nemini
518 1601 628 1634 habere,
650 1606 697 1628 aut
712 1601 869 1628 describere
890 1600 973 1632 licet,
1000 1599 1046 1627 sed

1059 317 1084 348 Α
1131 330 1257 358 ΚΕΦΑΛ.
1273 331 1309 358 Γ’.
1321 347 1356 351 -
1369 333 1439 366 Περὶ
1463 306 1592 365 βιὶόλίων
1615 332 1778 367 αΙρετικῶν.

1313 395 1501 422 Ἀποστόλων
1515 395 1615 422 κανὼν
1631 395 1663 428 ξ’.

1131 450 1164 485 ξ’.
1178 451 1213 478 Et
1222 459 1264 484 τις
1278 451 1312 478 τὰ
1323 451 1548 488 ψευδεπίγραφα,
1567 461 1595 479 κ.
1610 460 1635 478 τ.
1651 451 1675 479 λ.

1228 510 1363 537 Συνόὸου
1376 510 1498 543 Νικαίας
1514 510 1546 536 τὸ
1560 509 1593 545 β’,
1609 509 1708 537 κανὼν
1723 506 1755 537 θ’.

1133 565 1203 599 Περὶ
1212 565 1264 592 τοῦ
1275 565 1317 600 μὴ
1329 567 1471 601 κρύπτειν
1484 565 1550 593 τινὰ
1563 565 1617 600 τῆς
1629 568 1867 600 Χριστιανοκατη-

1096 611 1219 646 γορικῆς
1234 612 1376 646 αΙρέσεως
1392 613 1524 644 βιϐλίον.

1133 674 1180 707 ξθ’.
1199 674 1291 701 Πάντα
1305 674 1340 701 τὰ
1357 675 1523 710 μειρακιώδη
1537 674 1693 710 ἀθύρματα,
1709 675 1755 702 καὶ
1765 674 1870 710 μανιώδη

1098 721 1277 757 βακχεύματα
1296 722 1329 748 τὰ
1351 721 1639 757 ψευδοσυγγράμματα
1673 723 1708 747 τὰ
1733 721 1798 747 κατὰ
1824 721 1872 747 τῶν

1097 767 1204 794 σεπτῶν
1234 767 1345 794 εἰκόνων
1371 767 1516 802 γενόμενα,
1530 767 1589 794 δέον
1610 766 1718 802 δοθῆναι
1729 768 1757 792 ὲν
1770 767 1805 802 τῷ
1817 767 1872 793 ὲπι-

1098 813 1217 848 σκοπείῳ
1246 813 1568 846 Κωνσταντινουπόλεως,
1584 813 1626 840 ἵνα
1649 813 1798 840 ἁποτεθῶσι
1810 813 1874 848 μετὰ

1096 859 1150 886 τῶν
1176 859 1277 886 λοιπῶν
1292 859 1436 895 αἰρετικῶν
1466 858 1594 894 βιὸλίων·
1618 859 1645 891 ει
1658 859 1686 885 δέ
1698 867 1740 890 τις
1759 858 1875 894 εὑρεθείη

1096 904 1182 931 ταῦτα
1206 904 1347 940 κρύπτων,
1361 905 1386 931 εί
1399 905 1448 939 μὲν
1472 905 1630 937 ἐπίσκοπος,
1647 904 1664 939 ἢ
1687 904 1874 939 πρεσῦύτερος,

1097 950 1113 985 ἢ
1125 949 1248 980 διάκονος
1259 950 1311 986 εἴη,
1328 950 1511 986 καθαιρείσθω
1523 958 1530 966 ·
1548 949 1609 976 εἰδὲ
1622 949 1713 981 λαῖκὺς
1724 949 1740 985 ἧ
1756 949 1876 984 μοναχδς,

1065 995 1085 1022 Β
1101 995 1283 1031 ἁψοριζέσθω.

1141 1051 1172 1078 Ἠ
1189 1051 1212 1086 γ’
1226 1052 1295 1079 διάτ.
1312 1052 1358 1080 τοῦ
1372 1052 1396 1079 α’
1411 1052 1462 1079 τίτ.
1481 1052 1527 1079 τοῦ
1548 1051 1572 1079 α’
1586 1051 1655 1087 βιϐλ.
1670 1050 1717 1078 τοῦ
1750 1051 1812 1078 κώδ.
1827 1060 1878 1087 φη-

1099 1106 1161 1124 σιν·
1181 1097 1221 1124 Τὰ
1251 1097 1322 1124 κατὰ
1351 1096 1521 1133 Χριστιανῶν
1538 1096 1692 1132 Πορφυρίου
1718 1095 1766 1123 καὶ
1796 1095 1879 1124 ἄλλων

1100 1143 1305 1178 συγγράμματα
1330 1142 1509 1174 καιέσθωσαν,
1539 1142 1587 1169 καὶ
1603 1142 1637 1168 τὰ
1650 1141 1807 1177 Νεστορίου,
1834 1141 1879 1168 καὶ

1099 1188 1148 1215 ὅσα
1165 1188 1202 1224 μὴ
1220 1188 1362 1223 συμφωνεῖ
1385 1190 1445 1219 ταῖς
1462 1188 1490 1214 ὲν
1510 1187 1612 1222 Νικαίᾳ
1639 1187 1687 1214 καὶ
1703 1187 1805 1221 Ἐφέσῳ
1821 1195 1881 1213 συν-

1098 1232 1178 1267 όδοις,
1203 1234 1251 1261 καὶ
1281 1234 1406 1269 Κυρίλλῳ
1431 1233 1470 1269 τῷ
1491 1233 1702 1269 Ἀλεξανδρείας,
1719 1229 1756 1259 ὧν
1774 1233 1822 1259 οὐκ
1841 1233 1881 1266 ἔξ-

1100 1287 1158 1305 εστι
1170 1279 1327 1315 παρεξιέναι
1342 1280 1391 1314 τὴν
1411 1279 1501 1306 πίστιν
1513 1286 1520 1294 ⁸
1532 1279 1557 1305 οι
1570 1279 1599 1306 δὲ
1609 1279 1644 1305 τὰ
1652 1278 1780 1313 λεχθέντα
1795 1278 1882 1314 βιὸλία

1100 1323 1206 1359 ἔχοντες
1234 1325 1281 1352 καὶ
1300 1323 1542 1358 ἀναγινώσκοντες,
1554 1323 1676 1359 ἐσχάτως
1693 1322 1881 1358 τιμωροῦνται.

1102 1369 1161 1397 Τίτ.
1182 1370 1203 1396 δ’
1215 1368 1285 1397 διάτ.
1305 1372 1320 1396 ι’
1333 1377 1340 1383 ⁸
1355 1370 1385 1396 Ol
1399 1369 1584 1405 μαθηματικοὶ
1595 1369 1632 1405 μὴ
1645 1369 1766 1400 καίοντες
1774 1368 1820 1394 ἐπὶ
1831 1368 1884 1394 τῶν

1101 1415 1257 1443 ἐπισκόπων
1286 1415 1336 1447 τὰς
1362 1415 1468 1450 βίϐλους
1489 1414 1588 1447 αὐτῶν,
1619 1415 1667 1441 καὶ
1690 1415 1723 1449 τῇ
1749 1413 1883 1450 ὸρθοδοξίᾳ

1103 1464 1260 1497 προσιόντες
1268 1463 1358 1496 πάσης
1369 1460 1543 1488 ἀπωθοῦνται
1557 1461 1659 1492 πόλεως
1671 1468 1679 1476 ·
1696 1461 1885 1496 εὑρισκόμενοι

1101 1507 1128 1534 δὲ
1144 1508 1173 1534 ὲν
1184 1508 1286 1541 πόλεσι,
1306 1506 1558 1542 δεπορτατεύονται.
1575 1506 1635 1535 Τίτ.
1655 1510 1676 1533 ε’
1692 1506 1761 1534 διάτ.
1778 1507 1806 1538 ς’
1820 1516 1828 1523 ·
1846 1507 1886 1534 Τὰ

1102 1554 1242 1589 γραφέντα
1264 1553 1402 1589 Νεστορίῳ
1425 1552 1495 1579 κατὰ
1520 1552 1568 1588 τῆς
1590 1554 1619 1579 ὲν
1643 1552 1748 1588 Ἐφέσῳ
1779 1552 1887 1579 συνόδου

1103 1601 1153 1627 οὐκ
1168 1599 1271 1633 ἔξεστιν
1281 1600 1361 1634 ἔχειν,
1373 1599 1389 1634 ἢ
1407 1599 1612 1633 ἀναγινώσκειν,
1624 1599 1640 1634 ἢ
1654 1599 1888 1634 μεταγράφεσθαι,

262 1647 382 1674 comburi
400 1646 534 1682 [debent.]
558 1647 624 1674 Cum
646 1651 736 1674 autem
751 1647 784 1674 de
806 1647 858 1673 lide
879 1646 1046 1680 disputatur,

1103 1645 1170 1671 ἀλλὰ
1199 1645 1336 1672 καίονται”
1353 1646 1382 1671 ἐν
1396 1644 1435 1680 τῷ
1459 1644 1551 1679 ζητεῖν
1567 1644 1657 1671 αὐτῶν
1683 1644 1747 1679 περὶ
1760 1645 1889 1677 πίστεως,

263 1701 316 1720 non
344 1697 386 1720 est
408 1693 516 1719 illorum
549 1693 652 1719 mentio
677 1691 820 1719 facienda:
848 1699 935 1726 neque
959 1689 1047 1727 [item]

263 1739 318 1766 nilo
329 1746 435 1773 privato
447 1743 510 1766 sunt
525 1738 697 1772 suseipienda
710 1738 778 1764 loco.
788 1737 839 1770 Qui
856 1737 941 1771 legem
958 1742 1049 1763 trans-

263 1783 396 1818 greditur,
419 1781 489 1817 [ejus
504 1781 668 1818 substantia]
689 1781 853 1816 publicatur,
880 1780 965 1808 Porro
992 1780 1047 1807 Ne-

265 1826 379 1855 storiani
397 1834 449 1854 non
474 1826 623 1853 Christiani
644 1831 786 1858 vocantur,
812 1825 859 1853 sed
882 1824 1047 1856 Nestoriani,

263 1872 492 1906 quemadmodum
531 1871 636 1904 Ariani,
674 1871 864 1907 Porphyriani.
879 1871 975 1898 Const.
1002 1870 1045 1897 8:

264 1917 337 1945 Nulli
351 1917 415 1945 licet
434 1922 529 1945 contra
546 1917 794 1945 Chalcedonensem
821 1917 954 1952 synodum
976 1916 1047 1944 scri-

264 1963 339 1995 bere,
357 1962 455 1997 legere,
471 1962 585 1994 dictare,
605 1966 651 1989 aut
665 1962 750 1990 libros
764 1962 883 1989 habere:
900 1961 1000 1996 alioqui
1019 1961 1045 1987 in

264 2013 422 2044 perpetuum
438 2008 604 2042 deportatur.
626 2008 676 2041 Qui
700 2008 831 2044 [aliquem
853 2007 973 2043 illorum]
1005 2008 1044 2034 di~

264 2052 356 2080 scendi
376 2060 458 2080 causa
486 2053 552 2084 adit.
571 2052 637 2080 ﬁsco
657 2053 749 2080 decem
771 2052 854 2079 libras
877 2051 962 2088 [auri]
988 2052 1045 2079 dat.

264 2098 316 2131 Qui
327 2106 393 2126 vero
411 2099 491 2125 vetita
510 2099 599 2130 docet,
618 2107 746 2133 supremo
761 2098 875 2125 aﬂicilur
900 2099 1046 2133 supplicio.

1101 1690 1132 1716 οὐ
1148 1690 1188 1717 δεῖ
1206 1690 1295 1717 αὐτῶν
1321 1690 1487 1726 μεμνῆσθαι·
1508 1689 1569 1716 οὒτε.
1585 1690 1625 1716 δεῖ
1638 1689 1737 1720 αὐτοὺς
1753 1689 1782 1715 ὲν
1793 1689 1889 1726 οἱῳδήτ

1103 1745 1168 1763 ποτε
1185 1736 1242 1772 ἰδίῳ
1266 1724 1340 1772 τύπω
1360 1724 1488 1772 δέχεσθαι
1499 1745 1506 1752 ⁷
1522 1736 1536 1762 ὁ
1550 1736 1578 1763 δὲ
1595 1736 1772 1771 παραϐαίνων
1786 1736 1833 1763 τὸν
1849 1724 1889 1762 νόί

1104 1790 1163 1816 μον,
1195 1781 1362 1817 δημεύεται·
1391 1783 1421 1809 οὐ
1447 1782 1571 1816 λέγονται
1593 1781 1622 1808 δὲ
1644 1782 1668 1807 οἱ
1696 1781 1890 1816 Νεστοριανοὶ,

1101 1826 1269 1863 Χριστιανοὶ,
1288 1828 1355 1855 ἀλλὰ
1374 1827 1541 1863 Συμωνιανοί
1558 1836 1566 1844 ο
1593 1826 1687 1862 ὥσπερ
1701 1827 1726 1853 οἱ
1739 1826 1890 1862 Ἀρειανοὶ,

1102 1874 1295 1910 Πορφυριανοί.
1318 1874 1392 1901 Διᾶτ.
1410 1877 1452 1908 η”
1472 1872 1567 1900 Οὐδεν)⁴
1586 1872 1673 1907 ἔξεστι
1696 1872 1768 1899 κατὰ
1782 1872 1837 1906 τῆς
1863 1873 1893 1899 έν

1102 1922 1253 1957 Χαλκηδόνι
1269 1921 1377 1948 συνόδου
1389 1920 1504 1955 γράφειν
1516 1920 1533 1955 ἢ
1546 1918 1740 1953 ἀναγινώσκειν
1753 1918 1770 1953 ἦ
1784 1918 1894 1952 ὑπαγο-

1103 1967 1191 2004 ρεύειν
1205 1967 1222 2002 ἢ
1236 1967 1308 2001 ἔχειν
1332 1965 1494 2001 γράμματα,
1525 1964 1585 1990 ἐπεὶ
1609 1963 1739 1999 διηνεκῶς
1755 1962 1900 1997 δεπορτα-

1101 2011 1224 2039 τεῦεται’
1253 2013 1298 2039 καὶ
1309 2013 1322 2038 ό
1339 2010 1495 2046 προσελθὼν
1512 2010 1558 2036 ἐπὶ
1585 2008 1624 2044 τῷ
1643 2008 1750 2044 μαθεῖν,
1764 2007 1780 2034 ι’
1796 2007 1897 2042 λίτρας

1101 2059 1193 2085 δίδωσι
1210 2057 1248 2093 τῷ
1258 2058 1364 2092 φίσκῳ·
1393 2056 1440 2083 καὶ
1459 2056 1618 2083 ὁδιδάσκων
1640 2054 1674 2080 τὰ
1699 2053 1896 2088 κεκωλυμένα,

1103 2103 1223 2138 ἐσχάτως
1245 2104 1423 2138 τιμωρεῖται·
1440 2102 1529 2128 πάντα
1557 2102 1585 2127 δὲ
1619 2100 1654 2126 τὰ
1683 2100 1897 2134 συγγράμματα

263 2144 304 2171 Ad
327 2145 383 2171 haec
403 2152 498 2171 omnes
520 2145 677 2180 Eutychetis
704 2150 784 2179 atque
805 2145 968 2178 Apollinaris
986 2143 1046 2170 libri

1103 2149 1238 2184 Εὐτυχοῦς
1253 2149 1299 2175 καὶ
1320 2148 1516 2183 Ἀπολιναρίου,
1534 2155 1578 2173 και
1596 2147 1711 2172 σθωσαν·
1725 2146 1751 2172 εἰ
1767 2146 1898 2172 δὲταῦτα

263 2196 480 2217 concremantor.
500 2189 577 2222 Quod
599 2190 620 2216 si
642 2189 868 2225 [provinciarum]
895 2190 1046 2217 moderato-

1103 2195 1285 2230 παρίδωσινοί
1301 2194 1441 2229 ἄρχοντες,
1454 2194 1471 2228 ἢ
1485 2195 1512 2219 αἱ
1536 2193 1626 2224 τάξεις
1657 2192 1760 2224 αὐτῶν,
1774 2192 1792 2227 ἢ
1808 2193 1835 2218 οἱ
1851 2192 1899 2218 ἕκ-

264 2243 318 2267 res,
340 2242 489 2269 eorumque
512 2234 692 2268 apparitores.
718 2239 745 2261 ct
763 2233 930 2270 [civitatum]
952 2234 1046 2261 defen-

1103 2241 1181 2272 δικοι,
1212 2240 1265 2266 ἀπὸ
1287 2239 1352 2266 δέκα
1375 2238 1474 2274 λιτρῶν
1495 2238 1533 2272 τῷ
1558 2238 1647 2272 φὶσκῳ
1671 2237 1900 2271 προττιμῶνται.

263 2287 339 2306 sares
355 2288 408 2306 non
421 2280 635 2312 obscrvavcrint,
649 2280 674 2306 in
684 2280 768 2307 denas
783 2280 866 2307 libras
883 2279 964 2315 [auri]
981 2281 1046 2306 lisco

1103 2286 1177 2313 Διάτ.
1187 2289 1224 2319 ις’
1236 2295 1242 2302 ·
1253 2286 1280 2313 Ὀ
1292 2286 1360 2320 ἔχων
1371 2285 1462 2320 βιϐλία
1474 2284 1640 2318 Μανιχαῖκὰ,
1652 2283 1698 2309 καὶ
1711 2283 1748 2318 μὴ
1763 2282 1902 2317 φανερῶν

264 2325 425 2351 tnultantur.
447 2323 565 2351 Constit.
590 2324 644 2351 16:
662 2325 712 2357 Qui
728 2324 938 2353 Maniclneorum
961 2325 1046 2352 libros

1103 2333 1169 2359 αὐτὰ
1197 2333 1243 2359 ἐπὶ
1256 2332 1295 2367 τῷ
1309 2331 1443 2366 καυθῆναι
1457 2350 1464 2361 ,
1491 2330 1660 2364 τιμωρεῖται.
1676 2329 1728 2355 Καὶ
1747 2329 1764 2364 ἡ
1783 2332 1806 2354 ε’
1823 2328 1902 2355 stic.

264 2370 354 2402 habet,
377 2377 464 2404 neque
483 2371 510 2397 in
525 2371 694 2405 propatulum
711 2371 813 2406 profert
826 2375 854 2398 ut
867 2379 1046 2398 concremen-

264 2420 319 2448 tur,
335 2415 455 2449 pnnitur.
479 2415 512 2442 Et
527 2421 616 2443 const.
631 2416 648 2443 5
659 2436 665 2448 ,
687 2417 728 2443 tit.
744 2417 756 2443 l
785 2415 970 2450 Novellarum,
1002 2425 1048 2444 eos

264 2460 310 2496 qui
326 2461 418 2488 Severi
444 2462 545 2495 scripta
574 2461 687 2493 habent,
709 2462 792 2497 386
810 2470 858 2490 nec
870 2463 1046 2496 comburunt,

265 2507 393 2535 manibus
412 2507 532 2535 mntilari
545 2508 634 2543 jubet.
646 2508 717 2535 Dicit
729 2517 793 2536 vero
806 2509 888 2536 etiam
903 2509 949 2536 lib.
963 2517 990 2542 ι,
1006 2510 1047 2537 tit.

264 2553 401 2588 2,digest.
419 2554 454 2581 ιε
474 2553 547 2581 Inter
569 2554 690 2582 haeredes
707 2562 760 2581 non
773 2555 932 2582 dividuntur
948 2556 1048 2590 reperti

265 2600 292 2628 in
321 2600 477 2628 haereditate
512 2601 609 2635 magici
639 2601 710 2632 libri,
739 2601 785 2628 sed
810 2602 925 2628 arbitrio
947 2602 1049 2636 judiris

264 2651 486 2682 corrumpuntur.
512 2647 629 2674 Constit.
644 2647 670 2679 5,
698 2647 738 2674 lit.
757 2647 773 2674 5
795 2646 971 2675 Novellarum
988 2656 1049 2683 per-

265 2693 348 2720 mittit
361 2692 463 2720 ludatis
488 2698 519 2720 ut
538 2693 564 2720 in
589 2694 735 2728 Synagogis
757 2694 815 2721 suis
827 2693 920 2722 Graece
933 2695 1049 2729 aliisque

265 2739 368 2773 linguis
386 2746 435 2773 pro
464 2739 585 2766 locorum
613 2738 741 2774 [ratione]
757 2738 913 2774 Scripturas
936 2741 1046 2773 legant:

266 2782 372 2819 [idque]
382 2784 533 2811 secundum
557 2783 737 2819 Septuaginta
749 2790 777 2812 et
792 2785 897 2819 Aquilu-
910 2785 979 2812 inter
986 2792 1049 2819 pre-

265 2829 406 2856 tationem.
421 2828 472 2861 Qui
488 2837 551 2856 vero
564 2829 634 2856 hanc
646 2829 790 2857 lectionem
805 2830 940 2864 prohibet,
959 2830 1046 2865 publi-

266 2874 334 2902 catis
349 2874 451 2910 [bonis]
467 2875 674 2902 exturntinatur.

1101 2378 1148 2405 τοῦ
1172 2382 1195 2405 α’
1214 2378 1267 2405 τίτ.
1293 2377 1347 2404 τῶν
1363 2376 1477 2411 Νεαρῶν
1505 2375 1610 2401 κελεύει
1634 2375 1697 2403 τοὺς
1717 2374 1840 2408 ἔχοντας
1868 2373 1906 2400 τὰ

1102 2422 1221 2457 Σεϐἡρου
1237 2421 1440 2457 συγγράμματα
1461 2420 1508 2446 κοιλ⁵
1528 2420 1566 2455 μὴ
1581 2420 1708 2450 καίοντας
1723 2418 1812 2449 αὐτὰ,
1840 2427 1907 2453 χει-

1104 2466 1284 2502 ροκοπεῖσθια.
1302 2489 1314 2498 ,
1334 2466 1413 2500 Λέγει
1427 2466 1515 2492 δὲκαὶ
1531 2465 1600 2499 βιϐλ.
1619 2468 1634 2491 ι’
1649 2465 1701 2491 τίτ.
1719 2464 1753 2498 β’,
1768 2463 1852 2490 διάτ.
1869 2464 1904 2495 δ’,

1102 2513 1194 2546 ὅτι,οὺ
1209 2512 1374 2547 διαιροῦνται
1393 2512 1494 2547 μεταξὺ
1509 2511 1562 2538 τῶν
1572 2510 1749 2544 κληρονόμων
1762 2510 1804 2536 τὰ
1821 2510 1854 2536 ὲν
1871 2510 1906 2544 τῇ

1103 2558 1269 2594 κληρονομίᾳ
1285 2558 1429 2592 εὑρεθέντα
1459 2557 1563 2592 μαγικὰ
1593 2556 1704 2591 βιϐλία,
1727 2555 1801 2582 ἀλλὰ
1823 2555 1908 2581 δοκι-

1104 2604 1189 2639 μασίᾳ
1202 2603 1249 2630 τοῦ
1274 2603 1400 2630 δικαστοῦ
1416 2602 1582 2637 φθείρονται.
1604 2601 1670 2628 Ἡδὲ
1686 2601 1790 2627 ε’διάτ.
1810 2600 1867 2627 τοῦ
1882 2598 1909 2634 γ’

1097 2650 1149 2676 τίτ.
1174 2649 1227 2675 τῶν
1242 2648 1354 2683 Νεαρῶν
1381 2648 1522 2682 ἐπιτρέπει
1546 2648 1601 2678 τοῖς
1620 2646 1758 2677 Ἰουδαίοις
1786 2646 1822 2672 ὲν
1840 2646 1910 2675 ταῖς

1102 2695 1272 2729 συναγωγαῖς
1297 2694 1387 2720 αὐτῶν
1409 2692 1456 2720 καὶ
1481 2692 1635 2727 Ἑλληνιστὶ
1658 2693 1705 2718 καὶ
1720 2693 1782 2723 ταῖς
1799 2691 1911 2721 ἄλλαις

1097 2740 1246 2771 διαλέκτοις
1279 2740 1346 2775 πρὸς
1371 2740 1435 2770 τοὺς
1451 2739 1550 2770 τόπους
1564 2739 1613 2769 τὰς
1625 2738 1736 2772 Γραφὰς
1751 2736 1912 2770 ἀναγιξδώ-

1099 2793 1183 2817 σκειν,
1213 2785 1283 2811 κατὰ
1308 2784 1356 2819 τὴν
1371 2785 1423 2810 τῶν
1437 2783 1464 2810 0'
1477 2784 1523 2810 καὶ
1538 2783 1586 2818 τὴν
1606 2783 1706 2809 ’Διιύλα
1727 2781 1912 2816 παράδοσιν

1097 2832 1111 2856 ὁ
1127 2830 1154 2856 δὲ
1169 2829 1217 2864 τὴν
1228 2830 1354 2864 τοιαύτην
1367 2829 1478 2856 κωλύων
1494 2829 1660 2863 ἀνάγνωσιν,
1676 2826 1843 2862 δημεύεται
1861 2824 1916 2852 καὶ

1103 2876 1261 2910 ἐξορίζεται.
