1951 3071
172 237 299 266 ΚΕΦΔΛ.
312 235 349 263 Δ’.
362 251 397 256 -
410 235 480 270 Περὶ
504 235 703 269 καθαιρέσεως
729 234 856 266 ξοάνων.

219 282 357 310 Συνόδου
379 280 589 316 Καρθαγὲνγης
604 279 704 307 κανὼν
715 278 766 314 νη’,
778 277 818 305 1::5’
823 297 832 306 .

177 329 249 364 Περὶ
277 328 337 355 τῶν
369 327 649 362 ὲγκαταλειμμάτων
675 325 736 353 τῶν
773 324 923 357 εἰδώλων,

137 377 187 404 καὶ
202 375 284 403 ναῶν
305 374 366 401 τῶν
380 374 563 408 ὀφειλόντων
574 371 800 406 ἐξαλειφθῆναι,
816 367 860 397 ὧν
872 369 927 403 χά-

136 431 188 457 ριν
203 421 326 455 αἰτῆσαι
340 419 385 446 δεῖ
410 419 481 452 τοὺς
511 417 824 452 θρησκευτικωτάτους
835 416 928 448 ,βασι-

135 467 212 500 λεῖς.

170 515 221 547 vn’.
239 511 320 538 Ὥστε
344 509 380 536 τὰ
407 508 650 543 ὲγκαταλείμματα
676 507 731 533 τῶν
761 505 878 533 εἰδώλων
893 504 928 531 τὰ

134 558 205 585 κατὰ
214 558 305 584 πᾶσαν
320 556 369 591 τὴν
387 556 530 590 Ἀφρικὴν,
559 554 685 582 κελεῦσαι
703 551 842 584 παντελῶς
864 553 928 578 ἀνα-

135 603 265 638 κοπῆναι·
283 603 332 629 καὶ
346 603 400 637 γὰρ
420 603 448 629 ὲν
463 601 570 632 πολλοῖς
590 600 681 631 τόποις
696 597 928 633 παραθαλασσίοις

134 648 183 675 καὶ
193 647 331 682 διαφόροις
344 648 483 682 κτήσεσιν,
502 645 621 681 ἀκμάζει
633 644 674 671 ἑτι
683 644 734 678 τῆς
749 642 853 677 πλάνης
860 640 928 668 ταύ-

134 702 186 728 της
200 694 217 729 ή
232 692 325 720 ἀδικία
340 700 348 708 ·
375 693 418 719 ἵνα
432 690 645 727 παραγγελθῶσι
661 689 710 717 καὶ
724 689 795 715 αὐτὰ
813 687 928 714 ἀπαλει-

134 740 247 774 φθῆναι,
276 739 322 765 καὶ
338 739 362 765 οἱ
380 738 440 766 ναοὶ
466 737 557 764 αὐτῶν
581 736 605 762 οἱ
624 737 653 762 ὲν
664 737 719 767 τοῖς
732 735 826 770 ἀγροῖς
841 733 888 760 καὶ
899 733 929 759 ἐν

135 783 395 819 ἁποκεκρυμμένοις
431 782 545 813 τόποις,
571 780 656 816 χωρίς
681 787 752 810 τινος
780 776 929 812 εὐκοσμίας

135 829 320 861 καθεστῶτες,
354 827 437 854 παντὶ
461 826 555 861 τρόπῳ
581 823 748 853 κελευσθῶσι
775 829 930 856 καταστρα-

134 875 228 909 φῆναι.

133 975 213 1038 “135‘
218 1030 224 1038 .
250 1010 366 1046 Ὁμοίως
379 1011 478 1046 ἣρεσεν
493 1007 641 1043 αἱτηθῆναι
658 1005 781 1046 ἀπὺ-τῶν
792 1003 928 1038 ὲνδοξοτάυ

135 1065 191 1085 των
207 1043 349 1092 βασιλέων,
369 1043 413 1082 ἵνα
428 1056 463 1082 τὰ
487 1054 600 1089 λείψανα
627 1053 677 1087 τῆς
704 1043 927 1085 εἷδωλολατρείας

136 1103 176 1139 μὴ
189 1103 270 1138 μόνον
298 1102 334 1129 τὰ
364 1103 393 1129 ὲν
420 1101 534 1134 ξοάνοις,
565 1099 634 1127 ἀλλὰ
656 1098 704 1125 καὶ
718 1098 746 1124 ἐν
760 1096 929 1131 οίοισδήποτε

135 1149 243 1181 τόποις,
260 1148 278 1183 ἢ
293 1147 418 1182 ἄλσεσιν,
440 1146 457 1182 ἢ
474 1146 603 1181 δένδροις,
626 1143 710 1171 παντὶ
722 1142 814 1178 τρόπῳ
825 1141 930 1175 ἐξαλει-

133 1193 251 1229 φθῶσιν.

179 1239 211 1266 Ἦ
225 1238 251 1266 α’
263 1238 334 1265 διάτ.
360 1237 409 1265 τοῦ
439 1236 473 1264 ια’
487 1236 540 1264 τιτ.
556 1235 606 1263 τοῦ
617 1238 642 1263 α’
657 1234 727 1270 βιὸλ.
740 1232 788 1260 τοῦ
803 1231 870 1260 κώδ.
882 1239 929 1259 κει-

136 1283 213 1311 λεύει
226 1285 261 1311 τὰ
276 1284 336 1319 ίερὰ
351 1282 500 1311 κλείεσθαι.

178 1330 304 1358 ΚΕΦΑΛ.
319 1329 464 1363 E’.-—Hspl
475 1327 650 1361 Νεστορίου,
662 1322 830 1357 Μουσαῖον,
839 1323 930 1350 Εὐτυ-

137 1377 257 1413 χιιινοῡ,
269 1376 419 1410 Μαξίμου,
437 1373 619 1408 Πορφυρίου,
634 1371 683 1398 καὶ
696 1369 755 1397 τῶν
767 1370 818 1397 ὑπ’
830 1366 930 1413 αὺτῷν

136 1412 354 1450 καταστάντων
367 1422 533 1455 αΙρετικων,
554 1417 573 1451 ἢ
592 1416 760 1451 ὀρθοδόξων
772 1412 931 1446 ἐκϐληθέν-

145 1477 217 1495 των.

212 1513 346 1541 Συνόδου
359 1509 710 1539 Κωνσταντινουπόλεως
720 1505 820 1533 κανὼν
827 1503 856 1531 δ’.

536 178 735 210 SYNTAGMA
753 155 948 208 CANONUM.
960 188 994 194 --
1006 176 1081 206 TlT.
1098 176 1168 213 XII,
1189 177 1267 206 CAP.
1288 177 1385 207 III-V.

940 237 964 264 Α
1012 231 1091 260 CAP.
1107 231 1151 258 IV.
1162 247 1198 252 —
1211 232 1250 259 De
1262 231 1428 259 destruendis
1445 231 1523 259 idolis
1535 239 1581 258 seu
1595 231 1722 259 delubris.

1717 174 1771 207 874

1088 278 1199 306 Concilii
1216 278 1430 313 Carthaginemis
1444 285 1556 305 canones
1566 277 1611 310 58,
1625 276 1670 305 84.

1022 332 1060 359 De
1084 331 1201 366 reliquiis
1220 331 1363 363 idolorum,
1378 335 1403 358 et
1419 330 1521 364 templis
1538 329 1684 362 abolendis,
1702 338 1770 364 quo-

987 385 1046 404 rum
1069 385 1151 404 causa
1172 377 1343 410 imperatores
1361 376 1475 411 piissimi
1499 379 1561 402 sunt
1581 375 1700 410 precibus
1721 375 1771 402 ad-

987 423 1074 450 eundi.

1015 505 1061 532 58.
1079 504 1184 533 instant
1199 505 1223 521 ⁸⁸
1251 504 1333 532 etiam
1361 503 1420 531 alis
1442 503 1621 533 necessitates
1637 502 1771 538 religiosis

982 550 1194 585 imperatoribus
1217 550 1397 585 postulandae,
1424 554 1454 577 ut
1480 550 1611 583 reliquias
1635 549 1769 576 idolorum

979 604 1028 630 per
1056 603 1165 624 omnem
1197 596 1315 624 Africam
1342 596 1457 630 jubeant
1475 597 1584 631 penitus
1610 595 1769 630 amputari;

981 649 1042 668 nam
1056 641 1192 676 plerisque
1206 641 1233 668 in
1250 641 1317 669 locis
1337 640 1499 673 maritimis,
1520 645 1602 675 atque
1618 640 1771 675 possessio—

979 687 1061 715 nibus
1071 687 1186 715 diversis
1201 687 1290 714 adhuc
1306 687 1408 714 erroris
1425 687 1505 714 istius
1530 686 1661 721 iniquitas
1680 686 1769 721 viget:

980 737 1011 759 ut
1025 732 1218 767 praecipiantur
1233 736 1260 759 et
1280 733 1353 767 ipsas
1376 731 1471 764 deleri,
1491 735 1518 759 et
1546 731 1646 766 templa
1672 738 1767 758 eorum

979 785 1039 813 qua:
1053 778 1079 804 in
1105 778 1190 813 agris,
1211 779 1252 805 vel
1274 779 1302 804 in
1318 777 1384 805 locis
1398 777 1497 805 abditis
1521 777 1669 804 constituta
1697 776 1772 804 nullo

980 828 1141 851 ornamento
1154 828 1227 857 sunt,
1241 824 1390 859 jubeantur
1403 823 1562 851 omnimodo
1577 823 1693 851 destrui.

171 921 241 955 Περὶ
261 920 315 948 τοῦ
330 920 366 947 τὰ
381 919 514 953 λείψανα
537 917 597 944 τῶν
623 916 753 944 εἰδώλων
776 911 929 947 ὲκριζωθῆ-

1019 913 1058 942 De
1069 913 1202 941 idolorum
1218 914 1338 949 reliquiis
1351 915 1541 950 exstirpandis.

1017 1005 1061 1033 84.
1071 1004 1136 1032 Item
1144 1004 1275 1040 placuit“
1281 1005 1362 1033 etiam
1372 1005 1406 1034 ab
1414 1005 1625 1041 imperatoribus
1630 1004 1770 1041 gloriosis-

981 1050 1058 1079 simis
1071 1051 1301 1086 peti,utreliquiz
1311 1051 1472 1080 idololatrias
1483 1059 1538 1079 non
1547 1051 1636 1080 solum
1646 1052 1672 1079 in
1684 1051 1771 1079 simu-

982 1096 1075 1129 lacris,
1087 1097 1134 1125 sed
1156 1097 1184 1124 in
1199 1097 1411 1133 quibuscunque
1424 1098 1504 1132 locis,
1518 1098 1561 1127 vel
1572 1098 1652 1132 lucis,
1672 1098 1714 1126 vel
1727 1105 1771 1125 ar-

982 1142 1096 1171 boribus
1107 1143 1274 1171 omnimodo
1285 1143 1434 1171 deleantur.

1016 1234 1098 1270 387
1112 1233 1278 1262 Constitutio
1309 1235 1337 1268 1,
1363 1236 1405 1264 tit.
1427 1236 1456 1270 2,
1478 1235 1526 1264 lib.
1542 1243 1552 1264 1
1568 1235 1635 1263 Cod.
1654 1234 1776 1271 jubettst

984 1282 1085 1314 templa
1099 1280 1271 1308 claudantur.

1020 1323 1098 1351 CAP.
1114 1324 1146 1353 V.
1173 1339 1209 1345 —
1238 1324 1276 1352 De
1299 1324 1435 1358 Nestorio,
1464 1324 1575 1358 Muswo,
1606 1324 1772 1360 Eutychiano

982 1368 1110 1404 Maximo,
1130 1369 1278 1405 Porphyrio
1292 1376 1316 1397 et
1336 1370 1368 1397 de
1381 1370 1510 1397 hazrelt'cis
1528 1377 1561 1397 ex
1589 1369 1682 1396 horum
1700 1369 1772 1404 [ante

981 1415 1106 1443 derivatis
1119 1421 1143 1443 et
1157 1416 1190 1443 de
1207 1416 1362 1444 orthodoxi:
1397 1416 1524 1449 expulsis.

1098 1506 1213 1535 Concilli
1227 1507 1520 1543 Constantinopoliluni
1534 1517 1620 1537 canon
1632 1509 1660 1538 4.

176 1567 209 1594 δ’.
225 1567 292 1601 Περὶ
309 1565 436 1600 Μαξίμου
449 1563 496 1590 τοῦ
524 1561 634 1589 κυνικοῦ
650 1561 696 1588 καὶ
709 1560 759 1595 τῆς
772 1559 833 1586 κατ’
848 1557 929 1585 αὑτὸν

1018 1565 1045 1592 4.
1072 1565 1232 1592 Statuerunt
1248 1566 1329 1592 etiam
1344 1565 1378 1592 de
1402 1565 1522 1594 Maximo
1544 1566 1656 1602 Cynico,
1671 1571 1699 1595 et
1710 1567 1771 1603 ejus

138 1613 265 1645 ἀταξίας,
289 1613 339 1647 τῆς
365 1613 394 1638 ὲν
423 1608 735 1638 Κωνσταντινουπόλεως
761 1605 930 1641 γενομένης·

135 1660 210 1686 ὥστε
237 1659 305 1694 μήτε
333 1657 459 1691 Μάξιμον
477 1655 626 1682 ἐπίσκοπον
641 1654 658 1689 ἢ
679 1650 832 1687 γενέσθαιῆ
850 1647 931 1682 εἶναι,

139 1704 209 1739 μηδὲ
226 1704 288 1735 τοὺς
308 1703 372 1738 παρ’
396 1701 479 1728 αὺτοῦ
494 1699 732 1736 χειροτονηθέντας
745 1699 774 1724 ὲν
783 1696 932 1732 οιῳδήποτε

140 1749 237 1785 βαθμῷ
254 1749 365 1784 κλήρου,
386 1748 495 1774 πάντων
507 1747 554 1773 καὶ
570 1746 624 1773 τῶν
640 1746 704 1779 περὶ
715 1743 796 1770 αὑτὸν
815 1743 862 1769 καὶ
877 1741 931 1768 τῶν

139 1794 205 1831 παρ’
219 1795 301 1822 αὑτοῦ
315 1794 467 1829 γενομένων
479 1792 685 1828 ἀκυρωοέντων.

211 1841 347 1869 Συνόδου
368 1841 495 1875 Ἐφέσου
514 1840 615 1867 κανὼν
628 1839 662 1873 α’,
679 1838 711 1874 β’,
724 1838 759 1873 γ’,
774 1838 808 1870 δ’,
826 1842 857 1866 εκ

174 1886 210 1914 [ι’.
234 1887 341 1922 Ἐπειδὴ
354 1887 382 1913 δὲ
396 1887 480 1922 ἐχρῆν
508 1886 556 1912 καὶ
579 1886 642 1917 τοὺς
659 1884 870 1919 ἀπολειφθέντας
881 1883 931 1918 τῆς

139 1933 221 1968 ἁγίας
241 1933 360 1965 συνόδου,
380 1934 425 1959 καὶ
447 1933 590 1967 μείναντας
604 1930 675 1957 κατὰ
699 1930 790 1966 χώραν
807 1930 824 1965 ἢ
842 1930 930 1961 πόλιν,

137 1979 184 2006 διά
207 1988 268 2006 τινα
292 1979 384 2005 αἰτίαν
415 1976 678 2012 ὲκκλησιαστικὴνῆ
706 1975 877 2011 σωματικὴν,
893 1975 930 2011 μὴ

139 2025 273 2060 ἀγνοῆσαι
284 2026 317 2052 τὰ
329 2025 392 2060 περὶ
403 2024 493 2051 αὐτῶν
508 2023 699 2058 τετυπωμένα,
714 2021 884 2057 γνωρίζομεν
896 2022 929 2057 τῇ

139 2072 260 2107 ὑμετέρᾳ
272 2071 394 2106 ὰγιότητί
405 2079 434 2097 τε
444 2070 492 2096 καὶ
502 2070 607 2105 ἀγάπῃ,
623 2069 719 2103 ὅτιπερ
738 2068 794 2094 εἴτε
805 2069 819 2094 ὁ
829 2075 931 2104 μητρο-

140 2117 252 2151 πολίτης
277 2118 326 2152 τῆς
345 2115 480 2150 ἐπαρχίας
496 2114 687 2149 ἀποστατήσας
711 2113 760 2147 τῆς
781 2112 862 2146 ἁγίας
884 2112 931 2138 καὶ

139 2162 337 2198 οἰκουμενικῆς
352 2162 472 2193 συνόδου,
489 2159 636 2195 προσέθετο
646 2160 684 2194 τῷ
698 2159 747 2193 τῆς
763 2158 931 2189 ἀποετασίας

985 1610 1133 1644 petulantia
1143 1615 1169 1638 et
1197 1611 1352 1644 insolentia,
1371 1619 1432 1646 qua:
1451 1611 1503 1639 luit
1518 1611 1768 1648 Constantinopoli,

987 1660 1017 1684 ut
1028 1656 1161 1683 Maximus
1173 1657 1318 1692 episcopus
1332 1665 1382 1685 nec
1398 1657 1480 1685 fuerit
1493 1658 1534 1685 vel
1548 1658 1594 1690 sit.
1609 1666 1659 1686 nec
1673 1659 1721 1694 qui
1735 1659 1770 1686 ab

984 1709 1017 1728 eo
1028 1702 1146 1729 ordinati
1161 1701 1274 1729 fuerunt
1289 1703 1315 1729 in
1331 1703 1396 1737 ullo,
1413 1703 1573 1738 quicunque
1589 1704 1611 1731 is
1624 1704 1671 1737 sit,
1683 1704 1769 1739 gradu

984 1748 1050 1776 cleri
1061 1749 1198 1782 omnibus,
1213 1753 1239 1776 et
1252 1757 1313 1784 qua:
1327 1749 1400 1776 circa
1423 1750 1512 1784 ipsum
1529 1749 1651 1785 fuerunt,
1665 1755 1692 1779 et
1708 1758 1770 1787 qua:

981 1795 1016 1821 ab
1030 1795 1076 1822 illo
1090 1795 1160 1822 facta
1172 1800 1247 1828 sunt,
1262 1795 1416 1825 inﬁrmatis.

1066 1840 1179 1868 Concilii
1199 1841 1325 1876 Ep/tesini
1344 1849 1456 1869 canones
1475 1842 1501 1876 l,
1520 1842 1548 1875 ἓ,
1567 1842 1595 1874 5,
1615 1841 1641 1874 4,
1659 1842 1686 1870 5.

1022 1887 1048 1914 l.
1064 1887 1197 1920 Quoniam
1206 1892 1297 1916 autem
1305 1888 1361 1924 (28)
1368 1888 1510 1924 oportebat
1518 1889 1676 1916 etabsentes
1684 1896 1699 1915 a
1708 1896 1772 1916 san-

984 1937 1027 1960 cta
1049 1933 1172 1968 synodo,
1191 1938 1385 1969 morantesque
1399 1935 1426 1961 in
1443 1934 1557 1961 urbibus
1576 1938 1604 1961 et
1624 1934 1772 1969 provinciis

983 1979 1020 2006 ob
1034 1979 1143 2014 aliquod
1156 1979 1392 2014 impedimentum,
1407 1980 1465 2008 sive
1484 1980 1700 2008 ecclesiasticum
1715 1980 1773 2007 sive

984 2034 1157 2061 corporeum,
1168 2034 1223 2053 non
1238 2027 1372 2061 ignorare,
1386 2035 1447 2062 quae
1464 2027 1498 2054 de
1513 2027 1580 2061 ipsis
1593 2032 1657 2054 sunt
1668 2027 1772 2054 consti-

985 2076 1043 2099 tuta
1054 2080 1061 2102 ;
1074 2071 1261 2106 signiﬁcamus
1271 2071 1409 2099 sanctitati
1423 2076 1519 2099 vestrae
1534 2079 1566 2098 ac
1579 2071 1718 2098 dilectioni
1732 2075 1772 2104 ut,

983 2118 1007 2146 si
1018 2118 1154 2153 quispiam
1171 2119 1341 2153 mctropolita
1357 2118 1514 2153 provinciae,
1527 2118 1655 2146 derelicta
1679 2122 1771 2146 sancta

983 2169 1010 2192 et
1034 2164 1203 2192 mcumenica
1228 2165 1344 2199 synodo,
1365 2169 1412 2191 aut
1435 2164 1546 2192 accedet
1569 2164 1597 2191 in
1619 2168 1770 2198 posterum.

140 2209 284 2244 συνεδρίῳ,
298 2208 314 2243 ἢ
331 2208 399 2243 μετὰ
411 2207 490 2234 τοῦτο
500 2206 673 2242 προστεθείη,
689 2206 705 2241 ἢ
719 2205 753 2231 τὰ
769 2204 929 2231 Κελεστίνου

989 2210 1043 2237 sive
1062 2217 1124 2236 cum
1146 2209 1275 2236 Coclestio
1297 2209 1398 2241 sensit,
1424 2213 1470 2236 aut
1493 2208 1611 2242 sentiet,
1630 2208 1688 2243 ipse
1704 2208 1772 2236 nihil

138 2242 427 2290 ttppd‘ld’ld’rivﬁtppovﬁ,
454 2250 530 2285 οὗτος
551 2252 622 2279 κατὰ
648 2251 701 2278 τῶν
724 2251 772 2286 τῆς
799 2250 929 2286 ἐπαρχίας

989 2254 1102 2289 amplius
1113 2255 1211 2289 poterit
1224 2262 1306 2289 agere
1315 2255 1446 2282 adversus
1457 2255 1604 2289 provinciae
1617 2242 1770 2289 episcopos,

138 2300 298 2326 ἐπισκόπων
321 2299 535 2333 διαπράττεσθαί
546 2308 572 2325 τι
587 2298 712 2333 οὐδαμῶς
742 2297 864 2329 δύναται,
878 2297 930 2323 πά-

140 2355 191 2381 σης
208 2345 438 2381 ὲκκλησιαστικῆς
455 2345 598 2376 κοινωνίας
610 2343 734 2370 ἐντεῦθεν
748 2343 799 2378 ἤδη
813 2343 865 2369 ὑπὸ
881 2343 930 2378 τῆς

139 2392 252 2419 συνόδου
278 2391 487 2427 ὲκόεὸλημένος,
515 2391 563 2418 καὶ
586 2391 765 2426 ἁνενέργητος
787 2390 929 2425 ὑπάρχων·

103 2462 106 2463 ,
140 2439 209 2466 ἀλλὰ
226 2439 272 2465 καὶ
286 2439 377 2470 αὐτοῖς
392 2439 448 2469 τοῖς
467 2438 517 2473 τῆς
537 2438 671 2472 ἐπαρχίας
688 2437 859 2469 ἐπισκόποις,
883 2436 931 2463 καὶ

139 2486 197 2515 τοῖς
226 2485 307 2519 πέριξ
334 2484 560 2520 μητροπολίταις,
583 2485 639 2515 τοῖς
652 2484 686 2510 τὰ
702 2483 751 2518 τῆς
776 2482 932 2519 ὀρθοδοξίας

139 2529 297 2564 φρονοῦσιν,
317 2529 490 2556 ὑποκείσεται
502 2530 543 2560 εἰς
557 2528 588 2555 τὸ
603 2529 694 2564 πάντη
707 2529 754 2556 καὶ
766 2529 813 2556 τοῦ
824 2528 930 2564 βαθμοῦ

138 2576 189 2610 τῆς
207 2575 360 2609 ἐπισκοπῆς
371 2574 547 2610 ἐκϐληθῆναι.

175 2619 208 2656 β’.
223 2621 253 2646 El
268 2620 295 2647 δέ
309 2629 378 2652 τινες
398 2621 568 2656 ὲπαρχιῶται
583 2620 737 2653 ἐπίσκοποι,
752 2629 780 2648 κ.
797 2629 822 2647 τ.
835 2621 860 2648 λ.

175 2666 210 2701 γ’.
221 2667 252 2693 Εἰ
265 2667 293 2693 δέ
310 2675 382 2698 τινες
409 2667 457 2693 καὶ
481 2666 535 2693 τῶν
551 2667 580 2693 ἐν
591 2667 694 2702 ἑκάστῃ
717 2667 793 2693 πόλει
812 2667 829 2702 ἢ
856 2666 932 2702 χώρᾳ

138 2713 290 2748 κληρικών,
317 2712 370 2739 ὑπὸ
391 2712 539 2747 Νεστορίου
565 2712 611 2738 καὶ
629 2712 683 2739 τῶν
701 2712 748 2740 σὺν
760 2712 834 2748 αὐτῷ
847 2712 932 2739 ὄντων

985 2299 1072 2334 utqui
1088 2300 1144 2335 jam
1160 2300 1223 2327 inde
1237 2307 1252 2327 a
1267 2300 1372 2335 synodo
1385 2301 1468 2328 totius
1485 2300 1678 2327 ecclesiasticae
1697 2308 1772 2327 com-

984 2346 1124 2373 munionis
1137 2353 1235 2380 expers
1257 2346 1292 2373 sit
1308 2345 1412 2378 iactus,
1429 2352 1456 2373 et
1471 2353 1585 2380 prorsus
1604 2345 1709 2372 inutilis
1727 2345 1773 2381 [ad

983 2391 1139 2420 functiones
1156 2391 1316 2428 inhabilis];
1339 2393 1386 2419 sed
1404 2397 1432 2419 et
1454 2391 1520 2427 ipsis
1543 2392 1679 2427 episcopis
1701 2392 1772 2418 illius

983 2437 1130 2472 provinciae
1143 2438 1304 2472 circumque
1318 2438 1415 2466 vicinis
1431 2438 1609 2473 metropolitis
1625 2443 1698 2464 recta
1711 2445 1774 2464 scn-

985 2484 1115 2512 tientibus
1134 2485 1285 2520 subjaccbit
1295 2505 1302 2516 ,
1319 2489 1349 2512 ut
1361 2484 1476 2512 omnino
1489 2485 1612 2520 deiectus
1627 2484 1663 2512 sit
1676 2492 1691 2511 a
1707 2484 1772 2512 sede.

982 2528 1076 2564 [etiam
1092 2538 1106 2556 τι
1120 2528 1218 2565 gradu]
1231 2529 1415 2564 episcopatus.

1017 2622 1044 2648 2.
1066 2620 1095 2648 Si
1113 2621 1159 2656 qui
1175 2627 1266 2649 autem
1284 2623 1466 2658 provinciales
1477 2643 1484 2656 ,
1501 2626 1567 2656 etc.,
1584 2628 1613 2650 ut
1629 2631 1691 2658 pag.
1708 2622 1768 2649 750.

1016 2666 1101 2702 388
1118 2668 1145 2695 5.
1167 2667 1195 2695 Si
1214 2668 1262 2702 qui
1280 2676 1344 2696 vero
1360 2669 1450 2697 clerici
1467 2669 1494 2696 in
1510 2669 1624 2704 singulis
1640 2668 1771 2699 urbibus.

981 2719 1029 2740 aut
1042 2714 1198 2748 regionibus
1212 2722 1228 2742 a
1239 2714 1367 2743 Nestorio
1379 2721 1405 2743 et
1421 2722 1483 2743 cum
1495 2722 1529 2743 eo
1539 2714 1771 2750 conspirantibus»

174 2801 197 2817 ε’·
215 2800 300 2827 Cone.
316 2799 399 2828 Airic.
415 2799 495 2827 c.25.
533 2799 556 2815 ⁸³
571 2798 655 2826 Cone.
674 2799 803 2835 Carthag.
819 2807 835 2826 v
850 2807 909 2835 cap.
924 2799 972 2833 13;
990 2799 1076 2826 Afric.
1094 2807 1155 2836 cap.
1176 2801 1221 2828 51.

178 2878 238 2913 (‘23)
261 2876 420 2903 Vt-rsionem
447 2875 527 2903 aliam
551 2875 690 2904 Laurentii
705 2876 790 2903 Sifani
809 2876 939 2904 exhibent
958 2875 1094 2909 Crabbus,
1111 2876 1217 2912 Sui-ius,
1231 2877 1341 2914 aliique.

303 2924 440 2954 PATROL.
465 2924 522 2955 Gn.
543 2923 619 2954 CIV.
