1959 3060
213 153 247 185 75
772 149 904 180 ΡΠΟΤΠ
918 149 988 179 ΡΑΤ

1049 148 1173 180 tRCHlE
1188 149 1243 179 (ΣΡ.

1779 149 1832 183 876

194 206 348 237 sacerdotio
369 205 499 241 prohibiti
521 209 606 238 sunt,
628 205 702 240 quod
729 209 804 232 recte
828 205 979 237 sentirent;

1049 204 1082 239 ῆς
1108 205 1258 240 ἱερωσύνης
1291 202 1467 238 ἐκωλύθησαν
1491 201 1536 229 διὰ
1550 201 1581 229 τὸ
1595 201 1685 238 ὀρθῶς
1710 208 1830 240 φρονεῖν,

190 254 296 289 justum
321 252 478 288 putavimus
500 252 550 279 hos
571 258 682 286 quoque
703 251 845 285 proprium
870 250 984 284 gradum

193 300 325 333 recipere.
348 296 378 325 In
402 304 510 325 summa
530 301 621 323 autem
644 296 759 323 clericos
784 294 944 322 orthodoxae
958 298 986 322 et

193 344 370 373 occumcnicm
385 343 490 379 synodo
502 342 705 369 consentientes
716 341 857 375 jubctnus,
873 340 924 372 eis,
937 339 985 374 qui

193 391 364 422 defecerunt,
380 394 429 417 aut
445 388 577 416 defecturi
595 392 670 420 sunt,
689 387 826 422 episcopis
843 386 920 414 nullo
937 393 986 421 ρο-

194 442 238 464 οιο
252 441 300 463 aut
316 435 421 462 ratione
433 434 573 469 subjectos
588 440 650 460 esse
660 433 770 460 debere.

229 482 257 508 ι.
273 481 302 509 Si
319 481 365 516 qui
387 484 479 507 autem
503 478 666 506 clericorum
690 476 850 508 defecerint,
870 479 900 503 et
921 474 983 503 ausi

195 527 296 554 fuerint
309 526 351 553 vel
364 525 502 560 privatim,
518 523 560 551 vel
582 523 702 558 publice,
717 529 779 557 quae
799 525 864 549 sunt
881 519 981 549 Nesto-

194 573 227 599 rii
245 577 291 599 aut
306 570 417 599 Celestii
444 577 550 604 sapere,
573 569 709 596 sancitum
724 570 768 596 est
788 575 804 595 a
819 570 915 595 sancta
939 573 986 601 sy-

194 618 278 651 nodo,
290 618 357 646 istos
371 624 481 652 quoque
493 615 635 651 depositos
647 621 720 642 esse.

230 708 257 735 5.
273 707 436 742 Quicunque
449 710 541 734 autem
560 705 596 733 ob
615 704 706 740 turpia
731 707 807 739 gesta
822 706 886 731 sunt
903 709 918 728 a
935 708 981 737 sy-

194 755 267 782 nodo
279 753 467 785 condemnati,
488 752 533 780 vel
548 759 563 778 a
579 750 698 786 propriis
721 756 818 777 eorum
833 747 982 783 episcopis,

194 801 294 836 quibus
305 804 401 834 praeter
413 805 533 826 canones
546 797 700 829 Nestorius,
712 795 759 830 qui
774 795 877 822 nullum
890 800 984 821 rerum

195 846 343 874 discrimen
358 844 485 876 habebat,
499 848 525 871 et
543 843 589 878 qui
607 850 670 870 cum
685 841 731 869 illo
742 841 837 869 eadem
851 840 983 872 sentiunt,

1037 249 1237 285 ὲδικαιώσαμεν
1262 249 1309 276 καὶ
1331 248 1442 280 τούτους
1468 248 1513 276 τὸν
1539 247 1605 274 ῐδιον
1626 248 1773 276 ἀπολαϐεῖν
1786 250 1834 285 βα-

1037 294 1115 330 θμόν-
1136 295 1233 327 κοινῶς
1246 295 1276 322 δὲ
1288 296 1322 330 τῇ
1332 293 1466 330 όρθοδόξῳ
1477 294 1525 321 καὶ
1539 294 1714 330 οίκουμενικῇ
1727 295 1829 331 συνόδῳ

1038 341 1265 377 συμφρονοῦντας
1280 340 1428 376 κληρικοὺς
1444 340 1592 375 κελεύομεν
1604 341 1661 372 τοῖς
1673 341 1834 378 ἀποστατή-

1038 394 1116 413 σασιν
1128 385 1349 422 ῆάφισταμένοις
1357 386 1519 418 ἐπισκόποις
1535 386 1660 421 μηδόλως
1671 386 1833 414 ὑποκεῖσθαι

1037 431 1109 459 κατὰ
1126 431 1229 467 μηδένα
1243 431 1354 467 τρόπον.

1077 475 1108 503 δ’.
1122 476 1154 503 Εί
1187 476 1216 503 δέ
1245 484 1319 508 τινες
1346 476 1565 511 ἀποστατήσαιεν
1583 475 1638 503 τῶν
1668 476 1819 512 κληρικῶν,

1038 522 1087 549 κα¹ι
1111 521 1290 557 τολμήσαιεν,
1320 521 1413 557 ἢκατ¹
1444 521 1543 557 ίδίανῆ
1566 521 1704 557 δημοσίᾳ,
1734 522 1769 549 τὰ
1778 523 1834 549 Νε-

1038 567 1147 603 στορίου
1175 566 1193 602 ἢ
1219 567 1254 594 τὰ
1281 567 1444 595 Κελεστίνου
1470 567 1626 602 φρονῆσαι,
1652 568 1700 595 καὶ
1722 568 1834 600 τούτους

1037 609 1109 639 εἶναι
1132 611 1354 648 καθῃρημένους,
1376 612 1428 639 ὑπὸ
1456 612 1508 647 τῆς
1534 612 1616 646 ἁγίας
1635 612 1747 639 συνόδου
1763 613 1833 640 δεδι-

1038 658 1166 686 καίωται.

1073 703 1107 732 ε’.
1124 704 1202 730 Ὅσοι
1224 703 1253 730 δὲ
1281 703 1329 730 ἐπὶ
1352 703 1466 735 ἀτόποις
1491 703 1608 739 πράξεσι
1631 703 1836 740 κατεκρίθησαν

1041 748 1094 776 ὑπὸ
1120 750 1172 784 τῆς
1185 749 1267 783 ἁγίας
1293 749 1414 781 συνόδου,
1431 749 1448 786 ἦ
1464 749 1517 777 ὑπὸ
1529 750 1584 777 τῶν
1599 750 1708 777 οἰκείων
1726 751 1837 777 ἐπισκό-

1038 803 1107 827 πων,
1133 795 1181 822 καὶ
1202 794 1308 827 τούτοις
1336 794 1522 827 ἁκανονίστως
1532 796 1605 823 κατὰ
1617 796 1667 832 τὴν
1684 797 1714 824 ιν
1732 796 1837 824 ἅπασιν

1037 840 1200 876 ἀδιαφορίαν
1223 840 1306 867 αὑτοῦ
1324 842 1338 868 ό
1356 841 1513 877 Νεστόριος,
1529 841 1546 878 ἢ
1568 842 1593 869 οἱ
1606 842 1641 870 τὰ
1654 843 1738 870 αὑτοῦ
1774 851 1839 879 φρο-

195 892 338 920 restituere
350 890 441 918 conati
466 895 530 917 sunt
545 888 660 924 gradum
681 889 723 916 vel
748 886 982 919 communionem,

1049 885 1168 918 roﬁv-rsc,
1192 885 1340 913 ἀποδοῦναι
1363 886 1381 922 ἢ
1408 887 1596 923 ἐπειράθησαν
1627 888 1644 923 ἢ
1679 888 1838 923 πειραθεῖεν

195 943 242 964 aut
254 937 441 968 conabuntur;
468 935 536 962 istos
554 934 713 962 censuimus
729 932 795 960 nihil
816 931 979 968 profecisSe,

196 988 344 1013 etmanere
357 987 385 1010 et
401 989 463 1010 esse
477 980 655 1008 nihilominus
668 978 820 1014 depositos.

363 1071 477 1100 Concilii
491 1070 657 1099 Sardicensia
671 1076 756 1096 canon
773 1067 815 1095 19.

233 1119 277 1146 19.
288 1117 369 1146 Osius
387 1117 532 1152 episcopus
553 1116 620 1144 dixit
635 1113 915 1143 :Mezeinediocritatis
930 1110 988 1138 haec

197 1168 240 1192 est
261 1163 419 1196 sententia;
435 1162 499 1197 quia
522 1161 605 1196 quieti
624 1164 651 1188 et
663 1160 798 1194 patientes
820 1165 882 1185 esse
906 1157 988 1185 debe-

197 1217 269 1241 nius,
282 1215 309 1236 et
324 1215 469 1243 perennem
488 1207 515 1234 in
530 1213 627 1234 omnes
644 1205 744 1232 habere
756 1203 986 1234 misericordiam,

197 1263 246 1283 eos
264 1255 310 1290 qui
326 1254 409 1282 sentel
429 1253 457 1280 in
472 1255 576 1280 elerum
601 1250 819 1279 ecclesiasticum
837 1249 871 1276 ab
888 1249 987 1284 aliqui-

198 1303 250 1330 bus
263 1300 394 1328 fratribus
409 1299 512 1327 nostris
528 1297 645 1334 promoti
660 1301 734 1329 sunt,
749 1296 772 1324 si
793 1295 880 1323 nolint
898 1295 989 1323 redire

197 1348 231 1375 ad
253 1354 300 1374 eas
322 1346 357 1373 ad
376 1353 445 1380 quas
459 1345 592 1372 nominati
613 1349 676 1370 sunt
693 1342 840 1374 Ecclesias,
860 1342 989 1375 deinec-ps

198 1399 253 1420 non
262 1391 369 1418 admitti
385 1399 391 1417 :
407 1390 606 1426 Eutychianum
621 1388 706 1424 389
719 1393 807 1415 autem
824 1395 859 1414 ne
869 1386 989 1422 episcopi

198 1436 308 1472 quidem
322 1435 374 1463 sibi
392 1442 491 1462 nomen
506 1441 660 1469 usurpare;
676 1431 725 1460 sed
745 1439 835 1466 neque
855 1431 986 1459 Musmum

197 1487 227 1509 ut
242 1481 403 1517 episcopum
415 1480 567 1508 existimari
584 1488 590 1507 :
608 1479 632 1507 si
644 1483 736 1506 autem
749 1478 849 1505 laicam
862 1484 986 1505 cominu-

198 1529 308 1555 ttionem
335 1526 481 1562 petiverint
507 1535 514 1554 :
539 1533 593 1553 non
629 1530 755 1560 oportere
783 1524 825 1552 eis
847 1522 986 1558 denegari.

197 1574 299 1602 Omnes
318 1574 466 1602 dixerunt:
481 1573 582 1602 Placet.

232 1633 309 1661 CAP.
325 1631 416 1660 Vl.—
426 1631 469 1660 Ne
483 1632 531 1666 ﬁat
545 1639 622 1658 sacra
637 1629 737 1657 oblatio
752 1631 882 1663 prmente
900 1626 987 1654 hatre-

199 1679 261 1707 tico.

461 1721 591 1749 Timothei
602 1729 687 1748 canon
701 1721 728 1749 9.

236 1768 424 1804 Interrogatio.
448 1769 474 1796 9.
492 1769 533 1795 An
559 1768 637 1796 debet
657 1767 784 1799 clericus,
798 1764 991 1802 praesentibus,

198 1822 263 1849 etc.,
280 1820 308 1843 ut
330 1823 392 1850 pag.
413 1815 491 1847 (HL,
810 1826 813 1828 λ

233 1873 311 1901 CAP.
328 1872 384 1900 Vll.
401 1887 437 1893 —
462 1871 501 1899 De
509 1871 610 1898 clericis
627 1870 767 1902 haereticis,
788 1869 834 1904 qui
855 1875 890 1894 aa
905 1866 994 1893 art/ia-

199 1920 275 1947 (ἐσίδω
287 1919 413 1946 Ecclesia:
427 1919 555 1953 gremium
569 1920 704 1944 accedunt.

301 1965 413 1993 Consilii
427 1964 644 1999 Canhaginensia
657 1969 771 1990 canones
786 1961 832 1992 57,
845 1959 890 1987 68.

237 2012 271 2040 Ut
279 2012 383 2047 parvuli
395 2011 465 2046 apud
481 2011 640 2038 Donatista:
667 2008 806 2043 baptismi,
819 2008 847 2034 in
861 2005 994 2033 catholica

201 2056 321 2084 Ecclesia
334 2056 423 2083 clerici
434 2055 600 2082 ordinentur.

236 2148 281 2176 57.
297 2147 376 2175 Unde
388 2147 411 2164 "
424 2146 555 2181 quoniam
569 2144 705 2180 superiori
721 2143 778 2179 (29)
799 2144 918 2172 concilio
936 2149 993 2172 sla-

199 2199 288 2221 tutum
302 2201 363 2221 esse
388 2200 495 2220 mecuut
512 2190 682 2226 recognoscit
701 2190 869 2217 uuanimilas
890 2195 994 2223 vestra,

199 2247 227 2268 ut
254 2240 282 2267 lii
295 2240 342 2275 qui
369 2240 440 2274 apud
461 2238 618 2265 Donatistas
639 2237 746 2272 parvuli
767 2237 900 2272 baptizati
918 2240 993 2269 sunt,

202 2285 322 2312 nondum
344 2285 415 2312 scire
434 2284 554 2311 valentes
567 2283 669 2311 erroris
682 2291 776 2310 eorum
793 2283 934 2310 interitum
948 2291 955 2309 ς
968 2287 995 2309 ct

200 2336 378 2365 posteaquam
389 2330 421 2357 ad
449 2334 556 2357 aetatem
584 2329 700 2356 rationis
720 2336 848 2364 capacem
866 2336 995 2363 pervene-

199 2381 273 2410 runt,
292 2377 383 2412 agnita
400 2377 515 2403 veritate
531 2375 679 2403 falsitatem
693 2383 787 2402 eorum
802 2375 993 2408 abhorrentes,

200 2423 232 2450 ad
247 2422 398 2450 Ecclesium
414 2422 461 2450 Dei
474 2422 638 2449 catholicam
661 2429 710 2456 per
723 2422 882 2449 universum
911 2428 992 2447 Inun-

198 2470 264 2497 dum
279 2468 405 2497 diffusam
415 2489 422 2502 ,
442 2468 537 2496 ordine
551 2468 675 2502 antiquo,
699 2475 746 2502 per
761 2475 859 2494 manus
874 2466 990 2502 imposi-

200 2516 300 2543 tionem
316 2515 417 2550 recepti
439 2519 515 2548 sunt,
538 2514 638 2542 debere
657 2515 758 2542 talibus
783 2514 989 2549 suscipiendum

199 2568 299 2588 munus
328 2561 476 2589 clericatus
504 2567 558 2588 non
589 2559 722 2594 impedire
751 2567 850 2588 nomen
877 2559 990 2591 erroris,

198 2615 258 2635 cum
276 2615 366 2645 verum
378 2606 526 2634 Ecclesiain
546 2605 654 2634 Illorum
678 2605 843 2641 putaverint,
858 2605 892 2632 ad
909 2605 989 2632 fidem

198 2654 363 2687 accedentia,
381 2658 407 2681 et
423 2654 460 2681 ibi
475 2653 586 2681 Clu-isto
597 2653 775 2685 crediderint,
802 2657 829 2680 et
849 2652 992 2680 Trinitatis

197 2704 369 2727 sacramenta
388 2699 578 2735 perceperint;
595 2705 657 2734 quae
668 2698 760 2726 omnia
780 2705 844 2725 vera
857 2703 884 2725 et
897 2702 991 2726 sancta

233 2786 257 2802 ⁹⁶
271 2786 355 2814 Cone.
365 2785 450 2814 Afric.
469 2795 494 2815 c.
507 2787 553 2815 2/9.

232 2866 289 2902 (29)
302 2867 386 2894 Cone.
406 2867 534 2894 nimirum
565 2866 694 2901 Carthag.
709 2873 748 2900 ttt,
762 2873 825 2894 can.
844 2865 889 2892 48.

1040 931 1211 967 κοινωνίανῆ
1232 931 1347 967 βαθμὸν,
1368 932 1561 968 ἁνωφελήτους
1587 934 1679 968 μένειν
1709 934 1757 961 καὶ
1770 934 1838 961 τοὺ-

1039 985 1113 1009 τους.
1127 977 1175 1005 καὶ
1190 975 1263 1005 εἶναι
1284 977 1364 1006 οὐδὲν
1377 976 1459 1016 ἦττον
1478 978 1689 1016 καθῃρημένους
1715 979 1839 1007 ἐδικαιώ-

1040 1029 1138 1057 σαμεν.

1196 1069 1332 1097 Συνόδου
1350 1068 1501 1104 Σαρδικῆς
1523 1070 1684 1099 κανὼνίθ¹⁶

1077 1114 1121 1143 ιθ’.
1140 1116 1232 1148 Ὂσιος
1241 1116 1390 1148 ἐπίσκοπος
1405 1115 1466 1144 εῐπε
1477 1124 1485 1132 '
1502 1117 1559 1152 Τῆς
1569 1117 1640 1153 ἐμῆς
1659 1117 1838 1153 μετριότητος

1040 1161 1057 1196 ἡ
1070 1161 1206 1196 ἀπόφασίς
1217 1163 1291 1188 ἐστιν
1305 1162 1386 1198 αὖτηυ
1398 1163 1492 1199 ἐπειδὴ
1507 1163 1603 1199 ἥσυχοι
1614 1165 1661 1190 καὶ
1674 1165 1839 1200 ὑπομονητι-

1042 1207 1086 1233 κοὶ
1119 1207 1264 1243 ὀφείλομεν
1287 1206 1369 1242 εἶναι,
1396 1209 1445 1236 καὶ
1469 1209 1569 1245 διαρκῆ
1581 1209 1627 1236 τὸν
1644 1212 1715 1246 πρδς
1733 1211 1838 1242 πάντας

1042 1253 1116 1288 ἔχειν
1141 1252 1241 1287 οἶκτον,
1260 1254 1334 1288 ἅπαξ
1360 1254 1472 1288 τούτους
1486 1256 1550 1287 τοὺς
1566 1257 1606 1288 είς
1622 1256 1725 1292 κλῆρον
1737 1256 1839 1292 ἐκκλη-

1043 1299 1183 1326 σιαστικὸν
1197 1300 1386 1336 παραχθέντας
1411 1301 1464 1328 ὑπό
1489 1310 1570 1329 τινων
1598 1302 1721 1338 ἀδελφῶν
1749 1303 1838 1339 ἡμῶν,

1043 1344 1091 1371 ἐὰν
1110 1345 1147 1380 μὴ
1164 1345 1300 1380 βούλοιντο
1310 1346 1510 1382 ἐπανέρχεσθαι
1524 1347 1563 1379 εἰς
1578 1347 1611 1380 ἃς
1623 1347 1840 1383 κατωνομὰσθη-

1044 1399 1094 1418 σαν
1112 1391 1287 1427 Ἐκκλησίας,
1312 1392 1359 1418 τοῦ
1373 1392 1468 1419 λοιποῦ
1487 1393 1526 1428 μὴ
1540 1393 1736 1429 ὑποδέχεσθαι·
1751 1394 1840 1421 Εὐτυ-

1043 1436 1139 1473 χιανὺν
1148 1437 1188 1470 δὲ,
1215 1438 1285 1473 μήτε
1308 1439 1459 1465 ἐπισκόπου
1482 1438 1572 1474 ἐαυτῷ
1587 1439 1733 1466 διεκδικεῑν
1743 1439 1839 1473 όνομα’

1040 1482 1102 1511 ἀλλ’
1116 1483 1177 1510 οὐδὲ
1189 1484 1328 1511 Μουσαῖον
1339 1484 1376 1516 ὡς
1391 1485 1542 1512 ἐπίσκοπον
1556 1485 1740 1522 ὀνομάζεσθαι
1751 1493 1759 1501 ο
1773 1486 1798 1512 ει
1810 1485 1841 1512 δὲ

1042 1528 1140 1565 λαῖκὴν
1167 1530 1311 1557 κοινωνίαν
1343 1531 1496 1564 ἀπαιτοῖεν,
1510 1531 1548 1567 μὴ
1562 1531 1662 1567 χρῆναι
1677 1531 1775 1562 αὐτοὺς
1790 1531 1843 1565 ἁρ-

1043 1576 1158 1604 νεῖσθαι.
1173 1574 1279 1609 Πάντες
1294 1575 1372 1604 εἶπον
1383 1585 1390 1592 '
1408 1578 1544 1614 Ἀρέσκει.

1081 1634 1207 1661 ΚΕΦΑΔ.
1225 1633 1271 1668 q’.
1287 1649 1322 1654 —
1337 1635 1407 1669 Περὶ
1430 1635 1484 1662 τοῦ
1502 1634 1546 1670 μὴ
1569 1635 1704 1670 ὀφείλειν
1727 1635 1843 1669 ἀναφο-

1042 1687 1055 1712 ι
1063 1677 1102 1705 ὰν
1113 1679 1250 1713 γίνεσθαι
1264 1681 1414 1714 παρόντος
1424 1682 1586 1715 αἱρετικοῡ.

1286 1725 1427 1760 Τιμοθέου
1449 1726 1551 1753 κανὼν
1565 1726 1587 1753 θ’

1088 1769 1246 1804 Ἐρώτησις
1285 1770 1317 1798 θ’.
1341 1773 1375 1798 Εἰ
1398 1767 1511 1807 ὀφείλει
1532 1773 1676 1808 κληρικὸς
1696 1774 1842 1809 εὔχεσθαι

1046 1816 1203 1849 παρόντων
1225 1816 1392 1850 Ἀρειιινῶν,
1412 1827 1440 1845 κ.
1457 1826 1483 1845 τ.
1497 1818 1523 1844 λ.

1083 1873 1209 1899 ΚΕΦΑΑ.
1229 1874 1268 1900 Ζ’.
1288 1873 1357 1908 Περὶ
1379 1873 1530 1909 κληρικῶν
1544 1873 1700 1908 αἰρετικῶν
1711 1873 1748 1909 τῇ
1757 1875 1844 1909 ὀρθο-

1047 1919 1128 1953 δόξῳ
1140 1921 1329 1954 προσιόντων
1347 1921 1520 1955 Ἐκκλησία.

1133 1966 1271 1993 Συνόὃου
1288 1966 1500 2001 Καρθαγέννης
1515 1966 1616 1994 κανὼν
1631 1966 1681 2000 νίζ’,
1700 1966 1750 2002 Εη’.

1083 2011 1174 2038 Ὥστε
1200 2012 1272 2045 τοὺς
1292 2013 1420 2047 μικροὺς
1440 2013 1521 2047 παρὰ
1549 2013 1612 2046 τοῖς
1646 2012 1844 2046 Δονατισταῖς

1044 2054 1293 2089 βαπτιζομένους,
1308 2056 1344 2083 ἐν
1356 2056 1394 2091 τῇ
1405 2057 1554 2092 καθολικῇ
1566 2058 1730 2092 κληρικοὺς
1744 2065 1843 2093 χειρο-

1045 2100 1206 2128 τονεῑσθαι.

1084 2145 1192 2178 ν;’.Διδ
1225 2147 1319 2184 ἐπειδὴ
1330 2148 1359 2174 ὲν
1387 2149 1421 2184 τῇ
1446 2149 1577 2185 ἁνωτέρῳ
1603 2149 1707 2184 συνόδῳ
1732 2149 1842 2185 ὁρισθὲν

1051 2191 1190 2227 μέμνηται
1217 2192 1275 2228 ἅμα
1300 2193 1386 2229 ἐμοὶὴ
1400 2194 1522 2230 ὑμετέρα
1533 2194 1680 2230 όμοψυχὶα,
1695 2195 1766 2222 ὥστε
1776 2197 1843 2227 τοὺς

1049 2239 1125 2274 παρὰ
1141 2241 1197 2271 τοῖς
1213 2241 1388 2273 Δονατισταῖς
1405 2242 1520 2277 μικροὺς
1545 2241 1771 2277 βαπτιζομένους,
1793 2242 1843 2268 καὶ

1047 2284 1160 2319 μηδέπω
1190 2285 1356 2321 δυναμένους
1380 2286 1528 2321 γινώσκειν
1546 2287 1598 2322 τῆς
1622 2286 1727 2322 πλάνης
1750 2287 1843 2313 αὐτῶν

1045 2330 1091 2356 τὸν
1120 2330 1241 2366 ὄλεθρον,
1262 2332 1335 2367 μετὰ
1349 2332 1379 2358 τὺ
1392 2333 1433 2364 είς
1450 2333 1546 2368 κεῖραν
1564 2332 1697 2368 λογισμοῦ
1712 2332 1844 2367 δεκτικὴν

1046 2376 1267 2410 παραγενέσθαι,
1298 2377 1516 2413 ἐπιγνωσθείσης
1543 2379 1592 2412 τῆς
1618 2377 1759 2412 ἀληθείας,
1791 2378 1844 2413 τὴν

1044 2420 1201 2456 φαυλότητα
1216 2422 1328 2448 ἐκείνων
1344 2422 1586 2457 βδελυττομένους,
1620 2423 1689 2457 πρὶς
1706 2423 1756 2458 τὴν
1773 2423 1844 2449 καο-

1044 2466 1139 2502 ολικὴν
1171 2467 1217 2493 τοῦ
1235 2468 1301 2494 Θεοῦ
1322 2467 1497 2504 Ἐκκλησίαν,
1524 2469 1573 2500 τὴν
1601 2469 1653 2496 ἀνὰ
1681 2468 1771 2495 πάντα
1795 2469 1843 2495 τὸν

1048 2513 1150 2548 κόσμον
1180 2513 1390 2550 διακεχυμένην,
1416 2515 1492 2548 τάξει
1507 2515 1610 2551 ἀρχαίᾳ
1625 2515 1669 2543 διὰ
1683 2515 1734 2547 τῆς
1747 2515 1842 2542 ἐπιθέ-

1047 2567 1116 2590 σεως
1135 2559 1189 2586 τῶν
1204 2560 1304 2595 χειρῶν
1319 2560 1501 2596 ἀναδεχθῆναι
1515 2561 1579 2592 τοὺς
1590 2560 1738 2592 τοιούτους,
1749 2562 1796 2587 καὶ
1809 2562 1843 2587 ἐκ

1045 2605 1093 2631 τοῦ
1106 2607 1156 2641 τῆς
1170 2606 1274 2642 πλάνης
1303 2606 1435 2642 ὀνόματος
1451 2607 1488 2642 μὴ
1504 2607 1622 2642 ὀφείλειν
1645 2607 1842 2642 ὲμποδίζετθαι

1047 2653 1086 2683 εἰς
1097 2652 1174 2684 τάξιν
1191 2651 1366 2688 κληρώσεως,
1382 2654 1484 2680 ὁπόταν
1501 2643 1550 2688 τὴν
1568 2654 1699 2689 ἀληθινὴν
1723 2653 1841 2688 Ἐκκλη-

1048 2699 1108 2726 σίαν
1123 2698 1189 2725 ἰδίαν
1202 2698 1306 2726 ἑαυτῶν
1325 2699 1481 2734 ἐλογίειαντο
1509 2700 1600 2727 πίστει
1615 2699 1841 2735 προσερχόμενοι,
