1951 3071
116 192 160 224 877

502 190 702 221 SYNTAGMA
718 188 912 222 CANONUM.
928 201 963 206 —
977 188 1053 219 TIT.
1070 188 1141 218 XII.
1160 189 1240 219 CAP.
1260 189 1307 226 Vl,
1324 188 1390 220 Vll.

1688 189 1741 220 878

116 247 154 274 καὶ
170 247 198 273 ὲν
212 246 282 282 αὐτῇ
296 245 336 280 τῷ
350 244 462 281 Χριστῷ
481 245 680 276 πιστεύσαντες
691 265 698 277 ,
717 245 766 280 τῆς
785 243 897 279 Τριάδος

957 247 1032 279 itque
1052 243 1144 272 divina
1163 241 1246 279 390
1264 251 1324 271 esse
1344 243 1528 272 certissimum
1547 248 1599 276 est,
1614 248 1641 272 et
1655 243 1684 272 in
1701 245 1742 273 his

115 291 144 318 τὰ
154 291 311 326 ἀγιάσματα.
323 289 488 321 ὑπεδέξαντο
499 297 505 304 ·
523 288 605 316 ἅτινα
630 289 720 316 πάντα
734 288 835 323 εὐσεϐῆ
853 288 901 315 καὶ¹

117 336 172 370 Εγια
185 337 231 362 καὶ
251 335 311 362 Θεῖα
326 334 396 363 εἶναι
406 335 485 370 δῆλόν
505 336 576 368 ἐστι,
586 335 634 362 καὶ
646 335 675 361 ὲν
689 334 795 366 τούτοις
809 334 901 360 πᾶσαν

115 383 157 418 τὴν
170 383 218 417 τῆς
234 381 324 417 ψυχῆς
347 381 441 408 ἐλπίδα
456 381 591 417 ὑπάρχειν
602 389 609 396 ·
630 380 681 407 κᾶν
697 381 723 407 ei
736 380 771 407 τὰ
783 380 902 415 μάλιστα

115 429 156 456 οἷον
183 428 257 464 καὶὴ
272 428 327 456 τῶν
355 428 502 464 αἱρετικιῖη
531 427 719 463 προληφθεῖσα
744 426 842 462 τόλμα,
862 425 902 461 τῷ

115 476 219 512 ὀνόματι
233 477 284 512 τῆς
302 475 432 512 ἀληθείας
445 475 638 509 ἐναντιούμενα
650 472 711 501 τινα
725 473 901 510 παραδιδόναι

116 523 319 559 προπετεύεται,
333 523 420 550 ταῦτα
437 522 531 557 ἐπειδὴ
545 522 620 549 ἁπλᾶ
633 522 714 554 εἰσιν,
727 520 765 552 ὡς
779 520 901 547 διδάσκει

115 576 128 596 o
142 570 216 604 ἅγιος
235 569 395 601 ’Δπόστολος
420 568 526 603 λέγων·
544 567 597 601 Εἷς
614 568 697 600 Θεὸς,
708 567 764 602 μία
786 567 900 599 πίστις,

115 617 145 644 ἓν
150 617 319 652 βάπτισμα,
328 617 375 643 καὶ
383 616 490 651 ὀφεῖλον
498 614 643 652 προσάπαξ
655 613 785 646 δίδοσθαι,
797 615 902 641 ἐπανα-

115 664 242 699 ληφθῆναι
268 663 318 690 οὐκ
349 663 464 696 ἔξεστιν,
491 661 763 696 ἀναθεματιςομένου
785 661 833 687 τοῦ
852 661 902 695 τῆς

115 709 212 744 πλάνης
225 709 366 744 ὀνόματος,
383 708 427 735 διὰ
439 708 490 743 τῆς
507 708 656 739 ἐπιθέσεως
665 708 715 743 τῆς
726 707 815 743 χειρὸς
835 707 903 733 ἀνα-

108 755 238 790 ’δεχθᾶωιν
257 755 297 786 είς
308 755 358 790 τὴν
377 754 442 790 μίαν
455 753 630 789 Ἐκκλησίαν,
644 753 703 787 τὴν,
721 753 760 784 ὡς
782 752 901 788 εἴρηται,

115 801 272 836 περιστερὰν
290 801 335 827 καὶ
351 800 436 835 μόνην
460 800 567 835 μητέρα
592 799 646 826 τῶν
656 798 830 834 Χριστιανῶν
845 807 854 814 ο
872 799 902 826 ὲν

142 847 226 874 πάντα
239 847 274 873 τὰ
286 846 445 881 ἅγιάσματα
458 845 638 881 σωτηριωδῶς
652 844 750 871 αἰώνια
768 844 902 876 καὶζωτι-

113 894 147 920 κὰ
159 892 428 929 παραλαμϐάνονται,
456 891 536 919 ἇτινα
555 892 612 922 τοῖς
631 891 810 926 ἐπιμένουσιν
825 891 856 916 ἐν
868 891 900 926 τῇ

114 938 221 973 αἱρέσει,
238 937 361 972 μεγάλην
374 937 424 972 τῆς
433 936 584 971 καταδίκης
602 935 652 970 τὴν
666 935 804 971 τιμωρίαν
819 934 898 970 πορίο

113 984 198 1016 ζουσιν
208 991 215 998 ·
230 983 273 1011 ἴνα
298 984 367 1018 ὅπερ
379 981 412 1016 ἦν
426 982 518 1013 αὐτοῖς
542 983 572 1008 ὲν
590 983 624 1017 τῇ
642 981 758 1017 ἀληθείᾳ
767 981 836 1018 πρὸς
848 981 900 1017 τὴν

112 1029 219 1056 αἰωνίαν
249 1029 322 1064 ζωὴν
348 1027 547 1063 ἀκολουθητέον
576 1027 792 1062 φωτεινότερον,
822 1027 901 1053 τοῦτο

112 1075 219 1109 γένηται
245 1075 337 1106 αὐτοῖς
368 1074 398 1100 ὲν
422 1074 454 1109 τῇ
485 1073 574 1110 πλάνῃ
603 1073 804 1108 σκοτεινότερον
819 1092 827 1105 ,
854 1072 901 1099 καὶ

113 1120 188 1146 πλέον
204 1119 479 1155 καταδεδικασμένον-
497 1119 566 1154 ὅπερ
580 1119 652 1150 τινὲς
666 1119 777 1153 ἔφυγον,
790 1119 837 1145 καὶ
851 1119 900 1154 τῆς

117 1166 279 1200 Ἐκκλησίας
306 1165 357 1199 τῆς
394 1164 542 1199 καθολικῆς
572 1164 675 1199 μητρὸς
700 1164 735 1190 τὰ
766 1163 900 1190 εὐθύτατα

112 1212 276 1246 ἐπιγνόντες,
294 1210 383 1238 πάντα
391 1211 525 1238 ὲκεῖνατὰ
543 1210 609 1244 ἆγια
624 1210 773 1244 μυστήρια,
796 1209 901 1244 φίλτρῳ

111 1257 159 1291 τῆς
181 1257 308 1292 ἀληθείας
335 1256 500 1282 ἐπίστευσαν
517 1256 565 1282 καὶ
589 1255 763 1288 ὑπεδέξαντο”
781 1256 838 1287 τοῖς
854 1253 900 1282 οὖν

111 1299 248 1331 τοιούτοις,
282 1300 348 1326 ὅταν
374 1298 475 1334 δοκιμὴ
501 1298 622 1334 χρηστοῦ
655 1298 714 1334 βίου
743 1299 899 1331 προσέλθοι,

109 1344 300 1380 ἀναμφιϐόλως
318 1345 366 1371 καὶ
380 1344 481 1379 κλῆρος
497 1344 566 1379 πρὸς
581 1344 732 1380 ὑπουργίαν
747 1344 801 1370 τῶν
816 1344 902 1377 ἁγίων

112 1391 387 1426 προσκυρωθήσεται·
402 1390 450 1417 καὶ
479 1390 596 1425 μάλιστα
610 1390 639 1416 ὲν
655 1390 689 1425 τῇ
703 1388 823 1426 τοσαύτῃ
846 1389 902 1416 τῶν

111 1436 279 1472 πραγμάτων
296 1436 413 1470 ἀνάγκῃ.
428 1436 516 1466 οὐδείς
535 1436 609 1462 ἐστιν
622 1436 635 1462 ό
661 1435 698 1470 μὴ
711 1434 791 1461 τοῦτο
803 1443 896 1470 παρα-

111 1480 301 1517 χωρῶν.Εἰδέ
317 1490 388 1512 τινες
419 1480 467 1507 τοῦ
495 1480 579 1508 αὑτοῦ
602 1480 737 1515 δόγματος
764 1481 902 1516 κληρικοὶ.

112 1529 182 1563 μετὰ
196 1527 242 1554 τοῦ
267 1527 385 1562 πλήθους
399 1528 446 1554 καὶ
462 1527 517 1554 τῶν
532 1527 620 1562 τιμῶν
634 1526 724 1553 αὐτῶν
746 1526 814 1562 πρὸς
829 1527 903 1563 ἡμᾶς

951 297 1060 318 omnem
1087 291 1187 318 anima:
1211 298 1286 325 spem
1310 289 1498 317 constitutam.
1525 288 1688 325 Quanquam
1717 296 1745 318 et

953 335 1144 363 hzereticowm
1171 340 1338 371 praesumpta
1352 335 1478 368 audacia,
1493 335 1618 364 veritatis
1634 336 1746 363 nomine

952 381 1076 415 palliata,
1091 381 1149 410 haec
1164 382 1272 415 tradere
1286 381 1395 414 audeat,
1416 388 1478 416 quae
1491 382 1622 416 quoniam
1637 381 1746 416 simpli-

952 427 994 454 cia
1008 432 1081 460 sunt,
1097 432 1127 455 ut
1153 431 1303 462 praemonet
1322 428 1416 454 beatus
1444 427 1590 462 Apostolus
1606 427 1744 456 dicendo:

961 472 1035 500 Unus
1049 472 1130 506 Deus,
1147 481 1202 500 ima
1222 473 1300 508 fides,
1314 480 1395 499 unum
1409 473 1541 507 baptisma
1554 473 1576 489 "
1588 481 1596 506 ;
1608 477 1636 500 et
1652 473 1745 500 iterari

952 527 1007 547 non
1034 519 1126 552 liceat,
1143 520 1218 555 quod
1235 519 1318 547 semel
1345 519 1404 546 dari
1419 523 1539 554 oportet,
1562 519 1745 548 anathemati-

953 569 1015 592 zato
1029 565 1144 592 nomine
1168 565 1272 592 erroris
1295 564 1464 599 recipiantur
1478 571 1526 600 per
1541 571 1642 592 manus
1659 565 1747 600 impo—

952 611 1080 638 sitionem
1098 611 1124 637 in
1139 618 1221 638 unam
1234 610 1395 644 Ecclesiam,
1410 610 1578 643 columbam,
1597 614 1628 637 ut
1642 610 1746 638 dictum

952 661 1003 687 est,
1022 660 1049 683 et
1064 664 1149 684 unam
1163 661 1276 684 matrem
1300 656 1424 684 omnium
1444 655 1676 690 Christianorum,
1698 656 1746 684 ubi

952 703 1044 730 omnia
1058 703 1102 730 illa
1117 706 1289 730 sacramenta
1303 702 1460 736 salubriter,
1475 706 1503 730 et
1516 707 1627 734 attema,
1649 705 1677 730 et
1705 702 1747 729 vi-

953 748 1043 776 taliter
1056 748 1229 783 accipiuntur
1245 757 1252 775 :
1269 756 1331 783 quae
1348 747 1587 783 perseverantibus
1607 747 1635 774 in
1647 747 1746 774 haeresi

956 801 1084 829 magnam
1104 793 1290 821 damnationis
1312 801 1422 829 poenam
1439 793 1614 828 conquirunt,
1633 797 1663 820 ut
1675 793 1747 828 quod

952 844 995 867 est
1010 840 1035 867 in
1051 839 1166 867 veritate
1180 839 1214 867 ad
1226 846 1356 867 aeternam
1369 839 1454 866 vitam
1470 839 1690 873 consequendam
1703 845 1749 866 es-

954 891 995 913 set
1010 885 1187 917 Iuminosius,
1200 886 1252 913 hoc
1266 886 1293 912 in
1309 892 1403 913 errore
1423 885 1459 913 sit
1475 885 1649 914 tenebrosius
1662 889 1745 920 atque

953 933 1126 960 damnosius.
1153 932 1230 966 Quod
1261 931 1399 967 fugientes
1427 932 1570 964 nonnulli,
1600 937 1628 960 et
1650 932 1748 960 matris

955 977 1088 1006 Ecclesiae
1101 978 1185 1005 ubera
1202 982 1409 1013 cognoscentes,
1420 977 1467 1012 qui
1486 977 1533 1005 illa
1546 978 1639 1006 omnia
1652 985 1746 1006 sancta

954 1024 1084 1059 mysteria
1097 1031 1192 1051 antore
1203 1024 1327 1051 veritatis
1345 1023 1533 1057 crediderunt,
1557 1028 1640 1059 atque
1653 1032 1747 1059 peree-

953 1073 1064 1104 perunt,
1094 1069 1195 1104 quibus
1225 1074 1468 1098 sacramentorum
1495 1070 1580 1098 rebus
1604 1078 1667 1098 cum
1687 1070 1749 1098 vita:

956 1115 1035 1142 bona:
1051 1116 1174 1150 probitas
1196 1116 1356 1149 accesserit,
1382 1117 1442 1144 sitte
1467 1117 1551 1144 dubio
1575 1116 1610 1144 ad
1629 1117 1748 1144 cilicium
1786 1108 1792 1117 “

954 1161 1100 1189 clericatus
1125 1162 1193 1189 tales
1207 1169 1268 1189 esse
1299 1162 1489 1197 applicandos,
1513 1166 1540 1190 et
1566 1162 1686 1190 maxime
1719 1162 1747 1190 itt

956 1211 1030 1234 tanta
1047 1214 1138 1234 rerum
1154 1208 1328 1241 necessitate,
1356 1208 1449 1236 nullus
1460 1213 1503 1236 est
1517 1209 1565 1244 qtti
1582 1216 1636 1236 non
1650 1216 1750 1236 conce—

955 1253 1011 1280 dat.
1023 1252 1186 1288 Quanquam
1201 1254 1327 1282 nonnulli
1344 1254 1466 1289 ejusdem
1483 1259 1565 1282 secta:
1583 1254 1675 1283 clerici
1685 1262 1748 1282 cum

955 1299 1081 1334 plebibus
1096 1304 1178 1334 atque
1195 1300 1346 1328 honoribus
1360 1301 1419 1328 suis
1437 1301 1470 1328 ad
1485 1309 1534 1329 nos
1547 1301 1665 1329 transire
1677 1300 1750 1328 desi-

956 1345 1054 1372 derent
1078 1345 1146 1380 :qui
1162 1352 1257 1373 amore
1286 1346 1400 1373 honoris
1416 1351 1463 1373 aut
1481 1347 1647 1381 persuadent
1659 1346 1694 1374 ad
1709 1346 1750 1373 vi—

956 1398 1023 1424 tam,
1044 1396 1091 1420 aut
1110 1392 1229 1419 retinent
1244 1391 1277 1418 ad
1297 1392 1423 1419 salutem.
1441 1390 1495 1419 Sed
1513 1391 1564 1418 hoc
1579 1389 1677 1425 majori
1693 1389 1750 1417 fra—

957 1445 1029 1467 trum
1058 1438 1279 1473 supradictorum
1313 1437 1527 1465 considerationi
1555 1436 1748 1464 dimittendum

957 1491 1070 1517 censeo;
1088 1489 1117 1511 ut
1134 1483 1305 1519 prudentiori
1327 1491 1378 1511 suo
1394 1483 1509 1511 consilio
1532 1487 1633 1510 nostra
1649 1490 1748 1519 sugge-

957 1531 1040 1559 stioni
1054 1538 1208 1558 sermonem
1225 1538 1286 1557 cum
1309 1529 1390 1565 391
1406 1529 1616 1565 perpenderint,
1634 1529 1700 1564 quid
1715 1529 1750 1557 de

112 1573 249 1610 μετελθεῖν
276 1574 455 1609 ποθήσουσιν,
479 1573 580 1604 οἵτινες
596 1572 635 1608 τῷ
665 1572 746 1610 ἔρωτι
759 1574 807 1608 τῆς
822 1574 902 1608 τιμῆς

959 1577 1010 1604 hac
1027 1584 1056 1604 re
1074 1576 1114 1604 eis
1138 1576 1244 1611 placeat
1261 1583 1310 1603 nos
1334 1575 1484 1603 informare
1504 1575 1662 1611 dignentur.
1677 1575 1751 1602 Tan-

111 1619 323 1655 συμϐουλεύουσι
340 1619 408 1652 πρὸς
434 1620 518 1654 ζωὴν,
550 1618 598 1645 καὶ
611 1618 757 1653 κατέχουσι
769 1618 837 1653 πρὸς
850 1626 902 1644 om-

110 1665 220 1701 τηρίαν,
246 1665 314 1692 ἀλλὰ
334 1665 416 1692 τοῦτο
432 1664 631 1692 καταλειπτέον
651 1664 736 1699 κρίνω
747 1665 780 1699 τῇ
800 1664 904 1699 μείζονι

110 1714 286 1746 κατανοήσει,
300 1712 497 1747 ψηφισομένων
521 1711 575 1738 τῶν
601 1710 807 1746 προλεχθέντων
826 1710 905 1737 ἀδελ-

110 1758 182 1792 φῶν,
203 1758 247 1785 ἵνα
260 1760 294 1794 τῇ
311 1759 484 1794 συνετωτέρᾳ
499 1757 590 1785 αὐτῶν
605 1756 687 1792 βουλῇ
702 1757 751 1791 τῆς
765 1757 905 1792 ἡμετέρας

108 1804 250 1840 ἀναφορᾶς
261 1806 307 1831 τὸν
322 1805 400 1838 λόγον
414 1804 577 1838 διαγνῶσιν·
601 1804 649 1830 καὶ
666 1803 739 1838 ἡμᾶς
756 1803 906 1838 βεϐαιῶσαι

956 1627 1012 1650 tum
1038 1621 1072 1649 de
1084 1621 1127 1649 his
1149 1622 1195 1656 qui
1214 1621 1332 1649 infantes
1348 1621 1477 1656 baptizati
1493 1625 1572 1654 sunt,
1587 1621 1749 1656 satagimus,

956 1672 986 1694 ut
1004 1672 1114 1699 nostrae,
1141 1667 1163 1694 si
1177 1667 1276 1701 placet,
1293 1667 1320 1693 in
1338 1666 1434 1694 iisdem
1453 1666 1614 1695 ordinandis
1635 1674 1752 1695 consen-

957 1713 1026 1740 tiant
1042 1712 1187 1740 voluntati.
1204 1711 1301 1740 Omnia
1317 1719 1383 1747 ergo
1399 1720 1461 1747 quae
1473 1712 1600 1747 superius
1624 1719 1750 1748 compre-

958 1759 1104 1787 hendimus
1134 1759 1204 1794 apud
1220 1763 1331 1786 sanctos
1362 1759 1526 1794 episcopos,
1555 1759 1660 1794 agenda
1689 1767 1750 1788 esse

957 1811 1065 1831 mecum
1088 1804 1257 1832 ltonorabilis
1274 1803 1432 1831 fraternitas
1453 1809 1543 1832 vestra
1560 1804 1719 1839 perpendat.

109 1848 337 1881 καταξιὼσωσιν,
367 1850 407 1880 εις
434 1848 464 1874 τὸ
492 1847 600 1882 ὀφεῖλον
629 1847 695 1882 περὶ
722 1846 819 1873 τούτου
851 1846 900 1874 τοῦ
937 1848 1101 1884 πράγματος
1129 1849 1197 1883 παρ’
1222 1848 1301 1883 ἡμῶν
1326 1849 1508 1884 τυπωθῆναι·
1528 1848 1608 1884 μόνον
1625 1849 1654 1876 δὲ
1685 1848 1751 1885 περὶ

106 1893 164 1920 τῶν
183 1895 213 1920 ἐν
226 1894 371 1929 νηπιότητι
401 1892 618 1929 βαπτισθέντων,
637 1890 807 1926 ἀρκούμεθα,
823 1891 869 1918 ἵνα
882 1892 906 1918 εί
924 1892 1037 1927 ἀρέσκει
1052 1893 1154 1927 αὐτοῖς,
1191 1895 1224 1928 τῇ
1257 1894 1381 1930 ἡμετέρᾳ
1396 1894 1575 1922 συναινέσωσι
1592 1895 1752 1931 προαιρέσει

108 1941 176 1976 περὶ
201 1940 249 1966 τοῦ
278 1939 493 1975 χειροτονεῖσθαι
520 1936 652 1968 τούτους·
683 1936 774 1963 πάντα
801 1937 891 1964 τοίνυν
906 1937 924 1965 ἃ.
942 1939 1073 1972 ἀνωτέρω
1109 1940 1303 1975 συνηγάγομεν
1326 1940 1404 1976 παρὰ
1427 1942 1485 1972 τοῖς
1504 1941 1666 1975 ἁγιωτάτοις
1688 1942 1752 1969 ἐπι-

111 1987 228 2018 σκόποις
256 1986 382 2020 πρακτέα
398 1983 468 2010 εἶναι
498 1983 598 2010 δικαιοῖ
614 1983 673 2018 ἅμα
692 1983 754 2018 ἐμοὶ
768 1983 784 2018 ἡ
797 1982 906 2018 ἔντιμος
926 1984 1002 2019 ὑμῶν
1020 1984 1179 2020 ἀδελφότης.

145 2034 218 2068 Περὶ
239 2033 292 2060 τοῦ
318 2032 389 2065 τοὺς
402 2031 566 2066 κληρικοὺς
587 2030 646 2058 τῶν
673 2029 863 2057 Δονατιστῶν
874 2031 909 2057 ὲν

107 2079 150 2114 τῷ
183 2079 285 2113 κλήρῳ
306 2078 358 2113 τῆς
375 2077 539 2112 καθολικῆς
563 2077 744 2111 Ἐκκλησίας
763 2075 907 2112 ἀναδέχε-

104 2128 193 2154 σθαι.

145 2172 200 2207 ξη’.
214 2171 258 2203 Ἐς
276 2170 390 2206 ὓστερον
402 2170 512 2206 ἧρεσεν,
533 2169 578 2197 ἵνα
590 2169 742 2205 γράμματα.
759 2169 906 2205 πεμφθιῖηι

105 2218 181 2253 πρὸς
200 2217 263 2248 τοὺς
291 2216 422 2250 ἀδελφοὺς
435 2216 484 2243 καὶ
512 2216 730 2247 συνεπισκόπους
743 2216 834 2251 ἡμῶν,
856 2214 902 2243 καὶ

995 2033 1029 2060 Ut
1063 2033 1153 2060 clerici
1188 2033 1391 2061 Donatistarum
1416 2034 1445 2061 ίη
1470 2034 1592 2062 Ecclesia
1620 2035 1751 2062 catholica

958 2079 1140 2114 suscipiantur
1159 2079 1187 2106 in
1205 2079 1286 2106 clero.

991 2170 1035 2198 68.
1053 2170 1155 2198 Deinde
1169 2171 1271 2206 placuit
1282 2171 1317 2204 θ’,
1332 2175 1361 2198 ιιι
1372 2171 1470 2198 litterzc
1483 2171 1626 2198 mittantur
1637 2172 1670 2198 ad
1691 2171 1748 2198 fra-

956 2222 1011 2244 tres
1036 2221 1063 2244 et
1078 2218 1255 2252 coepiscopos
1283 2222 1402 2250 nostros,
1420 2222 1446 2244 et
1470 2217 1589 2244 maxime
1603 2218 1637 2244 ad
1658 2218 1749 2245 sedem

106 2263 235 2293 μάλιστα
258 2262 327 2298 πρὸς
340 2262 391 2297 τὴν
405 2261 589 2298 ἁποστολικὴν
603 2262 752 2302 καθέδραν,
762 2264 792 2289 ἐν
836 2272 902 2299 προ-

958 2263 1148 2298 apostolicam.
1173 2264 1200 2290 iu
1216 2271 1270 2298 qua
1283 2263 1413 2298 praesidet
1428 2268 1598 2291 memoratus
1609 2264 1751 2291 venerabi-

102 2310 232 2344 κάοήται
248 2308 263 2334 ὁ
286 2307 485 2343 μνημονευοεὶς
509 2308 697 2344 προσκυνητὸς
728 2308 844 2344 ἀδελφὸς
855 2310 904 2335 καὶ

103 2355 320 2391 συλλειτουργὺς
345 2355 426 2389 ἡμῶν
447 2354 635 2387 Ἀναστάσιος,
651 2355 746 2391 ἐπειδὴ
773 2355 903 2389 γινώσκει

101 2403 160 2438 τὴν
184 2402 327 2437 Ἀφρικὴν,
357 2401 479 2436 μεγάλην
503 2401 575 2435 ἔχειν
602 2402 743 2437 ἀνάγκηνο
773 2402 842 2429 ὥστε
861 2403 905 2429 διὰ

100 2449 160 2484 τὴν
176 2448 226 2482 τὴς
247 2447 410 2482 Ἐκκλησίας
431 2447 545 2482 είρήνην
569 2448 617 2473 καὶ
635 2448 835 2482 χρησιμότητα,
859 2450 905 2474 καὶ

101 2494 205 2522 αὐτῶν
231 2494 285 2520 τῶν
310 2493 480 2520 Δονατιστῶν
512 2494 611 2526 οἵτινες
637 2494 737 2528 δήποτε
767 2494 904 2530 κληρικοὶ,

100 2540 309 2576 διορθουμένης
321 2540 370 2575 τῆς
388 2539 487 2575 βουλῆς
516 2540 584 2575 πρὸς
607 2539 657 2575 τὴν
686 2539 833 2576 καθολικὴν
847 2541 905 2567 ὲνό-

100 2595 185 2622 τητα
202 2585 341 2621 μετελθεῖν
367 2584 510 2621 θελήσαιεν
522 2605 529 2617 ,
548 2585 618 2611 κατὰ
629 2584 678 2620 τὴν
702 2585 762 2617 ἐνὸς
790 2586 906 2612 ἑκάστου

101 2631 262 2660 καθολικοῦ
292 2631 443 2658 ἐπισκόπου
465 2631 641 2666 προαίρεσιν,
667 2631 715 2658 καὶ
736 2631 833 2667 βουλὴν
860 2632 906 2658 τοῦ

101 2681 137 2705 ἐν
147 2678 193 2714 τῷ
207 2678 282 2713 αὑτῷ
309 2679 385 2713 τόπῳ
401 2677 588 2714 κυϐερνῶντος
602 2678 651 2711 τὴν
668 2677 843 2713 Ἐκκλησίαν,
859 2677 906 2705 ἐὰν

99 2724 195 2751 τοῦτο
221 2723 425 2759 συμϐάλλεσθαι
449 2724 482 2758 τῇ
514 2722 568 2748 τῶν
606 2723 775 2757 Χριστιανῶν
813 2724 908 2759 εἰρήνῃ

101 2769 227 2804 φανείη,
244 2770 273 2796 ὲν
285 2771 343 2800 ταῖς
369 2769 449 2800 ἰδίαις
473 2769 567 2802 τιμαῖς
592 2768 690 2799 αὐτοὺς
718 2768 907 2804 ἀναδεχθῆναι·

101 2814 210 2846 καθὼς
224 2816 269 2841 καὶ
284 2816 313 2841 ὲν
327 2814 382 2846 τοῖς
393 2813 559 2850 προλαϐοῦσι
573 2814 679 2848 χρόνοις
689 2814 751 2850 περὶ
763 2814 812 2850 τῆς
824 2815 909 2850 αὐτῆς

145 2904 174 2920 ’⁷
197 2903 296 2938 Ephes.
309 2908 344 2933 tv,
361 2902 387 2930 5.
426 2903 449 2919 ἐ
461 2901 547 2930 Couc.
563 2901 648 2930 Afric.
666 2910 689 2931 c.
711 2902 755 2931 35.

959 2309 992 2337 lis
1010 2310 1094 2336 frater
1108 2313 1135 2337 et
1151 2310 1253 2345 collega
1271 2314 1363 2337 noster
1379 2309 1551 2342 Anastasius,
1574 2317 1630 2344 qtto
1644 2312 1751 2338 noverit

959 2356 1058 2383 habere
1081 2356 1200 2384 Africam
1216 2364 1339 2392 magnam
1359 2356 1560 2387 necessitatem.
1575 2361 1686 2391 ptopter
1700 2357 1747 2384 Ec-

958 2403 1047 2430 clesite
1074 2410 1169 2438 paceni
1198 2407 1225 2430 et
1247 2402 1391 2430 utilitatem
1407 2411 1415 2429 :
1430 2407 1459 2429 ιιι
1474 2406 1500 2429 οι
1515 2401 1597 2438 [forte
1612 2402 1656 2438 ex]
1683 2403 1750 2437 ipsis

960 2448 1119 2481 Donatistis,
1157 2449 1313 2483 quicunque
1327 2448 1418 2475 clerici
1444 2452 1569 2475 correcto
1586 2449 1703 2475 consilio
1716 2449 1749 2476 ad

959 2495 1121 2522 catholicam
1135 2495 1266 2521 unitatent
1293 2494 1409 2521 transire
1428 2494 1579 2527 voluerint,
1600 2495 1749 2522 secundum

960 2541 1177 2576 uniuscujusque
1196 2540 1316 2575 episcopi
1333 2540 1461 2568 catltolici
1477 2540 1644 2568 voluntatem
1668 2545 1751 2576 atque

960 2587 1115 2618 consilium,
1137 2586 1182 2620 qui
1195 2587 1221 2613 in
1238 2586 1333 2614 eodetu
1351 2587 1411 2614 loco
1424 2588 1557 2621 gubernat
1575 2587 1723 2615 Ecclesium
1743 2597 1748 2614 :

962 2632 983 2659 si
997 2632 1048 2659 hoc
1067 2632 1126 2667 paci
1145 2631 1309 2659 Christiana:
1334 2633 1465 2667 prodesse
1488 2633 1577 2660 visunt
1599 2633 1696 2663 fuerit.
1722 2633 1748 2659 in

961 2678 1018 2705 suis
1031 2678 1182 2706 honoribus
1200 2679 1386 2714 suscipiantur
1399 2699 1406 2711 ,
1434 2680 1506 2706 sicut
1522 2679 1660 2714 prioribus
1677 2679 1751 2713 ejus-

961 2724 1021 2750 detn
1040 2724 1184 2751 divisionis
1202 2724 1369 2759 temporibus
1381 2724 1481 2752 factum
1497 2732 1558 2752 esse
1575 2724 1749 2751 manifestum

962 2774 1014 2797 est.
1025 2770 1103 2803 Quod
1117 2770 1265 2798 multarunt
1283 2775 1310 2798 et
1323 2779 1391 2806 pcne
1413 2771 1535 2798 omnium
1558 2769 1749 2797 Africanarum

965 2816 1161 2850 Ecclesiarum,
1189 2817 1216 2844 itt
1245 2817 1344 2852 quibus
1370 2817 1431 2844 talis
1452 2824 1530 2844 error
1560 2820 1670 2844 exortus
1689 2820 1749 2848 est.
