  <div class='ocr_page' id='page_1' title='image "/cluster/home/n/w/nwhite01/storage/ocr_20150623/104/njp.32101077772885/447.png"; bbox 0 0 1951 3071; ppageno 0'>
   <div class='ocr_carea' id='block_1_1' title="bbox 197 186 274 218">
    <p class='ocr_par' dir='ltr' id='par_1_1' title="bbox 197 186 274 218">
     <span class='ocr_line' id='line_1_1' title="bbox 197 186 274 218; baseline 0.013 -1"><span class='ocrx_word' id='word_1_1' title='bbox 197 186 254 218; x_wconf 84' lang='lat'><strong>879</strong></span> <span class='ocrx_word' id='word_1_2' title='bbox 271 206 274 209; x_wconf 91' lang='lat'><strong>-</strong></span> 
     </span>
    </p>
   </div>
   <div class='ocr_carea' id='block_1_2' title="bbox 197 241 515 276">
    <p class='ocr_par' dir='ltr' id='par_1_2' title="bbox 197 241 515 276">
     <span class='ocr_line' id='line_1_2' title="bbox 197 241 515 276; baseline -0.019 -5"><span class='ocrx_word' id='word_1_3' title='bbox 197 241 321 276; x_wconf 79' lang='lat' dir='ltr'><strong>exempla</strong></span> <span class='ocrx_word' id='word_1_4' title='bbox 348 242 481 267; x_wconf 84' lang='lat' dir='ltr'><strong>testantur</strong></span> <span class='ocrx_word' id='word_1_5' title='bbox 509 247 515 265; x_wconf 90' lang='lat'><strong>:</strong></span> 
     </span>
    </p>
   </div>
   <div class='ocr_carea' id='block_1_3' title="bbox 196 283 985 320">
    <p class='ocr_par' dir='ltr' id='par_1_3' title="bbox 196 283 985 320">
     <span class='ocr_line' id='line_1_3' title="bbox 196 283 985 320; baseline -0.006 -5"><span class='ocrx_word' id='word_1_6' title='bbox 196 285 387 315; x_wconf 82' lang='lat' dir='ltr'><strong>transmarinis</strong></span> <span class='ocrx_word' id='word_1_7' title='bbox 397 285 519 320; x_wconf 89' lang='lat' dir='ltr'><strong>partibus</strong></span> <span class='ocrx_word' id='word_1_8' title='bbox 534 283 567 311; x_wconf 86' lang='lat' dir='ltr'><strong>de</strong></span> <span class='ocrx_word' id='word_1_9' title='bbox 580 285 633 312; x_wconf 85' lang='lat' dir='ltr'><strong>hac</strong></span> <span class='ocrx_word' id='word_1_10' title='bbox 649 292 678 312; x_wconf 88' lang='lat' dir='ltr'><strong>re</strong></span> <span class='ocrx_word' id='word_1_11' title='bbox 694 283 795 312; x_wconf 83' lang='lat' dir='ltr'><strong>factum</strong></span> <span class='ocrx_word' id='word_1_12' title='bbox 812 288 864 318; x_wconf 88' lang='lat' dir='ltr'><strong>est,</strong></span> <span class='ocrx_word' id='word_1_13' title='bbox 882 283 985 312; x_wconf 80' lang='lat' dir='ltr'><strong>dissol-</strong></span> 
     </span>
    </p>
   </div>
   <div class='ocr_carea' id='block_1_4' title="bbox 196 328 988 365">
    <p class='ocr_par' dir='ltr' id='par_1_4' title="bbox 196 328 988 365">
     <span class='ocr_line' id='line_1_4' title="bbox 196 328 988 365; baseline -0.006 -4"><span class='ocrx_word' id='word_1_14' title='bbox 196 338 275 361; x_wconf 82' lang='lat' dir='ltr'><strong>vatur</strong></span> <span class='ocrx_word' id='word_1_15' title='bbox 287 341 295 364; x_wconf 73' lang='grc' dir='ltr'><strong>ς</strong></span> <span class='ocrx_word' id='word_1_16' title='bbox 308 332 355 359; x_wconf 85' lang='lat' dir='ltr'><strong>sed</strong></span> <span class='ocrx_word' id='word_1_17' title='bbox 363 337 390 358; x_wconf 91' lang='lat' dir='ltr'><strong>ut</strong></span> <span class='ocrx_word' id='word_1_18' title='bbox 399 331 464 358; x_wconf 91' lang='lat' dir='ltr'><strong>illud</strong></span> <span class='ocrx_word' id='word_1_19' title='bbox 479 331 664 358; x_wconf 85' lang='lat' dir='ltr'><strong>maneatcirca</strong></span> <span class='ocrx_word' id='word_1_20' title='bbox 670 337 717 358; x_wconf 90' lang='lat' dir='ltr'><strong>cos</strong></span> <span class='ocrx_word' id='word_1_21' title='bbox 723 330 769 365; x_wconf 85' lang='lat' dir='ltr'><strong>qui</strong></span> <span class='ocrx_word' id='word_1_22' title='bbox 780 329 820 358; x_wconf 87' lang='lat' dir='ltr'><strong>sic</strong></span> <span class='ocrx_word' id='word_1_23' title='bbox 827 329 944 357; x_wconf 80' lang='lat' dir='ltr'><strong>transire</strong></span> <span class='ocrx_word' id='word_1_24' title='bbox 954 328 988 356; x_wconf 92' lang='lat' dir='ltr'><strong>ad</strong></span> 
     </span>
    </p>
   </div>
   <div class='ocr_carea' id='block_1_5' title="bbox 197 375 989 411">
    <p class='ocr_par' dir='ltr' id='par_1_5' title="bbox 197 375 989 411">
     <span class='ocr_line' id='line_1_5' title="bbox 197 375 989 411; baseline -0.006 -4"><span class='ocrx_word' id='word_1_25' title='bbox 197 379 359 408; x_wconf 86' lang='lat' dir='ltr'><strong>catholicam</strong></span> <span class='ocrx_word' id='word_1_26' title='bbox 375 377 525 405; x_wconf 77' lang='lat' dir='ltr'><strong>Ecclesium</strong></span> <span class='ocrx_word' id='word_1_27' title='bbox 538 377 632 404; x_wconf 90' lang='lat' dir='ltr'><strong>volunt</strong></span> <span class='ocrx_word' id='word_1_28' title='bbox 641 381 671 404; x_wconf 92' lang='lat' dir='ltr'><strong>ut</strong></span> <span class='ocrx_word' id='word_1_29' title='bbox 682 377 754 403; x_wconf 84' lang='lat' dir='ltr'><strong>nulla</strong></span> <span class='ocrx_word' id='word_1_30' title='bbox 765 383 810 411; x_wconf 82' lang='lat' dir='ltr'><strong>per</strong></span> <span class='ocrx_word' id='word_1_31' title='bbox 818 383 866 404; x_wconf 90' lang='lat' dir='ltr'><strong>eos</strong></span> <span class='ocrx_word' id='word_1_32' title='bbox 875 375 989 403; x_wconf 75' lang='lat' dir='ltr'><strong>unitatis</strong></span> 
     </span>
    </p>
   </div>
   <div class='ocr_carea' id='block_1_6' title="bbox 196 418 1004 457">
    <p class='ocr_par' dir='ltr' id='par_1_6' title="bbox 196 418 1004 457">
     <span class='ocr_line' id='line_1_6' title="bbox 196 418 1004 457; baseline -0.009 -5"><span class='ocrx_word' id='word_1_33' title='bbox 196 423 321 452; x_wconf 85' lang='lat' dir='ltr'><strong>concisio</strong></span> <span class='ocrx_word' id='word_1_34' title='bbox 333 419 566 457; x_wconf 87' lang='lat' dir='ltr'><strong>procuretur.Per</strong></span> <span class='ocrx_word' id='word_1_35' title='bbox 576 427 646 455; x_wconf 89' lang='lat' dir='ltr'><strong>quos</strong></span> <span class='ocrx_word' id='word_1_36' title='bbox 657 425 748 447; x_wconf 81' lang='lat' dir='ltr'><strong>autem</strong></span> <span class='ocrx_word' id='word_1_37' title='bbox 764 419 807 447; x_wconf 82' lang='lat' dir='ltr'><strong>vel</strong></span> <span class='ocrx_word' id='word_1_38' title='bbox 821 419 897 446; x_wconf 90' lang='lat' dir='ltr'><strong>omni</strong></span> <span class='ocrx_word' id='word_1_39' title='bbox 906 418 987 446; x_wconf 90' lang='lat' dir='ltr'><strong>modo</strong></span> <span class='ocrx_word' id='word_1_40' title='bbox 998 447 1004 455; x_wconf 48' lang='lat'><strong>‘</strong></span> 
     </span>
    </p>
   </div>
   <div class='ocr_carea' id='block_1_7' title="bbox 197 463 989 504">
    <p class='ocr_par' dir='ltr' id='par_1_7' title="bbox 197 463 989 504">
     <span class='ocr_line' id='line_1_7' title="bbox 197 463 989 504; baseline -0.009 -7"><span class='ocrx_word' id='word_1_41' title='bbox 197 468 302 504; x_wconf 82' lang='lat' dir='ltr'><strong>perﬁci,</strong></span> <span class='ocrx_word' id='word_1_42' title='bbox 321 466 364 495; x_wconf 85' lang='lat' dir='ltr'><strong>vel</strong></span> <span class='ocrx_word' id='word_1_43' title='bbox 389 466 511 501; x_wconf 80' lang='lat' dir='ltr'><strong>adjuvari</strong></span> <span class='ocrx_word' id='word_1_44' title='bbox 535 465 616 500; x_wconf 72' lang='lat'><strong>392</strong></span> <span class='ocrx_word' id='word_1_45' title='bbox 633 464 788 492; x_wconf 76' lang='lat' dir='ltr'><strong>manifestis</strong></span> <span class='ocrx_word' id='word_1_46' title='bbox 805 463 989 491; x_wconf 81' lang='lat' dir='ltr'><strong>fraternarum</strong></span> 
     </span>
    </p>
   </div>
   <div class='ocr_carea' id='block_1_8' title="bbox 195 509 987 544">
    <p class='ocr_par' dir='ltr' id='par_1_8' title="bbox 195 509 987 544">
     <span class='ocr_line' id='line_1_8' title="bbox 195 509 987 544; baseline -0.008 -1"><span class='ocrx_word' id='word_1_47' title='bbox 195 516 351 544; x_wconf 84' lang='lat' dir='ltr'><strong>animarum</strong></span> <span class='ocrx_word' id='word_1_48' title='bbox 364 513 448 540; x_wconf 89' lang='lat' dir='ltr'><strong>lucris</strong></span> <span class='ocrx_word' id='word_1_49' title='bbox 459 512 597 540; x_wconf 84' lang='lat' dir='ltr'><strong>catholica</strong></span> <span class='ocrx_word' id='word_1_50' title='bbox 613 511 706 539; x_wconf 88' lang='lat' dir='ltr'><strong>unitas</strong></span> <span class='ocrx_word' id='word_1_51' title='bbox 722 511 751 538; x_wconf 92' lang='lat' dir='ltr'><strong>in</strong></span> <span class='ocrx_word' id='word_1_52' title='bbox 765 511 833 538; x_wconf 91' lang='lat' dir='ltr'><strong>locis</strong></span> <span class='ocrx_word' id='word_1_53' title='bbox 846 510 874 537; x_wconf 93' lang='lat' dir='ltr'><strong>in</strong></span> <span class='ocrx_word' id='word_1_54' title='bbox 887 509 987 544; x_wconf 85' lang='lat' dir='ltr'><strong>quibus</strong></span> 
     </span>
    </p>
   </div>
   <div class='ocr_carea' id='block_1_9' title="bbox 196 555 988 596">
    <p class='ocr_par' dir='ltr' id='par_1_9' title="bbox 196 555 988 596">
     <span class='ocr_line' id='line_1_9' title="bbox 196 555 988 596; baseline -0.009 -7"><span class='ocrx_word' id='word_1_55' title='bbox 196 560 371 596; x_wconf 80' lang='lat' dir='ltr'><strong>degunt,visa</strong></span> <span class='ocrx_word' id='word_1_56' title='bbox 387 558 480 590; x_wconf 81' lang='lat' dir='ltr'><strong>fuerit,</strong></span> <span class='ocrx_word' id='word_1_57' title='bbox 494 565 546 585; x_wconf 90' lang='lat' dir='ltr'><strong>non</strong></span> <span class='ocrx_word' id='word_1_58' title='bbox 559 557 599 584; x_wconf 90' lang='lat' dir='ltr'><strong>eis</strong></span> <span class='ocrx_word' id='word_1_59' title='bbox 610 557 694 590; x_wconf 86' lang='lat' dir='ltr'><strong>obsit,</strong></span> <span class='ocrx_word' id='word_1_60' title='bbox 710 556 783 590; x_wconf 89' lang='lat' dir='ltr'><strong>quod</strong></span> <span class='ocrx_word' id='word_1_61' title='bbox 794 561 890 584; x_wconf 80' lang='lat' dir='ltr'><strong>contra</strong></span> <span class='ocrx_word' id='word_1_62' title='bbox 902 555 988 583; x_wconf 76' lang='lat' dir='ltr'><strong>hono—</strong></span> 
     </span>
    </p>
   </div>
   <div class='ocr_carea' id='block_1_10' title="bbox 196 601 987 639">
    <p class='ocr_par' dir='ltr' id='par_1_10' title="bbox 196 601 987 639">
     <span class='ocr_line' id='line_1_10' title="bbox 196 601 987 639; baseline -0.006 -6"><span class='ocrx_word' id='word_1_63' title='bbox 196 613 241 633; x_wconf 92' lang='lat' dir='ltr'><strong>res</strong></span> <span class='ocrx_word' id='word_1_64' title='bbox 259 612 365 638; x_wconf 84' lang='lat' dir='ltr'><strong>eorum,</strong></span> <span class='ocrx_word' id='word_1_65' title='bbox 386 604 512 639; x_wconf 87' lang='lat' dir='ltr'><strong>quamvis</strong></span> <span class='ocrx_word' id='word_1_66' title='bbox 536 603 612 632; x_wconf 84' lang='lat' dir='ltr'><strong>salus</strong></span> <span class='ocrx_word' id='word_1_67' title='bbox 629 603 697 630; x_wconf 86' lang='lat' dir='ltr'><strong>nulli</strong></span> <span class='ocrx_word' id='word_1_68' title='bbox 721 603 868 630; x_wconf 83' lang='lat' dir='ltr'><strong>interclusa</strong></span> <span class='ocrx_word' id='word_1_69' title='bbox 888 602 944 635; x_wconf 85' lang='lat' dir='ltr'><strong>sit,</strong></span> <span class='ocrx_word' id='word_1_70' title='bbox 959 601 987 628; x_wconf 95' lang='lat' dir='ltr'><strong>in</strong></span> 
     </span>
    </p>
   </div>
   <div class='ocr_carea' id='block_1_11' title="bbox 197 646 986 680">
    <p class='ocr_par' dir='ltr' id='par_1_11' title="bbox 197 646 986 680">
     <span class='ocr_line' id='line_1_11' title="bbox 197 646 986 680; baseline -0.005 -2"><span class='ocrx_word' id='word_1_71' title='bbox 197 651 382 679; x_wconf 83' lang='lat' dir='ltr'><strong>transmarino</strong></span> <span class='ocrx_word' id='word_1_72' title='bbox 400 650 518 677; x_wconf 90' lang='lat' dir='ltr'><strong>concilio</strong></span> <span class='ocrx_word' id='word_1_73' title='bbox 535 653 667 676; x_wconf 79' lang='lat' dir='ltr'><strong>statutum</strong></span> <span class='ocrx_word' id='word_1_74' title='bbox 688 652 742 680; x_wconf 89' lang='lat' dir='ltr'><strong>est,</strong></span> <span class='ocrx_word' id='word_1_75' title='bbox 758 647 784 675; x_wconf 89' lang='lat' dir='ltr'><strong>id</strong></span> <span class='ocrx_word' id='word_1_76' title='bbox 800 652 851 680; x_wconf 85' lang='lat' dir='ltr'><strong>est,</strong></span> <span class='ocrx_word' id='word_1_77' title='bbox 869 652 899 674; x_wconf 93' lang='lat' dir='ltr'><strong>ut</strong></span> <span class='ocrx_word' id='word_1_78' title='bbox 912 646 986 674; x_wconf 84' lang='lat' dir='ltr'><strong>ordi~</strong></span> 
     </span>
    </p>
   </div>
   <div class='ocr_carea' id='block_1_12' title="bbox 196 692 988 730">
    <p class='ocr_par' dir='ltr' id='par_1_12' title="bbox 196 692 988 730">
     <span class='ocr_line' id='line_1_12' title="bbox 196 692 988 730; baseline -0.005 -7"><span class='ocrx_word' id='word_1_79' title='bbox 196 696 253 723; x_wconf 87' lang='lat' dir='ltr'><strong>nati</strong></span> <span class='ocrx_word' id='word_1_80' title='bbox 268 696 295 723; x_wconf 92' lang='lat' dir='ltr'><strong>in</strong></span> <span class='ocrx_word' id='word_1_81' title='bbox 310 699 389 730; x_wconf 84' lang='lat' dir='ltr'><strong>parte</strong></span> <span class='ocrx_word' id='word_1_82' title='bbox 402 694 499 722; x_wconf 79' lang='lat' dir='ltr'><strong>Donati</strong></span> <span class='ocrx_word' id='word_1_83' title='bbox 518 694 540 721; x_wconf 89' lang='lat' dir='ltr'><strong>si</strong></span> <span class='ocrx_word' id='word_1_84' title='bbox 552 693 586 721; x_wconf 89' lang='lat' dir='ltr'><strong>ad</strong></span> <span class='ocrx_word' id='word_1_85' title='bbox 603 693 766 721; x_wconf 82' lang='lat' dir='ltr'><strong>catholicam</strong></span> <span class='ocrx_word' id='word_1_86' title='bbox 783 692 900 720; x_wconf 88' lang='lat' dir='ltr'><strong>correcti</strong></span> <span class='ocrx_word' id='word_1_87' title='bbox 912 696 988 719; x_wconf 84' lang='lat' dir='ltr'><strong>tran-</strong></span> 
     </span>
    </p>
   </div>
   <div class='ocr_carea' id='block_1_13' title="bbox 196 737 990 774">
    <p class='ocr_par' dir='ltr' id='par_1_13' title="bbox 196 737 990 774">
     <span class='ocr_line' id='line_1_13' title="bbox 196 737 990 774; baseline -0.005 -5"><span class='ocrx_word' id='word_1_88' title='bbox 196 742 251 769; x_wconf 81' lang='lat' dir='ltr'><strong>sire</strong></span> <span class='ocrx_word' id='word_1_89' title='bbox 272 741 419 772; x_wconf 87' lang='lat' dir='ltr'><strong>voluerint,</strong></span> <span class='ocrx_word' id='word_1_90' title='bbox 436 747 491 767; x_wconf 92' lang='lat' dir='ltr'><strong>non</strong></span> <span class='ocrx_word' id='word_1_91' title='bbox 514 739 700 774; x_wconf 86' lang='lat' dir='ltr'><strong>suscipiantur</strong></span> <span class='ocrx_word' id='word_1_92' title='bbox 718 739 746 766; x_wconf 84' lang='lat' dir='ltr'><strong>in</strong></span> <span class='ocrx_word' id='word_1_93' title='bbox 763 738 915 766; x_wconf 86' lang='lat' dir='ltr'><strong>honoribus</strong></span> <span class='ocrx_word' id='word_1_94' title='bbox 932 737 990 766; x_wconf 86' lang='lat' dir='ltr'><strong>suis</strong></span> 
     </span>
    </p>
   </div>
   <div class='ocr_carea' id='block_1_14' title="bbox 197 784 990 819">
    <p class='ocr_par' dir='ltr' id='par_1_14' title="bbox 197 784 990 819">
     <span class='ocr_line' id='line_1_14' title="bbox 197 784 990 819; baseline -0.004 -4"><span class='ocrx_word' id='word_1_95' title='bbox 197 787 348 815; x_wconf 83' lang='lat' dir='ltr'><strong>secundum</strong></span> <span class='ocrx_word' id='word_1_96' title='bbox 365 785 579 814; x_wconf 84' lang='lat' dir='ltr'><strong>transmarinum</strong></span> <span class='ocrx_word' id='word_1_97' title='bbox 605 785 753 813; x_wconf 89' lang='lat' dir='ltr'><strong>concilium</strong></span> <span class='ocrx_word' id='word_1_98' title='bbox 771 793 778 811; x_wconf 92' lang='lat'>:</span> <span class='ocrx_word' id='word_1_99' title='bbox 800 785 848 812; x_wconf 87' lang='lat' dir='ltr'><strong>sed</strong></span> <span class='ocrx_word' id='word_1_100' title='bbox 868 784 990 819; x_wconf 73' lang='lat' dir='ltr'><strong>exceptis</strong></span> 
     </span>
    </p>
   </div>
   <div class='ocr_carea' id='block_1_15' title="bbox 198 829 848 868">
    <p class='ocr_par' dir='ltr' id='par_1_15' title="bbox 198 829 848 868">
     <span class='ocr_line' id='line_1_15' title="bbox 198 829 848 868; baseline -0.006 -8"><span class='ocrx_word' id='word_1_101' title='bbox 198 833 252 866; x_wconf 82' lang='lat' dir='ltr'><strong>Itis,</strong></span> <span class='ocrx_word' id='word_1_102' title='bbox 269 840 317 868; x_wconf 85' lang='lat' dir='ltr'><strong>per</strong></span> <span class='ocrx_word' id='word_1_103' title='bbox 336 839 406 867; x_wconf 86' lang='lat' dir='ltr'><strong>quos</strong></span> <span class='ocrx_word' id='word_1_104' title='bbox 419 831 561 858; x_wconf 78' lang='lat' dir='ltr'><strong>catholicae</strong></span> <span class='ocrx_word' id='word_1_105' title='bbox 575 830 671 857; x_wconf 82' lang='lat' dir='ltr'><strong>unitati</strong></span> <span class='ocrx_word' id='word_1_106' title='bbox 683 829 848 858; x_wconf 90' lang='lat' dir='ltr'><strong>consulitur.</strong></span> 
     </span>
    </p>
   </div>
   <div class='ocr_carea' id='block_1_16' title="bbox 785 181 1256 212">
    <p class='ocr_par' dir='ltr' id='par_1_16' title="bbox 785 181 1256 212">
     <span class='ocr_line' id='line_1_16' title="bbox 785 181 1256 212; baseline -0.002 0"><span class='ocrx_word' id='word_1_107' title='bbox 785 181 916 212; x_wconf 84' lang='lat' dir='ltr'><strong>PHOTII</strong></span> <span class='ocrx_word' id='word_1_108' title='bbox 932 181 1185 212; x_wconf 71' lang='lat' dir='ltr'><strong>PATRIARCH/E</strong></span> <span class='ocrx_word' id='word_1_109' title='bbox 1202 182 1256 212; x_wconf 73' lang='grc' dir='ltr'>(ΣΡ.</span> 
     </span>
    </p>
   </div>
   <div class='ocr_carea' id='block_1_17' title="bbox 1781 185 1829 217">
    <p class='ocr_par' dir='ltr' id='par_1_17' title="bbox 1781 185 1829 217">
     <span class='ocr_line' id='line_1_17' title="bbox 1781 185 1829 217; baseline 0.021 -1"><span class='ocrx_word' id='word_1_110' title='bbox 1781 185 1829 217; x_wconf 82' lang='grc'><strong>880</strong></span> 
     </span>
    </p>
   </div>
   <div class='ocr_carea' id='block_1_18' title="bbox 543 237 994 274">
    <p class='ocr_par' dir='ltr' id='par_1_18' title="bbox 543 238 986 274">
     <span class='ocr_line' id='line_1_18' title="bbox 543 238 986 274; baseline -0.002 -8"><span class='ocrx_word' id='word_1_111' title='bbox 543 246 596 266; x_wconf 88' lang='lat' dir='ltr'><strong>non</strong></span> <span class='ocrx_word' id='word_1_112' title='bbox 629 243 658 267; x_wconf 86' lang='lat' dir='ltr'><strong>ut</strong></span> <span class='ocrx_word' id='word_1_113' title='bbox 686 239 832 266; x_wconf 87' lang='lat' dir='ltr'><strong>concilium</strong></span> <span class='ocrx_word' id='word_1_114' title='bbox 858 238 933 274; x_wconf 87' lang='lat' dir='ltr'><strong>quod</strong></span> <span class='ocrx_word' id='word_1_115' title='bbox 959 238 986 265; x_wconf 90' lang='lat' dir='ltr'><strong>in</strong></span> 
     </span>
    </p>
   </div>
   <div class='ocr_carea' id='block_1_19' title="bbox 1055 237 1830 274">
    <p class='ocr_par' dir='ltr' id='par_1_19' title="bbox 1057 237 1830 273">
     <span class='ocr_line' id='line_1_19' title="bbox 1057 237 1830 273; baseline 0 -9"><span class='ocrx_word' id='word_1_116' title='bbox 1057 238 1209 269; x_wconf 77' lang='grc' dir='ltr'>ιαστάσεως</span> <span class='ocrx_word' id='word_1_117' title='bbox 1236 237 1367 272; x_wconf 83' lang='grc' dir='ltr'>γενέσθαι</span> <span class='ocrx_word' id='word_1_118' title='bbox 1392 237 1508 273; x_wconf 76' lang='grc' dir='ltr'>φανερόν</span> <span class='ocrx_word' id='word_1_119' title='bbox 1532 237 1626 264; x_wconf 76' lang='grc' dir='ltr'>ἐστιν’</span> <span class='ocrx_word' id='word_1_120' title='bbox 1648 237 1716 272; x_wconf 74' lang='grc' dir='ltr'>ὅπερ</span> <span class='ocrx_word' id='word_1_121' title='bbox 1729 237 1830 265; x_wconf 79' lang='grc' dir='ltr'>πολλῶν</span> 
     </span>
    </p>
   </div>
   <div class='ocr_carea' id='block_1_20' title="bbox 1041 283 1829 320">
    <p class='ocr_par' dir='ltr' id='par_1_20' title="bbox 1041 283 1829 320">
     <span class='ocr_line' id='line_1_20' title="bbox 1041 283 1829 320; baseline 0 -10"><span class='ocrx_word' id='word_1_122' title='bbox 1041 285 1087 311; x_wconf 74' lang='grc' dir='ltr'>καὶ</span> <span class='ocrx_word' id='word_1_123' title='bbox 1103 285 1196 320; x_wconf 79' lang='grc' dir='ltr'>σχεδὸν</span> <span class='ocrx_word' id='word_1_124' title='bbox 1223 284 1328 316; x_wconf 85' lang='grc' dir='ltr'>πασῶν,</span> <span class='ocrx_word' id='word_1_125' title='bbox 1342 284 1396 311; x_wconf 87' lang='grc' dir='ltr'><strong>τῶν</strong></span> <span class='ocrx_word' id='word_1_126' title='bbox 1407 284 1436 310; x_wconf 76' lang='grc' dir='ltr'>ἐν</span> <span class='ocrx_word' id='word_1_127' title='bbox 1463 285 1495 320; x_wconf 80' lang='grc' dir='ltr'>τῇ</span> <span class='ocrx_word' id='word_1_128' title='bbox 1514 283 1632 319; x_wconf 80' lang='grc' dir='ltr'>’Δφρικῇ</span> <span class='ocrx_word' id='word_1_129' title='bbox 1652 283 1829 319; x_wconf 86' lang='grc' dir='ltr'>“Εκκλησιῶν,</span> 
     </span>
    </p>
   </div>
   <div class='ocr_carea' id='block_1_21' title="bbox 1041 327 1830 366">
    <p class='ocr_par' dir='ltr' id='par_1_21' title="bbox 1041 327 1830 366">
     <span class='ocr_line' id='line_1_21' title="bbox 1041 327 1830 366; baseline 0.001 -10"><span class='ocrx_word' id='word_1_130' title='bbox 1041 330 1071 356; x_wconf 79' lang='grc' dir='ltr'>ἑν</span> <span class='ocrx_word' id='word_1_131' title='bbox 1085 327 1127 362; x_wconf 82' lang='grc' dir='ltr'>αἶς</span> <span class='ocrx_word' id='word_1_132' title='bbox 1146 331 1163 366; x_wconf 78' lang='grc' dir='ltr'><strong>ἠ</strong></span> <span class='ocrx_word' id='word_1_133' title='bbox 1180 330 1292 365; x_wconf 76' lang='grc' dir='ltr'>τοιαύτη</span> <span class='ocrx_word' id='word_1_134' title='bbox 1313 329 1400 365; x_wconf 83' lang='grc' dir='ltr'>πλάνη</span> <span class='ocrx_word' id='word_1_135' title='bbox 1425 329 1542 365; x_wconf 82' lang='grc' dir='ltr'>ἁνεφύη,</span> <span class='ocrx_word' id='word_1_136' title='bbox 1569 329 1604 356; x_wconf 74' lang='grc' dir='ltr'><strong>τὰ</strong></span> <span class='ocrx_word' id='word_1_137' title='bbox 1625 330 1830 365; x_wconf 81' lang='grc' dir='ltr'>παραδείγματα</span> 
     </span>
    </p>
   </div>
   <div class='ocr_carea' id='block_1_22' title="bbox 1043 376 1830 412">
    <p class='ocr_par' dir='ltr' id='par_1_22' title="bbox 1043 376 1830 412">
     <span class='ocr_line' id='line_1_22' title="bbox 1043 376 1830 412; baseline 0 -10"><span class='ocrx_word' id='word_1_138' title='bbox 1043 376 1246 412; x_wconf 88' lang='grc' dir='ltr'>μαρτύρονται·</span> <span class='ocrx_word' id='word_1_139' title='bbox 1265 376 1315 412; x_wconf 84' lang='grc' dir='ltr'>οὐχ</span> <span class='ocrx_word' id='word_1_140' title='bbox 1344 376 1418 411; x_wconf 63' lang='lat' dir='ltr'><strong>EVM)</strong></span> <span class='ocrx_word' id='word_1_141' title='bbox 1435 376 1544 407; x_wconf 84' lang='grc' dir='ltr'><strong>σύνοδος</strong></span> <span class='ocrx_word' id='word_1_142' title='bbox 1558 377 1576 411; x_wconf 82' lang='grc' dir='ltr'><strong>ἡ</strong></span> <span class='ocrx_word' id='word_1_143' title='bbox 1593 376 1622 403; x_wconf 83' lang='grc' dir='ltr'>ὲν</span> <span class='ocrx_word' id='word_1_144' title='bbox 1638 377 1695 408; x_wconf 84' lang='grc' dir='ltr'>τοῖς</span> <span class='ocrx_word' id='word_1_145' title='bbox 1709 384 1830 411; x_wconf 84' lang='grc' dir='ltr'>περαμα-</span> 
     </span>
    </p>
   </div>
   <div class='ocr_carea' id='block_1_23' title="bbox 1042 418 1832 458">
    <p class='ocr_par' dir='ltr' id='par_1_23' title="bbox 1042 418 1832 458">
     <span class='ocr_line' id='line_1_23' title="bbox 1042 418 1832 458; baseline 0.001 -11"><span class='ocrx_word' id='word_1_146' title='bbox 1042 421 1135 456; x_wconf 24' lang='grc' dir='ltr'>τικοῖςλ</span> <span class='ocrx_word' id='word_1_147' title='bbox 1158 421 1256 456; x_wconf 85' lang='grc' dir='ltr'><strong>μέρεσι</strong></span> <span class='ocrx_word' id='word_1_148' title='bbox 1268 421 1333 456; x_wconf 76' lang='grc' dir='ltr'>περὶ</span> <span class='ocrx_word' id='word_1_149' title='bbox 1344 421 1440 448; x_wconf 84' lang='grc' dir='ltr'>τούτου</span> <span class='ocrx_word' id='word_1_150' title='bbox 1463 418 1687 457; x_wconf 64' lang='grc' dir='ltr'><strong>τοῦπράγματος</strong></span> <span class='ocrx_word' id='word_1_151' title='bbox 1701 422 1832 458; x_wconf 81' lang='grc' dir='ltr'>γενομένη</span> 
     </span>
    </p>
   </div>
   <div class='ocr_carea' id='block_1_24' title="bbox 1043 464 1833 504">
    <p class='ocr_par' dir='ltr' id='par_1_24' title="bbox 1043 464 1833 504">
     <span class='ocr_line' id='line_1_24' title="bbox 1043 464 1833 504; baseline 0.003 -11"><span class='ocrx_word' id='word_1_152' title='bbox 1043 466 1165 503; x_wconf 81' lang='grc' dir='ltr'>διαλυθῇ,</span> <span class='ocrx_word' id='word_1_153' title='bbox 1191 464 1250 494; x_wconf 72' lang='grc' dir='ltr'>ἀλλ’</span> <span class='ocrx_word' id='word_1_154' title='bbox 1277 468 1321 494; x_wconf 77' lang='grc' dir='ltr'><strong>ἵνα</strong></span> <span class='ocrx_word' id='word_1_155' title='bbox 1347 468 1435 494; x_wconf 74' lang='grc' dir='ltr'>ἐκεῖνο</span> <span class='ocrx_word' id='word_1_156' title='bbox 1464 467 1545 504; x_wconf 77' lang='grc' dir='ltr'>μείνῃ</span> <span class='ocrx_word' id='word_1_157' title='bbox 1574 468 1640 503; x_wconf 79' lang='grc' dir='ltr'>περὶ</span> <span class='ocrx_word' id='word_1_158' title='bbox 1659 468 1723 499; x_wconf 81' lang='grc' dir='ltr'>τοὺς</span> <span class='ocrx_word' id='word_1_159' title='bbox 1751 467 1833 500; x_wconf 77' lang='grc' dir='ltr'>οὓτως</span> 
     </span>
    </p>
   </div>
   <div class='ocr_carea' id='block_1_25' title="bbox 1043 512 1833 549">
    <p class='ocr_par' dir='ltr' id='par_1_25' title="bbox 1043 512 1833 549">
     <span class='ocr_line' id='line_1_25' title="bbox 1043 512 1833 549; baseline 0.003 -10"><span class='ocrx_word' id='word_1_160' title='bbox 1043 513 1183 548; x_wconf 84' lang='grc' dir='ltr'><strong>μετελθεῖν</strong></span> <span class='ocrx_word' id='word_1_161' title='bbox 1206 513 1275 549; x_wconf 76' lang='grc' dir='ltr'>πρὸς</span> <span class='ocrx_word' id='word_1_162' title='bbox 1290 513 1339 549; x_wconf 84' lang='grc' dir='ltr'>τὴν</span> <span class='ocrx_word' id='word_1_163' title='bbox 1355 512 1503 549; x_wconf 76' lang='grc' dir='ltr'>καθολικὴν</span> <span class='ocrx_word' id='word_1_164' title='bbox 1521 513 1686 549; x_wconf 76' lang='grc' dir='ltr'>Ἐκκλησίαν</span> <span class='ocrx_word' id='word_1_165' title='bbox 1704 513 1833 549; x_wconf 79' lang='grc' dir='ltr'>βουλομέ-</span> 
     </span>
    </p>
   </div>
   <div class='ocr_carea' id='block_1_26' title="bbox 1041 559 1833 595">
    <p class='ocr_par' dir='ltr' id='par_1_26' title="bbox 1041 559 1833 595">
     <span class='ocr_line' id='line_1_26' title="bbox 1041 559 1833 595; baseline 0 -9"><span class='ocrx_word' id='word_1_166' title='bbox 1041 567 1103 592; x_wconf 86' lang='grc' dir='ltr'>νους</span> <span class='ocrx_word' id='word_1_167' title='bbox 1113 567 1120 575; x_wconf 92' lang='grc'><strong>·</strong></span> <span class='ocrx_word' id='word_1_168' title='bbox 1135 559 1206 586; x_wconf 79' lang='grc' dir='ltr'>ὥστε</span> <span class='ocrx_word' id='word_1_169' title='bbox 1224 559 1359 595; x_wconf 87' lang='grc' dir='ltr'>μηδεμίαν</span> <span class='ocrx_word' id='word_1_170' title='bbox 1372 559 1430 586; x_wconf 66' lang='grc' dir='ltr'><strong>⁴ἐπὶ</strong></span> <span class='ocrx_word' id='word_1_171' title='bbox 1446 559 1549 586; x_wconf 83' lang='grc' dir='ltr'>τούτων</span> <span class='ocrx_word' id='word_1_172' title='bbox 1563 560 1613 594; x_wconf 87' lang='grc' dir='ltr'>τῆς</span> <span class='ocrx_word' id='word_1_173' title='bbox 1629 559 1757 594; x_wconf 80' lang='grc' dir='ltr'>ὲνότητος</span> <span class='ocrx_word' id='word_1_174' title='bbox 1774 567 1833 586; x_wconf 85' lang='grc' dir='ltr'>συν-</span> 
     </span>
    </p>
   </div>
   <div class='ocr_carea' id='block_1_27' title="bbox 1040 601 1833 641">
    <p class='ocr_par' dir='ltr' id='par_1_27' title="bbox 1040 601 1833 641">
     <span class='ocr_line' id='line_1_27' title="bbox 1040 601 1833 641; baseline 0 -10"><span class='ocrx_word' id='word_1_175' title='bbox 1040 605 1138 639; x_wconf 87' lang='grc' dir='ltr'>τομίαν</span> <span class='ocrx_word' id='word_1_176' title='bbox 1165 605 1410 641; x_wconf 73' lang='grc' dir='ltr'>περιεργάζεσθαι,</span> <span class='ocrx_word' id='word_1_177' title='bbox 1425 605 1460 632; x_wconf 83' lang='grc' dir='ltr'>δι’</span> <span class='ocrx_word' id='word_1_178' title='bbox 1474 601 1512 633; x_wconf 82' lang='grc' dir='ltr'>ὧν</span> <span class='ocrx_word' id='word_1_179' title='bbox 1527 605 1557 632; x_wconf 80' lang='grc' dir='ltr'>δὲ</span> <span class='ocrx_word' id='word_1_180' title='bbox 1572 606 1655 632; x_wconf 80' lang='grc' dir='ltr'>παντὶ</span> <span class='ocrx_word' id='word_1_181' title='bbox 1686 605 1778 640; x_wconf 86' lang='grc' dir='ltr'>τρόπῳ</span> <span class='ocrx_word' id='word_1_182' title='bbox 1789 605 1833 631; x_wconf 77' lang='grc' dir='ltr'><strong>ὲκ-</strong></span> 
     </span>
    </p>
   </div>
   <div class='ocr_carea' id='block_1_28' title="bbox 1039 649 1834 686">
    <p class='ocr_par' dir='ltr' id='par_1_28' title="bbox 1039 649 1834 686">
     <span class='ocr_line' id='line_1_28' title="bbox 1039 649 1834 686; baseline 0.001 -11"><span class='ocrx_word' id='word_1_183' title='bbox 1039 649 1212 685; x_wconf 83' lang='grc' dir='ltr'>τελεσθῆναι,</span> <span class='ocrx_word' id='word_1_184' title='bbox 1225 651 1242 686; x_wconf 85' lang='grc' dir='ltr'><strong>ἡ</strong></span> <span class='ocrx_word' id='word_1_185' title='bbox 1259 650 1392 686; x_wconf 81' lang='grc' dir='ltr'>καθολικὴ</span> <span class='ocrx_word' id='word_1_186' title='bbox 1414 650 1511 686; x_wconf 74' lang='grc' dir='ltr'>ἑνότης</span> <span class='ocrx_word' id='word_1_187' title='bbox 1536 650 1647 686; x_wconf 82' lang='grc' dir='ltr'>φανερῷ</span> <span class='ocrx_word' id='word_1_188' title='bbox 1664 650 1757 685; x_wconf 81' lang='grc' dir='ltr'><strong>κέρδει</strong></span> <span class='ocrx_word' id='word_1_189' title='bbox 1783 649 1834 676; x_wconf 85' lang='grc' dir='ltr'>τῶν</span> 
     </span>
    </p>
   </div>
   <div class='ocr_carea' id='block_1_29' title="bbox 1040 692 1834 731">
    <p class='ocr_par' dir='ltr' id='par_1_29' title="bbox 1040 692 1834 731">
     <span class='ocr_line' id='line_1_29' title="bbox 1040 692 1834 731; baseline 0.001 -10"><span class='ocrx_word' id='word_1_190' title='bbox 1040 694 1194 729; x_wconf 81' lang='grc' dir='ltr'>ὰδελφικῶν</span> <span class='ocrx_word' id='word_1_191' title='bbox 1207 695 1302 730; x_wconf 78' lang='grc' dir='ltr'>ψυχῶν</span> <span class='ocrx_word' id='word_1_192' title='bbox 1316 696 1427 731; x_wconf 78' lang='grc' dir='ltr'>φανείη,</span> <span class='ocrx_word' id='word_1_193' title='bbox 1443 696 1472 722; x_wconf 74' lang='grc' dir='ltr'>ὲν</span> <span class='ocrx_word' id='word_1_194' title='bbox 1487 697 1543 728; x_wconf 81' lang='grc' dir='ltr'>τοῖς</span> <span class='ocrx_word' id='word_1_195' title='bbox 1554 695 1649 727; x_wconf 85' lang='grc' dir='ltr'>τόποις</span> <span class='ocrx_word' id='word_1_196' title='bbox 1660 692 1702 727; x_wconf 75' lang='grc' dir='ltr'>οἷς</span> <span class='ocrx_word' id='word_1_197' title='bbox 1712 695 1834 730; x_wconf 84' lang='grc' dir='ltr'><strong>διάγουσι</strong></span> 
     </span>
    </p>
   </div>
   <div class='ocr_carea' id='block_1_30' title="bbox 1043 738 1833 775">
    <p class='ocr_par' dir='ltr' id='par_1_30' title="bbox 1043 738 1833 775">
     <span class='ocr_line' id='line_1_30' title="bbox 1043 738 1833 775; baseline 0.003 -10"><span class='ocrx_word' id='word_1_198' title='bbox 1043 738 1081 774; x_wconf 85' lang='grc' dir='ltr'>μὴ</span> <span class='ocrx_word' id='word_1_199' title='bbox 1097 739 1248 775; x_wconf 74' lang='grc' dir='ltr'>ὲμποδίσῃς</span> <span class='ocrx_word' id='word_1_200' title='bbox 1274 740 1381 772; x_wconf 83' lang='grc' dir='ltr'><strong>τούτοις</strong></span> <span class='ocrx_word' id='word_1_201' title='bbox 1394 740 1425 767; x_wconf 84' lang='grc' dir='ltr'><strong>τὺ</strong></span> <span class='ocrx_word' id='word_1_202' title='bbox 1437 740 1545 775; x_wconf 77' lang='grc' dir='ltr'><strong>ὁρισθὲν</strong></span> <span class='ocrx_word' id='word_1_203' title='bbox 1577 740 1649 767; x_wconf 83' lang='grc' dir='ltr'>κατὰ</span> <span class='ocrx_word' id='word_1_204' title='bbox 1663 740 1718 767; x_wconf 88' lang='grc' dir='ltr'><strong>τῶν</strong></span> <span class='ocrx_word' id='word_1_205' title='bbox 1746 739 1833 775; x_wconf 85' lang='grc' dir='ltr'>τιμῶν</span> 
     </span>
    </p>
   </div>
   <div class='ocr_carea' id='block_1_31' title="bbox 1041 783 1835 822">
    <p class='ocr_par' dir='ltr' id='par_1_31' title="bbox 1041 783 1835 822">
     <span class='ocr_line' id='line_1_31' title="bbox 1041 783 1835 822; baseline -0.001 -12"><span class='ocrx_word' id='word_1_206' title='bbox 1041 783 1131 811; x_wconf 79' lang='grc' dir='ltr'>αὐτῶν</span> <span class='ocrx_word' id='word_1_207' title='bbox 1141 785 1170 811; x_wconf 77' lang='grc' dir='ltr'>ὲν</span> <span class='ocrx_word' id='word_1_208' title='bbox 1185 785 1219 819; x_wconf 87' lang='grc' dir='ltr'>τῆ</span> <span class='ocrx_word' id='word_1_209' title='bbox 1231 786 1410 822; x_wconf 81' lang='grc' dir='ltr'>περαματικῇ</span> <span class='ocrx_word' id='word_1_210' title='bbox 1426 784 1544 820; x_wconf 80' lang='grc' dir='ltr'><strong>συνόδῳ·</strong></span> <span class='ocrx_word' id='word_1_211' title='bbox 1557 784 1661 812; x_wconf 82' lang='grc' dir='ltr'>ὁπόταν</span> <span class='ocrx_word' id='word_1_212' title='bbox 1674 783 1704 810; x_wconf 81' lang='grc' dir='ltr'>τὸ</span> <span class='ocrx_word' id='word_1_213' title='bbox 1718 783 1835 818; x_wconf 83' lang='grc' dir='ltr'>σωθῆναι</span> 
     </span>
    </p>
   </div>
   <div class='ocr_carea' id='block_1_32' title="bbox 1042 829 1836 866">
    <p class='ocr_par' dir='ltr' id='par_1_32' title="bbox 1042 829 1836 866">
     <span class='ocr_line' id='line_1_32' title="bbox 1042 829 1836 866; baseline 0.003 -11"><span class='ocrx_word' id='word_1_214' title='bbox 1042 829 1130 856; x_wconf 77' lang='grc' dir='ltr'>οὐδενὶ</span> <span class='ocrx_word' id='word_1_215' title='bbox 1154 830 1294 866; x_wconf 86' lang='grc' dir='ltr'>προσώπῳ</span> <span class='ocrx_word' id='word_1_216' title='bbox 1320 831 1549 858; x_wconf 83' lang='grc' dir='ltr'>ἀποκέκλεισται·</span> <span class='ocrx_word' id='word_1_217' title='bbox 1578 830 1718 857; x_wconf 83' lang='grc' dir='ltr'>τουτέστιν</span> <span class='ocrx_word' id='word_1_218' title='bbox 1749 831 1794 858; x_wconf 82' lang='grc' dir='ltr'>ῐνα</span> <span class='ocrx_word' id='word_1_219' title='bbox 1809 829 1836 857; x_wconf 76' lang='grc' dir='ltr'>οι</span> 
     </span>
    </p>
   </div>
   <div class='ocr_carea' id='block_1_33' title="bbox 197 876 1838 916">
    <p class='ocr_par' dir='ltr' id='par_1_33' title="bbox 197 876 1838 916">
     <span class='ocr_line' id='line_1_33' title="bbox 197 876 1838 916; baseline -0.001 -10"><span class='ocrx_word' id='word_1_220' title='bbox 197 879 432 916; x_wconf 81' lang='grc' dir='ltr'>χειροτονηθέντες</span> <span class='ocrx_word' id='word_1_221' title='bbox 449 879 478 904; x_wconf 82' lang='grc' dir='ltr'>ὲν</span> <span class='ocrx_word' id='word_1_222' title='bbox 499 877 539 913; x_wconf 83' lang='grc' dir='ltr'>τῷ</span> <span class='ocrx_word' id='word_1_223' title='bbox 566 877 622 904; x_wconf 83' lang='grc' dir='ltr'><strong>τῶν</strong></span> <span class='ocrx_word' id='word_1_224' title='bbox 647 876 817 904; x_wconf 84' lang='grc' dir='ltr'>Δονατιστῶν</span> <span class='ocrx_word' id='word_1_225' title='bbox 841 876 931 912; x_wconf 80' lang='grc' dir='ltr'>μέρει,</span> <span class='ocrx_word' id='word_1_226' title='bbox 963 876 1011 903; x_wconf 84' lang='grc' dir='ltr'>ὲὰν</span> <span class='ocrx_word' id='word_1_227' title='bbox 1031 877 1102 913; x_wconf 80' lang='grc' dir='ltr'>πρὸς</span> <span class='ocrx_word' id='word_1_228' title='bbox 1122 877 1172 913; x_wconf 83' lang='grc' dir='ltr'>τὴν</span> <span class='ocrx_word' id='word_1_229' title='bbox 1196 878 1343 914; x_wconf 85' lang='grc' dir='ltr'>καθολικὴν</span> <span class='ocrx_word' id='word_1_230' title='bbox 1375 878 1485 906; x_wconf 72' lang='grc' dir='ltr'>σύνοδον</span> <span class='ocrx_word' id='word_1_231' title='bbox 1513 879 1550 915; x_wconf 87' lang='grc' dir='ltr'>μὴ</span> <span class='ocrx_word' id='word_1_232' title='bbox 1576 878 1706 914; x_wconf 84' lang='grc' dir='ltr'>δεχθῶσιν</span> <span class='ocrx_word' id='word_1_233' title='bbox 1736 879 1766 906; x_wconf 76' lang='grc' dir='ltr'>ὲν</span> <span class='ocrx_word' id='word_1_234' title='bbox 1777 879 1838 911; x_wconf 80' lang='grc' dir='ltr'>ταῖς</span> 
     </span>
    </p>
   </div>
   <div class='ocr_carea' id='block_1_34' title="bbox 197 919 1626 961">
    <p class='ocr_par' dir='ltr' id='par_1_34' title="bbox 197 919 1626 961">
     <span class='ocr_line' id='line_1_34' title="bbox 197 919 1626 961; baseline -0.001 -8"><span class='ocrx_word' id='word_1_235' title='bbox 197 926 313 957; x_wconf 81' lang='grc' dir='ltr'>οικείαις</span> <span class='ocrx_word' id='word_1_236' title='bbox 337 925 441 961; x_wconf 83' lang='grc' dir='ltr'>τιμαῖς,</span> <span class='ocrx_word' id='word_1_237' title='bbox 454 923 522 950; x_wconf 79' lang='grc' dir='ltr'>ἀλλὰ</span> <span class='ocrx_word' id='word_1_238' title='bbox 537 923 638 958; x_wconf 82' lang='grc' dir='ltr'>μᾶλλον</span> <span class='ocrx_word' id='word_1_239' title='bbox 652 919 724 950; x_wconf 73' lang='grc' dir='ltr'>οὗτοι</span> <span class='ocrx_word' id='word_1_240' title='bbox 743 922 943 959; x_wconf 66' lang='grc' dir='ltr'>προσδεχθιῖωι,</span> <span class='ocrx_word' id='word_1_241' title='bbox 958 922 992 950; x_wconf 88' lang='grc' dir='ltr'><strong>δι’</strong></span> <span class='ocrx_word' id='word_1_242' title='bbox 1009 919 1047 950; x_wconf 83' lang='grc' dir='ltr'>ὧν</span> <span class='ocrx_word' id='word_1_243' title='bbox 1057 925 1090 960; x_wconf 84' lang='grc' dir='ltr'>τῇ</span> <span class='ocrx_word' id='word_1_244' title='bbox 1105 923 1238 960; x_wconf 79' lang='grc' dir='ltr'>καθολικῇ</span> <span class='ocrx_word' id='word_1_245' title='bbox 1251 925 1358 960; x_wconf 76' lang='grc' dir='ltr'>ἐνότητι</span> <span class='ocrx_word' id='word_1_246' title='bbox 1377 925 1483 960; x_wconf 84' lang='grc' dir='ltr'>γίνεται</span> <span class='ocrx_word' id='word_1_247' title='bbox 1502 925 1626 960; x_wconf 85' lang='grc' dir='ltr'>πρόνοια.</span> 
     </span>
    </p>
   </div>
   <div class='ocr_carea' id='block_1_35' title="bbox 483 970 718 997">
    <p class='ocr_par' dir='ltr' id='par_1_35' title="bbox 483 970 718 997">
     <span class='ocr_line' id='line_1_35' title="bbox 483 970 718 997; baseline 0 -1"><span class='ocrx_word' id='word_1_248' title='bbox 483 970 581 997; x_wconf 75' lang='lat' dir='ltr'><strong>Basilii</strong></span> <span class='ocrx_word' id='word_1_249' title='bbox 594 977 678 996; x_wconf 83' lang='lat' dir='ltr'><strong>canon</strong></span> <span class='ocrx_word' id='word_1_250' title='bbox 692 970 718 996; x_wconf 76' lang='grc'>1.</span> 
     </span>
    </p>
   </div>
   <div class='ocr_carea' id='block_1_36' title="bbox 234 1014 992 1051">
    <p class='ocr_par' dir='ltr' id='par_1_36' title="bbox 234 1014 992 1051">
     <span class='ocr_line' id='line_1_36' title="bbox 234 1014 992 1051; baseline -0.004 -8"><span class='ocrx_word' id='word_1_251' title='bbox 234 1017 261 1044; x_wconf 77' lang='grc'><strong>1.</strong></span> <span class='ocrx_word' id='word_1_252' title='bbox 277 1015 355 1050; x_wconf 86' lang='lat' dir='ltr'><strong>Quod</strong></span> <span class='ocrx_word' id='word_1_253' title='bbox 373 1015 455 1051; x_wconf 76' lang='lat' dir='ltr'><strong>igitur</strong></span> <span class='ocrx_word' id='word_1_254' title='bbox 471 1014 504 1043; x_wconf 82' lang='lat' dir='ltr'><strong>ad</strong></span> <span class='ocrx_word' id='word_1_255' title='bbox 515 1015 650 1043; x_wconf 79' lang='lat' dir='ltr'><strong>Catharos</strong></span> <span class='ocrx_word' id='word_1_256' title='bbox 661 1015 788 1049; x_wconf 84' lang='lat' dir='ltr'><strong>pertinet,</strong></span> <span class='ocrx_word' id='word_1_257' title='bbox 804 1018 871 1047; x_wconf 86' lang='lat' dir='ltr'><strong>etc.,</strong></span> <span class='ocrx_word' id='word_1_258' title='bbox 887 1018 915 1041; x_wconf 85' lang='lat' dir='ltr'><strong>ut</strong></span> <span class='ocrx_word' id='word_1_259' title='bbox 930 1021 992 1048; x_wconf 83' lang='lat' dir='ltr'><strong>pag.</strong></span> 
     </span>
    </p>
   </div>
   <div class='ocr_carea' id='block_1_37' title="bbox 204 1060 268 1089">
    <p class='ocr_par' dir='ltr' id='par_1_37' title="bbox 204 1060 268 1089">
     <span class='ocr_line' id='line_1_37' title="bbox 204 1060 268 1089; baseline -0.016 0"><span class='ocrx_word' id='word_1_260' title='bbox 204 1060 268 1089; x_wconf 82' lang='lat'><strong>866.</strong></span> 
     </span>
    </p>
   </div>
   <div class='ocr_carea' id='block_1_38' title="bbox 233 1105 746 1143">
    <p class='ocr_par' dir='ltr' id='par_1_38' title="bbox 233 1105 746 1143">
     <span class='ocr_line' id='line_1_38' title="bbox 233 1105 746 1143; baseline -0.006 -8"><span class='ocrx_word' id='word_1_261' title='bbox 233 1107 370 1143; x_wconf 83' lang='lat' dir='ltr'><strong>Pepuzeni</strong></span> <span class='ocrx_word' id='word_1_262' title='bbox 385 1114 462 1142; x_wconf 77' lang='lat' dir='ltr'><strong>ergo,</strong></span> <span class='ocrx_word' id='word_1_263' title='bbox 479 1110 545 1140; x_wconf 87' lang='lat' dir='ltr'><strong>etc.,</strong></span> <span class='ocrx_word' id='word_1_264' title='bbox 558 1110 587 1133; x_wconf 82' lang='grc' dir='ltr'><strong>ιιι</strong></span> <span class='ocrx_word' id='word_1_265' title='bbox 601 1114 664 1141; x_wconf 86' lang='lat' dir='ltr'><strong>pag.</strong></span> <span class='ocrx_word' id='word_1_266' title='bbox 681 1105 746 1133; x_wconf 85' lang='lat'><strong>866.</strong></span> 
     </span>
    </p>
   </div>
   <div class='ocr_carea' id='block_1_39' title="bbox 234 1150 731 1185">
    <p class='ocr_par' dir='ltr' id='par_1_39' title="bbox 234 1150 731 1185">
     <span class='ocr_line' id='line_1_39' title="bbox 234 1150 731 1185; baseline -0.008 -5"><span class='ocrx_word' id='word_1_267' title='bbox 234 1152 346 1180; x_wconf 85' lang='lat' dir='ltr'><strong>Cathari</strong></span> <span class='ocrx_word' id='word_1_268' title='bbox 367 1155 442 1184; x_wconf 87' lang='lat' dir='ltr'><strong>sunt,</strong></span> <span class='ocrx_word' id='word_1_269' title='bbox 456 1155 522 1184; x_wconf 86' lang='lat' dir='ltr'><strong>etc.,</strong></span> <span class='ocrx_word' id='word_1_270' title='bbox 542 1155 570 1177; x_wconf 78' lang='lat' dir='ltr'><strong>ut</strong></span> <span class='ocrx_word' id='word_1_271' title='bbox 587 1158 648 1185; x_wconf 86' lang='lat' dir='ltr'><strong>pag.</strong></span> <span class='ocrx_word' id='word_1_272' title='bbox 668 1150 731 1178; x_wconf 82' lang='lat'><strong>867.</strong></span> 
     </span>
    </p>
   </div>
   <div class='ocr_carea' id='block_1_40' title="bbox 329 1193 867 1229">
    <p class='ocr_par' dir='ltr' id='par_1_40' title="bbox 329 1193 867 1229">
     <span class='ocr_line' id='line_1_40' title="bbox 329 1193 867 1229; baseline -0.004 -8"><span class='ocrx_word' id='word_1_273' title='bbox 329 1194 465 1229; x_wconf 80' lang='lat' dir='ltr'><strong>Theophili</strong></span> <span class='ocrx_word' id='word_1_274' title='bbox 486 1201 518 1221; x_wconf 69' lang='lat' dir='ltr'><strong>ea:</strong></span> <span class='ocrx_word' id='word_1_275' title='bbox 538 1194 752 1226; x_wconf 74' lang='grc' dir='ltr'>εοηιηιοιιίιονὶο,</span> <span class='ocrx_word' id='word_1_276' title='bbox 763 1201 822 1228; x_wconf 82' lang='lat' dir='ltr'><strong>cap.</strong></span> <span class='ocrx_word' id='word_1_277' title='bbox 841 1193 867 1220; x_wconf 74' lang='grc' dir='ltr'>ί.</span> 
     </span>
    </p>
   </div>
   <div class='ocr_carea' id='block_1_41' title="bbox 251 1240 994 1276">
    <p class='ocr_par' dir='ltr' id='par_1_41' title="bbox 251 1240 994 1276">
     <span class='ocr_line' id='line_1_41' title="bbox 251 1240 994 1276; baseline -0.003 -7"><span class='ocrx_word' id='word_1_278' title='bbox 251 1243 278 1270; x_wconf 73' lang='grc'><strong>1.</strong></span> <span class='ocrx_word' id='word_1_279' title='bbox 308 1241 346 1269; x_wconf 86' lang='lat' dir='ltr'><strong>De</strong></span> <span class='ocrx_word' id='word_1_280' title='bbox 382 1242 416 1269; x_wconf 87' lang='lat' dir='ltr'><strong>iis</strong></span> <span class='ocrx_word' id='word_1_281' title='bbox 447 1241 494 1276; x_wconf 88' lang='lat' dir='ltr'><strong>qui</strong></span> <span class='ocrx_word' id='word_1_282' title='bbox 524 1240 634 1268; x_wconf 82' lang='lat' dir='ltr'><strong>Arianis</strong></span> <span class='ocrx_word' id='word_1_283' title='bbox 666 1240 940 1268; x_wconf 87' lang='lat' dir='ltr'><strong>communicaverunt</strong></span> <span class='ocrx_word' id='word_1_284' title='bbox 967 1243 994 1267; x_wconf 89' lang='lat' dir='ltr'><strong>et</strong></span> 
     </span>
    </p>
   </div>
   <div class='ocr_carea' id='block_1_42' title="bbox 196 1287 993 1323">
    <p class='ocr_par' dir='ltr' id='par_1_42' title="bbox 196 1287 993 1323">
     <span class='ocr_line' id='line_1_42' title="bbox 196 1287 993 1323; baseline -0.004 -5"><span class='ocrx_word' id='word_1_285' title='bbox 196 1289 340 1318; x_wconf 71' lang='lat' dir='ltr'><strong>&#39;Ecclesias</strong></span> <span class='ocrx_word' id='word_1_286' title='bbox 359 1288 414 1316; x_wconf 87' lang='lat' dir='ltr'><strong>huc</strong></span> <span class='ocrx_word' id='word_1_287' title='bbox 429 1295 517 1323; x_wconf 85' lang='lat' dir='ltr'><strong>usque</strong></span> <span class='ocrx_word' id='word_1_288' title='bbox 528 1287 659 1321; x_wconf 84' lang='lat' dir='ltr'><strong>detinent,</strong></span> <span class='ocrx_word' id='word_1_289' title='bbox 686 1292 716 1315; x_wconf 90' lang='lat' dir='ltr'><strong>ut</strong></span> <span class='ocrx_word' id='word_1_290' title='bbox 727 1295 756 1315; x_wconf 88' lang='lat' dir='ltr'><strong>se</strong></span> <span class='ocrx_word' id='word_1_291' title='bbox 781 1287 864 1315; x_wconf 85' lang='lat' dir='ltr'><strong>habet</strong></span> <span class='ocrx_word' id='word_1_292' title='bbox 875 1294 993 1315; x_wconf 84' lang='lat' dir='ltr'><strong>consue-</strong></span> 
     </span>
    </p>
   </div>
   <div class='ocr_carea' id='block_1_43' title="bbox 202 1332 989 1368">
    <p class='ocr_par' dir='ltr' id='par_1_43' title="bbox 202 1332 989 1368">
     <span class='ocr_line' id='line_1_43' title="bbox 202 1332 989 1368; baseline -0.004 -5"><span class='ocrx_word' id='word_1_293' title='bbox 202 1336 279 1368; x_wconf 86' lang='lat' dir='ltr'><strong>tudo,</strong></span> <span class='ocrx_word' id='word_1_294' title='bbox 302 1334 350 1362; x_wconf 82' lang='lat' dir='ltr'><strong>ﬁat</strong></span> <span class='ocrx_word' id='word_1_295' title='bbox 366 1345 374 1368; x_wconf 85' lang='grc'>;</span> <span class='ocrx_word' id='word_1_296' title='bbox 397 1334 434 1361; x_wconf 84' lang='lat' dir='ltr'><strong>ita</strong></span> <span class='ocrx_word' id='word_1_297' title='bbox 451 1337 540 1361; x_wconf 83' lang='lat' dir='ltr'><strong>tamen</strong></span> <span class='ocrx_word' id='word_1_298' title='bbox 559 1337 589 1361; x_wconf 94' lang='lat' dir='ltr'><strong>ut</strong></span> <span class='ocrx_word' id='word_1_299' title='bbox 617 1333 662 1360; x_wconf 84' lang='lat' dir='ltr'><strong>alii</strong></span> <span class='ocrx_word' id='word_1_300' title='bbox 679 1333 891 1366; x_wconf 87' lang='lat' dir='ltr'><strong>constituantur,</strong></span> <span class='ocrx_word' id='word_1_301' title='bbox 903 1333 950 1368; x_wconf 89' lang='lat' dir='ltr'><strong>qui</strong></span> <span class='ocrx_word' id='word_1_302' title='bbox 962 1332 989 1360; x_wconf 68' lang='lat' dir='ltr'><strong>ir</strong></span> 
     </span>
    </p>
   </div>
   <div class='ocr_carea' id='block_1_44' title="bbox 200 1377 994 1414">
    <p class='ocr_par' dir='ltr' id='par_1_44' title="bbox 200 1377 994 1414">
     <span class='ocr_line' id='line_1_44' title="bbox 200 1377 994 1414; baseline -0.005 -4"><span class='ocrx_word' id='word_1_303' title='bbox 200 1380 367 1411; x_wconf 83' lang='lat' dir='ltr'><strong>orthodoxia</strong></span> <span class='ocrx_word' id='word_1_304' title='bbox 391 1379 581 1412; x_wconf 82' lang='lat' dir='ltr'><strong>testiﬁcentur,</strong></span> <span class='ocrx_word' id='word_1_305' title='bbox 612 1383 640 1407; x_wconf 90' lang='lat' dir='ltr'><strong>et</strong></span> <span class='ocrx_word' id='word_1_306' title='bbox 665 1379 703 1406; x_wconf 91' lang='lat' dir='ltr'><strong>illi</strong></span> <span class='ocrx_word' id='word_1_307' title='bbox 732 1383 920 1414; x_wconf 84' lang='lat' dir='ltr'><strong>permaneant.</strong></span> <span class='ocrx_word' id='word_1_308' title='bbox 945 1377 994 1406; x_wconf 82' lang='lat' dir='ltr'><strong>His</strong></span> 
     </span>
    </p>
   </div>
   <div class='ocr_carea' id='block_1_45' title="bbox 201 1426 993 1464">
    <p class='ocr_par' dir='ltr' id='par_1_45' title="bbox 201 1426 993 1464">
     <span class='ocr_line' id='line_1_45' title="bbox 201 1426 993 1464; baseline -0.003 -8"><span class='ocrx_word' id='word_1_309' title='bbox 201 1436 311 1464; x_wconf 84' lang='lat' dir='ltr'><strong>quoque</strong></span> <span class='ocrx_word' id='word_1_310' title='bbox 332 1428 369 1455; x_wconf 87' lang='lat' dir='ltr'><strong>ita</strong></span> <span class='ocrx_word' id='word_1_311' title='bbox 386 1426 562 1462; x_wconf 85' lang='lat' dir='ltr'><strong>dispensatis,</strong></span> <span class='ocrx_word' id='word_1_312' title='bbox 588 1430 618 1454; x_wconf 88' lang='lat' dir='ltr'><strong>ut</strong></span> <span class='ocrx_word' id='word_1_313' title='bbox 638 1426 700 1454; x_wconf 86' lang='lat' dir='ltr'><strong>aliis</strong></span> <span class='ocrx_word' id='word_1_314' title='bbox 713 1426 827 1454; x_wconf 86' lang='lat' dir='ltr'><strong>urbibus</strong></span> <span class='ocrx_word' id='word_1_315' title='bbox 846 1427 993 1455; x_wconf 75' lang='lat' dir='ltr'><strong>orthodoxi</strong></span> 
     </span>
    </p>
   </div>
   <div class='ocr_carea' id='block_1_46' title="bbox 203 1471 990 1508">
    <p class='ocr_par' dir='ltr' id='par_1_46' title="bbox 203 1471 990 1508">
     <span class='ocr_line' id='line_1_46' title="bbox 203 1471 990 1508; baseline -0.003 -6"><span class='ocrx_word' id='word_1_316' title='bbox 203 1476 230 1503; x_wconf 93' lang='lat' dir='ltr'><strong>in</strong></span> <span class='ocrx_word' id='word_1_317' title='bbox 256 1473 397 1502; x_wconf 86' lang='lat' dir='ltr'><strong>Thebaide</strong></span> <span class='ocrx_word' id='word_1_318' title='bbox 421 1472 542 1507; x_wconf 86' lang='lat' dir='ltr'><strong>episcopi</strong></span> <span class='ocrx_word' id='word_1_319' title='bbox 564 1471 697 1505; x_wconf 78' lang='lat' dir='ltr'><strong>fecerunt,</strong></span> <span class='ocrx_word' id='word_1_320' title='bbox 723 1472 771 1508; x_wconf 88' lang='lat' dir='ltr'><strong>qui</strong></span> <span class='ocrx_word' id='word_1_321' title='bbox 800 1473 834 1500; x_wconf 87' lang='lat' dir='ltr'><strong>ab</strong></span> <span class='ocrx_word' id='word_1_322' title='bbox 860 1473 990 1508; x_wconf 89' lang='lat' dir='ltr'><strong>episcopo</strong></span> 
     </span>
    </p>
   </div>
   <div class='ocr_carea' id='block_1_47' title="bbox 203 1518 993 1555">
    <p class='ocr_par' dir='ltr' id='par_1_47' title="bbox 203 1518 993 1555">
     <span class='ocr_line' id='line_1_47' title="bbox 203 1518 993 1555; baseline 0 -8"><span class='ocrx_word' id='word_1_323' title='bbox 203 1520 328 1555; x_wconf 78' lang='lat' dir='ltr'><strong>Apolline</strong></span> <span class='ocrx_word' id='word_1_324' title='bbox 357 1518 510 1550; x_wconf 87' lang='lat' dir='ltr'><strong>constituti,</strong></span> <span class='ocrx_word' id='word_1_325' title='bbox 541 1522 569 1545; x_wconf 86' lang='lat' dir='ltr'><strong>et</strong></span> <span class='ocrx_word' id='word_1_326' title='bbox 587 1518 634 1553; x_wconf 89' lang='lat' dir='ltr'><strong>qui</strong></span> <span class='ocrx_word' id='word_1_327' title='bbox 653 1525 716 1546; x_wconf 91' lang='lat' dir='ltr'><strong>cum</strong></span> <span class='ocrx_word' id='word_1_328' title='bbox 732 1518 843 1547; x_wconf 86' lang='lat' dir='ltr'><strong>Arianis</strong></span> <span class='ocrx_word' id='word_1_329' title='bbox 854 1518 993 1547; x_wconf 84' lang='lat' dir='ltr'><strong>Ecclesias</strong></span> 
     </span>
    </p>
   </div>
   <div class='ocr_carea' id='block_1_48' title="bbox 203 1563 995 1600">
    <p class='ocr_par' dir='ltr' id='par_1_48' title="bbox 203 1563 995 1600">
     <span class='ocr_line' id='line_1_48' title="bbox 203 1563 995 1600; baseline -0.003 -6"><span class='ocrx_word' id='word_1_330' title='bbox 203 1566 369 1594; x_wconf 86' lang='lat' dir='ltr'><strong>habentibus</strong></span> <span class='ocrx_word' id='word_1_331' title='bbox 397 1563 643 1598; x_wconf 85' lang='lat' dir='ltr'><strong>communicantes,</strong></span> <span class='ocrx_word' id='word_1_332' title='bbox 667 1565 835 1600; x_wconf 85' lang='lat' dir='ltr'><strong>puniantur;</strong></span> <span class='ocrx_word' id='word_1_333' title='bbox 850 1564 874 1592; x_wconf 88' lang='lat' dir='ltr'><strong>si</strong></span> <span class='ocrx_word' id='word_1_334' title='bbox 888 1565 995 1598; x_wconf 85' lang='lat' dir='ltr'><strong>quidem</strong></span> 
     </span>
    </p>
   </div>
   <div class='ocr_carea' id='block_1_49' title="bbox 203 1608 994 1646">
    <p class='ocr_par' dir='ltr' id='par_1_49' title="bbox 203 1608 994 1646">
     <span class='ocr_line' id='line_1_49' title="bbox 203 1608 994 1646; baseline -0.004 -7"><span class='ocrx_word' id='word_1_335' title='bbox 203 1612 326 1646; x_wconf 87' lang='lat' dir='ltr'><strong>ipsorum</strong></span> <span class='ocrx_word' id='word_1_336' title='bbox 352 1609 493 1637; x_wconf 83' lang='lat' dir='ltr'><strong>voluntate</strong></span> <span class='ocrx_word' id='word_1_337' title='bbox 523 1610 575 1636; x_wconf 87' lang='lat' dir='ltr'><strong>hoc</strong></span> <span class='ocrx_word' id='word_1_338' title='bbox 598 1608 746 1643; x_wconf 81' lang='lat' dir='ltr'><strong>fecerunt;</strong></span> <span class='ocrx_word' id='word_1_339' title='bbox 765 1609 808 1636; x_wconf 86' lang='lat' dir='ltr'><strong>sin</strong></span> <span class='ocrx_word' id='word_1_340' title='bbox 824 1613 915 1636; x_wconf 85' lang='lat' dir='ltr'><strong>autem</strong></span> <span class='ocrx_word' id='word_1_341' title='bbox 930 1615 994 1644; x_wconf 86' lang='lat' dir='ltr'><strong>pro-</strong></span> 
     </span>
    </p>
   </div>
   <div class='ocr_carea' id='block_1_50' title="bbox 1276 969 1609 998">
    <p class='ocr_par' dir='ltr' id='par_1_50' title="bbox 1276 969 1609 998">
     <span class='ocr_line' id='line_1_50' title="bbox 1276 969 1609 998; baseline -0.003 0"><span class='ocrx_word' id='word_1_342' title='bbox 1276 972 1441 998; x_wconf 79' lang='grc' dir='ltr'>Βασιλεὶον</span> <span class='ocrx_word' id='word_1_343' title='bbox 1459 970 1561 998; x_wconf 74' lang='grc' dir='ltr'>κανὼν</span> <span class='ocrx_word' id='word_1_344' title='bbox 1574 969 1609 997; x_wconf 90' lang='grc' dir='ltr'>α’.</span> 
     </span>
    </p>
   </div>
   <div class='ocr_carea' id='block_1_51' title="bbox 1082 1013 1837 1053">
    <p class='ocr_par' dir='ltr' id='par_1_51' title="bbox 1082 1013 1837 1053">
     <span class='ocr_line' id='line_1_51' title="bbox 1082 1013 1837 1053; baseline 0.003 -11"><span class='ocrx_word' id='word_1_345' title='bbox 1082 1014 1118 1044; x_wconf 87' lang='grc' dir='ltr'>α’.</span> <span class='ocrx_word' id='word_1_346' title='bbox 1133 1015 1169 1043; x_wconf 84' lang='grc' dir='ltr'>Τδ</span> <span class='ocrx_word' id='word_1_347' title='bbox 1177 1015 1226 1052; x_wconf 77' lang='grc' dir='ltr'>μὲν</span> <span class='ocrx_word' id='word_1_348' title='bbox 1233 1013 1279 1044; x_wconf 81' lang='grc' dir='ltr'>οὖν</span> <span class='ocrx_word' id='word_1_349' title='bbox 1291 1017 1354 1053; x_wconf 72' lang='lat' dir='ltr'><strong>napi.</strong></span> <span class='ocrx_word' id='word_1_350' title='bbox 1366 1017 1428 1049; x_wconf 81' lang='grc' dir='ltr'>τοὺς</span> <span class='ocrx_word' id='word_1_351' title='bbox 1442 1016 1588 1052; x_wconf 76' lang='grc' dir='ltr'>Καθαροὺς</span> <span class='ocrx_word' id='word_1_352' title='bbox 1603 1015 1724 1052; x_wconf 78' lang='grc' dir='ltr'>ζήτημα,</span> <span class='ocrx_word' id='word_1_353' title='bbox 1735 1024 1762 1044; x_wconf 89' lang='grc' dir='ltr'><strong>κ.</strong></span> <span class='ocrx_word' id='word_1_354' title='bbox 1773 1024 1799 1044; x_wconf 85' lang='grc' dir='ltr'>τ.</span> <span class='ocrx_word' id='word_1_355' title='bbox 1810 1016 1837 1045; x_wconf 89' lang='grc' dir='ltr'>λ.</span> 
     </span>
    </p>
   </div>
   <div class='ocr_carea' id='block_1_52' title="bbox 1084 1109 1538 1145">
    <p class='ocr_par' dir='ltr' id='par_1_52' title="bbox 1084 1109 1538 1145">
     <span class='ocr_line' id='line_1_52' title="bbox 1084 1109 1538 1145; baseline 0.004 -9"><span class='ocrx_word' id='word_1_356' title='bbox 1084 1109 1116 1137; x_wconf 82' lang='grc' dir='ltr'><strong>οἱ</strong></span> <span class='ocrx_word' id='word_1_357' title='bbox 1129 1109 1220 1137; x_wconf 85' lang='grc' dir='ltr'>τοίνυν</span> <span class='ocrx_word' id='word_1_358' title='bbox 1233 1110 1415 1145; x_wconf 74' lang='grc' dir='ltr'>Πεπουζηνοὶ,</span> <span class='ocrx_word' id='word_1_359' title='bbox 1431 1119 1458 1138; x_wconf 92' lang='grc' dir='ltr'><strong>κ.</strong></span> <span class='ocrx_word' id='word_1_360' title='bbox 1471 1119 1498 1138; x_wconf 86' lang='grc' dir='ltr'>τ.</span> <span class='ocrx_word' id='word_1_361' title='bbox 1513 1110 1538 1138; x_wconf 89' lang='grc' dir='ltr'>λ.</span> 
     </span>
    </p>
   </div>
   <div class='ocr_carea' id='block_1_53' title="bbox 1080 1155 1434 1192">
    <p class='ocr_par' dir='ltr' id='par_1_53' title="bbox 1080 1155 1434 1192">
     <span class='ocr_line' id='line_1_53' title="bbox 1080 1155 1434 1192; baseline 0.006 -10"><span class='ocrx_word' id='word_1_362' title='bbox 1080 1155 1114 1182; x_wconf 83' lang='grc' dir='ltr'><strong>Οί</strong></span> <span class='ocrx_word' id='word_1_363' title='bbox 1129 1156 1157 1183; x_wconf 85' lang='grc' dir='ltr'>δὲ</span> <span class='ocrx_word' id='word_1_364' title='bbox 1173 1157 1308 1192; x_wconf 66' lang='grc' dir='ltr'>Καθαροί,</span> <span class='ocrx_word' id='word_1_365' title='bbox 1321 1165 1349 1183; x_wconf 88' lang='grc' dir='ltr'><strong>κ.</strong></span> <span class='ocrx_word' id='word_1_366' title='bbox 1364 1165 1390 1184; x_wconf 87' lang='grc' dir='ltr'>τ.</span> <span class='ocrx_word' id='word_1_367' title='bbox 1408 1156 1434 1184; x_wconf 90' lang='grc' dir='ltr'>λ.</span> 
     </span>
    </p>
   </div>
   <div class='ocr_carea' id='block_1_54' title="bbox 1117 1202 1770 1238">
    <p class='ocr_par' dir='ltr' id='par_1_54' title="bbox 1117 1202 1770 1238">
     <span class='ocr_line' id='line_1_54' title="bbox 1117 1202 1770 1238; baseline 0.002 -9"><span class='ocrx_word' id='word_1_368' title='bbox 1117 1203 1266 1237; x_wconf 73' lang='grc' dir='ltr'>Θεοφίλου</span> <span class='ocrx_word' id='word_1_369' title='bbox 1282 1203 1316 1230; x_wconf 77' lang='grc' dir='ltr'>ἐκ</span> <span class='ocrx_word' id='word_1_370' title='bbox 1330 1202 1385 1230; x_wconf 84' lang='grc' dir='ltr'>τοῦ</span> <span class='ocrx_word' id='word_1_371' title='bbox 1404 1202 1634 1238; x_wconf 80' lang='grc' dir='ltr'>ύπομνηστικοῦ</span> <span class='ocrx_word' id='word_1_372' title='bbox 1654 1211 1722 1238; x_wconf 65' lang='lat' dir='ltr'><strong>nega.</strong></span> <span class='ocrx_word' id='word_1_373' title='bbox 1734 1202 1770 1230; x_wconf 91' lang='grc' dir='ltr'><strong>α’.</strong></span> 
     </span>
    </p>
   </div>
   <div class='ocr_carea' id='block_1_55' title="bbox 1081 1245 1841 1284">
    <p class='ocr_par' dir='ltr' id='par_1_55' title="bbox 1081 1245 1841 1284">
     <span class='ocr_line' id='line_1_55' title="bbox 1081 1245 1841 1284; baseline 0.001 -10"><span class='ocrx_word' id='word_1_374' title='bbox 1081 1250 1116 1275; x_wconf 90' lang='grc' dir='ltr'>α’.</span> <span class='ocrx_word' id='word_1_375' title='bbox 1131 1248 1200 1284; x_wconf 75' lang='grc' dir='ltr'>Περὶ</span> <span class='ocrx_word' id='word_1_376' title='bbox 1231 1248 1285 1276; x_wconf 83' lang='grc' dir='ltr'><strong>τῶν</strong></span> <span class='ocrx_word' id='word_1_377' title='bbox 1302 1248 1525 1284; x_wconf 82' lang='grc' dir='ltr'>κοινωνησάντων</span> <span class='ocrx_word' id='word_1_378' title='bbox 1535 1249 1592 1280; x_wconf 82' lang='grc' dir='ltr'>τοῖς</span> <span class='ocrx_word' id='word_1_379' title='bbox 1610 1245 1769 1284; x_wconf 79' lang='grc' dir='ltr'>Ἀρειανοϊς,</span> <span class='ocrx_word' id='word_1_380' title='bbox 1793 1248 1841 1276; x_wconf 70' lang='grc' dir='ltr'>καὶ</span> 
     </span>
    </p>
   </div>
   <div class='ocr_carea' id='block_1_56' title="bbox 1047 1293 1830 1330">
    <p class='ocr_par' dir='ltr' id='par_1_56' title="bbox 1047 1293 1830 1330">
     <span class='ocr_line' id='line_1_56' title="bbox 1047 1293 1830 1330; baseline 0.001 -10"><span class='ocrx_word' id='word_1_381' title='bbox 1047 1293 1129 1329; x_wconf 84' lang='grc' dir='ltr'>μέχρι</span> <span class='ocrx_word' id='word_1_382' title='bbox 1143 1293 1192 1320; x_wconf 87' lang='grc' dir='ltr'>τοῦ</span> <span class='ocrx_word' id='word_1_383' title='bbox 1215 1293 1263 1321; x_wconf 87' lang='grc' dir='ltr'>νῦν</span> <span class='ocrx_word' id='word_1_384' title='bbox 1283 1294 1333 1326; x_wconf 79' lang='grc' dir='ltr'><strong>τὰς</strong></span> <span class='ocrx_word' id='word_1_385' title='bbox 1350 1293 1515 1330; x_wconf 85' lang='grc' dir='ltr'>Ἐκκλησίας</span> <span class='ocrx_word' id='word_1_386' title='bbox 1535 1294 1715 1329; x_wconf 81' lang='grc' dir='ltr'>κατεχόντων,</span> <span class='ocrx_word' id='word_1_387' title='bbox 1734 1295 1772 1327; x_wconf 80' lang='grc' dir='ltr'>ὡς</span> <span class='ocrx_word' id='word_1_388' title='bbox 1785 1294 1830 1322; x_wconf 78' lang='grc' dir='ltr'><strong>ἐθε</strong></span> 
     </span>
    </p>
   </div>
   <div class='ocr_carea' id='block_1_57' title="bbox 1043 1334 1842 1377">
    <p class='ocr_par' dir='ltr' id='par_1_57' title="bbox 1043 1334 1842 1377">
     <span class='ocr_line' id='line_1_57' title="bbox 1043 1334 1842 1377; baseline 0.003 -11"><span class='ocrx_word' id='word_1_389' title='bbox 1043 1340 1075 1367; x_wconf 79' lang='grc' dir='ltr'>τὸ</span> <span class='ocrx_word' id='word_1_390' title='bbox 1089 1339 1148 1372; x_wconf 73' lang='grc' dir='ltr'>ἔθος</span> <span class='ocrx_word' id='word_1_391' title='bbox 1162 1340 1280 1375; x_wconf 72' lang='grc' dir='ltr'>γινέσθω</span> <span class='ocrx_word' id='word_1_392' title='bbox 1291 1347 1298 1355; x_wconf 89' lang='grc'>·</span> <span class='ocrx_word' id='word_1_393' title='bbox 1313 1338 1385 1367; x_wconf 77' lang='grc' dir='ltr'>οὕτω</span> <span class='ocrx_word' id='word_1_394' title='bbox 1396 1340 1499 1376; x_wconf 78' lang='grc' dir='ltr'>μέντοι,</span> <span class='ocrx_word' id='word_1_395' title='bbox 1524 1340 1595 1368; x_wconf 82' lang='grc' dir='ltr'>ὥστε</span> <span class='ocrx_word' id='word_1_396' title='bbox 1616 1340 1728 1377; x_wconf 67' lang='grc' dir='ltr'>ἐτέρους</span> <span class='ocrx_word' id='word_1_397' title='bbox 1743 1334 1842 1368; x_wconf 51' lang='grc' dir='ltr'>κατα)</span> 
     </span>
    </p>
   </div>
   <div class='ocr_carea' id='block_1_58' title="bbox 1044 1386 1841 1423">
    <p class='ocr_par' dir='ltr' id='par_1_58' title="bbox 1044 1386 1841 1423">
     <span class='ocr_line' id='line_1_58' title="bbox 1044 1386 1841 1423; baseline 0.001 -10"><span class='ocrx_word' id='word_1_398' title='bbox 1044 1386 1140 1422; x_wconf 86' lang='grc' dir='ltr'>στῆναι</span> <span class='ocrx_word' id='word_1_399' title='bbox 1166 1387 1407 1422; x_wconf 78' lang='grc' dir='ltr'>μαρτυρουμένους</span> <span class='ocrx_word' id='word_1_400' title='bbox 1418 1387 1448 1413; x_wconf 75' lang='grc' dir='ltr'>ἐν</span> <span class='ocrx_word' id='word_1_401' title='bbox 1463 1386 1604 1423; x_wconf 76' lang='grc' dir='ltr'>ὀρθοδοξίᾳ</span> <span class='ocrx_word' id='word_1_402' title='bbox 1615 1386 1762 1419; x_wconf 83' lang='grc' dir='ltr'>κάκείνους</span> <span class='ocrx_word' id='word_1_403' title='bbox 1777 1386 1841 1414; x_wconf 81' lang='grc' dir='ltr'>ἁλί-</span> 
     </span>
    </p>
   </div>
   <div class='ocr_carea' id='block_1_59' title="bbox 1047 1431 1842 1468">
    <p class='ocr_par' dir='ltr' id='par_1_59' title="bbox 1047 1431 1842 1468">
     <span class='ocr_line' id='line_1_59' title="bbox 1047 1431 1842 1468; baseline -0.001 -9"><span class='ocrx_word' id='word_1_404' title='bbox 1047 1432 1143 1465; x_wconf 79' lang='grc' dir='ltr'>ζεσθαι</span> <span class='ocrx_word' id='word_1_405' title='bbox 1157 1441 1164 1447; x_wconf 91' lang='grc'><strong>·</strong></span> <span class='ocrx_word' id='word_1_406' title='bbox 1183 1431 1271 1464; x_wconf 75' lang='grc' dir='ltr'>οὕτως</span> <span class='ocrx_word' id='word_1_407' title='bbox 1297 1432 1534 1468; x_wconf 76' lang='grc' dir='ltr'>οἰκονομουμένων</span> <span class='ocrx_word' id='word_1_408' title='bbox 1550 1432 1599 1460; x_wconf 78' lang='grc' dir='ltr'>καὶ</span> <span class='ocrx_word' id='word_1_409' title='bbox 1611 1431 1728 1465; x_wconf 86' lang='grc' dir='ltr'>τούτων,</span> <span class='ocrx_word' id='word_1_410' title='bbox 1745 1431 1842 1468; x_wconf 83' lang='grc' dir='ltr'>ὥσπερ</span> 
     </span>
    </p>
   </div>
   <div class='ocr_carea' id='block_1_60' title="bbox 1046 1478 1842 1515">
    <p class='ocr_par' dir='ltr' id='par_1_60' title="bbox 1046 1478 1842 1515">
     <span class='ocr_line' id='line_1_60' title="bbox 1046 1478 1842 1515; baseline 0 -10"><span class='ocrx_word' id='word_1_411' title='bbox 1046 1479 1094 1505; x_wconf 78' lang='grc' dir='ltr'>καὶ</span> <span class='ocrx_word' id='word_1_412' title='bbox 1106 1479 1135 1505; x_wconf 82' lang='grc' dir='ltr'>ὲν</span> <span class='ocrx_word' id='word_1_413' title='bbox 1151 1480 1213 1511; x_wconf 82' lang='grc' dir='ltr'>ταῖς</span> <span class='ocrx_word' id='word_1_414' title='bbox 1228 1478 1323 1511; x_wconf 79' lang='grc' dir='ltr'>ἄλλαις</span> <span class='ocrx_word' id='word_1_415' title='bbox 1335 1478 1431 1505; x_wconf 88' lang='grc' dir='ltr'>πόλεσι</span> <span class='ocrx_word' id='word_1_416' title='bbox 1444 1479 1630 1515; x_wconf 80' lang='grc' dir='ltr'>πεποιήκασιν</span> <span class='ocrx_word' id='word_1_417' title='bbox 1643 1479 1667 1505; x_wconf 79' lang='grc' dir='ltr'>οἱ</span> <span class='ocrx_word' id='word_1_418' title='bbox 1679 1479 1708 1505; x_wconf 80' lang='grc' dir='ltr'>ὲν</span> <span class='ocrx_word' id='word_1_419' title='bbox 1725 1478 1842 1514; x_wconf 70' lang='grc' dir='ltr'>Θηϐαΐδι</span> 
     </span>
    </p>
   </div>
   <div class='ocr_carea' id='block_1_61' title="bbox 1047 1523 1844 1559">
    <p class='ocr_par' dir='ltr' id='par_1_61' title="bbox 1047 1523 1844 1559">
     <span class='ocr_line' id='line_1_61' title="bbox 1047 1523 1844 1559; baseline 0 -9"><span class='ocrx_word' id='word_1_420' title='bbox 1047 1523 1184 1558; x_wconf 79' lang='grc' dir='ltr'>ὀρθόδοξοι</span> <span class='ocrx_word' id='word_1_421' title='bbox 1201 1523 1359 1555; x_wconf 68' lang='grc' dir='ltr'>ἐπίσκοποι,</span> <span class='ocrx_word' id='word_1_422' title='bbox 1375 1524 1401 1550; x_wconf 90' lang='grc' dir='ltr'><strong>οί</strong></span> <span class='ocrx_word' id='word_1_423' title='bbox 1412 1524 1595 1555; x_wconf 73' lang='grc' dir='ltr'>καταστάντες</span> <span class='ocrx_word' id='word_1_424' title='bbox 1608 1523 1685 1559; x_wconf 77' lang='grc' dir='ltr'>παρὰ</span> <span class='ocrx_word' id='word_1_425' title='bbox 1705 1523 1844 1550; x_wconf 80' lang='grc' dir='ltr'>Ἀπόλλω-</span> 
     </span>
    </p>
   </div>
   <div class='ocr_carea' id='block_1_62' title="bbox 1048 1569 1844 1605">
    <p class='ocr_par' dir='ltr' id='par_1_62' title="bbox 1048 1569 1844 1605">
     <span class='ocr_line' id='line_1_62' title="bbox 1048 1569 1844 1605; baseline -0.001 -8"><span class='ocrx_word' id='word_1_426' title='bbox 1048 1577 1093 1601; x_wconf 88' lang='grc' dir='ltr'><strong>νος</strong></span> <span class='ocrx_word' id='word_1_427' title='bbox 1103 1569 1150 1596; x_wconf 82' lang='grc' dir='ltr'><strong>τοῦ</strong></span> <span class='ocrx_word' id='word_1_428' title='bbox 1162 1569 1325 1603; x_wconf 76' lang='grc' dir='ltr'>ἐπισκόπου,</span> <span class='ocrx_word' id='word_1_429' title='bbox 1339 1570 1385 1597; x_wconf 76' lang='grc' dir='ltr'>καὶ</span> <span class='ocrx_word' id='word_1_430' title='bbox 1397 1570 1610 1605; x_wconf 84' lang='grc' dir='ltr'>κοινωνήσαντες</span> <span class='ocrx_word' id='word_1_431' title='bbox 1621 1570 1676 1602; x_wconf 79' lang='grc' dir='ltr'>τοῖς</span> <span class='ocrx_word' id='word_1_432' title='bbox 1688 1569 1779 1605; x_wconf 79' lang='grc' dir='ltr'>ἔχουσι</span> <span class='ocrx_word' id='word_1_433' title='bbox 1793 1570 1844 1601; x_wconf 79' lang='grc' dir='ltr'><strong>τὰς</strong></span> 
     </span>
    </p>
   </div>
   <div class='ocr_carea' id='block_1_63' title="bbox 1052 1614 1845 1652">
    <p class='ocr_par' dir='ltr' id='par_1_63' title="bbox 1052 1614 1845 1652">
     <span class='ocr_line' id='line_1_63' title="bbox 1052 1614 1845 1652; baseline 0 -10"><span class='ocrx_word' id='word_1_434' title='bbox 1052 1614 1217 1650; x_wconf 78' lang='grc' dir='ltr'>Ἐκκλησίας</span> <span class='ocrx_word' id='word_1_435' title='bbox 1238 1615 1386 1652; x_wconf 81' lang='grc' dir='ltr'>Ἀρειανοτς</span> <span class='ocrx_word' id='word_1_436' title='bbox 1402 1615 1640 1651; x_wconf 73' lang='grc' dir='ltr'>ἐπιτιμᾶσθωσαν</span> <span class='ocrx_word' id='word_1_437' title='bbox 1657 1615 1685 1642; x_wconf 84' lang='grc' dir='ltr'><strong>εί</strong></span> <span class='ocrx_word' id='word_1_438' title='bbox 1698 1624 1730 1650; x_wconf 76' lang='grc' dir='ltr'>γε</span> <span class='ocrx_word' id='word_1_439' title='bbox 1744 1615 1845 1651; x_wconf 85' lang='grc' dir='ltr'>γνώμῃ</span> 
     </span>
    </p>
   </div>
   <div class='ocr_carea' id='block_1_64' title="bbox 203 1654 994 1697">
    <p class='ocr_par' dir='ltr' id='par_1_64' title="bbox 203 1654 994 1694">
     <span class='ocr_line' id='line_1_64' title="bbox 203 1654 994 1694; baseline -0.003 -9"><span class='ocrx_word' id='word_1_440' title='bbox 203 1658 263 1694; x_wconf 90' lang='lat' dir='ltr'><strong>prio</strong></span> <span class='ocrx_word' id='word_1_441' title='bbox 280 1657 411 1692; x_wconf 89' lang='lat' dir='ltr'><strong>episcopo</strong></span> <span class='ocrx_word' id='word_1_442' title='bbox 440 1654 614 1688; x_wconf 89' lang='lat' dir='ltr'><strong>obedierunt,</strong></span> <span class='ocrx_word' id='word_1_443' title='bbox 634 1659 822 1689; x_wconf 86' lang='lat' dir='ltr'><strong>permaneant,</strong></span> <span class='ocrx_word' id='word_1_444' title='bbox 849 1655 901 1683; x_wconf 86' lang='lat' dir='ltr'><strong>etsi</strong></span> <span class='ocrx_word' id='word_1_445' title='bbox 924 1655 994 1690; x_wconf 82' lang='lat' dir='ltr'><strong>quod</strong></span> 
     </span>
    </p>
   </div>
   <div class='ocr_carea' id='block_1_65' title="bbox 1055 1654 1846 1697">
    <p class='ocr_par' dir='ltr' id='par_1_65' title="bbox 1055 1661 1846 1697">
     <span class='ocr_line' id='line_1_65' title="bbox 1055 1661 1846 1697; baseline 0.001 -10"><span class='ocrx_word' id='word_1_446' title='bbox 1055 1661 1140 1688; x_wconf 77' lang='grc' dir='ltr'>ιὺτῶν</span> <span class='ocrx_word' id='word_1_447' title='bbox 1164 1662 1333 1697; x_wconf 84' lang='grc' dir='ltr'>πεποιήκασι</span> <span class='ocrx_word' id='word_1_448' title='bbox 1355 1661 1450 1688; x_wconf 84' lang='grc' dir='ltr'>τοῦτο·</span> <span class='ocrx_word' id='word_1_449' title='bbox 1479 1662 1505 1688; x_wconf 85' lang='grc' dir='ltr'><strong>εί</strong></span> <span class='ocrx_word' id='word_1_450' title='bbox 1526 1661 1555 1688; x_wconf 74' lang='grc' dir='ltr'>δὲ</span> <span class='ocrx_word' id='word_1_451' title='bbox 1579 1662 1696 1697; x_wconf 77' lang='grc' dir='ltr'>ὑπήκοοι</span> <span class='ocrx_word' id='word_1_452' title='bbox 1715 1662 1846 1696; x_wconf 83' lang='grc' dir='ltr'>γεγόνασι</span> 
     </span>
    </p>
   </div>
   <div class='ocr_carea' id='block_1_66' title="bbox 203 1699 995 1738">
    <p class='ocr_par' dir='ltr' id='par_1_66' title="bbox 203 1699 995 1738">
     <span class='ocr_line' id='line_1_66' title="bbox 203 1699 995 1738; baseline -0.003 -7"><span class='ocrx_word' id='word_1_453' title='bbox 203 1705 309 1738; x_wconf 83' lang='lat' dir='ltr'><strong>justum</strong></span> <span class='ocrx_word' id='word_1_454' title='bbox 335 1707 378 1730; x_wconf 89' lang='lat' dir='ltr'><strong>est</strong></span> <span class='ocrx_word' id='word_1_455' title='bbox 404 1709 459 1728; x_wconf 94' lang='lat' dir='ltr'><strong>nou</strong></span> <span class='ocrx_word' id='word_1_456' title='bbox 478 1700 616 1727; x_wconf 88' lang='lat' dir='ltr'><strong>noverint.</strong></span> <span class='ocrx_word' id='word_1_457' title='bbox 650 1699 685 1728; x_wconf 84' lang='lat' dir='ltr'><strong>Et</strong></span> <span class='ocrx_word' id='word_1_458' title='bbox 710 1700 734 1728; x_wconf 86' lang='lat' dir='ltr'><strong>si</strong></span> <span class='ocrx_word' id='word_1_459' title='bbox 757 1707 854 1728; x_wconf 88' lang='lat' dir='ltr'><strong>omnes</strong></span> <span class='ocrx_word' id='word_1_460' title='bbox 884 1701 995 1735; x_wconf 82' lang='lat' dir='ltr'><strong>quidem</strong></span> 
     </span>
    </p>
   </div>
   <div class='ocr_carea' id='block_1_67' title="bbox 205 1745 995 1785">
    <p class='ocr_par' dir='ltr' id='par_1_67' title="bbox 205 1745 995 1785">
     <span class='ocr_line' id='line_1_67' title="bbox 205 1745 995 1785; baseline -0.004 -8"><span class='ocrx_word' id='word_1_461' title='bbox 205 1748 298 1785; x_wconf 81' lang='lat' dir='ltr'><strong>populi</strong></span> <span class='ocrx_word' id='word_1_462' title='bbox 316 1755 365 1775; x_wconf 85' lang='lat' dir='ltr'><strong>eos</strong></span> <span class='ocrx_word' id='word_1_463' title='bbox 393 1753 456 1774; x_wconf 92' lang='lat' dir='ltr'><strong>cum</strong></span> <span class='ocrx_word' id='word_1_464' title='bbox 486 1745 548 1773; x_wconf 89' lang='lat' dir='ltr'><strong>aliis</strong></span> <span class='ocrx_word' id='word_1_465' title='bbox 577 1745 713 1780; x_wconf 80' lang='lat' dir='ltr'><strong>rejiciant,</strong></span> <span class='ocrx_word' id='word_1_466' title='bbox 740 1746 786 1773; x_wconf 89' lang='lat' dir='ltr'><strong>alii</strong></span> <span class='ocrx_word' id='word_1_467' title='bbox 811 1746 995 1780; x_wconf 89' lang='lat' dir='ltr'><strong>ordinentur;</strong></span> 
     </span>
    </p>
   </div>
   <div class='ocr_carea' id='block_1_68' title="bbox 205 1792 997 1827">
    <p class='ocr_par' dir='ltr' id='par_1_68' title="bbox 205 1792 997 1827">
     <span class='ocr_line' id='line_1_68' title="bbox 205 1792 997 1827; baseline -0.006 -3"><span class='ocrx_word' id='word_1_468' title='bbox 205 1798 248 1825; x_wconf 76' lang='lat' dir='ltr'><strong>sin</strong></span> <span class='ocrx_word' id='word_1_469' title='bbox 263 1800 354 1822; x_wconf 82' lang='lat' dir='ltr'><strong>autem</strong></span> <span class='ocrx_word' id='word_1_470' title='bbox 380 1799 428 1820; x_wconf 86' lang='lat' dir='ltr'><strong>eos</strong></span> <span class='ocrx_word' id='word_1_471' title='bbox 454 1792 573 1819; x_wconf 88' lang='lat' dir='ltr'><strong>retinent</strong></span> <span class='ocrx_word' id='word_1_472' title='bbox 585 1799 648 1819; x_wconf 92' lang='lat' dir='ltr'><strong>cum</strong></span> <span class='ocrx_word' id='word_1_473' title='bbox 677 1792 732 1820; x_wconf 87' lang='lat' dir='ltr'><strong>illis</strong></span> <span class='ocrx_word' id='word_1_474' title='bbox 755 1792 856 1827; x_wconf 82' lang='lat' dir='ltr'><strong>quibus</strong></span> <span class='ocrx_word' id='word_1_475' title='bbox 872 1799 997 1820; x_wconf 90' lang='lat' dir='ltr'><strong>commu-</strong></span> 
     </span>
    </p>
   </div>
   <div class='ocr_carea' id='block_1_69' title="bbox 205 1838 997 1874">
    <p class='ocr_par' dir='ltr' id='par_1_69' title="bbox 205 1838 997 1874">
     <span class='ocr_line' id='line_1_69' title="bbox 205 1838 997 1874; baseline -0.004 -5"><span class='ocrx_word' id='word_1_476' title='bbox 205 1842 344 1872; x_wconf 86' lang='lat' dir='ltr'><strong>nicarunt,</strong></span> <span class='ocrx_word' id='word_1_477' title='bbox 361 1838 379 1865; x_wconf 92' lang='lat' dir='ltr'><strong>ii</strong></span> <span class='ocrx_word' id='word_1_478' title='bbox 392 1845 503 1873; x_wconf 87' lang='lat' dir='ltr'><strong>quoque</strong></span> <span class='ocrx_word' id='word_1_479' title='bbox 521 1845 582 1865; x_wconf 86' lang='lat' dir='ltr'><strong>eam</strong></span> <span class='ocrx_word' id='word_1_480' title='bbox 609 1839 837 1866; x_wconf 83' lang='lat' dir='ltr'><strong>consuetudinem</strong></span> <span class='ocrx_word' id='word_1_481' title='bbox 853 1839 997 1874; x_wconf 81' lang='lat' dir='ltr'><strong>experian-</strong></span> 
     </span>
    </p>
   </div>
   <div class='ocr_carea' id='block_1_70' title="bbox 207 1884 996 1920">
    <p class='ocr_par' dir='ltr' id='par_1_70' title="bbox 207 1884 996 1920">
     <span class='ocr_line' id='line_1_70' title="bbox 207 1884 996 1920; baseline -0.004 -5"><span class='ocrx_word' id='word_1_482' title='bbox 207 1893 261 1920; x_wconf 85' lang='lat' dir='ltr'><strong>tur,</strong></span> <span class='ocrx_word' id='word_1_483' title='bbox 292 1893 347 1920; x_wconf 87' lang='lat' dir='ltr'><strong>qua</strong></span> <span class='ocrx_word' id='word_1_484' title='bbox 364 1884 408 1912; x_wconf 87' lang='lat' dir='ltr'><strong>usi</strong></span> <span class='ocrx_word' id='word_1_485' title='bbox 425 1887 492 1911; x_wconf 80' lang='lat' dir='ltr'><strong>sunt</strong></span> <span class='ocrx_word' id='word_1_486' title='bbox 514 1890 611 1912; x_wconf 82' lang='lat' dir='ltr'><strong>omnes</strong></span> <span class='ocrx_word' id='word_1_487' title='bbox 623 1884 768 1913; x_wconf 81' lang='lat' dir='ltr'><strong>orthodoxi</strong></span> <span class='ocrx_word' id='word_1_488' title='bbox 797 1884 826 1912; x_wconf 93' lang='lat' dir='ltr'><strong>in</strong></span> <span class='ocrx_word' id='word_1_489' title='bbox 856 1884 996 1913; x_wconf 87' lang='lat' dir='ltr'><strong>Thebaide</strong></span> 
     </span>
    </p>
   </div>
   <div class='ocr_carea' id='block_1_71' title="bbox 205 1932 380 1968">
    <p class='ocr_par' dir='ltr' id='par_1_71' title="bbox 205 1932 380 1968">
     <span class='ocr_line' id='line_1_71' title="bbox 205 1932 380 1968; baseline -0.011 -7"><span class='ocrx_word' id='word_1_490' title='bbox 205 1932 337 1968; x_wconf 75' lang='lat' dir='ltr'><strong>episcopi.</strong></span> <span class='ocrx_word' id='word_1_491' title='bbox 373 1951 380 1959; x_wconf 91' lang='grc'>-.</span> 
     </span>
    </p>
   </div>
   <div class='ocr_carea' id='block_1_72' title="bbox 241 2022 997 2062">
    <p class='ocr_par' dir='ltr' id='par_1_72' title="bbox 241 2022 997 2062">
     <span class='ocr_line' id='line_1_72' title="bbox 241 2022 997 2062; baseline -0.008 -8"><span class='ocrx_word' id='word_1_492' title='bbox 241 2026 323 2062; x_wconf 84' lang='lat'><strong>393</strong></span> <span class='ocrx_word' id='word_1_493' title='bbox 339 2025 416 2054; x_wconf 81' lang='lat' dir='ltr'><strong>CAP.</strong></span> <span class='ocrx_word' id='word_1_494' title='bbox 434 2024 506 2052; x_wconf 74' lang='lat' dir='ltr'><strong>Vill.</strong></span> <span class='ocrx_word' id='word_1_495' title='bbox 521 2038 556 2045; x_wconf 95' lang='lat'><strong>—</strong></span> <span class='ocrx_word' id='word_1_496' title='bbox 571 2023 610 2050; x_wconf 84' lang='lat' dir='ltr'><strong>De</strong></span> <span class='ocrx_word' id='word_1_497' title='bbox 619 2022 748 2058; x_wconf 72' lang='lat' dir='ltr'><strong>episcopis</strong></span> <span class='ocrx_word' id='word_1_498' title='bbox 764 2026 812 2049; x_wconf 83' lang='lat' dir='ltr'><strong>aut</strong></span> <span class='ocrx_word' id='word_1_499' title='bbox 831 2022 937 2049; x_wconf 74' lang='lat' dir='ltr'><strong>clericis</strong></span> <span class='ocrx_word' id='word_1_500' title='bbox 951 2023 997 2057; x_wconf 83' lang='lat' dir='ltr'><strong>qui</strong></span> 
     </span>
    </p>
   </div>
   <div class='ocr_carea' id='block_1_73' title="bbox 208 2068 997 2101">
    <p class='ocr_par' dir='ltr' id='par_1_73' title="bbox 208 2068 997 2101">
     <span class='ocr_line' id='line_1_73' title="bbox 208 2068 997 2101; baseline -0.008 -1"><span class='ocrx_word' id='word_1_501' title='bbox 208 2073 407 2101; x_wconf 74' lang='lat' dir='ltr'><strong>communicant</strong></span> <span class='ocrx_word' id='word_1_502' title='bbox 422 2071 462 2099; x_wconf 72' lang='lat' dir='ltr'><strong>vel</strong></span> <span class='ocrx_word' id='word_1_503' title='bbox 480 2075 556 2098; x_wconf 84' lang='lat' dir='ltr'><strong>orant</strong></span> <span class='ocrx_word' id='word_1_504' title='bbox 569 2077 628 2096; x_wconf 85' lang='lat' dir='ltr'><strong>cum</strong></span> <span class='ocrx_word' id='word_1_505' title='bbox 641 2069 784 2101; x_wconf 75' lang='lat' dir='ltr'><strong>hwreticis,</strong></span> <span class='ocrx_word' id='word_1_506' title='bbox 802 2068 841 2096; x_wconf 78' lang='lat' dir='ltr'><strong>vel</strong></span> <span class='ocrx_word' id='word_1_507' title='bbox 861 2068 899 2095; x_wconf 72' lang='lat' dir='ltr'><strong>eis</strong></span> <span class='ocrx_word' id='word_1_508' title='bbox 916 2068 997 2095; x_wconf 87' lang='lat' dir='ltr'><strong>mini-</strong></span> 
     </span>
    </p>
   </div>
   <div class='ocr_carea' id='block_1_74' title="bbox 207 2113 998 2152">
    <p class='ocr_par' dir='ltr' id='par_1_74' title="bbox 207 2113 998 2152">
     <span class='ocr_line' id='line_1_74' title="bbox 207 2113 998 2152; baseline -0.009 -6"><span class='ocrx_word' id='word_1_509' title='bbox 207 2120 319 2151; x_wconf 76' lang='lat' dir='ltr'><strong>sterium</strong></span> <span class='ocrx_word' id='word_1_510' title='bbox 346 2126 454 2145; x_wconf 72' lang='lat' dir='ltr'><strong>sacrum</strong></span> <span class='ocrx_word' id='word_1_511' title='bbox 481 2117 650 2152; x_wconf 79' lang='lat' dir='ltr'><strong>permittunt,</strong></span> <span class='ocrx_word' id='word_1_512' title='bbox 673 2114 712 2142; x_wconf 80' lang='lat' dir='ltr'><strong>vel</strong></span> <span class='ocrx_word' id='word_1_513' title='bbox 735 2114 888 2142; x_wconf 80' lang='lat' dir='ltr'><strong>earumdem</strong></span> <span class='ocrx_word' id='word_1_514' title='bbox 911 2113 998 2149; x_wconf 76' lang='lat' dir='ltr'><strong>bapti-</strong></span> 
     </span>
    </p>
   </div>
   <div class='ocr_carea' id='block_1_75' title="bbox 207 2161 697 2198">
    <p class='ocr_par' dir='ltr' id='par_1_75' title="bbox 207 2161 697 2198">
     <span class='ocr_line' id='line_1_75' title="bbox 207 2161 697 2198; baseline -0.014 -5"><span class='ocrx_word' id='word_1_515' title='bbox 207 2173 294 2193; x_wconf 75' lang='lat' dir='ltr'><strong>smum</strong></span> <span class='ocrx_word' id='word_1_516' title='bbox 311 2169 358 2192; x_wconf 84' lang='lat' dir='ltr'><strong>aut</strong></span> <span class='ocrx_word' id='word_1_517' title='bbox 376 2163 540 2198; x_wconf 74' lang='lat' dir='ltr'><strong>sacriﬁcium</strong></span> <span class='ocrx_word' id='word_1_518' title='bbox 555 2161 697 2196; x_wconf 73' lang='lat' dir='ltr'><strong>recipiunt.</strong></span> 
     </span>
    </p>
   </div>
   <div class='ocr_carea' id='block_1_76' title="bbox 350 2205 856 2245">
    <p class='ocr_par' dir='ltr' id='par_1_76' title="bbox 350 2205 856 2245">
     <span class='ocr_line' id='line_1_76' title="bbox 350 2205 856 2245; baseline -0.01 -8"><span class='ocrx_word' id='word_1_519' title='bbox 350 2209 541 2245; x_wconf 70' lang='lat' dir='ltr'><strong>Apostolorum</strong></span> <span class='ocrx_word' id='word_1_520' title='bbox 552 2214 667 2234; x_wconf 73' lang='lat' dir='ltr'><strong>canones</strong></span> <span class='ocrx_word' id='word_1_521' title='bbox 686 2205 730 2238; x_wconf 80' lang='grc'><strong>10,</strong></span> <span class='ocrx_word' id='word_1_522' title='bbox 748 2205 794 2239; x_wconf 71' lang='grc'><strong>45,</strong></span> <span class='ocrx_word' id='word_1_523' title='bbox 812 2205 856 2233; x_wconf 76' lang='grc'>46.</span> 
     </span>
    </p>
   </div>
   <div class='ocr_carea' id='block_1_77' title="bbox 242 2250 996 2291">
    <p class='ocr_par' dir='ltr' id='par_1_77' title="bbox 242 2250 996 2291">
     <span class='ocr_line' id='line_1_77' title="bbox 242 2250 996 2291; baseline -0.011 -6"><span class='ocrx_word' id='word_1_524' title='bbox 242 2258 287 2286; x_wconf 76' lang='lat' dir='ltr'><strong>to.</strong></span> <span class='ocrx_word' id='word_1_525' title='bbox 298 2257 326 2284; x_wconf 86' lang='lat' dir='ltr'><strong>Si</strong></span> <span class='ocrx_word' id='word_1_526' title='bbox 337 2256 399 2291; x_wconf 87' lang='lat' dir='ltr'><strong>quis</strong></span> <span class='ocrx_word' id='word_1_527' title='bbox 409 2262 470 2282; x_wconf 90' lang='lat' dir='ltr'><strong>cum</strong></span> <span class='ocrx_word' id='word_1_528' title='bbox 480 2252 730 2283; x_wconf 82' lang='lat' dir='ltr'><strong>excommunicato,</strong></span> <span class='ocrx_word' id='word_1_529' title='bbox 744 2251 787 2278; x_wconf 89' lang='lat' dir='ltr'><strong>vel</strong></span> <span class='ocrx_word' id='word_1_530' title='bbox 797 2251 825 2278; x_wconf 91' lang='lat' dir='ltr'><strong>in</strong></span> <span class='ocrx_word' id='word_1_531' title='bbox 836 2250 930 2284; x_wconf 88' lang='lat' dir='ltr'><strong>domo,</strong></span> <span class='ocrx_word' id='word_1_532' title='bbox 943 2258 996 2278; x_wconf 84' lang='lat' dir='ltr'><strong>una</strong></span> 
     </span>
    </p>
   </div>
   <div class='ocr_carea' id='block_1_78' title="bbox 208 2301 669 2340">
    <p class='ocr_par' dir='ltr' id='par_1_78' title="bbox 208 2301 669 2340">
     <span class='ocr_line' id='line_1_78' title="bbox 208 2301 669 2340; baseline -0.013 -8"><span class='ocrx_word' id='word_1_533' title='bbox 208 2309 334 2340; x_wconf 86' lang='lat' dir='ltr'><strong>precatus</strong></span> <span class='ocrx_word' id='word_1_534' title='bbox 349 2302 445 2334; x_wconf 80' lang='lat' dir='ltr'><strong>fuerit,</strong></span> <span class='ocrx_word' id='word_1_535' title='bbox 465 2301 489 2328; x_wconf 88' lang='lat' dir='ltr'><strong>is</strong></span> <span class='ocrx_word' id='word_1_536' title='bbox 503 2305 669 2335; x_wconf 68' lang='lat' dir='ltr'><strong>eegregctur.</strong></span> 
     </span>
    </p>
   </div>
   <div class='ocr_carea' id='block_1_79' title="bbox 243 2336 1036 2385">
    <p class='ocr_par' dir='ltr' id='par_1_79' title="bbox 243 2336 1036 2385">
     <span class='ocr_line' id='line_1_79' title="bbox 243 2336 1036 2385; baseline -0.009 -8"><span class='ocrx_word' id='word_1_537' title='bbox 243 2349 280 2377; x_wconf 77' lang='grc'><strong>45</strong></span> <span class='ocrx_word' id='word_1_538' title='bbox 294 2348 367 2385; x_wconf 69' lang='grc'><strong>[64].</strong></span> <span class='ocrx_word' id='word_1_539' title='bbox 389 2348 552 2383; x_wconf 86' lang='lat' dir='ltr'><strong>Episcopus,</strong></span> <span class='ocrx_word' id='word_1_540' title='bbox 568 2345 610 2373; x_wconf 92' lang='lat' dir='ltr'><strong>vcl</strong></span> <span class='ocrx_word' id='word_1_541' title='bbox 627 2345 781 2382; x_wconf 84' lang='lat' dir='ltr'><strong>presbyter,</strong></span> <span class='ocrx_word' id='word_1_542' title='bbox 793 2349 836 2372; x_wconf 84' lang='lat' dir='ltr'><strong>vel</strong></span> <span class='ocrx_word' id='word_1_543' title='bbox 852 2348 998 2375; x_wconf 82' lang='lat' dir='ltr'><strong>diaconus.</strong></span> <span class='ocrx_word' id='word_1_544' title='bbox 1014 2336 1036 2364; x_wconf 77' lang='grc' dir='ltr'><strong>Ῐ)</strong></span> 
     </span>
    </p>
   </div>
   <div class='ocr_carea' id='block_1_80' title="bbox 209 2393 990 2432">
    <p class='ocr_par' dir='ltr' id='par_1_80' title="bbox 209 2393 990 2432">
     <span class='ocr_line' id='line_1_80' title="bbox 209 2393 990 2432; baseline -0.008 -10"><span class='ocrx_word' id='word_1_545' title='bbox 209 2397 255 2432; x_wconf 86' lang='lat' dir='ltr'><strong>qui</strong></span> <span class='ocrx_word' id='word_1_546' title='bbox 266 2403 329 2423; x_wconf 90' lang='lat' dir='ltr'><strong>cum</strong></span> <span class='ocrx_word' id='word_1_547' title='bbox 344 2393 479 2422; x_wconf 76' lang='lat' dir='ltr'><strong>lucreticis</strong></span> <span class='ocrx_word' id='word_1_548' title='bbox 490 2393 529 2420; x_wconf 87' lang='lat' dir='ltr'><strong>vel</strong></span> <span class='ocrx_word' id='word_1_549' title='bbox 545 2393 635 2420; x_wconf 91' lang='lat' dir='ltr'><strong>solum</strong></span> <span class='ocrx_word' id='word_1_550' title='bbox 650 2395 840 2426; x_wconf 70' lang='lat' dir='ltr'><strong>comprecatus</strong></span> <span class='ocrx_word' id='word_1_551' title='bbox 856 2395 909 2423; x_wconf 87' lang='lat' dir='ltr'><strong>est,</strong></span> <span class='ocrx_word' id='word_1_552' title='bbox 923 2395 990 2422; x_wconf 86' lang='lat' dir='ltr'><strong>etc.,</strong></span> 
     </span>
    </p>
   </div>
   <div class='ocr_carea' id='block_1_81' title="bbox 209 2439 385 2476">
    <p class='ocr_par' dir='ltr' id='par_1_81' title="bbox 209 2439 385 2476">
     <span class='ocr_line' id='line_1_81' title="bbox 209 2439 385 2476; baseline -0.011 -8"><span class='ocrx_word' id='word_1_553' title='bbox 209 2447 235 2468; x_wconf 79' lang='lat' dir='ltr'><strong>ut</strong></span> <span class='ocrx_word' id='word_1_554' title='bbox 246 2449 307 2476; x_wconf 85' lang='lat' dir='ltr'><strong>pag.</strong></span> <span class='ocrx_word' id='word_1_555' title='bbox 323 2439 385 2467; x_wconf 84' lang='grc'>610.</span> 
     </span>
    </p>
   </div>
   <div class='ocr_carea' id='block_1_82' title="bbox 244 2481 998 2523">
    <p class='ocr_par' dir='ltr' id='par_1_82' title="bbox 244 2481 998 2523">
     <span class='ocr_line' id='line_1_82' title="bbox 244 2481 998 2523; baseline -0.009 -8"><span class='ocrx_word' id='word_1_556' title='bbox 244 2487 280 2515; x_wconf 75' lang='grc'><strong>46</strong></span> <span class='ocrx_word' id='word_1_557' title='bbox 294 2486 350 2523; x_wconf 67' lang='lat'><strong>[45}</strong></span> <span class='ocrx_word' id='word_1_558' title='bbox 377 2485 553 2520; x_wconf 85' lang='lat' dir='ltr'><strong>Episcopum,</strong></span> <span class='ocrx_word' id='word_1_559' title='bbox 569 2483 609 2512; x_wconf 82' lang='lat' dir='ltr'><strong>vel</strong></span> <span class='ocrx_word' id='word_1_560' title='bbox 623 2483 811 2518; x_wconf 80' lang='lat' dir='ltr'><strong>presbyterum</strong></span> <span class='ocrx_word' id='word_1_561' title='bbox 831 2481 878 2517; x_wconf 89' lang='lat' dir='ltr'><strong>qui</strong></span> <span class='ocrx_word' id='word_1_562' title='bbox 888 2482 998 2509; x_wconf 68' lang='lat' dir='ltr'><strong>haereti-</strong></span> 
     </span>
    </p>
   </div>
   <div class='ocr_carea' id='block_1_83' title="bbox 209 2527 779 2567">
    <p class='ocr_par' dir='ltr' id='par_1_83' title="bbox 209 2527 779 2567">
     <span class='ocr_line' id='line_1_83' title="bbox 209 2527 779 2567; baseline -0.016 -4"><span class='ocrx_word' id='word_1_563' title='bbox 209 2541 303 2563; x_wconf 88' lang='lat' dir='ltr'><strong>corum</strong></span> <span class='ocrx_word' id='word_1_564' title='bbox 316 2532 491 2567; x_wconf 85' lang='lat' dir='ltr'><strong>baptismum,</strong></span> <span class='ocrx_word' id='word_1_565' title='bbox 509 2534 574 2561; x_wconf 89' lang='lat' dir='ltr'><strong>etc.,</strong></span> <span class='ocrx_word' id='word_1_566' title='bbox 592 2533 621 2556; x_wconf 73' lang='lat' dir='ltr'><strong>ut</strong></span> <span class='ocrx_word' id='word_1_567' title='bbox 637 2536 699 2563; x_wconf 84' lang='lat' dir='ltr'><strong>pag.</strong></span> <span class='ocrx_word' id='word_1_568' title='bbox 716 2527 779 2555; x_wconf 83' lang='grc'>610.</span> 
     </span>
    </p>
   </div>
   <div class='ocr_carea' id='block_1_84' title="bbox 385 2572 822 2604">
    <p class='ocr_par' dir='ltr' id='par_1_84' title="bbox 385 2572 822 2604">
     <span class='ocr_line' id='line_1_84' title="bbox 385 2572 822 2604; baseline -0.009 0"><span class='ocrx_word' id='word_1_569' title='bbox 385 2575 500 2604; x_wconf 68' lang='lat' dir='ltr'><strong>Consilii</strong></span> <span class='ocrx_word' id='word_1_570' title='bbox 521 2574 677 2602; x_wconf 77' lang='lat' dir='ltr'><strong>Auiiochem‘</strong></span> <span class='ocrx_word' id='word_1_571' title='bbox 693 2581 777 2600; x_wconf 78' lang='lat' dir='ltr'><strong>canon</strong></span> <span class='ocrx_word' id='word_1_572' title='bbox 794 2572 822 2600; x_wconf 70' lang='lat'><strong>2.</strong></span> 
     </span>
    </p>
   </div>
   <div class='ocr_carea' id='block_1_85' title="bbox 248 2617 999 2657">
    <p class='ocr_par' dir='ltr' id='par_1_85' title="bbox 248 2617 999 2657">
     <span class='ocr_line' id='line_1_85' title="bbox 248 2617 999 2657; baseline -0.015 -3"><span class='ocrx_word' id='word_1_573' title='bbox 248 2627 275 2654; x_wconf 76' lang='grc'><strong>2.</strong></span> <span class='ocrx_word' id='word_1_574' title='bbox 289 2625 393 2653; x_wconf 83' lang='lat' dir='ltr'><strong>Omnes</strong></span> <span class='ocrx_word' id='word_1_575' title='bbox 410 2623 457 2657; x_wconf 89' lang='lat' dir='ltr'><strong>qui</strong></span> <span class='ocrx_word' id='word_1_576' title='bbox 474 2621 662 2656; x_wconf 75' lang='lat' dir='ltr'><strong>ingrediuntur</strong></span> <span class='ocrx_word' id='word_1_577' title='bbox 675 2620 702 2647; x_wconf 91' lang='lat' dir='ltr'><strong>in</strong></span> <span class='ocrx_word' id='word_1_578' title='bbox 714 2619 864 2647; x_wconf 87' lang='lat' dir='ltr'><strong>Ecclesiam</strong></span> <span class='ocrx_word' id='word_1_579' title='bbox 874 2617 931 2651; x_wconf 86' lang='lat' dir='ltr'><strong>Dei,</strong></span> <span class='ocrx_word' id='word_1_580' title='bbox 947 2623 999 2646; x_wconf 87' lang='lat' dir='ltr'><strong>etc.</strong></span> 
     </span>
    </p>
   </div>
   <div class='ocr_carea' id='block_1_86' title="bbox 212 2670 396 2708">
    <p class='ocr_par' dir='ltr' id='par_1_86' title="bbox 212 2670 396 2708">
     <span class='ocr_line' id='line_1_86' title="bbox 212 2670 396 2708; baseline -0.027 -7"><span class='ocrx_word' id='word_1_581' title='bbox 212 2679 237 2702; x_wconf 84' lang='lat' dir='ltr'><strong>ut</strong></span> <span class='ocrx_word' id='word_1_582' title='bbox 251 2680 314 2708; x_wconf 81' lang='lat' dir='ltr'><strong>pag.</strong></span> <span class='ocrx_word' id='word_1_583' title='bbox 329 2670 396 2698; x_wconf 75' lang='grc'>606.</span> 
     </span>
    </p>
   </div>
   <div class='ocr_carea' id='block_1_87' title="bbox 370 2711 807 2744">
    <p class='ocr_par' dir='ltr' id='par_1_87' title="bbox 370 2711 807 2744">
     <span class='ocr_line' id='line_1_87' title="bbox 370 2711 807 2744; baseline -0.011 -1"><span class='ocrx_word' id='word_1_584' title='bbox 370 2714 485 2744; x_wconf 83' lang='lat' dir='ltr'><strong>Concilii</strong></span> <span class='ocrx_word' id='word_1_585' title='bbox 500 2713 643 2740; x_wconf 78' lang='lat' dir='ltr'><strong>Laudiceni</strong></span> <span class='ocrx_word' id='word_1_586' title='bbox 656 2720 752 2739; x_wconf 83' lang='lat' dir='ltr'><strong>canon.</strong></span> <span class='ocrx_word' id='word_1_587' title='bbox 762 2711 807 2739; x_wconf 77' lang='lat'><strong>35.</strong></span> 
     </span>
    </p>
   </div>
   <div class='ocr_carea' id='block_1_88' title="bbox 246 2756 1000 2796">
    <p class='ocr_par' dir='ltr' id='par_1_88' title="bbox 246 2756 1000 2796">
     <span class='ocr_line' id='line_1_88' title="bbox 246 2756 1000 2796; baseline -0.011 -4"><span class='ocrx_word' id='word_1_588' title='bbox 246 2765 292 2792; x_wconf 74' lang='lat'><strong>&#39;53.</strong></span> <span class='ocrx_word' id='word_1_589' title='bbox 307 2762 386 2796; x_wconf 86' lang='lat' dir='ltr'><strong>Quod</strong></span> <span class='ocrx_word' id='word_1_590' title='bbox 415 2768 469 2788; x_wconf 90' lang='lat' dir='ltr'><strong>non</strong></span> <span class='ocrx_word' id='word_1_591' title='bbox 497 2763 604 2794; x_wconf 84' lang='lat' dir='ltr'><strong>oportet</strong></span> <span class='ocrx_word' id='word_1_592' title='bbox 630 2766 683 2785; x_wconf 86' lang='lat' dir='ltr'><strong>una</strong></span> <span class='ocrx_word' id='word_1_593' title='bbox 709 2765 773 2785; x_wconf 89' lang='lat' dir='ltr'><strong>cum</strong></span> <span class='ocrx_word' id='word_1_594' title='bbox 798 2757 936 2785; x_wconf 63' lang='lat' dir='ltr'><strong>haereticis</strong></span> <span class='ocrx_word' id='word_1_595' title='bbox 959 2756 1000 2784; x_wconf 92' lang='lat' dir='ltr'><strong>vcl</strong></span> 
     </span>
    </p>
   </div>
   <div class='ocr_carea' id='block_1_89' title="bbox 213 2808 506 2838">
    <p class='ocr_par' dir='ltr' id='par_1_89' title="bbox 213 2808 506 2838">
     <span class='ocr_line' id='line_1_89' title="bbox 213 2808 506 2838; baseline -0.02 0"><span class='ocrx_word' id='word_1_596' title='bbox 213 2808 399 2838; x_wconf 79' lang='lat' dir='ltr'><strong>schismaticis</strong></span> <span class='ocrx_word' id='word_1_597' title='bbox 415 2813 506 2834; x_wconf 86' lang='lat' dir='ltr'><strong>orare.</strong></span> 
     </span>
    </p>
   </div>
   <div class='ocr_carea' id='block_1_90' title="bbox 246 2849 1000 2891">
    <p class='ocr_par' dir='ltr' id='par_1_90' title="bbox 246 2849 1000 2891">
     <span class='ocr_line' id='line_1_90' title="bbox 246 2849 1000 2891; baseline -0.009 -8"><span class='ocrx_word' id='word_1_598' title='bbox 246 2857 317 2891; x_wconf 75' lang='lat' dir='ltr'><strong>Lege</strong></span> <span class='ocrx_word' id='word_1_599' title='bbox 331 2862 391 2889; x_wconf 70' lang='lat' dir='ltr'><strong>qure</strong></span> <span class='ocrx_word' id='word_1_600' title='bbox 405 2853 531 2880; x_wconf 80' lang='lat' dir='ltr'><strong>adnotata</strong></span> <span class='ocrx_word' id='word_1_601' title='bbox 547 2855 610 2878; x_wconf 86' lang='lat' dir='ltr'><strong>sunt</strong></span> <span class='ocrx_word' id='word_1_602' title='bbox 629 2850 655 2877; x_wconf 91' lang='lat' dir='ltr'><strong>in</strong></span> <span class='ocrx_word' id='word_1_603' title='bbox 672 2857 731 2885; x_wconf 86' lang='lat' dir='ltr'><strong>cap.</strong></span> <span class='ocrx_word' id='word_1_604' title='bbox 758 2849 801 2883; x_wconf 76' lang='lat' dir='ltr'><strong>i5,</strong></span> <span class='ocrx_word' id='word_1_605' title='bbox 824 2849 866 2877; x_wconf 90' lang='lat' dir='ltr'><strong>tit.</strong></span> <span class='ocrx_word' id='word_1_606' title='bbox 897 2849 912 2877; x_wconf 79' lang='lat'><strong>5</strong></span> <span class='ocrx_word' id='word_1_607' title='bbox 932 2856 1000 2884; x_wconf 80' lang='lat' dir='ltr'><strong>prae-</strong></span> 
     </span>
    </p>
   </div>
   <div class='ocr_carea' id='block_1_91' title="bbox 229 2900 421 2934">
    <p class='ocr_par' dir='ltr' id='par_1_91' title="bbox 229 2900 421 2934">
     <span class='ocr_line' id='line_1_91' title="bbox 229 2900 421 2934; baseline -0.016 -6"><span class='ocrx_word' id='word_1_608' title='bbox 229 2902 300 2928; x_wconf 78' lang='lat' dir='ltr'><strong>cutis</strong></span> <span class='ocrx_word' id='word_1_609' title='bbox 318 2900 421 2934; x_wconf 76' lang='lat' dir='ltr'><strong>operis.</strong></span> 
     </span>
    </p>
   </div>
   <div class='ocr_carea' id='block_1_92' title="bbox 1050 1706 1847 1744">
    <p class='ocr_par' dir='ltr' id='par_1_92' title="bbox 1050 1706 1847 1744">
     <span class='ocr_line' id='line_1_92' title="bbox 1050 1706 1847 1744; baseline 0.004 -11"><span class='ocrx_word' id='word_1_610' title='bbox 1050 1706 1090 1742; x_wconf 84' lang='grc' dir='ltr'>τῷ</span> <span class='ocrx_word' id='word_1_611' title='bbox 1104 1707 1197 1742; x_wconf 76' lang='grc' dir='ltr'>οἰκείῳ</span> <span class='ocrx_word' id='word_1_612' title='bbox 1207 1708 1361 1743; x_wconf 82' lang='grc' dir='ltr'>ὲπισκόπῳ,</span> <span class='ocrx_word' id='word_1_613' title='bbox 1376 1707 1573 1741; x_wconf 59' lang='grc' dir='ltr'>ἀλιζὼθωσαν,</span> <span class='ocrx_word' id='word_1_614' title='bbox 1582 1708 1620 1740; x_wconf 80' lang='grc' dir='ltr'>ὡς</span> <span class='ocrx_word' id='word_1_615' title='bbox 1635 1707 1674 1744; x_wconf 84' lang='grc' dir='ltr'>μὴ</span> <span class='ocrx_word' id='word_1_616' title='bbox 1687 1709 1847 1743; x_wconf 76' lang='grc' dir='ltr'>ἐπεγνωκό-</span> 
     </span>
    </p>
   </div>
   <div class='ocr_carea' id='block_1_93' title="bbox 1050 1753 1846 1790">
    <p class='ocr_par' dir='ltr' id='par_1_93' title="bbox 1050 1753 1846 1790">
     <span class='ocr_line' id='line_1_93' title="bbox 1050 1753 1846 1790; baseline 0.003 -10"><span class='ocrx_word' id='word_1_617' title='bbox 1050 1762 1097 1786; x_wconf 87' lang='grc' dir='ltr'><strong>τες</strong></span> <span class='ocrx_word' id='word_1_618' title='bbox 1107 1753 1140 1780; x_wconf 73' lang='grc' dir='ltr'>τὸ</span> <span class='ocrx_word' id='word_1_619' title='bbox 1155 1753 1266 1788; x_wconf 77' lang='grc' dir='ltr'>εὔλογον</span> <span class='ocrx_word' id='word_1_620' title='bbox 1276 1762 1284 1769; x_wconf 81' lang='grc' dir='ltr'><strong>ο</strong></span> <span class='ocrx_word' id='word_1_621' title='bbox 1312 1754 1359 1781; x_wconf 76' lang='grc' dir='ltr'>καὶ</span> <span class='ocrx_word' id='word_1_622' title='bbox 1374 1755 1399 1781; x_wconf 86' lang='grc' dir='ltr'><strong>εί</strong></span> <span class='ocrx_word' id='word_1_623' title='bbox 1415 1754 1465 1790; x_wconf 85' lang='grc' dir='ltr'>μὲν</span> <span class='ocrx_word' id='word_1_624' title='bbox 1493 1754 1593 1786; x_wconf 78' lang='grc' dir='ltr'>πάντες</span> <span class='ocrx_word' id='word_1_625' title='bbox 1608 1755 1632 1781; x_wconf 79' lang='lat' dir='ltr'><strong>oi</strong></span> <span class='ocrx_word' id='word_1_626' title='bbox 1647 1754 1708 1781; x_wconf 69' lang='grc' dir='ltr'>λαοὶ</span> <span class='ocrx_word' id='word_1_627' title='bbox 1729 1754 1846 1787; x_wconf 76' lang='grc' dir='ltr'>τούτους</span> 
     </span>
    </p>
   </div>
   <div class='ocr_carea' id='block_1_94' title="bbox 1050 1800 1846 1836">
    <p class='ocr_par' dir='ltr' id='par_1_94' title="bbox 1050 1800 1846 1836">
     <span class='ocr_line' id='line_1_94' title="bbox 1050 1800 1846 1836; baseline -0.001 -8"><span class='ocrx_word' id='word_1_628' title='bbox 1050 1800 1246 1828; x_wconf 81' lang='grc' dir='ltr'>ἁποπηιοῦνται</span> <span class='ocrx_word' id='word_1_629' title='bbox 1275 1801 1345 1835; x_wconf 81' lang='grc' dir='ltr'>μετὰ</span> <span class='ocrx_word' id='word_1_630' title='bbox 1360 1801 1415 1828; x_wconf 87' lang='grc' dir='ltr'>τῶν</span> <span class='ocrx_word' id='word_1_631' title='bbox 1435 1800 1535 1835; x_wconf 78' lang='grc' dir='ltr'>ἄλλων,</span> <span class='ocrx_word' id='word_1_632' title='bbox 1566 1801 1656 1836; x_wconf 71' lang='grc' dir='ltr'>ἕτεροι</span> <span class='ocrx_word' id='word_1_633' title='bbox 1679 1801 1846 1836; x_wconf 84' lang='grc' dir='ltr'>χειροτονεί-</span> 
     </span>
    </p>
   </div>
   <div class='ocr_carea' id='block_1_95' title="bbox 1050 1846 1846 1882">
    <p class='ocr_par' dir='ltr' id='par_1_95' title="bbox 1050 1846 1846 1882">
     <span class='ocr_line' id='line_1_95' title="bbox 1050 1846 1846 1882; baseline 0 -9"><span class='ocrx_word' id='word_1_634' title='bbox 1050 1846 1177 1873; x_wconf 85' lang='grc' dir='ltr'>σθωσαν·</span> <span class='ocrx_word' id='word_1_635' title='bbox 1208 1847 1233 1874; x_wconf 87' lang='grc' dir='ltr'><strong>ει</strong></span> <span class='ocrx_word' id='word_1_636' title='bbox 1249 1847 1278 1874; x_wconf 78' lang='grc' dir='ltr'>δὲ</span> <span class='ocrx_word' id='word_1_637' title='bbox 1292 1847 1494 1874; x_wconf 83' lang='grc' dir='ltr'>ἀντιποιοῦνται</span> <span class='ocrx_word' id='word_1_638' title='bbox 1514 1846 1605 1875; x_wconf 84' lang='grc' dir='ltr'>αὐτῶν</span> <span class='ocrx_word' id='word_1_639' title='bbox 1640 1846 1700 1882; x_wconf 84' lang='grc' dir='ltr'>μετ’</span> <span class='ocrx_word' id='word_1_640' title='bbox 1729 1847 1846 1874; x_wconf 71' lang='grc' dir='ltr'>ἐκείνων</span> 
     </span>
    </p>
   </div>
   <div class='ocr_carea' id='block_1_96' title="bbox 1047 1887 1846 1928">
    <p class='ocr_par' dir='ltr' id='par_1_96' title="bbox 1047 1887 1846 1928">
     <span class='ocr_line' id='line_1_96' title="bbox 1047 1887 1846 1928; baseline 0.003 -11"><span class='ocrx_word' id='word_1_641' title='bbox 1047 1887 1089 1922; x_wconf 72' lang='grc' dir='ltr'>οἷς</span> <span class='ocrx_word' id='word_1_642' title='bbox 1112 1892 1329 1926; x_wconf 82' lang='grc' dir='ltr'>κεκοινωνήκασι</span> <span class='ocrx_word' id='word_1_643' title='bbox 1348 1891 1460 1928; x_wconf 85' lang='grc' dir='ltr'>ταύτης,</span> <span class='ocrx_word' id='word_1_644' title='bbox 1484 1888 1559 1919; x_wconf 70' lang='grc' dir='ltr'>οὗτοι</span> <span class='ocrx_word' id='word_1_645' title='bbox 1592 1892 1846 1927; x_wconf 79' lang='grc' dir='ltr'>ἀποπειράσοωσαν</span> 
     </span>
    </p>
   </div>
   <div class='ocr_carea' id='block_1_97' title="bbox 1048 1935 1847 1975">
    <p class='ocr_par' dir='ltr' id='par_1_97' title="bbox 1048 1935 1847 1975">
     <span class='ocr_line' id='line_1_97' title="bbox 1048 1935 1847 1975; baseline 0.004 -12"><span class='ocrx_word' id='word_1_646' title='bbox 1048 1936 1099 1971; x_wconf 83' lang='grc' dir='ltr'>τῆς</span> <span class='ocrx_word' id='word_1_647' title='bbox 1126 1937 1280 1972; x_wconf 80' lang='grc' dir='ltr'>συνηθείας,</span> <span class='ocrx_word' id='word_1_648' title='bbox 1295 1935 1476 1975; x_wconf 82' lang='grc' dir='ltr'>ᾖὲχρήσαντο</span> <span class='ocrx_word' id='word_1_649' title='bbox 1500 1939 1525 1965; x_wconf 80' lang='lat' dir='ltr'><strong>oi</strong></span> <span class='ocrx_word' id='word_1_650' title='bbox 1549 1939 1579 1966; x_wconf 83' lang='grc' dir='ltr'>ὲν</span> <span class='ocrx_word' id='word_1_651' title='bbox 1595 1938 1712 1974; x_wconf 77' lang='grc' dir='ltr'>Θηϐαΐδι</span> <span class='ocrx_word' id='word_1_652' title='bbox 1738 1939 1847 1971; x_wconf 82' lang='grc' dir='ltr'>πάντες</span> 
     </span>
    </p>
   </div>
   <div class='ocr_carea' id='block_1_98' title="bbox 1048 1982 1350 2019">
    <p class='ocr_par' dir='ltr' id='par_1_98' title="bbox 1048 1982 1350 2019">
     <span class='ocr_line' id='line_1_98' title="bbox 1048 1982 1350 2019; baseline 0.007 -11"><span class='ocrx_word' id='word_1_653' title='bbox 1048 1982 1184 2019; x_wconf 77' lang='grc' dir='ltr'>ὀρθόδοξοι</span> <span class='ocrx_word' id='word_1_654' title='bbox 1196 1983 1350 2010; x_wconf 78' lang='grc' dir='ltr'>ἐπίσκοποι.</span> 
     </span>
    </p>
   </div>
   <div class='ocr_carea' id='block_1_99' title="bbox 1086 2028 1848 2065">
    <p class='ocr_par' dir='ltr' id='par_1_99' title="bbox 1086 2028 1848 2065">
     <span class='ocr_line' id='line_1_99' title="bbox 1086 2028 1848 2065; baseline 0.003 -10"><span class='ocrx_word' id='word_1_655' title='bbox 1086 2029 1211 2058; x_wconf 79' lang='grc' dir='ltr'><strong>ΚΕΦΑΛ.</strong></span> <span class='ocrx_word' id='word_1_656' title='bbox 1232 2029 1274 2056; x_wconf 84' lang='grc' dir='ltr'><strong>Η’.</strong></span> <span class='ocrx_word' id='word_1_657' title='bbox 1292 2045 1327 2050; x_wconf 94' lang='lat'>—</span> <span class='ocrx_word' id='word_1_658' title='bbox 1343 2028 1415 2064; x_wconf 75' lang='grc' dir='ltr'>Περὶ</span> <span class='ocrx_word' id='word_1_659' title='bbox 1437 2029 1622 2063; x_wconf 75' lang='grc' dir='ltr'>ἐπισκόπων,</span> <span class='ocrx_word' id='word_1_660' title='bbox 1646 2031 1666 2065; x_wconf 81' lang='grc' dir='ltr'><strong><em>ἣ</em></strong></span> <span class='ocrx_word' id='word_1_661' title='bbox 1690 2030 1848 2065; x_wconf 74' lang='grc' dir='ltr'>κληρικῶν</span> 
     </span>
    </p>
   </div>
   <div class='ocr_carea' id='block_1_100' title="bbox 1047 2074 1847 2111">
    <p class='ocr_par' dir='ltr' id='par_1_100' title="bbox 1047 2074 1847 2111">
     <span class='ocr_line' id='line_1_100' title="bbox 1047 2074 1847 2111; baseline 0.003 -11"><span class='ocrx_word' id='word_1_662' title='bbox 1047 2075 1343 2108; x_wconf 78' lang='grc' dir='ltr'>συγκοινωνούντων.</span> <span class='ocrx_word' id='word_1_663' title='bbox 1360 2075 1379 2109; x_wconf 80' lang='grc' dir='ltr'><strong>ἢ</strong></span> <span class='ocrx_word' id='word_1_664' title='bbox 1394 2074 1626 2110; x_wconf 76' lang='grc' dir='ltr'>συνευχομένων</span> <span class='ocrx_word' id='word_1_665' title='bbox 1639 2075 1810 2110; x_wconf 80' lang='grc' dir='ltr'>αίρετυιοῖς,</span> <span class='ocrx_word' id='word_1_666' title='bbox 1826 2076 1847 2111; x_wconf 81' lang='grc' dir='ltr'><strong><em>ἣ</em></strong></span> 
     </span>
    </p>
   </div>
   <div class='ocr_carea' id='block_1_101' title="bbox 1049 2119 1847 2157">
    <p class='ocr_par' dir='ltr' id='par_1_101' title="bbox 1049 2119 1847 2157">
     <span class='ocr_line' id='line_1_101' title="bbox 1049 2119 1847 2157; baseline 0.005 -12"><span class='ocrx_word' id='word_1_667' title='bbox 1049 2119 1269 2153; x_wconf 80' lang='grc' dir='ltr'>ἐπιτρεπόντων</span> <span class='ocrx_word' id='word_1_668' title='bbox 1283 2120 1386 2153; x_wconf 83' lang='grc' dir='ltr'>αὐτοῖς</span> <span class='ocrx_word' id='word_1_669' title='bbox 1398 2120 1543 2156; x_wconf 75' lang='grc' dir='ltr'>ἐνεργεῖν,</span> <span class='ocrx_word' id='word_1_670' title='bbox 1564 2120 1583 2156; x_wconf 80' lang='grc' dir='ltr'><em>ἢ</em></span> <span class='ocrx_word' id='word_1_671' title='bbox 1598 2121 1771 2157; x_wconf 76' lang='grc' dir='ltr'>δεχομένων</span> <span class='ocrx_word' id='word_1_672' title='bbox 1788 2122 1847 2149; x_wconf 82' lang='grc' dir='ltr'><strong>αὑ-</strong></span> 
     </span>
    </p>
   </div>
   <div class='ocr_carea' id='block_1_102' title="bbox 1051 2163 1453 2199">
    <p class='ocr_par' dir='ltr' id='par_1_102' title="bbox 1051 2163 1453 2199">
     <span class='ocr_line' id='line_1_102' title="bbox 1051 2163 1453 2199; baseline 0.005 -9"><span class='ocrx_word' id='word_1_673' title='bbox 1051 2163 1111 2190; x_wconf 80' lang='grc' dir='ltr'>τῶν</span> <span class='ocrx_word' id='word_1_674' title='bbox 1123 2163 1282 2199; x_wconf 76' lang='grc' dir='ltr'>βάπτισμα</span> <span class='ocrx_word' id='word_1_675' title='bbox 1300 2164 1319 2199; x_wconf 79' lang='grc' dir='ltr'><em>ἢ</em></span> <span class='ocrx_word' id='word_1_676' title='bbox 1332 2165 1453 2192; x_wconf 83' lang='grc' dir='ltr'>θυσίαν.</span> 
     </span>
    </p>
   </div>
   <div class='ocr_carea' id='block_1_103' title="bbox 1196 2210 1699 2247">
    <p class='ocr_par' dir='ltr' id='par_1_103' title="bbox 1196 2210 1699 2247">
     <span class='ocr_line' id='line_1_103' title="bbox 1196 2210 1699 2247; baseline 0.004 -10"><span class='ocrx_word' id='word_1_677' title='bbox 1196 2211 1390 2238; x_wconf 77' lang='grc' dir='ltr'>Ἀποστόλων</span> <span class='ocrx_word' id='word_1_678' title='bbox 1405 2210 1506 2238; x_wconf 78' lang='grc' dir='ltr'>κανὼν</span> <span class='ocrx_word' id='word_1_679' title='bbox 1522 2214 1548 2244; x_wconf 86' lang='grc' dir='ltr'>ι’,</span> <span class='ocrx_word' id='word_1_680' title='bbox 1565 2211 1619 2246; x_wconf 79' lang='grc' dir='ltr'>με’,</span> <span class='ocrx_word' id='word_1_681' title='bbox 1638 2211 1699 2247; x_wconf 84' lang='grc' dir='ltr'>μς’.</span> 
     </span>
    </p>
   </div>
   <div class='ocr_carea' id='block_1_104' title="bbox 1087 2256 1849 2295">
    <p class='ocr_par' dir='ltr' id='par_1_104' title="bbox 1087 2256 1849 2295">
     <span class='ocr_line' id='line_1_104' title="bbox 1087 2256 1849 2295; baseline 0.001 -12"><span class='ocrx_word' id='word_1_682' title='bbox 1087 2260 1114 2283; x_wconf 87' lang='grc' dir='ltr'>ι’.</span> <span class='ocrx_word' id='word_1_683' title='bbox 1134 2256 1167 2283; x_wconf 80' lang='lat' dir='ltr'><strong>El</strong></span> <span class='ocrx_word' id='word_1_684' title='bbox 1178 2264 1221 2288; x_wconf 88' lang='grc' dir='ltr'><strong>τις</strong></span> <span class='ocrx_word' id='word_1_685' title='bbox 1246 2257 1419 2292; x_wconf 84' lang='grc' dir='ltr'>ἀκοινωνήτῳ</span> <span class='ocrx_word' id='word_1_686' title='bbox 1438 2257 1492 2285; x_wconf 76' lang='grc' dir='ltr'>κὰν</span> <span class='ocrx_word' id='word_1_687' title='bbox 1526 2257 1557 2284; x_wconf 76' lang='grc' dir='ltr'>ὲν</span> <span class='ocrx_word' id='word_1_688' title='bbox 1579 2258 1646 2294; x_wconf 73' lang='grc' dir='ltr'>οἴκῳ</span> <span class='ocrx_word' id='word_1_689' title='bbox 1671 2256 1849 2295; x_wconf 80' lang='grc' dir='ltr'>συνεύξηται,</span> 
     </span>
    </p>
   </div>
   <div class='ocr_carea' id='block_1_105' title="bbox 1052 2298 1325 2337">
    <p class='ocr_par' dir='ltr' id='par_1_105' title="bbox 1052 2298 1325 2337">
     <span class='ocr_line' id='line_1_105' title="bbox 1052 2298 1325 2337; baseline 0 -9"><span class='ocrx_word' id='word_1_690' title='bbox 1052 2298 1130 2333; x_wconf 74' lang='grc' dir='ltr'>οὗτος</span> <span class='ocrx_word' id='word_1_691' title='bbox 1142 2302 1325 2337; x_wconf 80' lang='grc' dir='ltr'>ἀφοριζέσϐω.</span> 
     </span>
    </p>
   </div>
   <div class='ocr_carea' id='block_1_106' title="bbox 1090 2347 1854 2384">
    <p class='ocr_par' dir='ltr' id='par_1_106' title="bbox 1090 2347 1854 2384">
     <span class='ocr_line' id='line_1_106' title="bbox 1090 2347 1854 2384; baseline 0.004 -10"><span class='ocrx_word' id='word_1_692' title='bbox 1090 2351 1142 2382; x_wconf 90' lang='grc' dir='ltr'>με’.</span> <span class='ocrx_word' id='word_1_693' title='bbox 1160 2348 1335 2379; x_wconf 82' lang='grc' dir='ltr'>Ἐπίσκοπος,</span> <span class='ocrx_word' id='word_1_694' title='bbox 1358 2347 1375 2384; x_wconf 75' lang='grc' dir='ltr'><strong>ἢ</strong></span> <span class='ocrx_word' id='word_1_695' title='bbox 1398 2348 1594 2384; x_wconf 84' lang='grc' dir='ltr'>πρεσϐύτερος,</span> <span class='ocrx_word' id='word_1_696' title='bbox 1611 2348 1627 2384; x_wconf 81' lang='grc' dir='ltr'>ἢ</span> <span class='ocrx_word' id='word_1_697' title='bbox 1642 2348 1779 2382; x_wconf 82' lang='grc' dir='ltr'>διάκονος,</span> <span class='ocrx_word' id='word_1_698' title='bbox 1802 2350 1854 2377; x_wconf 75' lang='grc' dir='ltr'><strong>αἱ-</strong></span> 
     </span>
    </p>
   </div>
   <div class='ocr_carea' id='block_1_107' title="bbox 1054 2393 1523 2429">
    <p class='ocr_par' dir='ltr' id='par_1_107' title="bbox 1054 2393 1523 2429">
     <span class='ocr_line' id='line_1_107' title="bbox 1054 2393 1523 2429; baseline 0.002 -9"><span class='ocrx_word' id='word_1_699' title='bbox 1054 2395 1172 2428; x_wconf 81' lang='grc' dir='ltr'>ρετικοῖς</span> <span class='ocrx_word' id='word_1_700' title='bbox 1189 2393 1399 2429; x_wconf 79' lang='grc' dir='ltr'>συνευξάμενος,</span> <span class='ocrx_word' id='word_1_701' title='bbox 1415 2403 1443 2421; x_wconf 85' lang='grc' dir='ltr'><strong>κ.</strong></span> <span class='ocrx_word' id='word_1_702' title='bbox 1457 2403 1483 2421; x_wconf 87' lang='grc' dir='ltr'><strong>τ.</strong></span> <span class='ocrx_word' id='word_1_703' title='bbox 1498 2394 1523 2421; x_wconf 91' lang='grc' dir='ltr'>λ.</span> 
     </span>
    </p>
   </div>
   <div class='ocr_carea' id='block_1_108' title="bbox 1091 2481 1856 2518">
    <p class='ocr_par' dir='ltr' id='par_1_108' title="bbox 1091 2481 1856 2518">
     <span class='ocr_line' id='line_1_108' title="bbox 1091 2481 1856 2518; baseline -0.003 -8"><span class='ocrx_word' id='word_1_704' title='bbox 1091 2486 1150 2518; x_wconf 88' lang='grc' dir='ltr'>μς’.</span> <span class='ocrx_word' id='word_1_705' title='bbox 1170 2482 1335 2509; x_wconf 84' lang='grc' dir='ltr'>Ἐπίσκοπον</span> <span class='ocrx_word' id='word_1_706' title='bbox 1354 2482 1371 2518; x_wconf 75' lang='grc' dir='ltr'><strong>ἢ</strong></span> <span class='ocrx_word' id='word_1_707' title='bbox 1396 2482 1581 2518; x_wconf 79' lang='grc' dir='ltr'>πρεσϐύτερον</span> <span class='ocrx_word' id='word_1_708' title='bbox 1599 2481 1747 2518; x_wconf 84' lang='grc' dir='ltr'>αίρετικῶν</span> <span class='ocrx_word' id='word_1_709' title='bbox 1770 2482 1856 2514; x_wconf 79' lang='grc' dir='ltr'>δεξα-</span> 
     </span>
    </p>
   </div>
   <div class='ocr_carea' id='block_1_109' title="bbox 1056 2527 1438 2564">
    <p class='ocr_par' dir='ltr' id='par_1_109' title="bbox 1056 2527 1438 2564">
     <span class='ocr_line' id='line_1_109' title="bbox 1056 2527 1438 2564; baseline -0.003 -8"><span class='ocrx_word' id='word_1_710' title='bbox 1056 2530 1153 2563; x_wconf 84' lang='grc' dir='ltr'>μένους</span> <span class='ocrx_word' id='word_1_711' title='bbox 1166 2528 1316 2564; x_wconf 75' lang='grc' dir='ltr'>βάπτισμι,</span> <span class='ocrx_word' id='word_1_712' title='bbox 1334 2537 1360 2554; x_wconf 86' lang='grc' dir='ltr'><strong>κ.</strong></span> <span class='ocrx_word' id='word_1_713' title='bbox 1375 2537 1400 2554; x_wconf 88' lang='grc' dir='ltr'>τ.</span> <span class='ocrx_word' id='word_1_714' title='bbox 1413 2527 1438 2555; x_wconf 90' lang='grc' dir='ltr'><strong>λ.</strong></span> 
     </span>
    </p>
   </div>
   <div class='ocr_carea' id='block_1_110' title="bbox 1202 2573 1703 2609">
    <p class='ocr_par' dir='ltr' id='par_1_110' title="bbox 1202 2573 1703 2609">
     <span class='ocr_line' id='line_1_110' title="bbox 1202 2573 1703 2609; baseline 0 -8"><span class='ocrx_word' id='word_1_715' title='bbox 1202 2575 1336 2602; x_wconf 83' lang='grc' dir='ltr'>Συνόὸου</span> <span class='ocrx_word' id='word_1_716' title='bbox 1355 2574 1538 2609; x_wconf 78' lang='grc' dir='ltr'>Ἀντιοχείας</span> <span class='ocrx_word' id='word_1_717' title='bbox 1551 2574 1654 2601; x_wconf 76' lang='grc' dir='ltr'>κανὼν</span> <span class='ocrx_word' id='word_1_718' title='bbox 1669 2573 1703 2609; x_wconf 82' lang='grc' dir='ltr'><strong>β’.</strong></span> 
     </span>
    </p>
   </div>
   <div class='ocr_carea' id='block_1_111' title="bbox 1089 2618 1856 2656">
    <p class='ocr_par' dir='ltr' id='par_1_111' title="bbox 1089 2618 1856 2656">
     <span class='ocr_line' id='line_1_111' title="bbox 1089 2618 1856 2656; baseline -0.003 -9"><span class='ocrx_word' id='word_1_719' title='bbox 1089 2621 1122 2656; x_wconf 83' lang='grc' dir='ltr'>β’.</span> <span class='ocrx_word' id='word_1_720' title='bbox 1143 2620 1251 2652; x_wconf 83' lang='grc' dir='ltr'>Πάντας</span> <span class='ocrx_word' id='word_1_721' title='bbox 1266 2619 1329 2652; x_wconf 85' lang='grc' dir='ltr'>τοὺς</span> <span class='ocrx_word' id='word_1_722' title='bbox 1345 2620 1478 2652; x_wconf 72' lang='grc' dir='ltr'>εἰσιόντας</span> <span class='ocrx_word' id='word_1_723' title='bbox 1497 2620 1537 2652; x_wconf 84' lang='grc' dir='ltr'><strong>είς</strong></span> <span class='ocrx_word' id='word_1_724' title='bbox 1552 2619 1602 2655; x_wconf 86' lang='grc' dir='ltr'>τὴν</span> <span class='ocrx_word' id='word_1_725' title='bbox 1617 2619 1783 2654; x_wconf 82' lang='grc' dir='ltr'>Ἐκκλησίαν</span> <span class='ocrx_word' id='word_1_726' title='bbox 1801 2618 1856 2645; x_wconf 82' lang='grc' dir='ltr'>τοῦ</span> 
     </span>
    </p>
   </div>
   <div class='ocr_carea' id='block_1_112' title="bbox 1053 2667 1249 2699">
    <p class='ocr_par' dir='ltr' id='par_1_112' title="bbox 1053 2667 1249 2699">
     <span class='ocr_line' id='line_1_112' title="bbox 1053 2667 1249 2699; baseline -0.005 -5"><span class='ocrx_word' id='word_1_727' title='bbox 1053 2667 1131 2699; x_wconf 82' lang='grc' dir='ltr'>Θεοῦ,</span> <span class='ocrx_word' id='word_1_728' title='bbox 1147 2676 1173 2694; x_wconf 90' lang='grc' dir='ltr'><strong>κ.</strong></span> <span class='ocrx_word' id='word_1_729' title='bbox 1188 2675 1212 2693; x_wconf 85' lang='grc' dir='ltr'><strong>τ.</strong></span> <span class='ocrx_word' id='word_1_730' title='bbox 1224 2667 1249 2693; x_wconf 91' lang='grc' dir='ltr'><strong>λ.</strong></span> 
     </span>
    </p>
   </div>
   <div class='ocr_carea' id='block_1_113' title="bbox 1195 2712 1702 2746">
    <p class='ocr_par' dir='ltr' id='par_1_113' title="bbox 1195 2712 1702 2746">
     <span class='ocr_line' id='line_1_113' title="bbox 1195 2712 1702 2746; baseline -0.002 -7"><span class='ocrx_word' id='word_1_731' title='bbox 1195 2712 1331 2739; x_wconf 78' lang='grc' dir='ltr'>Συνόδου</span> <span class='ocrx_word' id='word_1_732' title='bbox 1348 2712 1522 2746; x_wconf 81' lang='grc' dir='ltr'>ΛαοδικεΙας</span> <span class='ocrx_word' id='word_1_733' title='bbox 1538 2712 1639 2739; x_wconf 75' lang='grc' dir='ltr'>κανὼν</span> <span class='ocrx_word' id='word_1_734' title='bbox 1651 2712 1702 2746; x_wconf 78' lang='grc' dir='ltr'><strong>λγ’.</strong></span> 
     </span>
    </p>
   </div>
   <div class='ocr_carea' id='block_1_114' title="bbox 1090 2757 1859 2794">
    <p class='ocr_par' dir='ltr' id='par_1_114' title="bbox 1090 2757 1859 2794">
     <span class='ocr_line' id='line_1_114' title="bbox 1090 2757 1859 2794; baseline 0 -10"><span class='ocrx_word' id='word_1_735' title='bbox 1090 2759 1141 2793; x_wconf 82' lang='grc' dir='ltr'>λγ’.</span> <span class='ocrx_word' id='word_1_736' title='bbox 1162 2759 1223 2786; x_wconf 72' lang='grc' dir='ltr'>Ὀτι</span> <span class='ocrx_word' id='word_1_737' title='bbox 1237 2759 1266 2785; x_wconf 87' lang='grc' dir='ltr'>οὺ</span> <span class='ocrx_word' id='word_1_738' title='bbox 1280 2758 1321 2785; x_wconf 86' lang='grc' dir='ltr'><strong>δεῖ</strong></span> <span class='ocrx_word' id='word_1_739' title='bbox 1338 2759 1485 2793; x_wconf 80' lang='grc' dir='ltr'>αὶρετικοίς</span> <span class='ocrx_word' id='word_1_740' title='bbox 1508 2758 1524 2794; x_wconf 75' lang='grc' dir='ltr'>ἢ</span> <span class='ocrx_word' id='word_1_741' title='bbox 1543 2759 1733 2793; x_wconf 85' lang='grc' dir='ltr'>σχισματικοῖς</span> <span class='ocrx_word' id='word_1_742' title='bbox 1751 2757 1859 2785; x_wconf 79' lang='grc' dir='ltr'>συνεύ-</span> 
     </span>
    </p>
   </div>
   <div class='ocr_carea' id='block_1_115' title="bbox 1057 2805 1161 2840">
    <p class='ocr_par' dir='ltr' id='par_1_115' title="bbox 1057 2805 1161 2840">
     <span class='ocr_line' id='line_1_115' title="bbox 1057 2805 1161 2840; baseline 0.01 -9"><span class='ocrx_word' id='word_1_743' title='bbox 1057 2805 1161 2840; x_wconf 84' lang='grc' dir='ltr'>χεσθαι.</span> 
     </span>
    </p>
   </div>
   <div class='ocr_carea' id='block_1_116' title="bbox 1093 2849 1864 2886">
    <p class='ocr_par' dir='ltr' id='par_1_116' title="bbox 1093 2849 1864 2886">
     <span class='ocr_line' id='line_1_116' title="bbox 1093 2849 1864 2886; baseline -0.005 -7"><span class='ocrx_word' id='word_1_744' title='bbox 1093 2851 1241 2886; x_wconf 82' lang='grc' dir='ltr'>Ἀνάγνωοι</span> <span class='ocrx_word' id='word_1_745' title='bbox 1255 2851 1289 2878; x_wconf 81' lang='grc' dir='ltr'><strong>τὰ</strong></span> <span class='ocrx_word' id='word_1_746' title='bbox 1302 2849 1559 2886; x_wconf 78' lang='grc' dir='ltr'>παραγεγραμμένα</span> <span class='ocrx_word' id='word_1_747' title='bbox 1577 2850 1605 2876; x_wconf 77' lang='grc' dir='ltr'>ἐν</span> <span class='ocrx_word' id='word_1_748' title='bbox 1619 2849 1658 2886; x_wconf 82' lang='grc' dir='ltr'>τῷ</span> <span class='ocrx_word' id='word_1_749' title='bbox 1673 2853 1705 2877; x_wconf 87' lang='grc' dir='ltr'>ιε’</span> <span class='ocrx_word' id='word_1_750' title='bbox 1721 2859 1782 2884; x_wconf 83' lang='grc' dir='ltr'>κεφ.</span> <span class='ocrx_word' id='word_1_751' title='bbox 1806 2849 1864 2876; x_wconf 72' lang='grc' dir='ltr'>τοῦ</span> 
     </span>
    </p>
   </div>
   <div class='ocr_carea' id='block_1_117' title="bbox 1060 2895 1581 2932">
    <p class='ocr_par' dir='ltr' id='par_1_117' title="bbox 1060 2895 1581 2932">
     <span class='ocr_line' id='line_1_117' title="bbox 1060 2895 1581 2932; baseline -0.004 -9"><span class='ocrx_word' id='word_1_752' title='bbox 1060 2896 1081 2930; x_wconf 81' lang='grc' dir='ltr'><strong>γ’</strong></span> <span class='ocrx_word' id='word_1_753' title='bbox 1098 2896 1148 2924; x_wconf 80' lang='grc' dir='ltr'><strong>τίτ,</strong></span> <span class='ocrx_word' id='word_1_754' title='bbox 1168 2896 1214 2923; x_wconf 78' lang='grc' dir='ltr'>τοῦ</span> <span class='ocrx_word' id='word_1_755' title='bbox 1232 2896 1364 2932; x_wconf 81' lang='grc' dir='ltr'>παρόντος</span> <span class='ocrx_word' id='word_1_756' title='bbox 1383 2895 1581 2930; x_wconf 80' lang='grc' dir='ltr'>συντάγματος.</span> 
     </span>
    </p>
   </div>
  </div>
