1959 3060
120 145 163 179 881
475 146 676 177 SYNTAGMA
694 146 889 178 CANONUM.
908 158 915 163 -

982 145 1030 176 IT.
1048 145 1118 184 XII,
1138 146 1218 178 CAP.
1237 148 1321 186 VII-I,
1346 148 1401 179 IX.
1699 147 1752 180 882

152 201 273 228 ΚΕΦΑΑ.
296 199 335 228 Θ’.
360 215 397 221 -
417 201 488 235 Περὶ
510 201 686 229 ἐπισκόπων
707 202 727 237 ἢ
752 200 904 236 κ.2ηρικῶν

991 201 1068 229 CAP.
1087 201 1132 230 IX.
1148 218 1181 224 ——
1203 203 1240 231 De
1258 204 1386 239 episcopis
1397 207 1444 231 aut
1453 203 1558 231 clericis
1570 204 1616 240 qui
1633 205 1752 240 eulogia:

119 246 327 281 λαμϐανόντων
339 247 480 282 εὐλογίας
497 247 532 279 ἐξ
546 248 701 282 αιρέτικῶν
712 248 732 283 ἢ
741 247 903 280 Ἰουδαίων,

119 293 136 326 ἢ
148 292 319 327 εὐχομένων
340 292 375 320 ἐν
398 292 576 327 ἐκκλησίαις
593 293 614 326 ἣ
632 295 846 328 μοναστηριοις
864 295 906 321 αἰ-

115 338 246 374 ρπικῶν,
272 338 292 373 ἢ
312 338 450 370 ἐθνικῶν.
471 340 491 374 ἢ
517 340 766 374 σαϐϐατιζόντων,
789 342 808 375 ἢ
832 350 907 370 συν-

118 384 310 419 οορταζόντων
337 384 400 418 τοῖς
429 385 596 419 Ἰουδαίοις,
626 386 646 422 ἡ
673 387 907 421 προσφερόντων

117 429 302 466 συναγωγαῖς
324 430 344 465 ἣ
364 430 454 465 ἱεροῖς
475 431 581 465 ἐθνῶν,
606 432 656 460 καὶ
676 431 744 466 περι
773 432 906 468 Ἀγγελι-

118 485 184 504 των.
536 481 542 486 ’

305 533 497 570 Ἀποστᾴλων
511 534 612 562 κανὼν
620 535 672 572 ,εει
689 538 721 563 o'.

149 590 194 623 ξε’.
214 591 249 618 Εἴ
263 599 306 622 τις
329 590 490 627 κληρικδςῆ
514 591 617 626 λαῖκὺς,
639 580 753 619 εἰσέλθοι
779 592 820 624 εἰς
842 600 906 619 συν-

116 637 226 673 αγωγὴν
244 637 380 664 Ἰουδαίων
392 637 409 672 ἦ
422 637 569 674 αἱρετικῶν
584 637 799 674 προσεύξασθαι.
811 638 907 665 καθαι-

118 684 213 720 ρείσθω
224 683 272 710 καὶ
284 683 469 719 ἀφοριζὼθω.

149 733 179 757 o'.
201 729 235 757 Εῐ
249 738 291 762 τις
306 729 465 763 ἐπίσκοπος,
483 731 500 766 ἥ
522 730 719 766 πρεσϐύτερος,
738 730 755 765 ἢ
772 730 907 764 διάκονος,

116 776 132 811 ἦ
145 775 212 807 ὅλως
227 774 275 802 τοῦ
291 775 444 810 καταλόγου
459 775 513 803 τῶν
532 775 683 812 κληρικῶν,
697 775 823 810 νηστεύοι
839 775 908 811 μετὰ

124 820 264 854 Ἰουδαίων,
280 829 308 847 κ.
323 829 349 848 τ.
365 821 391 848 λ.

116 875 248 904 Συνόδου
267 876 565 913 Λαοδικείαςλκανὼν
586 876 620 911 θ’,
642 877 694 912 κθ’,
717 877 770 913 λβ’,
792 877 839 910 λε’,
856 876 906 908 λζ’,
923 883 945 911 Β

452 911 504 946 λη’,
525 913 573 939 λθ’.

150 966 183 994 θ’.
204 966 273 1002 Περὶ
291 966 337 994 τοῦ
354 967 392 1003 μὴ
418 969 569 1003 συγχωρεῖν
590 968 632 1000 εἰς
645 968 679 995 τὰ
695 968 873 1003 κοιμητήρια.
889 967 906 1003 ἢ

117 1014 155 1045 εἰς
171 1013 206 1040 τὰ
225 1013 362 1048 λεγόμενα
379 1015 531 1048 μαρτυρεία
550 1014 663 1041 πάντων
676 1014 731 1041 τῶν
750 1013 909 1049 αἱρετικῶν,

117 1059 226 1086 ἀπιέναι
248 1060 312 1090 τοὺς
333 1059 385 1094 τῆς
408 1059 590 1095 Ἑκκλησίας,
613 1059 698 1095 εὐχῆς
719 1060 736 1094 ἢ
761 1060 911 1095 θεραπείας

118 1104 214 1131 ἕνεκα·
240 1104 308 1132 ἀλλὰ
328 1106 392 1136 τοὺς
405 1105 555 1137 τοιούτους,
581 1104 628 1132 ἐὰν
644 1102 695 1132 ὦσι
717 1105 819 1137 πιστοὶ,
835 1105 911 1132 ἀκοι-

119 1151 253 1185 νωνήτους
265 1150 388 1184 γίνεσθαι
405 1151 486 1186 μέχρι
501 1152 589 1184 τινός”
607 1151 804 1187 μετανοοῦντας
818 1151 848 1178 δὲ
864 1151 911 1179 καὶ

119 1194 380 1231 ὲξομολογουμὲνους
393 1196 538 1230 ἐσφάλθαι,
557 1196 768 1232 παραδέχεσθαι.

154 1287 207 1314 κθ¹.
228 1287 290 1314 Ὀτι
303 1288 334 1315 οὐ
351 1288 391 1315 δεῖ
402 1289 583 1324 Χριστιανοὺς
601 1288 766 1322 Ἰουδαΐζειν,
779 1297 806 1316 κ.
820 1297 846 1316 τ.
858 1288 886 1315 λ.

153 1333 204 1368 λβ⁶.
223 1334 322 1361 Ὅτιού
334 1333 374 1361 δεῖ
388 1334 534 1369 αἱρετικῶν
551 1334 676 1369 εὐλογίας
688 1334 848 1370 λαμϐάνειν,
864 1332 910 1360 αῖ-

121 1379 195 1412 τινές
211 1381 280 1407 εἰσιν
297 1379 404 1414 ἁλογίαι
423 1380 524 1416 μᾶλλον
536 1380 553 1416 ἢ
567 1379 700 1414 εὐλογίαι.

154 1472 201 1499 λε’.
223 1473 285 1499 Ὀτι
312 1472 343 1499 οὐ
366 1472 407 1499 δεῖ
422 1471 617 1507 Χριστιανοὺς.
641 1471 850 1506 ἐγκαταλείπειν
864 1470 915 1507 τὴν

126 1519 290 1554 Ἐκκλησίαν
315 1519 362 1546 τοῦ
389 1518 469 1551 Θεοῦ,
494 1519 542 1545 καὶ
565 1518 688 1551 ἀπιέναι,
711 1518 758 1545 καὶ
779 1518 915 1553 ἀγγέλους

960 248 993 274 ab
1009 247 1140 275 haereticis
1154 248 1194 275 vel
1203 248 1305 276 luditis
1317 249 1462 285 accipiunt,
1475 254 1523 277 aut
1536 254 1614 277 orant
1628 250 1654 277 iu
1668 251 1752 278 eccle-

960 294 1008 320 siis
1034 294 1073 321 uel
1092 295 1261 321 monasteriis
1288 294 1475 323 hrereticorum
1497 299 1544 322 aut
1570 295 1746 328 ethnicorum,

959 339 999 367 vel
1024 339 1171 374 Sabbotum
1188 340 1294 376 aliaque
1317 341 1386 376 festa
1400 349 1460 368 cum
1482 340 1587 369 Judceis
1607 342 1752 375 celebrant,

960 389 1006 412 aut
1021 384 1165 413 oblationes
1177 386 1279 421 faciunt
1287 387 1428 423 eynagogis
1437 387 1477 415 vel
1485 387 1557 422 fanis
1568 388 1752 416 ethnicorum:

959 430 1023 458 item
1036 430 1069 458 de
1083 431 1222 467 Angelitis.

1137 534 1326 570 Apsotolorum
1344 542 1456 562 canones
1468 533 1514 568 65,
1528 534 1575 563 70.

996 593 1030 620 65
1043 592 1113 629 [63].
1131 592 1235 628 Siquis
1249 592 1367 620 clericus
1380 593 1422 620 vel
1443 589 1538 620 laicus'
1551 591 1579 619 in
1595 591 1751 619 Judmorum

960 638 1043 674 394
1058 638 1100 665 vel
1118 637 1311 665 haereticorum
1333 644 1500 672 synagogam
1514 637 1655 672 ingressus
1669 636 1706 664 sit
1717 635 1752 663 ad

961 684 1107 715 orandum,
1122 683 1276 717 deponatur
1285 686 1312 710 et
1328 687 1495 718 segregetur.

996 728 1031 756 70
1055 727 1124 765 [69].
1148 728 1177 756 Si
1195 728 1257 763 quis
1283 729 1440 764 episcopus,
1465 728 1507 756 vel
1531 727 1685 764 presbyter,
1703 726 1748 755 vel

960 775 1105 807 diaconus,
1119 774 1160 801 vel
1180 774 1293 802 omnino
1306 782 1340 802 ex
1354 774 1516 802 clericorum
1529 775 1664 809 catalago,
1675 773 1749 809 jeju-

963 826 1009 850 nat
1020 829 1082 850 cum
1097 820 1210 852 Iudaeis.
1227 825 1292 853 εις..
1311 826 1338 848 ut
1354 829 1417 857 pag.
1431 820 1494 848 738.

1136 877 1250 906 Coneilii
1288 877 1428 905 Laodiceni
1452 885 1565 905 canones
1588 876 1616 910 9,
1639 876 1686 909 29,
1705 875 1752 909 52,

1225 913 1270 946 55,
1291 913 1336 947 57,
1356 913 1402 946 58,
1418 913 1463 941 59.

996 969 1024 1002 9,
1045 968 1103 996 Non
1117 967 1321 996 concedendum
1334 975 1406 999 esse.
1423 971 1452 995 ut
1466 968 1493 995 in
1508 967 1666 996 cmmeteria
1676 987 1684 1000 ,
1705 966 1750 995 vel

962 1014 1034 1042 inea
1047 1021 1109 1049 quae
1130 1013 1261 1041 dicuntur
1290 1012 1422 1048 martyria
1452 1011 1615 1047 quarumvis
1644 1011 1753 1039 haereti-

962 1066 1068 1092 corum,
1087 1059 1186 1086 abeant
1207 1059 1225 1085 ii
1251 1058 1296 1093 qui
1310 1062 1375 1085 sunt
1392 1057 1532 1090 Ecclesiae,
1556 1056 1688 1084 orationis
1710 1055 1754 1084 vel

962 1105 1149 1134 venerationis
1165 1104 1262 1140 gratia.
1284 1103 1337 1132 Sed
1358 1104 1426 1132 tales
1446 1104 1470 1131 si
1489 1104 1546 1132 sint
1565 1103 1668 1136 ﬁdeles,
1691 1109 1754 1130 esse

962 1151 1160 1187 aliquantisper
1173 1149 1429 1178 excommunicatos
1460 1158 1468 1177 :
1492 1149 1534 1177 sin
1550 1153 1641 1176 autem
1663 1146 1754 1183 paeni-

963 1198 1049 1225 tentia
1068 1197 1216 1229 ducantur.
1233 1201 1261 1224 et
1275 1203 1305 1224 se
1321 1195 1470 1231 deliquisse
1482 1195 1676 1227 conﬁteantur,
1693 1200 1756 1222 sus-

964 1250 1029 1279 ctpt.

1001 1287 1046 1315 29.
1058 1287 1136 1320 Quod
1148 1294 1202 1315 non
1214 1291 1323 1322 oportet
1336 1286 1511 1320 Christianos
1521 1285 1674 1321 judaizare.

1002 1333 1048 1361 32.
1065 1332 1142 1366 Quod
1161 1340 1215 1360 non
1225 1337 1333 1368 oportet
1346 1333 1537 1367 haereticorum
1552 1330 1758 1360 benedictiones

968 1380 1093 1415 accipere
1108 1388 1170 1415 quae
1184 1383 1249 1407 sunt
1259 1378 1353 1414 potius
1370 1377 1585 1410 maledictiones,
1602 1383 1685 1411 quam
1708 1375 1758 1404 be-

968 1425 1149 1453 nedictiones.

1003 1472 1048 1499 55.
1069 1471 1146 1504 Quod
1171 1478 1226 1499 non
1247 1475 1355 1506 oportet
1377 1468 1560 1503 Christianos,
1588 1467 1683 1496 relicta
1712 1466 1760 1494 Dei

973 1519 1106 1552 Ecclesia,
1121 1519 1207 1551 abire,
1236 1523 1263 1547 et
1285 1519 1397 1553 angelos
1417 1518 1571 1549 nominare.
1588 1517 1630 1545 vel
1645 1524 1760 1552 congre-

118 1565 274 1601 ὀνομάζειν,
291 1565 340 1592 καὶ
353 1564 477 1597 συνάξεις
493 1565 597 1601 ποιεῖν·
619 1564 691 1599 ἆπερ
708 1564 907 1600 ἀπηγόρευται.

979 1567 1094 1602 ςοιίοηεε
1109 1566 1215 1599 facere;
1234 1565 1307 1600 quod
1320 1569 1363 1593 est
1374 1565 1552 1600 prohibitum.
1572 1564 1675 1599 Siquis
1697 1571 1761 1600 ergo

120 1611 154 1638 Εἴ
163 1619 205 1642 τις
225 1609 271 1638 οὖν
287 1610 385 1647 εὑρεθῇ
404 1611 492 1647 ταύτῃ
514 1611 547 1646 τῇ
572 1610 752 1646 κεκρυμμένῃ
775 1610 916 1637 εἰδωλολα-

121 1657 201 1692 τρειᾳ
216 1656 365 1692 σχολάζων,
383 1657 453 1683 ἔστω
470 1656 612 1691 ἀνάθεμα·
638 1657 679 1683 ὅτι
696 1656 857 1690 ἐγκατέλιπε
869 1656 915 1683 τὸν

122 1700 226 1735 Κύριον
239 1700 318 1734 ἡμῶν
329 1700 434 1736 Ἰησοῦν
448 1700 565 1736 Χριστὸν
580 1700 625 1727 τὸν
637 1700 700 1728 Υἱὸν
715 1700 762 1727 τοῦ
776 1700 854 1734 Θεοῦ,
868 1701 917 1728 καὶ

120 1746 329 1782 εἰδωλολατρείᾳ
345 1747 509 1782 προσῆλθεν.

156 1792 208 1824 λζ’.
229 1793 292 1819 ’Ότι
309 1793 340 1819 οὐ
355 1792 395 1818 δεῖ
409 1792 486 1827 παρὰ
498 1792 554 1819 τῶν
570 1792 728 1828 αἱρετικῶν,
748 1792 764 1828 ἢ
780 1792 917 1819 Ἰουδαίων

119 1839 156 1866 τὰ
167 1839 333 1874 πεμπόμενα
346 1838 510 1875 ἐορταστικὰ
520 1839 681 1874 λαμϐάνειν,
696 1838 763 1874 μηδὲ
775 1839 919 1874 συνεορτά-

120 1885 180 1917 ζειν
195 1885 298 1916 αὐτοῖς.

158 1930 210 1966 λη’.
233 1931 294 1958 Ὀτι
307 1931 337 1958 οὺ
354 1931 394 1958 δεῖ
413 1931 489 1966 παρὰ
512 1930 567 1958 τῶν
593 1930 728 1957 Ἰουδαίων
743 1929 836 1965 ἄζυμα
850 1929 920 1964 λαμ-

120 1976 217 2003 ϐάνειν
232 1977 249 2012 ἢ
267 1977 407 2004 κοινωνεῖν
422 1977 482 2008 ταῖς
496 1976 635 2008 ἁσεὸείαις
650 1974 749 2002 αὐτῶν.

161 2021 210 2051 λθ’.
239 2023 301 2050 Ὀτι
324 2023 353 2049 οὐ
379 2023 419 2049 δεῖ
449 2023 506 2054 τοῖς
533 2021 622 2048 ἔθνεσι
654 2020 846 2057 συνεορτάζειν
872 2019 920 2047 καὶ

120 2069 263 2096 κοινωνεῖν
280 2070 314 2105 τῇ
328 2068 455 2104 ἀθεότητι
469 2068 570 2096 αὐτῶν.

196 2126 332 2156 Συνόδου
345 2125 556 2161 οικουμενικῆς
572 2125 664 2162 ἕκτης
684 2124 784 2154 κανὼν
803 2129 848 2153 ια’.

163 2177 209 2201 ια’.
229 2173 332 2206 Μηδεὶς
347 2173 402 2200 τῶν
422 2174 451 2200 ὲν
473 2171 604 2207 ἱερατικῷ
623 2171 850 2207 καταλεγομένων
872 2171 921 2199 τά-

967 1612 1093 1640 inventus
1111 1611 1388 1640 fueritbuicoccultze
1410 1611 1572 1638 idololatria:
1594 1618 1701 1643 vacare,
1725 1609 1762 1637 sit

968 1658 1125 1689 anathema,
1140 1657 1203 1693 quia
1222 1657 1334 1692 reliquit
1358 1657 1502 1684 Dominum
1528 1660 1651 1684 nostrutn
1667 1655 1761 1683 Jesum

966 1704 1116 1736 Christum.
1128 1708 1156 1732 et
1170 1704 1286 1732 accessit
1302 1704 1335 1731 ad
1354 1702 1549 1731 idololatriam.

1005 1793 1050 1821 51.
1065 1793 1143 1826 Quod
1160 1800 1212 1820 non
1227 1796 1337 1828 oportet
1350 1800 1411 1828 quae
1422 1800 1438 1821 a
1452 1791 1554 1820 ludatis
1569 1792 1611 1820 vel
1626 1791 1763 1819 haereticis

970 1839 1116 1866 mittuntur
1143 1838 1239 1866 festiva
1266 1839 1410 1875 accipere,
1433 1846 1522 1874 neque
1553 1846 1607 1866 una
1634 1846 1697 1865 cum
1723 1838 1764 1865 eis

970 1884 1071 1912 festum
1089 1891 1181 1920 agere.

1007 1931 1053 1958 38.
1074 1930 1152 1964 Quod
1171 1938 1223 1958 non
1240 1935 1349 1966 oportet
1371 1939 1385 1959 a
1401 1930 1504 1959 Iudaeis
1518 1937 1612 1966 azyma
1629 1930 1763 1964 accipere,

971 1975 1014 2003 vcl
1028 1982 1123 2003 eorum
1138 1975 1325 2010 itnpietatibus
1344 1975 1559 2003 communicare.

1009 2022 1052 2048 59.
1066 2020 1144 2054 Quod
1160 2029 1213 2049 non
1228 2025 1337 2056 oportet
1348 2029 1411 2048 cum
1423 2022 1551 2057 gentibus
1563 2020 1660 2048 festum
1673 2026 1765 2055 agere,

971 2072 1107 2096 eteorum
1125 2067 1257 2102 impietati
1273 2067 1484 2095 communicare.

1132 2122 1248 2151 Concilii
1262 2123 1415 2150 acumeniei
1429 2131 1456 2150 vt
1469 2131 1551 2150 canon
1566 2123 1608 2151 ll.

1010 2168 1053 2196 ll.
1067 2167 1154 2196 Nemo
1162 2175 1257 2196 eorum
1272 2169 1319 2203 qui
1331 2169 1357 2195 in
1373 2169 1641 2197 sacerdotaliordine
1653 2175 1766 2196 enume-

121 2225 213 2251 τματι
238 2217 255 2251 ἢ
285 2216 389 2249 λαῖκὺς,
420 2215 455 2243 τὰ
484 2215 559 2251 παρὰ
582 2215 636 2242 τῶν
665 2214 803 2243 Ἰουδαίων
827 2215 915 2252 ἄζυμα

979 2219 1070 2242 rantur
1094 2215 1135 2242 vel
1155 2214 1242 2243 laicus
1269 2213 1426 2242 Iudaeorum
1462 2215 1597 2248 comedat,
1632 2219 1698 2247 etc.,
1736 2218 1766 2241 ut

121 2262 251 2293 ἐσθιέτω,
268 2271 294 2290 κ.
306 2271 332 2289 τ.
345 2262 370 2290 λ.

168 2309 202 2334 Ἥ
226 2311 250 2336 α’
273 2308 344 2335 stoc.
369 2307 417 2348 τοῦ
443 2307 464 2334 θ’
489 2307 543 2336 τιτ.
570 2307 617 2335 τοῦ
641 2311 666 2335 α’
692 2308 761 2343 βιόλ.
785 2308 832 2335 τοῦ
855 2308 920 2336 κώδ.

123 2356 223 2390 φησιν,
238 2354 322 2381 ὅτιτὸ
333 2355 366 2390 τῇ
380 2354 461 2389 opus:
474 2354 529 2382 τῶν
544 2353 678 2381 Ἰουδαίων
692 2355 921 2390 ληγατευόμενον,

123 2402 178 2429 οὐκ
195 2401 361 2428 ἀπαιτεῖται·
377 2400 491 2435 λέγειδὲ
506 2400 577 2435 βιὸλ.
591 2401 639 2434 λδ’,
654 2401 747 2433 τῑτ.ε’,
760 2401 831 2429 διάτ.
842 2399 922 2435 κ’,ὄτι

124 2449 160 2475 τὸ
179 2439 398 2482 ληγατευόμενον
423 2446 528 2482 θεμιτῷ
555 2447 700 2483 σωματειῳ
721 2448 738 2483 ἢ
756 2447 922 2483 συστήματι,

122 2493 267 2528 ἔρρωται·
294 2491 325 2518 τὸ
341 2491 462 2518 ἐναντίον
477 2491 506 2518 δὲ
520 2491 566 2518 ἐπὶ
587 2491 728 2527 ἀθεμίτου,
744 2491 814 2528 πλὴν
838 2493 862 2518 ει
887 2492 924 2528 μὴ

121 2538 185 2569 τοῖς
200 2537 229 2563 ἐν
243 2536 282 2572 τῷ
307 2535 382 2572 αὖτῷ
398 2535 566 2563 καθέκαστον
589 2536 756 2572 ληγατευθῇ·
783 2537 843 2564 τότε
870 2538 924 2573 γὰρ

121 2584 267 2619 ἐρῤωται.
292 2582 382 2609 Πολλὰ
395 2582 424 2609 δὲ
437 2582 549 2609 τοιαῦτα
566 2582 672 2618 θέματα
689 2583 745 2618 ἔχει
767 2584 782 2610 ὁ
809 2583 854 2619 μη¹
872 2583 925 2611 τίτ.

122 2630 176 2656 toﬁ
193 2629 220 2662 ς’
235 2628 305 2664 βιὸλ.
319 2629 366 2656 τοῦ
383 2628 448 2656 κώδ.
461 2630 478 2664 ἡ
494 2628 522 2655 δὲ
539 2629 560 2656 θ’
573 2629 643 2657 διάτ.
659 2629 706 2656 τοῦ
723 2633 758 2657 ια’
773 2630 827 2658 τίς.
842 2629 889 2657 τοῦ
902 2633 926 2657 α’

125 2674 205 2710 βιῦλ.
224 2675 318 2709 φησὶν,
335 2674 377 2701 ὅτι
391 2674 438 2700 ὲάν
451 2673 477 2700 ’ἐι
493 2673 602 2710 δωρηθῇ
620 2674 636 2710 ἢ
651 2675 818 2711 καταλειφθῇ
833 2674 927 2707 τόποις

123 2721 143 2756 ἣ
163 2720 318 2756 προσώποις
332 2720 378 2746 ἐπὶ
392 2720 520 2746 συστάσει
532 2721 581 2754 τῆς
591 2719 646 2746 τῶν
663 2720 797 2754 Ἑλλήνων
808 2720 923 2756 πλάνης,

123 2768 145 2801 ἡ
166 2765 244 2797 πόλις
257 2766 322 2793 αὐτὸ
339 2765 474 2801 λαμϐάνει
497 2767 525 2792 ὲν
585 2765 620 2791 τὰ
638 2766 775 2801 πρόσωπα
790 2768 861 2794 οἰκεῖ
874 2777 881 2784 ·
908 2767 924 2802 ἢ

124 2813 176 2847 ὑφ’
191 2813 225 2847 ἢν
250 2813 276 2839 οἱ
302 2814 380 2839 τόποι
404 2812 554 2840 διάκεινται
574 2813 621 2839 καὶ
646 2813 836 2846 δαπανῶνται,
863 2813 925 2842 καθ’

124 2857 278 2893 ὁμοιότητα
292 2856 347 2884 τῶν
364 2857 510 2884 πολιτικῶν
525 2857 674 2893 προσόδων.

975 2268 1037 2295 pag.
1050 2260 1113 2287 738.

1015 2308 1120 2334 Tutus.
1135 2306 1217 2342 395
1235 2306 1330 2335 Const.
1352 2307 1378 2340 1,
1396 2307 1439 2334 tit.
1461 2307 1488 2341 9,
1509 2307 1556 2334 lib.
1586 2315 1595 2334 ι
1615 2306 1684 2336 Cod.
1710 2306 1765 2334 ait:

977 2352 1055 2385 Quod
1072 2352 1244 2380 universitati
1264 2352 1422 2380 Iudaeorum
1450 2353 1565 2388 legatur,
1581 2361 1633 2380 non
1655 2353 1767 2388 petitur.

980 2399 1051 2426 Dicit
1064 2405 1130 2426 vero
1146 2398 1227 2426 etiam
1239 2399 1286 2427 lib.
1301 2407 1394 2432 xxxtv,
1411 2400 1453 2426 tit.
1474 2399 1501 2430 5,
1517 2392 1671 2437 ᾱίςεειθῄι
1688 2398 1767 2432 Quod

978 2445 1052 2472 licito
1068 2445 1176 2480 corpori
1195 2449 1243 2472 aut
1267 2445 1384 2480 collegio
1402 2445 1518 2480 legatur,
1544 2445 1626 2472 valet.
1652 2444 1769 2472 Contra-

977 2491 1048 2519 rium
1065 2495 1157 2519 autem
1173 2495 1215 2519 est
1237 2491 1263 2518 in
1294 2491 1390 2519 illicito
1415 2500 1424 2520 :
1443 2496 1624 2527 prmterquam
1639 2491 1661 2518 si
1679 2490 1706 2517 in
1722 2490 1768 2517 illo

982 2537 1098 2572 singulis
1122 2537 1237 2572 legetur,
1257 2541 1321 2564 tunc
1348 2537 1421 2565 enim
1446 2538 1528 2565 valet.
1555 2536 1655 2565 Multas
1676 2541 1768 2564 autem

982 2583 1137 2610 istiusmodi
1167 2582 1258 2619 [juris]
1280 2583 1428 2618 positiones
1446 2584 1487 2612 tit.
1507 2584 1552 2617 48,
1579 2584 1626 2611 tib.
1643 2591 1680 2616 \'l,
1700 2583 1767 2611 Cod.

979 2628 1072 2656 habet.
1089 2629 1183 2657 Const.
1208 2637 1291 2663 porro
1307 2629 1334 2660 9.
1357 2631 1397 2657 tit.
1417 2630 1459 2663 λ
1473 2630 1521 2657 lib.
1542 2637 1562 2664 I-,
1580 2630 1636 2658 ait:
1658 2630 1686 2657 Si
1702 2629 1768 2664 quid

979 2673 1179 2709 [quibuspiam]
1192 2673 1263 2708 jocis
1285 2679 1333 2701 aut
1357 2675 1482 2709 personis
1497 2676 1530 2702 ad
1546 2675 1768 2702 constituendum

982 2728 1147 2755 paganorum
1161 2727 1286 2748 errarent
1310 2722 1441 2748 dormtum
1465 2725 1513 2749 aut
1529 2721 1652 2749 relictum
1668 2720 1766 2747 fuerit:

979 2766 1076 2794 civitas
1098 2767 1125 2793 in
1150 2774 1202 2801 qua
1232 2775 1355 2800 persona
1373 2767 1506 2800 habitant,
1520 2767 1561 2795 vel
1575 2767 1627 2795 sub
1641 2774 1694 2801 qua
1709 2767 1767 2797 Ioc:

980 2813 1032 2840 sita
1043 2817 1118 2845 sunt,
1130 2813 1195 2841 illud
1208 2814 1334 2848 percipit,
1344 2818 1372 2842 et
1383 2813 1415 2841 ad
1427 2814 1633 2841 similitudinem
1645 2813 1763 2841 civiliunr

981 2863 1163 2893 proventuum
1185 2857 1343 2886 insumitur.

1852 2611 1881 2653 ll
