1951 3071
139 151 194 185 886

511 152 712 184 SYNTAGMA
730 154 926 186 CANONUM.
939 168 974 174 -
986 156 1061 188 TIT.
1080 158 1150 196 XII,
1168 158 1247 191 CAP.
1265 157 1384 191 X-XIV.

1722 160 1775 193 886

141 207 213 235 κατὰ
228 210 274 234 τὸν
291 207 362 234 οεῖον
382 207 542 235 Ἀπόστολον
555 217 562 224 ’
592 209 748 245 ’Πγ-ίασται
767 210 823 246 γὰρ
838 213 854 238 ὁ
867 211 936 239 ἀπι-

1000 213 1122 246 ίιιιιίιοι-θ,
1145 215 1186 242 vel
1209 220 1237 243 et
1258 220 1366 248 contra,
1382 222 1419 244 ne
1431 222 1448 244 ιι
1471 214 1629 244 seinvicem
1646 223 1775 252 separen-

141 261 216 287 στος
236 253 315 287 ἀνὴρ
338 254 372 280 ἐν
389 253 426 288 τῇ
444 254 575 288 γυναικὶ,
595 255 645 282 καὶ
667 256 808 291 ἡγίασται
827 258 846 292 ἠ
865 258 934 285 ἄπι-

141 307 216 334 στος
230 299 308 335 γυνὴ
325 299 360 327 ἐν
372 298 413 334 τῷ
426 299 523 335 ἀνδρί.

183 393 213 420 '0
227 393 365 426 πολιτικὸς
380 393 473 428 νόμος,
488 395 514 421 εἰ
527 395 575 421 καὶ
594 395 629 423 τὰ
650 395 768 430 μάλιστα
784 396 829 422 τὸν
847 397 936 432 γάμον

141 439 299 475 ὁριζόμενος
310 440 402 475 φησὶν,
415 439 486 475 βιὸλ.
498 439 551 475 κγ’,
565 441 617 468 τίτ.
627 440 660 476 β’,
668 441 738 469 διάτ.
748 440 783 474 α’,
795 442 837 469 ὅτι
849 443 937 477 γάμος

143 485 219 512 ἐστὶν
233 485 328 522 ἀνδρὸς
344 486 392 513 καὶ
408 486 537 520 γυναικὸς
555 487 698 521 συνάφεια,
717 487 763 514 καὶ
779 487 938 522 συγκλήρω-

145 541 190 564 σις
202 532 293 568 πάσης
305 534 354 568 τῆς
367 533 451 569 ζωῆς,
464 533 537 561 θείου
549 543 580 561 τε
591 534 639 561 καὶ
649 534 819 570 ἀνθρωπίνου
831 534 936 562 δικαίου

144 579 283 611 κοινωνία,
301 579 349 607 καὶ
365 579 436 606 κατὰ
449 579 543 607 τοῦτον
557 580 603 607 τὸν
627 580 690 615 ὅρον
712 580 764 607 ἔδει
781 581 843 612 τοὺς
856 581 938 616 γάμῳ

145 624 377 659 συναπτομένους,
393 624 583 660 όμοθρήσκους
607 623 694 652 εῖναι·
719 625 793 660 ὅμως
814 623 869 652 οἶδε
890 626 938 653 καὶ

143 666 251 702 δέχεται
263 667 364 702 μεταξὺ
376 668 518 703 όρθοδόξου
530 669 579 696 καὶ
589 669 728 704 αἱρετικοῦ
745 669 835 705 γάμον
847 678 854 686 '
870 671 938 705 φησὶ

143 713 200 748 γὰρ
215 712 286 748 βιὸλ.
302 713 326 741 α’
340 714 387 741 τοῦ
403 714 468 742 κώδ.
482 714 588 748 τίτ.,ε’,
603 715 673 742 διὰτ.
690 715 735 751 ιβ’,
748 716 788 743 ὅτι
799 716 938 752 ἀμφισϐη-

146 759 266 788 τούντων
280 760 334 787 τῶν
351 761 462 794 γονέων,
484 761 713 797 ὲπικρατέστερος
728 762 802 789 ἐστὶν
820 764 834 790 ὁ
854 763 939 790 θέλων

145 805 179 840 τῇ
195 805 329 841 ὁρθοδόξῳ
346 806 437 833 πίστει
462 807 525 838 τοὺς
540 807 637 839 παῖδας
659 809 846 842 προσαγαγεῖν
859 817 865 824 ·
891 809 939 836 καὶ

145 851 215 879 διάτ.
237 850 272 886 ιη’
295 851 341 878 τοῦ
359 851 442 878 αὑτοῦ
461 852 514 879 τίτ.
538 852 580 880 ὅτι
604 853 652 879 ἐὰν
669 853 783 889 θάτερος
804 853 859 880 τῶν
877 862 939 880 συν-

145 896 293 924 οικούντων
310 897 450 933 όρθόδοξος
466 899 520 933 εῐη,
536 898 583 925 καὶ
601 899 615 925 ό
634 898 713 930 ἄλλος
734 900 882 934 αἱρετικὸς,
899 900 940 926 δεῖ

145 943 270 976 γίνεσθαι
280 943 342 975 τοὺς
359 944 458 976 παῖδας
471 944 562 972 αὐτῶν
578 944 744 980 όρθοδόξους·
761 945 809 972 καὶ
822 945 892 981 βιϐλ.
904 945 937 979 ε’,

144 986 199 1013 τίτ.
215 986 250 1020 α’,
262 987 332 1014 διάτ.
343 987 374 1020 ι’,
393 988 440 1014 ἐὰν
455 989 471 1023 ὴ
490 989 596 1024 μνηστὴ
610 990 776 1024 παραιτῆται
789 990 833 1016 τὸν
849 990 938 1025 γάμον

147 1032 193 1059 διὰ
207 1033 238 1060 τὸ
251 1033 300 1065 τῆς
317 1033 465 1069 θρησκείας
480 1035 618 1070 διάφορον,
642 1036 666 1062 ει
683 1036 732 1071 μὲν
757 1037 867 1072 προῄδει
890 1037 939 1072 τὴν

147 1079 248 1111 αἰτίαν,
266 1080 283 1115 ή
297 1080 366 1116 γυνὴ
380 1081 396 1116 ἦ
411 1081 436 1108 oi
453 1083 542 1115 γονεῖς
556 1082 641 1117 αὐτῆς
663 1083 822 1110 ὑπόκεινται
839 1092 846 1099 ·
872 1083 895 1110 εἰ
911 1083 939 1109 δὲ

146 1125 274 1160 ἠγνόουν,
288 1125 305 1161 ἢ
323 1127 393 1161 μετὰ
408 1127 439 1153 τὸ
452 1127 544 1154 λαϐεῖν
564 1129 628 1160 τοὺς
653 1129 815 1164 ὰῤῥαὸὦνας
834 1130 851 1165 ἠ
866 1129 940 1157 αἰτία

148 1168 261 1205 συνέϐη,
275 1170 305 1196 τὺ
320 1170 422 1198 ἁπλοῦν
438 1171 591 1199 ἀναδίδοται
601 1181 608 1188 ⁵
624 1173 654 1200 τὸ
668 1174 733 1200 αὐτὸ
748 1174 794 1201 και¹
810 1175 855 1200 ἐπὶ
874 1183 942 1209 μνη-

149 1215 266 1250 στῆρος.
285 1216 317 1242 Ἦ
341 1216 370 1243 δὲ
394 1220 420 1249 ς’
440 1217 510 1244 διάτ.
528 1218 575 1245 τοῦ
594 1218 616 1245 0’
635 1220 686 1247 τίτ.
704 1219 751 1246 τοῦ
766 1223 790 1246 α’
806 1220 876 1255 βιϐλ,
892 1220 940 1248 τοῦ

148 1260 215 1288 κώδ.
234 1261 325 1295 φησὶν,
342 1261 384 1289 ὅτι
399 1262 562 1298 Χριστιανὸς
578 1264 725 1300 λαμϐάνων
742 1265 875 1293 Ἰουδαίαν
888 1275 940 1300 γα-

150 1307 247 1343 μετὴν,
264 1308 281 1344 ἢ
298 1308 465 1346 Χριστιανὴν
479 1310 618 1344 Ἰουδαῖος,
633 1312 679 1338 ἐπὶ
696 1313 805 1348 μοιχείᾳ
821 1322 940 1349 κατηγο-

152 1355 252 1382 οεῖται.

186 1415 312 1443 ΚΕΦΑΛ.
336 1417 385 1444 1Δ’.
410 1432 445 1438 -
474 1419 543 1453 Περὶ
568 1418 629 1446 τῶν
655 1419 690 1452 ἐξ
716 1420 871 1454 αἱρετικῶν
898 1422 942 1454 είς

150 1461 327 1495 ὁρθοδοείαν
338 1463 591 1499 ἐπιστρεφόντων,
614 1465 663 1492 καὶ
679 1467 704 1494 εὶ
724 1466 855 1494 δυνατὸν
873 1469 941 1494 τού-

151 1515 224 1540 τους
248 1509 444 1542 κληροῦσθαι,
465 1510 515 1537 καί
530 1511 612 1543 τίνες
623 1511 723 1538 αὐτῶν
738 1512 941 1545 βαπτίζονται,

151 1551 202 1577 καί
216 1552 296 1584 τίνες
310 1554 567 1589 μόνονρχρίονται,
590 1557 639 1584 καὶ
655 1556 699 1584 ὅτι
713 1543 813 1591 πράως
826 1557 873 1585 δεῖ
881 1543 943 1591 τοῖς
957 1543 980 1573 c

151 1599 310 1632 αἱρετικοῖς
328 1599 493 1634 κεχρῆσθαι
512 1601 561 1629 διὰ
577 1602 610 1629 τὸ
626 1603 804 1638 ἐπιστρέψαι
821 1605 942 1638 αὐτούς.

294 1654 431 1682 Συνόδου
448 1655 572 1689 Νικαίας
591 1657 691 1684 κανὼν
706 1660 742 1692 η’,
759 1656 801 1684 ιϐ’.

189 1703 227 1740 η’.
233 1705 310 1777 1Hspl
324 1706 379 1733 τῶν
391 1707 581 1742 ὀνομαζόντων
596 1707 647 1744 μὲν
662 1709 774 1741 ἑαυτοὺς
788 1709 945 1746 Καθαροὺς,

193 1758 220 1777 τ.
251 1771 259 1777 .

153 1758 184 1778 ιι.
193 1758 220 1778 τι
233 1758 259 1779 Α.

191 1796 233 1824 ιθ¹.
255 1797 323 1832 Περὶ
338 1798 392 1825 τῶν
406 1798 653 1833 Παυλιανισάντων,
669 1810 696 1828 κ.
710 1810 735 1828 τ.
751 1801 775 1829 λ.

289 1854 424 1881 Συνόδου
440 1855 617 1889 Λαοδικείας
629 1861 729 1884 κανὼν
743 1857 776 1891 ζ’,
794 1861 828 1893 η’.

191 1908 224 1942 ζ’.
236 1909 305 1946 Περὶ
319 1910 366 1937 τοῦ
379 1911 442 1943 τοὺς
453 1912 485 1938 ὲκ
495 1911 548 1940 τῶν
559 1912 705 1948 αἱρέσεων,
722 1914 845 1942 τουτέστι
856 1915 948 1943 Ναυα-

155 1955 257 1982 τιανῶν
283 1957 342 1992 ἦτοι
358 1957 546 1985 Φωτεινιανῶν
565 1958 582 1994 ἢ
608 1959 948 1996 Τεσσαρεσκαιδεκατιτῶν

156 2001 418 2037 ἐπιστρεφομένους,
436 2011 462 2030 κ.
477 2012 503 2030 τ.
516 2004 541 2031 λ.

193 2047 229 2083 η’.
249 2048 316 2084 Περὶ
339 2049 385 2076 τοῦ
410 2050 473 2082 τοὺς
488 2050 542 2076 ἀπὸ
564 2050 612 2085 τῆς
631 2050 764 2086 αἱρέσεως
789 2051 844 2078 τῶν
869 2051 947 2085 λεγο-

158 2094 249 2130 μένων
266 2095 381 2131 Φρυγῶν
396 2096 623 2133 ἐπιστρέφοντας,
637 2106 665 2124 κ.
677 2106 703 2127 τ.
717 2097 742 2124 λ.

221 2149 357 2179 Συνόδου
375 2152 722 2186 Κιιηνσταντινουπόλεως
736 2152 836 2180 κανὼν
850 2152 883 2185 ζ’.

193 2194 226 2228 ζ’.
247 2196 318 2229 Τοὺς
335 2198 566 2234 προστιθεμένους
584 2200 618 2235 τῇ
633 2198 783 2234 ὀρθοδοξίᾳ,
802 2208 830 2227 κ.
843 2208 870 2229 τ.
883 2199 907 2227 λ.

217 2296 352 2324 Συνόδου
366 2297 578 2332 Καρθαγθνης
591 2298 691 2333 κανὼν
706 2297 762 2334 με’,
777 2298 827 2333 VC’.
841 2299 894 2332 £9"-

194 2343 267 2378 Περὶ
280 2343 468 2371 Δονατιστῶν
482 2344 608 2372 παιδίων⁴
618 2343 678 2372 τῶν
689 2345 770 2379 παρὰ
782 2346 846 2379 τοῖς
860 2348 950 2375 Δονα-

158 2388 275 2422 τισταῖς
288 2388 524 2424 βαπτιζομένων.

198 2441 252 2478 μζ.
268 2443 397 2476 Ἤρεσεν,
415 2443 459 2471 tvo.
474 2444 658 2480 ὲρωτήσωμεν
671 2446 735 2477 τοὺς
756 2446 888 2481 ἀδελέροὺς
902 2447 950 2474 καὶ

160 2489 296 2524 ωνιερεῖς
313 2488 393 2524 ἡμῶν
405 2489 524 2524 Σιρίκιον
542 2491 588 2518 καὶ
607 2490 813 2526 Σιμπλικιανὸν,
832 2500 859 2520 κ.
881 2502 906 2521 τ.
923 2493 948 2520 λ.

197 2588 290 2615 Ὥστε
301 2588 372 2622 τοὺς
379 2589 508 2624 μικροὺς
519 2590 598 2626 ,παρή
614 2590 676 2624 τοῖς
690 2592 883 2626 Δονατισταῖς
893 2593 950 2626 βα-

160 2633 364 2669 πτιζομένους,
379 2635 415 2662 ἐν
431 2635 468 2670 τῇ
478 2637 624 2670 καθολικῇ
642 2638 803 2672 κληρικοὺς
822 2646 951 2674 χειροτο-

160 2679 287 2707 νεῖσθαι.

196 2725 246 2758 νζ’.
266 2726 312 2753 Διὸ
334 2726 427 2763 ἐπειδὴ
452 2728 481 2754 ἐν
506 2728 540 2763 τῇ
565 2727 694 2762 ἀνωτέρω
718 2729 818 2766 συνόδῳ
842 2730 951 2766 ὁρισῧὲν

163 2771 312 2807 μέμνηται,
328 2781 356 2800 κ.
369 2781 394 2800 τ.
407 2773 432 2800 λ.
758 2792 760 2795 -

201 2859 222 2875 ’ί
237 2860 245 2887 l
260 2860 324 2888 Cor.
343 2869 391 2894 vu,
410 2862 452 2890 M.

987 263 1040 286 tur.
1059 258 1099 286 Ex
1119 259 1203 287 divini
1225 261 1298 288 enim
1313 261 1392 289 Pauli
1413 262 1547 289 sententia
1564 271 1571 289 :
1587 261 1775 298 Sanctificatus

985 308 1025 332 eat
1038 305 1077 332 vir
1089 305 1203 340 inﬁdelis
1220 307 1247 333 in
1269 307 1390 340 muliere,
1404 311 1430 335 et
1440 308 1612 343 sanctiﬁcata
1625 315 1664 337 est
1682 309 1776 336 mulier

987 350 1101 384 inﬁdelis
1112 351 1139 378 in
1152 352 1208 379 viro
1214 353 1248 379 ”.

1024 397 1131 426 Textua.
1145 413 1182 419 —
1199 398 1294 427 Civilis
1312 400 1353 426 lex
1373 399 1495 432 tametsi,
1511 407 1575 428 cum
1598 399 1777 427 exactissime

987 443 1098 477 nuptias
1119 444 1223 477 deﬁnit,
1240 445 1322 478 dicat,
1339 445 1386 473 lib.
1410 453 1491 478 um,
1504 445 1547 473 tit.
1555 435 1608 482 χ
1618 445 1716 481 digest.
1735 446 1748 473 Ι
1768 455 1776 474 ι

988 487 1094 523 Nuptiae
1113 494 1177 517 sunt
1191 490 1350 525 conjunctio
1369 490 1454 518 maris
1473 495 1500 519 et
1522 490 1642 524 feminae,
1660 498 1776 519 consor-

988 535 1055 562 tium
1071 536 1162 563 omnis
1183 536 1255 568 vitae,
1275 536 1362 563 divini
1380 540 1408 564 et
1427 536 1541 564 humani
1564 537 1636 572 juris
1653 544 1778 565 commu-

989 581 1108 608 nicatio:
1124 582 1276 609 secundum
1295 589 1379 616 quam
1395 582 1581 610 deﬁnitionem
1595 590 1644 610 eos
1659 583 1706 617 qui
1720 591 1779 609 ma-

989 627 1119 656 trimonio
1145 627 1358 662 conjuuguntur,
1386 627 1508 662 ejusdem
1547 635 1608 656 esse
1637 628 1777 663 religionis

988 677 1113 708 oportet:
1138 673 1264 707 agnoscit
1283 677 1373 700 tamen
1396 677 1479 707 atque
1501 672 1621 700 admittit
1646 673 1717 700 inter
1730 680 1777 700 or-

989 718 1141 746 thodoxum
1167 722 1250 753 atque
1270 718 1438 750 lmreticum,
1463 718 1680 746 matrimonium.
1707 717 1777 745 Dicit

990 771 1108 798 namque
1122 763 1169 792 lib.
1195 764 1208 791 1
1224 763 1303 797 Cod.,
1324 763 1366 790 tit.
1386 763 1413 794 5.
1438 767 1527 790 const.
1550 763 1595 795 12,
1611 763 1694 798 quod,
1709 763 1779 790 Cum

990 814 1117 845 parentes
1132 809 1249 844 litigant,
1275 809 1366 844 potior
1383 810 1419 836 sit
1438 809 1485 844 qui
1505 809 1606 836 liberos
1629 809 1663 836 ad
1685 809 1780 836 ortho-

993 856 1090 882 doxam
1109 855 1189 882 iidem
1204 855 1341 882 adducere
1359 855 1426 882 vult.
1444 854 1475 881 Et
1499 859 1587 882 const.
1604 854 1639 881 18
1656 853 1780 889 ejusdem

991 897 1031 930 lit,
1045 897 1129 932 quod,
1145 898 1173 925 Si
1185 898 1253 925 alter
1265 898 1410 932 conjugqu
1422 898 1591 926 orthodoxus
1605 899 1652 936 sit,
1669 902 1697 925 et
1711 897 1781 925 alter

991 943 1147 976 luereticus,
1171 944 1272 971 liberos
1294 943 1403 970 illorum
1424 943 1507 978 398
1526 944 1693 971 orthodoxos
1722 944 1780 970 ﬂeri

990 992 1121 1023 oporteat.
1140 988 1172 1015 Et
1187 988 1237 1015 lib.
1254 995 1280 1021 ν,
1295 987 1337 1014 tit.
1354 987 1365 1013 l
1391 991 1479 1014 const.
1498 987 1515 1014 5
1535 995 1542 1014 :
1559 986 1588 1013 Si
1602 994 1703 1021 sponsa
1718 993 1781 1020 pro-

992 1041 1052 1071 pter
1069 1035 1209 1070 religionis
1225 1035 1413 1062 diversitatem
1433 1034 1591 1069 conjugium
1614 1037 1733 1065 recuset,
1757 1032 1780 1060 si

992 1081 1102 1117 quidem
1123 1080 1207 1117 [eam]
1230 1088 1287 1109 rem
1305 1081 1350 1108 illa
1366 1079 1514 1116 praescivit,
1525 1084 1652 1115 parentes
1663 1079 1725 1114 ejus
1739 1082 1780 1105 te,-

993 1132 1110 1156 nentur:
1126 1128 1168 1156 sin
1187 1128 1334 1163 ignoravit,
1346 1132 1392 1155 aut
1408 1131 1554 1162 postquam
1567 1126 1666 1154 arrlias
1697 1125 1780 1161 cepit,

994 1172 1049 1210 [ea]
1064 1180 1108 1201 res
1125 1173 1230 1205 incidit,
1244 1173 1372 1208 simplum
1385 1172 1517 1200 redditur.
1532 1170 1635 1208 [Quod]
1649 1171 1738 1206 ipsum
1756 1175 1783 1197 et

992 1220 1020 1246 in
1036 1227 1137 1255 sponso
1158 1218 1299 1256 [obtinct.]
1317 1218 1412 1246 Const.
1432 1223 1525 1245 autem
1541 1217 1569 1250 6,
1596 1217 1637 1244 tit.
1657 1216 1684 1249 9,
1710 1216 1757 1244 lib.
1774 1223 1782 1242 ι

993 1263 1061 1292 Cod.
1079 1264 1136 1292 ait:
1162 1264 1214 1298 Qui
1238 1264 1412 1292 Christianus
1432 1263 1556 1291 Judaeam
1582 1262 1623 1298 [in
1640 1261 1783 1290 matrimo-

994 1309 1082 1346 nium]
1098 1311 1208 1346 accipit,
1226 1314 1274 1338 aut
1288 1310 1334 1346 qui
1359 1309 1471 1338 Judaeus
1488 1308 1685 1341 Christianam,
1705 1307 1784 1335 adul-

994 1356 1054 1385 terii
1070 1361 1226 1385 accusatur.

1027 1419 1105 1448 CAP.
1127 1419 1200 1447 XIV.
1216 1434 1251 1440 —
1269 1419 1308 1446 De
1331 1419 1462 1446 heretici:
1491 1418 1527 1445 ad
1555 1416 1744 1444 orthodoxiam
1757 1424 1785 1443 se

994 1465 1215 1499 convertentibus,
1240 1469 1266 1492 et
1292 1469 1383 1492 utrum
1399 1464 1426 1490 lii
1438 1464 1465 1490 in
1480 1463 1580 1490 clerum
1606 1461 1712 1489 admitti
1725 1456 1792 1495 pos?

995 1512 1060 1544 sint,
1087 1517 1113 1539 et
1136 1512 1245 1547 quinam
1259 1519 1291 1538 ex
1309 1511 1350 1538 his
1376 1510 1553 1544 baptizentur,
1565 1509 1610 1544 qui
1623 1512 1713 1535 autem
1726 1511 1786 1534 tan-

998 1556 1133 1584 tummodo
1147 1561 1301 1592 ungantur;
1315 1561 1340 1583 et
1368 1554 1439 1590 quod
1454 1560 1590 1581 mansuete
1607 1561 1668 1580 cum
1679 1553 1786 1580 luenti-

994 1604 1032 1631 εἰς
1047 1608 1086 1631 est
1105 1604 1245 1638 agendum,
1261 1603 1293 1630 ob
1313 1610 1384 1636 spem
1397 1601 1586 1629 conversionis.

1163 1658 1277 1686 Concilii
1291 1657 1396 1686 Nicwni
1412 1664 1524 1684 canones
1534 1656 1560 1689 8,
1573 1655 1637 1684 507.

1032 1714 1058 1742 8.
1078 1714 1114 1742 De
1126 1714 1170 1742 his
1186 1713 1232 1748 qui
1248 1720 1278 1741 se
1298 1712 1435 1744 catliaros,
1452 1716 1517 1745 etc.,
1530 1715 1559 1737 ut
1575 1718 1636 1746 pag.
1652 1709 1696 1736 59.

1032 1804 1121 1834 l9.De
1133 1804 1320 1836 Paulianistis,
1337 1808 1402 1837 etc.,
1415 1807 1444 1830 ut
1460 1811 1522 1838 pag.
1543 1802 1606 1830 559.

1168 1859 1282 1887 Concilii
1297 1858 1441 1886 Laodiceni
1455 1865 1540 1885 canon
1556 1857 1580 1890 7,
1595 1857 1622 1884 8.

1034 1915 1060 1942 7.
1076 1914 1130 1943 Eos
1142 1916 1189 1949 qui
1206 1922 1238 1941 cx
1251 1913 1414 1946 hmresibus,
1427 1913 1479 1941 hoc
1493 1917 1535 1941 est
1548 1912 1719 1946 Novatianis,
1731 1912 1789 1940 sive

999 1962 1181 1995 Photinianis,
1194 1962 1235 1989 vel
1244 1960 1488 1989 Tessaradecatitis
1496 1963 1705 1992 convertuntur.
1722 1963 1788 1991 etc.,

999 2013 1027 2036 ut
1045 2017 1107 2043 pag.
1122 2007 1187 2035 625.

1034 2055 1060 2083 8.
1079 2054 1133 2083 Eos
1149 2054 1238 2092 quiali
1250 2060 1345 2081 eorum
1375 2051 1472 2080 haeresi
1487 2052 1535 2087 qui
1556 2051 1678 2087 Phryges
1692 2050 1790 2078 dicun-

999 2107 1053 2136 tur,
1068 2107 1134 2133 etc..
1149 2106 1178 2128 ut
1191 2108 1253 2136 pag.
1270 2100 1332 2127 623.

1063 2155 1146 2192 399
1160 2154 1273 2183 Coucilii
1289 2151 1579 2187 Constantinopolitani
1596 2158 1682 2178 canon
1697 2150 1724 2177 7.

1034 2202 1063 2230 7.
1099 2202 1152 2229 Eos
1177 2200 1224 2236 qui
1262 2204 1342 2228 rectae
1366 2198 1428 2226 ﬁdei
1454 2197 1634 2234 adjiciuntur,
1663 2201 1729 2230 etc.,
1760 2200 1790 2223 ut

1002 2257 1065 2285 pag.
1076 2247 1139 2274 ωδ.

1070 2303 1183 2331 ϐοησὶιϋ
1194 2300 1411 2336 Carthaginensis
1427 2306 1541 2327 canones
1556 2298 1600 2332 L7,
1613 2297 1658 2330 57,
1673 2297 1719 2325 66.

1039 2349 1077 2377 De
1089 2349 1209 2384 parvulis
1221 2348 1266 2383 qui
1285 2347 1354 2381 apud
1372 2345 1530 2374 Donatistae
1545 2344 1676 2378 baptizati
1689 2349 1762 2371 sunt.

1035 2450 1080 2477 £7.
1098 2449 1136 2477 De
1149 2447 1299 2476 Donatistis
1316 2447 1429 2482 placuit,
1443 2450 1474 2474 ut
1487 2445 1665 2474 consulamus
1692 2443 1792 2472 fratres

1002 2500 1029 2522 et
1041 2493 1251 2522 consacerdotes
1269 2497 1376 2520 nostros
1388 2491 1517 2520 Siricium
1534 2489 1790 2525 etSimplicianum,

1001 2545 1067 2572 etc.,
1083 2544 1111 2566 ut
1130 2547 1193 2574 pag.
1208 2538 1272 2566 595.

1032 2593 1066 2622 Ut
1077 2593 1182 2628 parvuli
1195 2593 1265 2628 apud
1282 2592 1438 2620 Donatista:
1469 2591 1598 2625 baptisati
1617 2591 1645 2619 in
1659 2590 1790 2618 catholisa

1004 2640 1123 2668 Ecclesia
1139 2639 1227 2667 clerici
1237 2639 1402 2672 ordinentur,

1039 2730 1085 2759 57.
1106 2730 1182 2758 Unde
1201 2730 1330 2765 quoniam
1349 2729 1622 2770 superiori~concilio
1646 2731 1790 2760 statutum.

1004 2781 1070 2811 etc.,
1083 2781 1111 2804 ιιι
1127 2784 1185 2812 pag.
1205 2776 1267 2804 875.
