1951 3071
196 137 248 170 887

234 195 268 224 Ut
279 203 337 224 cum
353 196 500 224 Donatistis
516 195 608 224 leniter
623 201 729 232 agatur.

231 285 276 313 66.
292 286 393 313 Deinde
415 286 423 302 ¹
449 286 622 321 pertractatis
643 290 670 314 et
691 286 872 314 consideratis
893 286 981 313 omni-

197 332 257 364 bus,
267 340 329 367 quas
344 332 452 360 utilitati
467 332 592 360 Ecclesiae
604 333 750 360 convenire
763 332 845 368 400
856 333 985 360 videban-

196 381 251 408 tur,
263 382 399 405 annuente
407 381 487 411 atque
497 377 660 405 admonente
668 377 771 412 Spiritu
785 377 842 409 Dei,
853 378 984 413 elegimus

196 430 258 449 cum
284 423 442 450 memoratis
457 423 624 456 hominibus,
648 424 773 458 quamvis
797 424 831 451 de
847 424 982 452 Dominici

195 469 318 503 corporis
334 468 436 496 unitate
450 468 571 503 inquieta
587 469 756 497 dissensione
769 469 901 504 praecisis,
917 470 984 497 leni-

196 519 237 542 ter
252 519 279 543 et
293 515 404 550 pacilice
415 523 514 550 agere;
535 519 564 542 ut
576 520 709 550 quantum
727 516 753 542 in
765 515 844 543 nobis
859 520 911 547 est,
924 524 984 543 om-

195 561 277 588 nibus
287 561 333 596 qui
345 569 438 588 eorum
460 562 654 588 communione
680 565 707 588 et
732 561 862 589 societate
885 562 982 589 irretiti

195 611 270 639 sunt,
286 613 332 641 per
350 607 494 634 universas
518 607 675 640 provincias
697 606 845 635 Africanas
872 608 982 642 penitus

193 651 363 683 innotescat.
382 659 463 686 quam
480 651 627 679 miserabili
643 659 736 679 errore
755 652 873 680 devincti
892 658 957 681 sunt
973 663 980 681 :

194 696 235 724 Ne
248 697 326 732 forte,
344 697 415 725 sicut
429 697 498 724 dicit
510 696 669 731 Apostolus.
685 697 764 725 nobis
781 698 808 725 in
827 703 983 726 mansuetu-

191 743 255 770 dinc
271 743 481 778 corripientibus
492 743 600 770 diversa
613 744 771 776 sentientes,
787 747 830 772 det
843 745 899 773 illis
914 745 980 773 Deus

191 788 370 822 paenitentiam
393 787 428 814 ad
444 787 650 822 cognoscendam
668 789 811 822 ueritatem,
826 793 863 816 ’σε
885 791 980 825 resipi-

189 837 266 859 scant
285 833 318 860 de
336 833 436 860 diaboli
458 833 569 867 laqueis,
585 834 711 867 captivati
734 833 767 860 ab
782 835 838 869 ipso
853 837 887 862 ad
898 836 980 870 ipsius

190 877 350 905 uoluntatem
356 878 377 904 '.

343 1016 457 1044 Concilii
470 1015 623 1043 mcumenici
639 1024 665 1043 vr
676 1024 760 1044 canon
772 1016 817 1044 95.

223 1071 267 1099 95.
292 1070 345 1099 Eos
362 1071 409 1106 qui
424 1079 456 1098 ex
469 1071 604 1098 hmreticis
624 1071 657 1098 ad
687 1076 789 1099 rectam
806 1071 885 1099 ﬁdem
901 1079 982 1100 accc.

186 1117 263 1151 dunt,
275 1121 340 1152 etc.,
352 1121 379 1144 ut
390 1124 451 1152 pag.
465 1117 527 1144 626.

419 1171 517 1198 Basilii
536 1179 648 1198 canones
665 1171 691 1204 i,
702 1171 749 1200 47.

223 1219 250 1245 1.
277 1217 357 1251 Quod
384 1217 468 1252 igitur
493 1217 527 1244 ad
548 1216 681 1245 Cutharos
706 1217 833 1252 pertinet,
859 1222 924 1251 etc.,
949 1222 978 1245 ut

185 1273 248 1300 pag.
262 1264 327 1292 866.

220 1310 354 1345 Pepuzeni
373 1317 440 1345 ergo
455 1313 530 1343 sunt,
547 1313 590 1337 etc
605 1329 613 1343 ,
629 1314 658 1336 ut
669 1318 730 1345 pag.
746 1310 808 1338 866.

220 1357 330 1385 Catliari
346 1361 410 1384 sunt
422 1361 449 1384 et
463 1356 525 1391 ipsi,
538 1360 603 1389 etc.,
616 1361 644 1383 ut
661 1365 722 1392 pag.
737 1356 801 1384 867.

220 1404 265 1430 49.
278 1403 424 1430 Encratitze
434 1407 461 1430 et
473 1402 650 1438 Saccophori.
665 1408 729 1435 etc.,
743 1407 773 1430 ut
790 1402 917 1438 pag.466.

222 1448 357 1483 Theophili
371 1456 404 1475 ea:
417 1448 528 1483 epistola
538 1449 572 1474 ad
587 1448 753 1483 Aphyngium
766 1449 924 1484 episcopum.

380 1536 418 1564 De
433 1537 472 1564 his
485 1538 530 1572 qui
538 1537 660 1564 dicuntur
671 1537 792 1565 Cathari.

222 1583 377 1611 Declaravit
389 1583 454 1610 mihi
467 1588 512 1610 tua
527 1584 614 1618 pietas
625 1603 634 1616 ,
665 1583 738 1618 quod
753 1583 863 1617 quidam
879 1583 977 1611 horum

186 1630 233 1666 qui
248 1629 422 1658 seCatharos
438 1629 589 1660 nominant.
607 1629 702 1656 volunt
717 1629 751 1656 ad
765 1628 912 1656 Ecclesiam
930 1636 978 1655 ac-

187 1677 292 1705 cedere.
307 1676 442 1710 Quoniam
456 1683 522 1710 ergo
542 1682 639 1710 magna
659 1675 790 1710 synodus,
806 1683 867 1710 qum
880 1674 976 1702 Nicmze

189 1721 279 1749 habita
298 1725 339 1748 est
363 1728 378 1748 a
399 1721 502 1748 sanctis
526 1719 652 1747 Patribus
675 1720 792 1752 nostris,
817 1720 926 1752 statuit,
947 1725 977 1747 ut

187 1768 348 1795 ordinentur
363 1767 409 1802 qui
424 1766 555 1795 accedunt
571 1786 580 1798 ,
597 1765 664 1793 velis
677 1765 753 1800 juxta
771 1766 842 1793 hanc
858 1766 973 1793 formam

186 1818 234 1839 eos
257 1811 305 1847 qui
326 1811 360 1838 ad
386 1811 536 1838 Ecclesiam
557 1810 686 1837 accedere
708 1810 802 1838 volunt
825 1811 974 1842 ordinare,

187 1856 210 1884 si
226 1856 336 1891 quidem
350 1855 405 1882 vita
418 1862 512 1883 eorum
529 1859 603 1882 recta
617 1859 658 1882 cst
669 1874 678 1887 ,
694 1859 722 1882 et
740 1855 808 1883 nihil
825 1856 864 1884 eis
878 1856 975 1883 adver-

187 1904 273 1928 satur.

221 1946 300 1982 501
315 1946 467 1973 Concilium
485 1945 612 1982 Cypriani
633 1946 816 1982 [temporibus
834 1945 973 1982 habitum]

186 1993 293 2026 statuit,
312 1997 341 2020 ut
361 1993 520 2028 quicunque
547 1993 690 2021 haereticus
715 1993 749 2020 ad
773 1998 875 2020 rectam
892 1993 971 2020 iidem

185 2040 304 2072 devenit,
326 2039 500 2075 baptizetur:
522 2040 714 2068 haereticorum
733 2038 888 2075 [lotionem]
913 2046 967 2067 non

185 2091 248 2112 esse
267 2084 434 2120 baptismum
451 2084 557 2112 dicens.

222 2148 298 2176 CAP.
315 2148 375 2177 XV.
391 2164 426 2169 ——
441 2148 502 2175 Non
517 2152 635 2183 oportere
651 2147 684 2174 ab
697 2148 824 2182 episcopis
838 2147 878 2175 vel
895 2147 974 2175 cleri-

186 2196 224 2222 cis
239 2195 336 2222 donari
363 2203 390 2222 re
411 2195 514 2228 aliqua,
529 2194 568 2222 vel
584 2195 689 2222 heredes
704 2199 749 2221 aut
764 2195 905 2229 legatarios
931 2195 973 2221 in-

187 2242 262 2270 stitui
275 2242 422 2273 lum-elisos,
445 2241 552 2268 etiamsi
569 2241 620 2267 sint
638 2248 726 2267 eorum
741 2240 891 2275 propinqui.

290 2287 401 2315 Concilii
417 2287 633 2321 Cartlmginensis
643 2295 756 2315 canones
776 2286 820 2318 2‘2,
836 2287 881 2315 81.

226 2334 259 2362 Ut
272 2334 384 2369 episcopi
399 2334 437 2361 vel
449 2334 548 2366 clerici,
562 2339 628 2366 etc.,
642 2338 669 2360 ut
684 2343 743 2369 pag.
762 2334 822 2361 8‘27.

222 2426 268 2454 Ἡ.
282 2426 316 2454 Et
329 2431 358 2454 ut
369 2426 395 2454 in
408 2433 455 2453 eos
467 2425 514 2460 qui
530 2424 667 2458 catholici,
683 2429 783 2457 etc.,ut
802 2433 864 2459 pag.
881 2423 944 2451 827.

221 2530 258 2557 De
277 2528 405 2564 episcopis
430 2527 476 2563 qui
502 2527 637 2554 liwretiros
668 2525 706 2552 vel
730 2533 846 2561 paganos
863 2526 976 2553 Iiazredes

185 2577 193 2603 i
197 2575 336 2602 nstituam.

220 2630 250 2658 8i
259 2651 265 2657 .
279 2629 345 2656 Item
357 2629 458 2664 p.acuit
469 2633 498 2656 ut
509 2629 531 2656 si
543 2628 606 2663 quis
615 2628 759 2662 episcopus
769 2627 899 2661 ltzeredes,
909 2632 975 2661 etc.,

187 2684 216 2704 ut
231 2685 291 2712 pag.
308 2675 372 2703 827.

224 2724 294 2758 Lege
310 2730 370 2757 quae
383 2722 508 2750 adnotata
529 2726 592 2749 sunt
613 2722 639 2747 in
657 2728 716 2754 cap.
742 2720 768 2753 8,
782 2721 822 2747 tit.
848 2721 881 2748 10
906 2728 976 2756 prae-

185 2769 271 2798 sentis
285 2770 386 2805 operis.

225 2849 327 2876 ‘Conc.
346 2847 430 2878 Afris.
443 2848 487 2876 55.
500 2844 535 2872 ἸΙ
551 2846 621 2874 Tim.
637 2853 664 2879 ιι,
681 2847 725 2878 25,
739 2846 780 2872 26.

774 138 906 169 ΡΗΟΤΙΙ
922 139 1175 171 ΡΑΤΗΙΑΒΕΗᾸΞ
1194 141 1248 171 CP.

997 196 1024 227 Δ
1070 199 1141 232 Περὶ
1165 199 1218 226 τοῦ
1238 198 1313 233 μετὰ
1336 197 1396 224 τῶν
1426 196 1613 224 Δονατιστῶν
1635 196 1735 231 πράως
1761 196 1827 224 δια-

1774 141 1828 174 888

1035 244 1216 279 πράξασθαι.

1072 290 1124 324 Eg’.
1136 292 1214 318 Μετὰ
1225 290 1311 318 ταῦτα
1320 289 1534 326 ψηλαφηθέντων
1545 290 1592 317 καὶ
1603 290 1826 326 κατανοηθέντων

1034 337 1154 370 πάντων,
1160 337 1213 364 τῶν
1219 337 1251 372 τῇ
1258 336 1471 370 ὲκκλησιαστικῇ
1478 336 1659 371 χρησιμότητι
1668 335 1826 371 συντρέχειν

1034 383 1193 416 δοκούντων,
1201 382 1391 411 ἐπινεύσαντος
1399 382 1447 409 καὶ
1457 382 1538 418 ὲνηχή
1543 391 1637 413 σαν-τος
1645 382 1691 409 τοῦ
1700 381 1770 409 Πνεύ
1774 390 1827 417 μα-

1034 438 1079 461 τος
1089 429 1136 456 τοῦ
1150 429 1228 462 Θεοῦ,
1243 427 1429 463 ἐπελεξάμεθα
1440 428 1528 463 ἠπίως
1544 428 1590 454 καὶ
1605 429 1750 464 είρηνικῶς
1765 428 1826 454 δια-

1034 475 1190 510 πράξασθαι
1219 475 1288 510 μετὰ
1312 474 1366 501 τῶν
1394 474 1636 509 μνημονευθέντων
1661 473 1824 509 ἀνθρώπων,

1034 521 1085 548 κᾶν
1099 521 1123 548 ει
1138 520 1172 547 τὰ
1198 520 1314 555 μάλιστα
1337 521 1370 546 ὲκ
1396 519 1447 554 τῆς
1472 519 1519 546 τοῦ
1536 519 1676 554 Κυριακοῦ
1699 519 1825 554 σώματος

1034 566 1156 598 ἐνώσεως
1167 566 1346 601 ἀνησυχάστῳ
1359 565 1479 600 διχονοίᾳ
1492 565 1676 600 ἀποσχίζωσιν
1685 573 1692 581 ·
1708 565 1752 592 ἵνα
1764 565 1826 591 ὅσον

1033 611 1063 638 τὸ
1081 612 1110 637 ὲν
1132 612 1209 645 ἡμῖν,
1235 611 1302 637 πᾶσι
1328 609 1442 636 καθόλου
1457 608 1567 644 γνωσθῇ
1591 610 1647 639 τοῖς
1661 610 1694 644 τῇ
1714 608 1826 635 ἐκείνων

1032 657 1161 692 κοινωνίᾳ
1183 658 1229 684 καὶ
1246 657 1355 692 ἑταιρίᾳ
1374 655 1583 691 σαγηνευθεῖσιν
1603 655 1655 681 ἀνὰ
1673 655 1761 686 πάσας
1775 654 1826 686 τὰς

1032 704 1082 738 τῆς
1099 702 1234 738 Ἀφρικῆς
1247 702 1392 736 ἐπαρχίας,
1411 700 1470 732 πῶς
1492 700 1596 735 ὲλεεινῇ
1613 700 1701 735 πλάνῃ
1717 699 1826 726 κατεδέ-

1033 750 1137 785 οησανο
1153 749 1247 781 Ἴσως,
1271 747 1361 779 καθὼς
1380 746 1455 780 λέγει
1475 747 1489 773 ό
1511 745 1682 778 Ἀπόστολος,
1702 744 1781 779 ἡμῶν
1796 745 1827 770 ἐν

1032 795 1183 830 ἡμερότητι
1204 794 1376 827 συναγόντων
1391 793 1454 823 τοὺς
1467 791 1502 818 τὰ
1516 791 1631 826 διάφορα
1646 789 1825 826 φρονοῦντας,

994 864 1017 893 Β
1032 839 1120 866 δώσει
1140 838 1243 871 αὐτοῖς
1264 839 1281 865 ό
1302 837 1374 870 Θεὸς
1390 836 1549 871 μετάνοιαν
1565 836 1640 869 πρὸς
1652 835 1686 861 τὸ
1700 834 1827 869 ἐπιγνῶ-

1125 884 1131 893 1
1187 885 1194 893 9
1207 886 1216 893 ι
1229 883 1267 893 In.
1290 891 1302 893 _
1318 892 1321 893 ν
1376 883 1400 893 _.\
1432 882 1547 893 1......“1
1560 883 1647 893 1ιε......
1666 881 1691 893 ,νῐ
1715 880 1746 893 Δ-.
1766 879 1827 893 _.".--

1033 894 1082 914 ναι
1102 884 1160 918 τὴν
1178 883 1333 917 ἀλήθειαν,
1351 883 1401 909 καὶ
1425 882 1647 916 ἀνασφήλωσιν
1663 881 1691 907 οἱ
1712 880 1747 907 ἐκ
1766 879 1828 906 τῶν

1031 932 1084 959 τοῦ
1098 931 1240 958 διαϐόλου
1252 930 1374 965 βρόχων
1386 927 1676 964 αἰχμαλωτισθέντες
1687 925 1769 959 αὐτῷ
1781 927 1825 958 εις

1032 977 1065 1005 τὸ
1079 975 1174 1003 αὑτοῦ
1187 975 1312 1009 θέλημα.

1110 1021 1246 1050 Συνόδου
1258 1019 1467 1056 οὶκουμενικῆς
1482 1019 1572 1053 ἕκτης
1587 1018 1686 1045 κανὼν
1701 1017 1752 1051 ιε’.

1066 1077 1118 1111 ῑιε¹.
1132 1077 1202 1109 Τοὺς
1219 1076 1449 1112 προστιθεμένους
1463 1075 1497 1110 τῆ
1513 1072 1662 1110 ὀρθοδοξίᾳ,
1675 1081 1702 1100 κ.
1715 1080 1738 1100 τ.
1753 1072 1779 1099 λ.

1230 1175 1392 1203 Βασιλείσυ
1406 1173 1507 1201 κανὼν
1521 1171 1555 1205 α’,
1573 1171 1626 1207 μζ¹.

1077 1227 1112 1251 α’.
1142 1222 1180 1249 Τὸ
1207 1221 1256 1257 μὲν
1280 1218 1327 1247 οὖν
1353 1220 1418 1255 περὶ
1437 1219 1500 1251 τοὺς
1526 1217 1670 1254 Καθαροὺς
1694 1216 1824 1252 ζήτημα,

1032 1279 1060 1297 κ.
1075 1278 1101 1296 τ.
1118 1269 1142 1296 1.

1068 1315 1100 1342 Oi.
1116 1314 1204 1342 τοίνυν
1219 1313 1400 1348 Πεπουζηνοὶ,
1415 1321 1442 1339 κ.
1454 1321 1480 1339 τ.
1494 1312 1519 1338 1.

1069 1361 1100 1387 Οἱ
1115 1360 1143 1387 δὲ
1159 1359 1281 1395 Καθαροί.
1296 1360 1343 1386 καὶ
1355 1358 1442 1391 αὐτοὶ,
1455 1367 1483 1385 κ.
1494 1366 1519 1383 τ.
1531 1357 1556 1385 1.

1070 1406 1123 1440 μθ¹.
1150 1405 1324 1441 Ἐγκρατϊται
1344 1405 1391 1430 καὶ
1406 1403 1586 1438 Σακκοφόροι,
1603 1411 1630 1429 κ.
1643 1411 1668 1428 τ.
1680 1402 1706 1428 λ.

1069 1452 1217 1486 Θεοφίλου
1239 1452 1274 1478 ἐκ
1294 1450 1350 1485 τῆς
1373 1451 1446 1484 πρὸς
1467 1449 1627 1484 Ἀφύτγιον
1653 1447 1826 1474 ἐπίσκοπον

1032 1497 1207 1532 ἐπιστολῆς,

1186 1544 1255 1579 Περὶ
1271 1543 1329 1570 τῶν
1343 1543 1513 1578 λεγομένων
1529 1541 1680 1576 Καθαρῶν.

1067 1590 1206 1626 Δεδὴλωκέ
1224 1599 1268 1625 μοι
1282 1591 1298 1625 ἡ
1316 1590 1349 1625 σὴ
1364 1589 1501 1621 εὐλάϐεια,
1517 1588 1554 1620 ὥς
1570 1596 1641 1619 τινες
1655 1587 1708 1613 τῶν
1723 1587 1827 1621 ὀνομα-

1031 1637 1130 1669 ζόντων
1146 1637 1260 1668 ἑαυτοὺς
1277 1636 1422 1671 Καθαροὺς
1439 1635 1599 1671 προσελθεῖν
1623 1634 1765 1668 βούλονται
1789 1634 1825 1668 τῇ

1036 1682 1184 1718 Ἐκκλησία
1195 1690 1201 1698 ο
1218 1681 1312 1717 ἐπειδὴ
1323 1681 1413 1707 τοίνυν
1428 1682 1444 1715 ὴ
1465 1680 1570 1716 μεγάλη
1585 1679 1703 1711 σύνοδος,
1716 1679 1732 1713 ἡ
1744 1686 1827 1712 γενο-

1032 1728 1099 1763 μένη
1116 1729 1144 1754 ὲν
1157 1727 1259 1762 Νικαίᾳ
1272 1726 1349 1761 παρὰ
1361 1726 1415 1752 τῶν
1430 1726 1574 1761 μακαρίων
1589 1725 1720 1760 Πατέρων
1731 1724 1826 1760 ἡμῶν,

1029 1773 1127 1808 ὥρισεν
1151 1772 1220 1799 ὥστε
1246 1771 1458 1808 χειροτονεῖσθαι
1484 1771 1548 1802 τοὺς
1574 1771 1826 1806 προσερχομένους,

1029 1819 1143 1854 Θέλησον
1158 1818 1228 1845 κατὰ
1240 1818 1285 1844 τὸν
1298 1817 1383 1844 τύπον
1393 1817 1487 1844 τοῦτον
1502 1817 1565 1848 τοὺς
1582 1816 1723 1848 ἐθέλοντας
1736 1824 1827 1852 προσ-

1029 1864 1158 1899 έρχεσθαι
1173 1865 1206 1899 τῇ
1223 1863 1373 1899 Ἐκκλησία
1390 1863 1563 1898 χειροτονεῖν,
1579 1862 1604 1888 εἰ
1619 1871 1651 1895 γε
1667 1862 1680 1888 ὁ
1696 1861 1752 1896 βίος
1770 1862 1827 1888 αὐ-

1028 1910 1082 1937 τῶν
1097 1910 1176 1945 ὀρθός
1193 1910 1262 1942 ἐστι,
1280 1910 1328 1936 καὶ
1343 1909 1426 1944 μηδὲν
1440 1908 1543 1935 τούτων
1561 1908 1722 1935 ἀντίκειται.

1070 1956 1102 1982 Ἦ
1114 1956 1184 1982 κατὰ
1198 1954 1355 1991 Κυπριανδν
1369 1955 1477 1986 σύνοδος
1491 1955 1580 1982 πάντα.
1593 1953 1731 1989 αἱρετικὸν
1745 1953 1826 1988 €916-

1032 2011 1111 2038 μενον
1127 2004 1167 2034 εἰς
1180 2002 1335 2037 ὀρθοδοξίαν
1350 2001 1436 2037 ὁρίζει
1452 2001 1641 2036 βαπτίζεσθαι,
1658 2001 1778 2035 λέγουσα
1791 1999 1826 2026 τὸ

1028 2048 1083 2076 ’τῶν
1096 2048 1241 2085 αἱρετικῶν
1260 2048 1298 2084 μὴ
1314 2046 1383 2075 εἶναι
1400 2047 1553 2083 βάπτισμα.

1065 2157 1189 2184 ΚΕΦΑΛ.
1207 2157 1257 2184 IE’.
1268 2172 1303 2177 ——-
1312 2157 1382 2191 Περὶ
1397 2157 1449 2184 τοῦ
1460 2157 1535 2192 μήτε
1550 2157 1736 2191 ἐπισκόπους
1744 2157 1825 2191 μήτε

1029 2202 1193 2237 κληρικοὺς
1216 2202 1382 2236 δωρεῖσθαι,
1412 2203 1430 2237 ἢ
1455 2203 1489 2230 ἑν
1510 2203 1637 2238 διαθήκῃ
1656 2203 1773 2229 διδόναι
1793 2211 1825 2229 τι

1029 2248 1196 2283 αἱρετικοῖς,
1211 2248 1270 2275 κᾶν
1281 2246 1357 2275 ὦσιν
1370 2248 1469 2275 αὐτῶν
1482 2249 1649 2284 συγγενεῖς.

1116 2293 1252 2320 Συνόδου
1269 2293 1479 2327 Καρθαγέννης
1493 2293 1593 2320 κανὼν
1607 2292 1659 2328 κβ¹,
1675 2293 1730 2320 ποί.

1066 2339 1155 2367 Ὥστε
1176 2338 1245 2372 τοὺς
1271 2339 1456 2372 ἐπισκόπους
1483 2339 1533 2366 καὶ
1555 2338 1621 2371 τοὺς
1646 2340 1823 2373 κληρικοὺς,

1029 2395 1057 2414 κ.
1074 2395 1100 2413 τ.
1115 2386 1140 2414 λ.

1065 2431 1117 2468 κβ⁹.
1136 2431 1229 2467 Μηδὲν
1243 2430 1287 2458 διὰ
1310 2430 1414 2467 δωρεάς
1439 2431 1493 2459 τῶν
1510 2431 1617 2458 οἰκείων
1634 2432 1823 2468 πραγμάτων,

1028 2488 1056 2506 κ.
1073 2488 1098 2506 τ.
1114 2478 1139 2506 1.

1065 2533 1135 2567 Περὶ
1156 2533 1331 2560 ἐπισκόπων
1352 2533 1413 2560 τῶν
1433 2533 1600 2568 αΙρετικοὺς
1622 2533 1641 2567 ἢ
1664 2533 1826 2567 Ἕλληνας

1030 2579 1236 2613 κληρονόμους
1255 2579 1551 2613 κατωιμπανὼτων.

1065 2635 1118 2660 πω.
1156 2633 1271 2668 Ὁμοίως
1296 2633 1412 2669 ὡρίσθη,
1444 2634 1486 2660 ἵνα
1511 2634 1559 2661 ἐάν
1586 2643 1628 2665 τις
1657 2633 1824 2666 ἐπίσκοπος,

1027 2677 1210 2713 κληρονόμους
1224 2680 1376 2713 συγγενεῖς,
1393 2688 1418 2706 κ.
1434 2688 1459 2705 τ.
1472 2679 1496 2705 λ.

1065 2724 1213 2759 Ἀνάγνωθι
1239 2725 1274 2751 τὰ
1298 2725 1556 2761 παραγεγραμμένα
1587 2726 1616 2752 ὲν
1640 2725 1679 2762 τῷ
1704 2724 1728 2762 η’
1752 2734 1822 2759 κεφ,

1026 2768 1071 2796 τοῦ
1087 2768 1102 2796 ι’
1119 2770 1169 2797 τίτ.
1184 2769 1231 2796 τοῦ
1250 2770 1380 2806 παρόντος
1399 2771 1599 2806 συντάγματος.
